3992 6170
324 275 428 330 315

1377 265 1431 322 S.
1475 262 1734 322 ADONIS
1770 263 2206 324 ARCHIEPISC.
2246 261 2664 323 VIENNENSIS

3607 264 3716 324 316

323 397 608 475 plurimos
629 392 899 465 militum,
917 393 1014 467 qui
1040 395 1274 454 beatum
1294 393 1645 466 Stephanum
1669 393 1964 466 punirent.
1995 392 2050 452 A
2076 405 2206 449 cum
2238 406 2308 448 eo
2324 409 2336 446 :
2352 393 2512 448 Unus
2542 395 2654 462 est,
2676 387 2886 461 inquit,
2903 387 3174 446 dominus
3197 389 3544 461 Stephanus,
3568 405 3598 447 a
3617 393 3718 449 Ju-

325 487 432 556 Qui
461 484 766 544 venientes
795 486 1143 544 invenerunt
1189 485 1538 543 sacriﬁcium
1569 487 1686 542 Deo
1721 485 1966 542 offeren-

324 581 460 635 tem.
496 576 675 644 Quem
710 575 1063 647 intrepidum
1097 578 1154 630 et
1195 579 1560 632 constantem
1593 579 1727 631 ante
1760 575 1966 632 altaris

323 665 628 735 solemnia,
658 668 718 720 et
749 667 938 736 coepta
970 662 1390 734 perﬁcientem,
1425 661 1483 718 in
1509 662 1714 718 eodem
1746 661 1876 719 loco
1907 662 1964 718 in

325 770 428 814 sua
451 753 891 812 decollaverunt
914 750 1053 808 sede
1073 753 1182 809 sub
1201 751 1293 808 die
1307 766 1362 808 IV
1375 752 1666 809 Nonarum
1683 754 1969 821 Augusta-

326 859 474 902 rum.
512 843 688 913 Cujus
718 856 934 914 corpus
964 840 1278 898 Christiani
1300 840 1501 912 populi
1525 839 1886 912 sepelierunt
1909 841 1966 897 in

325 933 527 988 eadem
550 935 753 1002 crypta
773 945 902 986 cum
921 929 1044 1002 ipsa
1067 929 1225 999 sede,
1243 929 1340 986 ubi
1361 934 1562 986 astans
1583 927 1821 999 sanguis
1843 927 1969 998 ejus

325 1020 547 1079 effusus
575 1023 666 1076 est
699 1020 755 1075 in
789 1019 938 1086 loco,
975 1019 1071 1090 qui
1114 1018 1446 1090 appellatur
1488 1017 1662 1074 hodie
1700 1022 1970 1075 coemete-

328 1110 478 1168 rium
511 1107 756 1166 Callisti.
792 1107 953 1164 Sedit
985 1111 1177 1164 autem
1203 1107 1258 1162 in
1292 1108 1638 1180 episcopatu
1669 1122 1852 1165 annos
1883 1121 1971 1164 se-

328 1203 508 1271 ptem,
543 1212 776 1254 menses
823 1196 1098 1268 quinque,
1135 1186 1262 1252 dies
1301 1197 1468 1253 duos.

400 1287 614 1344 Eodem
648 1287 760 1356 die,
789 1285 982 1342 natale
1014 1286 1066 1340 S.
1103 1285 1414 1342 Theodotze
1447 1300 1576 1342 cum
1610 1285 1803 1343 tribus
1834 1285 1971 1344 ﬁliis

329 1377 453 1436 suis
471 1377 525 1432 in
545 1375 844 1448 provincia
869 1375 1150 1445 Bithyniae
1171 1375 1316 1431 urbe
1335 1375 1544 1444 Nicaea,
1561 1378 1825 1446 tempore
1843 1375 1974 1430 Dio-

329 1465 588 1535 cletiani,
614 1465 723 1522 sub
745 1464 1042 1521 consulari
1065 1464 1268 1520 Niceto
1309 1467 1366 1518 et
1408 1463 1622 1520 comite
1663 1463 1966 1520 Leocadio.

329 1555 438 1622 Qui
468 1555 614 1610 hanc
644 1567 748 1624 per
778 1552 996 1608 multos
1029 1552 1154 1608 dies
1186 1551 1600 1608 blandimentis
1641 1557 1698 1606 et
1733 1552 1974 1608 terrori-

257 1701 276 1712 ,
333 1643 442 1700 bus
469 1656 680 1712 cogere
708 1640 896 1697 voluit
939 1644 1002 1696 ut
1034 1640 1160 1709 ejus
1181 1640 1452 1710 conjugio
1475 1644 1832 1697 necteretur.
1863 1641 1968 1697 Sed

2075 482 2219 538 daeis
2235 496 2342 553 pro
2365 479 2476 536 ﬁde
2497 479 2713 536 Christi
2728 478 3147 550 Hierosolymis
3165 478 3458 550 lapidibus
3475 494 3718 552 oppres-

2075 586 2178 628 sus
2199 570 2519 635 torrentis;
2547 569 2832 640 jussuque
2859 569 3234 625 sacerdotum
3271 567 3516 625 relictus
3546 574 3719 626 extra

2075 665 2326 734 portam,
2350 659 2440 715 via
2475 673 2602 729 quae
2627 659 2806 714 mittit
2833 658 3036 728 Cedar,
3068 657 3275 714 bestiis
3297 672 3365 715 ac
3391 657 3597 716 avibus
3619 658 3720 714 de-

2076 749 2390 807 vorandus.
2427 748 2536 804 Sed
2567 749 2675 803 hoc
2707 748 2940 804 omnino
2971 745 3272 818 prohibuit
3304 745 3403 802 ille
3434 747 3526 804 cui
3579 746 3722 804 illze-

2077 854 2197 897 sam
2232 839 2382 895 idem
2416 841 2636 908 martyr
2669 837 2838 894 ﬁdem
2877 835 3152 894 servavit.
3180 835 3304 902 Quo
3363 837 3538 907 facto,
3563 851 3724 893 rare-

2079 933 2276 986 scentc
2305 929 2636 986 Judaaorum
2683 925 2948 998 perﬁdia,
2982 939 3312 982 convocans
3351 925 3533 982 ascivi
3580 925 3724 982 mihi

2080 1019 2489 1090 religiosorum
2520 1018 2778 1074 virorum
2813 1017 3064 1086 turbam,
3082 1019 3551 1085 conventumque
3583 1013 3727 1070 ﬁde-

2079 1109 2240 1179 lium,
2274 1123 2340 1164 ac
2390 1106 2695 1164 blandiens
2737 1104 3127 1175 suadensque,
3161 1103 3372 1161 affatus
3416 1118 3542 1160 sum
3589 1102 3675 1160 ita
3711 1122 3723 1158 :

2081 1199 2339 1255 Obsecro
2368 1211 2492 1267 vos,
2522 1199 2734 1252 fratres
2763 1193 3112 1263 charissimi,
3147 1199 3210 1250 ut
3242 1193 3526 1250 neminem
3561 1207 3730 1250 reve-

2082 1286 2343 1357 reamini,
2378 1285 2726 1356 colligentes
2770 1287 3034 1340 sanctum
3081 1281 3292 1354 pignus
3323 1282 3382 1336 B.
3419 1281 3726 1354 Stephani,

2081 1379 2307 1435 deferte
2336 1373 2554 1433 villulae
2585 1379 2824 1444 nostrae,
2861 1387 3030 1444 quam
3064 1371 3295 1428 nomine
3325 1385 3433 1428 suo
3465 1371 3733 1428 nomina-

2012 1520 2020 1528 .
2081 1472 2246 1523 verat
2276 1463 2748 1537 Caphargamala,
2777 1476 2903 1534 quae
2925 1461 3208 1531 vigesimo
3240 1461 3498 1517 secundo
3527 1459 3730 1532 lapide

2082 1559 2154 1614 ab
2205 1557 2349 1613 urbe
2383 1551 2779 1622 Hierosolyma
2832 1551 3035 1621 distat,
3079 1555 3138 1606 et
3191 1564 3350 1606 more
3401 1549 3602 1620 solito,
3635 1565 3736 1606 so-

2083 1645 2257 1702 lemni
2310 1658 2440 1701 cum
2490 1644 2693 1699 funere
2745 1639 3008 1712 sepelite.
3047 1637 3212 1705 Quod
3253 1643 3310 1693 et
3354 1639 3568 1695 factum
3609 1643 3728 1694 est.

330 1745 460 1788 cum
491 1733 690 1787 sancta
725 1729 932 1786 femina
977 1728 1140 1786 nullo
1180 1729 1351 1785 modo
1397 1729 1778 1799 consentiret,
1815 1731 1971 1786 ferro
2000 1751 2054 1811 Β
2092 1735 2190 1792 [ue
2220 1748 2361 1790 vero
2395 1732 2489 1804 qui
2515 1731 2688 1802 hujus
2719 1727 3102 1798 locellojacet
3124 1728 3456 1798 contiguus,
3484 1728 3611 1800 ipse
3631 1732 3734 1784 est
3765 1747 3772 1752 δ

331 1819 585 1876 vinctam
609 1833 738 1876 cum
763 1817 900 1874 ﬁliis
919 1817 1214 1874 consulari
1240 1817 1520 1888 Bithyniae
1544 1817 1770 1873 Nicetio
1793 1817 1972 1874 desti-

332 1908 511 1965 navit.
549 1910 618 1964 At
651 1907 749 1963 ille
798 1907 977 1963 ﬁlium
1027 1907 1154 1976 ejus
1184 1907 1636 1978 primogenitum
1667 1906 1969 1977 Evodium,

333 1996 627 2054 Christum
653 1994 1004 2053 ﬁducialiter
1027 1995 1423 2065 confitentem,
1442 1995 1496 2050 in
1516 1999 1836 2065 conspectu
1860 2009 1976 2051 ma-

331 2084 444 2143 tris
475 2085 612 2142 fecit
647 2085 904 2143 fustibus
934 2085 1100 2143 caedi.
1139 2085 1240 2142 Cui
1273 2088 1460 2141 mater
1501 2085 1592 2156 pia
1635 2083 1922 2140 clamabat
1959 2102 1970 2138 :

333 2173 483 2244 Noli,
520 2173 620 2244 ﬁli,
657 2175 864 2230 timere
895 2174 1006 2232 ista
1059 2175 1336 2254 verbera;
1385 2189 1490 2246 per
1541 2174 1662 2244 ipsa
1711 2173 1862 2229 enim
1903 2173 1974 2228 ad

333 2267 554 2320 aeterna
589 2263 777 2319 Chrisi
825 2263 1035 2332 gaudia
1085 2263 1408 2334 pertingcs.
1443 2265 1597 2320 Tunc
1647 2262 1976 2319 consularis

333 2351 598 2408 Nicetius
622 2350 800 2420 jussit
845 2352 1074 2408 cuidam
1117 2353 1372 2422 Hirtaco,
1417 2357 1482 2408 ut
1533 2350 1976 2422 apprehendens

335 2440 564 2496 beatam
594 2440 948 2509 Theodoten,
984 2439 1150 2510 prius
1179 2439 1262 2495 illi
1297 2439 1602 2504 illuderet;
1629 2444 1686 2494 et
1719 2443 1978 2510 postmo-

335 2529 472 2586 dum
505 2528 658 2584 inter
686 2527 954 2600 publicas
983 2529 1326 2585 meretrices
1356 2528 1767 2585 constitueret.
1795 2527 1974 2594 Quam

335 2617 435 2674 ille
465 2617 669 2675 volens
700 2623 922 2689 tenere,
956 2617 1026 2674 de
1071 2618 1312 2676 naribus
1352 2617 1480 2689 ejus
1521 2618 1698 2690 coepit
1739 2617 1978 2687 sanguis

334 2707 711 2764 vehementer
730 2708 984 2765 efﬂuere.
1002 2707 1108 2776 Qui
1127 2707 1384 2765 clamans
1409 2707 1554 2764 dixit
1578 2707 1804 2764 Nicetio
1823 2726 1834 2761 :
1851 2707 1977 2761 Stat
2048 2712 2054 2720 ‘

328 2797 641 2868 juxtaeam
655 2796 888 2868 juvenis
906 2797 1170 2869 pulcher,
1187 2797 1410 2854 auratis
1428 2797 1695 2853 vestibus
1714 2796 1973 2864 indutus,

333 2898 405 2941 ex
438 2884 607 2956 cujus
638 2899 809 2942 manu
834 2900 1088 2958 pugnum
1113 2885 1310 2956 accepi
1337 2885 1392 2940 in
1417 2885 1673 2942 naribus.
1703 2881 1979 2940 Consula-

333 2974 417 3030 ris
445 2987 587 3044 ergo
618 2973 880 3032 Nicetius
895 2974 1074 3045 jussit
1098 2975 1288 3045 ignem
1309 2975 1611 3046 copiosum
1634 2971 1893 3040 accendi,
1918 2974 1976 3026 et

2081 1824 2432 1882 Nicodemus
2450 1835 2632 1891 nepos
2652 1833 2834 1888 meus,
2853 1817 2948 1888 qui
2970 1822 3034 1873 ut
3058 1820 3468 1873 renasceretur
3484 1831 3556 1872 ex
3575 1830 3736 1888 aqua

2082 1920 2141 1972 et
2173 1911 2394 1986 Spiritu
2427 1913 2629 1966 sancto
2659 1923 2690 1964 a
2723 1907 3024 1962 Salvatore
3068 1905 3322 1971 audivit;
3358 1904 3454 1976 qui
3485 1920 3516 1962 a
3545 1906 3737 1961 Petro

2085 2019 2220 2060 mox
2249 2005 2310 2058 et
2330 2003 2550 2056 Joanne
2581 2001 2672 2054 est
2697 1995 3050 2067 baptizatus.
3076 1995 3189 2050 Pro
3213 2009 3326 2064 quo
3349 1993 3736 2064 postmodum

2087 2089 2371 2162 indignati
2411 2086 2710 2160 principes
2737 2083 3132 2153 sacerdotum,
3159 2083 3464 2140 subtracto
3484 2082 3536 2137 ei
3568 2082 3742 2154 prin-

2083 2182 2316 2253 cipatus
2363 2177 2606 2246 honore,
2641 2175 3004 2232 conabantur
3053 2185 3185 2228 eum
3237 2171 3474 2228 tradere
3525 2171 3736 2226 morti.

2085 2270 2196 2326 Sed
2220 2267 2407 2325 nostri
2429 2265 2617 2336 gratia
2647 2266 2982 2333 nostraeque
3009 2259 3618 2332 propinquitatisjure
3640 2275 3740 2315 re-

2088 2356 2297 2432 pressi,
2332 2370 2444 2412 non
2478 2355 2759 2410 fecerunt.
2788 2355 3194 2408 Verumtamen
3226 2349 3535 2421 expulsum
3568 2349 3742 2405 foras

2089 2448 2314 2516 urbem,
2361 2443 2732 2515 diripuerunt
2795 2455 3021 2497 omnem
3089 2437 3514 2510 supellectilem
3574 2438 3737 2507 ejus,

2089 2535 2407 2606 multisque
2471 2531 2792 2588 adicientes
2834 2528 3020 2602 plagis
3089 2527 3431 2585 semivivum
3475 2525 3742 2598 relique-

2088 2629 2244 2682 runt.
2263 2625 2382 2694 Ego
2409 2621 2678 2678 nimirum
2711 2623 2770 2675 et
2796 2619 2950 2675 hunc
2970 2616 3203 2688 collegi,
3227 2621 3286 2672 et
3318 2631 3518 2673 curam
3543 2615 3598 2671 ei
3631 2615 3742 2672 ad-

2087 2712 2276 2770 hiberi
2303 2709 2574 2784 praecepi.
2594 2709 2701 2774 Qui
2718 2707 3016 2780 paululum
3032 2707 3140 2763 fuit
3155 2705 3395 2762 instanti
3420 2709 3742 2776 superstes

2087 2803 2227 2872 vita,
2261 2801 2332 2858 ad
2365 2803 2626 2872 Optatam
2657 2801 2716 2854 et
2758 2797 2883 2868 ipse
2920 2795 3176 2866 quietem
3209 2793 3476 2864 migravit
3505 2809 3520 2859 ;
3555 2807 3737 2864 quem

2087 2890 2368 2948 exhibitis
2390 2888 2612 2946 funeris
2635 2884 2952 2956 exsequiis,
2977 2883 3046 2940 ad
3071 2881 3526 2954 protomartyris
3548 2881 3741 2953 pedes

2081 2979 2259 3051 jussit
2283 2978 2517 3034 tradere
2538 2975 2878 3048 sepulturae.
2900 2973 3005 3028 Ille
3026 2977 3220 3029 autem
3243 2970 3477 3038 tertius,
3495 2985 3602 3040 qui
3621 2985 3742 3026 me-

335 3063 562 3120 beatam
593 3061 929 3117 Theodoten
963 3077 1094 3118 cum
1125 3063 1318 3118 tribus
1363 3063 1500 3118 ﬁliis
1547 3061 1671 3117 suis
1718 3059 1971 3116 immitti.
2007 3103 2058 3166 Ο
2085 3084 2216 3126 cum
2231 3065 2566 3138 quiescendi
2590 3063 2851 3135 possidet
2869 3060 3325 3132 locum,ipseest
3341 3056 3743 3115 Abibasﬁlius

334 3150 473 3218 Quas
493 3149 716 3219 gratias
738 3150 1000 3206 referens
1023 3151 1159 3220 Deo,
1177 3150 1410 3206 dicebat
1437 3168 1448 3204 :
1476 3149 1853 3205 Benedictum
1877 3162 1977 3203 no-

337 3252 465 3294 men
497 3237 740 3310 pietatis
771 3241 908 3309 tuae,
942 3238 1202 3310 Domine,
1237 3239 1336 3309 qui
1369 3254 1455 3296 me
1486 3253 1590 3296 nec
1635 3239 1692 3294 in
1725 3238 1840 3295 isto
1873 3252 1978 3295 sm-

335 3325 470 3384 culo
500 3341 531 3383 a
564 3325 700 3384 ﬁliis
733 3326 876 3383 meis
909 3327 1220 3398 separasti,
1245 3341 1350 3383 nec
1373 3327 1427 3382 in
1454 3327 1538 3384 tui
1564 3328 1813 3385 nominis
1844 3342 1978 3385 con-

339 3414 591 3471 fessione
622 3413 875 3484 disjungi
904 3429 1115 3484 passus
1145 3429 1228 3484 es,
1257 3430 1362 3472 nec
1393 3416 1447 3471 in
1483 3417 1762 3487 martyrio
1795 3417 1976 3476 dividi

334 3501 678 3573 permisisti.
713 3502 1120 3560 Consummata
1149 3506 1241 3560 est
1265 3503 1446 3574 igitur
1467 3519 1596 3560 cum
1623 3505 1814 3562 tribus
1844 3505 1979 3560 ﬁliis

335 3588 463 3648 suis
509 3593 708 3646 sancta
757 3590 1072 3662 Theodota,
1125 3592 1232 3648 sub
1283 3591 1376 3648 die
1427 3596 1636 3664 quarto
1688 3595 1976 3650 Nonarum

336 3678 750 3749 Augustarum.

735 3787 796 3844 E.
845 3789 920 3844 IlI
971 3787 1208 3846 NONAS
1256 3790 1573 3846 AUGUSTI.

405 4019 436 4047 ι
463 4008 904 4078 Hierosolymis,
929 4009 1190 4065 inventio
1211 4011 1481 4082 corporis
1510 4013 1833 4070 beatissimi
1857 4014 1983 4071 Ste-

337 4095 511 4168 phani
544 4097 1020 4167 protomartyris,
1045 4102 1103 4152 et
1137 4102 1472 4155 sanctorum
1507 4100 1856 4169 Gamalielis,
1891 4102 1983 4157 Ni-

339 4183 588 4255 codemi,
623 4187 681 4240 et
717 4183 967 4255 Abibon,
1003 4185 1156 4242 sicut
1191 4186 1513 4244 revelatum
1545 4193 1636 4245 est
1677 4205 1708 4245 a
1739 4191 1982 4248 Domino

343 4273 516 4330 beato
547 4274 896 4346 presbytero
928 4275 1198 4348 Luciano,
1225 4277 1476 4348 septimo
1509 4279 1746 4336 Honorii
1771 4280 1985 4351 princi-

341 4361 433 4434 pis
450 4376 618 4420 anno.
636 4363 774 4420 Nam
795 4362 929 4420 dum
951 4364 1282 4434 queisceret
1307 4366 1363 4422 in
1389 4367 1628 4426 basilica
1648 4369 1982 4440 baptisterii

343 4450 400 4506 in
430 4453 622 4508 stratu
647 4465 774 4522 suo,
801 4451 894 4508 die
921 4456 1087 4510 sexta
1111 4454 1253 4511 feria
1277 4455 1678 4528 illucescente,
1703 4459 1860 4516 circa
1883 4461 1984 4516 ho-
2011 4456 2063 4516 D

345 4553 464 4596 ram
497 4539 731 4596 tertiam
765 4541 975 4613 noctis,
1010 4543 1146 4600 dum
1197 4545 1386 4602 adhuc
1425 4548 1825 4618 pervigilaret,
1861 4553 1986 4606 tan-

345 4642 514 4700 quam
536 4629 592 4686 in
608 4644 852 4688 excessu
873 4633 1084 4689 mentis
1105 4633 1370 4706 effectus,
1388 4635 1531 4692 vidit
1553 4637 1739 4694 virum
1765 4652 1980 4709 senem,

343 4721 571 4776 statura
603 4734 934 4793 procerum,
969 4722 1134 4780 vultu
1178 4723 1476 4796 decorum,
1510 4725 1738 4796 prolixa
1781 4727 1980 4796 barba,

343 4807 398 4864 in
431 4809 654 4867 vestitu
685 4810 955 4882 candido,
991 4812 1266 4869 amictum
1297 4813 1496 4885 pallio,
1530 4814 1588 4868 in
1620 4813 1790 4884 cujus
1833 4829 1986 4871 sum-

343 4897 650 4956 mitatibus
680 4902 848 4955 erant
878 4902 1154 4970 tanquam
1185 4915 1378 4959 aureae
1411 4915 1620 4958 cruces
1658 4905 1982 4970 contextae;

343 4985 666 5044 calceatum
697 4985 924 5058 caligis,
951 4986 1008 5042 in
1039 4989 1350 5059 superﬁcie
1384 4990 1702 5060 deauratis,
1729 4996 1788 5047 et
1814 5005 1984 5049 manu

344 5074 581 5131 tenebat
614 5075 834 5148 virgam
865 5090 1120 5146 auream,
1147 5077 1218 5134 de
1249 5093 1360 5148 qua
1390 5083 1637 5149 tangens
1657 5094 1808 5150 eum,
1836 5080 1985 5136 dixit

345 5173 408 5216 se
425 5173 557 5218 esse
577 5163 969 5236 Gamalielem,
987 5165 1083 5236 qui
1103 5166 1349 5222 nutrivit
1367 5166 1700 5238 apostolum
1720 5169 1981 5242 Paulum,

344 5251 405 5306 et
427 5247 580 5305 inter
602 5251 713 5310 alia
737 5255 884 5312 dixit
902 5256 956 5313 ei
984 5274 996 5311 :
1017 5255 1246 5312 Summa
1268 5269 1398 5312 cum
1423 5255 1725 5327 diligentia
1751 5263 1986 5316 nostros

349 5336 667 5408 patefacito
697 5342 975 5414 tumulos,
1002 5344 1134 5416 quia
1168 5342 1510 5401 indecenter
1541 5345 1822 5417 despecto
1855 5345 1986 5403 loco

349 5425 639 5484 reconditi
673 5440 894 5486 sumus.
930 5433 998 5488 Et
1029 5447 1159 5491 cum
1188 5433 1634 5504 interrogasset,
1663 5435 1759 5506 qui
1789 5438 1986 5491 essent

421 5559 449 5590 ι
478 5550 731 5610 Gennad.
777 5551 850 5610 de
881 5554 998 5612 Vir.
1046 5556 1260 5615 illustr.
1305 5573 1433 5632 cap.
1471 5563 1556 5618 46.

2088 3170 2272 3226 meus,
2307 3155 2406 3226 qui
2437 3167 2660 3210 mecum
2698 3151 2934 3206 Christo
2965 3151 3122 3218 Jesu,
3155 3147 3496 3220 vigesimum
3549 3161 3741 3217 agens

2085 3259 2296 3302 annum
2323 3243 2519 3300 atatis
2549 3255 2690 3310 suae,
2724 3255 2835 3297 una
2867 3237 3138 3308 credidit,
3163 3240 3221 3292 et
3245 3251 3277 3293 a
3299 3235 3563 3308 praefatis
3593 3251 3743 3306 apo-

2087 3333 2259 3390 stolis
2275 3331 2480 3389 aaterni
2495 3330 2674 3387 fontis
2689 3329 2840 3386 unda
2854 3327 3146 3400 perfusus.
3163 3327 3238 3396 Is,
3257 3324 3390 3382 dum
3404 3328 3564 3381 esset
3579 3323 3742 3397 legis

2088 3421 2354 3480 doctrina
2411 3418 2580 3491 plene
2610 3417 2900 3486 eruditus,
2953 3413 3173 3486 templo
3221 3413 3322 3469 Dei
3371 3427 3500 3470 cum
3552 3413 3748 3472 Paulo

2088 3510 2295 3568 sedulo
2323 3523 2557 3578 vacans,
2592 3505 2784 3564 divina
2819 3501 3153 3560 meditando
3185 3506 3499 3574 praecepta,
3525 3501 3601 3559 ab
3638 3503 3750 3560 illo

2088 3599 2362 3671 vitio,cui
2384 3613 2446 3654 se
2479 3611 2664 3668 genus
2696 3593 2941 3650 maxime
2965 3589 3746 3664 subderesolethumanum,

2089 3688 2457 3762 protectione
2489 3689 2692 3743 tuente
2725 3695 2998 3754 superna,
3022 3679 3254 3738 exstitit
3287 3679 3437 3736 liber
3459 3681 3518 3734 et
3541 3678 3600 3736 in
3623 3678 3752 3738 hoc

2089 3777 2386 3836 castitatis
2409 3773 2716 3848 proposito
2735 3769 3004 3845 pausavit
3025 3769 3083 3824 in
3105 3781 3422 3840 pace;cum
3441 3767 3665 3839 quibus
3686 3773 3749 3825 et

2089 3882 2200 3940 ego
2227 3867 2412 3937 jaceo.
2447 3862 2668 3934 Conjux
2699 3873 2932 3932 quoque
2970 3872 3093 3914 mea
3127 3857 3332 3928 Ethna,
3365 3860 3424 3912 et
3457 3854 3752 3913 Selemias

2091 3953 2520 4030 primogenitus
2542 3953 2764 4017 noster,
2791 3945 3060 4005 nolentes
3081 3945 3325 4002 credere
3356 3943 3612 4014 Christo,
3636 3944 3748 4001 sed

2091 4042 2394 4114 religionis
2425 4039 2635 4096 unitati
2661 4036 2869 4108 etﬁﬁdei
2885 4035 3256 4106 derogantes.
3279 4033 3334 4088 in
3357 4031 3750 4105 possessione

2093 4129 2559 4204 Capharselemia
2581 4129 2717 4184 sunt
2741 4123 3033 4182 tumulati.
3061 4125 3474 4192 Veruntamen,
3492 4135 3610 4192 quo
3633 4137 3752 4179 nos

2093 4221 2340 4294 repositi
2371 4233 2573 4276 sumus
2601 4231 2732 4274 cum
2765 4213 2966 4270 fodere
2997 4210 3265 4284 casperis,
3300 4211 3503 4267 inanes
3531 4223 3746 4266 eorum

2094 4309 2356 4383 reperies
2379 4305 2658 4375 tumulos,
2685 4303 2819 4376 quia
2849 4301 3150 4358 nobiscum
3176 4314 3289 4357 non
3317 4300 3552 4356 fuerunt
3577 4297 3748 4370 digni

2095 4397 2392 4458 tumulari.
2413 4397 2668 4466 Cumque
2687 4390 3038 4450 venerabilis
3063 4389 3370 4460 presbyter
3393 4385 3750 4460 praedictum

2097 4491 2285 4548 virum
2311 4485 2718 4544 sciscitaretur
2743 4501 2754 4536 :
2780 4479 2886 4537 Ubi
2901 4493 3025 4548 vos,
3045 4478 3334 4548 inquiens,
3352 4475 3746 4544 inveniemus,

2093 4577 2378 4638 Domine?
2409 4575 2490 4632 ait
2525 4573 2623 4629 ille
2657 4591 2670 4626 :
2706 4573 2767 4626 In
2791 4567 2982 4640 agello
3007 4571 3233 4636 nostro,
3256 4565 3354 4636 qui
3379 4563 3614 4634 Syriace
3637 4563 3752 4619 De-

2093 4665 2470 4740 lamgabrica,
2507 4675 2729 4718 necnon
2761 4655 3128 4714 Debatthalia
3159 4657 3425 4723 vocatur,
3447 4651 3504 4708 id
3534 4655 3629 4708 est
3660 4651 3752 4707 vi-

2096 4772 2292 4816 rorum
2315 4753 2416 4811 Dei
2439 4765 2542 4808 seu
2568 4751 2872 4806 beatorum
2896 4743 3215 4818 possessio.
3234 4742 3372 4809 Quae
3389 4741 3538 4798 visio
3550 4741 3752 4797 consi-

2095 4846 2250 4903 milis
2279 4843 2332 4900 ei
2358 4842 2570 4897 iterum
2593 4838 2924 4906 iterumque
2946 4831 3238 4905 apparuit.
3266 4830 3522 4900 Surgens
3541 4833 3748 4886 autem

2094 4930 2450 4992 venerabilis
2476 4927 2810 5000 presbyter,
2842 4923 3105 4997 perrexit
3139 4921 3196 4976 in
3227 4919 3528 4977 civitatem
3548 4917 3622 4974 ad
3644 4931 3750 4975 an-

2094 5022 2345 5080 tistitem
2389 5021 2686 5087 Joannem,
2721 5015 2791 5072 de
2833 5028 2947 5085 quo
2998 5025 3100 5084 per
3147 5009 3430 5066 visionem
3481 5005 3750 5063 monitus

2095 5113 2304 5169 fuerat.
2324 5109 2580 5178 Cumque
2593 5104 2698 5175 illi,
2715 5103 2993 5173 cleroque
3010 5099 3136 5170 ejus
3153 5095 3552 5171 particulatim
3567 5093 3752 5151 visio-

2097 5201 2186 5258 nis
2209 5198 2420 5256 seriem
2444 5194 2768 5263 retulisset,
2786 5190 2884 5247 ille
2908 5188 3180 5260 lacrymis
3198 5201 3317 5260 prae
3335 5183 3550 5257 gaudio
3570 5182 3745 5252 fusis,

2099 5285 2396 5348 benedixit
2441 5283 2772 5347 Dominum;
2806 5294 2986 5352 reque
3018 5275 3309 5335 veraciter
3349 5277 3412 5331 ut
3448 5276 3589 5348 erat
3637 5285 3749 5344 per

2094 5377 2282 5436 omnia
2298 5369 3164 5446 comperta,beatusepisc0pus
3177 5365 3286 5422 sub
3307 5361 3460 5420 omni
3475 5359 3751 5435 celerita-

2097 5471 2155 5524 te
2185 5466 2256 5524 ad
2282 5465 2494 5524 fratres
2506 5465 2563 5520 et
2579 5459 2964 5533 coepiscopos
2977 5455 3298 5513 vicinarum
3313 5449 3543 5509 urbium
3559 5447 3745 5505 misit.

2099 5557 2205 5624 Qui
2236 5570 2366 5614 cum
2391 5552 2810 5616 occurrissent,
2825 5554 2884 5606 et
2899 5547 3086 5604 locum
3103 5543 3515 5616 prasignatum
3541 5538 3750 5594 fodere
