3992 6170
247 340 348 393 317

952 335 1555 397 MARTYROLOGIUM
1596 339 1737 398 CUM
1777 342 2304 401 ADDITAMENTIS.
2335 374 2405 386 —
2431 342 2635 402 MENS.
2667 375 2737 387 —
2764 344 2926 403 AUG.

3538 351 3641 404 318

244 457 578 530 coepissent,
597 462 773 516 terraa
795 462 955 517 motu
979 461 1179 518 statim
1202 463 1374 535 facto,
1394 465 1657 539 immensi
1680 468 1879 525 odoris
1909 470 1964 530 A
1995 470 2153 527 davit
2186 472 2297 530 hoc
2323 471 2535 529 factum
2558 469 2866 528 Valeriano
2889 474 3150 543 tyranno.
3170 471 3272 529 Cui
3294 472 3639 534 Valerianus

244 546 501 604 suavitas
532 550 695 605 tanta
726 547 938 605 exinde
970 565 1240 628 respersa
1265 557 1376 624 est,
1407 560 1678 626 quantam
1703 557 1887 615 nullo-

244 650 366 693 rum
397 640 546 693 aetas
598 637 887 694 hominum
941 643 1079 697 tunc
1129 642 1407 714 temporis
1448 647 1792 703 meminerat
1822 662 1884 704 se

245 725 498 783 sensisse
526 744 539 789 ;
565 727 644 783 ita
672 732 1103 799 utputarentse
1129 735 1519 802 praesentesin
1544 736 1883 793 amoenitate

242 814 493 886 paradisi
508 814 676 871 sitos.
696 816 765 870 Et
787 816 841 871 in
866 816 1006 875 hora
1031 820 1102 875 de
1125 822 1435 878 suavitatis
1454 824 1633 881 odore
1652 829 1881 897 septua-

241 904 396 973 ginta
424 910 545 960 tres
572 905 777 962 animae
815 915 949 964 sunt
983 914 1204 967 curata;
1239 927 1266 966 a
1303 912 1551 970 diversis
1584 915 1884 972 infirmita-

245 993 415 1048 tibus.
453 993 712 1049 Aderant
744 1000 883 1052 tunc
912 999 1200 1069 temporis
1232 1004 1417 1058 testes
1444 1002 1878 1076 miraculorum,

244 1095 368 1139 cum
401 1082 573 1137 beato
592 1084 832 1155 Joanne,
858 1088 1196 1146 Eustomius
1227 1090 1602 1163 Sehastenus,
1626 1097 1687 1149 et
1718 1094 1883 1151 Eleu-

246 1170 465 1226 therius
508 1172 905 1233 Jericontinus
962 1178 1290 1249 pontifices,
1345 1196 1474 1237 cum
1532 1182 1879 1241 clericorum

246 1259 607 1317 sanctissimo
625 1264 928 1322 comitatu.
946 1266 1052 1333 Qui
1072 1269 1410 1327 osculantes
1429 1271 1583 1328 beati
1605 1274 1878 1345 Stephani

243 1348 463 1419 pignus,
482 1348 793 1422 locumque
807 1354 1169 1423 claudentes,
1187 1374 1315 1415 cum
1330 1361 1544 1430 gaudio
1558 1362 1626 1418 ad
1644 1364 1878 1434 propria

243 1442 370 1493 sunt
399 1440 645 1496 reversi.
684 1443 822 1498 Post
844 1459 1061 1515 paucos
1085 1451 1277 1504 autem
1302 1450 1427 1506 dies
1449 1465 1663 1522 corpus
1686 1455 1881 1522 proto-

242 1527 508 1595 martyris
525 1528 804 1600 Stephani
825 1532 880 1587 in
901 1534 1035 1589 Sion
1061 1536 1130 1591 ad
1155 1542 1412 1594 sanctam
1433 1540 1761 1610 ecclesiam,
1781 1542 1878 1598 ubi

242 1614 685 1675 archidiaconus
711 1620 899 1677 fuerat
923 1624 1249 1694 ordinatus,
1267 1643 1343 1682 vn
1367 1628 1604 1683 Kalend.
1621 1631 1877 1686 Januarii

243 1717 357 1759 cum
390 1704 641 1774 psalmis
672 1712 732 1763 et
763 1710 990 1779 hymnis
1022 1713 1381 1771 detulerunt.
1407 1718 1563 1773 Tunc
1598 1719 1879 1788 temporis

1997 562 2383 632 remandavit,
2402 566 2485 629 ut,
2503 562 2636 619 data
2661 561 2974 631 sententia,
2992 561 3119 631 ejus
3142 566 3315 634 caput
3340 562 3641 621 abscinde.

1996 655 2179 707 retur.
2208 653 2363 709 Tunc
2387 652 2683 723 Sapricius
2714 652 3045 723 depositum
3081 652 3152 707 de
3184 652 3432 723 equuleo
3457 653 3634 723 jussit

1996 740 2129 797 duci
2162 740 2251 796 via
2288 742 2485 796 Latina
2521 742 2574 796 in
2611 741 2868 798 secundo
2901 739 3192 809 milliario,
3221 747 3278 795 et
3304 742 3517 797 ibidem
3541 743 3641 799 de-

1994 828 2218 886 collari.
2244 830 2421 898 Cujus
2434 846 2572 902 corp
2584 846 2649 887 us
2664 832 2715 886 S.
2736 830 3064 902 Stephanus
3081 830 3338 902 pontifex
3353 829 3637 901 colligens

1993 932 2123 975 cum
2156 919 2409 990 clericis,
2444 924 2502 976 et
2546 920 2771 991 hymnis
2814 920 3065 976 redditis
3104 922 3221 976 Deo
3263 920 3534 992 sepelivit
3577 921 3631 975 in

1993 1009 2195 1066 eodem
2230 1010 2381 1080 loco,
2416 1010 2471 1065 in
2505 1014 2707 1081 crypta
2742 1009 3041 1079 Arenaria,
3077 1009 3335 1066 secundo
3370 1008 3491 1064 Kal.
3529 1011 3639 1066 Au-

1992 1099 2170 1169 gusti.
2198 1100 2304 1155 Ubi
2334 1115 2624 1156 concurus
2657 1098 2936 1156 solemnis
2968 1100 3027 1153 fit
3055 1105 3111 1154 11
3144 1100 3335 1155 Nonas
3367 1099 3633 1168 Augusti.

2067 1188 2229 1260 Apud
2256 1190 2616 1260 Lugdunum,
2645 1189 2934 1245 adventus
2965 1187 3235 1259 corporis
3268 1188 3455 1244 sancti
3484 1188 3637 1245 Justi

1990 1278 2252 1350 episcopi
2284 1278 2354 1334 de
2384 1293 2597 1334 eremo.
2627 1277 2731 1342 Qui
2758 1293 2886 1334 cum
2912 1276 3133 1347 aliquot
3158 1277 3324 1333 annis
3355 1277 3411 1333 in
3442 1292 3637 1334 eremo

1991 1367 2214 1435 angelis
2245 1368 2565 1437 proximam
2598 1367 2819 1435 egisset
2852 1366 3027 1423 vitam
3061 1370 3120 1421 et
3151 1366 3361 1434 dignus
3400 1366 3637 1423 adesset

1993 1456 2124 1511 ﬁnis
2156 1456 2338 1512 tantis
2372 1456 2693 1526 laboribus,
2733 1470 2971 1524 regnum
3006 1454 3294 1510 scandens
3333 1454 3634 1525 caelorum,

1993 1545 2164 1601 beato
2186 1545 2350 1601 lucro
2368 1546 2708 1617 promeruit.
2730 1546 2908 1615 Cujus
2930 1549 3194 1601 sanctum
3220 1542 3633 1614 corpusculum

1990 1634 2410 1691 venerabilium
2426 1635 2635 1691 civium
2654 1635 2915 1705 Lugduni
2936 1633 3097 1690 urbis
3111 1648 3249 1689 cura
3267 1632 3635 1704 requisitum,

1989 1738 2018 1779 a
2044 1723 2282 1780 remotis
2305 1727 2480 1780 terra)
2506 1725 2772 1795 partibus
2807 1739 2935 1779 cum
2975 1722 3282 1780 alacritate
3315 1724 3373 1777 et
3407 1720 3638 1791 religio-

241 1806 354 1848 cum
387 1794 636 1888 prolixm
667 1797 955 1888 siccitatis
985 1807 1143 1857 esset
1180 1803 1557 1873 immensitas,
1585 1807 1878 1863 suﬁlciens
1906 1828 1959 1888 Β
1993 1827 2061 1868 ne
2086 1794 2625 1883 reportavit,atque
2650 1814 2704 1867 in
2732 1814 2874 1868 urbe
2898 1809 3628 1882 sacerdotiisuiscpelivit.

242 1895 503 1952 supernae
546 1884 785 1954 pietatis
826 1888 1016 1959 pluvia
1061 1891 1385 1961 descendit,
1423 1910 1549 1964 quae
1580 1896 1875 1953 sitientem

243 1967 451 2040 largius
488 1975 703 2029 terram
738 1976 1127 2035 madefaciens
1150 1981 1434 2051 irrigavit.
1463 1985 1623 2050 Quod
1652 1986 1877 2041 meritis

244 2058 696 2147 beatiimartyris
727 2065 1002 2137 Stephani
1034 2068 1231 2147 nullus
1253 2072 1495 2141 ambigit
1519 2074 1875 2144 periclitanti

243 2146 444 2218 populo
469 2164 811 2210 concessum
838 2155 1036 2212 fuisse.
1064 2146 1219 2214 Hanc
1244 2160 1656 2219 rcvelationem
1681 2165 1877 2221 Lucia-

243 2250 335 2292 uus
363 2239 685 2310 presbyter
720 2244 918 2301 Graeco
942 2260 1207 2302 sermone
1232 2249 1301 2303 ad
1326 2251 1579 2307 omnium
1602 2254 1877 2310 ecclesia-

242 2339 350 2413 rum
380 2341 700 2398 personam
734 2332 1067 2405 descripsit,
1104 2351 1273 2405 quam
1308 2339 1513 2395 Avitus
1545 2342 1870 2413 presbyter,

240 2411 395 2471 homo
427 2416 744 2489 Hispanus,
772 2421 827 2476 in
861 2422 1121 2480 Latinum
1153 2426 1353 2494 vertit,
1379 2431 1439 2482 et
1472 2443 1574 2500 per
1607 2411 1874 2488 Orosium

243 2504 639 2575 presbyterum
665 2508 1142 2569 Occidentalibus
1164 2514 1356 2581 dedit;
1384 2518 1480 2587 qui
1505 2518 1677 2574 etiam
1702 2520 1872 2577 simul

242 2591 514 2664 reliquias
549 2597 703 2653 beati
738 2599 1014 2670 Stephani
1048 2603 1270 2672 primus
1303 2606 1604 2663 Occidenti
1637 2610 1870 2679 detulit,

243 2682 328 2739 ubi
359 2684 430 2740 ad
468 2687 780 2743 memorias
830 2689 881 2742 8.
921 2692 1195 2761 martyris
1246 2694 1543 2752 innumera
1594 2698 1873 2757 miracula

241 2771 380 2828 facta
414 2779 571 2829 sunt.
599 2776 676 2831 De
707 2777 922 2847 quibus
954 2779 1201 2850 plurima
1227 2782 1432 2840 beatus
1465 2787 1825 2856 Augustinus
1847 2800 1874 2829 α

239 2859 294 2914 in
326 2860 495 2917 libris
525 2863 593 2919 de
624 2864 873 2943 Civitate
915 2869 1014 2924 Dei
1048 2875 1349 2927 memorat.

304 2949 825 3024 Constantinopoli,
844 2956 1055 3014 natalis
1070 2961 1257 3015 sancti
1279 2963 1550 3019 Hermelii
1576 2970 1866 3037 martyris.

550 3059 608 3113 F.
663 3061 901 3119 PRIDIE
947 3066 1182 3122 NONAS
1231 3070 1546 3127 AUGUSTI.

923 3155 981 3223 (4
1011 3156 1189 3227 Aug-1

306 3236 531 3295 Natalis
576 3239 731 3296 beati
774 3240 1119 3315 Aristarchi,
1154 3244 1427 3317 discipuli
1478 3252 1664 3307 sancti
1706 3253 1868 3310 Pauli

237 3328 498 3398 apostoli.

293 3416 320 3454 δ
338 3418 482 3474 Item
507 3418 704 3474 Romae
727 3417 781 3473 in
806 3424 1009 3491 crypta
1035 3422 1332 3493 Arenaria,
1351 3426 1543 3483 natale
1565 3429 1866 3487 Tertullini

240 3507 524 3578 martyris,
541 3521 713 3576 quem
744 3508 953 3565 beatus
976 3510 1236 3580 pontifex
1259 3512 1588 3584 Stephanus
1614 3518 1870 3589 baptiza-

238 3593 328 3664 vit,
342 3598 397 3650 et
411 3596 472 3651 in
488 3596 643 3651 albis
658 3598 1062 3667 presbyterum
1079 3603 1469 3671 consecravit,
1487 3605 1579 3660 cui
1597 3606 1750 3662 inter
1761 3622 1868 3664 cm-

238 3685 347 3740 tera
363 3684 609 3753 monita,
628 3685 923 3756 praecipue
938 3690 1396 3745 commendavit:
1415 3693 1635 3757 Frater,
1654 3696 1863 3768 inquit,

234 3784 356 3828 cura
388 3774 469 3829 sit
504 3772 611 3829 tibi
644 3773 1010 3832 diversorum
1046 3778 1348 3847 requirere
1373 3786 1706 3840 sanctorum
1740 3800 1868 3841 cor-

186 3914 197 3921 ,
234 3875 358 3931 pora
385 3865 733 3933 martyrum.
762 3863 867 3929 Qui
894 3868 1025 3935 post
1061 3866 1297 3923 biduum
1329 3869 1715 3928 ordinationis
1746 3888 1865 3930 suae

234 3952 416 4006 tentus
437 3966 470 4007 a
500 3953 691 4008 Marco
716 3954 1381 4026 pr:efecto,eductusest
1404 3958 1472 4013 ad
1500 3959 1864 4020 Valerianum

233 4036 653 4110 imperatorem.
691 4041 870 4107 Quem
896 4043 992 4100 ille
1015 4051 1320 4102 extensum
1344 4050 1584 4105 mactari
1612 4050 1866 4111 fustibus

225 4124 406 4195 jussit.
427 4131 689 4201 Cumque
716 4130 891 4203 impie
914 4133 1261 4207 caaderetur,
1279 4136 1567 4194 clamabat
1596 4158 1608 4193 :
1636 4140 1864 4200 Gratias

231 4229 324 4286 ago
353 4219 484 4288 tibi,
513 4219 751 4275 Domine
771 4221 907 4277 Jesu
933 4222 1180 4292 Christe,
1208 4224 1303 4294 qui
1329 4240 1417 4281 me
1442 4242 1549 4282 non
1576 4232 1862 4299 separasti

228 4320 254 4360 a
284 4306 517 4364 domino
544 4322 673 4364 meo
696 4308 959 4380 Olympio
983 4325 1152 4367 servo
1178 4316 1296 4383 tuo,
1324 4315 1419 4384 qui
1444 4331 1533 4371 me
1559 4321 1859 4387 praecessit

228 4396 500 4467 martyrio
514 4400 1200 4470 consummato.Cumque
1216 4401 1369 4457 inter
1382 4405 1573 4461 caedes
1589 4405 1695 4463 hoc
1710 4407 1863 4464 dice-

230 4485 524 4555 ret,jussit
556 4484 900 4542 Valerianus
924 4486 1208 4546 lateribus
1230 4490 1356 4559 ejus
1376 4492 1561 4562 ignem
1587 4498 1856 4568 supponi.

228 4574 474 4646 Cumque
490 4573 666 4631 laetus
679 4578 738 4630 et
752 4578 1029 4632 constans
1044 4592 1353 4649 persevera
1364 4584 1471 4651 ret,
1491 4582 1861 4656 diceretque:

228 4661 346 4731 Fac,
379 4663 581 4734 miser,
611 4664 766 4735 quod
801 4665 942 4721 facis
972 4666 1224 4724 celerius
1251 4672 1310 4724 ut
1334 4684 1422 4726 me
1447 4672 1517 4726 de
1540 4671 1650 4728 hoc
1672 4673 1864 4731 incen-

228 4749 331 4820 dio,
349 4750 490 4809 licet
506 4756 1095 4825 peccatorem,tamen
1114 4772 1218 4828 pro
1232 4758 1359 4829 ejus
1374 4760 1865 4829 nomine,Christo

230 4838 430 4897 offeras
460 4842 847 4905 sacrificium;
878 4844 1056 4915 jussit
1086 4846 1429 4905 Valerianus
1460 4849 1678 4906 elevari
1711 4867 1860 4923 eum,

224 4930 275 4981 et
308 4931 459 4986 tradi
495 4933 777 5003 praefecto
807 4934 1066 5005 Saprico.
1103 4936 1210 5002 Qui
1243 4939 1427 5009 primo
1450 4939 1629 5009 jussit
1652 4957 1717 4998 os
1739 4942 1865 5013 ejus

226 5012 513 5102 lapidibus
536 5024 939 5095 conquassari,
958 5024 1169 5083 deinde
1192 5027 1427 5083 extendi
1453 5044 1582 5085 eum
1608 5030 1665 5086 in
1687 5012 1866 5102 equu-

224 5101 326 5170 leo,
354 5112 414 5163 ct
442 5110 640 5167 nervis
671 5112 895 5170 diutius
928 5115 1215 5185 torqueri,
1244 5116 1453 5173 deinde
1476 5118 1709 5188 ignibus
1731 5101 1866 5177 con-

222 5196 485 5281 cremari.
504 5199 762 5271 Cumque
780 5209 1250 5275 perseveranter,
1269 5206 1521 5277 Spiritus
1536 5210 1723 5267 sancti
1736 5225 1866 5281 gra-

223 5279 295 5338 tia
325 5286 667 5359 roboratus,
704 5290 998 5349 Christum
1028 5294 1334 5352 Dominum
1371 5296 1674 5369 fateretur,
1710 5279 1865 5356 man-

285 5404 313 5433 ³
343 5399 551 5481 Exstat
602 5407 740 5481 tom.
778 5407 858 5481 Χ.
896 5409 949 5481 8.
1007 5410 1149 5481 Aug.
1205 5410 1489 5481 Sigebert.
1545 5412 1600 5467 in
1652 5413 1857 5470 Chron.

224 5476 312 5555 an;
339 5473 477 5555 iis.
515 5476 957 5555 Aug._de_Ci_vit
990 5473 1333 5555 Dei'l.ixxvrr,
1368 5496 1428 5555 c._
1453 5486 1504 5539 8.

283 5537 311 5575 δ
339 5540 486 5598 Vide
517 5537 716 5604 tibide
748 5551 905 5605 Fest.
933 5552 1136 5624 Apost.
1166 5537 1387 5608 nexae
1415 5537 1474 5609 in
1502 5554 1629 5610 Vita
1660 5554 1856 5627 Steph.

222 5620 400 5678 papa.
437 5616 472 5667 2
503 5617 643 5687 Aug.

2464 1920 2524 1973 G.
2580 1920 2791 1974 NONIS
2842 1920 3156 1974 AUGUSTI.

2685 2012 2743 2071 (5
2774 2008 2952 2079 Aug.)

2058 2123 2082 2151 ο
2112 2116 2277 2186 Apud
2312 2114 2664 2186 provinciam
2698 2114 2959 2183 Rhaetiaz,
2993 2113 3235 2169 civitate
3270 2113 3631 2181 Augustana,

1987 2202 2200 2259 natalis
2233 2204 2285 2257 8.
2323 2204 2473 2259 Afrae
2505 2203 2798 2273 martyris.
2827 2202 2964 2268 Quae
2996 2216 3126 2258 cum
3150 2205 3309 2257 esset
3333 2214 3550 2269 pagana
3574 2202 3635 2255 et

1987 2292 2288 2362 meretrix,
2324 2308 2429 2363 per
2479 2292 2805 2348 doctrinam
2855 2292 2908 2345 S.
2945 2289 3199 2346 Narcissi
3251 2287 3512 2360 episcopi
3562 2288 3634 2343 ad

1988 2380 2156 2437 fidem
2188 2395 2491 2451 conversa,
2526 2386 2583 2435 et
2618 2396 2745 2435 cum
2777 2379 2929 2439 omni
2963 2379 3131 2434 domo
3163 2392 3266 2433 sua
3310 2375 3625 2448 baptizata,

1987 2485 2093 2542 pro
2125 2469 2493 2526 confessione
2539 2469 2760 2525 Domini
2804 2469 2921 2538 igni
2969 2467 3179 2522 tradita
3230 2469 3341 2521 est.

2059 2558 2484 2629 Augustoduni,
2510 2557 2722 2614 natalis
2754 2559 2808 2613 S.
2839 2555 3097 2613 Cassiani
3128 2553 3409 2625 episcopi.

2394 2668 2456 2720 A.
2510 2666 2632 2720 VIII
2685 2664 2842 2720 IDUS
2891 2661 3205 2717 AUGUSTI.

2678 2755 2733 2821 (6
2765 2753 2940 2823 Aug-1

2053 2863 2081 2902 ίι
2112 2863 2324 2931 Romae,
2350 2861 2441 2917 via
2474 2860 2677 2931 Appia,
2704 2860 2759 2913 in
2791 2856 3128 2913 coemeterio
3161 2854 3404 2924 Callisti,
3432 2854 3625 2909 natale

1984 2952 2036 3006 S.
2093 2950 2238 3005 Sixti
2298 2948 2559 3020 episcopi
2610 2951 2667 3002 et
2719 2945 3010 3014 martyris.
3058 2946 3126 2999 Et
3177 2944 3234 2997 in
3285 2940 3623 2998 coemeterio

1983 3038 2323 3095 Praetextati
2349 3044 2682 3093 sanctorum
2708 3032 3047 3089 Felicissimi
3071 3035 3130 3086 et
3154 3030 3404 3101 Agapiti,
3431 3029 3624 3086 diaco-

1983 3141 2184 3183 norum
2229 3125 2509 3195 ejusdem,
2544 3124 2653 3179 sub
2692 3122 2865 3177 Decio
2908 3122 3282 3191 imperatore,
3314 3118 3622 3175 Valeriano

1982 3216 2292 3287 praefecto;
2328 3213 2425 3284 qui
2457 3212 2647 3269 tenuit
2699 3208 3099 3266 beatissimum
3152 3222 3346 3264 senem
3397 3207 3621 3263 Sixtum

1979 3304 2317 3376 episcopum
2339 3304 2657 3359 Romanum
2685 3315 2814 3357 cum
2839 3298 2991 3355 omni
3017 3297 3176 3354 clero
3202 3312 3326 3367 suo,
3353 3300 3410 3352 et
3436 3296 3623 3352 reclu-

1980 3392 2241 3448 siteosin
2259 3391 2526 3448 custodia
2555 3389 2882 3461 publica,et
2909 3389 3138 3444 fuerunt
3168 3386 3246 3441 ibi
3269 3385 3453 3442 clausi
3480 3385 3622 3442 mul-

1978 3482 2058 3537 tis
2092 3481 2175 3536 dit
2192 3482 2317 3537 bus.
2355 3482 2591 3536 Factum
2622 3482 2714 3535 est
2747 3481 2941 3533 autem
2984 3478 3047 3532 ut
3087 3474 3297 3530 Decius
3338 3475 3529 3530 Caesar
3562 3477 3622 3529 et

1980 3569 2324 3625 Valerianus
2359 3568 2673 3638 praefectus
2697 3566 2975 3635 juberent
3000 3563 3111 3619 sibi
3137 3564 3370 3618 beatum
3396 3562 3618 3618 Sixtum

1977 3658 2317 3729 episcopum
2350 3672 2479 3712 cum
2513 3655 2673 3711 clero
2716 3669 2821 3710 suo
2862 3650 3207 3724 praesentari
3249 3654 3425 3706 noctu
3468 3650 3619 3705 intra

1977 3746 2276 3802 civitatem
2311 3745 2367 3799 in
2398 3743 2655 3800 Tellude.
2684 3742 2784 3798 Cui
2818 3740 3026 3796 Decius
3057 3739 3249 3795 Caesar
3281 3736 3428 3792 dixit
3458 3755 3469 3789 :
3496 3736 3620 3792 Scis

1976 3850 2081 3891 cur
2114 3838 2345 3898 tentus;
2378 3836 2437 3888 et
2468 3829 2854 3888 conventione
2888 3826 3117 3899 publica
3161 3824 3328 3880 nobis
3367 3838 3620 3896 praesen-

1976 3917 2138 3979 tatus
2167 3937 2232 3978 es
2260 3923 2284 3977 ?
2313 3919 2632 3992 Respondit
2685 3917 2882 3972 Sixtus
2925 3934 2936 3969 :
2980 3914 3129 3984 Scio,
3163 3916 3223 3969 et
3274 3913 3420 3968 bene
3471 3911 3613 3969 scio.

1975 4013 2185 4069 Decius
2218 4011 2367 4067 dixit
2393 4030 2405 4064 :
2430 4012 2580 4079 Ergo
2605 4008 2654 4063 si
2677 4006 2813 4074 scis,
2842 4005 2929 4061 fac
2951 4007 3014 4060 ut
3039 4002 3299 4059 universi
3323 4001 3531 4071 sciant,
3557 4004 3619 4057 et

1977 4108 2038 4160 tu
2063 4102 2245 4172 vivas,
2271 4104 2332 4157 et
2355 4100 2551 4157 clerus
2575 4102 2715 4154 tuus
2736 4098 3041 4165 augeatur.
3071 4094 3285 4148 Beatus
3309 4090 3509 4148 Sixtus
3530 4105 3620 4147 re-

1975 4192 2210 4265 spondit
2231 4210 2242 4244 :
2262 4192 2410 4246 Vere
2435 4187 2543 4243 feci
2568 4191 2628 4243 et
2652 4185 2799 4242 facio
2825 4188 2885 4240 ut
2910 4183 3106 4240 clerus
3131 4196 3293 4238 meus
3311 4183 3615 4252 augeatur.

1975 4282 2077 4339 Cui
2094 4281 2304 4337 Decius
2322 4298 2333 4333 :
2353 4279 2502 4346 Ergo
2527 4274 2790 4332 sacrifica
2821 4270 3395 4341 diisimmortalibus,
3413 4273 3618 4327 etesto

1974 4372 2249 4443 princeps
2298 4365 2690 4423 sacerdotum.
2729 4362 2810 4419 Ad
2846 4362 2956 4418 hoc
2988 4365 3226 4417 sanctus
3255 4361 3568 4433 episcopus
3604 4378 3615 4413 :

1974 4461 2093 4529 Ego
2128 4470 2359 4527 semper
2392 4452 2722 4535 sacriﬁcavi.
2748 4455 2805 4507 et
2841 4448 3108 4506 sacrifico
3139 4450 3256 4504 Deo
3298 4448 3455 4504 Patri
3498 4463 3615 4504 om-

1891 4541 1943 4600 D
1979 4546 2288 4618 nipotenti,
2323 4548 2382 4601 et
2431 4542 2671 4600 Domino
2722 4543 2860 4597 Jesu
2910 4538 3139 4594 Christo
3189 4535 3334 4593 Filio
3373 4537 3519 4608 ejus,
3555 4542 3614 4593 et

1979 4635 2220 4708 Spiritui
2271 4638 2473 4691 sancto
2522 4632 2773 4690 hostiam
2808 4645 3007 4703 puram
3055 4629 3112 4685 et
3163 4627 3610 4685 immaculatam.

1974 4727 2130 4782 Tunc
2160 4740 2230 4780 ex
2261 4727 2556 4795 praecepto
2586 4720 2743 4777 Decii
2779 4720 3073 4777 duxerunt
3112 4735 3243 4777 eum
3285 4717 3500 4773 milites
3540 4716 3611 4772 ad

1976 4813 2256 4885 templum
2289 4813 2508 4881 Martis,
2543 4813 2607 4866 ut
2640 4809 2947 4867 sacrificiis
2979 4808 3477 4879 coinquinaretur;
3501 4803 3611 4858 Sed

1975 4907 2442 4961 contemnentem
2475 4900 2806 4958 sacrificare
2840 4898 3209 4955 recluserunt
3236 4909 3365 4951 eum
3397 4893 3453 4948 in
3483 4904 3612 4948 cus-

1976 4992 2133 5049 todia
2161 4992 2405 5063 privata,
2424 5006 2553 5048 cum
2580 4989 2810 5046 duobus
2823 4986 3164 5044 diaconibus
3181 4980 3535 5040 Felicissimo
3551 4985 3611 5037 et

1977 5080 2244 5151 Agapito.
2274 5082 2531 5151 Cumque
2556 5080 2893 5147 duceretur,
2921 5076 3010 5132 his
3032 5073 3228 5131 verbis
3253 5072 3459 5127 beatus
3479 5083 3609 5126 eum

1978 5169 2325 5226 Laurentius
2358 5168 2805 5226 archidiaconus
2847 5164 3023 5235 coapit
3054 5157 3405 5231 compellare
3440 5177 3452 5213 :
3488 5158 3611 5226 Quo

1975 5258 2356 5332 progrederis
2388 5258 2513 5315 sine
2548 5257 2685 5326 filio,
2714 5260 2879 5328 pater
2908 5255 2932 5309 ?
2962 5253 3086 5319 Quo
3111 5250 3388 5308 sacerdos
3409 5252 3611 5307 sancte

1921 5378 1927 5385 ~
1974 5349 2099 5405 sine
2133 5348 2380 5405 diacono
2414 5360 2696 5419 properas
2717 5345 2740 5399 ?
2760 5347 2834 5399 Tu
2867 5349 3158 5413 nunquam
3184 5341 3308 5398 sine
3338 5340 3609 5398 ministro

1975 5432 2332 5496 sacrificium
2367 5436 2580 5493 offerre
2613 5444 3028 5490 consueveras.
3063 5431 3211 5498 Quid
3245 5432 3300 5488 in
3353 5447 3441 5488 me
3471 5444 3609 5499 ergo

2041 5572 2066 5601 ο
2099 5565 2268 5633 Creg.
2304 5558 2540 5633 Tunde
2583 5557 2702 5633 Cio.
2740 5555 2843 5612 CC.
2880 5569 3006 5633 cap.
3039 5562 3092 5627 7,
3115 5561 3175 5633 _9.

2040 5634 2069 5673 ἀ
2101 5637 2179 5690 De
2211 5628 2303 5691 his
2332 5632 2388 5689 in
2419 5631 2549 5688 Vita
2581 5631 2635 5688 S.
2671 5628 2967 5700 Laurent.,
3001 5633 3069 5686 10
3098 5630 3241 5701 Aug.
