3992 6170
350 281 453 334 319

1405 285 1460 341 8.
1505 285 1763 346 ADONIS
1801 289 2238 351 ARCHIEPISC.
2280 288 2696 351 VIENNENSIS

3647 307 3744 360 3'20

353 401 657 502 displicuit
675 400 804 474 tibi,
823 405 1180 504 pateriNum
1203 406 1548 478 degenerem
1573 411 1834 484 probasti
1848 416 1989 473 ?Ex—

2107 435 2344 508 legitur,
2367 437 2545 494 Jauua
2555 437 2696 506 rius,
2722 436 3087 507 Vincentius,
3103 441 3163 494 et
3178 438 3507 510 Stephanus
3519 440 3745 501 subdia-

358 491 724 564 perirecerte
740 496 935 549 utrum
950 492 1224 551 idoneum
1249 497 1579 556 ministrum
1601 501 1872 574 elegeris.
1893 507 1994 563 Cui

355 579 704 638 commisisti
729 581 1013 639 Dominici
1036 584 1342 654 sanguinis
1355 593 1883 666 consecrationem,
1899 595 1993 653 cui

355 669 945 728 consummaudorum
968 675 1332 732 consortium
1356 687 1855 740 sacramentorum
1879 699 1998 742 cre-

355 756 581 826 didisti,
598 757 732 814 huic
747 759 1048 830 sanguinis
1065 763 1146 818 tui
1163 767 1526 824 consortium
1541 771 1909 841 negas?Vide
1924 791 1994 832 ne

354 843 725 919 periclitetur
741 847 1022 918 judicium
1051 856 1234 924 tuum,
1251 853 1384 912 dum
1402 856 1686 916 fortitudo
1701 861 1991 923 laudatur.

335 933 621 1016 'Abjectio
653 935 924 1010 discipuli
958 939 1376 1002 detrimentum
1411 948 1674 1018 magistri
1707 955 1818 1009 est.
1846 953 1995 1020 Quid

354 1021 511 1094 quod
546 1022 839 1083 illustrius
864 1033 1214 1098 praestantes
1236 1032 1346 1088 viri
1369 1035 1794 1109 discipulorum
1815 1048 1996 1100 certa-

355 1111 610 1168 minibus
624 1127 793 1184 quam
809 1116 1489 1195 suisvincuut?Deuique
1505 1127 1790 1186 Abraham
1813 1130 1992 1190 ﬁlium

356 1199 574 1257 obtulit
602 1201 774 1274 (Gem.
799 1207 938 1278 xxu)
965 1225 980 1274 ;
1010 1209 1220 1268 Petrus
1245 1213 1596 1284 Stephanum
1625 1221 1996 1289 praemisitEt

355 1291 438 1360 tu,
487 1290 678 1361 Pater,
722 1296 968 1353 ostende
1018 1297 1072 1353 in
1123 1297 1242 1356 ﬁlio
1293 1301 1568 1360 virtutem
1619 1310 1806 1376 tuam;
1851 1310 1996 1368 oﬁ‘er

355 1391 522 1448 quem
547 1380 818 1454 erudisti,
839 1389 1160 1444 utsecurus
1177 1389 1384 1459 judicii
1408 1392 1492 1449 tui
1511 1395 1796 1454 comitatu
1813 1399 1992 1456 nobili

356 1469 662 1538 pervenias
684 1471 754 1528 ad
777 1486 1074 1532 coronam.
1099 1478 1253 1535 Tunc
1275 1479 1482 1538 beatus
1505 1483 1703 1542 Sixtus
1726 1487 1844 1542 ait:
1873 1489 1993 1545 Non

351 1571 460 1628 ego
493 1563 550 1615 te
583 1559 945 1634 derclinquo,
972 1563 1074 1634 ﬁli,
1098 1581 1205 1623 nec
1239 1568 1470 1643 desero,
1501 1575 1602 1630 sed
1638 1577 1852 1647 majora
1887 1579 1992 1634 tibi

353 1648 644 1707 debentur
660 1653 998 1711 certamina.
1017 1657 1133 1713 Nos
1147 1661 1314 1729 quasi
1335 1676 1505 1718 senes
1525 1664 1765 1723 levioris
1789 1683 1994 1739 pugnae

352 1753 590 1840 cursum
623 1742 958 1815 recipimus,
985 1750 1041 1802 te
1064 1748 1516 1820 quasijuvenem
1540 1753 1860 1824 gloriosior
1881 1773 1995 1814 ma-
2022 1780 2076 1840 Β
2105 1779 2264 1832 cum,

355 1833 454 1884 net
477 1827 548 1886 de
572 1836 816 1902 tyranno
834 1833 1186 1907 triumphus,
1203 1839 1329 1898 Mox
1342 1841 1582 1900 veniens
1597 1843 1734 1900 ﬁere
1747 1845 1990 1919 desiste,

355 1922 492 1989 post
513 1919 770 1977 triduum
798 1937 886 1978 me
908 1926 1194 1994 sequeris.
1215 1929 1370 1984 inter
1389 1933 1754 1990 sacerdotem
1775 1939 1835 1991 et
1858 1935 1996 1993 levi-

351 2011 468 2064 tam
497 2007 588 2064 hic
623 2010 848 2068 medius
882 2027 1158 2072 numerus
1188 2016 1378 2074 decet.
1404 2021 1524 2076 Non
1543 2027 1671 2078 erat
1693 2029 1852 2080 tuum
1881 2027 1992 2083 sub

352 2095 636 2166 magistro
667 2099 922 2182 vincere,
945 2103 1110 2174 quasi
1141 2107 1467 2176 adjutorem
1499 2125 1814 2180 quaereres.
1845 2115 1994 2182 Quid

348 2187 712 2243 consortium
739 2181 1032 2259 passionis
1053 2207 1194 2250 mea:
1213 2199 1478 2268 expetis?
1493 2205 1671 2256 totam
1695 2202 1798 2257 tibi
1817 2181 1995 2260 haere-

349 2271 592 2362 ditatem
626 2275 878 2334 dimitto.
904 2279 1052 2346 Quid
1087 2286 1456 2353 praesentiam
1488 2303 1669 2345 meam
1701 2292 1997 2362 requiris?

347 2358 504 2416 Elias
535 2361 787 2419 Eliseuiu
823 2366 1062 2437 reliquit
1093 2369 1196 2440 (IV
1229 2373 1475 2446 1369."),
1497 2381 1556 2431 et
1577 2358 1854 2435 virtutem
1881 2395 1992 2436 non

349 2447 617 2506 abstulit.
643 2452 713 2507 Et
744 2453 888 2508 dixit
923 2455 1130 2514 beatus
1161 2461 1358 2518 Sixtus
1387 2463 1458 2519 ad
1490 2465 1722 2522 beatum
1747 2467 1994 2525 Lauren-

350 2536 528 2629 tium:
555 2539 770 2612 Accipe
805 2542 1116 2601 facultates
1145 2549 1416 2607 ecclesia:
1445 2552 1534 2608 vel
1568 2555 1902 2629 thesauros,
1933 2565 1992 2615 et

361 2625 554 2684 divide
595 2631 952 2720 pauperibus
997 2634 1211 2705 quibus
1253 2639 1357 2694 tibi
1389 2640 1703 2699 videbitur.
1740 2625 1992 2720 Accepta

350 2720 668 2802 potestate,
689 2719 896 2778 beatus
919 2722 1265 2782 Laurentius
1287 2731 1465 2801 C(Bpit
1481 2745 1584 2802 per
1603 2733 1872 2802 regiones
1895 2751 1994 2793 cu-

351 2801 806 2880 riosequzerere,
823 2810 1154 2884 ubicunque
1175 2818 1364 2872 sancti
1380 2801 1582 2876 clerici
1597 2801 1689 2876 vel
1704 2837 1992 2896 pauperes

347 2899 548 2952 essent
567 2896 864 2970 absconsi,
881 2905 940 2956 et
959 2906 1202 2972 portans
1226 2906 1560 2978 thesauros,
1585 2915 1758 2982 prout
1779 2912 1992 2983 cuique

349 2999 498 3056 Opus
511 2991 660 3058 erat,
677 2989 1070 3050 ministrabat.
1089 2994 1275 3065 Igitur
1288 3002 1424 3069 post
1438 2999 1544 3055 hac
1561 2999 1768 3058 beatus
1792 3003 1992 3060 Sixtus

348 3074 654 3132 reducitur
683 3077 739 3132 in
769 3078 1086 3152 Telludem,
1114 3086 1468 3142 utaudirent
1495 3104 1626 3145 cum
1655 3105 1724 3146 eo
1757 3091 1990 3148 diaconi

348 3161 750 3221 Felicissimus
769 3171 830 3221 et
853 3169 1156 3240 Agapitus.
1185 3174 1252 3228 Et
1281 3175 1523 3231 sedente
1545 3179 1718 3233 Decio
1741 3192 1809 3234 ac
1831 3179 1995 3235 Vale-

351 3249 536 3338 riano,
563 3259 958 3324 praesentatus
991 3262 1084 3314 est
1115 3260 1321 3318 beatus
1347 3263 1564 3321 Sixtus.
1592 3267 1674 3322 Ad
1700 3282 1869 3338 quem
1893 3270 1996 3326 De-

345 3337 477 3396 cius
509 3339 809 3400 iracundia
835 3343 1040 3416 pleuus
1073 3367 1085 3403 :
1123 3349 1260 3420 Nos,
1287 3350 1496 3422 inquit,
1518 3337 1881 3414 consulimus
1907 3373 1995 3414 se-

347 3431 570 3486 nectuti
614 3437 750 3502 tuae,
802 3435 936 3490 audi
983 3444 1274 3510 prmcepta
1323 3448 1546 3514 nostra,
1591 3449 1650 3500 et
1701 3447 1988 3505 sacriﬁca.

343 3517 670 3606 Respondit
703 3519 912 3579 beatus
941 3524 1140 3582 Sixtus
1173 3547 1185 3581 :
1221 3529 1414 3600 Miser,
1440 3537 1502 3587 tu
1524 3531 1630 3588 tibi
1651 3535 1914 3606 consule,
1933 3529 1992 3593 et

344 3605 466 3662 noli
490 3606 916 3684 blasphemare,
936 3614 1038 3671 sed
1061 3630 1166 3686 age
1191 3619 1593 3690 paenitentiam
1614 3621 1685 3678 de
1709 3605 1991 3694 sanguine

347 3699 706 3769 sanctorum,
724 3714 892 3772 quem
911 3703 1190 3763 eﬁ'udisti.
1207 3708 1360 3764 Tunc
1377 3717 1647 3768 mouente
1662 3712 1987 3784 Valeriano,

339 3784 522 3856 jussit
549 3787 760 3846 Decius
789 3796 852 3847 ut
881 3791 1239 3853 ducerentur
1265 3798 1335 3854 ad
1368 3799 1643 3872 templum
1677 3803 1897 3873 Martis,
1932 3807 1991 3859 et

345 3876 396 3942 si
428 3874 652 3935 nollent
679 3881 1037 3954 sacriﬁcare,
1074 3885 1129 3940 iu
1151 3886 1355 3943 eodem
1384 3887 1514 3945 loco
1537 3890 1731 3962 capite
1765 3895 1991 3948 trunca-

346 3971 568 4026 reutur.
605 3969 816 4026 Educti
838 3986 979 4042 ergo
1003 3974 1160 4030 foras
1196 3991 1420 4032 murum
1452 3985 1636 4049 portae
1668 3982 1888 4053 Appiae,
1913 3983 1990 4039 di-

342 4055 428 4110 xit
461 4056 670 4112 beatus
701 4057 903 4114 Sixtus
939 4061 1010 4116 ad
1043 4062 1322 4134 templum
1351 4065 1552 4122 Martis
1587 4087 1599 4121 :
1632 4069 1908 4126 Destruat
1931 4077 1988 4126 te

346 4141 616 4200 Christus
670 4145 852 4202 Filius
895 4148 996 4204 Dei
1045 4149 1182 4206 vivi.
1239 4153 1494 4224 Cumque
1543 4158 1989 4228 respondissent

345 4245 548 4320 omnes
575 4233 912 4306 Christiani,
940 4239 1139 4308 Amen,
1165 4240 1362 4298 subito
1397 4243 1612 4300 cecidit
1640 4244 1830 4316 aliqua
1852 4263 1988 4320 pars

347 4319 571 4392 templi,
604 4327 664 4378 et
692 4324 1046 4382 comminuta
1079 4332 1192 4386 est.
1223 4331 1376 4388 Tunc
1407 4331 1615 4390 beatus
1643 4319 1988 4394 Laurentius

341 4409 803 4482 coepitclamare
824 4432 837 4468 :
860 4415 983 4471 Non
1013 4431 1102 4473 me
1133 4418 1526 4493 derelinquas,
1563 4429 1728 4496 pater
1755 4432 1980 4498 sancte,

341 4497 474 4568 quia
510 4501 822 4558 thesauros
854 4507 988 4562 tuos
1014 4505 1130 4576 jam
1174 4511 1444 4582 expendi,
1487 4527 1636 4584 quos
1682 4497 1981 4572 tradidisti

344 4587 502 4644 mihi.
537 4588 751 4647 Milites
783 4597 976 4650 autem
1003 4597 1310 4656 audientes
1339 4600 1410 4657 de
1439 4601 1756 4672 thesauris,
1791 4609 1985 4662 tenue-

342 4681 478 4733 runt
511 4677 744 4736 beatum
785 4683 1158 4742 Laurentium
1203 4689 1711 4760 archidiacouum;
1741 4697 1981 4750 sanctos

341 4779 503 4838 vero,
525 4769 772 4842 Sixtum,
799 4769 1244 4848 Felicissimum,
1268 4782 1328 4832 et
1353 4779 1658 4850 Agapitum
1689 4781 1982 4839 duxerunt

343 4855 398 4911 in
417 4857 633 4917 clivum
653 4861 852 4919 Martis
876 4869 1011 4921 ante
1035 4866 1334 4940 templum,
1355 4873 1415 4924 et
1437 4869 1516 4926 ibi
1537 4870 1812 4927 decollati
1843 4876 1981 4928 sunt

343 4951 552 5004 octavo
573 4949 709 5006 Idus
731 4953 999 5023 Augusti.
1024 4955 1212 5012 Noctu
1233 4963 1426 5014 autem
1447 4963 1734 5016 venerunt
1753 4959 1977 5032 clerici,

342 5037 402 5090 et
431 5038 676 5095 maxima
710 5055 846 5113 pars
881 5042 1364 5117 Christianorum,
1395 5050 1454 5102 et
1473 5045 1842 5118 collegerunt
1859 5064 1984 5106 cor-

345 5135 488 5193 pora
521 5133 880 5202 sanctorum,
913 5135 974 5188 et
1006 5132 1366 5205 sepelierunt
1404 5135 1635 5193 beatum
1668 5137 1892 5195 Sixtum
1923 5139 1978 5196 in

343 5217 547 5286 crypta
580 5216 635 5273 in
665 5222 1005 5280 coemeterio
1035 5223 1258 5282 Callisti
1293 5225 1348 5281 in
1382 5225 1583 5282 eadem
1602 5226 1712 5284 via.
1735 5229 1980 5287 Sanctos

339 5314 481 5358 vero
510 5302 936 5367 Felicissimum
963 5316 1024 5368 et
1055 5313 1364 5386 Agapitum
1405 5319 1691 5388 martyres
1737 5317 1982 5390 sepelie-

348 5395 488 5454 runt
515 5391 572 5448 in
593 5399 933 5456 coemeterio
953 5402 1300 5459 Pretextati.
1327 5403 1612 5460 Decollati
1631 5409 1826 5462 autem
1845 5411 1983 5464 sunt

347 5493 478 5539 cum
512 5481 600 5541 eis
631 5489 693 5542 et
718 5485 816 5544 alii
846 5495 1120 5563 quatuor,
1154 5496 1219 5551 ut
1246 5492 1303 5550 in
1326 5494 1512 5566 gestis
1539 5494 1984 5555 Pontiﬁcalibus

410 5611 438 5644 ι
468 5604 672 5682 Eulog.
704 5609 750 5668 Ι.
781 5625 844 5684 n,
874 5626 927 5672 c.
958 5618 1047 5674 14.

2105 526 2260 584 coni.
2294 527 2511 583 Passus
2541 530 2598 582 et
2633 541 2764 584 cum
2795 526 2882 584 eis
2915 527 3124 586 beatus
3146 527 3424 600 Quartus,
3449 533 3514 586 ut
3535 533 3742 590 scribit

2107 616 2319 673 beatus
2351 615 2674 688 Cyprianus
2705 615 2808 688 (ep.
2841 616 2954 688 82),
2988 616 3090 674 Hic
3125 619 3334 676 beatus
3365 618 3564 676 Sixtus
3594 623 3742 692 apud

2107 704 2364 761 Athenas
2379 709 2569 774 natus,
2587 709 2645 760 et
2660 704 2892 771 doctus,
2913 705 3076 777 prius
3091 705 3324 777 quidem
3342 707 3742 780 philosophus,

2105 799 2311 864 postea
2337 793 2554 850 Christi
2585 793 2914 866 discipulus
2945 793 3072 851 fuit.
3105 795 3265 851 Sedit
3306 795 3363 852 in
3403 796 3746 869 episcopatu

2105 896 2255 938 anno
2316 898 2451 953 uno,
2504 882 2804 940 mensibus
2851 883 3072 952 decem,
3135 883 3344 942 diebus
3393 884 3603 956 viginti
3649 887 3748 942 tri-

2107 971 2236 1028 bus.

2175 1070 2202 1099 α
2223 1059 2438 1116 Eodem
2463 1059 2556 1116 die
2583 1059 2637 1114 in
2662 1059 2977 1131 Hispaniis,
2997 1059 3238 1117 civitate
3261 1061 3591 1134 Compluto,
3625 1076 3752 1120 san-

2107 1153 2335 1206 ctorum
2367 1149 2520 1206 Justi
2551 1153 2610 1204 et
2643 1149 2910 1206 Pastoris
2953 1151 3216 1206 fratrum.
3262 1149 3370 1216 Qui
3399 1165 3530 1207 cum
3561 1151 3750 1210 adhuc

2105 1238 2270 1312 pueri
2295 1238 2515 1295 litteris
2539 1239 2960 1310 imbuerentur,
2990 1239 3273 1310 projectis
3295 1239 3353 1296 iu
3367 1233 3568 1297 schola
3583 1241 3752 1298 tabu-

2107 1327 2199 1398 lis,
2235 1332 2447 1400 sponte
2479 1328 2550 1384 ad
2593 1328 2935 1399 martyrium
2980 1333 3413 1395 cucurrerunt;
3443 1334 3504 1385 et
3544 1345 3684 1388 mox
3721 1346 3750 1388 a

2107 1417 2354 1475 diacono
2377 1418 2564 1474 teneri
2585 1417 2756 1488 jussi,
2775 1433 2904 1474 cum
2920 1431 2983 1474 se
2996 1417 3216 1475 mutuis
3237 1418 3752 1477 exhortationibus

2107 1507 2586 1564 constantissime
2638 1507 3008 1577 roborarent,
3051 1511 3218 1564 extra
3269 1507 3568 1564 civitatem
3620 1523 3752 1580 pro-

2107 1595 2291 1666 ducti,
2324 1600 2383 1652 et
2417 1595 2470 1651 iu
2506 1597 2720 1668 Campo
2753 1595 3052 1660 laudabili,
3097 1611 3127 1652 a
3169 1595 3548 1654 carniﬁcibus
3580 1597 3752 1668 jugu-

2107 1685 2210 1742 lati
2241 1689 2397 1742 suut.
2435 1685 2541 1741 Ubi
2575 1685 2751 1742 etiam
2786 1685 2841 1740 in
2877 1685 3119 1742 basilica
3155 1687 3244 1742 sui
3281 1685 3530 1743 nominis
3560 1686 3755 1758 quies-

2563 1846 2620 1899 Β.
2656 1845 2752 1900 VII
2783 1846 2942 1901 IDUS
2977 1845 3290 1901 AUGUSTI.

2800 1935 2854 2006 (7
2884 1934 3058 2006 Aur.)

2174 2040 2201 2078 δ
2231 2040 2397 2112 Apud
2431 2040 2715 2111 Tusciam,
2759 2041 3001 2098 civitate
3041 2041 3264 2111 Aretio,
3306 2041 3521 2099 natalis
3557 2042 3753 2100 sancti

2104 2129 2310 2186 Donati
2335 2129 2597 2202 episcopi
2629 2135 2688 2187 et
2720 2131 3032 2202 martyris:
3059 2130 3157 2202 qui
3191 2131 3451 2189 nutritus
3479 2147 3512 2188 a
3542 2136 3754 2188 sancto

2105 2219 2406 2289 Pigmenio
2433 2220 2802 2290 presbytero,
2830 2219 2884 2274 in
2901 2220 3078 2276 titulo
3094 2219 3248 2276 beati
3264 2219 3539 2291 pastoris,
3555 2219 3756 2277 erudi-

2105 2311 2202 2364 tus
2232 2313 2345 2378 est,
2380 2321 2492 2364 non
2538 2307 2725 2366 solum
2771 2308 2825 2363 iu
2867 2309 3102 2379 divinis,
3145 2324 3344 2367 verum
3386 2309 3442 2364 in
3481 2309 3758 2366 humanis

2105 2394 2324 2452 litteris
2338 2396 2851 2454 suﬁicientissime.
2871 2399 3010 2454 Cum
3033 2413 3148 2468 quo
3171 2403 3230 2454 et
3251 2397 3516 2457 Julianus
3539 2399 3755 2469 crevit,

2103 2489 2160 2539 et
2177 2485 2577 2542 subdiaconus
2593 2486 2922 2556 ordinatus,
2940 2487 3164 2557 rejecto
3179 2487 3755 2559 postmodumgradu

2104 2572 2332 2630 inutilis
2356 2575 2568 2645 factus,
2595 2573 2663 2630 ad
2692 2574 3000 2646 imperium
3024 2575 3326 2646 aspiravit.
3346 2575 3470 2642 Quo
3484 2581 3758 2649 tempore

2105 2661 2338 2717 beatum
2373 2661 2736 2732 Pigmenium
2759 2663 2952 2720 Romae
2978 2663 3034 2719 iu
3067 2664 3338 2721 custodia
3369 2665 3752 2736 mancipavit,

2102 2755 2160 2806 et
2185 2755 2424 2808 sanctos
2449 2757 2674 2824 patrem
2696 2757 2754 2808 et
2780 2757 3026 2809 matrem
3050 2754 3256 2820 Donati
3278 2753 3474 2824 gladio
3507 2754 3755 2812 occidit.

2101 2841 2362 2896 Donatus
2394 2855 2536 2897 vero
2569 2840 2761 2898 lector
2783 2843 2918 2912 fuga
2944 2827 3114 2914 petiit
3139 2841 3439 2898 civitatem
3462 2843 3755 2913 Aretium,

2101 2932 2160 2983 et
2183 2929 2470 2986 habitavit
2507 2944 2638 2986 cum
2670 2929 2930 2986 Hilarino
2969 2930 3400 3000 gloriosissimo
3443 2932 3752 3002 monacho,

2102 3019 2368 3074 serviens
2390 3021 2508 3076 Deo
2535 3019 2831 3076 coutinuis
2855 3019 3224 3076 orationibus
3245 3024 3305 3076 et
3321 3019 3578 3090 jejuniis.
3617 3022 3758 3078 Fac-

2022 3129 2072 3192 α
2104 3110 2222 3162 tum
2237 3111 2327 3164 est
2354 3112 2415 3164 ut
2442 3107 2650 3164 mulier
2676 3108 2906 3164 nomine
2929 3108 3146 3166 Surana
3169 3108 3409 3179 gentilis
3429 3113 3488 3165 et
3505 3123 3751 3180 pagana,

2096 3198 2269 3266 capta
2303 3195 2511 3266 oculis,
2546 3199 2604 3251 et
2639 3197 2817 3252 corde
2853 3209 2987 3252 vere
3027 3211 3202 3266 caeca,
3247 3211 3377 3253 cum
3419 3195 3590 3253 unico
3631 3196 3756 3253 ﬁlio

2097 3299 2204 3340 suo
2253 3284 2541 3340 Herculeo
2585 3289 2837 3356 nomine,
2882 3283 3088 3342 cellam
3132 3285 3288 3342 beati
3317 3285 3580 3356 Hilarini,
3617 3300 3756 3344 cum

2098 3387 2212 3442 quo
2265 3373 2472 3428 beatus
2513 3372 2602 3428 vir
2651 3373 2974 3442 habitabat,
3027 3372 3398 3444 requireret;
3434 3387 3606 3444 quam
3635 3371 3753 3429 ﬁde

2097 3460 2313 3517 Christi
2348 3461 2722 3532 instructam,
2758 3461 2828 3518 ad
2857 3462 3091 3518 beatum
3113 3463 3380 3532 Satyrum
3403 3461 3751 3534 episcopum

2096 3548 2392 3606 Hilarinus
2458 3555 2516 3605 et
2586 3551 2848 3607 Donatus
2917 3551 3339 3622 perduxerunt.
3401 3549 3508 3616 Qui
3576 3549 3754 3608 ﬁdem

2097 3637 2284 3709 ipsius
2318 3642 2380 3696 ut
2413 3639 2664 3710 accepit,
2698 3639 2922 3710 gratias
2951 3641 3070 3696 Deo
3103 3654 3302 3711 agens,
3337 3639 3548 3696 indixit
3577 3638 3630 3696 ei
3665 3638 3753 3708 je-

2089 3727 2336 3798 junium,
2372 3731 2437 3784 ut
2467 3727 2877 3786 humiliaretur
2909 3728 2965 3784 in
2998 3727 3193 3786 cilicio
3223 3731 3286 3786 et
3317 3728 3533 3786 cinere.
3567 3730 3637 3784 Et
3661 3726 3750 3785 sic

2096 3815 2308 3872 deinde
2339 3817 2731 3874 catechizavit
2764 3831 2912 3888 eam,
2946 3821 3006 3874 et
3039 3817 3360 3889 baptizavit
3401 3821 3520 3874 tam
3561 3817 3748 3890 ipsam

2097 3919 2265 3975 quam
2295 3904 2474 3962 ﬁlium
2498 3904 2644 3975 cjus.
2673 3906 2742 3960 Et
2769 3920 2900 3962 mox
2931 3905 3122 3977 aperti
3147 3909 3284 3962 sunt
3306 3904 3464 3962 oculi
3485 3905 3746 3977 Suranae,

2096 3992 2392 4064 coepitque
2414 3993 2668 4050 clamare
2695 4011 2707 4045 :
2735 3993 2882 4049 Vere
2904 3994 3058 4050 Deus
3083 3993 3350 4051 Christus
3372 3997 3484 4065 est,
3501 3993 3602 4065 qui
3617 3993 3752 4051 illu-

2096 4080 2338 4137 minavit
2362 4080 2568 4138 oculos
2596 4095 2775 4137 meos.
2796 4081 2960 4147 Quod
2978 4081 3192 4138 factum
3209 4081 3452 4139 audiens
3466 4082 3750 4153 Apronia-

2094 4183 2222 4232 nus.
2258 4184 2369 4225 non
2404 4169 2588 4226 multo
2621 4173 2754 4242 post
2787 4169 2990 4226 attulit
3023 4168 3201 4226 ﬁlium
3225 4185 3393 4228 suum
3435 4170 3748 4228 daemonia-

2094 4273 2225 4315 cum
2259 4257 2331 4314 ad
2376 4256 2616 4314 beatum‘
2651 4259 2959 4314 Donatum.
2995 4257 3120 4325 Quo
3152 4261 3358 4315 orante
3399 4257 3571 4314 simul
3611 4273 3745 4314 cum

2095 4349 2302 4418 Satyro
2326 4345 2606 4419 episcopo
2629 4351 2687 4403 et
2721 4346 3002 4418 Hilariuo,
3033 4347 3316 4419 expulsus
3347 4347 3572 4405 daemon
3607 4361 3747 4418 pue-

2097 4451 2222 4492 rum
2247 4450 2450 4492 sanum
2475 4435 2734 4506 reliquit.
2763 4435 2946 4493 Sedet
2968 4450 3080 4492 non
3099 4435 3279 4506 longo
3306 4439 3571 4508 tempore
3587 4440 3742 4507 post,

2093 4525 2185 4581 vir
2219 4523 2452 4596 quidam
2497 4524 2824 4595 Eustasius,
2870 4529 3068 4581 rector
3107 4523 3350 4593 Tusciae,
3396 4528 3458 4580 et
3498 4527 3746 4582 exactor

2096 4612 2244 4684 ﬁsci,
2272 4614 2408 4670 dum
2432 4617 2758 4685 occupatus
2781 4612 2960 4668 aliubi
2985 4615 3310 4683 teneretur,
3328 4612 3747 4684 supervenien-

2094 4700 2256 4758 tibus
2270 4701 2560 4771 bostihus,
2579 4716 2726 4758 uxor
2742 4699 2928 4772 ipsius
2941 4701 3306 4772 Euphrosina
3321 4699 3628 4772 pecuniam
3652 4701 3747 4757 ﬁs-

2094 4791 2147 4848 ci
2162 4789 2556 4859 abscondit,et
2573 4789 2774 4860 paucis
2789 4788 2997 4846 diebus
3011 4788 3746 4859 succedentibus,absente

2093 4878 2285 4934 adhuc
2313 4877 2458 4948 viro,
2485 4876 2844 4948 defungitur.
2871 4876 3126 4934 Rediens
3149 4882 3343 4935 autem
3368 4877 3743 4949 postmodum

2093 4966 2184 5022 vir
2222 4964 2369 5036 ejus,
2406 4965 2626 5022 invenit
2659 4980 2897 5022 uxorem
2925 4981 3086 5024 suam
3116 4971 3425 5038 mortuam,
3465 4969 3526 5022 et
3571 4981 3745 5040 pecu-

2094 5054 2246 5110 niam
2271 5052 2397 5112 ﬁsci
2422 5053 2532 5112 sibi
2555 5053 2755 5112 celari.
2793 5054 2920 5122 Qua'
2946 5055 3018 5111 de
3049 5069 3112 5110 re
3143 5069 3255 5112 nou
3290 5069 3493 5128 parum
3527 5055 3742 5128 tristis,

2094 5141 2269 5200 simul
2301 5159 2406 5215 pro
2439 5143 2724 5214 requisita
2759 5143 3025 5216 pecunia,
3053 5159 3184 5202 cum
3206 5144 3383 5202 etiam
3407 5158 3437 5201 a
3462 5143 3746 5218 principi-

2095 5232 2204 5289 bus
2227 5231 2406 5289 curiae
2429 5231 2718 5304 supplicia
2742 5231 2853 5304 ipsi
2877 5232 3324 5301 meditarentur,
3343 5231 3574 5303 fugiens
3589 5231 3744 5290 idem

2093 5321 2422 5390 Eustasius,
2437 5319 2594 5376 venit
2620 5320 2691 5376 ad
2718 5321 2950 5378 beatum
2973 5321 3242 5393 Satyrum
3263 5325 3324 5378 et
3345 5321 3657 5393 Donatum,
3683 5325 3746 5376 et

2092 5409 2376 5467 indicavit
2413 5409 2500 5466 eis
2541 5409 2897 5466 anxietatem
2946 5409 3121 5468 animi
3173 5411 3283 5468 sui.
3327 5409 3500 5467 Stans
3540 5409 3742 5482 itaque

2093 5500 2355 5557 Donatus
2380 5512 2560 5572 super
2583 5497 2922 5573 sepulcrum
2937 5497 3360 5572 uxorisipsius,
3374 5511 3520 5558 voce
3535 5511 3739 5570 magna

2162 5621 2190 5662 υ
2221 5623 2391 5696 Greg.
2425 5621 2569 5684 Dial.
2606 5637 2644 5696 ι,
2675 5627 2729 5696 e,
2761 5629 2814 5682 7.
