3992 6170
224 242 301 293 321
954 228 1555 287 MARTYROLOGIUM
1596 227 1736 285 CUM
1778 227 2304 285 ADDITAMENTIS.
2334 258 2404 269 —
2434 230 2635 287 MENS.
2671 233 2829 289 AGG.

3491 252 3595 302 392

222 354 469 415 clamavit
498 352 921 425 :Euphrosina,
946 368 1050 425 per
1083 353 1375 412 Christum
1408 353 1750 411 cruciﬁxum
1782 357 1840 407 te
1868 354 1924 413 A
1957 353 2169 423 quibus
2199 357 2257 409 et
2286 353 2347 409 Β.
2382 354 2706 426 Cyriacum,
2728 359 2937 412 octavo
2961 355 3054 414 die
3076 362 3292 419 mensis
3322 365 3589 437 Augusti.

222 444 443 515 conjuro
475 448 538 499 ut
569 442 734 499 dicas
767 443 939 499 nobis
974 444 1113 514 quid
1146 445 1360 501 factum
1394 444 1470 501 sit
1503 444 1573 499 de
1600 441 1844 515 pecunia

224 534 348 605 ﬁsci,
379 533 514 604 quia
538 532 628 588 vir
650 537 790 589 tuus
806 548 916 604 pro
939 547 1005 588 ea
1031 534 1103 588 ab
1121 532 1503 590 exactoribus
1524 532 1692 589 valde
1705 530 1848 588 afﬂi-

222 624 377 695 gitur.
405 622 546 688 Quae
573 636 704 678 mox
730 620 800 677 de
824 620 1100 694 sepulcro
1124 621 1430 693 respondit
1457 641 1468 675 :
1495 623 1556 677 In
1578 622 1846 691 ingressu

224 713 410 770 domus
441 711 689 767 suffossa
722 710 865 766 latet
911 710 1158 781 pecunia
1212 726 1381 781 quam
1423 710 1707 781 quteritis.
1744 711 1849 765 Re-

224 805 369 873 cepta
394 800 578 869 igitur
594 804 688 855 est
712 800 981 872 pecunia,
1006 800 1258 857 liberato
1282 800 1555 857 Eustasio
1579 800 1651 856 ab
1670 799 1849 870 impo-

226 891 418 948 sitione
439 887 764 946 calumniae.
790 888 1002 945 Verum
1027 894 1268 961 recepto
1294 890 1465 946 beato
1488 890 1695 959 Satyro
1718 902 1848 945 cum

228 978 474 1051 patribus
502 978 647 1048 suis,
673 977 801 1047 ejus
820 976 950 1034 loco
977 978 1371 1035 sacerdotium
1393 979 1451 1033 Β,
1478 979 1739 1034 Donatus
1758 992 1851 1033 su-

227 1068 411 1139 scepit.
442 1068 700 1137 Cumque
721 1066 814 1121 die
846 1066 1094 1137 quodam
1128 1067 1336 1123 missas
1367 1065 1727 1123 celebrasset
1750 1080 1851 1137 po-

228 1156 364 1228 pulo,
390 1160 450 1211 et
465 1156 535 1211 de
548 1169 800 1227 corpore
817 1154 1031 1211 Christi
1051 1170 1118 1212 ac
1141 1156 1421 1226 sanguine
1453 1156 1639 1227 ipsius
1670 1170 1852 1227 popu-

229 1245 306 1302 lus
322 1243 738 1301 venerabiliter
762 1248 1152 1315 recrearetur,
1180 1245 1462 1301 diaconus
1486 1246 1719 1316 quidam
1754 1260 1852 1301 no-

228 1334 355 1390 mine
369 1333 930 1390 Antimustradebat
944 1347 1175 1390 sacrum
1192 1335 1531 1404 sanguinem
1549 1333 1850 1405 Cbristi,et

229 1424 401 1481 subito
416 1421 1295 1494 paganorumimpulsucecidit,
1328 1427 1387 1479 et
1419 1428 1683 1480 sanctum
1716 1422 1854 1480 cali-

229 1528 329 1570 cem
341 1511 708 1568 comminuit.
726 1510 888 1568 Unde
902 1510 1071 1567 valde
1084 1511 1280 1568 tristis
1294 1516 1409 1567 tam
1424 1512 1549 1583 ipse
1565 1526 1733 1582 quam
1753 1528 1854 1583 po-

230 1601 376 1675 pulus
390 1600 613 1657 Christi
629 1600 899 1657 efﬁcitur.
930 1599 1106 1669 Cujus
1129 1600 1433 1657 tristitiam
1454 1601 1730 1658 Dominus
1750 1614 1855 1672 per

1957 443 2269 514 Carpasius
2286 457 2427 499 vero
2442 444 2696 501 vicarius
2718 444 2889 516 petiit
2914 445 3145 504 domum
3171 450 3324 508 beati
3347 454 3591 531 Cyriaei,

1958 546 2127 601 quam
2161 531 2480 589 donaverat
2513 534 2564 589 ei
2597 533 2998 591 Diocletianus
3030 538 3346 613 Augustus,
3381 548 3439 600 et
3469 560 3596 605 eam

1958 621 2158 677 statim
2191 622 2535 679 Maximinus
2559 625 2859 694 Augustus
2880 627 3193 682 concessit.
3215 629 3599 703 Etingressus

1959 710 2014 767 in
2038 726 2184 781 eam,
2204 712 2427 768 invenit
2454 711 2645 769 locum
2667 714 2761 769 ubi
2784 714 2837 768 S.
2865 715 3141 785 Cyriacus
3178 718 3392 777 fontem
3423 724 3599 781 aediﬁ-

1958 805 2396 871 caverat,quem
2414 807 2864 859 consecraverat
2880 803 3249 865 S.Marcellus
3262 810 3595 885 episcopus,

1959 890 2057 946 ubi
2109 890 2414 945 venientes
2443 890 2514 946 ad
2550 891 2716 947 ﬁdem
2753 893 3089 963 baptizabat
3120 897 3172 951 S.
3211 899 3504 969 Cyriacus.
3539 904 3602 959 ln

1960 992 2074 1048 quo
2109 975 2235 1034 loco
2269 978 2581 1050 Carpasius
2601 979 2869 1037 balneum
2891 983 3001 1039 sibi
3023 987 3251 1044 statuit.
3275 988 3493 1047 Etdum
3525 990 3605 1049 la-

1959 1066 2181 1122 vissent
2213 1072 2269 1123 et
2303 1067 2507 1139 epulas
2538 1069 2944 1127 exhibuissent
2966 1074 3278 1145 Carpasius
3295 1083 3353 1134 et
3374 1094 3607 1137 novem-

1961 1154 2145 1211 decim
2177 1156 2401 1227 pariter
2432 1172 2562 1213 cum
2597 1158 2745 1227 ipso,
2781 1174 2848 1216 ac
2881 1160 3219 1220 deriderent
3246 1166 3416 1224 ﬁdem
3448 1169 3607 1225 Chri-

1962 1245 2438 1325 stianam,subito
2452 1246 2881 1315 ceciderunt,et
2900 1253 3113 1308 mortui
3129 1258 3605 1316 sunt.Beatorum

1962 1338 2157 1390 autem
2181 1339 2502 1404 martyrum
2526 1336 2851 1408 passiones,
2877 1338 3039 1395 idest
3062 1342 3304 1415 Cyriaci,
3323 1346 3510 1417 Largi,
3545 1353 3605 1403 et

1964 1422 2283 1493 Smaragdi,
2311 1424 2435 1479 suis
2458 1423 2604 1480 locis
2626 1424 2681 1479 in
2705 1429 2981 1496 praesenti
3010 1430 3353 1490 Calcndario
3388 1440 3604 1492 notatae

1964 1517 2101 1568 sunt
2133 1528 2248 1569 xvn
2271 1512 2558 1570 Kalendas
2580 1514 2799 1584 Aprilis
2823 1517 2932 1573 sub
2947 1519 3254 1579 Maximino
3269 1524 3532 1595 Augusto
3546 1530 3603 1581 et

1965 1601 2241 1673 Carpasio
2272 1604 2511 1661 vicario.

232 1692 439 1748 beatum
474 1688 635 1746 illico
667 1690 951 1746 Donatum
976 1688 1434 1747 revelavit.Nam
1455 1688 1701 1747 collecta
1717 1693 1851 1747 sunt
1879 1714 1933 1775 Β
2036 1692 2203 1763 Apud
2227 1692 2525 1765 Viennam,
2563 1694 2760 1753 Galliae
2794 1699 3016 1771 urbem,
3053 1701 3265 1758 natalis
3295 1703 3482 1761 sancti
3515 1706 3612 1761 Se-

233 1783 530 1851 fragmenta
553 1778 834 1835 Dominici
855 1777 1076 1848 calicis,
1098 1783 1154 1834 et
1180 1779 1353 1835 beato
1370 1778 1865 1853 viroallata.Qu:e

232 1872 350 1926 flens
369 1868 477 1925 ille
500 1869 851 1940 suscipiens,
878 1869 1144 1924 oratione
1166 1870 1335 1939 facta,
1360 1868 1530 1925 vasin
1544 1869 1851 1940 pristinam

234 1962 451 2017 formam
478 1958 854 2016 restauravit.
892 1957 1016 2024 Quo
1049 1957 1215 2028 signo
1240 1958 1499 2029 perculsi
1524 1959 1752 2030 pagani,
1781 1960 1856 2015 si-

230 2050 325 2107 mul
352 2063 491 2106 cum
517 2047 865 2104 Christianis
884 2048 1163 2104 deitatem
1184 2048 1398 2104 Christi
1423 2048 1678 2105 confessi
1694 2053 1850 2118 sunt,

231 2154 283 2195 ac
305 2138 550 2195 circiter
584 2137 961 2209 septuaginta
996 2152 1203 2193 novem
1229 2137 1433 2194 animze
1468 2137 1526 2193 in
1559 2138 1852 2194 Christum

232 2229 526 2284 credentes
556 2241 663 2298 per
680 2226 1035 2298 baptismum
1060 2226 1298 2283 salvatze
1323 2230 1478 2282 sunt.
1502 2226 1699 2282 Multis
1715 2240 1855 2297 ergo

232 2318 387 2387 signis
420 2317 705 2373 Dominus
735 2315 1075 2385 gloriﬁcans
1106 2321 1371 2372 sanctum
1404 2331 1571 2373 suum
1597 2316 1668 2372 ad
1693 2331 1859 2373 coro-

232 2421 336 2463 nam
376 2406 649 2477 martyrii
696 2406 985 2476 provexit.
1037 2406 1294 2476 Denique
1344 2409 1545 2462 tentus
1591 2410 1857 2477 tempore

230 2494 416 2552 Iuliani
443 2495 825 2566 imperatoris
848 2509 877 2550 a
901 2494 1297 2561 Quadratiano
1327 2496 1653 2566 Augustali,
1686 2495 1859 2553 simul

231 2589 420 2641 etcum
453 2598 528 2640 eo
560 2582 857 2639 Hilarinus
888 2584 978 2639 vir
1008 2584 1130 2655 Dei,
1159 2583 1402 2653 jubetur
1432 2584 1608 2640 idolis
1640 2584 1861 2642 sacriﬁ-

231 2688 365 2729 care.
391 2674 502 2730 Cui
523 2672 778 2729 ﬁdeliter
798 2672 1133 2743 reluctanti,
1150 2673 1327 2743 jussit
1350 2673 1781 2739 Quadratianus
1795 2691 1861 2731 os

230 2761 517 2833 lapidibus
544 2760 848 2831 contundi,
884 2761 1203 2831 Hilarinum
1238 2777 1379 2818 vero
1422 2763 1765 2819 monachum
1804 2764 1861 2819 in

230 2850 812 2922 conspectuejustam
832 2850 931 2907 diu
947 2851 1201 2907 fustibus
1214 2850 1574 2921 cmdi,donec
1589 2851 1860 2923 spiritum

230 2940 551 3005 emitteret;
585 2939 796 2996 deinde
832 2939 1064 2996 beatum
1094 2942 1380 2997 Donatum
1406 2940 1461 2995 in
1481 2941 1751 2997 custodia
1776 2956 1864 2997 re-

229 3029 388 3086 cludi.
426 3029 540 3086 Ubi
579 3044 709 3086 cum
755 3029 1056 3086 innumera
1107 3029 1383 3086 miracula
1433 3030 1711 3086 Dominus
1760 3045 1865 3102 per

231 3132 447 3175 servum
483 3133 654 3175 suum
687 3122 1056 3191 operaretur,
1107 3118 1263 3175 misit
1316 3119 1768 3190 Quadratianus,
1802 3124 1860 3175 et

226 3206 402 3275 gladio
434 3208 760 3279 percussit,
799 3222 879 3264 vn
922 3208 1059 3264 Idus
1106 3208 1372 3278 Augusti.
1423 3208 1600 3279 Cujus
1647 3223 1864 3280 corpus

232 3295 534 3355 Christiani
552 3296 719 3367 juxta
743 3296 1043 3354 civitatem
1064 3312 1195 3353 cum
1217 3298 1597 3354 veneratione
1621 3297 1865 3369 sepelie-

232 3391 370 3442 runt.
401 3386 684 3458 Martyris
717 3400 855 3443 vero
887 3386 1130 3443 Hilarini
1165 3400 1297 3443 ossa
1329 3386 1387 3442 in
1420 3386 1583 3443 Ostia
1624 3387 1864 3444 civitate

234 3478 508 3534 tumulata
544 3476 874 3532 servantur.

296 3567 511 3637 Romae,
550 3567 642 3621 88.
680 3567 992 3637 Martyrum
1041 3565 1222 3635 Petri,
1269 3563 1512 3623 Julianze
1555 3580 1685 3623 cum
1736 3565 1867 3623 aliis

238 3654 419 3714 decem
451 3660 520 3713 et
554 3659 710 3711 octo.

294 3747 459 3818 Apud
494 3744 905 3814 Mediolanum,
943 3743 995 3798 S.
1025 3742 1284 3800 Faustini
1310 3744 1435 3815 [al.,
1461 3744 1702 3815 Fausti],
1726 3748 1870 3801 tem-

231 3849 358 3903 pore
392 3833 619 3892 Aurelii
654 3833 950 3889 Commodi
985 3831 1366 3903 martyrizati.

699 3961 757 4015 C.
797 3958 867 4014 VI
896 3958 1055 4015 IDUS
1086 3958 1404 4015 AUGUSTI.

913 4066 971 4133 (8
1003 4066 1184 4137 Any.)

293 4174 493 4231 Romae
524 4172 619 4229 via
662 4171 941 4241 Ostiensi,
996 4171 1270 4229 milliario
1319 4172 1570 4244 septimo
1600 4180 1646 4243 α,
1682 4172 1874 4229 natale

228 4261 275 4317 S.
299 4262 529 4333 Cyriaci
556 4262 850 4333 martyris.
880 4264 1198 4333 Postquam
1220 4262 1563 4319 Maximinus
1577 4263 1877 4333 Augustus

221 4351 393 4421 jussit
426 4357 494 4409 ut
528 4365 753 4421 omnes,
789 4351 887 4423 qui
920 4356 1088 4408 erant
1136 4352 1192 4407 in
1239 4351 1529 4421 custodia,
1584 4366 1704 4430 una,
1744 4366 1875 4409 cum

1967 1782 2090 1837 veri
2123 1782 2454 1854 presbyteri
2486 1790 2544 1839 et
2578 1786 2935 1843 confessoris
2969 1808 2981 1842 :
3016 1790 3133 1860 qui,
3172 1796 3235 1847 ut
3277 1792 3403 1862 ejus
3443 1798 3610 1863 gesta

1968 1874 2286 1941 testantur,
2314 1873 2546 1929 natione
2570 1875 2765 1943 Indus,
2794 1876 2906 1932 ﬁde
2932 1878 3147 1934 Christi
3167 1881 3417 1951 fervens,
3433 1896 3608 1939 causa

1966 1960 2259 2030 Evangelii
2276 1962 3124 2034 przedicandi,lab0riosissima
3140 1969 3610 2038 peregrinatione

1967 2054 2262 2119 suscepta,
2289 2050 2463 2106 etiam
2487 2050 2558 2106 ad
2590 2052 2890 2122 praafatam
2924 2054 3126 2110 urbem
3159 2055 3493 2127 deveniens,
3530 2055 3637 2114 in-‘

1965 2141 2197 2207 gentem
2222 2152 2577 2209 paganorum
2596 2139 3029 2197 multitudinem
3045 2145 3226 2200 verbo
3241 2150 3299 2200 et
3315 2146 3613 2203 miraculis

1967 2226 2038 2283 ad
2065 2226 2235 2281 ﬁdem
2262 2227 2477 2283 Christi
2500 2229 2814 2285 convertit.
2840 2231 3101 2302 Dumque
3126 2232 3181 2288 in
3205 2248 3348 2304 pace
3364 2235 3617 2305 quievis-

1969 2319 2080 2386 set,
2114 2316 2389 2372 conditus
2420 2317 2476 2372 in
2512 2316 2751 2374 basilica
2786 2319 2837 2372 8.
2867 2319 3163 2393 Stephani,
3192 2322 3375 2393 signis
3398 2312 3613 2395 clarus,

1970 2406 2114 2462 mira
2150 2404 2406 2462 ﬁdelium
2440 2405 2819 2462 veneratione
2851 2406 3088 2465 colitur.

2466 2513 2527 2567 D.
2564 2513 2609 2567 A
2641 2514 2799 2570 IDUS
2835 2515 3153 2573 AUGUSTI.

2668 2603 2725 2671 (9
2756 2603 2934 2674 Ακθολ

2042 2710 2069 2747 b
2099 2707 2308 2778 Vigilia
2340 2709 2528 2764 sancti
2561 2710 2877 2765 Laurentii.

2048 2798 2264 2854 Eodem
2297 2797 2411 2868 die,
2444 2798 2659 2867 Romae,
2686 2797 2874 2854 sancti
2908 2799 3148 2856 Romani
3181 2800 3405 2872 militis,
3432 2802 3530 2873 qui
3563 2803 3619 2861 in

1974 2886 2343 2944 confessione
2358 2885 2544 2942 sancti
2560 2886 2852 2941 Laurentii
2868 2892 3274 2958 compunctus,
3283 2889 3453 2961 petiit
3468 2889 3540 2946 ab
3552 2904 3619 2948 eo

1979 2975 2287 3046 baptizari,
2303 2977 2361 3030 et
2379 2973 2787 3043 mox,jubente
2809 2974 3005 3047 Decio,
3031 2990 3162 3033 cum
3185 2977 3441 3036 fustibus
3462 2977 3622 3036 exhi-

1894 3065 1943 3128 C
1975 3064 2134 3121 bitus
2167 3079 2234 3120 ac
2266 3062 2593 3120 decollatus
2622 3067 2735 3120 est.

2439 3172 2499 3227 Ε.
2536 3171 2606 3226 IV
2636 3170 2797 3227 IDUS
2829 3172 3143 3228 AUGUSTI.

2624 3264 2715 3328 (40
2750 3262 2928 3333 Aug.)

2049 3371 2244 3426 Romae
2258 3366 2452 3424 natale
2467 3368 2653 3424 sancti
2672 3368 2963 3424 Laurentii
2978 3368 3373 3426 archidiaconi
3395 3375 3453 3426 et
3480 3384 3625 3429 mar-

1980 3458 2128 3529 tyris
2154 3458 2263 3515 sub
2286 3457 2479 3513 Decio.
2509 3456 2609 3513 Cui
2636 3458 2843 3513 beatus
2866 3458 3065 3514 Sixtus
3090 3472 3290 3516 omnes
3316 3457 3628 3518 facultates

1978 3546 2246 3604 ecclesias
2266 3551 2326 3601 et
2350 3546 2681 3611 thesauros,
2700 3534 2950 3616 pergens
2964 3547 3032 3603 ad
3050 3562 3323 3604 coronam
3340 3548 3623 3621 martyrii,

1980 3634 2246 3691 tradidit.
2283 3634 2386 3690 Hic
2422 3635 2660 3689 veniens
2691 3634 2748 3688 in
2781 3633 3016 3690 Calium
3050 3640 3325 3706 montem,
3362 3637 3459 3693 ubi
3499 3642 3627 3693 erat

1985 3723 2250 3795 quaedam
2273 3722 2467 3788 vidua,
2494 3723 2551 3776 in
2574 3721 2865 3778 viduitate
2888 3723 3131 3792 triginta
3156 3725 3304 3781 duos
3326 3739 3511 3782 annos
3533 3725 3630 3782 ha-

1986 3813 2149 3879 bens,
2175 3811 2229 3866 in
2254 3810 2423 3880 cujus
2446 3810 2616 3866 domo
2640 3808 2805 3865 multi
2834 3810 3171 3881 Christiani,
3198 3814 3627 3885 etpresbyteri,

1983 3905 2043 3957 et
2065 3899 2266 3956 clerici
2289 3898 2559 3955 absconsi
2588 3899 2919 3968 manebant,
2944 3898 3081 3955 tulit
3104 3904 3305 3957 vestes
3326 3905 3383 3958 et
3400 3902 3634 3960 thesau-

1986 4005 2085 4046 ros
2116 3987 2414 4053 Ecclesiae,
2449 3992 2507 4044 et
2538 3987 2715 4059 coepit
2747 4002 3014 4059 erogare,
3057 3993 3114 4045 et
3157 3990 3339 4061 pedes
3377 3990 3633 4049 omnium

1990 4078 2453 4134 Christianorum
2479 4077 2693 4133 lavare.
2723 4076 2807 4133 Ad
2830 4077 2999 4149 cujus
3012 4079 3193 4149 pedes
3208 4079 3444 4151 Cyriaca
3460 4080 3634 4139 vidua

1989 4168 2206 4224 cadens
2233 4185 2245 4221 :
2269 4167 2380 4222 Per
2405 4166 2719 4237 Christum,
2748 4166 2957 4238 inquit,
2988 4172 3043 4224 te
3067 4168 3310 4240 conjuro
3344 4173 3407 4227 ut
3433 4184 3636 4228 manus

1988 4261 2123 4314 tuas
2147 4271 2329 4327 ponas
2353 4269 2533 4326 super
2554 4259 2730 4326 caput
2757 4270 2967 4327 meum,
2997 4258 3128 4328 quia
3153 4257 3367 4316 multas
3398 4258 3638 4316 inﬁrmi-

1990 4350 2146 4402 tates
2168 4344 2380 4415 capitis
2403 4344 2613 4415 patior.
2644 4344 2857 4402 Beatus
2881 4346 3247 4417 Laurentius,
3284 4348 3437 4405 facto
3469 4348 3636 4421 signo

228 4438 468 4510 Cyriaco
501 4441 752 4497 diacono
783 4440 976 4512 capite
1006 4444 1446 4509 truncarentur,
1476 4444 1534 4495 et
1554 4426 1873 4511 promiscui
1909 4426 1958 4486 D
1990 4433 2205 4503 crucis,
2231 4433 2432 4505 Ροειιίι
2456 4448 2659 4490 manus
2683 4448 2862 4506 ευρθι·
2882 4438 3058 4507 caput
3080 4435 3292 4508 viduae,
3319 4436 3637 4495 etlinteum

224 4542 401 4587 sexus
425 4544 678 4587 numero
707 4529 916 4601 viginti
949 4534 1009 4586 et
1045 4544 1195 4587 unus
1226 4528 1503 4586 decollati
1534 4528 1625 4584 via
1659 4528 1874 4585 Salaria

227 4615 375 4675 intra
410 4618 681 4676 thermas
709 4617 949 4676 Salustii
982 4619 1140 4677 foras
1172 4633 1371 4675 muros
1411 4620 1631 4687 essent,
1674 4631 1877 4674 eorum

224 4719 478 4778 corpora
492 4707 740 4778 collegit
754 4712 935 4766 noctu
950 4710 1203 4766 Joannes
1231 4710 1563 4781 presbyter,
1588 4710 1646 4762 et
1670 4706 1881 4778 sepeli-

226 4793 305 4849 vit
326 4796 384 4852 in
419 4797 629 4853 eadem
642 4798 756 4869 via,
774 4798 883 4854 sub
907 4797 1001 4854 die
1023 4799 1273 4869 septimo
1296 4797 1683 4855 Kalendarum
1714 4797 1881 4868 Apri-

222 4879 383 4941 lium.
402 4886 551 4942 Post
566 4885 695 4943 dies
707 4900 846 4944 vero
868 4891 1025 4957 octo,
1052 4886 1293 4944 veniens
1318 4889 1376 4942 Β.
1405 4887 1711 4943 Marcellus
1729 4886 1882 4958 epis-

223 4983 332 5039 pus
363 4987 505 5031 cum
538 4974 751 5032 Lucina
786 4980 1048 5032 matrona
1082 4976 1597 5047 Christianissima,
1633 4990 1879 5047 corpora

223 5066 573 5120 sanctorum
597 5063 859 5121 condivit
883 5080 1015 5124 cum
1047 5066 1409 5123 aromatibus
1441 5069 1500 5120 et
1534 5064 1884 5122 linteamini-

223 5147 351 5216 bus;
401 5150 621 5208 deinde
663 5153 907 5211 sustulit
937 5168 1024 5225 ea,
1060 5159 1118 5210 et
1151 5153 1455 5211 transtulit
1490 5153 1548 5209 in
1596 5154 1880 5226 praedium

221 5249 393 5295 suum
409 5239 510 5297 via
525 5239 1087 5314 0stiensi,milliario
1099 5246 1171 5301 ab
1185 5246 1329 5300 urbe
1342 5245 1521 5301 Roma
1536 5244 1884 5316 septimo;et

221 5340 397 5387 manu
433 5343 544 5387 sua
578 5332 912 5389 recondidit
944 5332 1003 5390 in
1036 5333 1419 5406 sarcophagis
1450 5332 1717 5406 lapideis,
1751 5347 1882 5391 cum

291 5452 783 5535 {Translatiede
818 5457 1149 5535 Cyriac_0_et
1182 5458 1363 5519 sociis
1391 5458 1519 5531 ejus
1548 5457 1798 5517 habetur
1825 5458 1883 5515 in

213 5524 416 5591 gestis
450 5524 708 5586 Harcelli
742 5524 929 5603 papae,
964 5533 1033 5589 16
1058 5532 1181 5589 Jan.

1992 4523 2064 4580 de
2090 4538 2204 4594 quo
2225 4524 2571 4594 extergebat
2597 4523 2778 4594 pedes
2808 4528 3164 4581 sanctorum.
3200 4526 3511 4584 Transiens
3541 4540 3640 4583 au-

1991 4618 2110 4670 tem
2146 4613 2202 4668 in
2234 4613 2445 4684 vicum,
2485 4614 2581 4685 qui
2607 4612 2825 4670 dicitur
2848 4613 3146 4685 (lanarius,
3175 4614 3394 4672 invenit
3421 4614 3640 4672 multos

1996 4703 2357 4760 Christianos
2371 4703 2426 4758 in
2443 4703 2612 4759 domo
2626 4703 2882 4760 Narcissi
2898 4702 3212 4760 Christiani
3228 4702 3635 4775 congregatos,

1993 4796 2051 4849 et
2068 4791 2207 4849 lavit
2224 4792 2406 4864 pedes
2419 4789 2695 4862 omnium,
2712 4796 2771 4846 et
2787 4792 2948 4848 dedit
2972 4792 3059 4848 eis
3082 4793 3153 4849 de
3176 4794 3471 4849 thesauro.
3501 4790 3639 4846 Erat

1996 4882 2051 4936 in
2077 4882 2281 4937 eadem
2302 4881 2474 4938 domo
2497 4881 2667 4938 homo
2688 4897 2901 4953 caecus,
2921 4883 3148 4939 nomine
3163 4877 3520 4950 Crescentio,
3540 4877 3638 4950 qui

1997 4970 2174 5041 coepit
2206 4985 2413 5041 rogare
2437 4972 2671 5028 beatum
2699 4971 3025 5043 diaconum,
3051 4977 3114 5029 ut
3138 4973 3383 5042 poneret
3407 4982 3638 5026 manum

1995 5073 2158 5116 suam
2183 5075 2360 5131 super
2381 5060 2583 5117 oculos
2605 5060 2749 5131 ejus.
2777 5062 2932 5118 Tunc
2954 5063 3162 5117 beatus
3186 5057 3532 5116 Laurentius
3561 5058 3642 5117 la-

1999 5164 2267 5220 crymans
2300 5151 2448 5206 dixit
2474 5171 2486 5206 :
2509 5151 2787 5209 Dominus
2809 5156 3011 5208 noster
3031 5151 3202 5205 Jesus
3224 5148 3512 5221 Christus,
3540 5148 3639 5221 qui

1996 5239 2227 5311 aperuit
2262 5240 2468 5297 oculos
2490 5242 2629 5299 caeci
2655 5242 2795 5311 nati,
2821 5241 2944 5312 ipse
2967 5244 3026 5293 te
3047 5237 3335 5296 illuminet
3360 5257 3375 5309 ;
3400 5244 3459 5296 et
3485 5239 3639 5297 facto

1998 5329 2164 5403 signo
2194 5331 2409 5404 crucis,
2436 5332 2623 5404 aperti
2648 5335 2785 5389 sunt
2817 5327 2970 5386 oculi
3002 5327 3148 5398 ejus.
3183 5330 3322 5389 Cum
3351 5330 3468 5402 jam
3498 5343 3640 5401 ergo

2065 5458 2092 5498 δ
2120 5461 2202 5518 De
2234 5459 2343 5518 hoc
2375 5459 2431 5515 in
2463 5458 2593 5515 Vita
2626 5457 2679 5512 S.
2714 5456 3030 5516 Laurentii.
