4004 6168
372 261 474 313 323

1422 240 1477 296 S.
1521 237 1780 297 ADONIS
1819 235 2255 295 ARCHIEPISC.
2300 234 2712 293 VIENNENSIS

3667 243 3768 295 324

374 376 690 432 duceretur
713 371 920 426 beatus
943 365 1142 424 Sixtus
1164 380 1294 423 cum
1320 364 1552 422 duobus
1564 363 1926 434 diaeonibus,
1946 367 2007 420 ut
2036 362 2094 425 A
2121 359 2239 418 noli
2261 359 2556 417 confidere
2579 359 2636 415 in
2662 358 2974 430 thesauris,
3002 358 3758 434 quoshabesahsconditos,

372 460 711 530 martyrium
726 470 893 514 suum
908 457 1424 525 consummaret,et
1442 455 1649 511 beatus
1664 452 2010 510 Laurentius

367 545 977 607 clamaretadveniens
994 564 1005 599 :
1022 545 1142 600 Non
1160 559 1247 600 me
1271 542 1664 614 derelinquas,
1692 548 1860 615 pater
1884 557 2013 599 san-

365 642 461 696 cte
484 640 685 710 (Joan.
712 649 846 705 xvn,
873 636 984 705 24),
1014 635 1145 705 quia
1173 634 1482 690 thesauros
1507 637 1642 689 tuos
1659 631 1776 703 jam
1800 647 2013 703 expen-

368 728 447 799 di,
482 741 631 799 quos
661 723 961 782 tradidisti
996 723 1154 793 mihi,
1191 727 1391 779 tentus
1423 728 1513 779 est
1555 738 1584 779 a
1628 721 1913 779 militibus
1953 726 2012 777 et

367 816 626 874 traditus
647 813 961 882 Parthenio
978 812 1350 879 tribuno.Qui
1367 811 1655 868 nuntiavit
1672 810 1844 867 Decio
1859 809 2012 882 quod

370 904 739 975 Laurentius,
775 903 871 974 qui
907 902 1147 958 haberet
1178 902 1490 958 thesauros
1524 900 1881 969 reconditos,
1926 915 2015 956 ar-

368 979 673 1052 chidiacon
685 1008 751 1049 us
766 992 909 1047 Sixti
927 992 982 1047 in
998 991 1266 1048 custodia
1281 994 1604 1047 teneretur.
1624 990 1730 1057 Qui
1752 989 2010 1060 gavisus,

370 1083 507 1140 fecit
531 1097 661 1139 eum
686 1082 795 1138 sibi
822 1081 1188 1153 praesentari,
1214 1085 1271 1135 et
1295 1080 1559 1137 auditum
1582 1078 1826 1136 tradidit
1851 1077 2015 1134 Vale-

372 1172 537 1229 riano
562 1172 861 1244 praefecto,
889 1170 985 1242 qui
1008 1174 1066 1226 et
1091 1170 1215 1241 ipse
1238 1168 1399 1225 dedit
1432 1183 1563 1225 eum
1598 1169 1654 1223 in
1687 1168 2013 1224 custodiam

370 1261 599 1320 cuidam
631 1259 941 1331 Hippolyto
967 1278 981 1326 ;
1015 1264 1073 1315 et
1098 1259 1446 1330 Hippolytus
1469 1256 1711 1314 reclusit
1730 1272 1860 1313 eum
1883 1271 2012 1313 cum

372 1340 755 1408 multistrat
779 1353 973 1405 autem
1000 1348 1077 1404 ibi
1113 1349 1302 1418 homo,
1337 1347 1595 1404 Lucillus
1625 1347 1874 1417 nomine,
1908 1362 2015 1404 cae-

370 1455 493 1510 cus,
521 1438 591 1496 ad
617 1452 785 1510 quem
811 1442 1051 1494 sanctus
1075 1437 1423 1494 Laurentius
1450 1456 1462 1491 :
1490 1436 1693 1506 Crede,
1722 1436 1929 1507 inquit,
1957 1437 2013 1492 in

366 1528 572 1585 Filium
606 1528 706 1585 Dei
729 1527 1033 1584 Dominum
1059 1531 1322 1583 nostrum
1361 1527 1555 1583 Jesum
1598 1525 1912 1595 Christum,
1955 1529 2016 1580 et

372 1617 693 1688 baptizare,
720 1620 779 1673 et
794 1615 1149 1673 illuminabit
1165 1619 1238 1671 te.
1258 1615 1580 1686 Respondit
1595 1613 1851 1671 Lucillus
1869 1633 1880 1668 :
1897 1615 2015 1683 Ego

2120 451 2326 507 beatus
2348 449 2693 507 Laurentius
2716 447 2902 504 libere
2918 447 3221 519 respondit
3244 467 3255 501 :
3271 447 3423 504 Vere
3437 452 3497 504 et
3510 447 3760 522 confido,

2118 544 2175 597 et
2211 554 2456 597 securus
2486 554 2610 597 sum
2643 539 2714 595 de
2747 537 3040 595 thesauris
3072 538 3233 594 meis.
3270 536 3433 594 Unde
3465 538 3764 597 iracundia

2119 628 2328 701 plenus
2350 628 2579 698 Decius,
2600 627 2780 698 jussit
2802 642 2933 684 eum
2959 628 3173 683 nudum
3199 627 3453 684 fustibus
3465 627 3634 685 czedi.
3663 628 3767 695 Qui

2120 734 2249 775 cum
2274 718 2624 788 mederetur,
2650 716 2939 773 clamabat
2963 716 3033 772 ad
3050 716 3364 773 Caesarem:
3382 718 3551 787 Ecce,
3570 717 3764 788 miser,

2120 807 2213 864 vel
2265 807 2436 863 modo
2485 820 2774 877 cognosce
2825 805 2957 877 quia
3007 805 3303 877 triumpho
3354 806 3425 863 de
3474 805 3771 863 thesauris

2123 896 2359 967 Christi,
2392 901 2451 952 et
2484 912 2596 952 non
2628 896 2818 952 sentio
2851 900 3141 952 tormenta
3175 901 3292 951 tua.
3331 896 3537 952 Adhuc
3557 896 3771 953 Decius

2124 986 2309 1042 fustes
2331 1000 2568 1055 augere,
2593 989 2650 1041 et
2678 985 2817 1041 dare
2840 985 2911 1040 ad
2936 984 3119 1041 latera
3143 983 3269 1054 ejus
3292 983 3538 1042 laminas
3554 985 3773 1042 ferreas

2121 1075 2403 1131 ardentes
2427 1074 2615 1143 jubet.
2654 1075 2865 1131 Beatus
2897 1089 3035 1130 vero
3069 1074 3415 1129 Laurentius
3447 1074 3600 1129 dixit
3633 1076 3774 1132 :Do-

2124 1165 2275 1220 mine
2297 1166 2432 1220 Jesu
2459 1164 2710 1239 Christe,
2741 1165 2889 1220 Deus
2904 1164 2974 1220 de
2988 1164 3126 1233 Deo,
3145 1162 3424 1219 miserere
3440 1163 3581 1219 mihi
3600 1178 3772 1220 servo

2124 1256 2247 1320 tuo,
2301 1250 2433 1321 quia
2483 1256 2793 1307 accusatus
2842 1266 2952 1306 non
2999 1250 3224 1321 negavi,
3268 1250 3684 1322 interrogatus
3718 1256 3774 1308 te

2122 1339 2426 1396 Dominum
2457 1341 2652 1396 Jesum
2686 1340 2978 1397 Christum
3011 1342 3316 1397 confessus
3346 1355 3492 1397 sum.
3539 1343 3609 1397 Et
3644 1355 3775 1398 cum

2124 1429 2452 1486 diutissime
2474 1445 2604 1486 cum
2628 1429 2947 1501 plumbatis
2968 1429 3318 1501 caederetur,
3335 1430 3482 1486 dixit
3504 1430 3775 1486 :Domine

2121 1521 2260 1575 Jesu
2293 1519 2543 1589 Christe,
2571 1520 2667 1590 qui
2692 1535 2800 1591 pro
2825 1524 3026 1575 nostra
3052 1518 3242 1576 salute
3267 1520 3543 1591 dignatus
3563 1534 3632 1576 es
3666 1520 3777 1577 for-

2125 1623 2273 1663 mam
2289 1608 2442 1664 servi
2468 1608 2757 1680 accipere,
2784 1612 2868 1678 ut,
2896 1623 3001 1666 nos
3023 1624 3054 1666 a
3078 1609 3322 1667 servitio
3347 1610 3681 1667 damonum
3714 1608 3777 1665 li-

366 1721 601 1778 semper
625 1705 957 1763 desideravi
984 1692 1270 1776 baptizari
1296 1705 1352 1760 in
1377 1704 1608 1760 nomine
1629 1703 1852 1759 Domini
1874 1706 2011 1760 Jesu
2040 1718 2097 1780 Î’
2129 1698 2385 1768 berares,
2419 1698 2619 1769 accipe
2651 1698 2922 1769 spiritum
2955 1713 3163 1756 meum.
3192 1701 3256 1755 Et
3281 1700 3478 1756 audita
3502 1704 3593 1756 est
3618 1714 3736 1756 vox
3761 1717 3773 1752 :

367 1795 604 1852 Christi.
630 1797 785 1852 Tunc
810 1796 1017 1851 beatus
1040 1794 1386 1851 Laurentius
1408 1794 1832 1851 cathecbizavit
1854 1808 2006 1863 eum,

366 1889 428 1940 et
450 1889 691 1956 accepta
723 1899 872 1956 aqua
907 1883 1247 1955 baptizavit,
1282 1888 1341 1938 et
1365 1882 1674 1940 illuminati
1698 1886 1833 1940 sunt
1856 1883 2011 1939 oculi

366 1972 514 2042 ejus.
542 1975 659 2029 Hoc
684 1975 899 2030 factum
922 1973 1249 2043 audientes,
1278 1971 1444 2029 multi
1460 1973 1599 2030 caeci
1613 1972 2011 2029 veniebantad

368 2062 605 2118 beatum
631 2062 1027 2131 Laurentium,
1054 2066 1114 2116 ct
1136 2062 1391 2131 ponebat
1414 2076 1642 2118 manum
1658 2076 1818 2118 suam
1835 2076 2013 2132 super

366 2149 571 2207 oculos
601 2164 822 2220 eorum,
857 2154 917 2205 et
948 2148 1447 2205 illuminabantur.
1486 2149 1700 2205 Videns
1731 2150 1841 2206 hoc
1881 2150 2014 2220 Hip-

365 2238 625 2311 polytus,
643 2239 916 2311 credidit,
942 2243 998 2294 et
1023 2239 1465 2295 cathecbizatus
1486 2242 1662 2309 atque
1678 2239 2013 2309 baptizatus

366 2333 478 2384 est.
506 2331 709 2399 Itaque
731 2342 804 2383 ex
826 2327 1098 2383 mandato
1122 2328 1414 2384 adductus
1436 2332 1528 2383 est
1545 2329 2014 2385 heatusLauren-

369 2416 489 2474 tius
502 2421 637 2474 ante
650 2422 1032 2488 conspectum
1047 2415 1358 2485 Valeriani,
1386 2417 1483 2487 qui
1509 2416 1656 2472 dixit
1682 2418 1852 2473 beato
1874 2420 2015 2474 Lau-

371 2506 563 2562 rentio
591 2525 602 2559 :
633 2507 756 2562 Iam
791 2506 1015 2576 depone
1045 2504 1447 2575 pertinaciam,
1484 2510 1543 2559 et
1575 2506 1646 2561 da
1682 2506 2010 2578 thesauros,

368 2609 514 2666 quos
540 2594 694 2667 apud
722 2599 776 2650 te
798 2594 1174 2664 cognovimus
1196 2608 1326 2650 esse
1360 2595 1715 2651 reconditos.
1752 2595 1855 2651 Cui
1887 2611 2014 2651 san-

367 2688 501 2740 ctus
534 2684 881 2740 Laurentius
907 2703 918 2737 :
944 2685 1021 2740 Da
1046 2684 1181 2739 mihi
1208 2684 1471 2741 inducias
1486 2682 1663 2740 biduo
1676 2688 1777 2740 aut
1795 2685 2009 2757 triduo,

367 2776 426 2828 et
450 2773 745 2843 proferam
770 2772 875 2829 tibi
898 2773 1224 2830 thesauros.
1245 2776 1329 2830 Ah
1352 2773 1553 2829 eadem
1578 2773 1671 2829 die
1695 2776 1875 2845 coepit
1897 2775 2015 2832 col-

366 2860 550 2931 ligere
572 2876 779 2932 caecos,
806 2865 866 2917 et
887 2862 1151 2933 claudos,
1180 2863 1405 2919 debiles
1426 2866 1485 2918 et
1508 2878 1819 2935 pauperes,
1846 2866 2015 2921 etab-

364 2951 598 3006 scondit
629 2965 732 3007 eos
766 2951 820 3006 in
854 2951 1026 3008 domo
1068 2950 1386 3022 Hippolyti.
1432 2952 1775 3010 Valerianus
1818 2959 2012 3011 autem

2127 1788 2328 1849 Adhuc
2354 1787 2532 1845 multa
2555 1788 2872 1845 certamina
2896 1788 3002 1844 tibi
3029 1789 3335 1845 debentur.
3362 1791 3549 1846 Porro
3571 1797 3777 1848 exten-

2120 1896 2222 1938 sus
2236 1881 2293 1935 in
2312 1882 2560 1947 catasta,
2579 1881 2633 1933 et
2652 1877 3067 1949 scorpionibus
3079 1878 3425 1949 gravissime
3440 1894 3636 1937 caesus
3649 1886 3774 1947 est;

2123 1970 2220 2042 qui
2237 1967 2570 2036 subridens,
2586 1972 2642 2021 et
2657 1967 2882 2037 gratias
2905 1981 3103 2037 agens,
3130 1966 3362 2024 dicebat
3382 1987 3395 2022 :
3412 1970 3777 2028 Benedictus

2120 2075 2206 2129 es,
2224 2058 2462 2114 Domine
2477 2057 2649 2125 Deus,
2667 2057 2841 2112 Pater
2852 2056 3078 2112 Domini
3091 2058 3225 2113 Jesu
3243 2057 3584 2129 Christi,qui
3600 2059 3781 2118 nobis

2123 2147 2353 2205 donasti
2372 2145 2851 2215 misericordiam,
2870 2159 3039 2215 quam
3058 2145 3250 2201 meriti
3274 2161 3388 2203 non
3412 2162 3634 2205 sumus.
3662 2148 3780 2207 Sed

2123 2242 2207 2307 tu,
2225 2236 2483 2305 Domine,
2501 2239 2746 2305 propter
2760 2239 2917 2290 tuam
2934 2235 3212 2305 pietatem
3227 2235 3299 2291 da
3312 2237 3480 2293 nobis
3490 2239 3774 2309 gratiam,

2124 2330 2187 2382 ut
2202 2327 2557 2395 cognoscant
2574 2336 2775 2378 omnes
2785 2323 3258 2396 circumstantes,
3276 2325 3410 2396 quia
3426 2330 3488 2382 tu
3503 2327 3782 2385 consola-

2122 2415 2205 2470 ris
2237 2427 2438 2469 servos
2459 2415 2611 2467 tuos.
2636 2414 2791 2469 Tunc
2814 2427 2963 2469 unus
2983 2426 3057 2468 ex
3078 2413 3385 2485 militibus,
3407 2415 3639 2472 nomine
3662 2417 3782 2473 Ro-

2125 2517 2346 2572 manus,
2373 2500 2624 2557 credidit
2647 2502 2888 2557 Domino
2910 2502 3047 2559 Jesu
3071 2502 3323 2574 Christo,
3349 2509 3406 2559 et
3433 2503 3579 2559 dixit
3598 2505 3783 2563 beato

2125 2592 2436 2648 Laurentio
2473 2610 2484 2644 :
2521 2591 2702 2647 Video
2733 2594 2866 2646 ante
2899 2595 2956 2647 te
2988 2592 3278 2649 hominem
3310 2593 3780 2664 pulcherrimum

2124 2684 2378 2737 stantem
2410 2694 2541 2736 cum
2574 2679 2773 2749 linteo,
2809 2685 2865 2734 et
2898 2684 3302 2751 extergentem
3335 2683 3591 2739 membra
3629 2686 3734 2740 tua
3762 2701 3779 2750 ;

2124 2769 2329 2839 adjuro
2354 2774 2409 2824 te
2426 2783 2529 2839 per
2545 2768 2860 2839 Christum,
2880 2769 2977 2839 qui
2992 2769 3100 2825 tibi
3117 2771 3274 2826 misit
3289 2771 3557 2841 angelum
3573 2786 3777 2844 suum,

2126 2875 2195 2915 ne
2220 2874 2307 2915 me
2333 2858 2726 2928 derelinquas.
2754 2858 3003 2914 Levatus
3027 2859 3207 2929 igitur
3232 2861 3438 2917 beatus
3461 2867 3687 2932 martyr
3700 2862 3781 2920 de

2123 2954 2346 3006 castata
2370 2952 2429 3003 et
2451 2946 2702 3017 solutus,
2731 2948 2995 3003 redditus
3016 2954 3106 3004 est
3132 2948 3444 3020 Ilippolyto
3468 2955 3699 3007 tantum
3717 2952 3781 3008 in

366 3040 737 3097 nuntiaverat
762 3041 956 3111 Decio,
983 3041 1115 3111 quia
1140 3040 1531 3111 promisisset,
1551 3042 1706 3097 datis
1721 3043 2014 3100 sibiindu-
2044 3074 2093 3136 ÎŸ
2123 3038 2835 3110 palati0.Veniensautem
2852 3040 3144 3095 Romanus
3158 3039 3653 3111 offerensaquam,
3674 3042 3785 3097 mi-

364 3128 493 3197 ciis,
528 3128 875 3184 Laurentius
907 3129 1237 3184 thesauros.
1267 3129 1585 3199 Completis
1610 3131 1791 3199 igitur
1822 3133 2013 3189 tribus
2049 3126 2093 3136 Î½
2124 3128 2277 3183 sitse
2299 3128 2370 3182 ad
2396 3127 2574 3197 pedes
2599 3126 2753 3181 beati
2779 3126 3073 3183 Laurentii
3098 3134 3161 3183 ut
3186 3128 3623 3198 baptizaretur;
3650 3131 3781 3202 qui,

367 3215 983 3286 diebus,prmsentavit
1007 3230 1069 3272 se
1084 3216 1141 3270 in
1155 3215 1374 3285 palatio
1390 3216 1762 3275 Sallustiano.
1782 3221 1849 3274 Et
1864 3221 2010 3276 dixit

366 3304 419 3360 ei
442 3305 682 3361 Decius:
701 3304 970 3361 Uhi'sunt
994 3304 1277 3375 thesauri,
1306 3321 1453 3375 quos
1476 3306 1776 3377 pollicitus
1789 3322 1852 3364 es
1866 3324 2013 3379 prae-

366 3394 638 3451 sentare?
660 3394 874 3450 Beatus
888 3394 1238 3450 Laurentius
1251 3394 1558 3451 collectam
1576 3396 2010 3455 multitudinem

364 3496 688 3554 pauperum
713 3482 1042 3539 introduxit
1067 3483 1120 3538 in
1146 3482 1446 3554 palatium,
1471 3489 1530 3539 et
1554 3500 1694 3541 voce
1710 3501 1912 3556 magna
1930 3489 2013 3544 di-

364 3568 450 3625 xit
485 3588 498 3624 :
532 3569 679 3626 Ecce
710 3570 808 3626 isti
843 3575 980 3627 sunt
1013 3571 1275 3627 thesauri
1306 3573 1531 3643 aeterni,
1577 3574 1673 3644 qui
1719 3589 2010 3646 nunquam

367 3657 792 3730 diminuuntur,
820 3675 925 3717 nec
950 3661 1333 3726 decrescunt;
1359 3662 1457 3732 qui
1483 3663 1537 3718 in
1554 3662 1801 3733 singulis
1814 3680 2012 3735 asper-

359 3747 540 3821 gitur,
566 3754 625 3806 et
650 3749 705 3806 in
721 3750 991 3808 omnibus
1007 3752 1320 3808 invenitur.
1337 3751 1680 3810 Valerianus
1694 3755 2012 3825 praefectus

363 3836 512 3894 dixit
539 3858 550 3893 :
578 3838 728 3906 Quid
753 3840 945 3897 varias
969 3855 1075 3912 per
1100 3841 1316 3898 multa?
1339 3841 1610 3899 Sacrifica
1635 3843 1767 3914 diis,
1793 3843 2012 3900 etobli-

360 3927 589 3985 viscere
611 3934 773 3985 artes
797 3931 1073 4000 magicas,
1108 3931 1163 3985 in
1195 3931 1410 4000 quibus
1440 3932 1704 3988 confidis.
1743 3933 1843 3989 Cui
1877 3948 2008 3991 cum

249 4053 257 4064 .
363 4015 611 4071 dixisset
638 4018 846 4072 beatus
868 4018 1246 4072 Laurentius:
1275 4019 1464 4084 Quare
1486 4035 1593 4075 vos
1614 4026 1874 4077 coarctat
1892 4023 2011 4079 dia-

366 4100 556 4171 bolus,
584 4107 644 4157 ut
670 4103 1021 4159 Christianis
1045 4104 1257 4160 dicatis
1284 4124 1295 4158 :
1323 4106 1658 4162 Sacrificate
1674 4108 2011 4166 daemoniis?

362 4189 574 4245 Decius
605 4192 792 4247 iratus
814 4191 995 4261 jussit
1041 4207 1172 4248 cum
1214 4193 1552 4266 exspoliari,
1594 4200 1653 4251 et
1692 4196 1838 4252 caedi
1877 4213 2007 4255 cum

364 4278 795 4350 scorpionibus.
823 4279 929 4346 Qui
954 4295 1083 4337 cum
1106 4283 1454 4356 cmderetur,
1473 4285 1705 4343 dicebat
1723 4305 1736 4342 :
1752 4287 1870 4358 Ego
1887 4288 2010 4359 qui-

364 4365 495 4423 dem
517 4367 741 4438 gratias
764 4383 872 4447 ago
893 4370 1011 4426 Deo
1038 4383 1186 4440 meo,
1212 4372 1309 4440 qui
1335 4388 1423 4428 me
1446 4375 1720 4445 dignatus
1750 4382 1840 4433 est
1873 4391 2008 4434 con-

356 4455 605 4527 jungere
627 4458 816 4515 servis
839 4459 993 4525 suis;
1022 4462 1104 4530 tu,
1122 4473 1317 4531 miser,
1336 4465 1634 4533 torqueris
1658 4466 1880 4523 insania
1906 4471 2004 4524 tua

362 4551 423 4603 et
455 4547 654 4604 furore
684 4553 807 4606 tuo.
845 4551 1000 4607 Tunc
1031 4549 1261 4620 Decius,
1297 4550 1488 4608 levate
1511 4553 1748 4627 (inquit)
1771 4571 1923 4626 eum,
1949 4560 2013 4613 et

364 4634 498 4692 date
528 4641 664 4692 ante
696 4643 1078 4708 conspectum
1112 4639 1241 4710 ejus
1272 4652 1440 4696 omne
1472 4654 1657 4710 genus
1690 4647 2011 4699 tormento-

364 4725 588 4781 rum.Et
603 4723 796 4781 allatae
810 4730 944 4782 sunt
963 4726 1187 4784 laminae
1202 4727 1496 4797 ferreae,et
1512 4728 2012 4800 lecti,etplumba-

363 4812 429 4884 ti,
464 4817 524 4870 et
548 4813 729 4870 cardi.
756 4815 893 4871 Post
920 4816 1153 4873 vinctus
1175 4819 1402 4875 catenis
1434 4818 1648 4875 ductus
1678 4823 1771 4875 est
1804 4820 2012 4877 beatus

363 4901 712 4961 Laurentius
736 4903 791 4960 in
815 4903 1098 4976 palatium
1120 4908 1353 4979 Tiberii,
1385 4913 1447 4965 ut
1473 4908 1551 4964 ibi
1576 4909 1761 4977 gestis
1781 4910 2013 4966 audire-

364 4992 479 5045 tur.
499 4993 564 5049 Et
581 4992 960 5052 seditDecius
974 5009 1081 5066 pro
1098 4995 1376 5054 tribunali
1393 4997 1450 5053 in
1476 4996 1713 5055 basilica
1737 4999 1926 5067 Jovis;
1951 5005 2012 5057 et

364 5086 724 5146 praesentato
748 5082 1060 5142 Laurentio
1074 5099 1204 5142 cum
1219 5084 1461 5143 dixisset
1482 5104 1494 5141 :
1513 5085 1783 5145 Sacrifica
1800 5089 1933 5160 diis,
1950 5092 2012 5146 et

433 5201 708 5283 â€œï¬guli.
730 5207 974 5283 anino
998 5208 1430 5283 intelliguntur,
1459 5209 1555 5281 qui
1582 5210 1715 5268 aliis
1730 5212 2011 5271 dicuntur

365 5268 590 5355 atatim,
622 5274 712 5329 vel
741 5268 1605 5355 _b_(_z_tilla._Pliniiis_lib._xx'xm,
1641 5297 1692 5337 c.
1724 5288 1758 5340 8
1794 5268 1813 5338 Ï„á½·
1836 5268 2011 5340 adi-â€™-

363 5345 524 5412 genti
558 5345 687 5424 dua}
721 5345 1065 5424 differentiae
1093 5351 1364 5424 :batillis
1383 5345 1600 5409 ferreis
1622 5356 2014 5412 candentibus

366 5420 631 5469 ramento
654 5419 953 5539 imposito,
984 5423 1137 5493 quod
1161 5423 1470 5481 candidum
1493 5429 1853 5497 permaneat,
1879 5442 2014 5499 pro-

367 5482 560 5539 batur.
592 5502 623 5539 Î¹
658 5488 719 5539 et
774 5487 848 5539 ib.
888 5504 1071 5539 XXXIV-
1108 5510 1230 5539 nan,
1269 5502 1325 5539 u
1372 5516 1384 5529 Î¿
1431 5497 1913 5539 Ï€Ï‰Ï‰ÏÎ¿Î¿á½³Î¸ÎºÏÎ¸Î¹á½·Î·Ï‰Î¹
1946 5498 2014 5539 in

367 5482 560 5568 batur,
592 5488 719 5568 nâ€˜et
736 5482 1233 5568 lib._xxxiv_,__cap.
1269 5502 1384 5568 171W:
1419 5482 1913 5568 Î•á½¼ÏÎµÎ½á½·Ï…Ï‰Ï€Î¹Ï€á½¶Î¸á¿†
1946 5482 2014 5557 á¼Ï€

369 5553 580 5618 bamb
593 5557 823 5632 ferreo.
855 5553 1194 5624 Trebellius
1209 5553 1399 5628 Pollio
1420 5553 1484 5628 in
1495 5553 1753 5631 Claudio
1766 5553 1800 5627 â€™á¼
1816 5553 2013 5632 Cordi;

2124 3215 2429 3270 benedicta
2462 3229 2629 3284 aqua,
2666 3215 2987 3286 baptizavit
3016 3230 3168 3271 eum.
3205 3216 3367 3281 Quod
3421 3218 3641 3274 factum
3676 3233 3785 3276 au-

2124 3303 2290 3359 diens
2311 3304 2538 3373 Decius,
2554 3304 2730 3373 jussit
2753 3319 2883 3361 eum
2906 3305 3016 3361 sibi
3040 3305 3303 3361 exhiberi
3326 3320 3457 3362 cum
3491 3307 3779 3365 fustibus.

2121 3394 2243 3449 Non
2260 3394 2660 3463 interrogatus
2674 3395 2849 3464 coepit
2865 3394 3782 3468 clamare,Christianussum.Et,

2119 3482 2363 3552 jubente
2388 3483 2577 3552 Decio,
2603 3482 2853 3538 eductus
2878 3483 3034 3539 foras
3067 3499 3266 3540 muros
3288 3490 3475 3555 portae
3510 3484 3782 3558 Salaria,

2123 3571 2453 3627 decollatus
2466 3575 2555 3627 est
2572 3570 2776 3641 quinto
2794 3572 2928 3628 Idus
2943 3575 3211 3643 Augusti.
3231 3576 3407 3646 Cujus
3429 3591 3651 3647 corpus
3677 3593 3786 3635 no-

2122 3665 2221 3717 ctu
2240 3660 2478 3730 collegit
2491 3661 2755 3717 Justinus
2768 3662 3163 3732 presbyter,et
3182 3665 3452 3734 sepelivit
3470 3664 3524 3721 in
3541 3671 3781 3737 crypta,

2123 3750 2176 3806 in
2202 3765 2343 3821 agro
2371 3751 2619 3807 Verano.
2638 3751 2849 3808 Decius
2863 3756 3058 3807 autem
3075 3752 3267 3809 Caesar
3281 3755 3474 3824 pergit
3495 3760 3677 3812 noctu
3701 3755 3785 3813 ad

2121 3839 2382 3897 thermas
2411 3840 2575 3910 juxta
2602 3840 2884 3912 palatium
2909 3840 3178 3907 Salustii;
3201 3847 3261 3897 et
3284 3843 3586 3901 exhibitus
3604 3850 3700 3902 est
3724 3846 3784 3902 ei

2122 3929 2334 3987 iterum
2352 3937 2592 3987 sanctus
2606 3930 3037 4000 Laurentius,et
3053 3930 3227 3987 allata
3243 3937 3378 3987 sunt
3394 3933 3585 3989 omnia
3598 3948 3784 4004 gene-

2122 4032 2185 4075 ra
2201 4024 2651 4087 tormentorum,
2678 4020 2995 4089 plumbatae
3020 4020 3223 4090 fustes,
3250 4020 3499 4093 laminae,
3521 4037 3779 4094 ungues,

2121 4104 2314 4175 lecti,u
2330 4106 2535 4173 batuli;
2550 4112 2611 4162 et
2625 4107 2773 4162 dixit
2788 4108 2960 4163 beato
2977 4110 3216 4179 martyri
3236 4111 3385 4166 :Jam
3400 4110 3629 4181 depone
3645 4126 3786 4183 per-

2123 4194 2314 4251 fidiam
2329 4195 2476 4252 artis
2490 4195 2812 4266 magicae,et
2826 4196 2920 4252 die
2934 4198 3102 4254 nobis
3115 4199 3777 4267 generositatemtuam.

2122 4284 2222 4340 Cui
2241 4286 2447 4341 beatus
2461 4285 2836 4342 Laurentius:
2854 4285 3144 4351 Quantum
3161 4287 3230 4344 ad
3246 4301 3448 4359 genus,
3478 4289 3784 4361 H'spanus

2120 4374 2625 4444 sum,eruditusac
2650 4375 2911 4432 nutritus
2924 4377 3139 4446 Romae,
3156 4384 3213 4432 et
3229 4392 3258 4434 a
3273 4378 3566 4435 cunabilis
3581 4378 3785 4435 Chrisp

2121 4462 2613 4533 tianus,eruditus
2627 4478 2853 4520 omnem
2870 4463 3054 4535 legem
3071 4470 3328 4522 sanctam
3342 4472 3401 4522 et
3418 4466 3786 4525 divinam.Et

2121 4552 2332 4610 Decius
2350 4573 2361 4608 :
2378 4552 2650 4611 Sacrifica
2666 4553 2808 4617 diis;
2825 4568 2954 4610 nam
2969 4568 3084 4610 nox
3107 4554 3218 4611 ista
3241 4556 3611 4627 expendetur
3637 4557 3699 4613 in
3722 4562 3785 4614 te

2122 4656 2251 4698 cum
2266 4643 2936 4715 suppliciis.Mea,inquit
2952 4643 3441 4716 Laurentius,eox
3454 4646 3784 4703 obscurum

2123 4746 2235 4789 non
2254 4733 2562 4804 habet,sed
2576 4731 2765 4787 omnia
2782 4732 2837 4787 in
2853 4733 2982 4788 luce
2997 4732 3571 4792 clarescunt.Etcum
3587 4737 3788 4794 caede-

2125 4825 2289 4878 retur
2311 4821 2606 4891 lapidibus
2626 4835 2692 4876 os
2715 4820 2862 4891 ejus,
2892 4821 3143 4894 ridebat,
3160 4828 3220 4879 et
3235 4825 3691 4882 confortahatur
3713 4840 3789 4883 ac

2125 4911 2357 4967 dicebat
2394 4929 2406 4963 :
2444 4910 2673 4966 Gratias
2704 4909 2809 4965 tibi
2842 4924 2970 4983 ago,
2999 4913 3248 4985 Christe,
3285 4914 3417 4986 quia
3453 4918 3515 4971 tu
3534 4929 3599 4972 es
3620 4915 3787 4973 Deus

2124 4999 2379 5055 omnium
2414 5013 2627 5056 rerum.
2664 4999 2891 5056 Allatus
2921 5006 3014 5057 est
3044 5007 3240 5059 autem
3275 5001 3465 5060 lectus
3493 5016 3627 5060 cum
3676 5004 3792 5060 tri-

2126 5090 2235 5147 bus
2263 5088 2476 5156 costis;
2510 5092 2571 5144 et
2592 5089 2959 5160 exspoliatus
2982 5093 3042 5147 B.
3080 5092 3427 5150 Laurentius
3457 5093 3790 5151 vestimen-

2126 5213 2276 5271 limn
2294 5211 2654 5287 quotidiana
2675 5212 2892 5287 batilltz
2912 5216 3191 5287 quatuor.
3217 5216 3513 5287 Horatius,
3541 5220 3657 5273 sat.
3693 5222 3731 5275 5
3771 5237 3786 5272 :

2109 5283 2742 5360 Ï†Ï†Î±Î·Î¸á¾³á¾³Î¾á¿¤Î±á½¶Î¶Î¶á¾³Î¸Î·.
2758 5283 2990 5360 Î”á¾¼Î¹Î´á¾´á¼¶Ï„Ï‚Î¹ÎµÎ¾
3007 5286 3111 5360 lib.
3146 5303 3202 5344 ix
3225 5283 3580 5360 Apostoiiae
3607 5288 3791 5360 :AAlii

2122 5355 2256 5416 cum
2274 5355 2512 5413 vahllis
2533 5356 2592 5411 et
2602 5355 2946 5415 tiam-ibatis.
2973 5358 3190 5416 Minora
3214 5355 3367 5416 forte
3390 5360 3497 5417 hac
3522 5358 3788 5430 igniaria

2123 5435 2357 5495 vascula
2376 5434 2580 5513 batilli
2601 5435 2774 5502 dicti;
2798 5437 2950 5493 unde
2974 5437 3183 5510 Gloss.,
3206 5439 3490 5497 vatillum
3509 5436 3786 5513 Ï€Ï…Ïá½±Î¼Î¼Î·

2123 5517 2215 5576 vel
2239 5512 2519 5602 Ï€Î³Ïá½±Î¼Î·Ï‰
2542 5516 2760 5602 majora
2782 5514 2994 5591 batuh',
3017 5518 3102 5577 uti
3125 5518 3220 5579 hic
3242 5519 3333 5578 bis
3355 5518 3535 5580 habes
3557 5519 3791 5594 quibus

2130 5591 2322 5652 sancti
2352 5591 2851 5666 superponuntur.
