3992 6170
374 247 476 301 327

1423 236 1480 293 s.
1523 210 1780 294 Anoms
1815 229 2250 294 ARCHIEPISC.
2293 231 2708 292 VIENNENSIS
3656 249 3752 304 ευ

373 364 492 422 erit
507 359 836 432 impunitus
849 358 1042 430 (Prov.
1061 360 1183 430 xix)
1208 379 1221 416 :
1243 359 1356 416 iste
1379 373 1548 434 quem
1562 360 1747 429 vides,
1762 360 1853 418 vir
1873 358 2003 416 illu-

2118 357 2532 416 consobrinum
2571 373 2794 430 eorum,
2842 363 2903 416 ut
2941 358 3261 418 Susannam
3290 374 3397 420 suo
3429 362 3548 423 ﬁlio
3588 367 3752 426 Maxi-

373 448 686 508 strissime.
705 447 940 504 malitia:
965 462 1086 504 sure
1109 449 1268 507 curis
1291 453 1570 520 aestuans,
1585 450 1657 506 ad
1679 447 1822 506 nihil
1849 447 2008 504 aliud

371 537 722 597 Christianis
755 542 847 594 est
870 537 1132 608 junctus,
1159 537 1269 595 nisi
1305 543 1368 596 ut
1398 539 1685 610 cogitaret
1715 537 2006 610 quomodo

368 643 432 686 se
463 627 631 686 nobis
663 627 828 698 quasi
859 627 1226 684 Christanum
1259 628 1600 685 ostenderet
1628 632 1686 685 et
1719 626 2008 698 quomodo

369 716 503 775 aliis
538 729 602 774 se
647 715 1050 773 ﬁdelissimum
1092 717 1459 774 mentiretur.
1493 716 2008 790 Reprehendebam

371 811 562 863 tamen
598 807 653 862 in
683 820 754 860 eo
777 805 1135 878 Cyclopzeam
1159 805 1530 877 edacitatem,
1556 820 1846 862 emersum
1870 805 2006 862 vino

370 898 660 968 putorem,
690 899 750 950 et
789 893 1072 966 sepultam
1108 895 1287 954 divini
1319 895 1570 952 nominis
1609 895 2002 952 sanctitatem.

327 974 336 982 ’
369 984 582 1041 Ebrius
613 982 946 1056 patiebatur
967 983 1145 1053 sitim,
1171 988 1230 1040 et
1251 984 1500 1040 esuriem
1528 998 1782 1052 vomens,
1814 997 1920 1040 nec
1945 986 2009 1038 ut

372 1071 759 1143 Christianus,
793 1073 896 1128 sed
929 1077 992 1128 ut
1024 1073 1387 1130 Antonianus
1421 1072 1710 1144 quondam
1743 1071 1839 1128 ille
1875 1085 2009 1128 con-

371 1161 523 1232 viva,
558 1161 966 1231 manducabat,
989 1161 1248 1232 bibebat,
1275 1162 1579 1228 vomebat;
1601 1165 1660 1217 et
1681 1175 1834 1217 nunc
1857 1159 2010 1216 Chri-

371 1249 598 1308 stianos
635 1249 849 1321 arguit,
887 1249 1252 1306 Christianos
1283 1255 1554 1316 accusat;
1589 1251 1645 1306 in
1673 1265 1779 1306 nos
1812 1249 2008 1306 mitem

363 1339 618 1410 judicem
649 1339 875 1410 incitat,
901 1337 1157 1406 gladium
1189 1337 1409 1396 nolenti
1437 1339 1618 1410 judici
1655 1338 1922 1412 porrigit,
1949 1343 2008 1394 et

369 1433 432 1486 ut
465 1427 767 1486 daemoniis
799 1428 1064 1484 cervices
1086 1434 1324 1484 nostras
1349 1427 1695 1485 inclinemus
1713 1431 2004 1484 hortatur.

367 1517 643 1574 Videmus
669 1521 866 1574 votum
891 1521 1074 1588 tuum,
1096 1517 1362 1573 videmus
1385 1523 1625 1574 cruenta
1659 1517 1926 1586 consilia,
1951 1520 2008 1572 et

371 1607 658 1665 scelerata
689 1612 815 1665 arte
843 1607 1158 1664 verborum
1181 1622 1400 1664 venena
1421 1609 1506 1664 tui
1541 1608 1799 1680 pectoris
1830 1609 2010 1663 intue-

2120 448 2273 504 mino
2296 447 2353 503 in
2376 448 2680 519 conjugem
2705 451 2950 519 peteret.
2978 447 3116 514 Quae
3141 448 3361 520 Spiritu
3391 458 3600 513 sancto
3631 471 3755 516 cor-

2120 537 2418 608 roborata,
2445 535 2779 606 conjugium
2802 535 3130 607 hujusmodi
3158 541 3402 612 respuit.
3429 543 3500 599 Et
3519 558 3755 618 respon-

2121 625 2264 682 dens
2279 625 2430 697 patri
2443 631 2504 682 et
2527 625 2838 696 avunculo,
2855 626 3005 682 dixit
3031 627 3254 698 :Pater,
3271 629 3394 688 scio
3419 631 3551 702 quia
3576 633 3647 691 de
3659 651 3758 694 ore

2119 717 2222 772 tuo
2253 729 2380 772 sum
2403 714 2658 785 erudita,
2685 719 2747 772 ut
2772 715 3105 773 castitatem
3129 716 3396 775 studeam
3417 733 3675 794 servare,
3699 729 3758 780 et

2121 804 2460 876 pudicitiam
2491 803 2732 862 Domino
2763 807 2898 862 Jesu
2925 804 3156 862 Christo
3196 807 3504 876 exhibere;
3538 809 3594 866 in
3635 811 3760 882 ejus

2119 907 2260 964 ergo
2285 894 2492 950 timore
2508 893 2626 963 jam
2650 893 2996 963 constituta,
3023 909 3311 966 nunquam
3333 895 3759 968 coinquinabor

2117 982 2272 1040 virili
2291 982 2718 1053 commistione,
2745 982 2846 1040 sed
2879 983 2973 1039 cui
2993 997 3084 1040 me
3115 983 3295 1040 semel
3316 985 3618 1044 tradidisti
3652 987 3762 1061 ipsi

2119 1073 2336 1141 servio,
2361 1076 2421 1128 et
2445 1071 2500 1128 in
2525 1070 2654 1142 ipso
2677 1071 2928 1129 conﬁdo.
2958 1073 3249 1144 lpseenim
3275 1074 3437 1132 novit
3460 1077 3763 1135 conscien-

2120 1161 2256 1218 tiam
2275 1175 2478 1218 meam.
2496 1160 2748 1216 Proinde
2764 1161 3042 1218 Claudius
3065 1161 3190 1234 ipse
3211 1165 3577 1236 respondens
3601 1167 3680 1237 ei,
3706 1172 3761 1224 et

2119 1250 2390 1322 aperiens
2420 1255 2619 1306 votum
2649 1249 3019 1320 Diocletiani,
3054 1265 3186 1308 cum
3217 1251 3376 1310 nullo
3421 1255 3594 1312 modo
3637 1255 3766 1326 ejus

2121 1339 2372 1396 animum
2389 1337 3001 1411 potuissetinclinare,
3031 1343 3093 1396 ut
3115 1340 3572 1412 conjungeretur
3595 1345 3769 1402 Maxi-

2123 1427 2276 1484 mino
2313 1427 2431 1483 ﬁlio
2463 1426 2610 1498 ejus,
2645 1427 2748 1484 sed
2783 1428 3022 1500 insuper
3052 1429 3323 1488 eruditus
3351 1436 3412 1487 et
3436 1431 3766 1499 instructus

2122 1517 2178 1573 in
2211 1517 2302 1572 via
2335 1517 2436 1572 Dei
2460 1531 2490 1573 a
2515 1516 2704 1573 beatis
2728 1517 2866 1574 Gaio
2887 1522 2948 1572 et
2970 1518 3232 1589 Gabinio,
3269 1520 3671 1592 paenitentiam
3697 1523 3767 1578 de

2119 1605 2402 1678 sanguine
2416 1609 2753 1663 sanctorum
2769 1620 2938 1677 quem
2951 1606 3258 1680 effuderat,
3269 1610 3661 1682 poposcisset,
3671 1611 3768 1669 ba-

369 1712 516 1754 mur.
545 1698 864 1769 Accingere
886 1712 1058 1768 nunc,
1075 1713 1108 1752 ο
1133 1697 1612 1768 sceleratissime,
1640 1703 1804 1780 utere
1823 1696 2010 1754 carni-
2039 1717 2093 1778 Β
2122 1696 2384 1768 ptizatus
2404 1699 2632 1752 est'una
2657 1711 2788 1752 cum
2803 1709 2986 1754 uxore
2999 1711 3102 1754 sua
3117 1698 3348 1755 nomine
3364 1699 3766 1772 Prmpedigna,

371 1785 501 1844 ﬁcis
547 1787 760 1858 ofﬁcio,
789 1787 1020 1844 vindica
1055 1787 1160 1843 tibi
1199 1786 1256 1842 et
1295 1787 1482 1858 ipsius
1521 1787 1740 1856 judicis
1783 1800 2007 1856 vocem,

368 1875 594 1948 applica
622 1875 926 1947 equuleos,
943 1869 1205 1948 appende
1228 1875 1611 1946 Christianos,
1638 1876 1864 1946 damna,
1885 1889 2013 1947 per-

367 1969 522 2035 cute,
541 1965 806 2036 incende,
826 1966 970 2021 bene
984 1980 1090 2021 nos
1111 1965 1365 2036 accipis;
1383 1965 1431 2022 si
1455 1965 1728 2022 exsilium
1749 1965 2008 2036 minaris,

367 2053 476 2110 hoc
510 2053 1062 2126 pbilosophantibus
1095 2059 1256 2110 totus
1285 2060 1379 2110 est
1409 2055 1678 2112 mundus.
1712 2054 1767 2111 Si
1797 2054 2014 2126 suppli-

365 2141 540 2212 cium,
571 2143 874 2200 evadimus
908 2143 1105 2199 mundi
1138 2157 1467 2210 carcerem;
1503 2144 1552 2200 si
1583 2144 1766 2214 ignes,
1793 2143 2010 2214 majora

363 2231 454 2288 his
504 2231 770 2288 incendia
825 2233 881 2288 in
933 2232 1358 2304 cupiditatibus
1409 2233 1712 2299 vincimus.
1753 2235 2012 2289 Decerne

367 2320 652 2392 quidquid
677 2321 840 2378 libet.
861 2321 1060 2377 Omnis
1081 2321 1251 2378 nobis
1271 2321 1407 2378 vilis
1428 2326 1522 2378 est
1543 2337 1731 2394 paena,
1749 2323 1847 2378 ubi
1869 2337 2010 2395 pura

365 2425 564 2467 comes
586 2415 678 2466 est
709 2409 1093 2466 conscientia.
1119 2397 1258 2466 Post
1281 2411 1404 2466 haec
1431 2411 1738 2481 Fabianus,
1765 2427 1895 2468 cum
1919 2425 2014 2467 ve-

367 2499 598 2556 rissime
614 2498 848 2568 juvenis
871 2498 1281 2554 sanctissimus
1295 2498 1588 2555 Christum
1605 2499 2008 2570 conﬁteretur,

359 2587 542 2659 jussit
583 2592 718 2643 ante
761 2588 940 2660 pedes
983 2586 1110 2657 ejus
1143 2588 1432 2644 carbones
1463 2587 1739 2644 ardentes
1769 2588 2008 2659 effundi,

365 2675 568 2734 dicens
600 2676 673 2732 ad
703 2690 835 2732 eum
871 2695 882 2730 :
917 2675 1081 2746 Elige
1128 2675 1238 2732 tibi
1283 2691 1459 2732 unum
1499 2676 1570 2734 de
1603 2677 1834 2734 duobus
1866 2697 1877 2732 :
1911 2683 2013 2734 aut

364 2765 537 2822 thura
570 2765 624 2821 in
659 2765 790 2822 istis
822 2765 1180 2822 carbonibus
1203 2764 1411 2835 adjice,
1436 2770 1537 2823 aut
1563 2767 1810 2838 pedibus
1834 2781 2013 2838 super

361 2869 466 2913 eos
499 2855 672 2912 nudis
697 2853 922 2911 incede.
951 2853 1052 2910 llle
1076 2860 1269 2911 autem
1295 2855 1515 2916 faciens
1539 2856 1767 2926 signum
1793 2856 2007 2926 crucis,

362 2950 706 3002 constanter
735 2959 913 3018 super
942 2958 1046 3001 eos
1078 2945 1230 3001 nuda
1266 2945 1574 3014 ingressus
1595 2949 1688 3001 est
1713 2945 1928 3017 planta,
1951 2949 2012 3002 et

2122 1790 2180 1842 et
2196 1785 2332 1842 ﬁliis
2357 1783 2687 1840 Alexandro
2709 1788 2771 1840 et
2793 1785 2981 1856 Cutia,
3004 1791 3064 1841 et
3086 1786 3140 1841 in
3168 1791 3390 1844 tantum
3414 1787 3468 1843 in
3495 1788 3608 1846 ﬁde
3630 1804 3768 1846 con-

2120 1874 2304 1932 valuit
2327 1879 2392 1932 ut
2414 1888 2616 1930 omnes
2641 1873 2953 1931 facultates
2978 1889 3116 1932 suas
3137 1876 3438 1948 venderet,
3463 1882 3526 1933 et
3549 1892 3767 1952 paupe-

2121 1964 2285 2020 ribus
2310 1963 2658 2019 Christianis
2679 1967 2982 2034 erogaret;
3007 1967 3067 2021 et
3089 1979 3470 2038 quoscunque
3483 1967 3649 2024 adire
3663 1984 3766 2040 po-

2121 2055 2294 2126 terat,
2323 2052 2418 2122 qui
2443 2051 2498 2106 in
2521 2051 2791 2108 custodia
2817 2053 3189 2124 tenebantur,
3205 2055 3769 2114 victuetvestimen-

2122 2142 2198 2198 tis
2211 2140 2532 2210 relevabat,
2563 2140 2802 2197 mittens
2823 2155 2886 2197 se
2909 2141 2980 2198 ad
3007 2142 3185 2213 pedes
3207 2141 3570 2214 singulorum
3583 2149 3768 2217 atque

2119 2232 2408 2288 orationis
2437 2231 2687 2301 gratiam
2723 2231 2795 2287 ab
2825 2231 2912 2288 eis
2945 2235 3172 2288 tantum
3201 2237 3509 2306 exoptans.
3533 2236 3769 2292 Interea

2120 2322 2253 2378 dum
2272 2325 2408 2392 post
2425 2334 2682 2376 mensem
2697 2335 2872 2376 unum
2893 2325 2954 2376 et
2977 2319 3102 2377 dies
3124 2322 3419 2379 sexdecim
3443 2323 3772 2395 requiritur

2122 2424 2152 2465 a
2177 2409 2562 2480 Diocletiano,
2587 2415 2648 2464 et
2669 2423 3015 2480 responsum
3038 2415 3132 2466 est
3152 2411 3207 2466 ei
3236 2411 3392 2482 quod
3414 2411 3772 2483 aegritudine

2122 2503 2446 2570 teneretur,
2483 2499 2758 2568 misitque
2802 2499 3040 2556 fratrem
3081 2499 3207 2570 ejus
3249 2500 3320 2557 ad
3359 2515 3492 2558 eum
3533 2503 3773 2559 nomine

2119 2587 2448 2658 Maximum,
2474 2587 2746 2644 comitem
2770 2589 2852 2644 rei
2880 2588 3142 2660 privatae,
3168 2594 3232 2646 ut
3254 2589 3691 2662 visitareteum,
3711 2595 3776 2648 et

2119 2683 2323 2746 ageret
2356 2692 2486 2733 cum
2521 2675 2622 2732 illo
2656 2677 2727 2733 de
2763 2676 2954 2748 puella
2989 2677 3267 2734 Susanna.
3301 2677 3552 2734 Veniens
3585 2679 3774 2750 igitur

2121 2765 2399 2822 Maximus
2433 2764 2656 2820 invenit
2700 2765 3001 2822 Claudium
3044 2765 3101 2822 in
3139 2765 3335 2822 cilicio
3375 2772 3662 2836 orantem,
3709 2771 3770 2824 et

2119 2855 2468 2926 obstupuit;
2502 2868 2751 2924 cumque
2785 2869 2904 2910 rem
2939 2869 3045 2926 pro
3071 2869 3180 2925 qua
3203 2859 3443 2912 venerat
3477 2869 3580 2927 per
3610 2855 3773 2912 ordi-

2121 2957 2250 2999 nem
2273 2949 2630 3013 enarrasset,
2669 2943 2942 3015 perduxit
2975 2958 3106 3000 eum
3139 2943 3415 3000 Claudius
3437 2944 3505 3000 ad
3532 2944 3771 3002 domum

363 3035 778 3134 cmpit‘dicere
813 3053 824 3089 :
861 3037 1092 3106 Depone
1124 3034 1550 3134 inﬁdelitatem,
1584 3039 1643 3090 et
1677 3035 1837 3092 disce
1877 3035 2008 3108 quia
2044 3070 2093 3134 Ο
2122 3031 2278 3088 beati
2313 3031 2557 3134 Gabinii,
2592 3036 2652 3131 e-t
2687 3031 3002 3134 diligenter
3043 3031 3099 3088 ei
3141 3032 3350 3088 beatus
3389 3032 3670 3134 Gabinius
3709 3037 3772 3090 et

362 3123 458 3178 hic
491 3121 652 3179 solus
683 3127 772 3178 est
805 3124 957 3178 Deus
991 3137 1160 3193 quem
1189 3122 1540 3180 conﬁtemur
1573 3125 1866 3180 creaturis
1899 3139 2012 3180 om-

364 3209 540 3266 nibus
583 3209 911 3277 dominari;
947 3224 1077 3265 nam
1109 3210 1246 3266 mihi
1285 3210 1342 3266 in
1380 3211 1611 3268 nomine
1642 3212 1864 3268 Domini
1899 3213 2011 3268 mei

361 3299 499 3355 Iesu
535 3299 752 3356 Christi
790 3298 1026 3356 videtur
1056 3299 1212 3370 quod
1259 3313 1438 3372 super
1477 3314 1684 3356 roseos
1721 3299 1896 3357 ﬂores
1929 3301 2010 3357 in-

363 3387 620 3460 grediar,
643 3387 778 3458 quia
811 3393 1082 3444 creatura
1110 3388 1234 3458 ipsa
1256 3389 1553 3444 Creatoris
1574 3389 1886 3446 famulatur
1910 3389 2011 3444 im-

365 3477 548 3550 perio.
572 3477 672 3533 Cui
709 3475 994 3533 Fabianus
1027 3495 1039 3532 :
1076 3477 1216 3543 Quis
1247 3477 1473 3548 ignorat
1509 3482 1693 3534 artem
1727 3478 2008 3548 magicam

363 3579 469 3622 vos
483 3565 759 3622 docuisse
775 3565 1068 3622 Christum
1086 3566 1767 3637 vestrummbmutesce,
1785 3567 2004 3636 infelix,

363 3653 652 3712 exclamat
677 3654 997 3726 Tiburtius,
1021 3659 1073 3711 el
1103 3653 1219 3710 noli
1251 3655 1494 3712 auribus
1525 3655 1668 3712 meis
1698 3657 1843 3711 hanc
1864 3655 2010 3727 inju-

363 3743 508 3800 riam
540 3743 752 3816 facere,
777 3748 840 3801 ut
862 3744 1091 3801 audiam
1112 3751 1170 3802 te
1195 3744 1398 3801 rabido
1417 3759 1519 3801 ore
1540 3745 1848 3800 latrantem
1874 3745 2010 3800 mel-

362 3832 584 3892 liﬂuum
601 3848 808 3891 nomen
821 3838 880 3891 et
894 3838 1161 3891 sanctum
1176 3834 1496 3890 nominare.
1515 3837 1706 3891 Iratus
1721 3835 2008 3890 Fabianus

363 3922 610 3981 dictavit
625 3924 1000 3993 sententiam,
1018 3931 1082 3979 ut
1094 3923 1290 3993 gladio
1305 3923 1890 3980 animadverteretur.
1907 3925 2010 3980 Du-

361 4018 496 4069 ctus
524 4017 717 4069 autem
742 4013 797 4066 in
821 4012 910 4066 via
936 4011 1217 4066 Lavicana
1244 4011 1421 4066 tertio
1441 4011 1714 4068 milliario
1737 4013 1809 4066 ab
1830 4013 2003 4084 Urbe,

363 4108 479 4156 uno
502 4099 624 4156 ictu
646 4099 824 4169 gladii
848 4113 1169 4171 percussus
1183 4098 1498 4154 abscessit.
1517 4099 1578 4155 In
1592 4099 1796 4157 eodem
1812 4105 2006 4157 autem

362 4185 495 4244 loco
523 4201 554 4243 a
587 4188 838 4258 quodam
873 4192 1110 4244 rarente
1129 4187 1462 4244 Christiano
1486 4187 1755 4261 sepultus
1777 4194 1870 4246 est
1894 4194 2007 4246 ter-

362 4276 448 4334 tio
479 4275 616 4334 ldus
647 4275 915 4348 Augusti.

433 4365 648 4424 Eodem
681 4365 774 4424 die
802 4367 1020 4437 Romae,
1053 4367 1246 4424 natale
1278 4372 1498 4426 sanctae
1531 4369 1809 4427 Susannae
1835 4368 2008 4440 virgi-

2121 3126 2363 3178 sanctus
2387 3121 2560 3176 Gaius
2583 3120 2734 3176 viam
2756 3119 3416 3192 Dominiexposuerunt.
3437 3121 3596 3178 Unde
3611 3135 3775 3178 com-

2121 3215 2376 3280 punctus
2401 3209 2654 3266 credidit
2679 3208 2978 3272 Maximus.
3003 3213 3062 3264 et
3089 3209 3422 3280 baptizatus
3443 3215 3556 3266 est.
3575 3210 3774 3268 Abea-

2091 3299 2249 3354 -dem
2293 3313 2432 3354 vero
2463 3297 2556 3354 die
2588 3297 2766 3368 coepit
2803 3296 3138 3354 facultatem
3172 3312 3333 3354 suam
3375 3299 3629 3355 vendere
3661 3313 3772 3371 per

2120 3387 2424 3458 quemdam
2465 3386 2712 3442 amicum
2742 3400 2908 3442 suum
2944 3387 3172 3442 nomine
3211 3387 3564 3444 Thrasonem
3606 3388 3773 3445 Chri-

2119 3475 2539 3532 stianissimum
2589 3479 2880 3545 rogatum,
2934 3475 3032 3546 qui
3081 3475 3353 3532 occultus
3396 3475 3773 3534 Christianus

2118 3567 2266 3632 erat,
2321 3577 2490 3634 quem
2531 3567 2667 3619 ante
2710 3563 2928 3620 multos
2975 3578 3162 3620 annos
3203 3565 3410 3621 beatus
3452 3566 3628 3624 Gaius
3670 3567 3773 3624 ba-

2119 3653 2468 3724 ptizaverat.
2496 3651 2602 3718 Qui
2629 3652 2982 3709 circumiens
3005 3655 3310 3710 nocturnis
3332 3655 3493 3710 boris
3518 3654 3682 3711 vicos
3703 3660 3772 3712 et

2118 3757 2409 3812 carceres,
2449 3741 2804 3813 pauperibus
2837 3741 3185 3798 Christianis
3224 3743 3555 3800 necessaria
3601 3744 3772 3800 mini-

2119 3831 2371 3901 strabat,
2404 3834 2462 3886 et
2501 3835 2668 3900 gesta
2710 3843 2911 3886 eorum
2952 3829 3290 3902 colligebat,
3333 3831 3768 3904 memoriasque

2115 3935 2333 3977 exorna
2344 3921 2458 3977 bat.
2486 3921 2626 3976 Post
2649 3919 2777 3976 dies
2799 3919 3152 3990 quindecim,
3178 3924 3312 3976 nota
3331 3919 3480 3977 facta
3495 3925 3636 3977 sunt
3650 3935 3770 3977 om-

2117 4009 2209 4066 nia
2245 4009 2627 4078 Diocletiano,
2663 4013 2722 4065 et
2753 4008 2910 4064 misit
2939 4008 3176 4079 Iulium,
3212 4008 3310 4080 qui
3342 4007 3672 4080 Claudium,
3707 4013 3769 4066 et

2116 4097 2442 4166 Maximum,
2493 4095 2953 4168 Praepedignam,
3006 4097 3397 4154 Alexandrum
3437 4103 3618 4169 atque
3662 4099 3770 4156 Cu-

2120 4187 2264 4242 riam
2292 4185 2555 4258 puniret;
2582 4185 2882 4242 Gabinium
2908 4199 3048 4243 vero
3069 4191 3128 4242 et
3162 4187 3480 4243 Susannam
3507 4186 3770 4245 vinculis

2117 4275 2574 4346 constringeret.
2605 4275 2674 4330 Et
2711 4279 2840 4346 post
2875 4275 3002 4332 dies
3041 4275 3460 4347 quinquaginta
3503 4275 3768 4348 quinque

2114 4365 2292 4437 jussit
2307 4364 2706 4422 Diocletianus
2719 4368 2782 4422 ut
2798 4365 2966 4422 beata
2983 4364 3242 4422 Susanna
3267 4365 3672 4423 adduceretur
3692 4363 3769 4422 ad

361 4453 454 4512 nis
483 4459 545 4512 et
575 4455 870 4528 martyris,
905 4429 1017 4513 sub
1043 4455 1406 4513 Diocletiano
1435 4462 1495 4513 et
1524 4455 1866 4514 Maximiano
1896 4429 2009 4516 Avu-
2039 4429 2090 4490 D
2114 4429 2396 4510 Serenam
2411 4468 2652 4512 uxorem
2667 4453 3587 4527 suam,qumocculterristiana
3607 4457 3764 4512 erat.

359 4543 574 4616 gustis,
599 4544 798 4616 judice
827 4545 1185 4604 Macedonio.
1221 4545 1348 4603 Fuit
1383 4551 1577 4604 autem
1608 4547 1723 4604 ﬁlia
1758 4547 2001 4618 gloriosi

360 4633 693 4708 presbyteri
715 4639 774 4692 et
793 4635 1070 4708 martyris
1092 4635 1340 4706 Gabinii,
1369 4635 1570 4692 fratris
1593 4637 1716 4693 Gaii
1739 4637 2003 4709 episc0pi

361 4729 421 4781 et
449 4725 746 4797 martyris,
773 4724 955 4781 nobili
978 4724 1127 4783 satis
1149 4730 1277 4782 orta
1312 4727 1611 4799 progenie,
1633 4739 1804 4796 quam
1839 4731 2006 4798 pater

361 4813 712 4885 nutriverat,
731 4819 790 4871 et
809 4813 1024 4870 divinis
1046 4814 1264 4872 litteris
1289 4815 1598 4872 imbuerat.
1627 4814 1883 4871 Audiens
1906 4813 2006 4871 ita-

359 4918 471 4974 que
493 4902 892 4961 Diocletianus
909 4903 980 4960 de
993 4903 1183 4976 puella
1199 4905 1354 4976 quod
1382 4901 1815 4975 pulchritudine
1837 4908 1898 4958 et
1921 4917 2005 4960 sa-

360 4991 577 5064 pientia
621 4991 1006 5066 praecelleret,
1049 4993 1208 5050 misit
1252 4993 1324 5049 ad
1355 4991 1657 5048 Gabinium
1697 4991 2002 5063 quemdam

359 5081 458 5150 qui
481 5086 608 5138 erat
635 5097 706 5139 ex
734 5097 948 5152 genere
967 5083 1096 5153 ejus
1116 5081 1532 5138 consobrinum
1555 5095 1746 5152 suum,
1771 5082 2002 5140 nomine

362 5165 686 5242 Claudium,
701 5175 761 5228 et
774 5171 1120 5244 petiviteam
1137 5173 1409 5240 Augusto
1424 5168 1730 5227 Maximino
1753 5170 1872 5227 ﬁlio
1893 5186 2001 5228 suo

361 5255 418 5311 in
451 5258 778 5328 conjugem.
817 5260 1070 5318 Veniens
1108 5259 1358 5330 denique
1399 5257 1676 5316 Gabinius
1715 5260 1787 5316 ad
1826 5259 2001 5316 ﬁliam

365 5358 530 5402 suam
562 5346 902 5422 Susannam,
935 5349 1165 5422 rogavit
1205 5349 1494 5408 interesse
1535 5349 1735 5406 Gaium
1773 5349 2002 5422 episco-

362 5449 498 5522 pum
546 5434 732 5509 urbis,
759 5437 1109 5498 avunculum
1149 5440 1298 5514 ejus,
1332 5446 1394 5500 et
1436 5439 1698 5500 narravit
1735 5439 1822 5498 eis
1861 5453 2003 5512 quo-

363 5522 536 5583 modo
580 5523 979 5589 Diocletianus
1017 5532 1318 5604 Augustus
1347 5531 1666 5592 direxisset
1697 5527 1998 5589 Claudium

2117 4543 2257 4599 Cum
2291 4543 2489 4614 itaque
2521 4543 2750 4614 hymnis
2779 4549 2839 4600 et
2863 4542 3232 4600 orationibus
3253 4557 3385 4600 cum
3407 4555 3474 4600 ea
3497 4546 3790 4612 vacaret,-

2113 4637 2173 4689 et
2217 4633 2312 4690 die
2353 4636 2650 4704 noctuque
2691 4631 2747 4688 in
2790 4629 2960 4688 laude
3000 4631 3100 4688 Dei
3144 4629 3402 4704 psalmos
3442 4630 3764 4701 recineret,

2116 4722 2446 4788 nuntiatum
2493 4725 2585 4778 est
2630 4721 2742 4778 hoc
2781 4719 3164 4778 Diocletiano.
3207 4722 3365 4778 Tunc
3406 4720 3561 4776 idem
3611 4719 3768 4777 dixit

2114 4811 2420 4868 Maximino
2472 4809 2590 4866 filio
2621 4823 2729 4866 suo
2759 4813 2822 4866 ut
2849 4813 3239 4870 revocaretur
3269 4808 3528 4867 Susanna
3559 4808 3634 4864 ad
3669 4821 3769 4880 pa-

2114 4899 2226 4956 tris
2251 4899 2340 4955 sui
2365 4898 2590 4955 Gabinii
2615 4899 2870 4971 demum,
2894 4904 2954 4957 et
2977 4899 3058 4956 ibi
3079 4901 3430 4956 abuteretur
3449 4911 3538 4968 ea,
3568 4902 3634 4954 ut
3651 4894 3765 4969 ipsi

2116 4987 2348 5044 liberet.
2375 4988 2504 5058 Ipsa
2529 5003 2668 5046 vero
2693 4993 2886 5060 nocte,
2915 4992 3222 5060 postquam
3247 4990 3523 5045 revocata
3544 4991 3662 5053 est,
3677 4984 3768 5042 in-

2111 5090 2356 5148 gressus
2379 5076 2720 5135 Maximinus
2741 5077 2799 5134 in
2823 5077 3075 5148 domum,
3103 5076 3203 5134 ubi
3237 5077 3443 5134 orabat
3472 5075 3760 5144 Susanna,

2113 5165 2506 5224 viciitnimiam
2521 5167 2849 5225 claritatem
2864 5165 3260 5238 superipsam,
3287 5171 3347 5224 et
3370 5163 3667 5235 extimuit,
3697 5166 3766 5220 et

2113 5254 2331 5313 cursim
2364 5255 2538 5312 rediit
2569 5257 2640 5313 ad
2684 5255 2982 5328 palatium.
3025 5255 3425 5314 Diocletianus
3463 5268 3605 5312 vero
3645 5253 3767 5309 hoc

2111 5345 2226 5404 arti
2257 5345 2494 5417 magicae
2524 5345 2833 5418 deputans,
2866 5344 3024 5403 misit
3056 5345 3474 5415 Macedonium,
3507 5343 3607 5416 qui
3629 5355 3765 5400 eam

2112 5434 2545 5508 constringeret
2568 5435 2718 5494 infra
2739 5436 2972 5495 domum
2989 5435 3136 5508 ejus,
3163 5439 3228 5495 ut
3241 5433 3626 5494 sacriﬁcaret.
3644 5429 3762 5500 Qui

2112 5525 2249 5586 dum
2277 5525 2456 5588 vellet
2487 5539 2613 5586 eam
2647 5526 2907 5600 flectere,
2940 5529 3006 5584 ut
3028 5525 3142 5584 diis
3165 5524 3515 5596 immolaret,
3540 5533 3762 5596 exspo-
