4004 6168
257 250 355 304 329

1001 237 1604 297 MARTYROLOGIUM
1642 237 1786 295 CUM
1818 237 2346 296 ADDITAMENTIS.
2380 269 2451 281 —
2490 239 2694 299 MENS.
2738 244 2898 300 AUG.

3550 257 3656 307 330

256 369 399 427 lians
412 380 541 426 eam
557 364 1010 438 ccepitfustib’us
1023 363 1269 422 caedere.
1290 365 1463 420 Beata
1478 377 1617 420 vero
1635 363 1894 421 Susanna
1925 364 1981 425 A
2011 369 2290 435 sumeret,
2316 369 2600 422 venerunt
2624 365 2840 423 milites
2867 372 2926 422 et
2954 371 3266 426 tenuerunt
3286 375 3345 426 et
3369 371 3654 442 perduxe-

257 458 487 517 dicebat
523 475 536 512 :
571 454 768 512 Gloria
809 454 939 525 tibi,
973 453 1229 510 Domine.
1265 452 1474 525 Sicque
1518 454 1685 509 beata
1732 452 1899 523 virgo

258 559 603 623 permanens
633 545 689 601 in
721 543 1093 601 confessione
1123 542 1368 613 Domini,
1397 542 1592 612 gladio
1618 556 1899 615 percussa

258 641 344 695 est
365 636 524 692 intra
548 634 782 691 domum
800 647 986 704 suam,
1003 637 1062 689 et
1085 632 1355 704 spiritum
1382 631 1900 688 incontaminatum

255 729 366 784 Deo
398 722 679 780 reddidit.
711 722 851 791 Ejus
880 736 1098 794 corpus
1126 720 1365 791 collegit
1396 722 1604 777 Serena
1638 722 1900 790 Augusta

255 821 451 886 noctu,
469 820 531 872 et
553 813 824 870 manibus
848 813 973 870 suis
995 827 1125 868 cum
1148 810 1585 868 linteaminibus
1605 816 1660 868 et
1685 825 1902 867 aroma-

257 907 411 963 tibus
434 905 691 974 ornavit,
717 906 776 960 et
806 902 1005 975 posuit
1021 902 1186 973 juxta
1210 916 1456 973 corpora
1482 905 1818 958 sanctorum
1844 899 1899 955 in

257 994 592 1053 cmmeterio
626 990 939 1050 Alexandri
975 991 1029 1045 in
1061 990 1350 1061 arenario,
1387 990 1441 1045 in
1473 994 1698 1063 crypta,
1732 989 1899 1059 juxta

258 1087 520 1142 sanctum
554 1080 969 1150 Alexandrum,
1002 1079 1179 1136 tertio
1204 1078 1349 1136 Idus
1369 1079 1636 1150 Augusti.
1664 1077 1901 1148 Sangui-

258 1187 378 1231 nem
400 1185 544 1229 vero
568 1169 865 1242 martyris,
883 1167 981 1240 qui
1003 1167 1225 1225 eﬁ‘usus
1251 1167 1438 1224 fuerat
1463 1167 1517 1223 in
1542 1167 1674 1223 loco
1694 1167 1901 1224 domus

259 1276 392 1331 sum,
414 1259 705 1317 velamine
729 1257 999 1326 detersit,
1025 1260 1083 1313 et
1106 1256 1304 1328 posuit
1329 1257 1386 1312 in
1426 1270 1602 1328 capsa
1626 1259 1900 1326 argentea

258 1350 308 1406 in
339 1348 563 1423 palatio
596 1362 726 1418 suo,
771 1346 870 1403 ubi
904 1345 998 1402 die
1035 1349 1329 1416 noctuque
1361 1345 1595 1401 furtivis
1627 1343 1904 1400 orationi-

259 1440 359 1496 bus
393 1437 775 1509 semetipsam
804 1435 1046 1491 Domino
1077 1433 1429 1495 effundebat.
1464 1435 1643 1491 Passa
1673 1438 1767 1491 est
1807 1447 1903 1491 au-

258 1532 364 1585 tem
398 1543 464 1584 III
496 1526 638 1584 Idus
669 1523 940 1596 Augusti.

618 1634 680 1689 G.
735 1631 976 1690 PRIDIE
1024 1630 1184 1685 IDUS
1231 1630 1545 1686 AUGUSTI.

936 1720 1028 1792 (12
1058 1719 1229 1791 Aug.)

326 1833 387 1888 In
418 1828 648 1900 Sicilia,
668 1827 908 1885 civitate
939 1825 1269 1895 Catanensi,
1295 1823 1488 1881 natale
1521 1823 1709 1881 sancti
1739 1823 1905 1897 Eupli

265 1919 515 1990 diaconi,
551 1916 915 1974 Diocletiano
961 1919 1021 1972 et
1049 1913 1393 1971 Maximiano
1430 1912 1730 1984 Augustis.
1768 1914 1906 1970 Cum

264 2009 403 2067 enim
435 2010 608 2065 esset
638 2011 804 2064 extra
831 2004 1023 2062 velum
1068 2002 1374 2061 secretarii
1405 2002 1624 2059 beatus
1663 2001 1904 2075 Euplus,

264 2097 658 2155 Christianum
682 2109 747 2152 se
767 2094 1099 2163 confessus,
1119 2092 1498 2149 intromissus
1526 2096 1639 2162 est,
1664 2092 1907 2163 jubente

264 2186 593 2244 Calvisiano
621 2182 942 2253 consulari,
980 2182 1035 2239 in
1066 2181 1441 2239 auditorium.
1473 2181 1544 2237 Et
1574 2195 1706 2238 cum
1737 2180 1815 2236 ibi
1847 2180 1908 2235 ﬁ-

268 2275 385 2335 dem
408 2289 584 2333 suam
608 2272 1007 2347 proﬁteretur,
1034 2271 1397 2329 Calvisianus
1419 2269 1569 2326 dixit
1593 2289 1606 2324 :
1629 2271 1909 2341 Torquea-

263 2369 349 2422 tur
366 2363 601 2437 Euplus
626 2375 931 2434 quousque
961 2359 1315 2418 conﬁteatur
1344 2358 1487 2416 deos
1509 2373 1703 2429 veros,
1728 2358 1909 2414 omni-

262 2458 553 2526 potentes,
569 2451 831 2520 Martem,
856 2447 1203 2522 Apollinem,
1229 2452 1288 2504 et
1312 2446 1666 2519 Asclepium.
1694 2449 1907 2504 Beatus

262 2541 471 2615 Euplus
499 2538 839 2613 respondit:
866 2539 1017 2595 Bene
1038 2535 1690 2608 dixisti,Calvisiane,ut
1712 2536 1911 2605 adora-

263 2630 734 2687 rem'l‘rinitatem
759 2625 1232 2701 inseparabilem,
1251 2640 1425 2683 unum
1442 2624 1908 2682 Deum.Audiens

263 2718 649 2788 Calvisianus,
668 2716 896 2790 putavit
916 2729 1047 2774 eum
1071 2715 1142 2772 de
1165 2714 1279 2771 diis
1295 2713 1420 2771 suis
1436 2713 1682 2784 dixisse,
1699 2718 1758 2770 et
1779 2727 1911 2784 gau-

266 2804 359 2863 dio
388 2804 673 2879 repletus,
710 2806 794 2861 ait
826 2824 839 2860 :
873 2805 1024 2876 Ergo
1056 2803 1343 2861 sacriﬁca.
1377 2803 1480 2861 Cui
1522 2804 1730 2860 beatus
1763 2817 1909 2859 mar-

263 2899 358 2967 tyr
386 2915 401 2950 :
434 2896 556 2967 Ego
589 2894 862 2951 sacriﬁco
900 2898 961 2949 et
1001 2892 1235 2949 immolo
1274 2907 1362 2951 me
1411 2892 1602 2964 ipsum
1632 2892 1814 2962 Patri,
1849 2898 1909 2949 et

260 2980 420 3054 I-‘ilio,
444 2987 511 3040 et
538 2983 783 3054 Spiritui
808 2986 1033 3038 sancto.
1061 2982 1318 3039 Audiens
1342 2982 1451 3037 hoc
1476 2980 1689 3052 impius
1705 2980 1906 3052 judex,

260 3075 592 3128 commotus
622 3072 730 3141 ira,
758 3071 940 3141 jussit
970 3084 1100 3127 eum
1133 3069 1383 3141 amplius
1417 3069 1700 3140 torqueri.
1730 3070 1799 3124 Et
1832 3068 1911 3125 ul-
1938 3084 1988 3147 ο

263 3160 395 3216 timo
423 3158 596 3216 dedit
626 3158 1543 3227 sententiam,dicens:Jubemus
1564 3156 1808 3230 Euplum
1825 3156 1909 3228 ju-

262 3253 347 3306 sto
363 3248 600 3321 judicio
625 3253 830 3306 nostro
863 3248 1058 3319 gladio
1090 3246 1361 3304 interﬁci.
1388 3248 1604 3303 Beatus
1627 3261 1766 3304 vero
1802 3248 1910 3303 Eu-

263 3336 385 3409 plus
415 3338 652 3408 gratias
681 3338 802 3407 egit
840 3336 1082 3394 Domino
1122 3342 1329 3394 nostro
1366 3337 1506 3392 Jesu
1547 3335 1803 3393 Christo.
1840 3337 1911 3392 Et

261 3439 383 3482 cum
415 3427 765 3497 duceretur,
800 3424 1060 3499 repletus
1101 3427 1321 3498 Spiritu
1360 3430 1569 3482 sancto
1612 3426 1862 3482 canebat
1895 3444 1907 3480 :

263 3514 456 3586 Magna
488 3519 587 3572 est
616 3514 803 3584 gloria
833 3519 954 3586 tua,
985 3515 1245 3586 Domine,
1279 3514 1335 3572 in
1366 3514 1556 3572 servis
1590 3515 1729 3585 tuis,
1762 3528 1911 3584 quos

262 3602 328 3658 ad
349 3607 409 3661 te
431 3616 656 3661 vocare
678 3602 955 3673 dignatus
972 3619 1055 3661 es.
1076 3604 1343 3660 Flectens
1359 3604 1557 3675 itaque
1571 3617 1755 3673 genua
1782 3617 1908 3673 sua,

262 3689 421 3749 ﬁnita
457 3691 752 3762 oratione,
779 3693 1007 3764 paravit
1033 3693 1344 3764 cervicem,
1370 3697 1429 3749 et
1461 3690 1790 3748 decollatus
1819 3696 1911 3748 est

262 3792 312 3834 IV
339 3780 484 3838 ldus
535 3782 809 3849 Augusti.
843 3780 1146 3853 Sepultum
1183 3786 1276 3838 est
1311 3795 1528 3853 corpus
1558 3781 1685 3852 ejus
1714 3781 1913 3837 condi-

263 3873 379 3925 tum
416 3868 807 3940 aromatibus,
833 3869 1042 3927 inloco
1065 3870 1383 3929 venerabili
1409 3870 1749 3927 Catanensis
1772 3870 1914 3926 civi-

263 3956 432 4027 tatis,
464 3971 503 4013 ιι
532 3957 671 4013 Idus
707 3958 976 4029 Augusti.

327 4045 553 4103 Eodem
585 4044 702 4117 die,
733 4051 952 4105 sancta
986 4046 1241 4119 Hilariee,
1273 4048 1479 4105 matris
1511 4052 1729 4105 sanetae
1760 4048 1911 4105 Afrae

263 4144 289 4173 ι
315 4138 622 4209 martyris,
640 4151 769 4211 qua:
790 4150 921 4193 cum
944 4138 1016 4193 ad
1039 4137 1373 4210 sepulcrum
1390 4136 1548 4195 illius
1569 4140 1909 4207 excubaret,

262 4224 483 4283 ibidem
516 4243 622 4300 pro
653 4227 767 4284 ﬁde
799 4227 1014 4284 Christi
1037 4241 1068 4283 a
1094 4228 1577 4299 persecutoribus
1600 4228 1721 4298 igni
1745 4226 1916 4285 tradi-

263 4317 319 4370 ta
365 4321 468 4372 est
503 4330 637 4373 cum
674 4315 878 4386 Digna,
911 4321 970 4372 et
1005 4316 1301 4387 Eumenia,
1332 4320 1392 4373 et
1430 4317 1741 4390 Euprepia,
1785 4330 1913 4388 qute

263 4402 503 4462 fuerant
533 4403 744 4477 puellm
776 4409 994 4462 sanctae
1026 4404 1198 4463 Afra.

332 4494 397 4550 In
437 4493 596 4564 Syria
629 4493 845 4551 natalis
877 4498 1214 4551 sanctorum
1256 4493 1489 4550 Macarii
1519 4498 1579 4550 et
1607 4493 1840 4551 Iuliani.
1940 4497 1946 4529 έ

735 4602 800 4658 Α.
850 4600 1081 4658 IDIBUS
1134 4601 1452 4657 AUGUSTI.

948 4688 1040 4760 (i3
1070 4689 1249 4762 Aug.)

337 4796 560 4869 Romae,
588 4796 781 4856 sancti
804 4796 1100 4871 Hippolyti
1119 4796 1147 4835 δ
1170 4796 1464 4869 martyris,
1492 4796 1602 4853 sub
1623 4795 1798 4853 Decio
1824 4794 1922 4851 im-

264 4892 567 4959 peratore,
601 4887 908 4944 Valeriano
940 4886 1239 4960 praefecto.
1266 4888 1428 4944 Hunc
1454 4887 1686 4943 beatum
1709 4885 1923 4958 Hippo-

264 4970 457 5046 lytum
485 4976 772 5033 vicarium
795 4981 1038 5034 sanctus
1069 4976 1438 5048 Laurentius,
1461 4990 1593 5033 cum
1616 4976 1770 5048 apud
1791 4989 1920 5032 eum

266 5069 438 5122 esset
468 5065 525 5122 in
553 5066 849 5137 custodia,
885 5066 1224 5138 baptizavit.
1259 5065 1365 5132 Qui
1401 5067 1471 5123 de
1505 5066 1728 5122 sanctis
1759 5079 1924 5122 exse-

265 5152 432 5223 quiis
458 5153 759 5226 martyris,
785 5158 919 5227 post
944 5155 1181 5212 tertium
1210 5154 1362 5211 diem
1395 5154 1467 5210 ad
1496 5155 1729 5211 domum
1759 5169 1922 5212 suam

268 5241 531 5314 rediens,
556 5243 723 5300 dedit
754 5257 955 5317 pacem
988 5244 1257 5301 omnibus
1286 5244 1475 5300 servis
1507 5244 1632 5301 suis
1660 5250 1719 5300 et
1748 5242 1927 5299 ancil-

264 5327 345 5387 lis
374 5348 392 5398 ;
418 5336 477 5388 et
495 5333 950 5392 communicavit
973 5333 1045 5391 de
1067 5332 1360 5390 sacriﬁcio
1384 5331 1591 5390 altaris
1615 5332 1768 5389 beati
1792 5332 1928 5389 Lau-

266 5419 454 5478 rentii
484 5422 781 5496 martyris.
807 5424 879 5481 Et
900 5423 1093 5499 posita
1119 5436 1339 5495 mensa,
1367 5423 1708 5496 priusquam
1730 5420 1926 5479 cibum

337 5553 371 5584 ⁸
404 5545 485 5605 De
511 5546 606 5607 his
634 5547 693 5606 in
718 5548 850 5608 Vita
884 5555 1104 5608 sanctae
1150 5549 1324 5621 Afrae,
1358 5552 1391 5607 5
1423 5550 1569 5620 Aug.

608 5873 872 5940 PATROL.
919 5871 1199 5940 CXXIII.

2013 458 2148 510 runt
2178 454 2250 510 ad
2278 454 2534 511 Decium.
2560 454 2740 522 Quem
2767 460 2828 511 ut
2856 456 3019 527 vidit,
3047 458 3358 515 subridens
3384 459 3537 515 dixit
3558 462 3612 517 ei
3638 481 3650 516 :

2012 544 2281 615 Nunquid
2312 547 2370 599 et
2404 548 2465 600 tu
2500 559 2704 614 magus
2734 543 2981 601 effectus
3011 560 3095 616 es,
3122 546 3253 617 quia
3274 562 3489 620 corpus
3514 550 3653 606 Lau-

2013 632 2186 689 rentii
2228 632 2551 689 abstulisse
2594 633 2811 690 diceris
2848 634 3148 691 ?Sanctus
3183 635 3525 708 Hippolytus
3569 653 3654 694 re-

2011 722 2250 794 spondit
2281 742 2292 776 :
2330 724 2449 778 Hoc
2482 722 2591 779 feci
2615 738 2726 778 non
2748 724 2912 793 quasi
2939 738 3163 793 magus,
3187 723 3289 780 sed
3314 725 3480 795 quasi
3504 727 3657 782 Chri-

2012 811 2259 868 stianus.
2298 811 2508 868 Decius
2534 812 2729 868 furore
2754 811 3035 883 repletus,
3056 812 3239 883 jussit
3269 818 3332 868 ut
3363 828 3492 870 cum
3517 814 3656 886 lapi-

2012 900 2185 957 dibus
2207 915 2274 957 os
2298 901 2424 971 ejus
2437 901 2918 957 contunderetur.
2938 901 3514 973 Etexspoliavitcum
3537 918 3657 959 ves-

2012 992 2069 1045 te
2094 1003 2204 1059 qua
2230 988 2582 1045 induebatur
2603 989 2804 1045 habitu
2829 989 3258 1060 Christiano,et
3281 990 3429 1046 dixit
3451 991 3504 1047 ei
3530 1011 3541 1047 :
3568 995 3658 1048 Sa-

2007 1078 2232 1148 .criﬁca,
2262 1082 2320 1134 et
2350 1078 2542 1141 vives;
2576 1078 2664 1133 sin
2698 1077 2872 1134 aliter
2901 1078 3092 1149 peries
3124 1094 3228 1150 per
3262 1083 3550 1137 tormenta
3582 1081 3659 1137 si-

2012 1171 2113 1224 cut
2128 1166 2751 1223 Laurentius.Sanctus
2768 1166 3117 1239 Hippolytus
3133 1167 3301 1224 dixit:
3318 1169 3657 1242 Exemplum

2014 1270 2241 1312 merear
2270 1254 2422 1311 beati
2458 1255 2750 1311 Laurentii
2785 1256 3061 1327 martyris
3094 1256 3241 1327 fieri,
3264 1273 3433 1328 quem
3459 1259 3661 1330 tu,mi-

2014 1358 2131 1414 ser,
2148 1358 2328 1400 ausus
2350 1343 2510 1399 fuisti
2537 1358 2638 1399 ore
2662 1343 2885 1414 polluto
2910 1345 3229 1401 nominare.
3249 1346 3540 1405 Extensus
3563 1348 3663 1418 igi-

2016 1439 2132 1503 tur,
2164 1432 2418 1489 fustibus
2447 1436 2507 1489 et
2534 1432 2730 1489 cardis
2756 1433 2851 1489 diu
2874 1448 3065 1492 caesus
3087 1439 3200 1503 est,
3228 1434 3414 1493 donec
3436 1437 3659 1495 caeden-

2015 1527 2105 1579 tes
2155 1521 2497 1578 deﬁcerent.
2527 1521 2662 1578 Inde
2708 1520 2937 1580 levatus
2982 1527 3075 1579 est
3106 1536 3135 1578 a
3170 1528 3348 1595 terra,
3385 1530 3444 1582 et
3478 1526 3661 1597 jussit

2015 1626 2146 1668 eum
2177 1611 2388 1668 Decius
2412 1610 2618 1668 vestiri
2652 1609 2889 1667 militari
2922 1616 3108 1681 veste,
3133 1627 3243 1683 qua
3275 1600 3513 1684 gentilis
3545 1619 3663 1671 ute-

1933 1728 1987 1788 Β
2019 1699 2213 1770 batur,
2249 1703 2309 1755 et
2338 1698 2486 1755 dixit
2515 1700 2569 1755 ei
2604 1718 2615 1753 :
2647 1699 2859 1755 Recole
2889 1699 3175 1771 militiam,
3210 1706 3269 1757 ct
3295 1707 3426 1759 esto
3457 1707 3661 1760 noster

2017 1788 2265 1858 amicus,
2287 1792 2347 1844 et
2374 1789 2429 1844 in
2452 1793 2774 1861 conspectu
2796 1794 3003 1845 nostro
3035 1794 3200 1846 utere
3230 1791 3438 1847 militia
3469 1792 3661 1864 pristi-

2017 1892 2088 1932 na
2120 1891 2291 1948 quam
2325 1891 2557 1949 semper
2593 1876 2872 1933 habuisti.
2907 1879 3161 1949 Cumque
3195 1879 3400 1937 beatus
3438 1884 3660 1953 martyr

2018 1964 2305 2022 dixisset:
2332 1964 2532 2019 Militia
2565 1978 2689 2021 mea
2722 1966 2845 2021 haec
2872 1970 2983 2035 est,
3008 1966 3400 2023 Christianum
3432 1968 3657 2023 ﬁrmum

2018 2052 2291 2124 militare,
2326 2052 2477 2108 unde
2507 2052 2679 2125 cupio
2712 2052 2784 2107 ad
2823 2053 3073 2109 celerem
3104 2054 3349 2126 palmam
3379 2069 3509 2111 cum
3544 2055 3659 2111 fru-

2017 2146 2117 2198 ctu
2139 2141 2338 2197 venire
2355 2159 2370 2208 ;
2387 2140 2683 2197 iracundia
2710 2141 2915 2213 plenus
2934 2141 3144 2199 Decius
3157 2142 3656 2200 dixitValeriano:

2018 2230 2233 2302 Accipe
2261 2244 2463 2286 omnes
2497 2229 2809 2287 facultates
2831 2229 2979 2301 ejus,
3006 2236 3065 2288 et
3093 2231 3359 2289 interﬁce
3380 2246 3513 2289 eum
3536 2248 3663 2290 cru-

1992 2320 1995 2321 ⁷
2018 2319 2133 2375 deli
2148 2317 2594 2376 eXanimatione.
2612 2317 2956 2376 Valerianus
2973 2317 3489 2391 itaque,exquisita
3505 2321 3660 2378 omni

2019 2408 2297 2466 facultate
2324 2407 2472 2478 ejus,
2507 2406 2728 2463 invenit
2775 2408 2831 2464 in
2880 2408 3051 2465 domo
3091 2408 3388 2481 Hippolyti
3433 2424 3661 2467 omnem

2019 2495 2293 2551 familiam
2327 2496 2737 2566 Christianam,
2781 2511 2951 2568 quam
2990 2497 3337 2569 conspectui
3376 2512 3482 2555 suo
3519 2514 3662 2570 prae-

2020 2584 2240 2641 sentari
2272 2584 2427 2641 fecit.
2463 2584 2532 2640 Et
2565 2584 2749 2655 jussit
2793 2585 3027 2642 beatum
3076 2584 3450 2657 Hippolytum
3502 2587 3660 2644 foras

2018 2687 2218 2730 muros
2256 2676 2440 2744 porta;
2468 2671 2785 2731 Tiburtina:
2815 2687 2947 2729 cum
2981 2672 3196 2729 familia
3220 2687 3325 2730 sua
3349 2673 3504 2732 duci.
3532 2661 3664 2732 Bea-

2021 2766 2117 2818 tus
2155 2775 2295 2817 vero
2334 2760 2684 2832 Hippolytus
2722 2761 3096 2817 confortabat
3135 2775 3358 2833 omnes,
3391 2762 3595 2819 dicens
3647 2783 3659 2817 :

2019 2839 2274 2919 Fratres,
2292 2849 2474 2906 nolite
2500 2854 2778 2919 metuere,
2795 2850 2928 2920 quia
2952 2864 3059 2919 ego
3082 2854 3142 2906 et
3164 2865 3270 2907 vos
3291 2865 3464 2908 unum
3486 2854 3660 2908 Deum

2018 2938 2320 2994 habemus.
2339 2939 2408 2994 Et
2431 2937 2705 2994 decollati
2721 2942 2858 2994 sunt
2878 2938 3198 3009 promiscui
3221 2953 3398 2996 sexus
3419 2954 3660 2997 numero

2023 3027 2223 3083 decem
2239 3030 2299 3083 et
2321 3040 2547 3082 novem.
2566 3027 2779 3083 Beatus
2800 3040 2940 3083 vero
2960 3026 3308 3100 Hippolytus
3332 3027 3549 3099 ligatus
3573 3043 3664 3101 pe.

2023 3115 2127 3172 des
2147 3115 2220 3171 ad
2247 3114 2398 3171 colla
2425 3114 2838 3172 indomitorum
2861 3129 3165 3187 equorum,
3186 3116 3272 3173 sic
3298 3131 3400 3188 per
3420 3104 3663 3174 cardue-

2022 3208 2138 3261 tem
2160 3209 2219 3260 et
2241 3203 2495 3260 tribulos
2516 3208 2762 3275 tractus,
2778 3203 3281 3277 emisitSpiritum.
3298 3206 3482 3262 Nocte
3502 3205 3662 3263 venit

2024 3293 2231 3350 beatus
2275 3293 2541 3351 Justinus
2574 3294 2904 3366 presbyter,
2939 3298 2998 3350 et
3028 3293 3267 3365 collegit
3296 3309 3569 3367 corpora,
3602 3296 3663 3351 'et

2022 3380 2298 3454 sepelivit
2327 3382 2382 3437 in
2413 3396 2618 3455 campo
2639 3381 2845 3439 eodem
2863 3383 3029 3454 juxta
3053 3383 3391 3455 Nympham,
3414 3384 3485 3439 ad
3506 3381 3663 3439 latus

2022 3469 2148 3541 agri
2179 3470 2410 3541 Verani,
2447 3470 2646 3535 Idibus
2678 3472 2947 3542 Augusti.

2094 3648 2306 3704 Eodem
2355 3648 2447 3704 die
2492 3647 2684 3704 natale
2735 3653 2956 3706 sanctae
3003 3649 3363 3720 Concordiae,
3416 3652 3664 3707 nutricis

2024 3735 2284 3806 ejusdem
2320 3736 2472 3792 beati
2504 3735 2819 3808 Hippolyti.
2857 3737 2994 3792 Cum
3026 3736 3369 3794 Valerianus
3401 3740 3473 3795 ad
3507 3739 3665 3795 fami-

2024 3822 2160 3879 liam
2208 3824 2362 3879 beati
2404 3824 2699 3896 Hippolyti
2747 3822 2861 3880 sibi
2908 3830 3319 3895 prtesentatam
3361 3826 3609 3883 dixisset
3649 3849 3661 3883 :

2024 3910 2405 3968 Considerate
2437 3916 2645 3970 mtates
2677 3916 2929 3983 vestras,
2955 3927 3025 3969 ne
3048 3913 3220 3970 simul
3245 3915 3502 3986 pereatis
3533 3930 3664 3972 cum

2024 3998 2336 4072 Hippolyto
2369 4000 2601 4057 domino
2636 4005 2874 4069 nostro;
2899 4002 3203 4074 respondit
3229 4003 3395 4059 beata
3422 4006 3669 4061 Concor-

2025 4088 2118 4145 dia
2140 4108 2150 4142 :
2168 4090 2285 4146 Nos
2307 4089 2712 4147 desideramus
2729 4090 2925 4163 potius
2941 4105 3071 4147 cum
3087 4092 3322 4149 domino
3345 4097 3550 4150 nostro
3567 4109 3668 4167 pu-

2024 4178 2155 4235 dice
2172 4178 2319 4234 mori
2333 4192 2503 4250 quam
2520 4179 2810 4251 impudice
2825 4179 3042 4236 vivere.
3061 4180 3146 4237 Ad
3160 4181 3271 4238 hoc
3289 4181 3632 4240 Valerianus
3657 4200 3668 4236 :

2027 4270 2238 4339 Genus,
2292 4267 2500 4339 inquit,
2555 4281 2859 4325 servorum
2891 4268 3003 4325 nisi
3036 4284 3167 4326 cum
3205 4270 3514 4343 suppliciis
3557 4284 3672 4326 non

2024 4358 2384 4415 emendatur.
2410 4356 2676 4427 Etjussit
2700 4362 2762 4413 ut
2786 4357 2955 4414 beata
2981 4358 3303 4415 Concordia
3328 4374 3458 4415 cum
3490 4358 3673 4431 plum-

1943 4441 1997 4504 D
2030 4446 2184 4504 batis
2206 4445 2553 4504 caederetur.
2572 4447 2785 4504 Etcum
2805 4446 3134 4504 caederetur
3155 4447 3350 4504 emisit
3374 4447 3667 4519 spiritum,

1961 4554 1965 4558 '
2025 4548 2360 4609 corpusque
2391 4534 2518 4606 ejus
2546 4539 2641 4592 est
2670 4535 2727 4591 in
2759 4535 3016 4592 cloacam
3043 4535 3387 4607 projectum.
3416 4538 3670 4606 Cumque

2027 4624 2127 4682 diu
2160 4628 2454 4696 quaereret
2483 4623 2627 4681 illud
2669 4628 2909 4680 sanctus
2955 4623 3244 4695 Justinus,
3277 4629 3337 4680 et
3376 4637 3491 4680 non
3522 4624 3675 4678 inve-

2027 4714 2201 4785 niret,
2234 4712 2314 4768 ita
2345 4712 2541 4770 tristis
2586 4712 2857 4770 redditur
2904 4717 2967 4768 ut
3015 4727 3125 4769 non
3176 4717 3484 4769 cessarent
3532 4709 3671 4765 ﬂere

2028 4802 2184 4859 oculi
2215 4803 2361 4875 ejus.
2394 4801 2588 4859 Tertio
2619 4801 2845 4858 decimo
2877 4816 3015 4858 vero
3049 4801 3142 4858 die
3174 4806 3310 4874 post
3341 4799 3670 4872 passionem

2032 4889 2221 4947 sancti
2261 4888 2581 4963 Hippolyti,
2612 4888 2772 4944 venit
2813 4888 3048 4959 quidam
3098 4887 3265 4943 miles
3312 4884 3675 4958 Porphyrius

2031 4978 2285 5049 nomine,
2306 4978 2377 5034 ad
2408 4979 2689 5034 Irenaeum
2714 4976 3089 5047 cloacarium,
3127 4976 3222 5046 qui
3255 4972 3485 5031 occulte
3516 4974 3678 5031 Chri-

2033 5066 2261 5124 stianus
2284 5072 2431 5137 erat,
2453 5072 2513 5122 et
2541 5068 2685 5123 dicit
2716 5067 2768 5124 ei
2805 5086 2816 5122 :
2849 5067 2905 5124 Si
2934 5071 3225 5124 secretum
3252 5063 3447 5135 possis
3480 5069 3680 5122 sueto--

2034 5155 2180 5227 dire,
2214 5155 2528 5226 divulgabo
2558 5157 2671 5212 arti
2697 5160 2811 5213 tum
2833 5156 3075 5213 multum
3101 5152 3172 5207 ad
3197 5157 3505 5223 quaestum.
3532 5158 3679 5212 Ante

2034 5245 2142 5301 hos
2173 5244 2300 5301 dies
2325 5245 2506 5316 jussit
2535 5245 2878 5302 Valerianus
2908 5242 3221 5315 praefectus
3253 5242 3309 5299 in
3355 5250 3681 5319 conspectu

2037 5347 2144 5391 suo
2164 5334 2469 5406 quamdam
2491 5333 2864 5391 creditariam
2888 5329 3184 5403 Hippolyti
3212 5331 3529 5405 plumbatis
3552 5332 3683 5391 deﬁ-

2036 5436 2192 5495 cere,
2225 5428 2285 5481 et
2313 5437 2530 5496 corpus
2560 5421 2687 5490 ejus
2719 5422 2774 5477 in
2806 5419 3301 5492 cloacamjactari
3353 5428 3481 5482 llaec
3508 5424 3563 5478 in
3586 5416 3680 5477 ve-

2107 5547 2134 5587 b
2164 5549 2245 5604 De
2274 5548 2385 5604 hoc
2415 5545 2472 5603 in
2502 5543 2691 5616 gestis
2723 5545 2776 5601 S.
2813 5544 3131 5619 Laurentii,
3166 5552 3236 5604 10
3265 5551 3408 5618 Aug.
3451 5600 3462 5607 κ
3552 5598 3555 5601 .

3296 5860 3365 5921 11
