4004 6168
289 282 395 334 333

638 399 696 455 F.
754 400 846 456 XV
901 402 1056 458 ΚΑΒ.
1117 402 1563 461 SEPTEMBRIS.

937 501 1042 566 (48
1087 500 1277 572 Aug.)

348 596 515 668 Apud
548 596 965 653 Preuestinam
1005 599 1326 669 civitatem,
1373 599 1624 657 milliaro
1666 601 1739 655 ab
1777 599 1921 656 urbe

282 685 587 755 trigesimo
602 686 801 753 tertio,
818 685 1031 743 natalis
1046 689 1234 743 sansti
1253 690 1479 760 Agapiti
1499 690 1792 761 martyris,
1812 689 1920 745 sub

283 775 596 832 Aureliano
620 777 1255 848 imperatore,przeside
1271 780 1556 835 An‘iocho
1575 798 1589 847 ;
1608 781 1743 835 Cum
1758 783 1922 835 esset

282 879 562 920 annorum
588 864 941 935 quindecim,
964 870 1022 921 et
1046 881 1241 922 amore
1266 868 1481 923 Christi
1509 868 1787 940 martyrio
1813 868 1922 922 fer-

281 955 650 1025 veret,jussn
669 954 1042 1024 imperatoris
1064 960 1357 1025 tentus,et
1375 957 1769 1029 primonervis
1788 972 1955 1013 cru-'

282 1043 369 1099 dis
393 1042 492 1098 diu
515 1047 835 1112 czesusest,
852 1043 1061 1100 deinde
1079 1045 1311 1115 presidi
1334 1050 1393 1102 ut
1411 1046 1815 1118 impelleretur
1833 1060 1922 1101 sa-

281 1132 547 1188 criﬁcare
571 1131 844 1187 traditus.
868 1132 974 1199 Qui
1001 1133 1055 1187 in
1077 1133 1294 1189 durissi
1320 1149 1393 1189 no
1425 1141 1599 1205 atque
1623 1135 1922 1190 obscuris-

285 1222 824 1279 simocarcereeum
844 1220 1001 1277 rcclu
1016 1221 1106 1291 sit,
1124 1226 1182 1277 et
1200 1238 1301 1293 per
1315 1228 1496 1293 q'utn
1514 1239 1570 1279 )r
1585 1223 1711 1279 dies
1725 1224 1919 1279 cibum

283 1325 507 1367 omnem
530 1310 793 1379 negavit;
820 1310 949 1366 inde
967 1310 1036 1366 de
1050 1325 1220 1366 carce
1257 1312 1599 1369 eexhioitus
1614 1318 1707 1368 est
1722 1313 1921 1384 praesi-

282 1398 355 1469 di,
378 1399 479 1469 qui
503 1412 719 1470 prunas
740 1398 1013 1454 ardentes
1029 1414 1207 1471 super
1226 1401 1505 1472 caputeju
1520 1401 1727 1472 sjussit
1744 1401 1924 1472 impo-

280 1488 352 1542 ni.
372 1487 952 1556 EtcumgratiasDeo
975 1493 1193 1560 martyr
1206 1495 1426 1558 ageret,
1447 1488 1692 1559 tlagellis
1707 1494 1921 1546 estcze-

279 1591 401 1646 sus,
421 1581 481 1631 et
508 1576 699 1631 nudus
723 1590 1047 1647 suspensus
1068 1577 1260 1648 capite
1283 1577 1557 1633 deorsum
1584 1593 1774 1648 verso,
1797 1578 1917 1633 acri

279 1664 845 1721 subterfumofacto.
865 1666 1075 1720 Etcum
1093 1666 1596 1738 dictaretpraesidi:
1624 1668 1917 1738 Sapientia

1033 232 1637 337 MADTYROLOGIUM
1676 280 1818 337 CUM
1857 279 2383 339 ADDITAMENTIS.
2423 312 2487 323 -
2522 281 2724 338 MENS.
2769 284 2928 339 AUG.

3576 294 3679 347 334

1948 405 2003 465 Α
2033 404 2302 473 regrinus
2331 410 2390 460 et
2420 403 2740 460 Pontianus
2770 414 2815 460 α.
2841 406 2953 460 Per
2982 419 3227 476 quorum
3258 421 3463 466 manus
3491 413 3669 468 etiam

2034 492 2344 549 facultates
2369 508 2506 549 snas
2532 493 2886 566 pauperibus
2911 494 3293 565 distribuens,
3312 511 3341 552 a
3368 498 3537 555 beato
3568 502 3677 557 Ru-

2033 581 2147 638 fino
2191 584 2538 654 presbytero
2583 582 2857 654 baptismi
2897 584 3144 653 gratiam
3188 587 3470 658 percepit.
3510 586 3676 654 Quod

2033 672 2278 729 audiens
2301 672 2673 741 Commodus,
2692 673 2878 728 iratus
2896 672 3078 743 jussit
3100 687 3229 730 eum
3256 676 3539 743 toneri,et
3557 678 3677 734 cui-

2034 759 2163 814 dam
2189 759 2421 815 Vitellio
2439 760 2718 830 magistro
2736 759 2995 832 peditum
3012 761 3187 831 tradi,
3208 767 3267 817 ut
3282 776 3482 820 omnes
3500 764 3678 822 facul-

2037 852 2189 904 tates
2220 847 2346 918 ejus
2378 848 2726 918 requireret,
2752 854 2812 904 et
2842 849 2914 904 ad
2947 848 3395 906 sacrificandum
3430 850 3678 924 impelle-

2035 941 2143 992 ret.
2179 936 2285 1002 Qui
2310 937 2563 1004 conjecit
2585 951 2715 993 eum
2749 936 2804 992 in
2836 943 3388 1010 carcerem,etpost
3420 940 3675 997 triduum

2033 1026 2258 1082 catenis
2294 1025 2552 1082 vinctum
2588 1026 2725 1081 fecit
2758 1026 2870 1081 sibi
2913 1028 3279 1098 praesentari.
3317 1028 3385 1084 Et
3416 1030 3674 1084 auditum

2026 1114 2209 1183 jussit
2266 1119 2384 1170 tam
2442 1115 2537 1170 diu
2590 1114 2846 1171 fustibus
2902 1116 3072 1186 caedi,
3137 1116 3323 1173 donec
3381 1118 3677 1175 emitteret

2035 1204 2327 1275 Spiritum.
2376 1204 2552 1273 Cujus
2596 1218 2814 1275 corpus
2860 1203 3227 1273 collegerunt
3258 1212 3434 1262 noctu
3471 1207 3676 1264 beatus

2033 1293 2341 1361 Eusebius,
2361 1291 2698 1361 Pontianus,
2714 1293 3069 1360 Peregrinus
3084 1298 3257 1364 atque
3279 1295 3673 1367 Innocentius,

2031 1386 2091 1438 et
2119 1381 2478 1453 sepelierunt
2510 1381 2564 1436 in
2597 1380 2937 1436 coemeterio
2972 1381 3290 1453 Calepodii,
3317 1383 3425 1439 sub
3457 1383 3551 1440 die
3582 1399 3677 1441 xlv

2034 1469 2320 1526 Kalendas
2353 1469 2734 1541 Septembris.

2367 1578 2430 1631 A.
2493 1575 2615 1630 ΧΙΙΙ
2674 1576 2829 1631 KAL.
2888 1575 3332 1631 SEPTEHBRIS.

2687 1666 2790 1731 (20
2840 1666 3026 1735 Aug.)

280 1760 372 1810 tua
396 1760 457 1809 et
490 1752 721 1809 vanitas
754 1757 850 1810 tua
885 1754 939 1808 in
974 1755 1128 1809 fumo
1162 1754 1409 1824 laborat,
1446 1756 1653 1811 iterum
1679 1756 1823 1826 ﬂage
1851 1756 1925 1815 lis
1960 1762 2006 1819 Β
2108 1752 2309 1808 Natale
2330 1752 2613 1808 Samuelis
2636 1754 2954 1824 prophetae.
2977 1753 3152 1823 Cujus
3169 1768 3333 1811 sacra
3350 1756 3680 1829 ossaimpe-

284 1842 575 1899 caeditura
593 1849 846 1913 quatuor
860 1843 971 1899 sibi
997 1843 1242 1899 invicem
1265 1844 1757 1911 succedentibus;
1782 1847 1935 1903 dein-

280 1931 345 1986 de
400 1930 745 1986 bnllientem
783 1945 986 2002 aquam
1021 1946 1199 2003 super
1228 1938 1490 1987 vcntrem
1521 1932 1647 2002 (με
1680 1933 1932 1991 ministri

284 2018 504 2103 diaboli
526 2018 879 2087 effuderunt,
897 2024 954 2075 et
972 2019 1234 2076 maxillas
1258 2019 1834 2092 r’jusconfregmunt.
1852 2026 1932 2078 In-

278 2107 639 2178 tereajudex
661 2109 731 2164 de
758 2108 1032 2164 tribunali
1059 2125 1164 2165 suo
1197 2110 1737 2179 cadens,collectus
1768 2126 1795 2166 a
1831 2113 1931 2167 mi-

278 2198 487 2253 nistris
506 2197 732 2253 inlecto
750 2197 1441 2268 recli:1atur,etsentiens
1457 2198 1846 2273 Dcivirtutem
1873 2201 1928 2256 in

281 2291 563 2357 martyre,
599 2291 733 2356 post
759 2285 1046 2342 modicum
1076 2286 1307 2342 tristem
1330 2288 1577 2342 animam
1609 2288 1823 2345 emisit.
1854 2291 1928 2345 De

277 2376 450 2431 beato
468 2390 607 2431 vero
633 2375 877 2447 Agapito
906 2376 1302 2432 renuntiatum
1326 2382 1418 2432 est
1442 2377 1802 2448 imperatori.
1830 2379 1927 2449 qui

276 2464 513 2520 beatum
529 2464 909 2536 Vll‘llJlj'lSSil.
926 2463 1196 2520 leonibus
1213 2465 1455 2535 subjici;
1484 2468 1584 2521 sed
1611 2482 1736 2522 man
1749 2472 1927 2523 sueta)

277 2554 447 2610 factae
466 2554 626 2625 ferar,
647 2553 895 2626 pedious
913 2554 1187 2625 martyris
1212 2555 1662 2611 adlambendum
1683 2570 1745 2611 se
1767 2555 1928 2611 incli-

278 2647 610 2699 naverunt..
648 2652 738 2699 Ioc
756 2642 1021 2699 videntes
1036 2642 1281 2699 sceleris
1298 2644 1433 2698 mini
1453 2644 1926 2714 ~tri,tnleruntde

279 2732 471 2787 medio
486 2736 753 2788 sanctum
771 2736 1179 2802 martyrem,et
1198 2738 1699 2797 veneruatcontra
1725 2733 1805 2789 οἰκ
1824 2733 1928 2788 ita-

284 2825 403 2876 tem
418 2820 854 2890 Praenestinam,
872 2821 967 2876 ubi
990 2824 1268 2877 suntduae
1292 2822 1673 2891 columnaa,et
1697 2823 1771 2878 ibi
1794 2838 1924 2878 eum

276 2909 479 2979 gladio
514 2915 953 2979 percusserunt,
991 2911 1100 2966 sub
1129 2910 1221 2966 die
1256 2926 1326 2966 xv
1357 2911 1643 2967 Ka'endus
1677 2913 1927 2983 Septem-

278 2998 422 3053 bris.
461 2999 688 3069 Corpus
719 2997 846 3067 ejus
871 3002 1045 3053 not-tu
1072 2998 1473 3055 sublatnmcst
1497 3014 1523 3053 a
1550 2999 1921 3069 Christianis,

2044 1846 2207 1897 rator
2232 1842 2512 1898 Arcadius
2537 1842 2607 1898 de
2621 1842 2815 1898 Iudaea
2835 1843 3206 1899 traustulitin
3221 1845 3679 1918 Thraciam,por-

2043 1930 2305 1987 tantibus
2335 1930 2655 2002 episcOpis,
2682 1935 2740 1984 et
2763 1930 3016 1985 omnium
3037 1930 3420 1988 ecclesiarum
3446 1933 3676 2006 populis

2041 2024 2201 2075 tanta
2226 2018 2431 2075 laetitia
2447 2018 2920 2087 occurrentibus,
2938 2018 3105 2087 quasi
3122 2024 3469 2090 przesentem
3486 2022 3678 2078 viven-

2040 2114 2272 2178 temque
2290 2111 2598 2162 cern;rent
2614 2112 2787 2176 atque
2803 2105 3193 2177 susciperent,
3214 2112 3273 2161 ut
3288 2107 3358 2163 de
3381 2093 3674 2167 Palestina

2042 2210 2225 2266 usque
2249 2194 2670 2250 Chalcedonem
2691 2193 3076 2263 jungerentur
3096 2194 3440 2265 populorum
3463 2200 3677 2254 exami-

2037 2300 2128 2351 na,
2162 2290 2220 2339 et
2253 2284 2307 2339 in
2345 2283 2559 2339 Christi
2596 2282 2798 2338 la-tdes
2834 2296 2941 2337 una
2967 2297 3108 2338 voce
3134 2290 3497 2341 resonarent.
3528 2288 3678 2343 Scri-

2038 2374 2123 2429 bit
2147 2378 2388 2429 sauctus
2414 2373 2794 2442 Hieronymus
2820 2371 2875 2426 in
2898 2370 3050 2427 libro
3073 2379 3279 2429 contra
3302 2373 3673 2444 Vigilantium

2035 2464 2190 2533 (cap.
2223 2464 2300 2532 2).

2107 2551 2319 2607 Eodem
2353 2548 2468 2619 die,
2503 2548 2657 2604 beati
2689 2547 2973 2620 Porphyri
3010 2548 3258 2606 hominis
3280 2551 3401 2622 Dei,
3427 2551 3525 2622 qui
3551 2567 3680 2608 san-

2036 2643 2195 2694 ctum
2239 2643 2550 2707 martyrem
2593 2635 2900 2708 Agapitum
2940 2637 3197 2694 erudivit
3227 2638 3283 2694 in
3316 2638 3427 2696 flde
3455 2645 3514 2696 et
3543 2641 3679 2697 doc-

2010 2728 2189 2805 trina
2222 2724 2460 2782 Christi.

2390 2832 2450 2885 B.
2507 2830 2603 2886 XII
2664 2831 2819 2886 ΚΑΒ.
2873 2831 3318 2889 SEPTEMBRIS.

2717 2923 2781 2975 21
2844 2919 2990 2975 Aug.

2717 2923 2781 2975 21
2844 2922 2890 2974 Α
2979 2960 2990 2972 .

2105 3009 2165 3062 In
2186 3005 2491 3062 territorio
2513 2926 2776 3061 civitatis
2801 2922 3173 3077 Gavzglijtante,
3193 3006 3324 3063 vico
3348 3008 3673 3082 Minatensi,

274 3092 331 3142 et
370 3087 628 3157 positum
666 3085 762 3141 mil
795 3086 914 3142 iam
950 3087 1134 3159 primo
1189 3103 1218 3143 a
1268 3088 1508 3144 ciVitate
1556 3087 1609 3144 in
1655 3103 1816 3159 agPO,
1868 3088 1924 3144 in
1957 3113 2005 3175 α
2035 3095 2249 3152 natalis
2282 3094 2469 3152 sancti
2493 3093 3003 3166 Privatiepiscppi
3027 3101 3086 3150 et
3111 3095 3405 3164 martyris,
3431 3098 3677 3170 quipas-

276 3177 645 3247 sarcophago
682 3190 832 3231 novo
864 3181 1004 3232 nutu
1039 3176 1234 3232 divino
1267 3177 1343 3231 ibi
1379 3177 1632 3233 invento.

341 3265 566 3321 Eodem
600 3264 693 3320 die
726 3266 939 3336 Romae,
967 3265 1020 3319 in
1052 3267 1225 3320 Sext)
1256 3265 1528 3338 Philippi,
1563 3267 1775 3324 natalis
1800 3268 1926 3325 bea-

275 3357 470 3408 torum
506 3354 986 3425 presbyterorum
1018 3354 1256 3410 Joannis
1279 3356 1569 3427 etCrispi,
1596 3357 1693 3427 qui
1730 3372 1926 3428 perse-

274 3441 512 3498 cutione
545 3442 889 3498 Diocletiani
922 3448 982 3515 et
1014 3442 1335 3499 Maximiani
1371 3444 1547 3499 multa
1585 3452 1922 3502 sanctorum

253 3524 524 3601 corpora
549 3529 980 3587 ofﬁciosissime
1004 3532 1383 3602 sep-tierunt.
1412 3532 1669 3599 Quorum
1697 3534 1923 3590 meritis

274 3624 328 3675 et
363 3619 476 3690 ipsi
502 3620 875 3690 postmodum
900 3619 1130 3689 sociati,
1157 3621 1365 3690 gaudia
1399 3622 1534 3677 vitae
1561 3626 1918 3679 meruerunt.

613 3726 685 3793 G.
741 3726 857 3782 XIV
917 3727 1072 3782 ΚΑΒ.
1135 3727 1583 3784 SEPTEHBRIS.

946 3817 1039 3885 (-19
1084 3816 1261 3887 Aug.)

343 3903 571 3961 Natalis
586 3902 775 3959 sancti
799 3904 1002 3973 Magni,
1022 3917 1124 3960 seu
1151 3904 1337 3959 sancti
1357 3903 1601 3961 Andreas
1625 3905 1921 3977 martyris,

276 4007 410 4050 cum
443 3993 626 4049 sociis
660 3990 783 4048 suis
813 3992 1043 4049 duobus
1076 3992 1356 4065 millibus,
1384 3993 1720 4065 quingentis
1751 4007 1926 4050 nona-

275 4084 434 4153 ginta
470 4090 721 4155 septem.

348 4172 409 4227 In
444 4170 669 4242 Galliis,
703 4187 849 4244 pago
883 4171 1226 4241 Sigisterico
1260 4172 1314 4227 in
1343 4176 1537 4230 monte
1569 4173 1667 4244 qui
1707 4171 1925 4229 dicitur

277 4261 435 4332 Jura,
469 4260 665 4317 natale
698 4262 885 4318 sancti
923 4260 1125 4316 Donati
1161 4262 1510 4333 presbyteri.
1537 4262 1644 4330 Qui
1675 4263 1746 4317 ab
1780 4262 1925 4332 ipsis

280 4348 537 4407 infantiae
570 4349 920 4407 rudimentis
954 4350 1095 4405 mira
1136 4351 1233 4406 Dei
1275 4351 1463 4421 gratia
1508 4351 1812 4424 praeditus,
1853 4364 1924 4406 ex

250 4432 253 4433 ⁷
280 4438 846 4496 urbeAurelianensi
863 4440 930 4496 ad
951 4438 1677 4511 prtel‘atumlocummtsoli
1696 4439 1925 4496 Christo

281 4532 542 4599 vacaret,
559 4528 899 4599 adveniens,
915 4527 1385 4585 anachoreticam
1403 4525 1520 4584 illic
1535 4528 1713 4583 vitam
1732 4527 1928 4583 multis

281 4617 449 4673 annis
492 4618 715 4688 exegit,
762 4623 919 4674 tanta
953 4616 1367 4673 miraculorum
1396 4616 1582 4687 gloria
1613 4616 1831 4687 clarus,
1866 4622 1931 4673 ut

286 4702 665 4762 interczetera
688 4712 852 4776 gesta
870 4705 1376 4777 magniﬁca,etiam
1399 4708 1709 4762 draconem
1735 4704 1930 4762 imma-

284 4805 408 4848 nem
431 4798 609 4866 atque
626 4793 950 4850 terribilem
974 4795 1099 4851 suis
1113 4794 1323 4851 exinde
1337 4793 1704 4851 orationibus
1716 4793 1931 4871 effuga-

285 4885 402 4937 tum
417 4883 936 4954 exstingueret.Cu
952 4899 1113 4955 nque
1127 4884 1253 4940 dies
1269 4884 1596 4940 vocationis
1610 4883 1735 4954 ejus
1753 4883 1803 4939 in
1815 4889 1931 4940 sta-

282 4975 393 5040 ret,
424 4972 775 5029 adveniente
806 4977 1013 5030 sancto
1043 4973 1253 5029 abbate
1285 4973 1483 5042 Mario,
1517 4974 1610 5029 cui
1636 4973 1715 5029 ita
1741 4974 1928 5030 fuerat

284 5058 630 5131 revelatum,
654 5061 806 5117 inter
827 5064 1004 5118 Verba
1034 5061 1321 5118 orationis
1348 5061 1618 5133 migravit
1640 5062 1711 5119 ad
1738 5062 1931 5118 Chris-

281 5151 424 5219 tum,
457 5149 849 5223 sepultnsqae
878 5156 971 5208 est
998 5152 1070 5208 ab
1094 5151 1299 5208 eodem
1336 5156 1497 5223 patre
1535 5151 1589 5208 in
1626 5150 1757 5207 loco
1798 5166 1923 5208 suo.

250 5293 255 5299 .
353 5238 569 5307 Romae,
607 5238 800 5295 natale
835 5241 990 5297 beati
1028 5238 1163 5297 Julii
1211 5240 1505 5297 senatoris
1535 5245 1594 5297 et
1628 5240 1926 5311 martyris,

280 5325 390 5381 sub
412 5326 730 5385 Commodo
751 5329 1126 5400 imperatore,
1146 5330 1345 5401 judice
1364 5329 1618 5387 Vitellio.
1647 5332 1807 5386 llunc
1831 5329 1932 5384 do-

282 5424 531 5473 cuerunt
555 5417 712 5473 b.ati
736 5424 1024 5490 martyres
1046 5419 1337 5477 Eusebius
1365 5424 1425 5475 et
1446 5418 1810 5491 Vincentius,
1834 5419 1933 5476 Pe-

360 5571 387 5612 «ι
410 5540 488 5598 De
518 5540 614 5599 his
645 5540 703 5601 in
732 5541 864 5601 Vita
896 5542 953 5602 S.
983 5542 1244 5616 Eusebii,
1277 5548 1348 5603 25
1375 5544 1521 5616 Aug.

2035 3201 2136 3242 sus
2169 3189 2262 3240 est
2294 3184 2404 3240 sub
2438 3182 2849 3255 persecutione
2881 3182 3171 3238 Valeriani
3199 3189 3259 3239 et
3291 3183 3530 3241 Galieui.

2108 3272 2322 3328 Eodem
2353 3271 2445 3328 die
2487 3269 2700 3326 natalis
2730 3275 3065 3326 sanctorum
3104 3275 3421 3341 martyrum
3464 3273 3677 3330 Bonosi

2034 3368 2093 3419 et
2127 3361 2475 3430 Miximiani,
2514 3374 2759 3430 quorum
2791 3365 2955 3429 ges‘a
2988 3359 3295 3416 habentur.

2106 3453 2174 3506 Et
2200 3450 2253 3506 in
2279 3450 2519 3506 civitate
2541 3447 2771 3518 Salona,
2790 3447 3002 3504 natalis
3019 3449 3311 3505 Anastasii
3332 3448 3359 3487 δ
3380 3452 3674 3522 martyris.

2035 3540 2142 3607 Qui
2175 3555 2304 3597 cum
2336 3538 2566 3595 videret
2600 3545 2865 3594 sanctum
2894 3537 3372 3609 Agapituminter
3391 3544 3677 3596 tormenta

2037 3628 2248 3684 fortius
2282 3627 2574 3682 Christum
2606 3626 3006 3695 conﬁtentem,
3034 3625 3416 3683 exclamavit:
3443 3629 3679 3700 Magnus

2033 3722 2125 3773 est
2156 3718 2346 3778 Deus;
2379 3720 2437 3771 et
2472 3729 2584 3770 non
2608 3721 2697 3770 est
2728 3713 2879 3770 alius
2912 3717 3125 3784 praeter
3149 3729 3299 3770 eum.
3327 3716 3462 3770 Erat
3484 3722 3678 3773 autem

2034 3803 2463 3861 cornicularius
2496 3802 2683 3858 miles.
2712 3802 2797 3856 Ad
2823 3816 2988 3871 quem
3017 3817 3235 3872 praeses
3260 3822 3272 3856 :
3300 3802 3460 3859 Sicut
3486 3804 3674 3876 video,

2036 3893 2244 3965 inquit,
2280 3892 2560 3948 seductus
2590 3905 2674 3947 es.
2708 3891 2784 3946 De
2814 3905 2928 3961 quo
2962 3904 3181 3961 praeses
3206 3891 3543 3962 imperatori
3568 3896 3678 3950 Au-

2036 3983 2256 4039 reliano
2292 3980 2668 4037 renuntiavit.
2706 3978 2813 4045 Qui
2849 3993 2980 4034 mox
3004 3979 3195 4050 perire
3218 3977 3380 4035 illum
3404 3979 3593 4053 jubet,
3618 3988 3677 4053 et

2037 4072 2114 4129 ita
2151 4075 2370 4143 martyr
2402 4070 2593 4127 factus
2626 4067 2898 4138 migravit
2928 4067 2998 4124 ad
3032 4066 3355 4124 Dominum.

2405 4177 2463 4232 C.
2525 4176 2595 4230 XI
2650 4175 2805 4230 KAL.
2870 4172 3317 4229 SEPTEMBRIS.

2720 4269 2791 4319 22
2843 4264 2990 4319 Aug.

2720 4269 2791 4319 22
2843 4264 2889 4319 Α
2978 4304 2990 4317 .

2106 4356 2303 4410 Romae
2325 4351 2419 4409 via
2444 4271 2786 4408 Os‘.iensi(in
2810 4263 3147 4407 coeli‘ngeterio
3162 4350 3446 4422 ejusdem,
3464 4352 3678 4410 natalis

1960 4468 2009 4528 ι)
2039 4442 2227 4500 sancti
2256 4440 2574 4498 Timothzei.
2611 4440 2718 4507 Qui
2769 4439 3078 4496 Antiochio
3129 4439 3368 4528 veniens
3417 4440 3675 4513 Romam,

2040 4532 2150 4590 sub
2175 4529 2491 4587 Melcbiade
2518 4545 2684 4603 papa,
2711 4533 3026 4600 susceptus
3049 4532 3158 4585 est.
3186 4527 3411 4601 Quique
3429 4544 3559 4587 cum
3583 4545 3679 4587 au-

2038 4635 2173 4678 num
2200 4625 2385 4678 totum
2409 4624 2469 4675 et
2493 4618 2717 4689 aliquot
2744 4632 2972 4674 menses
2998 4617 3074 4673 ibi
3101 4618 3444 4690 praedicans,
3464 4617 3678 4675 mullos

2037 4711 2109 4768 ad
2144 4709 2313 4767 ﬁdem
2345 4707 2562 4765 Christi
2600 4706 3017 4778 convertisset,
3061 4711 3259 4764 tentus
3299 4722 3329 4763 a
3367 4704 3676 4776 Tarquinio

2037 4799 2213 4857 Urbis
2244 4797 2545 4871 praefecto,
2579 4800 2638 4853 et
2666 4795 2838 4867 longa
2858 4796 3118 4853 carceris
3140 4794 3407 4853 cus'olia
3432 4806 3681 4850 macera-

2040 4894 2158 4960 tus,
2174 4903 2304 4944 cum
2322 4886 2657 4944 sacrificare
2674 4885 2849 4942 idolis
2865 4884 3174 4955 noluisset,
3196 4882 3369 4940 tertio
3392 4896 3604 4952 caesus,
3618 4888 3679 4939 et

2039 4975 2404 5049 gravissimis
2420 4974 2726 5048 suppliciis
2740 4973 3190 5043 attrectatus,ad
3206 4971 3471 5027 ultimum
3487 4969 3680 5028 decol-

2039 5065 2217 5134 latus,
2251 5069 2311 5120 et
2337 5064 2502 5134 juxta
2537 5065 2767 5120 beatum
2790 5062 3122 5136 apostolum
3144 5058 3384 5115 Paulum
3409 5058 3679 5133 sepultus

2039 5159 2150 5211 est.
2179 5153 2469 5225 Ssriptuul
2505 5152 2799 5210 invenitur
2822 5153 2874 5208 in
2902 5149 3143 5208 historia
3169 5146 3355 5203 sancti
3380 5147 3676 5207 Silvestri.

2111 5244 2322 5301 Eodem
2355 5244 2449 5301 die
2480 5243 2905 5314 Augustoduni,
2941 5237 3151 5296 natalis
3186 5238 3376 5294 sancti
3409 5238 3682 5312 Sympho-

2041 5332 2188 5390 riani
2217 5338 2306 5400 (34
2331 5334 2520 5402 Dea),
2553 5332 2651 5402 qui
2677 5336 2936 5402 tempore
2962 5324 3257 5382 Aureliani
3282 5326 3676 5401 imperatoris,

2041 5424 2152 5483 sub
2167 5421 2435 5481 Heraclio
2447 5418 2767 5490 consulari,
2782 5432 2912 5475 cum
2938 5414 3109 5474 idolis
3124 5416 3459 5477 sacriﬁcare
3471 5411 3675 5477 nollet,

2109 5549 2138 5589 υ
2167 5549 2338 5621 Greg,
2370 5547 2528 5617 Tum,
2562 5543 2665 5603 lib.
2697 5556 2717 5602 ι
2747 5541 2896 5602 Hist.
2931 5543 3162 5618 Franc.,
3193 5554 3247 5603 α.
3280 5542 3367 5602 34.
