4004 6168
380 289 483 344 335

1437 283 1492 339 s.
1528 281 1786 342 auarus
1823 279 2258 340 ARCHIEPISC.
2301 233 2714 336 vmivNENSIs
3670 281 3769 336 sae

375 405 1200 484 primoverberibusaﬂ‘ectns,
1217 405 1346 464 dein
1371 407 1596 466 carceri
1621 406 2006 480 mancipatus,
2041 407 2095 468 A
2125 418 2180 462 in
2213 404 2367 463 Urbe
2399 403 2609 462 mimus
2645 401 2930 462 Themelae
2959 401 2988 442 ά
3017 401 3166 460 artis
3203 402 3485 476 magister
3525 401 3657 462 fuit.
3705 403 3772 462 Et

370 497 442 554 ad
476 494 741 554 ultimum
773 509 930 554 caeso
960 496 1156 569 capite
1189 496 1528 567 martyrium
1567 496 2012 556 consummavit.

442 585 500 640 In
529 585 710 642 Portu
741 585 1021 654 Romano,
1067 583 1279 642 natalis
1311 589 1646 640 sanctorum
1681 585 2016 656 peregrino-

369 687 496 730 rum
529 677 846 744 martyrum
870 671 1172 744 Martialis,
1197 673 1468 746 Epicteti,
1497 673 1814 744 Saturnini,
1851 673 2016 747 Apri-

367 759 463 832 lis,
496 766 556 818 et
587 761 818 832 Felicis,
850 777 980 820 cum
1015 761 1194 818 sociis
1225 775 1430 819 eorum
1456 772 1501 818 α.

441 851 583 906 Item
624 851 842 921 Romae,
891 849 1083 907 natale
1125 850 1280 908 beati
1315 850 1550 908 Antonii
1583 849 1878 922 martyris,
1911 849 2008 921 qui

368 953 500 996 cum
513 939 968 1010 essetcarnifex,
984 938 1133 994 vidit
1148 943 1401 996 stantem
1413 938 1684 1009 juvenem
1699 953 1828 997 cum
1842 953 2012 1010 spon-

367 1027 483 1098 gia,
499 1027 975 1098 etdetergentem
1001 1026 1185 1085 latera
1210 1032 1546 1086 sanctorum
1562 1031 1880 1099 martyrum
1903 1027 2011 1084 Eu-

368 1115 540 1188 sebii,
581 1116 872 1187 Pontiani,
920 1117 1245 1189 Peregrini,
1290 1123 1466 1188 atque
1514 1117 1826 1188 Vincentii,
1878 1131 2007 1174 cum

367 1204 639 1278 suspensi
667 1205 719 1260 in
733 1203 983 1276 equuleo
996 1205 1386 1276 caederentur,
1402 1210 1462 1262 et
1482 1220 1615 1262 mox
1628 1204 1882 1262 clamare
1895 1220 2010 1262 coe-

367 1293 486 1365 pit:
528 1293 675 1349 Vere
714 1292 868 1350 Deus
908 1293 1198 1364 Christus,
1233 1308 1402 1364 quem
1437 1293 1492 1350 hi
1529 1293 1868 1366 praedicant.
1904 1293 2009 1350 Fu-

363 1381 528 1454 giens
541 1380 795 1453 occulte,
811 1396 840 1437 a
857 1381 1064 1438 Ruﬁno
1079 1383 1437 1454 praasbytero
1459 1381 1792 1454 baptizatus
1806 1385 1919 1438 est.
1937 1381 2006 1438 Et

366 1485 642 1529 reversus
681 1469 754 1528 ad
785 1469 1104 1542 Vitellium,
1135 1485 1268 1528 cum
1300 1485 1363 1527 se
1393 1469 1788 1528 Christianum
1820 1469 2004 1526 libere

364 1561 670 1631 fateretur,
689 1560 905 1632 capitis
934 1559 1225 1617 sententia
1259 1559 1588 1630 damnatus,
1619 1559 1712 1614 via
1745 1559 2000 1629 Aurelia,

357 1649 524 1720 juxta
570 1648 814 1706 formam
858 1649 1181 1720 Trajanam,
1220 1663 1281 1706 χι
1318 1647 1606 1706 Kalendas
1643 1648 2002 1720 Septembris

363 1735 633 1810 sepultus
664 1742 776 1795 est.

733 1845 796 1899 D.
857 1845 900 1900 Χ
958 1844 1115 1900 KAL.
1183 1843 1633 1900 SEPTEMBRIS.

829 1947 836 1956 ‘
1027 1935 1121 2001 (35
1174 1934 1351 2004 Απθ.)

429 2035 652 2094 Natalis
695 2043 1034 2094 sanctorum
1077 2043 1398 2108 martyrum
1437 2038 1666 2108 Donati,
1698 2037 2000 2106 Restituti,

357 2125 671 2196 Valeriani,
688 2126 1053 2197 Fructuosae,
1079 2141 1210 2184 cum
1235 2125 1370 2184 aliis
1392 2126 1723 2196 duodecim,
1748 2125 1844 2197 qui
1870 2141 2008 2198 prae-

355 2215 687 2273 clarissimo
701 2215 1102 2272 confessionis
1125 2215 1348 2272 honore
1361 2216 1514 2288 apud
1533 2214 1901 2272 Antiochiam
1914 2229 2005 2271 co-

357 2303 548 2359 ronati
581 2307 737 2360 sunt.

427 2391 643 2448 Eodem
685 2390 800 2460 die,
847 2391 1003 2446 beati
1043 2391 1290 2448 Theona:
1323 2391 1350 2429 δ
1377 2391 1531 2463 apud
1567 2391 1997 2462 Alexandriam,

353 2479 710 2538 venerabilis
747 2484 808 2535 et
835 2494 972 2536 vere
1003 2480 1120 2535 Deo
1149 2479 1331 2550 digni,
1367 2480 1464 2549 qui
1499 2479 1732 2536 beatum
1761 2481 1998 2537 Petrum

352 2569 718 2642 episcopum,
747 2573 881 2642 post
903 2574 962 2624 et
986 2573 1320 2639 martyrem,
1353 2568 1622 2638 nutrivit,
1643 2568 1700 2625 in
1723 2569 1878 2626 omni
1905 2585 2000 2642 pu-

352 2657 530 2718 ritate
559 2663 618 2714 et
647 2657 822 2714 animi
856 2657 1176 2714 virtutibus
1205 2655 1371 2713 clari.

421 2747 636 2804 Eodem
660 2747 776 2817 die,
803 2745 960 2803 beati
977 2745 1240 2804 Zacchaei
1261 2746 1548 2820 episcopi,
1574 2747 1670 2818 qui
1696 2752 1942 2818 quartus
1963 2763 1994 2805 a

345 2835 566 2891 Jacoho
587 2835 1087 2908 Jerosolymorum
1113 2834 1435 2891 Ecclesiam
1459 2834 1790 2893 clarissime
1819 2837 1989 2894 rexit.

417 2923 697 2994 Lugdune
745 2923 965 2994 Galliae,
1018 2923 1232 2980 natalis
1281 2929 1621 2982 sanctorum
1673 2931 1992 2998 martyrum

345 3012 682 3070 Minerviiet
705 3011 1112 3071 Eleazaricum
1138 3011 1275 3069 filiis
1299 3018 1456 3083 octo,
1475 3029 1721 3086 quorum
1744 3030 1993 3088 corpora

353 3100 409 3158 in
436 3105 664 3172 crypta,
695 3115 824 3171 quae
857 3101 989 3157 urbi
1017 3102 1089 3156 ab
1119 3102 1426 3158 occidente
1449 3103 1728 3174 imminet,
1752 3104 1990 3161 condita
2024 3113 2073 3177 ο

347 3185 685 3333 Μὲιϐῐῐξζυιυέὶι
716 3276 881 3334 urbis
911 3277 1128 3348 Romae,
1171 3275 1386 3341 natalis
1435 3279 1625 3336 sancti
1668 3279 1962 3353 Hippolyti

342 3363 622 3436 Quiriaci,
655 3369 714 3420 et
747 3365 1050 3422 Archillai.

409 3453 625 3509 Eodem
640 3453 752 3510 die.
771 3453 984 3510 natalis
1007 3459 1347 3512 sanctorum
1369 3456 1670 3515 Timothaei
1694 3463 1754 3514 et
1776 3457 1991 3531 Apolli-

2127 494 2374 566 quadam
2404 493 2498 553 die
2527 508 2658 552 cum
2689 491 2868 551 vellet
2897 491 3260 550 Diocletiano
3286 492 3654 566 imperatori,
3678 494 3770 552 cui

2127 583 2465 652 Christiani,
2484 588 2689 657 utpote
2711 582 3062 653 saevissimo,
3079 581 3245 640 exosi
3267 587 3458 654 erant,
3473 582 3544 640 de
3567 588 3773 656 myste-

2125 671 2230 729 riis
2256 672 2601 730 Christianae
2625 671 3020 730 observantiae
3042 671 3242 729 ludum
3263 671 3566 743 exhibere,
3596 676 3659 729 et
3681 673 3773 730 hu-

2116 761 2214 833 jus
2237 762 2323 818 rei
2345 763 2534 833 gratia
2561 766 2868 835 spectante
2892 761 3244 834 imperatore
3273 766 3334 818 et
3353 760 3510 818 omni
3532 759 3769 834 p0pulo,

2123 849 2178 906 in
2194 851 2384 908 medio
2402 851 2616 908 theatri
2641 850 3094 922 quasi-aegrotus
3115 849 3474 907 decumbens
3494 863 3560 906 se
3574 864 3772 922 posce-

2123 943 2212 996 ret
2241 939 2552 1012 baptizari,
2586 939 2822 997 mimum
2857 939 2912 995 in
2942 939 3064 996 haec
3097 939 3274 995 verba
3300 937 3648 1011 proposuit:
3673 938 3769 996 Eia

2118 1028 2332 1099 nostri,
2374 1042 2613 1099 gravem
2652 1043 2741 1084 me
2771 1027 2986 1098 sentio,
3004 1026 3190 1084 levem
3212 1040 3302 1084 me
3331 1025 3456 1084 ﬁeri
3486 1024 3646 1084 volo.
3683 1025 3769 1082 Illi

2118 1116 2580 1189 responderunt:
2604 1115 2904 1184 Quomodo
2937 1120 2992 1172 te
3017 1113 3203 1172 levem
3228 1114 3472 1173 facimus
3494 1115 3544 1172 si
3567 1115 3768 1186 gravis

2115 1207 2226 1262 es?
2254 1205 2543 1277 Numquid
2576 1219 2686 1262 nos
2720 1205 2869 1260 fabri
2902 1217 3127 1274 sumus,
3168 1209 3229 1259 et
3269 1203 3340 1260 ad
3371 1204 3676 1262 runcinam
3711 1209 3769 1262 te

2117 1294 2353 1352 missuri
2389 1295 2626 1351 sumus?
2657 1295 2789 1352 Haec
2819 1295 2996 1350 verba
3029 1292 3423 1350 exbibuerunt
3455 1293 3678 1366 populo
3701 1294 3770 1350 ri-

2115 1396 2264 1439 sum.
2282 1383 2566 1439 Genesius
2589 1383 2829 1438 iterum:
2851 1381 3082 1450 Vesani,
3101 1380 3472 1438 Christianus
3484 1381 3766 1439 desidero

2115 1471 2282 1528 mori.
2319 1471 2552 1539 Quare?
2581 1471 2870 1542 inquiunt.
2897 1469 3122 1536 Quibus
3147 1470 3430 1527 Genesius
3453 1490 3464 1526 :
3489 1471 3562 1528 Ut
3587 1470 3646 1528 in
3671 1470 3770 1528 illa

2113 1560 2206 1616 die
2224 1560 2405 1617 veluti
2427 1561 2709 1630 fugitivus
2741 1561 2797 1616 in
2828 1561 2944 1616 Deo
2975 1559 3256 1616 inveniar.
3284 1559 3542 1617 Evocato
3565 1565 3764 1616 autem

2115 1650 2460 1721 presbytero
2493 1654 2553 1706 et
2578 1649 2898 1720 exorcista,
2931 1652 3170 1720 repente
3199 1661 3231 1704 a
3273 1648 3390 1705 Deo
3434 1647 3765 1722 inspiratus

2031 1762 2083 1822 Β
2116 1737 2388 1794 credidit.
2424 1739 2563 1794 Nam
2593 1736 2678 1792 illi
2699 1738 2866 1808 juxta
2898 1735 3116 1794 lectum
3149 1735 3340 1808 ipsius
3373 1737 3541 1808 quasi
3574 1751 3767 1808 egro-

2118 1826 2300 1882 tantis
2328 1840 2458 1881 cum
2491 1825 2873 1896 resedissent,
2909 1825 3112 1881 dicunt
3138 1824 3231 1880 ei:
3257 1823 3407 1892 Quid
3431 1825 3503 1882 ad
3524 1839 3640 1882 nos
3667 1827 3768 1883 mi-

2116 1914 2272 1985 sisti,
2298 1913 2516 1970 flliole?
2545 1915 2828 1971 Genesius
2859 1919 3053 1971 autem
3076 1927 3191 1969 non
3215 1911 3486 1970 simulate
3507 1929 3576 1972 ac
3599 1914 3762 1989 ﬁcte,

2115 2002 2219 2059 sed
2247 2017 2318 2059 ex
2347 2017 2494 2074 puro
2523 2003 2702 2060 corde
2734 2002 3076 2074 respondit:
3113 1999 3256 2068 Quia
3289 2002 3564 2074 accipere
3580 2005 3762 2078 cupio

2113 2092 2359 2160 gratiam
2394 2091 2631 2161 Christi,
2667 2106 2770 2164 per
2801 2104 2972 2162 quam
3006 2095 3244 2147 renatus
3277 2089 3492 2148 liberer
3522 2105 3555 2147 a
3589 2093 3763 2149 ruina

2114 2179 2488 2252 iniquitatum
2513 2194 2789 2237 mearum.
2816 2181 3072 2251 Cumque
3087 2185 3591 2237 sacramentorum
3607 2195 3766 2255 mys-

2113 2267 2259 2324 teria
2287 2267 2705 2340 complessent,
2729 2273 2789 2324 et
2811 2267 3052 2326 indutus
3079 2273 3242 2326 esset
3272 2267 3544 2326 vestibus
3575 2269 3758 2344 albis,

2111 2354 2292 2413 veluti
2335 2371 2438 2428 per
2481 2355 2678 2413 ludum
2716 2370 2748 2412 a
2779 2357 3065 2414 militibus
3096 2362 3325 2430 raptus,
3354 2361 3415 2414 et
3441 2358 3516 2416 ad
3549 2358 3764 2417 simili-

2111 2445 2370 2501 tudinem
2394 2449 2731 2502 sanctorum
2755 2452 3074 2518 martyrum
3097 2445 3168 2503 de
3197 2446 3416 2503 Christi
3438 2446 3764 2507 discutien-

2110 2532 2220 2590 dus
2251 2534 2481 2590 nomine
2512 2534 2868 2612 imperatori.
2891 2536 3100 2592 fuisset
3130 2535 3452 2606 exhibitas,
3486 2541 3658 2595 stans
3699 2539 3761 2597 in

2107 2623 2344 2678 editiori
2361 2622 2491 2680 loco
2505 2623 2584 2679 ita
2603 2624 2988 2682 concionatus
3001 2629 3094 2680 est
3111 2643 3122 2679 :
3147 2625 3316 2697 Audi,
3334 2624 3680 2699 imperator,
3694 2634 3760 2686 et

2107 2712 2297 2770 omnis
2328 2713 2648 2783 exercitus,
2692 2713 2991 2785 sapientes
3022 2718 3083 2769 et
3123 2713 3322 2786 populi
3357 2715 3532 2787 hujus
3562 2716 3756 2775 urbis.

2106 2801 2224 2871 Ego
2246 2802 2711 2874 quotiescunque
2734 2802 3128 2860 Christianum
3150 2804 3242 2860 vel
3266 2805 3632 2862 nominatum
3657 2820 3760 2864 au-

2105 2890 2246 2961 divi,
2270 2890 2568 2962 exhorrui,
2593 2891 2732 2947 etin
2754 2892 3126 2948 confessione
3163 2894 3647 2964 permanentibus
3677 2895 3760 2952 in-

2104 2980 2339 3038 sultavi.
2357 2981 2476 3051 Ego
2489 2981 2664 3038 etiam
2681 2985 2954 3054 parentes
2974 2996 3154 3052 meos,
3168 2987 3227 3038 et
3249 2983 3450 3040 aﬂlnes
3461 2998 3648 3042 causa
3661 3000 3758 3042 no-

2103 3069 2276 3125 minis
2291 3069 2604 3126 Christiani
2625 3074 2938 3126 execratus
2953 3084 3102 3142 sum,
3119 3075 3180 3128 et
3195 3071 3249 3126 in
3271 3075 3432 3128 tanta
3447 3072 3754 3132 derisione

2101 3156 2277 3213 habui
2291 3157 2648 3214 christianos
2663 3161 2726 3215 ut
2742 3157 3018 3228 mysteria
3031 3173 3234 3217 eorum
3249 3159 3517 3232 diligenti
3536 3164 3756 3219 exami-

2099 3246 2334 3303 natione
2350 3246 2770 3319 perquirerem,
2793 3252 2854 3302 et
2873 3261 2946 3302 ex
2968 3262 3170 3304 eorum
3184 3249 3754 3312 sanctificationelu-

1969 3324 1984 3354 ’
2099 3335 2234 3391 dum
2247 3335 2416 3392 vobis
2429 3335 2706 3392 exhibere
2718 3335 2948 3394 vellem.
2966 3341 3040 3393 At
3055 3337 3255 3394 ubime
3269 3353 3418 3410 aqua
3431 3340 3655 3398 nudum
3669 3347 3752 3398 te-

2098 3423 2252 3495 tigit,
2277 3429 2336 3480 et
2360 3424 3032 3496 interrogatus,credere
3054 3442 3143 3483 me
3175 3428 3472 3500 respondi,
3498 3429 3619 3486 vidi
3653 3445 3751 3490 su-

338 3541 499 3597 naris
529 3550 574 3612 °,
607 3541 706 3613 qui
739 3542 890 3614 apud
919 3543 1331 3601 Rhemensium
1356 3547 1559 3602 urbem
1577 3513 1982 3605 consummato
2095 3527 2301 3616 ῙῘῨΠῘῘΘ
2315 3527 2543 3616 ".13an
2563 3513 2799 3616 cognitis
2823 3516 3246 3616 "”"‘e.“‘em:e‘
3267 3517 3510 3588 angelos
3531 3519 3636 3575 Dei
3659 3535 3750 3616 ’θ’

339 3602 642 3703 martyrio,
677 3602 940 3689 caelestia
973 3646 1150 3702 regna
1186 3640 1543 3692 meruerunt.
1593 3602 1596 3603 7
1629 3602 1632 3603 7
2093 3602 3205 3703 iiii‘n‘ﬁsjf’xfam‘?3‘9“3?9:92‘0mm“
3227 3613 3648 3703 peccay'aiq'm
3666 3610 3747 3668 ab

701 3740 762 3796 E.
823 3741 889 3796 IX
947 3691 1104 3796 ΚΑὶ.
1168 3740 1614 3800 SEPTEMBRIS.

2115 3691 2334 3748 nfantia
2351 3692 2815 3764 feci,recitarunt
2829 3693 3066 3750 delibro
3079 3709 3249 3766 quem
3263 3709 3394 3751 mox
3409 3695 3466 3752 in
3481 3697 3609 3770 ipsa
3623 3713 3745 3770 qua

749 3782 762 3796 ο
823 3781 889 3796 ω
1142 3781 1614 3888 “manu.
2091 3781 2380 3888 laverunt,
2407 3782 2473 3888 in
2491 3797 2605 3882 qua
2637 3784 2834 3888 egqin
2866 3789 3190 3883 conspectu
3223 3791 3424 3888 vestro
3458 3787 3744 3858 perfusus

2092 3833 2380 3855 __.-___-,
2408 3833 2463 3838 __
2499 3833 2605 3854 ηπ
2640 3833 2741 3854 τ-
2778 3833 2834 3840 -_
2869 3833 3190 3856 ---ηπ---
3234 3833 3421 3843 .-ν-,ν
3458 3833 3743 3858 rum---

611 3937 652 3953 ,Δ
1142 3833 1321 3953 fug"?
1377 3937 1390 3953 ‘
1555 3940 1566 3950 ο
1755 3947 1764 3953 Α
1819 3941 1854 3953 η
2089 3885 2239 3940 sum,
2272 3875 2332 3928 et
2366 3871 2504 3927 mihi
2535 3873 2933 3930 candidiorem
2975 3873 3106 3930 nive
3139 3875 3514 3946 postmodum
3543 3882 3744 3934 osten-

412 3938 470 3991 ln
502 3936 682 4034 India,
717 3935 932 3991 natalis
965 3937 1120 3992 beati
1157 3937 1568 3998 Bartholomaei
1599 3941 1875 4012 apostoli.

2113 3935 2318 4016 lerunt.
2340 3961 2502 4018 Nunc
2520 3961 2719 4033 igitur,
2746 3961 2960 4032 inclyte
2976 3935 3316 4034 imperator,
3331 3969 3390 4020 et
3409 3977 3515 4020 vos
3529 3979 3742 4024 omnes

407 4021 749 4124 ξοξίξιηίλίθν
775 4023 931 4124 δοξξῆ
953 4023 1383 4123 οθνί¹¹ξ¹ἓίηθ¹ξ¹›
1410 4033 1746 4124 εδφῐονυω
1772 4035 1977 4124 ιηὲῐᾙ·
2087 4047 2307 4120 populi,
2333 4049 2432 4120 qui
2456 4021 2642 4106 dehis
2665 4021 2963 4121 mysteriis
2977 4021 3242 4124 nescitis,
3261 4021 3488 4110 mecum
3501 4021 3738 4113 credite

334 4121 459 4163 rum
493 4109 696 4165 Massae
723 4109 1009 4180 candidae,
1047 4111 1144 4180 qui
1182 4113 1339 4182 passi
1369 4119 1505 4170 sunt
1534 4121 1796 4188 tempore
1820 4119 1976 4175 Vale-

334 4193 478 4216 -εηε
514 4199 564 4216 ,ι
603 4194 841 4216 ,ωηῃε
903 4199 1111 4216 nm“.
1354 4201 1364 4212 .
1417 4207 1427 4216 .
1574 4203 1610 4216 -ο
1839 4205 1874 4216 υ
1923 4207 1932 4216 ι

2113 4140 2260 4194 leum
2283 4152 2482 4194 verum
2505 4153 2640 4195 esse
2663 4140 2980 4212 Christum,
3004 4141 3156 4199 hunc
3178 4109 3312 4200 esse
3333 4141 3552 4216 lumen,
3576 4144 3738 4204 hunc

333 4194 478 4305 ξ’ίθῐξί
510 4199 570 4251 et
602 4194 1116 4305 δευοίξηίλξθιύῐη
1145 4201 1318 4305 θηξηξ,
1353 4201 1504 4258 inter
1536 4203 1648 4259 alia
1684 4205 1971 4304 ευρορίίοίδ
2081 4225 2412 4298 veritatem,
2437 4194 2594 4284 hunc
2613 4194 3151 4302 essepieta-temgt
3173 4194 3736 4305 ﬁéi'ipEEm—GJs'a—ii

327 4284 1766 4396 ξιιξξξξξ³,ἕξξξάθῃξίίξδθὲιξῗξἦξξξξξξξίξξῖθηδιξωνει
1790 4309 1969 4396 ιξλρτθ
2080 4314 2501 4385 indulgentiam
2536 4332 2712 4390 posse
2743 4320 3096 4390 pertingere.
3133 4321 3220 4378 Ad
3249 4284 3367 4380 haerc
3403 4321 3735 4396 imperator

328 4369 488 4428 illius
537 4386 754 4445 prunas
801 4388 932 4430 cum
983 4376 1154 4431 thure
1192 4379 1507 4452 exhibitas,
1558 4387 1618 4438 et
1659 4383 1968 4455 praesidem

328 4459 546 4485 Δευζηηλ
599 4461 981 4485 Πμ-εηιζηηε-.
1033 4462 1238 4485 ηιξ-ξι-
1287 4480 1308 4485 _
1367 4468 1492 4485 J,,,n
1947 4471 2001 4485 ,ι

2536 4369 2706 4390 Γ---
2743 4369 3096 4390 ,------.,----
3133 4369 3220 4378 --..
3249 4369 3366 4380 ...μ
3403 4369 3478 4378 ....
3526 4369 3723 4382 νη--.

2113 4403 2480 4463 liocletianus
2531 4407 3048 4465 vehementissime
3103 4409 3460 4482 indignatus,
3485 4369 3731 4470 rstatim

325 4459 548 4516 dixisse
598 4461 984 4519 Christianis:
1033 4462 1244 4534 Eligitc
1284 4480 1314 4520 a
1357 4468 1589 4527 duobus
1621 4486 1827 4528 unum:
1864 4471 2001 4532 aut:

325 4548 492 4574 .ι....,,,
527 4563 706 4574 Νη..
733 4550 820 4574 ._:-
845 4553 1115 4574 --_.--_=-
1145 4554 1339 4574 μνη.-
1379 4558 1496 4574 -
1624 4560 1678 4574 ιο
1815 4562 1826 4574 -

2116 4509 2209 4550 um
2225 4494 2482 4553 fustibus
2495 4495 2906 4554 crudelissime
2919 4511 3137 4556 caesum
3151 4459 3423 4556 Plutiano
3440 4459 3730 4574 praefecto

323 4548 496 4605 thura
527 4563 706 4622 super
732 4550 822 4607 his
842 4553 1116 4610 carbonis
1140 4554 1345 4612 offerte
1371 4558 1520 4628 Jovi,
1543 4565 1643 4615 aut
1666 4560 1721 4616 in
1739 4562 1959 4619 calcem

323 4637 722 4664 ΔΑΜΑ-ηένκζηε
776 4641 928 4664 νιν-...ιιι
965 4645 1210 4664 ι..,.,-..ιε
1245 4644 1352 4664 --ξ-9
1388 4645 1458 4664 n.)
1478 4661 1489 4664 _
1526 4661 1541 4664 _
1562 4663 1582 4664 η
1604 4662 1633 4664 μ-
1654 4649 1724 4664 -.ο
1841 4650 1851 4660 ι
1899 4655 1910 4664 .

2113 4584 2316 4642 radidit
2346 4585 2418 4643 ad
2455 4585 2744 4644 sacrificia
2776 4548 3474 4662 compellendum;aqu;
3476 4589 3534 4647 in
3548 4605 3732 4664 equu-

321 4637 745 4708 demergimini.
776 4641 931 4698 Tunc
965 4645 1212 4700 trecenti
1245 4644 1356 4703 viri
1386 4645 1497 4704 fide
1520 4649 1726 4704 armati
1751 4665 1814 4706 se
1837 4650 1956 4708 ictu

321 4725 691 4748 “mxuh-
740 4727 1025 4748 “HA.”
1077 4733 1117 4748 η
1165 4732 1174 4742 .
1220 4733 1317 4748 η...
1464 4737 1501 4748 ..
1685 4737 1752 4748 η.
1846 4741 1856 4748 .

2113 4688 2162 4730 >0
2177 4689 2526 4748 suspensus,
2542 4679 2602 4731 et
2624 4637 2968 4746 ungularum
2991 4676 3326 4736 diutissima
3346 4637 3727 4739 laceratione

1217 4733 1421 4839 mum
1462 4737 1639 4839 θθιξίῖξ
1682 4737 1953 4839 “Qut”:
2066 4726 2337 4836 vexatus,
2368 4726 3722 4839 lampadibu‘setiaminﬂammatus,cum

601 4821 1188 4931 ξῗὴξεξῗῖξζ-ξξιίΡίθν
1217 4837 1400 4931 V3301"
1401 4838 1466 4931 (ξε
1489 4823 1670 4931 cal?“
1691 4823 1954 4931 Ρυινξῖτθί
2066 4821 2438 4924 persisteret,
2456 4821 2689 4910 dicens:
2713 4854 2837 4912 Non
2861 4821 3720 4931 estréi'iééiéi'inamqife;

316 4905 1152 5020 ξξξξέξῗθνξξλξῇίίξῗξξξξῗλ
1653 4920 1953 5020 Ῠξέξοηυδ
2062 4955 2170 5010 ego
2203 4940 2323 4997 vidi
2353 4946 2413 4998 et
2434 4942 2617 4999 adoro
2638 4948 2700 5000 et
2720 4943 2874 5016 colo,
2909 4961 3015 5020 pro
3043 4905 3214 5018 cujus
3243 4945 3476 5005 cultura
3509 4905 3579 5005 siI
3598 4947 3722 5006 mil-

315 4987 1134 5109 beatorum’_ma§?3_cafqida
1165 4999 1394 5109 Si???"
1410 5003 1736 5109 Ἦξηθυρδνί
1768 5003 1816 5059 ⁸³·
2061 4987 2169 5086 lies
2191 5029 2450 5102 occidar,
2467 5030 2592 5104 ipse
2615 5047 2717 5090 ero
2737 5039 2799 5092 ut
2820 4987 2992 5109 cingi.
3018 4987 3314 5094 Christum
3333 5035 3471 5093 mihi
3489 5036 3562 5094 de
3585 5051 3712 5107 ore.

647 5103 707 5161 F.
768 5103 891 5161 vm
942 5103 1099 5200 κῃ.
1141 5105 1606 5200 βεηεΜΒκιδ.
2060 5119 2353 5175 Christum
2393 5103 2530 5176 mihi
2564 5120 2635 5178 de
2663 5124 2844 5180 corde
2875 5103 3108 5184 auferre
3139 5129 3433 5184 tormenta
3466 5139 3586 5184 non
3619 5103 3718 5200 pol

969 5197 1064 5262 (2⁵
1109 5193 1290 5266 Aug-2
2056 5212 2278 5276 terunt;
2292 5206 2460 5266 valde
2475 5210 2690 5268 etenim
2707 5212 2964 5284 pueniteo
2977 5215 3132 5287 quod
3149 5221 3284 5274 ante
3309 5228 3522 5274 nomen
3544 5193 3714 5275 sanc-
3813 5249 3822 5255 -

375 5277 593 5353 Romae,
622 5289 817 5348 natale
845 5291 1035 5350 sancti
1059 5290 1288 5350 Genesii
1313 5293 1755 5367 martyriszqui
1779 5296 1944 5369 prius
2055 5303 2197 5369 tum,
2245 5303 2306 5355 et
2357 5298 2414 5355 in
2441 5277 2776 5360 hominibus
2821 5277 3048 5362 sanctis
3093 5305 3391 5380 exhorrui,
3441 5310 3506 5364 et
3555 5305 3711 5364 satis

370 5401 504 5534 ςὲθ
531 5401 624 5462 his
654 5403 712 5463 in
742 5409 870 5468 Vita
903 5416 1092 5476 sancti
1124 5417 1381 5476 Eusebii.
1413 5489 1424 5500 ο
2121 5423 2151 5462 d
2182 5421 2325 5480 Vide
2368 5421 2631 5483 libellum
2659 5426 2739 5484 De
2772 5427 3105 5489 Festivital.
3141 5432 3348 5505 Apost.
3391 5429 3706 5502 Prudent.,

475 5477 661 5534 useb..
693 5482 762 5534 23
789 5483 1022 5534 Amr.-l-
1059 5503 1134 5534 vn
1163 5491 1313 5534 Emi,
1361 5492 1599 5534 "lﬁtnr-,
1647 5504 1771 5534 mm
1831 5490 1917 5534 nlt
2051 5493 2219 5534 hvmn
2277 5499 2344 5534 aa

475 5477 762 5568 aechm?
789 5483 1134 5568 {tugﬂlxvu
1161 5491 1316 5568 Eccl.
1357 5489 1605 5568 Histor.,
1647 5504 1774 5567 cap.
1831 5490 1935 5551 ult.
2049 5477 2363 5568 hyali-1.713.

374 5553 400 5588 α
426 5517 666 5610 ὅ...νυῖ
695 5517 762 5536 «υ
789 5517 934 5555 ηαδ.
984 5517 1134 5568 ι..νιι
1161 5517 1316 5548 num.
1357 5517 1605 5564 uiuum,
1647 5517 1774 5567 υἱψ.
1834 5517 1935 5551 ult.
2049 5517 2242 5568 uyulu.
2277 5517 2368 5578 16..
2649 5568 2661 5581 ⁸
2731 5567 2742 5580 .

475 5561 596 5625 reg.
669 5559 756 5614 ur.
788 5550 861 5614 de
894 5527 1088 5618 Gloria
1116 5567 1311 5640 mart.‘,
1341 5577 1394 5625 c.
1429 5566 1520 5626 55.
2121 5574 2146 5607 °
2175 5566 2320 5630 Male
2351 5581 2410 5630 in
2441 5567 2554 5632 MS.
2585 5569 3036 5636 mumtbemelae.
