3992 6170
288 291 391 345 337

1026 279 1629 342 MARTYROLOGIUM
1668 279 2381 341 CUM’ADDITAMENTIS.
2424 312 2492 325 ——
2530 280 2732 340 MENS.
2779 283 2939 341 AUG.

3567 258 3683 351 C338

284 407 513 468 tardius
541 405 615 466 ad
645 404 1238 467 adorandum’verum
1271 409 1485 479 Regem
1519 406 1811 481 superbus
1831 408 1933 465 mi-
1961 409 2016 469 A
2044 404 2262 464 levavrt
2312 407 2580 465 Justinus
2631 407 2960 481 presbyter,
2991 415 3050 468 et
3082 411 3354 485 sepelivit
3385 414 3441 473 in
3473 423 3678 491 crypta

279 488 367 557 les
388 498 637 556 accessi.
660 497 919 570 Martyrii
938 511 1215 555 coronam
1236 498 1448 571 capitis
1472 498 1921 556 obtruncatione

277 587 607 661 promeruit
633 601 732 644 vm
760 586 1048 644 Kalendas
1073 587 1455 660 Septembris.

286 674 289 677 ’
345 678 483 749 Ipso
514 676 835 748 eodemque
865 676 980 746 die,
1006 676 1219 733 natalis
1242 676 1430 734 sancti
1456 675 1684 734 Genesii
1708 686 1755 748 ιι,
1781 679 1920 734 Are-

272 766 544 837 latensis,
560 765 657 837 qui
670 770 804 822 ante
819 764 1075 822 tribunal
1085 765 1305 836 judicis
1319 766 1657 837 exceptoris
1680 766 1916 824 functus

270 854 485 925 oﬂicio,
501 854 841 926 cumimpia,
860 853 1075 926 quibus
1099 854 1415 912 Christiani
1434 855 1624 926 puniri
1634 857 1917 925 jubeban-

270 950 389 1015 tur,
414 942 608 1001 edicta
624 942 807 1000 nollet
819 942 1112 1014 excipere,
1129 942 1412 1015 projectis
1429 944 1483 999 in
1502 942 1735 1015 publico
1752 946 1915 1003 tabu-

269 1032 365 1103 lis,
390 1046 457 1090 se
478 1032 872 1089 Christianum
894 1046 1027 1089 esse
1050 1036 1305 1089 testatus
1336 1033 1649 1090 abscessit.
1677 1033 1745 1090 Et
1780 1040 1912 1106 post

269 1121 560 1179 modicum
590 1119 962 1178 intervallum
995 1119 1396 1192 deprehensus
1445 1121 1517 1177 ab
1565 1122 1914 1194 apparitori-

269 1211 397 1281 bus,
414 1210 669 1282 atquein
693 1210 819 1282 ripa
843 1208 1097 1266 ﬂuminis
1120 1210 1383 1267 Rhodani
1407 1209 1913 1282 decollatus,mar-

269 1299 401 1371 tyrii
433 1298 703 1370 gloriam,
739 1299 979 1371 proprio
1011 1298 1222 1355 cruore
1256 1299 1612 1371 baptizatus,
1658 1303 1904 1373 accepit.

334 1388 553 1446 Eodem
566 1388 660 1447 die
674 1389 891 1458 Romae,
908 1387 1101 1446 natale
1128 1392 1465 1445 sanctorum
1489 1394 1743 1460 quatuor
1764 1405 1911 1448 mar-

265 1483 455 1551 tyrum
479 1478 740 1549 Eusebii,
764 1477 1054 1548 Pontiani,
1082 1476 1379 1548 Peregrini
1396 1482 1572 1550 atque
1593 1479 1904 1552 Vincentii,

264 1567 589 1639 immrante
611 1566 1190 1637 Commodo,Vitellio
1205 1565 1497 1636 judice.Hi
1522 1568 1708 1639 primo
1732 1569 1909 1627 facul-

264 1661 414 1714 tates
429 1670 787 1713 suasomnes
801 1656 1159 1727 pauperibus
1173 1656 1600 1728 disperserunt,
1617 1672 1684 1714 ac
1698 1658 1907 1717 deinde

261 1743 785 1817 praedicationibus
819 1744 943 1801 suis
972 1742 1188 1801 Julium
1228 1759 1457 1816 quoque
1488 1752 1815 1805 senatorem
1846 1754 1905 1805 et
1934 1771 1987 1831 Β

260 1844 486 1890 omnem
510 1832 744 1890 domum
767 1833 893 1904 ejus
914 1834 985 1890 ad
1009 1833 1179 1890 ﬁdem
1204 1834 1420 1891 Christi
1443 1849 1785 1905 conversos,
1804 1852 1907 1910 per

260 1922 494 1979 beatum
517 1920 786 1980 Rufinum
817 1922 1224 1995 presbyterum
1254 1922 1326 1978 ad
1350 1923 1625 1995 baptismi
1658 1926 1905 1995 gratiam

258 2010 680 2083 perduxerunt.
708 2010 815 2078 Qui
839 2025 952 2067 non
978 2011 1159 2068 multo
1182 2016 1320 2084 post
1344 2017 1564 2084 martyr
1586 2012 1797 2084 factus,
1831 2015 1904 2071 ab

258 2098 467 2157 iisdem
489 2100 666 2158 etiam
698 2099 966 2172 sepultus
995 2105 1106 2157 est.
1134 2101 1246 2157 Pro
1279 2116 1393 2172 quo
1425 2103 1690 2171 maxime,
1728 2103 1841 2174 ipsi
1872 2118 1901 2160 a

256 2188 495 2246 Vitellio
526 2190 695 2260 tenti,
731 2194 791 2246 et
818 2189 875 2246 in
908 2189 1157 2261 equuleo
1194 2190 1393 2261 levati,
1428 2191 1624 2248 nervis
1672 2207 1903 2264 quoque

256 2277 524 2348 distenti,
573 2292 640 2336 ac
689 2277 900 2335 deinde
955 2278 1211 2336 fustibus
1266 2280 1405 2338 caesi
1462 2285 1628 2347 sunt;
1688 2283 1902 2353 quibus

254 2372 310 2423 et
344 2367 591 2426 ﬂammae
623 2367 695 2424 ad
727 2365 909 2425 latera
941 2381 1143 2426 eorum
1177 2369 1550 2441 postmodum
1590 2373 1895 2445 appositae.

254 2455 362 2513 Sed
394 2471 528 2513 cum
563 2457 620 2513 in
653 2455 825 2514 laude
856 2458 1071 2515 Christi
1107 2458 1448 2517 fidelissime
1489 2462 1896 2537 persisterent,

252 2544 488 2602 tandem
520 2545 775 2617 depositi
810 2547 883 2603 ab
904 2546 1155 2618 equuleo
1187 2554 1340 2604 sunt.
1370 2549 1438 2604 Et
1460 2564 1589 2606 cum
1614 2551 1900 2609 nihilomi-

250 2648 363 2691 nus
397 2634 453 2690 in
486 2635 858 2692 confessione
892 2636 1108 2693 Christi
1144 2643 1571 2709 permanerent,
1600 2640 1784 2698 iratus
1808 2642 1900 2697 Vi-

249 2720 454 2781 tellius
501 2724 755 2783 Eusebio
798 2724 981 2796 jussit
1032 2724 1287 2797 linguam
1338 2726 1623 2784 radicitus
1670 2730 1893 2787 abscidi

253 2824 429 2882 quam
461 2816 646 2870 tamen
681 2813 890 2871 beatus
927 2816 1179 2872 Faustus
1210 2814 1498 2887 colligens
1537 2818 1593 2873 in
1625 2818 1754 2875 sinu
1787 2834 1893 2877 suo

248 2899 582 2971 abscondit,
605 2905 666 2957 et
690 2901 854 2972 fugit.
882 2904 1132 2961 Praecisa
1156 2903 1373 2975 lingua,
1398 2905 1688 2962 clamabat
1720 2907 1895 2965 Euse-

246 2987 383 3046 bius
408 3008 422 3043 :
447 2987 639 3046 Gloria
664 2990 792 3061 tibi,
809 2992 1045 3050 Domine
1064 2995 1203 3050 Jesu
1227 2994 1477 3064 Christe,
1496 2994 1592 3065 qui
1617 2994 1891 3065 dignatus

243 3089 303 3135 es
327 3091 426 3135 me
445 3093 577 3136 cum
600 3080 790 3138 servis
812 3081 932 3138 tuis
953 3083 1024 3139 ad
1048 3082 1293 3152 gloriam
1317 3097 1758 3142 connumerare.
1785 3087 1891 3143 Re-

242 3165 392 3223 clusi
416 3167 476 3224 in
498 3182 791 3225 carcerem
815 3184 946 3226 cum
967 3170 1194 3241 hymnis
1214 3172 1313 3228 Dei
1339 3172 1434 3228 die
1456 3178 1746 3244 noctuque
1761 3189 1890 3245 per-

242 3260 547 3327 sonarent,
570 3258 732 3313 venit
754 3258 987 3329 quidam
1005 3260 1120 3331 jam
1145 3265 1396 3331 quatuor
1416 3262 1787 3320 anniscaacus
1801 3278 1891 3321 sa-

239 3332 456 3402 cerdos
488 3344 784 3418 Capitolii,
810 3347 1041 3404 nomine
1072 3348 1373 3420 Lupullus,
1409 3349 1479 3406 ad
1511 3365 1645 3417 eos;
1678 3356 1738 3408 et
1765 3366 1889 3409 cre-

240 3432 405 3503 dens,
437 3433 824 3507 illuminatus,
860 3437 1132 3509 baptismi
1176 3439 1421 3508 gratiam
1454 3441 1738 3512 percepit.
1767 3443 1885 3499 Hoc

239 3521 385 3594 ipse,
404 3522 646 3594 rejectis
662 3524 858 3596 idolis,
877 3526 1210 3598 baptizatus
1224 3532 1334 3584 est.
1362 3529 1499 3595 Quae
1522 3534 1687 3600 gesta
1710 3530 1887 3588 Vitel-

239 3608 347 3668 lius
382 3611 702 3670 Commodo
735 3628 865 3671 cum
899 3616 1316 3686 renuntiasset,
1344 3616 1526 3687 jussit
1547 3633 1648 3674 cos
1668 3620 1878 3689 puniri.

236 3697 300 3756 Et
319 3706 464 3772 post
488 3701 748 3759 triduum
769 3703 841 3760 de
864 3717 1102 3761 carcere
1124 3705 1345 3777 educti,
1362 3707 1433 3762 ad
1447 3707 1677 3762 Petram
1702 3708 1884 3765 scele-

234 3794 442 3861 ratam,
460 3789 785 3864 plumbatis
798 3808 982 3865 usque
996 3794 1068 3849 ad
1082 3795 1455 3852 emissionem
1471 3796 1718 3868 spiritus
1733 3812 1883 3855 mac-

234 3879 331 3936 tati
366 3885 531 3939 sunt.
557 3881 817 3948 Quorum
838 3897 1086 3956 corpora
1123 3884 1364 3955 collegit
1390 3885 1598 3941 beatus
1622 3886 1882 3945 Ruﬂinus

232 3970 569 4041 presbyter,
585 3975 645 4028 et
659 3971 933 4043 sepelivit
955 3972 1027 4029 ab
1042 3975 1185 4031 urbe
1207 3974 1384 4031 Roma
1402 3972 1675 4032 milliario
1690 3982 1877 4049 sexto,

234 4055 387 4115 inter
408 4058 564 4115 viam
588 4056 880 4117 Aureliam
903 4062 1422 4135 etTriumphalem,
1448 4069 1657 4122 octavo
1680 4064 1881 4124 Kalen-

234 4143 333 4203 das
364 4145 665 4220 Septemb.
702 4149 811 4206 Sed
846 4150 1029 4207 multo
1061 4157 1194 4224 post
1226 4156 1487 4225 tempore
1517 4154 1543 4191 b
1574 4155 1878 4211 beatorum

232 4240 557 4308 martyrum
588 4237 824 4295 Eusebii
852 4245 911 4296 et
938 4240 1203 4297 Pontiani
1237 4241 1571 4314 (largitione
1600 4258 1765 4314 papae
1788 4244 1879 4299 Ni-

232 4323 405 4397 colai)
436 4326 699 4384 membra
731 4328 800 4384 ad
836 4327 1052 4385 Gallias
1094 4329 1377 4387 translata
1410 4331 1466 4387 in
1504 4332 1878 4390 monasteriis

231 4419 434 4472 sancto
461 4415 737 4488 apostolo
764 4418 940 4475 Petro
962 4424 1100 4475 voto
1124 4418 1405 4489 religioso
1435 4419 1689 4493 collatis,
1718 4435 1877 4479 reve-

228 4506 425 4560 renter
454 4504 744 4562 tumulata
776 4512 1149 4564 venerantur.

602 4647 662 4703 ϐ.
710 4647 809 4704 VII
848 4649 1005 4706 KAL.
1052 4649 1496 4709 SEPTEMBRIS.

915 4758 1009 4825 (26
1047 4758 1176 4831 Αυθ
1184 4766 1225 4828 .1

295 4856 513 4929 Romae,
548 4861 737 4917 sancti
768 4861 1077 4934 Zephyrini
1112 4879 1274 4937 papae
1296 4874 1338 4935 ο,
1372 4866 1468 4938 qui
1506 4866 1656 4923 rexit
1679 4865 1873 4925 Eccle-

222 4944 366 5002 siam
396 4962 583 5006 annos
614 4954 771 5022 octo,
806 4964 1036 5009 menses
1067 4960 1312 5026 septem,
1349 4954 1475 5013 dies
1507 4955 1725 5014 decem.

292 5034 432 5091 Item
464 5034 682 5095 natalis
711 5044 1049 5097 sanctorum
1084 5042 1285 5099 Irenaei
1327 5048 1386 5099 et
1421 5044 1648 5101 Abundi
1681 5045 1728 5115 ά,
1762 5045 1872 5103 Ro-

220 5135 324 5180 mae
342 5138 521 5196 ;quos
535 5127 784 5185 Deciana
799 5130 1211 5201 persecutione
1231 5132 1409 5204 jussit
1431 5131 1870 5192 Valerianusin-

218 5208 496 5286 cloacari,
519 5228 592 5272 eo
628 5217 781 5288 quod
813 5231 1030 5291 corpus
1065 5219 1249 5279 beatae
1281 5222 1614 5281 Concordiae
1638 5223 1694 5279 in
1716 5224 1870 5283 cloa-

219 5311 344 5357 cam
361 5303 984 5365 missum‘levaverunt.
1008 5308 1078 5366 Et
1093 5309 1353 5382 ipsorum
1369 5326 1597 5384 quoque
1618 5327 1866 5386 corpora

287 5432 317 5505 ξ
354 5426 520 5505 Qui-eg.
555 5429 688 5486 Tur.
725 5429 797 5505 de
829 5430 1024 5505 Gloria
1055 5439 1251 5505 mart.,
1283 5449 1333 5490 c.
1368 5438 1455 5493 68.

290 5493 319 5578 ξ’
346 5493 702 5578 ἓίείῇνιιξθ,
738 5501 797 5559 in
830 5503 1065 5578 Chron.,
1100 5493 1248 5562 anno
1275 5509 1398 5563 865.

289 5571 316 5602 °
346 5566 706 5645 Po‘ntiﬁcale',
739 5586 790 5632 c.
826 5579 912 5632 16.

2024 495 2191 567 juxta
2225 496 2457 554 beatum
2492 497 2884 555 Laurentium.

2101 585 2267 657 Apud
2300 586 2681 644 Vintimilium
2732 592 2993 645 castrum
3036 588 3238 661 Italiae,
3272 592 3485 652 natalis
3518 594 3675 655 beati

2030 674 2277 732 Secundi
2302 676 2598 747 martyris,
2616 675 2723 732 viri
2749 677 3112 748 spectabilis,
3138 684 3195 735 et
3216 680 3382 738 ducis
3403 695 3474 739 ex
3496 681 3674 755 legio-

2027 776 2099 819 ne
2130 768 2467 822 sanctorum
2498 766 2896 836 Thebaeorum,
2922 766 3020 837 qui
3049 772 3183 824 ante
3206 768 3437 826 beatum
3470 770 3672 830 Mauri-

2026 852 2171 909 tium
2196 858 2255 910 et
2278 859 2553 926 caeteros,
2573 860 2705 927 post
2720 854 2949 912 vmcnla
2964 861 3023 913 et
3039 870 3311 915 carceres
3332 862 3668 931 martyrium

2025 942 2238 1013 capitis
2276 942 2610 1000 abscisione
2643 945 2981 1015 complevit.

2096 1030 2261 1101 Apud
2296 1032 2498 1088 urbem
2534 1033 2734 1102 Italiae,
2761 1047 2888 1105 qua
2913 1034 3209 1104 Bergamis
3239 1034 3476 1107 dicitur,
3511 1042 3672 1094 nata-

2023 1116 2095 1174 lis
2120 1118 2309 1175 sancti
2334 1119 2643 1178 Alexandri
2670 1122 2962 1193 martyris,
2989 1124 3098 1179 sub
3121 1123 3462 1182 Maximiano
3487 1126 3671 1185 Caesa-

2022 1220 2115 1272 re;
2148 1207 2243 1278 qui
2277 1222 2406 1264 cum
2436 1215 2595 1267 esset
2649 1211 2816 1267 miles
2864 1226 3011 1268 unus
3043 1227 3114 1268 ex
3146 1212 3373 1284 legione
3401 1214 3671 1274 Theban-

2021 1309 2166 1366 rnm,
2194 1298 2561 1355 Christianus
2594 1300 2784 1357 factus
2813 1305 2925 1357 est.
2955 1301 3210 1358 Audiens
3242 1304 3350 1359 hoc
3381 1304 3670 1363 Maximia-

2019 1398 2129 1441 nus
2161 1391 2294 1457 post
2325 1386 2452 1443 dies
2482 1388 2833 1458 quindecim,
2871 1390 3111 1446 mittens
3152 1391 3466 1448 accersivit
3510 1407 3663 1464 eum,

2019 1471 2221 1530 dicens
2243 1475 2295 1530 ei
2322 1494 2333 1528 :
2361 1476 2471 1531 Pro
2505 1475 2661 1532 nulla
2687 1491 2746 1533 re
2768 1476 2880 1532 alia
2912 1479 3150 1534 evocavi
3172 1484 3229 1536 te
3260 1479 3370 1536 nisi
3404 1485 3465 1538 ut
3490 1483 3668 1539 sacri-

2019 1560 2177 1618 ﬁces.
2196 1563 2461 1634 Comperi
2477 1564 2629 1619 enim
2645 1570 2702 1621 te
2718 1564 3220 1638 derelinquentem
3244 1568 3388 1625 deos
3402 1576 3663 1641 nostros,

2018 1650 2409 1707 Christianum
2440 1666 2572 1709 esse
2605 1653 2839 1711 factum.
2876 1655 2943 1710 Et
2974 1656 3083 1711 hoc
3116 1655 3335 1728 dicens,
3374 1658 3522 1729 petit
3551 1658 3665 1716 sibi

2018 1754 2293 1797 mensam.
2334 1743 2527 1812 anue
2558 1743 2850 1815 apposita,
2885 1750 2945 1800 et
2975 1745 3312 1804 linteamine
3357 1753 3660 1821 cooperta,

2017 1829 2195 1899 coepit
2230 1844 2404 1900 agere
2435 1845 2566 1888 cum
2601 1832 2775 1888 beato
2817 1832 3147 1892 Alexandro
3179 1840 3243 1893 ut
3275 1837 3657 1896 sacrificaret.

2018 1916 2262 1974 Sanctus
2284 1917 2610 1976 Alexander
2626 1921 2680 1977 in
2695 1923 2904 1979 coelum
2928 1925 3242 1995 aspiciens,
3261 1925 3407 1981 dixit
3434 1944 3447 1980 :
3474 1928 3663 1997 Atque

2017 2005 2234 2062 utinam
2258 2012 2480 2063 tantam
2502 2008 2638 2064 mihi
2663 2010 2813 2066 Dens
2834 2012 3082 2080 gratiam
3105 2013 3291 2082 daret,
3319 2013 3414 2083 qui
3447 2017 3659 2071 cuncta

2016 2107 2119 2164 per
2143 2094 2335 2152 Iesum
2368 2096 2662 2153 Christum
2696 2098 3131 2169 postulantibus
3152 2105 3416 2171 praestat,
3444 2105 3506 2158 ut
3528 2114 3660 2174 pos-

2014 2196 2134 2239 sem
2159 2188 2217 2239 et
2241 2188 2398 2240 tuam
2431 2184 2795 2242 voluntatem
2818 2186 2888 2242 ad
2906 2188 3006 2244 Dei
3029 2188 3383 2258 agnitionem
3416 2204 3657 2248 conver-

2012 2274 2159 2339 tere,
2184 2277 2241 2329 ct
2263 2274 2637 2331 vanissimam
2661 2274 2833 2332 istam
2856 2274 3328 2334 incredulitatem
3351 2285 3464 2335 ate
3496 2292 3658 2336 aver-

2012 2364 2137 2417 tere
2160 2364 2172 2417 !
2198 2362 2308 2419 Sed
2322 2367 2384 2420 tu
2399 2363 2633 2434 quidem
2657 2364 2982 2421 insanabile
3003 2365 3184 2423 habes
3204 2367 3447 2434 malum;
3470 2383 3542 2425 ex
3562 2382 3659 2426 ve-

2013 2452 2232 2507 tustate
2255 2451 2388 2508 huic
2409 2452 2657 2508 vanitati
2680 2452 3004 2524 adhaerens,
3019 2454 3261 2511 credere
3292 2470 3406 2512 non
3438 2456 3544 2514 vis.
3572 2459 3656 2515 Me

2010 2542 2203 2596 autem
2236 2541 2468 2597 vocavit
2493 2541 2592 2598 ille
2615 2542 2711 2613 qui
2735 2556 2806 2599 ex
2827 2544 3104 2613 gentibus
3126 2544 3197 2601 ad
3222 2560 3383 2602 suam
3407 2548 3655 2616 gratiam

2008 2627 2143 2684 olim
2161 2642 2374 2686 vocare
2395 2630 2686 2701 promisit.
2710 2632 2889 2688 Parce
2903 2632 3170 2689 consiliis
3185 2634 3303 2690 tuis
3322 2634 3651 2708 diabolicis,

2008 2715 2239 2788 plange,
2273 2722 2332 2773 et
2366 2732 2656 2787 cognosce
2688 2724 2857 2776 actus
2901 2724 3035 2777 tuos
3066 2721 3267 2790 malos,
3299 2728 3359 2778 et
3389 2724 3564 2781 crede
3595 2724 3653 2782 in

2004 2806 2183 2863 Deum
2208 2807 2421 2878 vivum,
2453 2808 2548 2877 qui
2574 2810 2711 2865 fecit
2733 2810 2943 2865 omnia.
2969 2811 3124 2867 Tunc
3146 2811 3543 2883 Maximianus,
3578 2813 3652 2871 ad

2006 2899 2224 2951 tantam
2257 2896 2383 2965 ejus
2416 2894 2686 2953 ﬁduciam
2727 2904 3076 2969 commotus,
3110 2900 3288 2968 jussit
3319 2902 3651 2960 astantibus

2004 2989 2065 3039 ut
2091 2983 2160 3039 de
2178 2984 2452 3055 apposito
2474 2986 2764 3043 sacrificio
2781 2986 2964 3042 invito
2985 2987 3036 3042 ei
3061 2986 3325 3058 oﬂ‘erent,
3351 2988 3649 3062 applicitis

2001 3073 2243 3129 armatis
2259 3076 2532 3139 econtra;
2557 3079 2614 3129 at
2640 3073 2738 3131 ille
2763 3076 3537 3145 beatissimus,confundens
3561 3093 3671 3136 re--

1998 3160 2151 3231 giam
2176 3161 2565 3233 iniquitatem,
2582 3164 3088 3235 etejuspraecepta
3111 3164 3220 3221 fide
3243 3171 3648 3225 armatuscon-

2000 3249 2454 3319 temnens,calce
2478 3264 2730 3308 mensam
2746 3252 3342 3323 percussit,evertens
3363 3268 3489 3311 eam
3514 3270 3643 3314 cum

2000 3337 2270 3394 omnibus
2294 3339 2706 3410 suprapositis.
2736 3341 3038 3398 Iracundia
3064 3340 3326 3412 repletus
3356 3343 3647 3401 Maximia-

1998 3439 2107 3482 nus
2124 3426 2301 3496 jussit
2324 3427 2475 3484 tradi
2502 3428 2598 3484 uni
2622 3444 2694 3485 ex
2716 3430 3019 3487 ministris.
3044 3430 3172 3499 Qui,
3196 3431 3506 3501 evaginato
3526 3431 3646 3503 gla-

1998 3513 2114 3585 dio,
2133 3516 2300 3571 stetit
2324 3516 2620 3588 stupidus,
2641 3518 2813 3574 ferire
2835 3533 2948 3575 non
2971 3519 3211 3576 audens.
3231 3520 3333 3576 Cui
3357 3520 3647 3578 Maximia-

1996 3618 2105 3661 nus
2130 3624 2142 3659 :
2170 3605 2372 3662 Adhuc
2396 3611 2539 3671 stas,
2568 3607 2716 3664 male
2738 3607 2939 3665 miles?
2960 3610 3032 3664 At
3054 3607 3152 3664 ille
3176 3610 3481 3681 respondit
3507 3630 3519 3665 :
3545 3611 3647 3668 Ca-

1996 3697 2100 3764 put
2122 3693 2250 3763 ejus
2282 3694 2436 3751 sicut
2462 3711 2627 3752 mons
2650 3704 2738 3752 est
2762 3701 2897 3752 ante
2921 3712 3029 3763 me,
3050 3696 3201 3753 unde
3225 3702 3392 3754 totus
3414 3705 3645 3757 contre-

1998 3781 2199 3838 misco.
2224 3783 2379 3840 Tunc
2410 3784 2788 3841 Maximianus
2818 3784 3064 3841 tradidit
3097 3800 3226 3842 eum
3251 3784 3383 3841 aliis
3406 3791 3468 3844 ut
3488 3787 3645 3844 occi-

1995 3870 2487 3928 deretur.Gaudio
2503 3872 2699 3942 itaque
2715 3871 2977 3943 repletus
2993 3878 3232 3943 martyr,
3248 3887 3455 3944 aquam
3470 3875 3641 3946 petiit

1992 3964 2050 4016 et
2075 3974 2279 4017 manus
2302 3976 2441 4018 suas
2472 3961 2632 4031 lavit,
2660 3962 3019 4033 ﬂectensqne
3042 3976 3249 4033 genua,
3274 3966 3334 4019 et
3351 3964 3639 4022 cervicem

1993 4051 2047 4107 in
2073 4055 2230 4108 terra
2265 4051 2596 4120 humilians,
2623 4052 2889 4108 oratione
2920 4052 3046 4109 fusa
3071 4054 3143 4109 ad
3169 4053 3496 4125 Dominum,
3519 4055 3639 4111 ani-

1991 4142 2335 4199 madversus
2364 4149 2476 4198 est.
2497 4143 2639 4199 Post
2670 4143 2892 4214 aliquot
2922 4143 3049 4201 dies
3080 4144 3343 4215 quaedam
3372 4148 3636 4202 matrona

1988 4231 2342 4301 castissima,
2377 4231 2607 4287 nomine
2638 4232 2854 4302 Gratia,
2888 4230 3127 4303 collegit
3158 4248 3376 4305 corpus
3405 4233 3553 4305 ejus,
3577 4238 3636 4291 et

1990 4320 2187 4391 posuit
2213 4319 2355 4376 illud
2382 4320 2436 4374 in
2461 4318 2741 4391 praediolo
2772 4335 2899 4392 suo,
2925 4336 3036 4378 non
3063 4321 3235 4393 longe
3256 4337 3286 4378 a
3309 4332 3476 4400 muro
3497 4322 3639 4381 civi-

1989 4407 2134 4463 tatis
2158 4408 2584 4478 Bergamensis.
2612 4408 2788 4480 Cujus
2811 4409 3006 4482 passio
3033 4409 3322 4482 completa
3344 4416 3437 4469 est
3454 4415 3489 4468 7
3510 4409 3634 4469 Kal.

1906 4483 1956 4542 Ι)
1987 4495 2368 4568 Septembris.

2367 4589 2428 4643 A.
2473 4584 2564 4642 Vl.
2609 4588 2771 4642 KAL-
2811 4585 3256 4643 SEPTEMBRIS.

2654 4678 2744 4743 (27
2784 4677 2962 4747 Any.)

2057 4781 2222 4855 Apud
2239 4783 2512 4855 Capuam,
2528 4780 2742 4839 natalis
2757 4781 2947 4840 sancti
2960 4782 3087 4841 Ruﬁ
3100 4790 3124 4821 θ
3146 4780 3440 4854 martyris,
3458 4793 3627 4854 quem

1984 4872 2185 4930 docuit
2215 4877 2273 4929 et
2300 4872 2620 4945 baptizavit
2652 4871 2860 4928 beatus
2890 4870 3266 4944 Apollinaris,
3300 4870 3458 4927 Petri
3492 4884 3627 4942 apo-

1984 4961 2120 5019 stoli
2172 4961 2516 5034 discipulus,
2564 4974 2695 5018 cum
2742 4965 2900 5018 esset
2952 4960 3103 5018 idem
3147 4960 3331 5018 Rufus
3362 4958 3623 5031 patriciae

1981 5049 2306 5121 dignitatis.

2049 5138 2261 5210 Tomis,
2296 5137 2509 5196 natalis
2560 5142 2899 5196 sanctorum
2932 5141 3270 5208 martyrum,
3306 5134 3620 5194 Marcellini

1979 5227 2223 5299 tribuni,
2247 5233 2307 5285 et
2339 5229 2540 5285 uxoris
2568 5230 2696 5302 ejus
2726 5227 2997 5296 Mannem,
3023 5230 3083 5281 et
3106 5222 3207 5280 ﬁlii
3243 5225 3429 5298 ipsius
3455 5227 3624 5285 Joan-

1966 5317 2090 5391 nis,
2123 5320 2182 5374 et
2214 5317 2549 5390 Serapionis
2580 5317 2803 5387 clerici,
2837 5324 2894 5372 et
2928 5314 3085 5371 Petri
3120 5311 3325 5372 militis
3352 5315 3390 5371 ί.

2047 5442 2075 5480 ἀ
2106 5443 2185 5499 De
2216 5442 2308 5500 his
2341 5443 2395 5499 in
2429 5443 2615 5512 gestis
2648 5445 2831 5512 sanet.
2871 5439 3190 5512 Laurentii,
3220 5446 3288 5501 10
3318 5444 3459 5512 Aug.

2045 5521 2070 5550 θ
2100 5514 2179 5569 De
2213 5513 2324 5570 hoc
2356 5514 2410 5569 in
2433 5508 2571 5581 Vita
2606 5508 2982 5583 Apollinaris,
3012 5515 3079 5569 27
3109 5508 3219 5570 Jul.

2046 5584 2068 5623 ί
2101 5584 2379 5655 Gennad.,
2413 5579 2491 5641 de
2515 5579 2671 5641 Viris
2696 5579 2904 5657 illust.,
2937 5579 3105 5643 0.86.
