3992 6170
315 273 420 324 339

1374 255 1430 312 S.
1465 249 1726 310 ADONIS
1763 243 2202 306 ARCHIEPISC.
2233 243 2650 302 VIENNENSIS
3605 243 3700 298 340

386 393 446 448 In
477 388 695 458 Galli’s,
717 386 956 442 civitate
989 380 1336 452 Arelatensi,
1361 378 1546 438 sancti
1568 375 1799 435 Caesarii
1823 373 1942 446 epi-
1971 378 2024 438 Α
2057 387 2160 430 ses
2188 369 2808 458 Chr'sto,iiliumtuum
2831 366 3174 458 incolumem
3197 363 3461 422 haberes.
3480 364 3578 458 Cui
3601 378 3702 436 ego

315 479 476 551 scapi
514 482 574 534 et
610 475 982 546 confessoris,
1033 472 1192 530 mira:
1233 467 1584 539 sanctitatis,
1619 465 1858 540 pietatis
1894 467 1952 520 et

312 567 490 626 studii
523 566 652 623 viri.

387 655 554 729 Apud
578 653 1083 726 Augustodunum,
1111 653 1164 708 S.
1191 647 1415 722 Syagrii
1438 645 1698 720 episcopi
1719 649 1779 703 et
1800 643 1950 701 conf.

714 779 773 834 Β.
797 779 864 834 ⁴ν
903 777 1059 832 KAL.
1105 773 1551 832 SEPTEMBBIS.

979 876 1072 946 (28
1111 875 1288 947 Aug.)

385 1007 601 1075 Romaa,
653 1002 850 1060 natale
903 999 1220 1059 beatissimi
1268 995 1613 1054 I-lermetise
1661 994 1952 1066 martyris.

314 1098 476 1154 Hunc
501 1091 957 1150 illustrissimum
981 1090 1166 1146 virum
1194 1084 1750 1144 beatus~Alexander
1774 1083 1959 1155 ponti-

317 1185 412 1240 fex
437 1186 730 1255 etmartyr
755 1181 810 1253 (3
825 1179 1138 1250 Maii),cum
1173 1181 1330 1234 esset
1353 1175 1666 1246 praefectus
1683 1173 1960 1230 urbisRo-

321 1289 448 1344 mae,
470 1271 788 1344 baptizavit
805 1285 935 1326 cum
954 1283 1154 1337 uxore,
1169 1272 1226 1324 et
1245 1265 1398 1334 filiis,
1415 1279 1481 1321 ac
1495 1262 1960 1320 sorore'l'heodo-

319 1379 404 1433 ra,
421 1376 669 1433 cumque
693 1375 762 1417 eo
787 1358 1010 1432 pariter
1034 1355 1190 1412 mille
1214 1355 1498 1411 ducentos
1539 1351 1958 1422 quinquaginta

319 1467 521 1510 servos
533 1451 902 1521 ejus,uxores
917 1461 1149 1520 quoque
1163 1451 1222 1502 et
1239 1441 1962 1513 ﬁlioseorum,priusinge-

320 1539 1184 1599 nuitateill‘sconcessa.Etnon
1212 1532 1396 1590 multo
1421 1532 1632 1604 postab
1650 1529 1960 1586 Aureliano

318 1631 672 1701 imperatore
694 1627 962 1685 trususin
986 1637 1306 1692 carcerem,
1325 1623 1496 1678 beato
1518 1621 1693 1676 etiam
1717 1618 1962 1675 Alexan-

319 1717 425 1774 dro
449 1717 503 1772 in
536 1715 801 1773 custodia
835 1713 1045 1785 posito,
1072 1711 1308 1767 tribuno
1337 1709 1575 1776 Qu'rino
1598 1707 1960 1764 commenda-
1991 1735 2042 1794 Β

319 1809 436 1862 tur.
462 1805 568 1872 Qui
601 1803 749 1860 dixit
779 1803 851 1859 ad
884 1803 1116 1858 beatum
1150 1801 1412 1855 llermem
1449 1817 1462 1852 :
1498 1797 1636 1864 Quae
1669 1795 1817 1851 ratio
1846 1799 1956 1864 est,

318 1893 408 1950 vir
437 1893 704 1950 illustris.
741 1897 805 1948 ut
833 1891 958 1947 vice
989 1903 1152 1946 sacra
1187 1886 1476 1957 judicans,
1512 1899 1622 1940 non
1662 1883 1844 1940 solum
1889 1883 1959 1939 ad

318 1983 488 2041 istam
513 1981 780 2051 injuriam
809 1985 864 2036 te
887 1977 1072 2048 redigi
1097 1976 1262 2046 velis,
1290 1991 1488 2032 verum
1522 1974 1696 2030 etiam
1723 1973 1963 2044 praefec-

315 2076 466 2128 turae
481 2069 700 2126 honore
715 2066 1126 2138 exspoliatum,
1145 2063 1200 2118 in
1224 2062 1472 2119 vinculis
1487 2067 1544 2118 te,
1561 2068 1832 2132 tanquam
1848 2060 1962 2132 pri-

318 2163 516 2216 vatum
531 2156 689 2214 trudi
706 2155 1112 2226 aequanimiter
1129 2153 1314 2209 feras?
1329 2151 1825 2208 Sanctusllermes
1839 2150 1916 2205 ait
1944 2168 1958 2204 :

319 2245 734 2302 Praefecturam
757 2257 870 2298 non
898 2240 1265 2314 perdidi,sed
1291 2237 1528 2296 mutavi.
1547 2239 1682 2293 Nam
1709 2236 1963 2307 dignitas

321 2338 555 2390 terrena
590 2347 620 2388 a
645 2331 823 2388 terris
854 2329 1103 2400 tollitur,
1129 2344 1193 2386 ac
1217 2332 1508 2394 mutatur;
1539 2326 1794 2396 dignitas
1821 2340 1962 2383 vero

317 2420 578 2480 ccelestis
597 2426 816 2477 aeterna
842 2417 1201 2476 sublimitate
1224 2415 1511 2473 subsistit.
1527 2415 1674 2471 Dicit
1698 2414 1750 2472 ei
1775 2414 1962 2482 Qu’ri-

321 2524 432 2567 nus
461 2528 474 2565 :
507 2509 771 2566 Mirorte
803 2506 1150 2579 prudentem
1192 2504 1378 2560 virum
1413 2503 1483 2558 ad
1515 2507 1736 2558 tantam
1771 2500 1964 2558 stulti-

323 2599 458 2656 tiam
491 2596 816 2667 devenisse,
853 2600 912 2652 ut
945 2593 1154 2652 credas
1182 2598 1348 2650 extra
1383 2591 1550 2648 istam
1581 2591 1758 2647 vitam
1785 2595 1838 2647 te
1862 2589 1964 2646 ali-

323 2687 461 2759 quid
484 2685 841 2756 habiturum,
868 2688 1172 2755 postquam
1196 2681 1426 2738 cineres
1443 2680 1675 2738 humani
1699 2680 1964 2751 corporis

323 2778 400 2833 ita
427 2777 497 2834 ad
522 2773 763 2832 nihilum
788 2772 1129 2843 redigantur
1145 2766 1324 2827 utnec
1337 2785 1464 2827 ossa
1482 2769 1602 2842 ipsa
1616 2769 1958 2826 subsistant.

325 2865 425 2922 Cui
459 2866 668 2922 beatus
714 2865 956 2920 Hermes
989 2879 1001 2916 :
1037 2861 1102 2916 Et
1135 2873 1244 2930 ego
1275 2865 1408 2915 ante
1441 2859 1546 2916 hos
1575 2873 1756 2915 annos
1805 2857 1960 2914 illam

324 2954 687 3024 deridebam,
713 2956 769 3008 et
797 2950 963 3009 istam
987 2947 1278 3007 carnalem
1301 2949 1479 3005 vitam
1504 2947 1704 3004 utilem
1728 2961 1856 3004 esse
1880 2945 1964 3002 di-

323 3044 546 3100 cebam.
582 3043 654 3098 Et
684 3039 962 3107 Quirinus
994 3057 1007 3092 :
1042 3039 1151 3094 Fac
1183 3040 1240 3093 et
1278 3051 1364 3092 me
1398 3037 1668 3108 probare,
1711 3043 1776 3092 ut
1805 3036 1849 3092 si
1883 3035 1960 3090 ita

325 3135 416 3188 est
450 3131 603 3187 sicut
634 3134 695 3184 tu
725 3125 1050 3194 credidisti,
1075 3129 1136 3180 et
1164 3139 1272 3194 ego
1301 3125 1556 3180 credam.
1587 3125 1798 3180 Beatus
1827 3125 1964 3179 ller-

325 3233 446 3276 mes
477 3217 624 3274 dixit
651 3235 664 3271 :
691 3216 938 3272 Sanctus
969 3211 1320 3284 Alexander,
1345 3213 1440 3283 qui
1477 3212 1726 3268 habetur
1758 3211 1812 3266 in
1846 3211 1966 3266 vin-

323 3306 494 3378 culis,
529 3307 654 3363 hmc
686 3318 775 3360 me
809 3302 1026 3360 docuit.
1055 3301 1310 3359 Audiens
1341 3302 1462 3358 haec
1494 3299 1769 3368 Quirinus
1787 3299 1963 3372 coepit

329 3394 678 3451 maledicere
711 3393 1064 3462 Alexandro,
1091 3396 1146 3448 et
1173 3389 1321 3446 dixit
1343 3389 1412 3445 ad
1441 3391 1702 3444 [lennem
1729 3407 1742 3443 :
1768 3390 1883 3457 Ego
1906 3392 1965 3444 te

327 3483 526 3554 rogavi
559 3483 797 3540 dicens:
825 3483 912 3540 fac
945 3496 1033 3538 me
1065 3480 1314 3552 probare
1341 3477 1497 3548 juste
1529 3483 1586 3532 te
1614 3477 1964 3544 credidisse;

325 3577 384 3630 et
419 3576 480 3628 tu
514 3571 648 3628 mihi
681 3571 990 3629 nominasti
1043 3569 1328 3626 hominem
1377 3581 1666 3639 magnum,
1711 3581 1879 3638 quem
1909 3567 1964 3622 in

305 3661 576 3718 ‘vinculis
597 3661 802 3732 habeo,
827 3661 964 3717 etin
986 3658 1243 3716 carceris
1266 3658 1374 3714 ima
1407 3657 1765 3714 (onclusum.
1793 3655 1848 3712 Si
1874 3671 1969 3713 ve-

327 3765 454 3808 rum
477 3755 565 3808 est
587 3765 728 3822 ergo
751 3749 904 3822 quod
928 3749 1092 3820 dicis,
1119 3747 1268 3805 vado
1290 3747 1360 3804 ad
1384 3762 1514 3803 eum
1540 3746 1760 3817 ipse,et
1787 3745 1854 3802 tri
1865 3745 1968 3818 pli-

325 3841 470 3898 cabo
494 3839 576 3896 illi
599 3838 829 3898 vincula
844 3838 1222 3906 etcustodes;
1245 3837 1290 3894 si
1308 3835 1562 3908 potuerit
1588 3834 1726 3890 hora
1739 3849 1970 3891 coenan-

326 3927 382 3984 di
408 3927 476 3984 ad
501 3932 562 3984 te
585 3927 804 3995 venire,
829 3926 1063 3983 credam
1089 3940 1216 3994 quae
1240 3923 1526 3980 docuerit.
1552 3922 1683 3988 lvit,
1709 3921 1969 3994 triplica-

326 4016 412 4072 vit
443 4014 696 4082 vincula,
719 4013 997 4070 custodes
1025 4011 1314 4082 apposuit.
1351 4010 1542 4066 Primo
1572 4010 1752 4080 igitur
1783 4010 1970 4066 noctis

331 4102 516 4170 in'tio,
550 4101 706 4158 venit
744 4115 909 4172 puer,
943 4100 1038 4170 qui
1081 4097 1392 4155 videbatur
1421 4111 1548 4154 esse
1580 4112 1690 4153 non
1723 4097 1970 4169 amplius

331 4204 500 4262 quam
535 4189 789 4260 quinque
821 4202 1121 4253 annorum,
1157 4187 1350 4242 ferens
1390 4184 1633 4242 faculam
1666 4185 1967 4242 ardentem

281 4273 288 4280 ’
330 4279 384 4334 in
409 4291 676 4343 carcere;
699 4277 1212 4346 etﬂectensgenua
1237 4289 1504 4346 sua,cum
1531 4275 1702 4331 beato
1726 4275 1969 4332 Alexan-

331 4367 437 4424 dro
457 4367 666 4437 oravit,
701 4365 902 4423 dicens
932 4364 1254 4421 orationem
1284 4363 1656 4434 Dominicam,
1681 4369 1739 4420 et
1764 4379 1970 4436 appre-

1994 3089 2044 3152 C

2065 460 2344 534 respondi
2372 479 2384 515 :
2413 461 2555 516 Dum
2579 463 2642 515 tu
2666 457 2786 529 ipsa
2818 471 2968 514 caeca
3001 455 3082 513 sis
3111 456 3258 512 facta
3292 458 3351 511 ct
3370 469 3482 510 non
3515 454 3594 512 sis
3613 470 3710 512 cu-

2069 555 2219 622 rata,
2263 549 2552 620 quomodo
2589 547 2764 603 tilium
2799 560 2984 602 meum
3021 545 3224 602 reddet
3258 543 3706 602 incolumem?Si

2067 643 2204 696 ante
2231 639 2401 710 istos,
2429 637 2637 708 inqu't,
2663 635 2918 707 quinque
2943 649 3124 690 annos
3151 633 3530 691 credidissem
3553 633 3708 691 Chri-

2067 733 2182 799 sto,
2221 725 2436 784 redditi
2473 725 2606 782 mihi
2657 731 2850 782 essent
2893 722 3064 782 o:uli.
3101 724 3201 781 Cui
3237 723 3380 780 dixit
3415 743 3429 779 :
3463 724 3616 779 Vade
3647 727 3706 780 et

2066 817 2273 883 crede;
2299 821 2356 872 et
2377 815 2422 872 si
2443 815 2547 870 tibi
2571 813 2774 872 oculos
2795 813 3090 886 aperuerit
3115 811 3706 883 Alexander,credam

2072 905 2226 977 quod
2259 909 2320 962 et
2356 903 2490 960 mihi
2524 903 2729 960 reddat
2761 902 2938 960 filium
2991 917 3199 960 meum.
3233 902 3388 958 Abiit
3418 902 3488 958 ad
3522 901 3708 974 ipsum

2067 1010 2248 1064 caeca,
2275 999 2332 1050 et
2357 1009 2492 1050 ecce
2514 1007 2746 1050 reversa
2779 996 2868 1048 est
2891 991 2961 1048 ad
2986 1005 3074 1048 me
3102 1005 3260 1062 sana,
3296 991 3712 1063 imponensque

2070 1083 2328 1142 humeris
2360 1082 2483 1139 suis
2513 1082 2692 1138 filium
2726 1096 2913 1138 meum
2965 1087 3277 1152 mortuum,
3327 1081 3610 1152 cucurrit,
3651 1085 3712 1140 et

2065 1171 2310 1244 jactavit
2333 1186 2464 1228 eum
2489 1175 2624 1228 ante
2647 1170 2824 1242 pedes
2847 1169 2999 1227 beati
3017 1168 3348 1226 Alexandri.
3366 1171 3434 1225 At
3451 1169 3714 1241 ille,ora-

2069 1263 2226 1320 tione
2254 1262 2424 1330 facta,
2441 1260 2812 1318 resuscitavit
2837 1275 2986 1316 eum.
3003 1261 3121 1328 Ego
3143 1259 3448 1317 confestim
3471 1259 3596 1317 misi
3621 1274 3716 1318 me

2071 1353 2141 1408 ad
2167 1351 2348 1422 pedes
2367 1350 2512 1420 ejus,
2537 1353 2594 1406 et
2619 1349 2817 1419 rogavi
2843 1363 2931 1404 me
2954 1349 3078 1406 fieri
3103 1348 3510 1424 Christianum.
3527 1349 3716 1405 Patri-
3763 1339 3776 1352 ’

2071 1441 2322 1498 monium
2373 1454 2512 1495 vero
2554 1438 2756 1494 matris
2795 1438 2924 1507 ejus
2963 1437 3068 1510 ipsi
3117 1437 3370 1504 contuli;
3414 1437 3716 1510 aliquanta

2071 1529 2244 1586 etiam
2279 1528 2350 1584 de
2381 1543 2508 1584 meo
2539 1527 2755 1584 addidi.
2793 1529 3013 1584 Caetera
3046 1543 3186 1584 vero
3217 1532 3314 1584 aut
3358 1527 3719 1600 pauperibus

2069 1617 2329 1688 erogavi,
2380 1621 2482 1673 aut
2529 1615 2717 1672 servis
2766 1617 2930 1687 meis,
2984 1617 3080 1687 qui
3125 1631 3347 1672 mecum
3401 1617 3535 1672 facti
3577 1620 3716 1674 sunt

2077 1706 2415 1777 Christiani,
2433 1707 2584 1762 dedi.
2604 1707 2736 1762 Hth
2759 1712 2818 1762 et
2839 1706 2928 1762 his
2948 1705 3154 1762 similia
3177 1721 3307 1762 cum
3329 1706 3718 1775 egissetcirca

2078 1795 2378 1864 Quirinum
2426 1797 2631 1852 beatus
2673 1797 2933 1865 llermes,
2983 1795 3237 1852 credidit
3275 1795 3552 1862 Quirinus
3581 1809 3719 1852 cum

2071 1885 2224 1941 omni
2284 1886 2454 1942 domo
2503 1900 2630 1954 sua,
2688 1889 2745 1940 et
2801 1883 3134 1955 baptizatus
3189 1888 3300 1940 est.
3363 1882 3720 1942 Aurelianus

2069 1978 2280 2031 cuncta
2315 1975 2437 2030 haec
2469 1973 2735 2043 audiens,
2762 1973 3005 2030 dictavit
3033 1973 3087 2028 in
3127 1971 3326 2030 ultimo
3359 1973 3720 2030 sententiam

2072 2069 2134 2121 ut
2169 2064 2375 2120 beatus
2395 2065 2636 2120 Hermes
2655 2061 2851 2132 gladio
2877 2062 3201 2132 puniretur.
3230 2062 3336 2130 Qui
3359 2061 3716 2132 decollatus,

2071 2166 2098 2207 a
2122 2152 2303 2229 beata
2333 2166 2537 2208 sorore
2569 2166 2673 2208 sua
2711 2151 3008 2206 Theodora
3060 2149 3366 2221 collectus,
3402 2150 3458 2206 in
3491 2149 3720 2206 Salaria

2070 2247 2271 2297 vetere
2305 2255 2415 2296 non
2467 2239 2636 2310 longe
2685 2241 2757 2296 ab
2807 2240 2950 2296 urbe
2991 2240 3168 2295 Roma
3207 2239 3315 2296 sub
3365 2239 3458 2296 die
3509 2239 3723 2311 quinto

2072 2343 2270 2385 mense
2303 2328 2665 2399 Septembris
2689 2327 2958 2398 sepultus
2989 2333 3100 2383 est.

2141 2419 2272 2488 Ipso
2295 2417 2388 2474 die
2414 2417 2468 2472 in
2497 2417 2708 2487 Africa,
2733 2417 3026 2488 depositio
3050 2417 3232 2473 sancti
3259 2415 3572 2485 Augustini
3595 2416 3726 2486 epi-

2072 2505 2256 2577 scopi.
2285 2507 2362 2561 Ex
2399 2505 2696 2576 provincia
2728 2521 2868 2575 ergo
2898 2505 2990 2562 hic
3024 2504 3311 2574 Africana,
3345 2504 3587 2561 civitate
3615 2506 3725 2560 Ta-

2068 2593 2358 2665 gastensi,
2393 2593 2464 2649 de
2494 2608 2734 2650 numero
2761 2591 3066 2650 curialium
3093 2592 3434 2664 parentibus
3455 2592 3724 2650 honestis

2071 2689 2130 2740 et
2157 2683 2500 2740 Christianis
2523 2682 2760 2754 progeni
2797 2697 2885 2752 us,
2909 2682 3204 2752 alitusque
3228 2688 3320 2738 est
3353 2695 3420 2738 ac
3452 2681 3724 2740 nutritus

2072 2787 2274 2828 eorum
2299 2787 2372 2830 cu
2395 2787 2437 2827 'a
2463 2788 2529 2828 ac
2552 2771 2876 2842 diligentia,
2901 2770 3296 2842 impensisque
3326 2768 3725 2828 saecularibus

2072 2861 2300 2918 artibus
2331 2861 2601 2917 eruditus
2633 2860 2913 2932 apprime,
2945 2859 3215 2916 omnibus
3243 2857 3514 2916 vilelicet
3540 2859 3672 2917 disc
3687 2861 3729 2916 i-

2077 2948 2250 3021 plinis
2275 2948 2554 3020 imbutus,
2571 2963 2717 3019 quas
2741 2948 3014 3006 liberales
3040 2954 3266 3005 vocant.
3284 2951 3422 3006 Nam
3437 2953 3500 3007 et
3521 2949 3727 3004 Cram-

2076 3039 2344 3096 maticam
2396 3039 2558 3109 prius
2608 3038 2662 3093 in
2691 3052 2792 3094 sua
2825 3038 3088 3107 civitate,
3139 3041 3200 3094 et
3247 3037 3622 3094 Rhetoricam
3667 3039 3727 3096 in

2077 3127 2286 3182 Africae
2299 3126 2492 3198 capite
2509 3126 2854 3195 Carthagine
2870 3131 3070 3196 postea
3087 3127 3284 3183 docuit
3299 3143 3314 3192 ;
3329 3129 3725 3198 consequenti

2075 3215 2252 3272 etiam
2275 3220 2540 3286 tempore
2562 3220 2726 3272 trans
2757 3229 2909 3270 mare
2934 3215 2992 3270 in
3014 3216 3212 3286 Roma,
3236 3220 3296 3272 et
3327 3216 3478 3286 apud
3503 3217 3732 3273 Medio-

2077 3303 2288 3360 lanum.
2310 3306 2370 3360 In
2396 3319 2506 3375 qua
2531 3305 3241 3376 url:etu.iccpiscopatum
3265 3305 3729 3364 administrabat

2077 3392 2529 3464 acceptissimus
2556 3384 2778 3461 Deo,'et
2809 3393 2865 3448 in
2897 3394 3018 3464 Opti
3048 3393 3136 3449 nis
3159 3409 3192 3448 v
3218 3393 3300 3448 ris
3335 3393 3731 3466 praeclarissi-

2079 3496 2208 3536 mus
2240 3481 2520 3548 sacerdos
2554 3481 2918 3537 Ambrosius.
2957 3480 3136 3550 [Injus
3166 3481 3386 3538 interea
3420 3483 3585 3539 verbi
3622 3483 3727 3540 Dei

2076 3569 2489 3641 praedicatoris
2515 3569 3078 3640 frequentissimisiu
3095 3569 3344 3628 ecclesia
3369 3570 3732 3642 disputatio-

2079 3658 2253 3715 nibus
2277 3663 2478 3715 astans
2495 3659 2548 3713 in
2576 3658 2810 3730 populo,
2827 3658 3164 3714 intendebat
3189 3673 3520 3730 suSpensus
3543 3664 3732 3732 atque

2079 3747 2380 3804 aﬂlxus.Et
2405 3747 2618 3804 factum
2633 3753 2746 3818 est,
2763 3747 2956 3804 divina
2974 3751 3290 3818 praestante
3305 3748 3729 3821 opitulatione,

2080 3840 2253 3907 utper
2267 3835 2428 3892 illum
2447 3835 2616 3892 talem
2636 3835 3308 3906 tantumqueantistitem
3326 3837 3732 3908 Ambrosium,

2077 3929 2135 3980 et
2151 3925 2476 3980 doctrinam
2492 3925 2804 3981 salutarem
2825 3924 3100 3982 Ecclesia
3114 3925 3506 3995 catho'icaa,et
3522 3925 3729 3983 divina

2079 4013 2411 4084 perciperet
2453 4015 2844 4070 Sacramenta.
2881 4014 3124 4084 Moxque
3157 4028 3230 4070 ex
3262 4014 3483 4070 intimis
3516 4017 3732 4072 cordis

2079 4100 2350 4156 medullis
2366 4115 2527 4172 spem
2542 4116 2767 4158 omnem
2785 4116 2952 4172 quam
2978 4102 3229 4158 habebat
3247 4103 3303 4158 in
3320 4102 3542 4160 saculo
3559 4105 3734 4162 dere-

2079 4187 2268 4260 liquit.
2286 4190 2407 4245 .lam
2438 4204 2576 4245 vero
2607 4204 2716 4245 non
2749 4205 3010 4260 uxorem,
3036 4205 3145 4246 non
3179 4190 3352 4262 filios,
3376 4205 3488 4246 non
3523 4194 3734 4250 carnis

2080 4277 2336 4346 divitias,
2356 4292 2467 4333 non
2492 4277 2743 4334 honores
2767 4278 2967 4334 sreculi
2992 4293 3281 4350 quaerens,
3301 4281 3414 4336 Deo
3438 4295 3572 4336 cum
3595 4283 3735 4340 suis

2080 4364 2303 4420 servire
2319 4365 2547 4421 statuit.
2566 4365 2726 4422 Unde
2748 4381 2878 4422 cum
2901 4365 2992 4421 his
3016 4367 3112 4437 qui
3136 4367 3322 4424 eidem
3341 4368 3733 4427 adhaerebant

331 4453 591 4510 hendens
613 4467 838 4510 manum
869 4451 997 4522 ejus
1026 4451 1226 4508 eduxit
1261 4466 1364 4522 per
1397 4453 1730 4524 fenestram,
1754 4457 1814 4510 ct
1845 4468 1972 4524 per-
2001 4445 2052 4506 D
2079 4455 2216 4522 Deo,
2237 4453 3153 4526 vivebatjejuniis,orationibus,
3175 4457 3344 4512 bonis
3367 4457 3656 4528 Operibus
3675 4459 3736 4514 in

333 4540 500 4598 duxit
527 4556 658 4598 eum
691 4542 758 4598 ad
797 4542 1029 4598 beatum
1073 4542 1338 4596 llermem
1371 4541 1424 4596 in
1459 4541 1688 4598 domum
1723 4541 1964 4608 Quirini.

333 4629 608 4697 Quirinus
633 4633 842 4687 factum
867 4630 974 4686 hoc
990 4636 1049 4686 ut
1067 4630 1234 4700 vidit,
1259 4630 1704 4688 exterritusest.
1724 4629 1824 4686 Cui
1843 4635 1971 4701 post

330 4717 438 4776 alia
466 4718 671 4776 beatus
695 4720 933 4776 Hermes
955 4719 1102 4776 dixit
1128 4739 1140 4774 :
1167 4722 1312 4776 Ecce
1343 4734 1448 4776 nos
1487 4719 1652 4776 vides
1683 4719 1736 4774 in
1772 4733 1968 4788 unum,

331 4819 476 4876 quos
523 4805 806 4862 custodiis
855 4805 1218 4876 mancipasti.
1263 4805 1443 4861 Causa
1495 4819 1600 4860 cur
1631 4818 1738 4874 ego
1770 4809 1971 4860 sancto

337 4892 666 4952 Alexandro
715 4894 1068 4951 crediderim
1117 4894 1225 4950 ista
1259 4897 1346 4950 est
1381 4912 1394 4946 :
1427 4891 1644 4950 Unicus
1671 4907 1800 4948 cum
1834 4891 1968 4948 mihi

329 4986 487 5039 esset
513 4981 666 5040 illius
688 4983 742 5038 in
767 4981 944 5037 nimio
967 4981 1246 5050 languore
1271 4981 1516 5052 positus,
1535 4980 1834 5052 quiadhuc
1858 4997 1972 5037 am-

335 5069 570 5125 bulabat
596 5071 665 5129 ad
692 5070 1023 5128 litterarum
1057 5069 1272 5139 studia,
1297 5068 1504 5138 hicque
1537 5069 1590 5124 in
1627 5069 1968 5141 Capitolium

330 5168 458 5228 cum
479 5163 636 5213 esset
657 5159 869 5217 ductus
899 5173 928 5214 a
954 5171 1042 5214 me
1063 5160 1120 5214 et
1147 5163 1332 5214 matre
1354 5171 1478 5226 sua,
1503 5161 1562 5214 ct
1585 5158 1972 5216 sacrificasse-

333 5241 598 5313 musdiis,
615 5250 672 5301 et
687 5247 1060 5318 pontificibus
1075 5245 1306 5318 prtemia
1323 5245 1686 5304 dedissemus
1707 5252 1972 5304 mortuus

331 5335 440 5388 est.
466 5331 620 5388 Tunc
651 5333 956 5406 increpare
988 5351 1077 5392 me
1107 5333 1284 5405 coapit
1314 5333 1512 5390 nutrix
1545 5333 1691 5406 ejus,
1723 5335 1924 5392 dicens
1955 5354 1968 5389 :

333 5416 389 5473 Si
412 5431 544 5474 eum
575 5419 648 5475 ad
676 5417 874 5478 limina
906 5421 1094 5480 sancti
1116 5421 1275 5479 Petri
1297 5421 1586 5493 duxisses,
1611 5425 1669 5478 et
1692 5421 1972 5479 credidis-

405 5550 434 5580 ι
463 5541 541 5598 De
568 5539 660 5600 his
693 5541 748 5599 in
781 5542 908 5600 Vita
941 5546 1128 5605 sancti
1156 5544 1490 5606 Alexandri.

2081 4541 2211 4613 lege
2241 4543 2462 4599 Domini
2497 4545 2784 4600 meditans
2813 4545 2905 4600 die
2935 4559 3000 4600 ac
3032 4550 3222 4601 nocte.
3250 4547 3319 4601 Et
3350 4547 3420 4602 de
3452 4547 3566 4617 his,
3593 4563 3738 4618 quae

2084 4629 2194 4687 sibi
2221 4633 2374 4688 Deus
2387 4631 2668 4702 cogitanti
2693 4638 2868 4702 atque
2882 4633 3071 4690 oranti
3089 4633 3388 4691 intellecta
3411 4633 3736 4707 revelavit,

2081 4723 2142 4774 et
2166 4725 2490 4791 praesentes
2511 4725 2570 4776 et
2592 4721 2869 4778 absentes
2892 4722 3526 4780 sermanibusaclibris
3550 4723 3742 4781 doce-

2085 4807 2201 4862 bat.
2226 4808 2574 4877 Factumque
2595 4812 2774 4864 estut
2803 4809 3178 4866 ordinaretur
3209 4811 3518 4882 presbyter
3543 4811 3600 4866 in
3623 4813 3741 4868 Ec-

2083 4892 2262 4950 clesia
2281 4893 2934 4965 llipponensi,omnibus
2959 4896 3012 4952 id
3040 4910 3152 4952 uno
3173 4911 3467 4955 consensu
3485 4901 3546 4954 et
3571 4897 3740 4956 desi-

2083 4981 2248 5038 derio
2282 4981 2404 5038 ﬁeri
2429 4983 2747 5055 perficique
2779 4985 3140 5056 petentibus,
3165 5001 3488 5058 magnoque
3520 4988 3742 5044 studio

2081 5075 2138 5126 et
2153 5069 2409 5127 clamore
2425 5071 2844 5140 flagitantibus.
2864 5075 2985 5130 Mox
3003 5074 3114 5130 sibi
3133 5075 3552 5132 monasterium
3569 5076 3740 5133 intra

2082 5158 2394 5214 ecclesiam
2426 5159 2704 5230 instituit,
2730 5165 2940 5218 etcum
2967 5164 3066 5220 Dei
3099 5165 3287 5221 servis
3320 5165 3516 5220 vivere
3542 5166 3745 5237 coepit

2083 5247 2403 5304 secundum
2427 5249 2656 5306 modum
2679 5253 2742 5312 et
2763 5251 3019 5320 regulam
3053 5253 3162 5309 sub
3185 5252 3408 5310 sanctis
3429 5251 3743 5324 apostolis

2083 5336 2466 5394 constitutam
2493 5357 2505 5392 :
2533 5337 2777 5396 maxime
2803 5343 2865 5396 ut
2889 5354 2950 5396 nc
2964 5355 3054 5398 mo
3075 5341 3389 5412 quidquam
3420 5340 3744 5414 proprium

2090 5424 2144 5479 in
2163 5423 2260 5482 illa
2279 5425 2562 5484 societate
2576 5427 2948 5500 haberet,sed
2961 5431 3359 5488 essentomnia
3371 5433 3744 5503 communia,
