4004 6168
246 179 331 234 3M
352 222 355 223 ν

980 163 1584 224 MARTYROLOGIUM
1624 163 1766 223 CUM
1806 160 2336 222 ADDITAMENTlS.
2367 194 2437 205 —
2475 163 2678 229 MENS.
2721 164 2881 222 AUG.

3530 173 3638 228 342

243 303 296 357 et
316 275 821 354 distribuerentur
844 290 1175 362 unicuique,
1192 290 1347 347 sicut
1368 305 1517 362 opus
1535 295 1683 347 erat.
1703 289 1880 345 lnter-
1909 287 1961 348 A
1993 287 2169 344 vilem
2201 286 2423 360 reddis,
2457 290 2557 344 aut
2581 302 2759 358 quare
2784 301 2896 344 non
2920 289 3261 349 consideras
3279 305 3407 359 quae
3421 297 3513 352 est
3533 256 3634 352 aut

238 389 384 461 jecto
413 388 609 441 autem
646 386 926 453 tempore,
952 384 1157 436 sancto
1178 378 1458 452 episcopo
1482 378 1711 435 Valerio
1746 378 1801 435 id
1820 393 1878 435 a-

239 481 425 549 gente,
453 472 728 529 omnibus
751 467 1205 540 gratulantibus,
1231 473 1405 540 atque
1430 467 1486 525 id
1507 468 1629 524 fieri
1656 468 1874 540 ingen'i

243 560 531 622 desiderio
550 554 964 629 clamantibus,
988 556 1392 631 episc0patum
1417 557 1742 629 suscipere,
1768 571 1874 613 suo

239 653 463 711 vivente
492 647 1062 722 episeopo,'coactus
1082 650 1194 703 est.
1232 648 1418 717 Atque
1442 647 1519 703 ita
1548 647 1760 703 factum
1783 651 1876 703 est

242 748 296 800 ut
323 740 646 813 epi<00pus
681 735 861 793 multo
887 735 1202 792 instantius
1224 750 1289 792 ac
1316 736 1636 792 ferventius
1661 736 1808 806 majo
1844 749 1875 791 e

241 828 589 889 auctoritate
618 825 857 882 verbum
892 823 1102 880 salutis
1130 829 1364 882 aeternae
1387 823 1663 881 alacriter
1691 823 1877 898 pullu-

241 918 370 978 lauti
403 921 585 989 atque
615 913 909 972 crescenti
943 913 1166 969 Domini
1200 912 1468 971 ecclesiae
1508 912 1871 985 praedicaret.

242 1008 385 1064 Vixit
401 1007 457 1061 in
472 1003 761 1062 clericatu
784 1002 869 1059 vel
890 1001 1234 1074 epiSCOpatu
1255 1001 1422 1057 annis
1447 1002 1623 1058 ferme
1638 1001 1878 1073 quadra-

242 1096 411 1169 ginta,
443 1092 643 1151 aetatis
675 1106 814 1147 vero
848 1090 1004 1146 illius
1037 1090 1170 1147 anni
1204 1090 1575 1163 septuaginta
1601 1105 1723 1147 sex.
1746 1092 1879 1147 Ver-

242 1187 361 1242 bum
395 1183 498 1240 Dei
532 1195 719 1252 usque
749 1180 820 1236 ad
849 1187 1167 1236 ex'remam
1208 1179 1613 1248 aegritudinem
1653 1179 1879 1250 imprae-

243 1273 526 1339 termisse,
562 1267 839 1326 alacriter
868 1272 927 1324 et
960 1266 1192 1324 forti'.er
1216 1282 1352 1323 sana
1377 1273 1588 1338 mente,
1615 1282 1873 1339 sanoqne

238 1359 479 1419 consilio
511 1359 568 1414 in
604 1354 865 1413 Ecclesia
898 1355 1256 1428 praedicavit.
1292 1356 1562 1412 Membris
1606 1356 1876 1413 omnibus

240 1448 607 1521 suicorporis
622 1444 1188 1517 incolumis,integro
1203 1451 1445 1518 aspectu
1460 1446 1872 1518 atqueanditu,

240 1544 288 1595 et
316 1536 680 1605 astantibus,
705 1539 765 1591 et
787 1533 1143 1603 videntibus,
1165 1538 1223 1589 et
1242 1533 1548 1591 orantibus
1570 1534 1871 1604 fratribus,

1986 377 2158 448 cujus
2195 377 2309 434 filia
2342 392 2407 435 es
2434 377 2458 433 ?
2485 376 2848 446 Conjunxisti
2881 378 3032 436 enim
3073 384 3131 437 te
3173 379 3540 453 Christianis,
3573 386 3631 441 et

1990 466 2176 523 oblita
2210 481 2275 525 es
2305 465 2533 523 natales
2588 472 2742 538 tuos,
2793 472 2853 523 et
2906 468 3242 525 memoriam
3298 469 3441 526 tanti
3499 469 3630 541 viri,

1993 558 2167 629 cujus
2199 556 2403 624 fuisti;
2434 562 2495 614 et
2522 558 2784 628 deorum,
2818 571 3064 628 quorum
3116 546 3255 614 iram
3306 573 3513 619 vereor
3562 577 3634 620 ne

1987 645 2282 703 incurras.
2316 647 2631 704 Revertere
2666 646 2850 716 magis
2886 644 2961 701 ad
2993 648 3223 703 domum
3253 651 3431 719 tuam,
3463 655 3521 708 et
3552 651 3634 707 di-

1985 735 2154 793 mitte
2197 736 2340 791 hanc
2390 735 2715 805 nefandam,
2749 749 2877 806 quae
2924 732 3226 792 maleficiis
3259 740 3316 793 te
3344 740 3404 794 et.
3437 738 3634 810 pluma

1990 823 2315 881 demutavit
2346 839 2376 881 a
2410 825 2649 882 deorum
2680 825 2931 881 cultura.
2969 826 3142 881 Beata
3166 825 3235 881 Sa
3283 826 3372 883 ina
3402 841 3635 898 respon-

1988 913 2120 970 dit:
2156 914 2323 971 illius
2372 919 2590 973 sanctae
2640 913 2868 987 puellae,
2914 914 2984 971 de
3034 928 3146 986 qua
3197 914 3367 986 dicis,
3424 915 3637 974 malefi-

1986 1003 2096 1059 ciis
2133 1004 2353 1060 utinam
2385 1010 2445 1061 et
2480 1009 2539 1060 tu
2583 1003 2941 1075 suadereris,
2975 1003 3151 1061 sicuti
3200 1009 3260 1062 et
3305 1019 3413 1077 eg)
3463 1020 3634 1063 suasa

1987 1107 2137 1163 sum,
2171 1096 2233 1149 ut
2263 1094 2335 1149 ab
2373 1092 2685 1150 immundis
2712 1092 3021 1150 reeederes
3046 1092 3241 1163 idolis,
3266 1100 3326 1151 et
3348 1109 3544 1153 verum
3577 1101 3638 1153 et

1985 1182 2384 1239 certis<imum
2422 1197 2777 1253 agnosceres
2801 1183 3112 1255 Deum,qui
3149 1184 3335 1241 bonos
3366 1183 3437 1241 ad
3468 1176 3657 1243 teter?

1988 1286 2115 1327 nam
2146 1276 2319 1327 vocat
2348 1272 2548 1341 vitam,
2572 1276 2632 1328 et
2656 1270 2839 1328 malos
2868 1271 2923 1327 in
2950 1286 3177 1344 poenam
3201 1272 3482 1344 relinquit
3512 1288 3637 1344 pcr-

1988 1376 2022 1433 p
2066 1365 2242 1416 tuam.
2266 1359 2429 1426 Quod
2456 1375 2675 1433 praeses
2701 1361 2964 1430 audiens,
2983 1361 3277 1418 reveritus
3299 1359 3452 1417 illam
3478 1362 3638 1419 dimi-

1987 1448 2084 1505 sit.
2121 1449 2193 1506 Ut
2222 1463 2363 1506 vero
2400 1451 2565 1506 beata
2597 1449 2871 1522 Seraphia
2897 1448 3330 1519 gloriosissimo
3356 1450 3635 1522 martyrio

1985 1542 2267 1594 coronata
2282 1537 2463 1608 est,ill
2476 1538 2711 1594 nstrissi
2724 1552 2805 1593 .na
2822 1539 3029 1594 Sabina
3044 1536 3330 1610 colligens
3355 1537 3636 1611 reliquias

241 1625 586 1684 obdormivit
621 1639 751 1680 cum
784 1622 1051 1696 patribus
1084 1622 1228 1692 suis,
1261 1623 1557 1679 enutritus
1589 1623 1643 1679 in
1677 1636 1876 1679 senec-
1908 1644 1961 1704 Β
1989 1626 2138 1697 ejus,
2161 1624 2477 1682 celebratis
2497 1624 2933 1682 venerabilibus
2957 1626 3637 1696 exsequiis,thesaurum

240 1721 347 1772 tute
396 1716 574 1771 bona.
605 1714 1037 1769 Testamentum
1079 1709 1316 1767 mullum
1362 1710 1520 1779 fecit,
1554 1725 1587 1784 q
1614 1711 1685 1767 lia
1726 1712 1876 1767 unde

242 1806 469 1874 faceret,
508 1816 734 1875 pauper
762 1800 860 1857 Dei
894 1814 1006 1857 non
1041 1800 1311 1857 habebat.
1334 1799 1526 1856 Tertio
1551 1799 1878 1857 obsidionis

241 1908 421 1951 mense
475 1894 634 1962 (nam
675 1890 887 1948 civitas
927 1890 1054 1962 ejus
1092 1888 1535 1961 quotuordecim
1579 1889 1878 1947 mensibus

238 1982 507 2041 conclusa
531 1988 593 2038 et
615 1980 861 2037 obsessa
883 1984 975 2035 est
996 1993 1023 2034 a
1052 1977 1310 2035 Wandali
1329 1994 1367 2048 ξ,
1387 1975 1604 2045 Alanis,
1630 1976 1878 2050 aliisque

240 2070 561 2128 commistis
580 2068 879 2139 gentibus)
895 2066 1174 2124 decubuit
1190 2066 1472 2137 febribus,
1488 2072 1547 2123 et
1563 2065 1658 2123 illa
1678 2065 1877 2124 ultima

241 2159 597 2217 exercitatur
622 2155 989 2226 aegritudine.
1020 2154 1120 2212 llic
1148 2156 1353 2211 beatus
1371 2154 1687 2228 episcopus
1710 2154 1880 2228 apiri-

239 2254 291 2305 tu
327 2248 533 2306 divino
562 2251 784 2314 tactus,
803 2243 857 2301 in
882 2248 1082 2300 sancta
1109 2242 1370 2300 Ecclesia
1396 2243 1686 2300 catholica
1708 2244 1779 2300 ad
1806 2243 1882 2300 in-

242 2336 623 2394 structionem
654 2333 973 2390 animarum
1006 2331 1144 2388 fecit
1172 2330 1379 2401 liaros,
1415 2335 1728 2403 tractatus,
1762 2332 1882 2404 epi-

242 2426 413 2483 stolas
450 2437 699 2481 numero
724 2421 879 2477 mille
901 2420 1160 2491 triginta,
1185 2420 1451 2493 exceptis
1470 2420 1568 2492 qui
1590 2420 1880 2478 numerari

242 2529 338 2571 non
371 2517 653 2587 possunt,
678 2510 812 2583 quia
847 2522 951 2567 nec
983 2524 1283 2567 numerum
1304 2509 1632 2580 designavit
1655 2524 1877 2567 eorum.

242 2604 410 2676 Hujus
463 2615 689 2673 corpus
734 2598 1087 2669 venerabile,
1138 2598 1324 2670 primo
1375 2599 1445 2656 de
1490 2612 1594 2654 sua
1641 2598 1881 2655 civitate

249 2698 483 2766 pr0pter
508 2690 796 2747 barbaros
819 2688 887 2745 ad
914 2687 1235 2745 Sardiniam
1262 2685 1631 2757 translatum,
1648 2702 1879 2760 nupera

251 2780 611 2852 Leutprando
635 2792 773 2848 rege
796 2776 1328 2848 Longohardorum,
1358 2776 1493 2834 dato
1518 2790 1724 2848 magno
1756 2790 1884 2849 pre-

251 2870 346 2941 tio,
377 2868 592 2927 Ticinis
625 2867 893 2936 relatum,
923 2870 983 2922 et
1014 2864 1331 2922 honorifice
1364 2862 1662 2922 conditum
1694 2869 1806 2921 est.

248 2959 494 3029 Brivate,
527 2957 720 3015 natale
754 2955 942 3013 sancti
972 2954 1185 3012 Iuliani
1218 2954 1490 3027 martyris
1519 2963 1565 3009 ει.
1600 2952 1706 3021 Qui
1742 2960 1883 3010 tem-

247 3063 375 3121 pore
404 3044 841 3121 persecutionis
870 3045 1106 3101 hortatu
1142 3043 1296 3099 b.a‘.i
1328 3040 1605 3113 Ferreoli,
1629 3042 1796 3115 cujus
1828 3042 1883 3098 in

248 3137 442 3193 militia
475 3148 679 3193 comes
709 3139 858 3201 erat,
890 3147 963 3190 ex
988 3131 1300 3189 Viennensi
1334 3134 1474 3188 urbe
1517 3131 1884 3188 clandestino

247 3226 511 3284 discessu
544 3225 619 3281 ad
651 3223 953 3296 praefatum
988 3224 1261 3278 Arvernae
1312 3220 1473 3276 urbis
1522 3221 1885 3277 territorium

248 3313 673 3386 commigravit.
709 3311 811 3369 Ubi
837 3312 908 3367 ab
932 3309 1376 3381 insequentibus
1401 3309 1886 3380 persecutoribus

249 3408 463 3466 tentus,
487 3403 733 3459 desecto
754 3404 1015 3471 gutture,
1044 3402 1227 3454 morte
1246 3396 1480 3453 horibili
1507 3400 1748 3453 necatus
1771 3402 1883 3454 est.

310 3486 845 3562 Constantinopoli,
862 3485 1051 3544 sancti
1069 3486 1377 3542 Alexandri
1399 3486 1491 3558 epi
1507 3485 1662 3558 =copi
1683 3490 1742 3542 et
1760 3500 1892 3543 con-

250 3579 529 3638 fessorisb
541 3576 787 3650 gloriosi
804 3575 982 3633 senis:
999 3574 1168 3645 cujus
1182 3573 1399 3630 virtute
1414 3574 1700 3631 orationis
1716 3573 1889 3631 Arius

250 3667 440 3726 divino
457 3666 685 3739 judicio
707 3665 1151 3733 condemnatus,
1166 3663 1397 3735 crepuit
1418 3662 1663 3733 medius,
1678 3667 1738 3719 et
1759 3661 1894 3719 etfu-

248 3771 302 3815 sa
335 3762 483 3815 sunt
524 3757 582 3813 vi
619 3769 754 3812 cera
796 3752 944 3824 ejus.
989 3752 1271 3809 Dormivit
1312 3765 1453 3808 vero
1491 3750 1640 3808 idem
1684 3751 1892 3808 beatus

249 3846 512 3919 pontifex
531 3845 668 3904 vitze
698 3858 819 3901 sua;
842 3857 990 3899 anno
1014 3840 1390 3912 nonagesimo
1414 3845 1644 3911 octavo,
1668 3839 1895 3913 episco-

249 3941 421 4007 patus
453 3933 765 4006 trigesimo
806 3932 1002 3990 tertio.

311 4023 535 4081 Eodem
563 4022 659 4080 die
690 4022 842 4096 apud
873 4023 1179 4089 Santonas,
1213 4017 1403 4077 sancti
1435 4018 1659 4076 Bibiani
1693 4016 1767 4090 [al
1813 4018 1905 4075 Vi-

249 4111 438 4186 υἱαιιῆ
468 4111 738 4186 episeOpi
774 4116 835 4169 et
866 4108 1248 4168 confessoris.

639 4238 706 4293 D.
750 4237 821 4293 IV
868 4236 1024 4293 KAL.
1061 4233 1503 4291 SEPTEMBRIS.

914 4343 1006 4409 (29
1052 4341 1228 4413 Aug.)

316 4467 597 4526 Romaein
612 4466 898 4524 Aventino
924 4464 978 4522 in
997 4464 1212 4537 oppido
1233 4461 1569 4520 Vindinensi
1590 4462 1661 4519 ad
1685 4465 1898 4524 Arcum

252 4557 535 4627 Faustini,
559 4557 754 4613 natale
778 4554 1131 4612 beatissimze
1152 4557 1212 4608 et
1234 4550 1651 4608 illustrissimze
1675 4552 1901 4613 Sabina

256 4647 554 4719 martyris,
572 4660 703 4718 qua;
727 4645 835 4701 fuit
857 4658 1004 4700 uxor
1022 4640 1460 4715 praeelarissimi
1484 4640 1773 4711 quondam
1796 4643 1902 4699 Va-

258 4733 482 4807 lentini,
514 4741 577 4793 et
621 4734 741 4790 ﬁlia
778 4732 1022 4790 llerodis
1073 4729 1376 4800 Metalarii,
1410 4743 1538 4800 quae
1582 4740 1752 4799 passa
1784 4735 1898 4801 est,

260 4825 512 4882 Adriano
557 4824 903 4896 imperante,
936 4821 1047 4878 sub
1098 4820 1375 4893 praefecto
1421 4817 1710 4890 llelpidio.
1748 4819 1905 4876 lianc

258 4912 426 4971 beata
456 4914 625 4985 virgo
660 4910 957 4983 Seraphia,
982 4924 1113 4966 cum
1149 4909 1205 4965 in
1233 4909 1405 4965 domo
1426 4912 1903 4979 conversaretur,

258 5004 559 5075 persuasit
590 5003 646 5058 in
692 5000 804 5058 ﬁde
843 4998 1069 5056 Domini
1106 4998 1293 5055 nostri
1324 4999 1461 5053 Jesu
1497 4996 1734 5054 Christi.
1769 4996 1905 5064 Quae

258 5093 633 5163 postmodum
655 5089 916 5148 eamdem
938 5088 1221 5160 virginem
1246 5101 1429 5159 usque
1452 5086 1523 5143 ad
1552 5084 1745 5143 locum
1778 5101 1907 5159 pas-

261 5181 447 5237 sionis
471 5186 675 5243 secuta
697 5183 891 5250 cst,et
910 5194 1038 5235 cum
1062 5177 1112 5234 ei
1141 5190 1360 5250 praeses
1398 5175 1626 5232 Barilus
1649 5175 1902 5233 diceret:

263 5268 417 5336 Quid
466 5270 574 5329 tibi
634 5270 775 5343 ipsa
823 5268 1096 5340 derogas,
1147 5270 1248 5324 aut
1292 5279 1472 5338 quare
1534 5264 1904 5336 lemetipsam

332 5402 364 5467 ξ
400 5394 562 5467 Creg.
596 5396 729 5452 Tur.
766 5393 839 5467 de
871 5391 1066 5467 Gloria
1099 5394 1293 5467 mar_t.,
1326 5388 1430 5446 lib-
1464 5403 1665 5467 n,_per
1696 5390 1901 5444 totum.

332 5463 365 5503 δ
400 5462 560 5539 ϐνθέ.
593 5467 728 5523 Tur.
761 5465 834 5523 de
864 5462 1057 5520 Gloria
1088 5462 1368 5532 confess.,
1399 5474 1451 5517 e.
1489 5465 1576 5519 58.

1991 1714 2410 1786 sempiternum
2435 1713 2525 1771 vel
2551 1714 2869 1787 pretiosam
2892 1715 3263 1784 margaritam
3290 1715 3556 1787 reposuit
3581 1715 3636 1772 in

1989 1808 2369 1860 monumento
2393 1818 2521 1873 suo,
2546 1802 2701 1874 quod
2725 1802 2848 1875 ipsa
2878 1802 2991 1859 sibi
3022 1816 3154 1860 cum
3185 1817 3408 1861 summo
3441 1803 3653 1861 studio-

1987 1896 2270 1949 etoruatu
2286 1884 3655 1963 t‘ecerat.Deinde,interpositisaliquotdiebus,~

1987 1980 2602 2052 comprehensajudici
2628 1979 2891 2052 tlelpidio
2911 1984 3321 2051 praesentatur.
3341 1979 3519 2046 Quam
3536 1977 3634 2036 ille

1988 2070 2194 2127 videns
2230 2089 2242 2125 :
2275 2071 2353 2127 Tu
2394 2084 2481 2139 es,
2514 2068 2721 2141 inquit,
2760 2067 2967 2124 Sabina
3005 2082 3151 2123 uxor
3198 2068 3486 2138 quondam
3531 2068 3637 2124 Va-

1988 2159 2193 2216 lentini
2219 2157 2638 2217 illustrissimae
2661 2156 2974 2225 memoriae,
2998 2161 3058 2213 et
3082 2155 3196 2212 lilia
3222 2156 3509 2214 Herodis?
3531 2152 3655 2214 Cui'

1990 2253 2191 2306 sancta
2225 2253 2484 2305 matrona
2521 2246 2824 2318 respondit
2850 2264 2863 2301 :
2889 2246 3009 2317 Ego
3032 2261 3159 2303 sum
3190 2251 3250 2302 et
3282 2244 3506 2316 gratias
3528 2242 3653 2316 ago

1988 2337 2230 2394 Domino
2265 2350 2390 2394 meo
2420 2338 2555 2393 Iesu
2589 2336 2843 2407 Christo,
2868 2335 2967 2407 qui
3004 2349 3092 2392 me
3127 2334 3514 2407 peccatricem
3538 2350 3640 2406 per

1992 2433 2255 2482 sanetam
2291 2423 2562 2481 famulam
2595 2438 2756 2480 suam
2783 2423 3121 2495 Seraphiam
3140 2423 3211 2480 de
3236 2421 3434 2479 multis
3458 2423 3640 2481 sordi-

1992 2516 2101 2572 bus
2133 2519 2193 2572 et
2227 2518 2523 2588 potestate
2554 2513 2878 2571 daemonum
2910 2512 3164 2570 liberare
3209 2513 3483 2585 dignatus
3521 2518 3632 2571 est.

1990 2609 2319 2661 commotus
2362 2603 2733 2675 postmodum
2774 2603 3110 2674 praefectus,
3142 2616 3274 2659 eum
3316 2602 3542 2661 videret
3581 2602 3637 2659 in

1989 2692 2364 2750 confessione
2396 2690 2612 2747 Christi
2645 2689 3036 2747 constantiam
3066 2690 3215 2761 ejus,
3242 2690 3488 2747 dictavit
3511 2704 3639 2748 sen-

1993 2781 2234 2838 tentiam
2249 2780 2480 2837 dicens:
2501 2779 2768 2835 Sabinam
2781 2779 2893 2835 diis
2911 2778 3637 2850 inobedientem,dominos

1991 2884 2221 2942 quoque
2243 2882 2304 2926 et
2328 2871 2623 2939 Augustos
2642 2872 2879 2924 nostros
2905 2865 3421 2938 blasphemantem,
3443 2866 3638 2939 gladio

1995 2957 2654 3035 percutibdecrevimns.
2688 2959 2864 3027 atque
2913 2968 3115 3011 omnes
3155 2954 3467 3013 facultates
3509 2956 3638 3027 ejus

1996 3046 2248 3121 publicis
2277 3046 2388 3103 titu
2418 3044 2467 3101 is
2504 3036 2865 3117 pr:esignari.
2901 3044 3076 3099 Passa
3119 3051 3212 3100 est
3244 3049 3437 3100 autem
3469 3044 3638 3101 beata

1997 3135 2205 3194 famula
2231 3134 2447 3191 Christi
2468 3133 2675 3189 Sabina
2700 3136 2910 3204 quarto
2936 3131 3221 3188 Kalendas
3244 3133 3639 3204 Septembris;

1994 3232 2054 3284 et
2084 3241 2113 3283 a
2148 3223 2494 3281 Christianis
2518 3222 2811 3280 siblatum
2833 3235 3052 3293 corpus
3074 3221 3200 3293 ejus
3223 3220 3514 3293 sepultam
3547 3226 3643 3278 est

1998 3317 2051 3373 in
2069 3318 2463 3379 monumento,
2483 3311 2578 3367 ubi
2596 3311 2720 3383 ipsa
2734 3309 3154 3367 venerabiliter
3172 3314 3521 3381 reposuerat
3536 3324 3641 3366 ma-

1996 3406 2238 3478 gistram
2254 3401 2386 3459 ﬁdei
2401 3415 2521 3457 sure
2536 3398 2818 3469 virginem
2835 3398 3189 3469 Seraphiam,
3207 3398 3277 3453 ad
3293 3412 3492 3454 areum
3508 3398 3643 3455 Fau-

1999 3494 2157 3554 stini.
2175 3490 2341 3563 juxta
2374 3503 2565 3546 aream
2589 3486 2936 3557 Vindiciani,
2961 3487 3016 3543 in
3039 3487 3255 3560 Oppido
3276 3486 3639 3544 Vindinensi.

2068 3582 2283 3638 Eodem
2317 3579 2409 3636 die
2447 3582 2760 3634 veneratur
2809 3575 3124 3632 deeollatio
3170 3577 3356 3633 sancti
3401 3575 3643 3633 Joannis

2001 3670 2279 3745 Baptistae
2301 3676 2344 3738 τ’,
2367 3667 2464 3740 qui
2486 3667 2670 3740 primo
2696 3664 2750 3720 in
2773 3662 3027 3720 Samaria
3051 3669 3142 3721 est
3172 3663 3469 3733 conditus,
3491 3678 3644 3722 nunc

2002 3761 2058 3818 in
2112 3756 2482 3817 Alexandria.
2536 3755 2721 3810 Porro
2768 3757 2946 3825 caput
3005 3752 3076 3809 de
3138 3750 3522 3824 Jerosolymis
3572 3751 3644 3809 ad

2000 3846 2314 3907 Phoenicim
2347 3845 2547 3904 urbem
2580 3844 2844 3900 Emesam
2877 3839 3132 3899 delatum
3170 3846 3284 3899 est.

2364 3963 2428 4019 D.
2476 3961 2572 4018 III.
2619 3959 2776 4017 ΚΑΒ.
2830 3957 3277 4039 SEPTEMBRIS.

2670 4077 2765 4146 (30
2801 4073 2982 4147 Aug.)

2077 4191 2292 4257 Romae,
2324 4184 2415 4242 via
2451 4182 2732 4245 Ostiensi.
2763 4178 3037 4238 milliario
3078 4180 3339 4238 secundo
3368 4180 3440 4238 ab
3471 4180 3647 4255 Urbe,

2008 4277 2201 4336 na‘ale
2225 4273 2698 4332 b(atissimorum
2724 4276 3040 4343 martyrum
3064 4268 3274 4327 Felicis
3293 4275 3353 4326 et
3376 4271 3646 4345 Ada-icti,

1925 4355 1976 4417 D
2006 4368 2115 4426 επ)
2146 4362 2505 4422 Diocletiano
2532 4366 2593 4418 et
2627 4359 2967 4417 Maximiano
3001 4358 3478 4431 imperatoribus,
3510 4373 3652 4432 prm-

2009 4456 2162 4513 recto
2191 4456 2251 4510 et
2274 4451 2471 4523 judice
2503 4452 2709 4507 Draco.
2746 4450 2927 4506 Fuere
2958 4452 3153 4505 autem
3177 4446 3292 4504 duo
3318 4447 3531 4505 fratres
3552 4462 3652 4505 no-

2010 4544 2159 4602 mine
2172 4547 2421 4615 etOpere
2436 4538 2840 4598 Felicesambo
2858 4535 3204 4609 presbyteri.
3227 4537 3437 4594 [lorum
3454 4537 3651 4594 senior

2010 4634 2233 4692 Felices
2254 4632 2423 4688 ambo
2444 4627 2793 4703 presbyteri.
2818 4628 3032 4683 [lorum
3053 4625 3250 4682 senior
3274 4626 3427 4682 Felix
3447 4640 3516 4682 ex
3535 4624 3651 4694 jus-

2013 4724 2177 4780 sione
2203 4723 2274 4778 im
2286 4725 2763 4795 peratorumcum
2777 4715 2850 4772 ad
2870 4715 3254 4773 secretarium
3265 4713 3480 4786 judicia
3492 4715 3650 4768 esset

2015 4812 2336 4885 perductus
2363 4810 2529 4880 juxta
2559 4805 2839 4878 templum
2872 4805 3128 4878 Serapis,
3161 4804 3295 4861 dum
3341 4806 3654 4872 cogeretur

2013 4901 2086 4958 ad
2102 4916 2164 4957 sa
2209 4899 2570 4962 riflcantlnm,
2586 4895 2916 4953 exsuﬂlavit
2932 4896 2987 4951 in
3009 4893 3212 4951 faciem
3232 4896 3443 4948 sta‘uaa
3462 4902 3649 4962 aereae,

2014 4995 2074 5048 et
2107 4990 2309 5055 statim
2341 4986 2575 5045 cecidit.
2614 4988 2753 5042 Item
2773 4984 2989 5042 ductus
3010 4983 3081 5040 ad
3104 4978 3372 5038 Mercurii
3398 4981 3653 5037 statuam

2016 5078 2071 5137 in
2104 5078 2274 5135 aliam
2305 5076 2630 5146 aediculam,
2653 5074 2829 5132 simili
2853 5072 3023 5131 modo
3048 5072 3100 5127 in
3128 5068 3279 5124 illam
3303 5065 3653 5140 exsulDav’it,

2015 5173 2075 5241 et
2108 5183 2241 5225 mox
2284 5166 2520 5225 cecidit.
2558 5168 2697 5223 item
2748 5163 2819 5221 ad
2864 5159 3202 5219 simulcrum
3251 5155 3466 5229 Dianae,
3501 5157 3656 5230 quod

2015 5258 2142 5331 pari
2178 5257 2348 5315 modo
2377 5256 2609 5327 dejeeit.
2644 5253 2943 5312 Reductus
2965 5248 3034 5305 ad
3061 5246 3399 5321 praefectum
3424 5247 3661 5323 imponi-

2018 5458 2057 5513 F
2088 5391 2132 5515 ἶ)
2143 5383 2286 5441 Vide
2315 5380 2596 5438 libellum.
2630 5377 2702 5433 de
2732 5378 2886 5432 Fest.
2923 5375 3129 5447 Apost.
3155 5373 3299 5432 Item
3322 5373 3416 5432 hic
3435 5377 3569 5431 ante
3589 5370 3657 5427 26

2059 5470 2091 5515 e
2137 5472 2182 5514 r.

2059 5470 2182 5515 θον.
