3992 6170
319 261 448 317 343-

1377 255 1436 312 s.
1471 252 1728 314 ADONIS
1767 211 2204 312 ancumrisc.
2237 207 2654 308 VIENNENsIs

3611 215 3716 304 διε

313 387 412 440 tur
439 378 706 452 equuleo,
727 357 800 435 et
833 373 1150 450 inquisitus
1173 379 1386 450 quibus
1408 379 1532 438 haac
1551 377 1856 436 maleficiis
1879 378 1957 435 fe-
1986 381 2038 438 A
2071 377 2395 435 Adauctum
2418 391 2547 433 eum
2569 373 3037 448 appellaverunt,
3065 371 3222 444 quod
3243 343 3448 430 sancto
3473 373 3709 444 martyri

316 469 735 532 cisset,beatus
752 467 906 524 Felix
925 469 1200 540 respondi
1211 469 1382 524 tzNon
1401 467 1702 524 maleficiis
1716 467 1956 536 diaboli,

316 557 418 612 sed
450 555 751 612 beneﬁciis
782 555 1204 629 omnipotentis
1227 557 1458 612 Deihoc
1480 557 1590 626 egi.
1620 558 1837 614 Furore
1863 557 1963 612 ita-

318 659 428 717 que
459 659 744 702 acccnsus
777 645 1310 717 praefectus,jussit
1341 659 1472 702 eum
1505 645 1640 702 duci
1669 650 1836 702 extra
1859 647 1962 701 Ur-

318 735 446 790 bem
463 733 549 790 via
569 733 848 803 Ostiensi,
867 734 1000 803 quia
1021 733 1141 790 illic
1155 735 1332 790 arbor
1344 733 1749 790 excelsissima
1765 735 1962 791 stabat

317 821 682 880 daemonibus
711 821 1262 891 consecrata,juxta
1297 835 1467 892 quam
1499 827 1626 878 erat
1661 822 1958 894 templum,

317 915 379 968 ut
411 911 490 968 ibi
521 911 592 967 ad
625 910 1071 967 sacrificandum
1104 909 1686 981 impelleretur.‘Quo
1719 911 1963 984 perduc-

317 1006 434 1070 tus,
461 1001 728 1056 oratione
754 1000 926 1069 facta,
944 999 1090 1054 dixit
1115 999 1185 1055 ad
1210 1000 1478 1057 arborem
1504 1019 1516 1054 :
1545 1000 1830 1072 Praecipio
1852 1001 1962 1056 tibi

315 1089 372 1146 in
393 1090 624 1146 nomine
642 1088 867 1145 Domini
890 1089 1001 1145 mei
1031 1091 1168 1146 Iesu
1195 1089 1432 1160 Christi,
1453 1093 1514 1145 ut
1537 1089 1822 1146 radicitus
1841 1105 1965 1147 cor-

317 1193 474 1248 ruas,
493 1184 551 1236 et
576 1177 856 1250 templum
882 1192 950 1234 ac
973 1177 1372 1248 simulacrum,
1395 1176 1486 1234 vel
1509 1193 1667 1234 aram
1689 1178 1817 1248 ejus
1842 1179 1964 1235 lun-

319 1267 480 1325 ditus
510 1269 892 1338 comminuas,
917 1272 981 1324 ut
1013 1266 1262 1339 amplius
1292 1265 1456 1324 cultu
1495 1272 1592 1323 tuo
1623 1267 1828 1324 animae
1849 1282 1964 1325 non

320 1358 708 1431 decipiantur.
738 1357 876 1424 Quae
905 1357 1104 1413 statim
1129 1357 1198 1413 ad
1223 1357 1400 1414 verba
1432 1357 1616 1430 ipsius
1649 1357 1728 1414 ita
1758 1371 1964 1414 eversa

319 1451 412 1504 est
443 1450 507 1504 ut
535 1451 593 1504 et
628 1446 909 1519 templum
939 1460 1005 1502 ac
1038 1445 1415 1504 simulacrum
1438 1446 1880 1517 comminueret,
1905 1451 1966 1502 et

321 1536 474 1607 quod
501 1536 711 1605 fuerat,
730 1549 843 1592 non
871 1539 1121 1608 pareret.
1141 1535 1304 1602 Quod
1328 1549 1458 1592 cum
1482 1535 1809 1592 nuntiatum
1833 1535 1968 1591 fuis-

322 1629 409 1680 set
436 1624 737 1697 praefecto,
761 1623 960 1680 statim
979 1623 1159 1694 jussit
1183 1638 1311 1680 eum
1338 1622 1640 1694 decollari,
1667 1629 1726 1680 et
1746 1638 1965 1696 corpus

2069 465 2246 523 Felici
2274 469 2484 522 auctus
2515 464 2593 521 sit
2623 463 2696 520 ad
2718 476 3015 531 coronam,
3041 460 3271 533 ipsique
3294 475 3399 533 pro
3423 459 3556 518 fidei
3583 475 3712 518 con-

2071 554 2324 612 fessione
2355 568 2570 611 corona
2603 551 2868 624 martyrii
2916 554 3106 608 aucta.
3151 549 3467 606 Christiani
3517 550 3712 622 itaque

2070 647 2246 700 noctu
2281 643 2602 712 venientes,
2627 641 2684 697 in
2709 641 2915 698 eodem
2947 638 3078 695 loco
3114 637 3210 694 ubi
3241 637 3420 694 arbor
3441 641 3710 711 steterat,

2071 747 2202 804 quae
2240 731 2457 790 cadens
2489 731 2722 786 nimiam
2763 733 2940 786 terrae
2978 727 3350 784 altitudinem
3379 732 3710 800 aperuerat,

2071 837 2174 878 eos
2214 820 2596 894 sepelierunt.
2630 819 2887 888 Quorum
2919 831 3166 889 corpora
3196 815 3464 874 volentes
3505 818 3716 890 pagani

2069 911 2279 968 exinde
2307 910 2585 980 effodere,
2622 909 2952 981 quicunque
2999 921 3203 964 manus
3241 910 3644 978 apposuerunt
3683 921 3717 964 a

2072 999 2307 1058 diabolo
2329 998 2588 1071 correpti
2614 1003 2771 1055 sunt.
2843 996 2898 1053 bi
2926 999 3128 1069 postea
3152 995 3312 1069 pacis
3335 996 3600 1068 tempore
3623 998 3720 1053 ba-

2073 1090 2239 1148 silica
2263 1089 2546 1146 fabricata
2569 1092 2682 1158 est,
2707 1090 2764 1144 et
2789 1091 3108 1156 martyrum
3133 1084 3407 1143 memoria
3427 1085 3602 1158 digne
3617 1100 3722 1144 ex-

2073 1177 2252 1236 culta.
2307 1177 2757 1250 Compleverunt
2805 1178 2999 1231 autem
3048 1174 3388 1246 martyrium
3437 1188 3606 1235 suum
3659 1188 3722 1233 ιη

2075 1267 2194 1324 Kal.
2230 1266 2612 1340 Septembris.

2394 1355 2456 1411 E.
2486 1355 2724 1412 PRIDIE
2757 1354 2912 1410 KAL.
2947 1352 3393 1410 SEPTEMBRIS.

2747 1445 2839 1512 (ω
2865 1445 3043 1516 Aug.)

2145 1534 2398 1592 Treviris
2427 1533 2640 1590 natalis
2671 1533 2859 1592 sancti
2893 1532 3118 1590 Paulini
3149 1542 3177 1572 α
3205 1533 3469 1606 episcopi
3501 1533 3728 1591 confes-

2077 1625 2249 1696 soris,
2274 1625 2372 1696 qui
2405 1630 2668 1696 tempore
2701 1623 2928 1680 Arianae
2953 1622 3366 1691 infestationis,
3393 1636 3422 1678 a
3449 1623 3728 1680 Constan-

321 1711 448 1782 ejus
481 1711 840 1770 inhumatum
874 1711 1119 1768 canibus
1147 1715 1206 1768 et
1249 1709 1402 1782 lupis
1441 1711 1788 1783 derelinqui.
1823 1713 1964 1768 Data
1997 1737 2048 1797 Β
2078 1714 2162 1770 tio
2191 1714 2567 1786 imperatore,
2599 1713 2674 1769 ob
2702 1711 3051 1768 catholicam
3081 1710 3252 1767 fidem
3275 1709 3487 1768 exsilio
3508 1709 3730 1782 relega-

322 1801 638 1870 sententia,
665 1799 876 1857 obvius
899 1800 1005 1856 fuit
1029 1799 1081 1856 ei
1105 1800 1340 1870 quidam
1363 1800 1453 1856 vir
1472 1800 1858 1872 Christianus,
1876 1801 1970 1856 ho-

323 1891 577 1965 minibus
607 1889 840 1960 quidem
890 1889 1240 1960 absconsus,
1275 1891 1392 1946 Deo
1424 1903 1566 1946 vero
1598 1889 1962 1947 manifestus.

322 1979 428 2036 Hic
459 1994 591 2036 cum
624 1978 931 2036 didicisset
973 1979 1128 2050 quod
1168 1979 1374 2035 beatus
1406 1979 1564 2035 Felix
1595 1979 1729 2035 duci
1759 1978 1966 2036 fuisset

251 2132 262 2144 ο
317 2067 542 2140 jussus,
567 2067 746 2138 coepit
776 2065 1030 2122 clamare
1059 2071 1117 2123 et
1150 2067 1347 2124 dicere
1378 2087 1399 2136 ς,
1426 2068 1494 2123 Et
1525 2081 1632 2138 ego
1662 2075 1734 2123 ex‘
1764 2066 1966 2124 eadem

324 2156 454 2228 lege
472 2171 620 2226 sum,
637 2160 694 2212 et
719 2155 910 2228 ipsum
933 2170 1102 2226 quem
1125 2155 1220 2212 hic
1241 2159 1482 2213 sanctus
1505 2156 1817 2230 presbyter
1837 2171 1970 2213 con-

318 2245 523 2302 fltetur
552 2245 856 2302 Dominum
884 2246 1082 2302 Iesum
1114 2245 1408 2302 Christum
1432 2243 1582 2302 colo.
1608 2245 1738 2303 Mox
1757 2249 1817 2303 et
1840 2245 1966 2318 ipse

316 2333 390 2390 ab
423 2332 612 2390 ofﬁcio
647 2333 908 2405 prafecti
938 2333 1660 2406 comprehensus,pariter
1691 2335 1827 2392 dato
1851 2334 1963 2391 sibi

316 2420 543 2493 osculo,
567 2436 699 2480 cum
738 2423 910 2480 beato
945 2420 1135 2478 Felice
1170 2421 1498 2480 decollatus
1527 2422 1842 2493 est;hujus
1872 2414 1974 2478 no?

316 2511 446 2568 men
480 2511 613 2584 quia
664 2525 778 2568 non
827 2511 1140 2568 innuerunt
1194 2510 1533 2584 Christiani,
1568 2514 1699 2584 post
1730 2511 1962 2568 modum

2078 1806 2198 1873 tus,
2230 1807 2289 1859 et
2320 1816 2505 1872 usque
2537 1800 2607 1856 ad
2630 1806 2898 1870 mortem,
2924 1800 3100 1857 etiam
3129 1803 3296 1856 extra
3327 1799 3727 1858 Christianum

2079 1905 2287 1948 nomen
2314 1889 2591 1948 mutando
2613 1889 2820 1946 exsilia
2853 1887 3241 1960 fatigatus,ad
3274 1887 3542 1946 ultimum
3563 1888 3726 1962 apud

2079 1979 2386 2051 Phrygiam
2419 1978 2752 2050 defunctus,
2781 1979 2966 2036 beata:
2985 1977 3278 2050 passionis
3295 1977 3572 2034 cOronam
3594 1977 3751 2051 per-'

2078 2069 2236 2140 cepit
2267 2083 2297 2124 a
2328 2068 2588 2124 Domino.
2761 2068 2763 2072 ’

2149 2157 2362 2214 Eodem
2387 2156 2481 2214 die
2505 2155 2660 2229 apud
2685 2156 2962 2227 Athenas,
2987 2155 3143 2212 beati
3167 2154 3464 2228 Aristidis,
3489 2153 3622 2228 ﬁde,
3638 2168 3734 2213 sa-

2079 2245 2414 2318 pientiaque
2441 2243 2776 2302 clarissimi.
2811 2245 2920 2313 Qui
2951 2243 3204 2321 Adriano
3225 2244 3478 2318 principi
3501 2244 3571 2302 de
3592 2243 3730 2302 reli-

2075 2334 2244 2405 gione
2279 2333 2606 2392 Christiana
2639 2333 2826 2392 libros
2865 2333 3100 2404 obtulit,
3133 2337 3193 2390 et
3243 2332 3399 2406 quod
3449 2333 3728 2393 Cbristus

2074 2424 2246 2480 Iesus
2279 2422 2440 2480 solus
2467 2426 2628 2480 esset
2654 2419 2827 2494 Deus,
2861 2421 3152 2496 praisente
3179 2422 3309 2496 ipso
3343 2423 3726 2497 imperatore,

2077 2509 2545 2569 luculentissime
2587 2507 2908 2584 peroravit.

355 2647 414 2710 _&
440 2637 519 2694 De
540 2636 650 2694 hoc
674 2637 732 2694 in
752 2637 872 2694 vita
905 2637 1094 2696 sancti
1121 2636 1349 2695 Maximi
1382 2637 1645 2710 episcop.
1679 2637 1849 2708 Mog,
1887 2640 1955 2696 18
1982 2636 2128 2697 Nov.
2165 2635 2377 2696 Hieron
2407 2637 2480 2694 de
2512 2637 2726 2710 Script.
2760 2636 3007 2709 Eccles.,
3039 2651 3165 2710 cap.
3199 2640 3287 2694 20.

1641 2897 1939 2954 LITANLE
1987 2897 2400 2954 INDICENDIE.

1555 3075 1888 3151 MENSIS
1947 3075 2484 3151 SEPTEMBPJS

1372 3273 1576 3325 HABET
1627 3273 1768 3324 DIES
1818 3231 1983 3338 XXX;
2042 3274 2204 3326 LUNA
2253 3275 2422 3326 VERO
2473 3277 2650 3332 XXIX.

752 3504 808 3558 F.
863 3503 1019 3561 KAL.
1083 3504 1534 3562 SEPTEMBPJS.

993 3593 1045 3662 (4
1093 3585 1288 3666 Sept.)

385 3701 522 3757 Iesu
555 3713 700 3756 nave
735 3703 794 3756 et
825 3698 1056 3756 Gedeon
1093 3701 1529 3772 prophetarum.

363 3789 554 3862 Apud
587 3789 858 3861 Capuam,
891 3788 982 3846 via
1016 3788 1288 3862 Aquaria,
1313 3788 1526 3847 natalis
1559 3790 1746 3848 sancti
1777 3790 1960 3848 Prisci
1987 3856 1989 3859 ,

315 3879 612 3950 martyris,
649 3879 748 3950 qui
779 3893 929 3952 unus
961 3878 1068 3936 fuit
1101 3879 1172 3936 de
1203 3878 1322 3937 illis
1347 3879 1607 3951 antiquis
1637 3879 1854 3938 Christi
1885 3881 1963 3937 di-

316 3967 579 4040 scipulis.
759 4015 764 4018 .

385 4054 602 4110 Eodem
637 4053 730 4109 die
761 4052 988 4110 natalis
1008 4059 1184 4111 Annae
1214 4053 1602 4125 pr0phetissae
1637 4073 1650 4122 ;

388 4142 533 4196 Item
565 4138 768 4198 eodem
801 4145 1007 4198 sancto
1034 4141 1128 4199 die
1149 4142 1304 4214 apud
1327 4143 1605 4214 Senonas,
1634 4142 1790 4200 beati
1817 4145 1956 4218 Lupi

313 4229 1188 4304 episcopi,"sant:titateetsignis
1203 4230 1954 4291 miraculorumillustravit.

357 4375 370 4394 τ
388 4319 533 4378 Item
555 4319 710 4390 apud
731 4319 1049 4376 Caesaream
1074 4320 1146 4375 Ca
1157 4320 1476 4392 ppadociaa,
1493 4321 1648 4378 beati
1673 4323 1911 4394 Longini
1930 4334 1959 4362 α

319 4403 524 4482 militis
553 4410 613 4462 et
647 4407 960 4476 martyris;
994 4421 1164 4478 quem
1196 4408 1435 4465 tradunt
1479 4407 1639 4466 illum
1681 4424 1814 4468 esse
1857 4411 1955 4482 qui

319 4493 521 4557 lancea
550 4493 705 4553 latus
722 4495 947 4552 Domini
969 4498 1106 4554 Iesu
1130 4497 1344 4555 Christi
1373 4497 1679 4570 pendentis
1701 4499 1757 4555 in
1779 4515 1955 4558 cruce

317 4583 549 4656 aperuit
579 4585 777 4654 (Joan.
813 4589 952 4654 xxx).
988 4585 1090 4642 Hic
1113 4585 1485 4660 postmodum
1517 4587 1853 4660 baptizatus
1882 4591 1955 4648 ab

317 4672 624 4744 apostolis,
641 4689 769 4730 cum
795 4674 948 4746 apud
969 4675 1392 4748 Cappadociam
1416 4677 1731 4735 sanctitate
1751 4681 1956 4752 praeci-
1991 4691 1993 4695 ‘

315 4775 468 4834 puus
499 4761 760 4834 degeret,
781 4763 1016 4821 tandem
1051 4763 1124 4820 ab
1158 4763 1399 4821 Octavio
1423 4765 1669 4836 praeside
1693 4780 1956 4840 compre-

1993 3504 2042 3568 C
2073 3490 2410 3567 sanctitatis
2439 3512 2500 3566 et
2532 3508 2862 3582 prophetici
2887 3510 3136 3584 spiritus
3155 3511 3288 3567 viri.
3313 3509 3414 3567 Hic
3438 3509 3589 3568 clam
3610 3511 3730 3586 epi-

2075 3601 2381 3669 scopatum
2398 3612 2566 3656 suum
2590 3597 2948 3671 relinquens,
2963 3612 3205 3656 ascensa
3219 3613 3384 3670 nave,
3399 3599 3728 3658 comitante

2073 3698 2136 3744 se
2159 3700 2274 3744 uno
2299 3690 2526 3744 tantum
2551 3701 2755 3760 puero,
2773 3687 2872 3760 qui
2889 3687 3081 3744 oiilcio
3103 3687 3292 3746 lector
3308 3693 3437 3746 erat
3459 3689 3515 3745 in
3535 3687 3727 3746 eccle-

2072 3773 2178 3846 sia,
2215 3776 2446 3834 nomine
2475 3777 2700 3847 Viator,
2735 3776 3001 3850 pervenit
3031 3776 3102 3834 ad
3125 3777 3450 3850 Egyptum.
3473 3777 3582 3834 Ubi
3617 3791 3752 3850 per;

2071 3863 2296 3935 aliquot
2327 3878 2528 3934 annos,
2551 3863 2773 3922 sanctis
2799 3865 3098 3922 monachis
3117 3865 3327 3924 coelum
3350 3870 3577 3922 tantum
3599 3879 3729 3939 spe-

2070 3953 2372 4009 ctantibus
2385 3953 2788 4024 consociatus,
2806 3953 3135 4010 humilitate
3159 3967 3227 4010 ac
3249 3954 3568 4023 sanctitate
3583 3953 3724 4022 vitae

2071 4040 2488 4112 incomparabil
2501 4041 2550 4098 is
2565 4041 2927 4098 vixit.Cursu
2941 4042 3140 4113 itaque
3153 4041 3439 4115 temporis
3457 4055 3726 4116 consum-

2070 4133 2248 4199 mato,
2268 4129 2392 4200 ipse
2407 4143 2638 4200 quoque
2660 4129 2982 4199 virtutibus
3005 4135 3467 4201 consummatus,
3494 4131 3746 4204 reposic-

2070 4221 2187 4272 tam
2213 4215 2324 4272 sibi
2348 4230 2624 4274 coronam
2642 4217 2892 4288 justitiae
2917 4224 3308 4292 percepturus
3331 4220 3618 4291 migravit
3648 4221 3723 4278 ad

2067 4305 2370 4362 Dominum
2384 4306 2574 4378 pridie
2589 4307 2722 4365 idus
2738 4308 3266 4380 Octobris.Corpus
3279 4308 3407 4379 ejus
3420 4307 3722 4380 religiosis

2065 4394 2298 4452 civibus
2319 4394 2656 4466 Lugdunum
2680 4411 2810 4454 cum
2834 4397 3069 4454 ossibus
3086 4397 3240 4454 beati
3256 4398 3511 4456 Viatoris
3527 4399 3725 4456 minis-

2067 4482 2144 4564 tri
2168 4481 2296 4554 ejus
2309 4483 2579 4557 relatum,
2597 4486 2960 4557 etcondigno
2983 4485 3146 4544 cultu
3171 4486 3228 4542 in
3251 4485 3492 4544 basiliCa
3518 4486 3724 4545 beato—

2068 4586 2193 4653 rum
2211 4579 2434 4646 septem
2449 4573 2694 4633 fratrum
2709 4575 3164 4634 Macbabaaorum
3180 4581 3496 4648 martyrum
3509 4575 3725 4648 glorio-
3746 4603 3762 4620 ο

2070 4661 2440 4720 sissimorum
2461 4663 2764 4720 conditum
2787 4667 2878 4720 est
2899 4670 3109 4736 quarto
3132 4665 3714 4739 nonasSeptembris.

2141 4751 2356 4809 Eodem
2379 4750 2494 4820 die,
2512 4751 2666 4808 beati
2689 4749 2938 4824 Helpidii
2961 4751 3391 4828 episcopiapud
3406 4755 3718 4828 praefatam

316 4849 554 4922 hensus,
579 4857 714 4924 post
744 4851 1169 4910 confessionem
1203 4851 1358 4923 fidei,
1389 4851 1585 4924 lingua
1607 4838 1876 4928 abscisa,
1901 4864 1962 4916 et
1991 4865 2044 4926 D
2073 4838 2277 4928 Vrbe“?
2300 4839 2658 4928 Venerabilis
2691 4839 3006 4914 ἀθροείῐίο·
3033 4841 3210 4914 cuius
3234 4855 3467 4901 sacrum
3496 4857 3719 4918 corpus

318 4939 862 5010 dentibusexcusis,
877 4940 1072 5012 capite
1087 4945 1396 4998 truncatus
1409 4945 1520 4998 est.
1541 4941 1720 5000 Simul
1739 4958 1870 5002 cum
1891 4963 1963 5006 eo

319 5033 640 5086 coronatus
660 5033 753 5086 est
776 5027 1168 5101 Aphrodisius
1190 5030 1762 5093 Commentariensis.
1789 5036 1882 5092 cui
1905 5041 1964 5094 et

319 5126 541 5184 praeses
558 5114 812 5190 linguam
831 5116 1056 5174 abscidi
1071 5123 1361 5189 jusserat;
1387 5118 1601 5190 quique
1624 5126 1756 5194 post
1777 5123 1964 5184 absci-

321 5199 544 5264 sionem
573 5206 846 5278 expedite
893 5205 1186 5264 Christum
1223 5204 1382 5264 clara
1411 5220 1556 5264 voce
1588 5206 1958 5282 loquebatur.

675 5311 738 5366 G.
771 5312 842 5369 IV
882 5312 1117 5372 NONAS
1158 5313 1603 5372 SEPTEMBBIS.

358 5471 371 5477 -
994 5423 1055 5491 (2
1091 5421 1286 5496 Sept.)

391 5519 595 5578 Natale
627 5522 814 5582 sancti
842 5525 992 5585 Iusti
1037 5529 1444 5602 Lugdunensis
1478 5528 1765 5606 episcopi,
1801 5530 1960 5592 mira:

389 5653 418 5687 ο
441 5646 585 5707 Vide
627 5646 890 5710 libellum
929 5651 1001 5710 de
1037 5652 1364 5713 Festivitat.
1397 5657 1601 5730 Apost.

2073 4926 2396 4984 honoriflce
2417 4927 2732 5002 sepultum,
2751 4929 2806 4986 in
2831 4929 2956 5003 ipsa
2973 4929 3295 5004 eademque
3315 4930 3594 5004 ecclesia,
3615 4931 3716 4993 ilbi

2075 5015 2262 5072 sancti
2293 5016 2653 5076 confessoris
2671 5019 2822 5076 Iusti
2853 5019 3135 5078 tumulata
3154 5025 3291 5080 sunt
3311 5021 3715 5080 sacratissima

2074 5103 2350 5174 membra,
2386 5106 2657 5177 quiescit.

2144 5191 2310 5266 Apud
2338 5194 2657 5266 Apamiam,
2684 5195 2838 5254 beati
2869 5197 3144 5256 Antonini
3167 5199 3460 5272 martyris.

2405 5319 2468 5375 A.
2518 5319 2594 5376 IlI
2641 5319 2878 5378 NONAS
2924 5321 3370 5380 SEPTEMBRIS.

2743 5426 2806 5496 (5
2842 5425 3038 5501 3'6th

2143 5535 2363 5595 Natalis
2401 5541 2619 5598 sancte
2659 5538 2922 5600 Phtebes.
