3992 6170
257 227 360 323 εἰδ

983 221 1587 325 uanmonocmu
1629 266 1771 325 CUM
1811 221 2450 332 Abutraunmisf—
2497 269 2681 335 MENS
2728 278 2913 338 supr.

3541 289 3646 346 346

320 390 540 482 Romaa,
574 389 768 482 passio
788 393 854 482 et
888 391 1098 449 natalis
1130 394 1316 451 beatae
1349 395 1641 467 Seraphiae
1671 405 1699 435 ε
1729 396 1893 468 virgi-
1928 394 1978 454 Β
2010 400 2181 470 digne
2204 401 2509 460 dedicatus
2527 400 2707 460 tertio
2729 418 2908 462 nonas
2932 407 3308 481 Septembris,
3334 411 3564 482 quando
3584 416 3645 471 et

252 479 362 550 nis,
379 479 486 536 sub
510 477 763 536 Adriano
784 478 1363 551 imperatore,judice
1390 482 1761 541 BerilloJlaac
1789 487 1895 540 An-

249 568 518 627 tiochena
538 582 775 640 genere,
790 584 918 625 cum
935 569 989 625 in
1004 569 1173 628 domo
1189 572 1413 630 Sabinae
1432 572 1889 642 praeclarissimas

250 656 477 722 feminae
517 658 670 729 apud
705 658 906 714 urbem
938 664 1351 731 commaneret,
1388 665 1553 732 rapta
1595 663 1666 718 ab
1706 662 1891 720 officio

249 745 543 819 praesidis,
572 747 831 804 exhibita
854 752 943 806 est
975 748 1032 804 in
1054 754 1369 821 conspectu
1393 750 1592 822 ipsius.
1622 752 1722 808 Cui
1748 767 1891 823 pra:-

248 848 340 891 ses
370 834 519 891 dixit
554 855 567 890 :
594 835 863 894 Sacriﬂca
889 837 1000 894 diis
1022 837 1445 896 immortalibus
1478 841 1690 910 quibus
1719 841 1890 898 sacri-

248 922 419 982 ﬁcant
453 924 666 981 domini
699 925 1099 996 imperatores.
1140 929 1313 984 Beata
1347 930 1621 1000 Seraphia
1655 944 1892 1001 respon-

248 1012 331 1069 dit
366 1032 379 1068 :
412 1012 627 1084 Timeo,
662 1019 719 1070 et
751 1014 881 1073 colo
910 1016 1364 1088 omnipotentem
1396 1018 1596 1089 Deum,
1623 1019 1719 1089 qui
1754 1019 1888 1075 fecit
1976 1059 1984 1069 .

246 1102 453 1160 ccelum
481 1108 543 1161 et
564 1107 806 1176 terram,
833 1109 894 1162 et
915 1106 1101 1162 omnia
1126 1121 1254 1177 qua)
1279 1106 1333 1163 in
1358 1108 1444 1165 eis
1467 1112 1620 1165 sunt.
1648 1110 1786 1165 Nam
1811 1107 1889 1166 dii

250 1205 393 1263 quos
412 1192 587 1263 jubes
607 1194 854 1252 adorare
877 1209 989 1252 non
1012 1200 1144 1253 sunt
1171 1195 1270 1268 dii,
1290 1197 1391 1254 sed
1421 1201 1553 1255 sunt
1578 1198 1888 1266 daemonia;

248 1284 307 1337 et
340 1281 468 1339 ideo
498 1297 612 1338 non
647 1283 785 1340 licet
818 1284 955 1340 mihi
989 1285 1233 1341 adorare
1263 1301 1381 1357 eos,
1409 1286 1540 1357 quia
1565 1286 1889 1344 Christiana

248 1385 388 1428 sum.
405 1372 666 1443 Cumque
689 1375 1267 1445 perseverantissime
1283 1375 1452 1432 ﬁdem
1476 1376 1746 1433 veritatis
1770 1392 1893 1448 pro-

247 1466 614 1531 sequeretur,
624 1462 797 1532 jussit
813 1476 937 1518 eam
960 1478 1178 1534 praeses
1205 1463 1433 1519 duobus
1448 1464 1764 1534 juvenibus
1784 1465 1890 1522 las-

244 1548 382 1605 civis
407 1550 586 1620 tradi,
604 1554 664 1606 ut
683 1550 734 1606 ei
752 1555 1037 1607 nocturno
1053 1551 1208 1608 furto
1222 1551 1591 1609 insultarent.
1611 1555 1654 1609 A
1680 1554 1890 1623 quibus

246 1636 584 1709 perductam
610 1638 664 1694 in
688 1639 1023 1696 cubiculum
1039 1641 1511 1699 obscurissimum
1525 1657 1654 1698 cum
1670 1642 1887 1698 vellent

244 1740 356 1782 eam
380 1728 862 1797 tangcrc,subito
883 1733 1059 1787 terra;
1085 1736 1276 1788 motus
1296 1732 1485 1788 factus
1505 1738 1595 1787 est
1620 1747 1879 1805 magnus,
1913 1752 1966 1813 Β

243 1813 701 1886 cecideruntque
733 1818 1030 1875 exanimes
1059 1818 1113 1874 in
1142 1824 1383 1888 terram,
1412 1818 1686 1876 membris
1707 1821 1884 1876 omni-

244 1902 342 1959 bus
355 1902 628 1960 resoluti.
648 1903 913 1961 Diluculo
927 1909 1118 1962 autem
1133 1921 1263 1963 cum
1280 1907 1573 1964 venissent
1589 1923 1617 1964 a
1636 1909 1882 1979 prmside

244 1988 414 2062 missi,
441 1991 542 2064 qui
567 1992 961 2065 requirerent,
987 2009 1087 2051 seu
1113 1995 1643 2066 dejuvenibus,seu
1676 1996 1746 2052 de
1770 1998 1882 2052 vir-

240 2080 363 2152 gine
390 2099 419 2149 ;‹
442 2081 692 2152 ingressi
718 2082 1064 2141 invenerunt
1089 2089 1343 2141 sanctam
1367 2086 1465 2142 Dei
1490 2090 1773 2157 orantem,
1792 2086 1883 2156 ju-

240 2184 409 2227 venes
442 2185 584 2227 vero
614 2170 937 2243 impudicos
964 2172 1121 2229 velut
1148 2178 1407 2231 mortuos
1428 2178 1602 2231 terrae
1627 2180 1881 2246 prostra-

242 2263 339 2317 tos.
364 2260 577 2332 Itaque
600 2260 670 2317 ad
694 2262 777 2318 rei
802 2263 1014 2319 factum
1038 2278 1167 2319 cum
1192 2263 1875 2334 plurimiconcurrerent.

239 2346 445 2406 iterum
480 2363 701 2420 praeses
723 2349 896 2419 jussit
931 2366 1035 2423 pro
1065 2351 1343 2407 tribunali
1366 2366 1490 2408 eam
1517 2352 1624 2408 sibi
1649 2352 1879 2410 adduci-

237 2436 298 2495 Et
320 2436 649 2510 imperante
673 2440 919 2510 praeside
944 2441 1235 2512 deportati
1261 2444 1394 2497 sunt
1418 2440 1590 2497 iidem
1610 2441 1875 2513 juvenes,

239 2530 290 2581 et
317 2526 493 2599 positi
536 2532 671 2585 ante
718 2533 1094 2601 conspectum
1144 2529 1343 2601 ipsius.
1380 2530 1463 2586 Ad
1513 2546 1660 2601 quos
1709 2532 1876 2587 beata

236 2614 413 2687 virgo,
441 2616 594 2673 facta
618 2618 903 2688 oratione,
930 2618 1216 2675 accedens
1244 2618 1440 2689 tetigit
1474 2618 1607 2676 illos
1638 2619 1835 2677 dicens
1862 2640 1874 2675 :

238 2703 295 2759 In
307 2704 536 2761 nomine
550 2706 773 2762 Domini
788 2706 896 2763 mei
916 2708 1053 2764 Iesu
1078 2708 1290 2765 Christi
1312 2708 1522 2778 erigite
1534 2709 1705 2766 vosin
1719 2713 1876 2765 statu

237 2797 479 2860 vestro;
506 2795 577 2850 ad
603 2794 776 2865 cujus
812 2809 1012 2853 vocem
1046 2795 1128 2851 illi
1163 2800 1459 2853 steterunt
1493 2812 1668 2868 super
1700 2798 1877 2869 pedes

237 2894 389 2939 suos.
427 2881 579 2950 Quos
602 2898 823 2955 praeses
850 2885 1233 2956 interrogavit
1259 2904 1272 2941 :
1299 2884 1445 2952 Quid
1473 2886 1734 2943 faciendo
1755 2887 1877 2944 haec

238 2969 442 3027 mulier
464 2970 766 3030 dementes
776 2987 879 3029 vos
893 2973 1027 3031 fecit
1040 2977 1097 3029 et
1113 2974 1436 3031 resolutos?
1450 2976 1873 3044 Ingressusest,

238 3058 523 3132 inquiunt,
549 3060 781 3132 quidam
807 3061 1041 3132 juvenis
1071 3061 1338 3133 decorus,
1367 3064 1643 3135 mirasque
1667 3063 1878 3134 magni-

235 3148 471 3219 tudinis,
506 3149 603 3220 qui
657 3154 819 3209 totus
863 3150 1210 3223 splendebat
1259 3151 1407 3208 sicut
1460 3152 1566 3224 sol,
1600 3157 1877 3223 stansque

235 3236 384 3295 inter
413 3252 520 3295 nos
559 3242 618 3294 et
671 3238 921 3311 puellam
972 3239 1139 3311 hanc,
1169 3245 1426 3297 tremore
1455 3244 1514 3298 et
1548 3240 1874 3297 defectione

234 3323 501 3384 claritate
524 3342 628 3386 sua
648 3328 1198 3386 concussit.Praases
1211 3328 1281 3385 ad
1296 3330 1522 3385 beatam
1540 3331 1677 3387 Sera
1686 3329 1874 3402 phiam

234 3427 574 3473 conversus:
593 3415 861 3474 Sacriﬁea
886 3417 1017 3487 diis,
1035 3417 1245 3489 inquit,
1271 3432 1341 3474 ne
1364 3422 1551 3474 morte
1578 3417 1871 3490 plectaris.

240 3502 329 3560 Cui
361 3503 531 3576 virgo
560 3523 575 3561 :
601 3506 721 3562 Non
746 3505 893 3563 facio
917 3506 1274 3563 voluntatem
1300 3508 1485 3579 patris
1518 3507 1601 3565 tui
1627 3509 1873 3578 Satanae,

239 3594 359 3663 quia
401 3594 727 3658 Christiana
760 3611 904 3653 sum.
940 3597 1093 3653 Tunc
1127 3610 1344 3668 praeses
1367 3595 1540 3666 jussit
1582 3596 1877 3667 lampades

236 3683 509 3741 ardentes
550 3683 838 3743 lateribus
869 3684 994 3755 ejus
1025 3685 1255 3757 apponi,
1288 3685 1387 3743 sed
1422 3685 1618 3742 statim
1651 3685 1748 3755 qui
1780 3699 1879 3741 eas

238 3773 537 3845 tenebant,
551 3773 895 3832 ceciderunt
910 3778 1253 3835 retrorsum.
1270 3776 1494 3831 Prmses
1504 3788 1643 3829 vero
1668 3773 1877 3829 iterum

234 3860 422 3919 beatae
465 3862 677 3933 virgini
712 3863 857 3920 dixit
895 3883 906 3919 :
944 3864 1284 3921 Biothanata
1327 3867 1385 3919 et
1425 3861 1705 3933 maleﬁca,
1745 3861 1878 3918 audi

232 3949 531 4022 imperiale
563 3956 947 4024 praeceptum,
981 3953 1243 4009 sacriﬁca
1276 3952 1385 4009 diis
1427 3951 1875 4021 immortalibus,

232 4042 283 4095 et
308 4041 499 4099 libera
523 4044 583 4098 te
611 4043 682 4098 de
705 4042 1068 4100 cruciatibus
1088 4047 1144 4099 et
1172 4046 1377 4099 morte.
1406 4043 1580 4098 Beata
1605 4040 1880 4113 Seraphia

236 4127 335 4205 hoc
362 4128 451 4185 illi
478 4130 693 4187 redidit
722 4151 733 4186 :
766 4131 1094 4189 Biothanati
1119 4136 1176 4187 et
1200 4131 1445 4188 maleﬁci
1472 4147 1574 4188 vos
1593 4130 1757 4201 estis,
1787 4130 1885 4201 qui

232 4219 459 4289 negatis
506 4221 683 4277 Deum
730 4220 924 4277 vivum
976 4226 1033 4277 et
1086 4236 1287 4278 verum
1337 4224 1395 4277 et
1430 4220 1710 4278 dmmonia
1754 4220 1888 4276 ado-

234 4307 440 4381 rando,
472 4323 603 4365 cum
628 4308 772 4380 ipsis
800 4310 1021 4381 pariter
1043 4309 1185 4367 estis
1217 4310 1481 4366 morituri
1508 4328 1521 4377 ;
1546 4310 1661 4365 Deo
1693 4312 1887 4365 autem

2005 492 2280 548 memoria
2317 494 2600 564 passionis
2634 495 2761 565 ejus
2797 494 3085 553 celebrior
3115 498 3326 567 agitur.

2074 582 2239 652 Apud
2271 584 2541 654 Capuam,
2563 584 2774 642 natalis
2787 590 3117 643 sanctorum
3135 592 3451 661 martyrum
3474 592 3644 649 Antoo

2000 668 2117 723 nini
2144 671 2329 742 pueri,
2356 686 2633 729 annorum
2663 674 2956 745 viginti,et
2980 676 3193 732 Aristei
3225 678 3479 751 episcopi
3504 695 3645 751 quo-

2002 773 2126 813 rum
2171 763 2336 829 gesta
2390 761 2696 818 habentur.
2736 763 2947 819 Eodem
2999 765 3091 820 die
3141 767 3428 837 depositio
3458 769 3641 830 sancti

2000 847 2253 904 Remacli
2288 850 2544 921 episcopi
2577 854 2635 906 et
2667 853 3047 920 confessoris;
3079 858 3139 909 et
3164 856 3480 913 beatissimi
3501 858 3645 914 Man-

2001 936 2151 993 sueti
2189 938 2547 997 Confessoris
2577 944 2753 1011 atque
2796 942 3084 1013 pontiﬁcis
3121 943 3424 1002 Tullensis.

2285 1054 2343 1110 Β.
2379 1056 2617 1113 PRIDIE
2646 1056 2882 1114 NONAS
2912 1058 3357 1118 SEPTEMBRIS.

2675 1157 2732 1223 {4
2775 1156 2970 1229 Sept.)

2070 1251 2278 1329 Moysis
2318 1252 2637 1324 prophetae.

2072 1340 2137 1394 Et
2163 1341 2314 1411 apud
2338 1344 2622 1413 Ancyram
2646 1341 2884 1399 Galatia:
2907 1343 3119 1401 natalis
3139 1347 3471 1403 sanctorum
3496 1361 3645 1403 mar-

1998 1432 2191 1500 tyrum
2242 1430 2416 1487 trium
2470 1446 2803 1503 puerorum,
2838 1432 3050 1503 Rufini,
3095 1433 3347 1505 Sylvani,
3382 1439 3440 1491 et
3486 1435 3643 1492 Vita-

1999 1517 2125 1575 licaa
2152 1518 2198 1574 δ.

2071 1607 2345 1664 Cabilone
2377 1608 2570 1665 natale
2603 1610 2784 1667 sancti
2826 1610 3080 1667 Marcelli
3135 1611 3229 1682 qui
3283 1613 3644 1683 temporibus

1998 1696 2270 1754 Antonini
2312 1697 2466 1767 Veri,
2499 1714 2570 1754 ex
2603 1714 2843 1755 numero
2873 1700 3289 1771 quinquaginta
3325 1705 3644 1773 martyrum

1997 1786 2092 1856 qui
2127 1787 2385 1861 Lugduni
2422 1788 2476 1842 in
2509 1788 2869 1859 ergastulum
2912 1790 3060 1845 trusi
3106 1791 3354 1860 fuerant,
3378 1806 3508 1847 cum
3539 1792 3646 1848 Va-

1996 1874 2216 1931 leriano
2267 1877 2575 1947 patefactis
2624 1876 2927 1948 custodiae,
2963 1879 3055 1934 cui
3099 1878 3406 1950 mancipati
3450 1882 3638 1950 erant,

1995 1963 2276 2021 divinitus
2304 1963 2582 2021 claustris
2614 1966 2857 2035 aufugit.
2893 1967 2960 2022 Et
2992 1982 3123 2022 cum
3156 1967 3419 2024 Latinum
3453 1978 3644 2037 quem-

1995 2054 2145 2124 dam,
2173 2068 2201 2109 a
2229 2067 2342 2123 quo
2367 2054 2618 2124 hospitio
2644 2058 2951 2125 susceptus
2971 2059 3119 2125 erat,
3143 2070 3272 2130 cum
3296 2055 3448 2110 omni
3473 2054 3641 2110 domo

1992 2157 2094 2198 sua
2126 2143 2194 2198 ad
2245 2141 2416 2198 fidem
2473 2142 2682 2199 Christi
2733 2144 3140 2214 convertisset,
3174 2142 3638 2199 Cabilonensium

1991 2231 2582 2302 expetenscivitatem
2599 2231 2856 2288 Priscum
2875 2232 3177 2302 quemdam
3195 2232 3645 2303 prmsidem,diis

1991 2319 2114 2376 suis
2136 2319 2527 2376 immolantem
2560 2320 2835 2376 incurrit:
2863 2320 3119 2390 Cumque
3151 2321 3222 2376 ab
3253 2335 3322 2376 eo
3354 2320 3424 2376 ad
3459 2321 3646 2392 profa-

1993 2425 2125 2466 num
2160 2409 2485 2466 convivium
2521 2409 2722 2465 fuisset
2750 2409 3051 2478 invitatus,
3079 2414 3135 2463 et
3164 2410 3287 2480 ipse
3312 2408 3642 2478 hnjusmodi

1991 2513 2306 2555 exsecraris
2334 2498 2558 2569 epulas,
2585 2513 2787 2555 omnes
2810 2499 2905 2569 qui
2932 2498 3197 2569 aderant,
3221 2513 3326 2555 cur
3349 2497 3520 2555 idolis
3548 2498 3644 2555 de-

1992 2588 2305 2656 servirent,
2339 2586 2523 2643 libera
2559 2587 2957 2658 increpatione
3001 2587 3348 2658 corriperet,
3384 2586 3644 2643 inaudito

1988 2674 2362 2733 crudelitatis
2383 2689 2621 2744 genere,
2651 2675 2899 2731 defodiri
2923 2690 3053 2731 eum
3077 2674 3311 2744 cingulo
3332 2679 3507 2731 tenus
3527 2689 3646 2731 ere-

1987 2768 2143 2821 ctum
2181 2763 2589 2835 praesesjussit
2625 2783 2637 2817 :
2669 2762 2869 2834 sicque
2899 2767 3138 2820 sanctus
3158 2763 3258 2819 Dei
3285 2766 3505 2835 martyr
3525 2768 3644 2819 ter-

1986 2852 2072 2909 tio
2106 2852 2198 2908 die
2232 2852 2286 2907 in
2318 2852 2418 2908 Dei
2442 2866 2636 2908 amore
2670 2866 2736 2908 ac
2770 2851 3042 2909 laudibus
3065 2866 3465 2923 perseverans,
3482 2852 3538 2910 in
3563 2859 3646 2907 se'

1987 2941 2179 2999 eundo
2211 2941 2282 2996 ab
2324 2940 2538 3011 Oppido
2583 2940 2946 2997 Cabilenensi
2987 2939 3259 2995 milliario
3303 2938 3641 2995 incontami-

1990 3033 2187 3087 natum
2222 3027 2477 3085 reddidit
2514 3028 2805 3100 spiritum.

2416 3135 2473 3190 C.
2511 3134 2723 3191 NONIS
2762 3134 3207 3191 SEPTEMBRIS.

2674 3232 2733 3300 (ὅ
2758 3231 2954 3304 Sept.)

2056 3332 2118 3385 In
2145 3328 2481 3386 suburbano
2503 3329 2697 3385 Romae
2720 3328 2917 3384 natale
2943 3327 3097 3384 beati
3122 3324 3404 3383 Victorini
3430 3330 3641 3398 marty-

1987 3419 2085 3476 ris.
2116 3420 2373 3475 Fuerunt
2400 3421 2595 3474 autem
2626 3416 2740 3473 duo
2776 3417 2988 3473 fratres
3019 3416 3353 3472 Victorinus
3382 3419 3440 3470 et
3474 3415 3642 3471 Seve-

1987 3508 2166 3564 rinus.
2195 3507 2259 3561 Hi
2286 3510 2416 3578 post
2437 3506 2750 3577 utriusque
2774 3506 3038 3577 parentis
3059 3505 3282 3561 obitum
3308 3517 3369 3560 sc
3395 3503 3640 3559 invicem

1989 3597 2441 3668 paedagogantcs
2482 3596 2605 3666 pari
2646 3594 2913 3651 custodia
2970 3608 3031 3651 se
3085 3592 3302 3649 mutuis
3350 3591 3650 3663 obsequiis

1987 3682 2333 3740 aemulantes
2349 3682 2757 3752 germanitatis
2778 3681 3010 3737 vinculo
3030 3680 3384 3752 probabiles,
3404 3681 3522 3736 Deo
3538 3679 3645 3736 sei-

1990 3788 2125 3845 psos
2154 3771 2398 3829 hostiam
2430 3772 2617 3827 vivam
2647 3770 3012 3826 obtulerunt.
3041 3771 3298 3838 Cumque
3322 3769 3378 3823 in
3417 3772 3642 3824 tantum

1986 3860 2411 3929 excrevissent,
2439 3864 2501 3915 ut
2536 3873 2637 3914 sua
2671 3858 2858 3913 omnia
2892 3856 3273 3928 perfectionis
3312 3856 3525 3912 intuitu
3558 3868 3647 3912 re“

1997 3950 2348 4021 linquerent,
2382 3952 2439 4003 et
2474 3947 2798 4004 vendentes
2847 3961 2942 4003 res
2981 3962 3134 4017 suas,
3163 3960 3399 4001 censum
3441 3959 3641 4001 earum

1997 4038 2364 4112 pauperibus
2407 4040 2745 4105 erogassent
2797 4038 2911 4092 Deo
2962 4034 3295 4106 expeditius
3344 4032 3642 4102 servituri,

1996 4128 2132 4186 nudi
2168 4125 2550 4184 facultatibus
2579 4126 2848 4182 omnibus
2878 4126 3306 4181 remanserunt.
3344 4121 3508 4179 Alter
3541 4121 3649 4178 ita-

1996 4232 2107 4289 que
2133 4216 2395 4274 serviens
2422 4214 2614 4285 alteri,
2643 4220 2841 4271 mutua
2876 4213 3021 4284 vice,
3048 4217 3105 4268 et
3131 4210 3335 4269 aemula
3357 4211 3647 4269 charitate

1997 4306 2310 4363 serviebat.
2332 4303 2661 4375 Imperium,
2680 4302 2945 4360 libertas.
2972 4301 3122 4358 Nihil
3148 4301 3349 4357 deerat
3375 4300 3491 4356 illis
3512 4314 3642 4356 cum

234 4395 557 4453 immortali
582 4412 690 4469 ego
714 4398 1112 4470 memetipsam
1135 4398 1314 4455 offero
1338 4397 1705 4467 sacriﬁcium,
1730 4396 1776 4452 si
1801 4408 1890 4451 me
1913 4464 1957 4470 _
2000 4394 2078 4449 nil
2109 4394 2412 4449 haberent.
2442 4392 2625 4461 [gitur
2652 4391 2987 4449 Victorinus
3009 4392 3236 4463 spirans
3258 4389 3455 4460 altius,
3480 4392 3538 4444 et
3565 4388 3647 4443 id-

238 4484 514 4555 dignatur
543 4464 843 4558 suscipere
877 4464 1010 4544 licet
1055 4487 1458 4558 peccatricem,
1494 4464 1699 4541 tamen.
1726 4484 1883 4540 Chri-
1913 4464 1965 4524 D
1999 4484 2186 4556 ipsum
2220 4481 2373 4553 quod
2394 4480 2501 4538 sibi
2523 4480 3252 4553 parebant,imperfectum
3274 4481 3640 4550 computans,

237 4572 501 4632 stianam.
535 4575 689 4631 Tunc
719 4575 970 4633 fustibus
1000 4575 1249 4633 caeditur
1273 4594 1286 4630 :
1311 4578 1368 4629 et
1393 4589 1526 4631 ecce
1550 4573 1744 4630 subito
1767 4577 1883 4631 ter-

237 4666 512 4721 remotus
546 4664 737 4721 factus
758 4667 847 4721 est
872 4679 1130 4735 magnus.
1159 4666 1228 4720 Et
1251 4678 1493 4720 excussa
1518 4663 1590 4719 de
1614 4664 1785 4733 fuste,
1811 4663 1882 4719 de

242 4764 351 4821 quo
370 4752 715 4811 caedebatur
737 4753 924 4824 virgo,
940 4753 1039 4809 Dei
1064 4752 1269 4811 astella
1293 4751 1549 4809 exsilivit
1574 4751 1629 4807 in
1653 4750 1882 4809 oculum

242 4841 526 4913 praesidis,
543 4856 714 4914 quem
740 4846 871 4915 post
896 4841 1153 4898 dolorem
1177 4842 1399 4901 luscum
1426 4841 1580 4899 fecit.
1606 4842 1675 4897 Et
1699 4842 1884 4898 iratus

233 4928 475 4988 dictavit
501 4931 883 4989 sententiam:
903 4931 1237 5003 Seraphiam
1262 4930 1582 5004 imperialis
1604 4930 1884 5003 praecepti

229 5020 732 5092 contemptricem,
757 5023 817 5076 et
850 5019 908 5077 in
933 5020 1117 5078 tantis
1139 5018 1440 5079 meleiiciis
1462 5021 1881 5093 deprehensam

227 5105 420 5177 gladio
452 5108 685 5181 percuti
702 5107 996 5180 jubemus.
1023 5111 1198 5167 Passa
1222 5112 1312 5165 est
1336 5113 1528 5167 autem
1554 5115 1764 5181 quarto
1787 5111 1884 5165 Ka-

230 5192 431 5256 lendas
452 5198 725 5269 Augusti,
742 5202 802 5255 et
826 5197 1058 5271 sepulta
1076 5197 1243 5269 juxta
1265 5213 1455 5254 aream
1479 5198 1799 5257 Vindiciani
1826 5199 1881 5256 in

231 5291 602 5345 monumento
648 5286 896 5347 illustris
928 5288 1203 5360 martyris
1244 5287 1491 5359 Sabinae,
1527 5303 1567 5344 η
1599 5288 1885 5346 Kalendas

229 5373 494 5446 Augusti.
532 5376 926 5449 Compositum
959 5391 1101 5433 vero
1132 5380 1190 5434 et
1223 5379 1493 5433 ornatum
1524 5380 1615 5434 est
1650 5390 1886 5433 venera-

231 5459 350 5519 bile
381 5456 807 5538 sarcophagum
830 5466 1151 5537 ambarum,
1182 5468 1241 5522 et
1264 5463 1426 5524 locus
1446 5464 1731 5522 orationis
1749 5479 1881 5522 con-

302 5596 336 5626 ι
364 5588 507 5648 Vide
542 5587 806 5650 libellum
839 5590 912 5650 de
948 5589 1103 5649 Fest.
1137 5589 1339 5662 Apost.

1992 4588 2098 4629 nec
2131 4571 2275 4629 satis
2308 4571 2416 4628 sibi
2452 4570 2686 4641 factum,
2709 4570 2755 4625 si
2781 4569 2951 4626 alteri
2983 4568 3183 4625 liceret
3220 4567 3275 4623 in
3308 4567 3514 4636 altero,
3541 4568 3639 4621 aut

1992 4661 2143 4718 alter
2157 4660 2328 4718 alteri
2345 4660 2647 4718 servitium
2662 4659 2988 4730 exhiberet,
3005 4664 3262 4715 eremum
3289 4654 3636 4727 ingreditur,

1993 4751 2264 4823 seditque
2280 4751 2335 4807 in
2352 4764 2530 4822 specu
2547 4749 2793 4806 excelsae
2814 4748 2997 4821 rupis,
3015 4764 3183 4820 quam
3198 4763 3261 4805 su
3272 4740 3642 4803 bterlluentis

1993 4855 2157 4912 aqua“:
2171 4839 2463 4912 geminum
2489 4839 2748 4895 sinuarat
2765 4839 3078 4910 abruptum
3094 4837 3190 4894 uni
3208 4839 3434 4892 tantum
3448 4828 3640 4901 hospi-

1992 4930 2136 4987 tium
2170 4929 2296 4985 viro
2328 4931 2389 4985 ut
2423 4927 2638 4985 sedens
2665 4941 2925 4984 somnum
2953 4928 3211 4999 caperet,
3236 4921 3325 4980 vel
3351 4921 3393 4977 si
3419 4917 3640 4990 recipe-

1995 5023 2082 5074 ret
2109 5016 2381 5088 alterum,
2408 5020 2572 5073 stans
2587 5019 2804 5073 oraret.
2829 5018 3075 5072 Texerat
3098 5011 3367 5071 ostiolum
3392 5005 3634 5065 vimine:

1993 5106 2263 5164 assiduus
2291 5106 2346 5163 in
2399 5106 2648 5164 lectione
2697 5109 2755 5161 et
2805 5105 3068 5161 oratione
3118 5099 3404 5157 manebat.
3439 5096 3635 5154 Cernit

1992 5194 2223 5252 interim
2257 5195 2489 5254 invidus
2517 5195 2705 5253 omnis
2735 5195 2867 5252 boni
2900 5193 3222 5265 profectum
3242 5186 3374 5259 viri,
3398 5191 3455 5244 et
3486 5187 3638 5245 ferre

1990 5300 2103 5342 non
2143 5284 2364 5357 valens,
2398 5285 2633 5345 simulat
2678 5299 2737 5343 se
2783 5281 3033 5356 puellam
3066 5281 3124 5335 et
3156 5280 3290 5335 ante
3332 5276 3488 5335 fores
3524 5275 3637 5333 viri

1989 5374 2167 5431 verba
2198 5374 2491 5444 gementia
2537 5373 2849 5443 ingeminat
2879 5390 2891 5424 :
2924 5371 3068 5439 Heu,
3104 5368 3313 5440 inquit,
3344 5383 3433 5424 me
3473 5366 3638 5423 mise-

1991 5478 2131 5535 ram,
2183 5462 2346 5520 silvis
2389 5474 2610 5530 errare,
2644 5462 2703 5515 et
2743 5456 3007 5514 tenebris
3052 5472 3277 5529 vagam,
3312 5456 3475 5516 locus
3514 5467 3627 5512 non

2054 5584 2083 5625 ι)
2113 5585 2280 5658 Greg.
2318 5584 2476 5654 Tur.,
2510 5579 2583 5640 de
2614 5579 2806 5640 Gloria
2835 5564 3099 5657 m'artyn,
3128 5598 3178 5642 c.
3212 5564 3297 5641 53.
