3992 6170
325 222 431 278 387

1391 213 1448 270 S.
1483 211 1742 270 ADONIS
1780 211 2217 270 ARCHIEPISC.
2250 211 2666 270 VIENNENSIS
3615 218 3712 274 368

324 343 680 414 agnoscitur,
703 337 816 394 iter
847 334 1152 406 quaeritur.
1181 333 1454 412 Quisquis
1476 349 1542 393 es
1563 335 1672 392 loci
1697 334 1869 406 hujus
1892 333 1966 392 in.
1999 335 2056 396 A
2158 335 2367 406 Capuae
2395 336 2608 394 natalis
2643 337 2978 394 sanctorum
3019 339 3338 408 martyrum
3367 335 3585 408 Quinti,
3617 341 3716 396 Ar-

325 431 473 501 cola,
499 427 707 484 calum
731 424 986 496 undique
1010 427 1070 482 et
1101 423 1262 482 silvae
1295 425 1499 480 famam
1531 425 1815 482 virtutum
1849 429 1976 481 tua-

325 533 452 576 rum
472 529 736 588 opusque
760 515 952 570 ferunt
979 531 995 581 ;
1018 513 1182 585 eripe
1209 527 1342 570 mea
1373 513 1776 572 frendentibus
1794 513 1971 586 apris,

322 605 484 677 eripe
515 619 546 662 a
579 603 959 663 szevientibus
1009 601 1184 674 lupis,
1219 605 1278 658 et
1327 615 1356 658 a
1405 601 1654 660 rictibus
1683 617 1970 660 ursorum.

324 695 490 764 Quod
521 693 752 752 victura
787 708 915 750 sum
948 696 1112 750 tuum
1135 690 1270 761 erit,
1298 689 1348 747 si
1374 691 1587 747 moriar
1609 694 1796 748 tuum.
1823 691 1978 750 Satis

324 797 621 856 superque
653 781 899 839 suillciat
944 779 1164 853 operiri
1198 779 1395 836 limine
1437 783 1559 836 tuo.
1592 781 1713 836 Non
1740 779 1974 851 longum

327 869 940 944 quaerobabitaculum
959 879 972 923 ‘:
991 869 1402 927 uniustantum
1421 868 1612 926 noctis
1637 869 1853 940 hospes
1871 883 1973 926 ero

327 963 571 1020 Reserat
604 959 938 1016 Victorinus
969 958 1196 1029 cellam,
1220 963 1276 1014 et
1311 958 1558 1030 hostem,
1583 957 1718 1016 dum
1744 958 1978 1016 misere-

332 1054 431 1106 tur
453 1063 645 1106 secum
672 1047 937 1104 includit.
956 1047 1062 1103 Vix
1087 1047 1245 1104 horae
1263 1047 1512 1119 spatium
1541 1046 1973 1118 intercesserat,

332 1139 467 1196 dum
502 1138 652 1194 inter
689 1137 1002 1205 molimina,
1036 1141 1095 1192 et
1129 1135 1422 1193 assiduum
1461 1135 1726 1208 corporis
1760 1141 1976 1192 motum

331 1234 610 1300 protenso
645 1225 792 1298 pede
824 1225 1020 1296 tetigit
1066 1225 1350 1281 hominem
1390 1225 1513 1294 Dei,
1546 1229 1602 1280 et
1637 1224 1796 1281 velut
1825 1240 1979 1281 com-

333 1331 598 1389 pungens
620 1315 862 1371 vulnere
887 1315 1058 1371 noxio
1077 1313 1192 1371 calr
1209 1329 1279 1393 re
1295 1314 1617 1370 succendit.
1645 1313 1819 1370 Addit
1843 1312 1982 1384 i;ni-

333 1404 527 1462 culum
545 1405 575 1458 d
588 1403 790 1460 ulccdo
805 1403 1229 1472 sermonis,urg
1269 1403 1528 1460 tfaeinus
1542 1402 1872 1470 solitudo.Q
1885 1403 1976 1459 uid

333 1494 563 1550 more"?
580 1491 711 1548 facit
735 1507 932 1548 casum
955 1491 1221 1548 columna
1247 1491 1476 1548 arboris
1493 1490 1606 1547 alta
1633 1491 1828 1547 radice
1850 1507 1978 1562 quae

331 1581 428 1638 diu
456 1581 690 1638 fundata
723 1585 992 1637 steterat.
1025 1580 1294 1636 Furtivus
1327 1595 1490 1634 amor
1512 1578 1702 1635 scelus
1729 1580 1974 1651 perﬁcit.

331 1669 628 1727 Exclamat
653 1669 768 1740 jam
801 1669 991 1726 victor
1021 1668 1300 1724 Victorini
1334 1651 1766 1733 diaboluszQuf

331 1759 542 1830 inquit,
565 1759 654 1814 vir
669 1757 1221 1830 perfectissime,cui
1235 1756 1411 1812 etiam
1429 1756 1505 1810 l‘ra
1518 1757 1814 1826 tergravis
1837 1757 1973 1814 fuit!

330 1850 454 1904 Jam
481 1847 748 1919 jungeris
778 1846 949 1904 alteri
983 1847 1079 1917 qui
1112 1845 1406 1902 recessisti
1439 1859 1468 1901 a
1500 1849 1623 1902 tuo.
1659 1845 1806 1912 QLil
1831 1846 1974 1917 agis,

335 1937 431 2009 qui
456 1952 665 1994 novum
691 1937 894 2006 dogma
913 1935 1078 1992 silvis
1091 1935 1460 1991 constituens
1475 1935 1763 1992 suadebas
1780 1949 1981 2006 scopu-

331 2027 410 2084 lis
429 2025 760 2083 castitatem
793 2025 817 2082 ?
849 2026 977 2080 Ilaec
1003 2024 1233 2094 jactans
1260 2039 1331 2080 ex
1354 2023 1542 2080 oculis
1565 2024 1792 2096 decepti
1817 2023 1976 2080 velut

330 2117 524 2173 fumus
551 2113 806 2172 evanuit.
836 2115 905 2169 At
939 2113 987 2170 is
1019 2113 1116 2184 qui
1137 2111 1455 2174 ceciderat.
1479 2111 1641 2168 velut
1665 2112 1980 2184 exsanguis

324 2204 608 2275 jacuit.In
635 2217 694 2260 se
733 2207 926 2260 autem
963 2201 1276 2274 aliquando
1315 2216 1587 2258 reversus
1618 2201 1795 2258 silvas
1816 2202 1978 2258 dese-

337 2292 477 2362 ruit,
505 2291 575 2347 ad
611 2294 848 2348 fratrem
882 2291 1218 2346 Severinum
1253 2289 1592 2362 repedavit;
1626 2291 1848 2361 pudore
1879 2289 1982 2346 diu

333 2394 531 2436 vocem
564 2380 954 2450 supprimens,
982 2380 1213 2434 tanlem
1235 2393 1468 2434 causam
1503 2379 1636 2435 facti
1667 2378 1975 2448 exposuit:

334 2469 457 2539 ipse
485 2481 707 2539 poenam
732 2467 840 2524 sibi
865 2471 1146 2523 statuens.
1166 2467 1414 2523 Findens
1436 2481 1682 2538 namque
1705 2467 1975 2523 arborem

335 2572 462 2614 man
475 2571 575 2627 usq
588 2571 654 2612 ue
679 2554 830 2628 peril
848 2571 1056 2612 asuram
1077 2555 1354 2626 inferens,
1375 2555 1764 2626 praeduratam
1777 2555 1981 2612 cuneis

335 2645 657 2717 pessulans,
691 2645 1022 2702 cicatricem
1053 2645 1281 2702 arboris
1306 2643 1546 2701 claudit.
1583 2643 1693 2701 Sed
1727 2659 1858 2701 mox
1886 2645 1981 2702 Se-

334 2735 571 2792 verinus
630 2735 842 2791 factum
905 2749 1247 2806 paenamque
1308 2733 1508 2791 fratris
1553 2733 1825 2805 episcopo
1876 2749 1980 2791 suo

335 2824 584 2880 nuntiat.
629 2823 732 2880 Ille
762 2823 1000 2880 veniens
1029 2823 1276 2894 primum
1309 2836 1440 2880 eum
1472 2821 1699 2880 solvere
1746 2827 1936 2878 tentat
1963 2839 1978 2890 ;

335 2913 432 2969 sed
469 2916 532 2968 ut
564 2915 984 2984 repugnantem
1016 2911 1184 2981 vidit,
1208 2914 1358 2981 orat,
1387 2909 1698 2980 benedicit,
1721 2909 1982 2967 consola-

335 3006 452 3072 tur,
469 3000 736 3058 discedit.
756 3000 1060 3056 Virautem
1076 2998 1425 3070 Domini,qui
1441 2999 1855 3068 segravissima
1872 3014 1984 3071 pa:-

336 3089 578 3144 nitcntia
604 3089 1002 3157 damnaverat,
1020 3087 1308 3142 Dominica
1327 3093 1550 3143 tantum
1575 3087 1669 3143 die
1693 3087 1977 3144 modicum

336 3177 506 3248 panis
527 3181 583 3230 et
609 3179 1068 3246 aquzecoactusa
1085 3176 1265 3232 fratre
1283 3175 1663 3246 percipiebat,
1683 3176 1776 3245 qui
1802 3177 1978 3232 etiam

337 3280 397 3323 se
429 3263 602 3321 simili
631 3263 763 3321 cibo
792 3269 851 3320 et
877 3262 1099 3334 jejunio
1125 3263 1473 3320 macerabat.
1496 3263 1681 3332 Igitur
1706 3263 1759 3318 in
1787 3263 1980 3333 hujus-

339 3352 490 3410 modi
536 3353 997 3423 constructione,
1031 3351 1344 3409 triennium
1395 3351 1668 3411 volvitur.
1724 3353 1980 3424 Cumque

331 3443 449 3513 jam
481 3456 682 3498 omnes
713 3455 858 3512 pene
893 3440 1168 3496 movisset
1197 3440 1324 3509 ejus
1355 3439 1410 3495 in
1442 3439 1671 3497 Christo
1705 3440 1979 3498 imitanda

335 3528 654 3606 humilitas,
701 3528 1012 3600 episcopus
1059 3527 1319 3586 civitatis
1369 3528 1619 3599 rediens,
1661 3529 1758 3585 vix
1808 3544 1980 3600 agere

338 3617 550 3691 potuit,
586 3621 648 3676 ut
683 3632 810 3676 sese
841 3633 871 3674 a
905 3631 1094 3690 paena,
1127 3632 1238 3688 qua
1281 3615 1378 3674 ille
1428 3632 1648 3676 memor
1693 3618 1979 3676 tremendi

330 3707 534 3780 judicii
579 3722 640 3766 se
681 3707 1079 3778 damnaverat,
1112 3707 1438 3779 absumptis
1491 3722 1634 3779 pene
1682 3707 1976 3778 carnibus,

377 3796 706 3854 ermitterct
724 3795 1208 3864 resolvi.Quantae
1224 3802 1416 3856 autem
1433 3797 1764 3856 sanctitatis
1779 3801 1980 3868 postea

377 3813 706 3854 ermiuerct
724 3813 1208 3864 resonvnyuamae
1224 3813 1416 3856 autem
1433 3813 1764 3856 sanctitatis
1779 3813 1980 3868 posnea

335 3813 530 3957 Fuerit,
557 3901 846 3960 quamque
880 3890 1086 3958 potens
1117 3887 1173 3943 in
1208 3886 1523 3955 miraculis,
1551 3901 1660 3944 non
1688 3885 1854 3946 facile
1877 3887 1983 3943 lin-

332 3991 444 4047 gua
477 3975 726 4046 alicujus
751 3974 1088 4045 explicabit.
1116 3976 1350 4032 Electus
1381 3975 1591 4032 deinde
1613 3977 1686 4032 ab
1713 3977 1982 4036 universo

337 4064 553 4136 populo
587 4061 962 4120 Auiiterzzinae
995 4062 1158 4118 urbis
1185 4063 1578 4120 sacerdotium
1611 4063 1978 4135 adipiscitur.

339 4151 478 4208 Inde
513 4150 881 4221 postmodum
922 4151 1031 4206 sub
1063 4149 1416 4222 imperatore
1444 4151 1653 4220 Nerva,
1684 4168 1813 4209 cum
1855 4154 1988 4213 aliis

2083 425 2263 483 contii
2300 431 2358 483 et
2390 425 2616 483 Donati.

2449 533 2512 590 D.
2554 533 2675 589 VIII
2713 533 2874 591 IDUS
2911 533 3358 604 SEPTEMBRIS,

2761 625 2818 688 (6
2853 623 3047 695 Sept.)

2152 721 2444 780 Zachariae
2476 721 2798 793 prophetae.

2156 812 2298 867 ltcm
2328 809 2539 868 natalis
2555 810 2740 868 sancti
2765 807 3108 881 Onesiphori
3133 807 3530 884 apostolorum
3555 809 3721 868 disci-

2087 899 2205 974 puli
2231 911 2278 957 α.

2157 991 2224 1046 Et
2255 988 2406 1061 apud
2438 989 2709 1061 Africam,
2741 988 3203 1046 beatissimorum
3242 987 3639 1046 confessorum
3663 993 3722 1046 et

2091 1079 2520 1151 episcoporum,
2539 1079 2864 1149 Donatiani,
2879 1077 3161 1148 Praesidii,
3177 1077 3478 1148 Mansueti,
3494 1079 3726 1136 Cerma-

2088 1167 2166 1233 ni,
2201 1167 2447 1237 Fuseoli,
2479 1167 2574 1238 qui
2605 1167 3012 1241 persecutione
3039 1165 3348 1224 Vandalica
3396 1166 3549 1238 apud
3579 1167 3728 1225 Afri-

2085 1271 2210 1314 cam
2238 1257 2403 1327 jussu
2445 1257 2754 1314 Ilunnerici
2803 1257 2956 1327 regis
3002 1255 3220 1325 Ariani,
3252 1271 3356 1326 pro
3403 1256 3728 1313 assertione

2085 1345 2392 1403 catholica:
2414 1345 2704 1415 veritatis,
2720 1345 3028 1404 durissima
3051 1344 3303 1402 fustibus
3321 1344 3478 1414 caesi,
3495 1347 3552 1400 et
3577 1344 3730 1402 exsi-

2090 1433 2168 1492 lio
2199 1435 2454 1492 damnati
2485 1439 2640 1492 sunt.
2673 1437 2830 1492 Inter
2858 1450 3004 1506 quos
3039 1435 3215 1490 etiam
3251 1433 3588 1506 episcopum
3630 1448 3730 1490 no-

2089 1524 2238 1580 mine
2263 1525 2500 1592 Laetum,
2526 1529 2826 1581 strenuum
2851 1538 2916 1580 ac
2939 1523 3335 1581 doctissimum
3357 1521 3568 1592 virum,
3595 1526 3729 1594 post

2090 1612 2400 1669 diuturnos
2419 1613 2674 1670 carceris
2687 1611 3012 1684 squalores,
3031 1611 3296 1668 incendio
3308 1611 3726 1668 concremavit.

1649 1667 1797 1733 Quid
1828 1668 1975 1738 agis,

2726 1667 2957 1773 publico
2984 1667 3367 1773 perdiversas
3398 1698 3732 1771 provincias

2087 1795 2470 1849 exsecutores
2497 1790 2776 1861 (‘irigens,
2806 1789 3098 1862 episcopis
3125 1787 3288 1860 quasi
3319 1787 3388 1844 ad
3415 1787 3579 1845 conci
3608 1785 3730 1845 iam

2086 1879 2434 1949 Carthagine
2457 1879 2849 1950 congregztis,
2876 1893 2984 1936 una
3009 1877 3102 1934 die
3127 1877 3428 1934 universas
3449 1875 3734 1934 ecclesias

2087 1968 2295 2024 Africae
2317 1968 2550 2038 clausit,
2567 1968 3010 2039 universumque
3025 1964 3735 2038 substantiamepiscopo—

2086 2073 2213 2115 rum
2241 2061 2300 2114 et
2329 2057 2708 2115 ecclesiarum
2741 2056 2861 2113 suis
2885 2055 3179 2128 episcopis
3205 2053 3583 2112 condonavit.

2472 2166 2534 2223 E.
2565 2165 2660 2221 VII
2690 2165 2852 2221 IDUS
2888 2163 3333 2221 SEPTEMBRIS.

2776 2254 2836 2318 (7
2863 2252 3034 2324 Sept)

2157 2348 2378 2408 Nata’is
2403 2351 2554 2406 beati
2579 2349 2814 2406 Joannis
2832 2348 2861 2388 δ
2884 2349 3034 2421 apud
3059 2347 3446 2406 Nicomediam
3470 2349 3579 2406 sub
3601 2347 3741 2406 Dio-

2087 2439 2342 2497 cletiano
2358 2439 2847 2510 imperatore.Qui
2865 2437 2935 2494 dc
2953 2437 3424 2494 nobilibusortus
3437 2437 3658 2492 honore
3673 2440 3739 2493 et

2091 2527 2730 2600 dignitateillustris,ut
2749 2528 2889 2584 vidit
2907 2527 3458 2584 adversuscultores
3471 2525 3601 2584 Deii
3623 2527 3742 2584 if.)-

2091 2634 2154 2675 ro
2177 2617 2437 2674 crudelia
2452 2616 2606 2674 edict
2624 2633 2640 2670 l
2660 2617 2936 2688 pendere,
2950 2616 3144 2672 calore
3159 2615 3328 2672 nimis
3343 2615 3474 2672 fidei
3490 2615 3737 2685 ignitus,

2090 2706 2320 2780 publice
2361 2707 2577 2778 populo
2624 2705 2986 2776 inspectante
3033 2704 3242 2774 injecta
3293 2717 3482 2773 manu,
3516 2702 3740 2761 librum

2090 2785 2300 2868 iniquae
2331 2796 2479 2866 legis
2505 2795 2782 2864 detraxit,
2811 2809 2876 2852 ac
2901 2795 3224 2852 minutatim
3255 2793 3586 2866 discerpsit,
3625 2796 3743 2851 Au-

2088 2891 2263 2956 gusto
2307 2885 2669 2943 Diocletiano
2697 2884 2752 2941 in
2783 2885 2984 2942 eadem
3017 2885 3159 2940 urbe
3187 2881 3358 2940 simul
3393 2897 3525 2940 cum
3561 2882 3742 2940 Maxi-

2091 2975 2280 3032 miano
2313 2975 2538 3032 Czrsare
2560 2973 2905 3032 constituto.
2933 2974 3014 3030 Ad
3041 2986 3188 3044 quos
3207 2987 3336 3030 cum
3367 2971 3617 3029 relatum
3646 2986 3743 3029 es-

2011 3041 2060 3106 Ο
2092 3071 2177 3122 set
2211 3063 2469 3135 religiosi
2498 3068 2554 3120 et
2587 3062 2648 3118 ill
2673 3062 2834 3120 istris
2860 3062 2968 3118 viri
3003 3041 3235 3131 factum,
3267 3060 3548 3119 continuo
3575 3061 3741 3118 omni

2092 3153 2144 3209 in
2173 3151 2702 3210 eum°crude|itatis
2723 3165 2938 3221 genere
2965 3151 3368 3220 desaevientes,
3386 3164 3454 3206 ne
3478 3149 3586 3207 hoc
3612 3149 3744 3220 qui-

2091 3241 2218 3298 dem
2249 3241 2436 3300 solum
2467 3241 2696 3298 eﬂlcere
2727 3239 3062 3312 quiverunt,
3091 3244 3152 3296 ut
3175 3254 3304 3296 eum
3337 3241 3606 3296 moestum
3635 3238 3745 3295 ali-

2093 3331 2223 3402 quis
2251 3331 2454 3388 videre
2485 3330 2539 3386 in
2575 3329 2759 3402 poenis
2789 3349 2802 3386 :
2835 3329 2934 3386 scd
2967 3327 3104 3385 lazto
3132 3333 3306 3399 atque
3333 3327 3503 3385 hilari
3542 3327 3739 3399 vultu,

2088 3435 2217 3477 cum
2243 3419 2359 3490 jam
2390 3419 2612 3476 viscera
2653 3418 2706 3474 in
2747 3416 3050 3490 supplicis
3087 3417 3460 3488 defecissent,
3492 3416 3744 3488 spiritus

2089 3513 2281 3564 tamen
2314 3507 2626 3564 laetabatur
2649 3507 2703 3563 in
2731 3502 2919 3564 vultu.
2953 3507 3034 3563 Ex
3063 3521 3177 3578 quo
3203 3509 3466 3563 tortores
3487 3505 3576 3564 sui
3607 3519 3745 3576 gra-

2089 3597 2222 3653 vius
2247 3596 2859 3668 cruciabantnr,quod
2874 3595 3061 3652 omnia
3079 3594 3494 3668 suppliciorum
3517 3608 3746 3664 genera
3843 3622 3855 3638 -

2090 3686 2512 3744 consumebant
2543 3685 2599 3742 in
2629 3700 2782 3756 eum,
2813 3699 2984 3757 quem
3013 3698 3085 3742 ne
3120 3683 3352 3741 tristem
3389 3683 3629 3756 quidem
3667 3698 3745 3741 ex

2091 3774 2180 3833 his
2219 3775 2466 3834 reddere
2512 3777 2806 3848 poterant.

2484 3885 2541 3940 F.
2573 3883 2644 3940 VI
2690 3883 2851 3940 IDUS
2894 3881 3342 3940 SEPTEMBRIS.

2765 3976 2823 4040 (8
2863 3971 3058 4044 Sept.)

2163 4069 2448 4126 Nativitas
2473 4072 2690 4126 sanctae
2726 4069 2826 4126 Dei
2857 4067 3166 4127 Genitricis
3193 4077 3234 4126 °.

2163 4157 2376 4216 Eodem
2399 4157 2492 4216 di:
2515 4159 2664 4232 apud
2690 4157 3101 4228 Nicomedilm,
3121 4156 3314 4216 natale
3327 4155 3511 4217 sancti
3535 4156 3747 4214 Adria-

338 4239 440 4298 Dei
473 4239 660 4298 servis
688 4239 984 4313 Euthyche
1005 4245 1063 4295 et
1089 4239 1336 4312 Marone,
1361 4241 1434 4297 ab
1459 4240 1984 4312 Aurelianojudice
2093 4247 2149 4305 ni
2180 4247 2452 4320 martyris
2478 4262 2606 4305 cum
2639 4246 2768 4304 aliis
2794 4247 2988 4304 tribus
3015 4251 3076 4303 et
3102 4245 3328 4316 vig’nti.
3361 4244 3747 4304 Maximianus

343 4329 529 4402 primo
552 4327 851 4398 relegatus
873 4327 926 4384 in
959 4327 1320 4398 sexagesimo
1339 4328 1609 4387 milliario
1631 4331 1704 4388 ab
1725 4331 1869 4390 urbe
1891 4333 1984 4390 via
2013 4401 2056 4408 _
2092 4351 2221 4393 cum
2237 4335 2578 4408 gravissime
2595 4339 3050 4408 persequeretur
3063 4334 3275 4392 Christi
3298 4350 3442 4404 mos,
3459 4333 3613 4406 apud
3631 4335 3749 4390 An-

341 4401 560 4476 Salaria
587 4437 600 4474 :
627 4417 839 4475 deinde
860 4417 1014 4490 apud
1035 4433 1165 4475 eum
1189 4416 1379 4476 locum
1404 4419 1500 4490 qui
1527 4419 1768 4478 Cutilias
1789 4421 1986 4494 appel-
2013 4401 2065 4461 D
2094 4423 2141 4482 ti
2162 4401 2369 4481 )chiam
2401 4401 2756 4483 oblati-sunt
2785 4401 2847 4482 ἐἰ
2887 4424 3120 4496 quidam
3158 4401 3638 4493 Christiani,vﬁde
3677 4436 3747 4481 ae

341 4507 517 4579 latur,
536 4506 634 4564 ubi
659 4511 933 4579 putentes
952 4521 1118 4579 aquae
1134 4513 1440 4566 manantet
1461 4508 1812 4582 sulphurem,
1829 4511 1886 4568 in
1903 4510 1984 4584 ip-

341 4597 420 4656 sis
441 4597 634 4670 capite
658 4597 930 4654 deorsum
957 4613 1059 4670 per
1078 4597 1250 4657 horas
1272 4604 1393 4657 tres
1407 4615 1754 4672 suspensum
1771 4599 1980 4669 teneri,

342 4688 415 4744 ab
446 4686 622 4758 impio
646 4685 845 4756 judice
866 4685 1093 4758 jussum
1118 4691 1228 4746 est.
1257 4688 1420 4756 Quod
1441 4704 1572 4746 cum
1599 4703 1702 4761 per
1724 4688 1982 4744 triduum

341 4791 445 4850 pro
459 4777 671 4836 Christi
691 4777 916 4835 nomine
931 4792 1135 4849 passus
1150 4777 1378 4848 fuisset,
1393 4777 1646 4849 gloriose
1667 4781 1984 4834 coronatus

339 4867 608 4938 migravit
635 4867 707 4924 ad
729 4867 1053 4924 Dominum.
1081 4868 1337 4938 Cumque
1366 4881 1477 4924 una
1501 4866 1594 4922 die
1611 4865 1782 4935 jussu
1805 4867 1985 4923 Aure-

338 4954 474 5014 liani
513 4971 733 5028 corpus
778 4957 906 5028 ejus
957 4955 1316 5013 inhumatum
1359 4953 1662 5025 jacuisset,
1699 4960 1986 5012 venerunt

341 5045 777 5104 Amiternenses
793 5043 988 5118 pepuli
1003 5044 1337 5116 Christiani,
1353 5043 1790 5116 etrapientesin
1815 5058 1982 5102 suum

341 5131 702 5191 territorium
744 5132 1195 5203 transtulerunt,
1229 5137 1288 5190 et
1323 5132 1637 5191 honorifica
1681 5132 1983 5206 sepultura

339 5219 731 5278 condiderunt
762 5223 930 5282 nonis
967 5222 1336 5296 septembris.

413 5309 558 5365 Item
585 5310 776 5370 Romae
807 5313 864 5370 in
895 5318 1090 5385 portu,
1123 5311 1336 5371 natalis
1361 5311 1547 5370 sancti
1571 5311 1902 5370 Herculani.

418 5442 448 5512 ξ
477 5431 846 5512 Vide_lib_._de
867 5439 1021 5496 Fest.
1038 5440 1241 5512 Apost.
1259 5438 1490 5506 ;Victor
1509 5437 1786 5499 Africam.
1803 5435 1903 5496 lib.
1920 5451 1981 5499 ιι.

418 5502 446 5544 δ
477 5504 690 5564 Euseb.
725 5503 827 5564 lib.
869 5523 988 5580 VIII,
1021 5502 1149 5584 ca'p.
1185 5515 1235 5570 δ.

2095 4509 2377 4584 religione
2394 4511 3049 4586 insignissimi,quosille
3073 4515 3202 4585 post
3227 4511 3496 4568 veritatis
3515 4525 3624 4568 con
3637 4511 3750 4568 fes-

2097 4598 2317 4658 eianem
2346 4605 2626 4658 extensos
2653 4598 2825 4670 lignis
2850 4603 2907 4656 et
2937 4599 3131 4657 nervis
3157 4597 3355 4656 crudis
3374 4596 3519 4656 caedi
3538 4596 3744 4668 jussit,

2101 4705 2166 4747 ac
2224 4690 2433 4748 deinde
2499 4688 2793 4762 lapidibus
2859 4703 2959 4744 ora
3013 4687 3270 4761 ipsorum
3321 4685 3624 4757 contundi,
3681 4689 3746 4743 et

2103 4779 2333 4851 linguas
2361 4777 2562 4835 eoru'm
2597 4775 2853 4848 praacidi.
2886 4777 3018 4834 Ilaec
3045 4775 3234 4833 omnia
3261 4789 3510 4833 cernens
3536 4773 3750 4830 Adria-

2099 4884 2228 4939 nus,
2261 4867 2357 4939 qui
2384 4871 2510 4924 erat
2545 4865 2707 4938 prior
2733 4865 2927 4937 oﬁlcii,
2952 4865 3098 4923 dixit
3127 4865 3197 4922 ad
3225 4880 3328 4922 eos
3351 4883 3365 4920 :
3393 4863 3613 4936 Adjuro
3635 4879 3748 4922 vos

2099 4971 2202 5030 per
2247 4958 2424 5014 Deum
2463 4959 2745 5028 vestrum,
2781 4971 2886 5028 pro
2927 4970 3043 5028 quo
3080 4955 3200 5012 haec
3246 4952 3527 5026 patimini,
3561 4952 3746 5010 dicite

2099 5043 2234 5102 mihi
2265 5044 2319 5101 in
2352 5045 2620 5117 veritate,
2645 5060 2775 5118 quae
2797 5050 2884 5104 est
2909 5042 3302 5102 remuneratio
3325 5047 3542 5114 vestra,
3567 5055 3746 5116 quam

2097 5135 2456 5207 exspectatis
2487 5151 2590 5208 pro
2638 5134 2726 5192 his
2761 5133 3072 5191 tormentis
3099 5132 3381 5190 ividetur
3409 5131 3561 5190 enim
3602 5129 3744 5187 mihi

2098 5237 2301 5294 magna
2333 5227 2391 5279 et
2431 5222 2669 5281 mirifica
2699 5237 2846 5281 esse.
2879 5222 2981 5280 Cui
3029 5221 3234 5293 viginti
3281 5225 3402 5280 tres
3451 5223 3750 5295 martyres

2096 5311 2370 5370 dixerunt
2403 5330 2416 5368 :
2448 5313 2866 5386 Exspectamus
2892 5310 3048 5384 quod
3081 5325 3187 5370 nec
3214 5310 3421 5369 oculus
3439 5309 3607 5380 vidit,
3632 5323 3747 5367 nec

2167 5443 2195 5476 ο
2223 5435 2368 5494 Vide
2399 5433 2661 5494 libellum
2691 5433 2762 5492 de
2801 5435 3124 5494 Festivitat.
3175 5435 3378 5510 Apost.
