  <div class='ocr_page' id='page_1' title='image "/cluster/home/n/w/nwhite01/storage/ocr_20150623/123/hvd.32044054759857/180.png"; bbox 0 0 4004 6168; ppageno 0'>
   <div class='ocr_carea' id='block_1_1' title="bbox 247 235 351 287">
    <p class='ocr_par' dir='ltr' id='par_1_1' title="bbox 247 235 351 287">
     <span class='ocr_line' id='line_1_1' title="bbox 247 235 351 287; baseline 0 0"><span class='ocrx_word' id='word_1_1' title='bbox 247 235 351 287; x_wconf 72' lang='grc'><strong>349</strong></span> 
     </span>
    </p>
   </div>
   <div class='ocr_carea' id='block_1_2' title="bbox 1038 231 2855 302">
    <p class='ocr_par' dir='ltr' id='par_1_2' title="bbox 1038 231 2855 302">
     <span class='ocr_line' id='line_1_2' title="bbox 1038 231 2855 302; baseline 0.008 -14"><span class='ocrx_word' id='word_1_2' title='bbox 1038 231 1641 294; x_wconf 79' lang='lat' dir='ltr'><strong>MARTYBOLOGIUM</strong></span> <span class='ocrx_word' id='word_1_3' title='bbox 1682 237 1822 294; x_wconf 79' lang='lat' dir='ltr'><strong>CUM</strong></span> <span class='ocrx_word' id='word_1_4' title='bbox 1862 238 2301 299; x_wconf 76' lang='lat' dir='ltr'><strong>ADDlMEN’ﬂS.</strong></span> <span class='ocrx_word' id='word_1_5' title='bbox 2342 271 2413 284; x_wconf 89' lang='lat'><strong>—</strong></span> <span class='ocrx_word' id='word_1_6' title='bbox 2449 242 2634 300; x_wconf 80' lang='lat' dir='ltr'><strong>MENS</strong></span> <span class='ocrx_word' id='word_1_7' title='bbox 2667 243 2855 302; x_wconf 85' lang='lat' dir='ltr'><strong>SEPT.</strong></span> 
     </span>
    </p>
   </div>
   <div class='ocr_carea' id='block_1_3' title="bbox 3534 252 3640 307">
    <p class='ocr_par' dir='ltr' id='par_1_3' title="bbox 3534 252 3640 307">
     <span class='ocr_line' id='line_1_3' title="bbox 3534 252 3640 307; baseline 0 -1"><span class='ocrx_word' id='word_1_8' title='bbox 3534 252 3640 307; x_wconf 76' lang='grc'><strong>350</strong></span> 
     </span>
    </p>
   </div>
   <div class='ocr_carea' id='block_1_4' title="bbox 246 351 3637 441">
    <p class='ocr_par' dir='ltr' id='par_1_4' title="bbox 246 351 3637 441">
     <span class='ocr_line' id='line_1_4' title="bbox 246 351 3637 441; baseline 0.004 -29"><span class='ocrx_word' id='word_1_9' title='bbox 246 351 679 441; x_wconf 78' lang='lat' dir='ltr'><strong>aurisaudivit,</strong></span> <span class='ocrx_word' id='word_1_10' title='bbox 716 366 822 409; x_wconf 87' lang='lat' dir='ltr'><strong>nec</strong></span> <span class='ocrx_word' id='word_1_11' title='bbox 853 352 907 408; x_wconf 92' lang='lat' dir='ltr'><strong>in</strong></span> <span class='ocrx_word' id='word_1_12' title='bbox 940 368 1050 411; x_wconf 88' lang='lat' dir='ltr'><strong>cor-</strong></span> <span class='ocrx_word' id='word_1_13' title='bbox 1070 355 1144 412; x_wconf 89' lang='lat' dir='ltr'><strong>ho</strong></span> <span class='ocrx_word' id='word_1_14' title='bbox 1165 355 1319 415; x_wconf 88' lang='lat' dir='ltr'><strong>ninis</strong></span> <span class='ocrx_word' id='word_1_15' title='bbox 1349 360 1631 432; x_wconf 75' lang='lat' dir='ltr'><strong>ascendit,</strong></span> <span class='ocrx_word' id='word_1_16' title='bbox 1667 361 1891 417; x_wconf 92' lang='lat' dir='ltr'><strong>inenar-</strong></span> <span class='ocrx_word' id='word_1_17' title='bbox 1920 362 1970 423; x_wconf 90' lang='lat' dir='ltr'><strong>A</strong></span> <span class='ocrx_word' id='word_1_18' title='bbox 2005 366 2249 436; x_wconf 89' lang='lat' dir='ltr'><strong>projccit</strong></span> <span class='ocrx_word' id='word_1_19' title='bbox 2272 383 2401 441; x_wconf 71' lang='lat' dir='ltr'><strong>qum</strong></span> <span class='ocrx_word' id='word_1_20' title='bbox 2430 372 2596 424; x_wconf 90' lang='lat' dir='ltr'><strong>erant</strong></span> <span class='ocrx_word' id='word_1_21' title='bbox 2622 368 2675 423; x_wconf 93' lang='lat' dir='ltr'><strong>in</strong></span> <span class='ocrx_word' id='word_1_22' title='bbox 2701 368 2984 437; x_wconf 89' lang='lat' dir='ltr'><strong>manibus,</strong></span> <span class='ocrx_word' id='word_1_23' title='bbox 3006 374 3065 426; x_wconf 91' lang='lat' dir='ltr'><strong>et</strong></span> <span class='ocrx_word' id='word_1_24' title='bbox 3096 369 3637 428; x_wconf 86' lang='lat' dir='ltr'><strong>accurrensclaus&#39;t</strong></span> 
     </span>
    </p>
   </div>
   <div class='ocr_carea' id='block_1_5' title="bbox 246 437 1891 521">
    <p class='ocr_par' dir='ltr' id='par_1_5' title="bbox 246 437 1891 521">
     <span class='ocr_line' id='line_1_5' title="bbox 246 437 1891 521; baseline 0.002 -19"><span class='ocrx_word' id='word_1_25' title='bbox 246 437 429 501; x_wconf 82' lang='lat' dir='ltr'><strong>rabile</strong></span> <span class='ocrx_word' id='word_1_26' title='bbox 463 444 696 513; x_wconf 89' lang='lat' dir='ltr'><strong>bonum,</strong></span> <span class='ocrx_word' id='word_1_27' title='bbox 732 443 882 513; x_wconf 90' lang='lat' dir='ltr'><strong>quod</strong></span> <span class='ocrx_word' id='word_1_28' title='bbox 919 446 1267 515; x_wconf 70' lang='lat' dir='ltr'><strong>przeparavit</strong></span> <span class='ocrx_word' id='word_1_29' title='bbox 1311 448 1461 505; x_wconf 91' lang='lat' dir='ltr'><strong>Deus</strong></span> <span class='ocrx_word' id='word_1_30' title='bbox 1499 449 1589 506; x_wconf 91' lang='lat' dir='ltr'><strong>his</strong></span> <span class='ocrx_word' id='word_1_31' title='bbox 1626 450 1721 521; x_wconf 87' lang='lat' dir='ltr'><strong>qui</strong></span> <span class='ocrx_word' id='word_1_32' title='bbox 1762 449 1891 507; x_wconf 90' lang='lat' dir='ltr'><strong>dili-</strong></span> 
     </span>
    </p>
   </div>
   <div class='ocr_carea' id='block_1_6' title="bbox 242 531 1890 606">
    <p class='ocr_par' dir='ltr' id='par_1_6' title="bbox 242 531 1890 606">
     <span class='ocr_line' id='line_1_6' title="bbox 242 531 1890 606; baseline 0.002 -14"><span class='ocrx_word' id='word_1_33' title='bbox 242 538 385 606; x_wconf 88' lang='lat' dir='ltr'><strong>gunt</strong></span> <span class='ocrx_word' id='word_1_34' title='bbox 413 547 546 589; x_wconf 92' lang='lat' dir='ltr'><strong>eum</strong></span> <span class='ocrx_word' id='word_1_35' title='bbox 572 532 719 602; x_wconf 72' lang='lat' dir='ltr'><strong>(13a.</strong></span> <span class='ocrx_word' id='word_1_36' title='bbox 750 546 904 599; x_wconf 78' lang='lat' dir='ltr'><strong>LXIV;</strong></span> <span class='ocrx_word' id='word_1_37' title='bbox 929 531 1120 591; x_wconf 77' lang='lat' dir='ltr'><strong>IUor.</strong></span> <span class='ocrx_word' id='word_1_38' title='bbox 1147 535 1230 605; x_wconf 82' lang='grc' dir='ltr'><strong>ιι).</strong></span> <span class='ocrx_word' id='word_1_39' title='bbox 1260 535 1515 595; x_wconf 91' lang='lat' dir='ltr'><strong>Audiens</strong></span> <span class='ocrx_word' id='word_1_40' title='bbox 1537 539 1657 596; x_wconf 76' lang='lat' dir='ltr'><strong>haec</strong></span> <span class='ocrx_word' id='word_1_41' title='bbox 1690 540 1890 596; x_wconf 86' lang='lat' dir='ltr'><strong>Adria-</strong></span> 
     </span>
    </p>
   </div>
   <div class='ocr_carea' id='block_1_7' title="bbox 244 620 1887 696">
    <p class='ocr_par' dir='ltr' id='par_1_7' title="bbox 244 620 1887 696">
     <span class='ocr_line' id='line_1_7' title="bbox 244 620 1887 696; baseline 0.002 -15"><span class='ocrx_word' id='word_1_42' title='bbox 244 640 370 694; x_wconf 87' lang='lat' dir='ltr'><strong>nus,</strong></span> <span class='ocrx_word' id='word_1_43' title='bbox 396 621 596 678; x_wconf 81' lang='lat' dir='ltr'><strong>statim</strong></span> <span class='ocrx_word' id='word_1_44' title='bbox 621 620 899 678; x_wconf 88' lang='lat' dir='ltr'><strong>exsiliens</strong></span> <span class='ocrx_word' id='word_1_45' title='bbox 920 622 1085 677; x_wconf 77' lang='lat' dir='ltr'><strong>stetit</strong></span> <span class='ocrx_word' id='word_1_46' title='bbox 1111 621 1164 677; x_wconf 93' lang='lat' dir='ltr'><strong>in</strong></span> <span class='ocrx_word' id='word_1_47' title='bbox 1193 624 1382 681; x_wconf 89' lang='lat' dir='ltr'><strong>medio</strong></span> <span class='ocrx_word' id='word_1_48' title='bbox 1403 640 1625 696; x_wconf 90' lang='lat' dir='ltr'><strong>eorum,</strong></span> <span class='ocrx_word' id='word_1_49' title='bbox 1650 632 1709 684; x_wconf 92' lang='lat' dir='ltr'><strong>et</strong></span> <span class='ocrx_word' id='word_1_50' title='bbox 1741 628 1887 685; x_wconf 88' lang='lat' dir='ltr'><strong>dixit</strong></span> 
     </span>
    </p>
   </div>
   <div class='ocr_carea' id='block_1_8' title="bbox 243 710 1888 783">
    <p class='ocr_par' dir='ltr' id='par_1_8' title="bbox 243 710 1888 783">
     <span class='ocr_line' id='line_1_8' title="bbox 243 710 1888 783; baseline 0.003 -14"><span class='ocrx_word' id='word_1_51' title='bbox 243 713 331 769; x_wconf 91' lang='lat' dir='ltr'><strong>his</strong></span> <span class='ocrx_word' id='word_1_52' title='bbox 353 710 451 783; x_wconf 88' lang='lat' dir='ltr'><strong>qui</strong></span> <span class='ocrx_word' id='word_1_53' title='bbox 477 710 763 781; x_wconf 79' lang='lat' dir='ltr'><strong>gerebant</strong></span> <span class='ocrx_word' id='word_1_54' title='bbox 787 710 1122 780; x_wconf 88' lang='lat' dir='ltr'><strong>exceptoris</strong></span> <span class='ocrx_word' id='word_1_55' title='bbox 1142 711 1420 770; x_wconf 82' lang='lat' dir='ltr'><strong>officium:</strong></span> <span class='ocrx_word' id='word_1_56' title='bbox 1445 716 1735 772; x_wconf 82' lang='lat' dir='ltr'><strong>Aunotate</strong></span> <span class='ocrx_word' id='word_1_57' title='bbox 1754 732 1888 774; x_wconf 91' lang='lat' dir='ltr'><strong>con-</strong></span> 
     </span>
    </p>
   </div>
   <div class='ocr_carea' id='block_1_9' title="bbox 244 799 1884 862">
    <p class='ocr_par' dir='ltr' id='par_1_9' title="bbox 244 799 1884 862">
     <span class='ocr_line' id='line_1_9' title="bbox 244 799 1884 862; baseline 0.002 -4"><span class='ocrx_word' id='word_1_58' title='bbox 244 800 553 859; x_wconf 81' lang='lat' dir='ltr'><strong>fessionem</strong></span> <span class='ocrx_word' id='word_1_59' title='bbox 580 814 762 856; x_wconf 86' lang='lat' dir='ltr'><strong>meam</strong></span> <span class='ocrx_word' id='word_1_60' title='bbox 793 814 923 856; x_wconf 88' lang='lat' dir='ltr'><strong>cum</strong></span> <span class='ocrx_word' id='word_1_61' title='bbox 956 799 1047 856; x_wconf 86' lang='lat' dir='ltr'><strong>his</strong></span> <span class='ocrx_word' id='word_1_62' title='bbox 1086 802 1304 858; x_wconf 86' lang='lat' dir='ltr'><strong>sanctis</strong></span> <span class='ocrx_word' id='word_1_63' title='bbox 1351 807 1408 858; x_wconf 94' lang='lat' dir='ltr'><strong>et</strong></span> <span class='ocrx_word' id='word_1_64' title='bbox 1451 804 1690 862; x_wconf 84' lang='lat' dir='ltr'><strong>athletis</strong></span> <span class='ocrx_word' id='word_1_65' title='bbox 1728 806 1826 862; x_wconf 92' lang='lat' dir='ltr'><strong>Dei</strong></span> <span class='ocrx_word' id='word_1_66' title='bbox 1871 826 1884 861; x_wconf 92' lang='lat'><strong>:</strong></span> 
     </span>
    </p>
   </div>
   <div class='ocr_carea' id='block_1_10' title="bbox 244 888 1889 967">
    <p class='ocr_par' dir='ltr' id='par_1_10' title="bbox 244 888 1889 967">
     <span class='ocr_line' id='line_1_10' title="bbox 244 888 1889 967; baseline 0.002 -19"><span class='ocrx_word' id='word_1_67' title='bbox 244 892 372 963; x_wconf 86' lang='lat' dir='ltr'><strong>quia</strong></span> <span class='ocrx_word' id='word_1_68' title='bbox 395 896 453 947; x_wconf 90' lang='lat' dir='ltr'><strong>et</strong></span> <span class='ocrx_word' id='word_1_69' title='bbox 480 905 588 960; x_wconf 84' lang='lat' dir='ltr'><strong>ego</strong></span> <span class='ocrx_word' id='word_1_70' title='bbox 613 888 981 947; x_wconf 90' lang='lat' dir='ltr'><strong>Christianus</strong></span> <span class='ocrx_word' id='word_1_71' title='bbox 1002 906 1147 948; x_wconf 90' lang='lat' dir='ltr'><strong>sum.</strong></span> <span class='ocrx_word' id='word_1_72' title='bbox 1174 892 1308 948; x_wconf 87' lang='lat' dir='ltr'><strong>Post</strong></span> <span class='ocrx_word' id='word_1_73' title='bbox 1342 908 1451 949; x_wconf 92' lang='lat' dir='ltr'><strong>non</strong></span> <span class='ocrx_word' id='word_1_74' title='bbox 1486 893 1729 951; x_wconf 91' lang='lat' dir='ltr'><strong>multum</strong></span> <span class='ocrx_word' id='word_1_75' title='bbox 1761 911 1889 967; x_wconf 91' lang='lat' dir='ltr'><strong>spa-</strong></span> 
     </span>
    </p>
   </div>
   <div class='ocr_carea' id='block_1_11' title="bbox 242 978 1886 1052">
    <p class='ocr_par' dir='ltr' id='par_1_11' title="bbox 242 978 1886 1052">
     <span class='ocr_line' id='line_1_11' title="bbox 242 978 1886 1052; baseline 0.001 -15"><span class='ocrx_word' id='word_1_76' title='bbox 242 981 406 1051; x_wconf 87' lang='lat' dir='ltr'><strong>tium,</strong></span> <span class='ocrx_word' id='word_1_77' title='bbox 432 994 564 1036; x_wconf 90' lang='lat' dir='ltr'><strong>cum</strong></span> <span class='ocrx_word' id='word_1_78' title='bbox 594 978 854 1035; x_wconf 87' lang='lat' dir='ltr'><strong>audisset</strong></span> <span class='ocrx_word' id='word_1_79' title='bbox 879 978 1257 1037; x_wconf 75' lang='lat' dir='ltr'><strong>Maximianus</strong></span> <span class='ocrx_word' id='word_1_80' title='bbox 1277 994 1479 1037; x_wconf 89' lang='lat' dir='ltr'><strong>nomen</strong></span> <span class='ocrx_word' id='word_1_81' title='bbox 1504 981 1631 1052; x_wconf 92' lang='lat' dir='ltr'><strong>ejus</strong></span> <span class='ocrx_word' id='word_1_82' title='bbox 1651 983 1886 1041; x_wconf 74' lang='lat' dir='ltr'><strong>r.citari</strong></span> 
     </span>
    </p>
   </div>
   <div class='ocr_carea' id='block_1_12' title="bbox 242 1067 1886 1141">
    <p class='ocr_par' dir='ltr' id='par_1_12' title="bbox 242 1067 1886 1141">
     <span class='ocr_line' id='line_1_12' title="bbox 242 1067 1886 1141; baseline 0.002 -15"><span class='ocrx_word' id='word_1_83' title='bbox 242 1072 390 1127; x_wconf 88' lang='lat' dir='ltr'><strong>inter</strong></span> <span class='ocrx_word' id='word_1_84' title='bbox 423 1067 657 1125; x_wconf 91' lang='lat' dir='ltr'><strong>nomina</strong></span> <span class='ocrx_word' id='word_1_85' title='bbox 691 1073 1026 1123; x_wconf 90' lang='lat' dir='ltr'><strong>sanctorum</strong></span> <span class='ocrx_word' id='word_1_86' title='bbox 1062 1073 1415 1141; x_wconf 78' lang='lat' dir='ltr'><strong>martyrum,</strong></span> <span class='ocrx_word' id='word_1_87' title='bbox 1436 1077 1678 1128; x_wconf 90' lang='lat' dir='ltr'><strong>evocato</strong></span> <span class='ocrx_word' id='word_1_88' title='bbox 1717 1073 1787 1128; x_wconf 89' lang='lat' dir='ltr'><strong>ad</strong></span> <span class='ocrx_word' id='word_1_89' title='bbox 1825 1088 1886 1130; x_wconf 90' lang='lat' dir='ltr'><strong>se</strong></span> 
     </span>
    </p>
   </div>
   <div class='ocr_carea' id='block_1_13' title="bbox 242 1156 1885 1229">
    <p class='ocr_par' dir='ltr' id='par_1_13' title="bbox 242 1156 1885 1229">
     <span class='ocr_line' id='line_1_13' title="bbox 242 1156 1885 1229; baseline 0.001 -13"><span class='ocrx_word' id='word_1_90' title='bbox 242 1159 382 1217; x_wconf 83' lang='lat' dir='ltr'><strong>dixit</strong></span> <span class='ocrx_word' id='word_1_91' title='bbox 415 1157 469 1213; x_wconf 91' lang='lat' dir='ltr'><strong>ei</strong></span> <span class='ocrx_word' id='word_1_92' title='bbox 505 1176 519 1211; x_wconf 93' lang='lat'>:</span> <span class='ocrx_word' id='word_1_93' title='bbox 556 1156 799 1225; x_wconf 83' lang='lat' dir='ltr'><strong>Insanis,</strong></span> <span class='ocrx_word' id='word_1_94' title='bbox 833 1156 1120 1213; x_wconf 88' lang='lat' dir='ltr'><strong>Adriane?</strong></span> <span class='ocrx_word' id='word_1_95' title='bbox 1151 1158 1407 1229; x_wconf 91' lang='lat' dir='ltr'><strong>nunquid</strong></span> <span class='ocrx_word' id='word_1_96' title='bbox 1440 1164 1497 1214; x_wconf 91' lang='lat' dir='ltr'><strong>et</strong></span> <span class='ocrx_word' id='word_1_97' title='bbox 1540 1166 1603 1216; x_wconf 92' lang='lat' dir='ltr'><strong>tu</strong></span> <span class='ocrx_word' id='word_1_98' title='bbox 1645 1160 1732 1218; x_wconf 89' lang='lat' dir='ltr'><strong>vis</strong></span> <span class='ocrx_word' id='word_1_99' title='bbox 1767 1165 1885 1217; x_wconf 89' lang='lat' dir='ltr'><strong>tam</strong></span> 
     </span>
    </p>
   </div>
   <div class='ocr_carea' id='block_1_14' title="bbox 243 1245 1883 1321">
    <p class='ocr_par' dir='ltr' id='par_1_14' title="bbox 243 1245 1883 1321">
     <span class='ocr_line' id='line_1_14' title="bbox 243 1245 1883 1321; baseline 0.001 -15"><span class='ocrx_word' id='word_1_100' title='bbox 243 1247 384 1306; x_wconf 89' lang='lat' dir='ltr'><strong>male</strong></span> <span class='ocrx_word' id='word_1_101' title='bbox 415 1245 646 1319; x_wconf 88' lang='lat' dir='ltr'><strong>perire?</strong></span> <span class='ocrx_word' id='word_1_102' title='bbox 677 1245 968 1303; x_wconf 85' lang='lat' dir='ltr'><strong>Adrianus</strong></span> <span class='ocrx_word' id='word_1_103' title='bbox 999 1247 1299 1318; x_wconf 82' lang='lat' dir='ltr'><strong>respondit</strong></span> <span class='ocrx_word' id='word_1_104' title='bbox 1335 1266 1347 1301; x_wconf 94' lang='lat'>:</span> <span class='ocrx_word' id='word_1_105' title='bbox 1382 1262 1494 1304; x_wconf 91' lang='lat' dir='ltr'><strong>non</strong></span> <span class='ocrx_word' id='word_1_106' title='bbox 1520 1248 1760 1321; x_wconf 90' lang='lat' dir='ltr'><strong>insanio,</strong></span> <span class='ocrx_word' id='word_1_107' title='bbox 1785 1251 1883 1308; x_wconf 86' lang='lat' dir='ltr'><strong>sed</strong></span> 
     </span>
    </p>
   </div>
   <div class='ocr_carea' id='block_1_15' title="bbox 241 1334 1887 1396">
    <p class='ocr_par' dir='ltr' id='par_1_15' title="bbox 241 1334 1887 1396">
     <span class='ocr_line' id='line_1_15' title="bbox 241 1334 1887 1396; baseline 0.001 -1"><span class='ocrx_word' id='word_1_108' title='bbox 241 1339 307 1395; x_wconf 92' lang='lat' dir='ltr'><strong>de</strong></span> <span class='ocrx_word' id='word_1_109' title='bbox 328 1336 511 1393; x_wconf 88' lang='lat' dir='ltr'><strong>multa</strong></span> <span class='ocrx_word' id='word_1_110' title='bbox 545 1334 766 1392; x_wconf 89' lang='lat' dir='ltr'><strong>insania</strong></span> <span class='ocrx_word' id='word_1_111' title='bbox 801 1334 870 1391; x_wconf 93' lang='lat' dir='ltr'><strong>ad</strong></span> <span class='ocrx_word' id='word_1_112' title='bbox 907 1350 1100 1392; x_wconf 90' lang='lat' dir='ltr'><strong>sanam</strong></span> <span class='ocrx_word' id='word_1_113' title='bbox 1135 1341 1385 1392; x_wconf 90' lang='lat' dir='ltr'><strong>mentem</strong></span> <span class='ocrx_word' id='word_1_114' title='bbox 1411 1342 1695 1394; x_wconf 88' lang='lat' dir='ltr'><strong>revertor.</strong></span> <span class='ocrx_word' id='word_1_115' title='bbox 1723 1339 1887 1396; x_wconf 89' lang='lat' dir='ltr'><strong>Cum-</strong></span> 
     </span>
    </p>
   </div>
   <div class='ocr_carea' id='block_1_16' title="bbox 241 1424 1885 1500">
    <p class='ocr_par' dir='ltr' id='par_1_16' title="bbox 241 1424 1885 1500">
     <span class='ocr_line' id='line_1_16' title="bbox 241 1424 1885 1500; baseline 0.001 -17"><span class='ocrx_word' id='word_1_116' title='bbox 241 1441 342 1500; x_wconf 88' lang='lat' dir='ltr'><strong>que</strong></span> <span class='ocrx_word' id='word_1_117' title='bbox 364 1430 823 1497; x_wconf 79' lang='lat' dir='ltr'><strong>perseveranter</strong></span> <span class='ocrx_word' id='word_1_118' title='bbox 848 1438 976 1495; x_wconf 76' lang='lat' dir='ltr'><strong>quas</strong></span> <span class='ocrx_word' id='word_1_119' title='bbox 999 1428 1129 1481; x_wconf 92' lang='lat' dir='ltr'><strong>sunt</strong></span> <span class='ocrx_word' id='word_1_120' title='bbox 1157 1424 1288 1480; x_wconf 86' lang='lat' dir='ltr'><strong>fidei</strong></span> <span class='ocrx_word' id='word_1_121' title='bbox 1310 1428 1368 1480; x_wconf 91' lang='lat' dir='ltr'><strong>et</strong></span> <span class='ocrx_word' id='word_1_122' title='bbox 1392 1425 1663 1483; x_wconf 89' lang='lat' dir='ltr'><strong>veritatis</strong></span> <span class='ocrx_word' id='word_1_123' title='bbox 1693 1444 1885 1499; x_wconf 89' lang='lat' dir='ltr'><strong>prose-</strong></span> 
     </span>
    </p>
   </div>
   <div class='ocr_carea' id='block_1_17' title="bbox 242 1511 1882 1589">
    <p class='ocr_par' dir='ltr' id='par_1_17' title="bbox 242 1511 1882 1589">
     <span class='ocr_line' id='line_1_17' title="bbox 242 1511 1882 1589; baseline 0.002 -18"><span class='ocrx_word' id='word_1_124' title='bbox 242 1519 539 1589; x_wconf 88' lang='lat' dir='ltr'><strong>queretur,</strong></span> <span class='ocrx_word' id='word_1_125' title='bbox 575 1514 771 1570; x_wconf 90' lang='lat' dir='ltr'><strong>furore</strong></span> <span class='ocrx_word' id='word_1_126' title='bbox 804 1511 1066 1584; x_wconf 87' lang='lat' dir='ltr'><strong>repletus</strong></span> <span class='ocrx_word' id='word_1_127' title='bbox 1107 1512 1504 1585; x_wconf 78' lang='lat' dir='ltr'><strong>Maximianus,</strong></span> <span class='ocrx_word' id='word_1_128' title='bbox 1538 1514 1711 1585; x_wconf 82' lang='lat' dir='ltr'><strong>jussit</strong></span> <span class='ocrx_word' id='word_1_129' title='bbox 1751 1532 1882 1574; x_wconf 91' lang='lat' dir='ltr'><strong>eum</strong></span> 
     </span>
    </p>
   </div>
   <div class='ocr_carea' id='block_1_18' title="bbox 240 1601 1879 1675">
    <p class='ocr_par' dir='ltr' id='par_1_18' title="bbox 240 1601 1879 1675">
     <span class='ocr_line' id='line_1_18' title="bbox 240 1601 1879 1675; baseline 0.002 -15"><span class='ocrx_word' id='word_1_130' title='bbox 240 1606 379 1662; x_wconf 90' lang='lat' dir='ltr'><strong>ferro</strong></span> <span class='ocrx_word' id='word_1_131' title='bbox 414 1603 677 1659; x_wconf 88' lang='lat' dir='ltr'><strong>vinctum</strong></span> <span class='ocrx_word' id='word_1_132' title='bbox 710 1616 840 1658; x_wconf 91' lang='lat' dir='ltr'><strong>cum</strong></span> <span class='ocrx_word' id='word_1_133' title='bbox 875 1601 1119 1674; x_wconf 87' lang='lat' dir='ltr'><strong>reliquis</strong></span> <span class='ocrx_word' id='word_1_134' title='bbox 1158 1602 1377 1659; x_wconf 84' lang='lat' dir='ltr'><strong>sanctis</strong></span> <span class='ocrx_word' id='word_1_135' title='bbox 1416 1604 1772 1675; x_wconf 79' lang='lat' dir='ltr'><strong>martyribus</strong></span> <span class='ocrx_word' id='word_1_136' title='bbox 1810 1608 1879 1664; x_wconf 90' lang='lat' dir='ltr'><strong>ad</strong></span> 
     </span>
    </p>
   </div>
   <div class='ocr_carea' id='block_1_19' title="bbox 1998 455 3638 528">
    <p class='ocr_par' dir='ltr' id='par_1_19' title="bbox 1998 455 3638 528">
     <span class='ocr_line' id='line_1_19' title="bbox 1998 455 3638 528; baseline 0.004 -18"><span class='ocrx_word' id='word_1_137' title='bbox 1998 455 2209 512; x_wconf 91' lang='lat' dir='ltr'><strong>ostium</strong></span> <span class='ocrx_word' id='word_1_138' title='bbox 2236 457 2458 525; x_wconf 90' lang='lat' dir='ltr'><strong>domus,</strong></span> <span class='ocrx_word' id='word_1_139' title='bbox 2482 457 2591 514; x_wconf 77' lang='lat' dir='ltr'><strong>clai</strong></span> <span class='ocrx_word' id='word_1_140' title='bbox 2634 471 2667 515; x_wconf 71' lang='grc' dir='ltr'>ι</span> <span class='ocrx_word' id='word_1_141' title='bbox 2693 463 2817 514; x_wconf 69' lang='lat' dir='ltr'><strong>isct</strong></span> <span class='ocrx_word' id='word_1_142' title='bbox 2850 458 3050 515; x_wconf 88' lang='lat' dir='ltr'><strong>dicens</strong></span> <span class='ocrx_word' id='word_1_143' title='bbox 3081 478 3094 513; x_wconf 88' lang='lat'>:</span> <span class='ocrx_word' id='word_1_144' title='bbox 3137 460 3321 528; x_wconf 76' lang='lat' dir='ltr'><strong>Longe</strong></span> <span class='ocrx_word' id='word_1_145' title='bbox 3352 459 3638 517; x_wconf 80' lang='lat' dir='ltr'><strong>eﬂlciatur</strong></span> 
     </span>
    </p>
   </div>
   <div class='ocr_carea' id='block_1_20' title="bbox 1998 544 3635 615">
    <p class='ocr_par' dir='ltr' id='par_1_20' title="bbox 1998 544 3635 615">
     <span class='ocr_line' id='line_1_20' title="bbox 1998 544 3635 615; baseline 0.002 -17"><span class='ocrx_word' id='word_1_146' title='bbox 1998 556 2029 598; x_wconf 88' lang='lat' dir='ltr'><strong>a</strong></span> <span class='ocrx_word' id='word_1_147' title='bbox 2062 558 2151 599; x_wconf 91' lang='lat' dir='ltr'><strong>me</strong></span> <span class='ocrx_word' id='word_1_148' title='bbox 2184 544 2275 600; x_wconf 92' lang='lat' dir='ltr'><strong>hic</strong></span> <span class='ocrx_word' id='word_1_149' title='bbox 2307 544 2402 615; x_wconf 92' lang='lat' dir='ltr'><strong>qui</strong></span> <span class='ocrx_word' id='word_1_150' title='bbox 2431 546 2675 611; x_wconf 90' lang='lat' dir='ltr'><strong>corruit,</strong></span> <span class='ocrx_word' id='word_1_151' title='bbox 2710 550 2768 601; x_wconf 93' lang='lat' dir='ltr'><strong>et</strong></span> <span class='ocrx_word' id='word_1_152' title='bbox 2804 560 2853 600; x_wconf 90' lang='lat' dir='ltr'><strong>m</strong></span> <span class='ocrx_word' id='word_1_153' title='bbox 2897 544 3080 601; x_wconf 91' lang='lat' dir='ltr'><strong>ntitus</strong></span> <span class='ocrx_word' id='word_1_154' title='bbox 3112 550 3201 600; x_wconf 89' lang='lat' dir='ltr'><strong>est</strong></span> <span class='ocrx_word' id='word_1_155' title='bbox 3244 545 3479 602; x_wconf 91' lang='lat' dir='ltr'><strong>Domino</strong></span> <span class='ocrx_word' id='word_1_156' title='bbox 3519 548 3635 602; x_wconf 88' lang='lat' dir='ltr'><strong>Deo</strong></span> 
     </span>
    </p>
   </div>
   <div class='ocr_carea' id='block_1_21' title="bbox 1996 632 3634 705">
    <p class='ocr_par' dir='ltr' id='par_1_21' title="bbox 1996 632 3634 705">
     <span class='ocr_line' id='line_1_21' title="bbox 1996 632 3634 705; baseline 0.002 -18"><span class='ocrx_word' id='word_1_157' title='bbox 1996 645 2120 688; x_wconf 91' lang='lat' dir='ltr'><strong>suo.</strong></span> <span class='ocrx_word' id='word_1_158' title='bbox 2148 634 2266 689; x_wconf 85' lang='lat' dir='ltr'><strong>Non</strong></span> <span class='ocrx_word' id='word_1_159' title='bbox 2304 632 2579 703; x_wconf 81' lang='lat' dir='ltr'><strong>loquatur</strong></span> <span class='ocrx_word' id='word_1_160' title='bbox 2612 633 2767 703; x_wconf 92' lang='lat' dir='ltr'><strong>mihi,</strong></span> <span class='ocrx_word' id='word_1_161' title='bbox 2804 647 2908 690; x_wconf 91' lang='lat' dir='ltr'><strong>nec</strong></span> <span class='ocrx_word' id='word_1_162' title='bbox 2940 632 3165 689; x_wconf 89' lang='lat' dir='ltr'><strong>audiam</strong></span> <span class='ocrx_word' id='word_1_163' title='bbox 3198 632 3471 704; x_wconf 81' lang='lat' dir='ltr'><strong>linguam,</strong></span> <span class='ocrx_word' id='word_1_164' title='bbox 3505 648 3634 705; x_wconf 70' lang='lat' dir='ltr'><strong>quas</strong></span> 
     </span>
    </p>
   </div>
   <div class='ocr_carea' id='block_1_22' title="bbox 1997 721 3635 794">
    <p class='ocr_par' dir='ltr' id='par_1_22' title="bbox 1997 721 3635 794">
     <span class='ocr_line' id='line_1_22' title="bbox 1997 721 3635 794; baseline 0.002 -17"><span class='ocrx_word' id='word_1_165' title='bbox 1997 721 2195 779; x_wconf 86' lang='lat' dir='ltr'><strong>do&#39;ose</strong></span> <span class='ocrx_word' id='word_1_166' title='bbox 2225 722 2345 792; x_wconf 89' lang='lat' dir='ltr'><strong>egit</strong></span> <span class='ocrx_word' id='word_1_167' title='bbox 2378 721 2430 777; x_wconf 89' lang='lat' dir='ltr'><strong>in</strong></span> <span class='ocrx_word' id='word_1_168' title='bbox 2463 727 2778 794; x_wconf 91' lang='lat' dir='ltr'><strong>conspectu</strong></span> <span class='ocrx_word' id='word_1_169' title='bbox 2814 722 3069 778; x_wconf 86' lang='lat' dir='ltr'><strong>Factoris</strong></span> <span class='ocrx_word' id='word_1_170' title='bbox 3110 722 3215 779; x_wconf 92' lang='lat' dir='ltr'><strong>sui.</strong></span> <span class='ocrx_word' id='word_1_171' title='bbox 3251 724 3315 777; x_wconf 90' lang='lat' dir='ltr'><strong>Et</strong></span> <span class='ocrx_word' id='word_1_172' title='bbox 3354 737 3635 780; x_wconf 90' lang='lat' dir='ltr'><strong>conversa</strong></span> 
     </span>
    </p>
   </div>
   <div class='ocr_carea' id='block_1_23' title="bbox 1997 809 3630 883">
    <p class='ocr_par' dir='ltr' id='par_1_23' title="bbox 1997 809 3630 883">
     <span class='ocr_line' id='line_1_23' title="bbox 1997 809 3630 883; baseline 0.001 -17"><span class='ocrx_word' id='word_1_173' title='bbox 1997 809 2138 867; x_wconf 90' lang='lat' dir='ltr'><strong>dicit</strong></span> <span class='ocrx_word' id='word_1_174' title='bbox 2164 811 2217 866; x_wconf 93' lang='lat' dir='ltr'><strong>in</strong></span> <span class='ocrx_word' id='word_1_175' title='bbox 2251 825 2381 866; x_wconf 91' lang='lat' dir='ltr'><strong>eum</strong></span> <span class='ocrx_word' id='word_1_176' title='bbox 2418 829 2431 865; x_wconf 89' lang='lat'><strong>:</strong></span> <span class='ocrx_word' id='word_1_177' title='bbox 2467 812 2511 867; x_wconf 93' lang='grc' dir='ltr'>Ο</span> <span class='ocrx_word' id='word_1_178' title='bbox 2545 812 2667 867; x_wconf 92' lang='lat' dir='ltr'><strong>sine</strong></span> <span class='ocrx_word' id='word_1_179' title='bbox 2700 813 2814 867; x_wconf 89' lang='lat' dir='ltr'><strong>Deo</strong></span> <span class='ocrx_word' id='word_1_180' title='bbox 2838 827 2957 883; x_wconf 76' lang='lat' dir='ltr'><strong>prae</strong></span> <span class='ocrx_word' id='word_1_181' title='bbox 2988 812 3256 868; x_wconf 79' lang='lat' dir='ltr'><strong>omnibus</strong></span> <span class='ocrx_word' id='word_1_182' title='bbox 3288 812 3630 883; x_wconf 86' lang='lat' dir='ltr'><strong>hominibus,</strong></span> 
     </span>
    </p>
   </div>
   <div class='ocr_carea' id='block_1_24' title="bbox 1997 899 3635 972">
    <p class='ocr_par' dir='ltr' id='par_1_24' title="bbox 1997 899 3635 972">
     <span class='ocr_line' id='line_1_24' title="bbox 1997 899 3635 972; baseline 0.001 -18"><span class='ocrx_word' id='word_1_183' title='bbox 1997 899 2127 969; x_wconf 89' lang='lat' dir='ltr'><strong>quis</strong></span> <span class='ocrx_word' id='word_1_184' title='bbox 2147 903 2205 955; x_wconf 92' lang='lat' dir='ltr'><strong>te</strong></span> <span class='ocrx_word' id='word_1_185' title='bbox 2228 900 2419 969; x_wconf 69' lang='lat' dir='ltr'><strong>csegit</strong></span> <span class='ocrx_word' id='word_1_186' title='bbox 2444 900 2883 971; x_wconf 89' lang='lat' dir='ltr'><strong>apprehendere</strong></span> <span class='ocrx_word' id='word_1_187' title='bbox 2905 915 3071 972; x_wconf 93' lang='lat' dir='ltr'><strong>opus,</strong></span> <span class='ocrx_word' id='word_1_188' title='bbox 3099 899 3250 970; x_wconf 92' lang='lat' dir='ltr'><strong>quod</strong></span> <span class='ocrx_word' id='word_1_189' title='bbox 3267 914 3375 956; x_wconf 89' lang='lat' dir='ltr'><strong>non</strong></span> <span class='ocrx_word' id='word_1_190' title='bbox 3393 899 3635 971; x_wconf 90' lang='lat' dir='ltr'><strong>potuisti</strong></span> 
     </span>
    </p>
   </div>
   <div class='ocr_carea' id='block_1_25' title="bbox 1997 988 3635 1060">
    <p class='ocr_par' dir='ltr' id='par_1_25' title="bbox 1997 988 3635 1060">
     <span class='ocr_line' id='line_1_25' title="bbox 1997 988 3635 1060; baseline 0.001 -17"><span class='ocrx_word' id='word_1_191' title='bbox 1997 988 2320 1060; x_wconf 86' lang='lat' dir='ltr'><strong>perficere;</strong></span> <span class='ocrx_word' id='word_1_192' title='bbox 2354 989 2482 1060; x_wconf 90' lang='lat' dir='ltr'><strong>quis</strong></span> <span class='ocrx_word' id='word_1_193' title='bbox 2514 993 2570 1045; x_wconf 87' lang='lat' dir='ltr'><strong>te</strong></span> <span class='ocrx_word' id='word_1_194' title='bbox 2600 989 2892 1060; x_wconf 86' lang='lat' dir='ltr'><strong>separavit</strong></span> <span class='ocrx_word' id='word_1_195' title='bbox 2921 1004 2949 1044; x_wconf 89' lang='lat' dir='ltr'><strong>a</strong></span> <span class='ocrx_word' id='word_1_196' title='bbox 2982 989 3218 1058; x_wconf 79' lang='lat' dir='ltr'><strong>sanctis,</strong></span> <span class='ocrx_word' id='word_1_197' title='bbox 3263 995 3363 1045; x_wconf 92' lang='lat' dir='ltr'><strong>aut</strong></span> <span class='ocrx_word' id='word_1_198' title='bbox 3410 988 3537 1059; x_wconf 88' lang='lat' dir='ltr'><strong>quis</strong></span> <span class='ocrx_word' id='word_1_199' title='bbox 3576 992 3635 1045; x_wconf 88' lang='lat' dir='ltr'><strong>te</strong></span> 
     </span>
    </p>
   </div>
   <div class='ocr_carea' id='block_1_26' title="bbox 1996 1075 3637 1148">
    <p class='ocr_par' dir='ltr' id='par_1_26' title="bbox 1996 1075 3637 1148">
     <span class='ocr_line' id='line_1_26' title="bbox 1996 1075 3637 1148; baseline 0 -15"><span class='ocrx_word' id='word_1_200' title='bbox 1996 1076 2249 1140; x_wconf 84' lang='lat' dir='ltr'><strong>seduxit.</strong></span> <span class='ocrx_word' id='word_1_201' title='bbox 2276 1082 2338 1133; x_wconf 87' lang='lat' dir='ltr'><strong>ut</strong></span> <span class='ocrx_word' id='word_1_202' title='bbox 2363 1076 2671 1135; x_wconf 90' lang='lat' dir='ltr'><strong>recederes</strong></span> <span class='ocrx_word' id='word_1_203' title='bbox 2692 1092 2720 1133; x_wconf 92' lang='lat' dir='ltr'><strong>a</strong></span> <span class='ocrx_word' id='word_1_204' title='bbox 2744 1081 3032 1134; x_wconf 67' lang='lat' dir='ltr'><strong>conventu</strong></span> <span class='ocrx_word' id='word_1_205' title='bbox 3062 1076 3219 1148; x_wconf 84' lang='lat' dir='ltr'><strong>pac&#39;s</strong></span> <span class='ocrx_word' id='word_1_206' title='bbox 3242 1075 3333 1132; x_wconf 88' lang='lat' dir='ltr'><strong>vel</strong></span> <span class='ocrx_word' id='word_1_207' title='bbox 3366 1090 3637 1147; x_wconf 89' lang='lat' dir='ltr'><strong>repausa-</strong></span> 
     </span>
    </p>
   </div>
   <div class='ocr_carea' id='block_1_27' title="bbox 1995 1164 3638 1237">
    <p class='ocr_par' dir='ltr' id='par_1_27' title="bbox 1995 1164 3638 1237">
     <span class='ocr_line' id='line_1_27' title="bbox 1995 1164 3638 1237; baseline 0 -18"><span class='ocrx_word' id='word_1_208' title='bbox 1995 1164 2205 1222; x_wconf 87' lang='lat' dir='ltr'><strong>tionis?</strong></span> <span class='ocrx_word' id='word_1_209' title='bbox 2236 1166 2334 1223; x_wconf 91' lang='lat' dir='ltr'><strong>Dic</strong></span> <span class='ocrx_word' id='word_1_210' title='bbox 2369 1166 2525 1236; x_wconf 91' lang='lat' dir='ltr'><strong>mihi,</strong></span> <span class='ocrx_word' id='word_1_211' title='bbox 2561 1180 2739 1237; x_wconf 89' lang='lat' dir='ltr'><strong>quare</strong></span> <span class='ocrx_word' id='word_1_212' title='bbox 2772 1166 2824 1220; x_wconf 91' lang='lat' dir='ltr'><strong>in</strong></span> <span class='ocrx_word' id='word_1_213' title='bbox 2861 1165 3049 1235; x_wconf 85' lang='lat' dir='ltr'><strong>fugam</strong></span> <span class='ocrx_word' id='word_1_214' title='bbox 3081 1179 3401 1222; x_wconf 68' lang='lat' dir='ltr'><strong>cinvcrsus</strong></span> <span class='ocrx_word' id='word_1_215' title='bbox 3437 1179 3501 1221; x_wconf 88' lang='lat' dir='ltr'><strong>es</strong></span> <span class='ocrx_word' id='word_1_216' title='bbox 3540 1178 3638 1220; x_wconf 91' lang='lat' dir='ltr'><strong>an-</strong></span> 
     </span>
    </p>
   </div>
   <div class='ocr_carea' id='block_1_28' title="bbox 1994 1250 3640 1324">
    <p class='ocr_par' dir='ltr' id='par_1_28' title="bbox 1994 1250 3640 1324">
     <span class='ocr_line' id='line_1_28' title="bbox 1994 1250 3640 1324; baseline 0.001 -18"><span class='ocrx_word' id='word_1_217' title='bbox 1994 1256 2229 1323; x_wconf 88' lang='lat' dir='ltr'><strong>tequam</strong></span> <span class='ocrx_word' id='word_1_218' title='bbox 2272 1253 2436 1308; x_wconf 84' lang='lat' dir='ltr'><strong>fieret</strong></span> <span class='ocrx_word' id='word_1_219' title='bbox 2471 1253 2696 1324; x_wconf 84' lang='lat' dir='ltr'><strong>pugna?</strong></span> <span class='ocrx_word' id='word_1_220' title='bbox 2727 1267 2906 1323; x_wconf 87' lang='lat' dir='ltr'><strong>quare</strong></span> <span class='ocrx_word' id='word_1_221' title='bbox 2941 1250 3232 1323; x_wconf 85' lang='lat' dir='ltr'><strong>projec&#39;sti</strong></span> <span class='ocrx_word' id='word_1_222' title='bbox 3266 1266 3446 1321; x_wconf 79' lang='lat' dir='ltr'><strong>arrra,</strong></span> <span class='ocrx_word' id='word_1_223' title='bbox 3480 1255 3640 1307; x_wconf 88' lang='lat' dir='ltr'><strong>an‘e-</strong></span> 
     </span>
    </p>
   </div>
   <div class='ocr_carea' id='block_1_29' title="bbox 1995 1338 3639 1413">
    <p class='ocr_par' dir='ltr' id='par_1_29' title="bbox 1995 1338 3639 1413">
     <span class='ocr_line' id='line_1_29' title="bbox 1995 1338 3639 1413; baseline -0.001 -17"><span class='ocrx_word' id='word_1_224' title='bbox 1995 1354 2165 1411; x_wconf 89' lang='lat' dir='ltr'><strong>quam</strong></span> <span class='ocrx_word' id='word_1_225' title='bbox 2188 1341 2419 1397; x_wconf 78' lang='lat' dir='ltr'><strong>videres</strong></span> <span class='ocrx_word' id='word_1_226' title='bbox 2442 1342 2593 1398; x_wconf 62' lang='lat' dir='ltr'><strong>hosti</strong></span> <span class='ocrx_word' id='word_1_227' title='bbox 2616 1357 2663 1396; x_wconf 92' lang='lat' dir='ltr'><strong>m</strong></span> <span class='ocrx_word' id='word_1_228' title='bbox 2699 1342 2802 1396; x_wconf 86' lang='lat' dir='ltr'><strong>tibi</strong></span> <span class='ocrx_word' id='word_1_229' title='bbox 2836 1340 3300 1413; x_wconf 83' lang='lat' dir='ltr'><strong>repugnantem?</strong></span> <span class='ocrx_word' id='word_1_230' title='bbox 3339 1338 3639 1405; x_wconf 90' lang='lat' dir='ltr'><strong>Quomodo</strong></span> 
     </span>
    </p>
   </div>
   <div class='ocr_carea' id='block_1_30' title="bbox 1993 1426 3635 1499">
    <p class='ocr_par' dir='ltr' id='par_1_30' title="bbox 1993 1426 3635 1499">
     <span class='ocr_line' id='line_1_30' title="bbox 1993 1426 3635 1499; baseline -0.001 -14"><span class='ocrx_word' id='word_1_231' title='bbox 1993 1430 2337 1487; x_wconf 89' lang='lat' dir='ltr'><strong>vulneratus</strong></span> <span class='ocrx_word' id='word_1_232' title='bbox 2359 1445 2440 1499; x_wconf 91' lang='lat' dir='ltr'><strong>es,</strong></span> <span class='ocrx_word' id='word_1_233' title='bbox 2469 1430 2711 1485; x_wconf 89' lang='lat' dir='ltr'><strong>necdum</strong></span> <span class='ocrx_word' id='word_1_234' title='bbox 2735 1429 2939 1485; x_wconf 88' lang='lat' dir='ltr'><strong>emissa</strong></span> <span class='ocrx_word' id='word_1_235' title='bbox 2966 1429 3212 1497; x_wconf 83' lang='lat' dir='ltr'><strong>sagitta:</strong></span> <span class='ocrx_word' id='word_1_236' title='bbox 3249 1427 3396 1493; x_wconf 60' lang='lat' dir='ltr'><strong>Quid</strong></span> <span class='ocrx_word' id='word_1_237' title='bbox 3432 1426 3635 1483; x_wconf 83' lang='lat' dir='ltr'><strong>faciam</strong></span> 
     </span>
    </p>
   </div>
   <div class='ocr_carea' id='block_1_31' title="bbox 1993 1516 3629 1588">
    <p class='ocr_par' dir='ltr' id='par_1_31' title="bbox 1993 1516 3629 1588">
     <span class='ocr_line' id='line_1_31' title="bbox 1993 1516 3629 1588; baseline -0.002 -15"><span class='ocrx_word' id='word_1_238' title='bbox 1993 1518 2407 1587; x_wconf 86' lang='lat' dir='ltr'><strong>infelicissima,</strong></span> <span class='ocrx_word' id='word_1_239' title='bbox 2463 1533 2590 1588; x_wconf 69' lang='lat' dir='ltr'><strong>qua:</strong></span> <span class='ocrx_word' id='word_1_240' title='bbox 2620 1517 2927 1587; x_wconf 88' lang='lat' dir='ltr'><strong>conjuncta</strong></span> <span class='ocrx_word' id='word_1_241' title='bbox 2972 1532 3095 1573; x_wconf 88' lang='lat' dir='ltr'><strong>sum</strong></span> <span class='ocrx_word' id='word_1_242' title='bbox 3138 1516 3346 1587; x_wconf 87' lang='lat' dir='ltr'><strong>impio?</strong></span> <span class='ocrx_word' id='word_1_243' title='bbox 3384 1516 3500 1571; x_wconf 80' lang='lat' dir='ltr'><strong>Non</strong></span> <span class='ocrx_word' id='word_1_244' title='bbox 3542 1519 3629 1571; x_wconf 90' lang='lat' dir='ltr'><strong>est</strong></span> 
     </span>
    </p>
   </div>
   <div class='ocr_carea' id='block_1_32' title="bbox 1993 1604 3629 1675">
    <p class='ocr_par' dir='ltr' id='par_1_32' title="bbox 1993 1604 3629 1675">
     <span class='ocr_line' id='line_1_32' title="bbox 1993 1604 3629 1675; baseline -0.003 -12"><span class='ocrx_word' id='word_1_245' title='bbox 1993 1608 2127 1663; x_wconf 74' lang='lat' dir='ltr'><strong>m’hi</strong></span> <span class='ocrx_word' id='word_1_246' title='bbox 2165 1622 2502 1664; x_wconf 92' lang='lat' dir='ltr'><strong>concessum</strong></span> <span class='ocrx_word' id='word_1_247' title='bbox 2544 1612 2605 1663; x_wconf 89' lang='lat' dir='ltr'><strong>ut</strong></span> <span class='ocrx_word' id='word_1_248' title='bbox 2646 1618 2888 1663; x_wconf 85' lang='lat' dir='ltr'><strong>vocarer</strong></span> <span class='ocrx_word' id='word_1_249' title='bbox 2930 1620 3076 1663; x_wconf 61' lang='lat' dir='ltr'><strong>uxor</strong></span> <span class='ocrx_word' id='word_1_250' title='bbox 3109 1604 3398 1675; x_wconf 79' lang='lat' dir='ltr'><strong>martyris,</strong></span> <span class='ocrx_word' id='word_1_251' title='bbox 3434 1604 3532 1660; x_wconf 86' lang='lat' dir='ltr'><strong>sed</strong></span> <span class='ocrx_word' id='word_1_252' title='bbox 3568 1606 3629 1659; x_wconf 92' lang='lat' dir='ltr'><strong>ut</strong></span> 
     </span>
    </p>
   </div>
   <div class='ocr_carea' id='block_1_33' title="bbox 237 1690 3635 1775">
    <p class='ocr_par' dir='ltr' id='par_1_33' title="bbox 237 1690 3635 1775">
     <span class='ocr_line' id='line_1_33' title="bbox 237 1690 3635 1775; baseline -0.001 -25"><span class='ocrx_word' id='word_1_253' title='bbox 237 1706 526 1750; x_wconf 86' lang='lat' dir='ltr'><strong>carcerem</strong></span> <span class='ocrx_word' id='word_1_254' title='bbox 579 1690 860 1762; x_wconf 87' lang='lat' dir='ltr'><strong>pertrahi.</strong></span> <span class='ocrx_word' id='word_1_255' title='bbox 913 1691 1049 1746; x_wconf 86' lang='lat' dir='ltr'><strong>Erat</strong></span> <span class='ocrx_word' id='word_1_256' title='bbox 1100 1696 1293 1748; x_wconf 93' lang='lat' dir='ltr'><strong>autem</strong></span> <span class='ocrx_word' id='word_1_257' title='bbox 1327 1691 1560 1761; x_wconf 76' lang='lat' dir='ltr'><strong>juvenis</strong></span> <span class='ocrx_word' id='word_1_258' title='bbox 1598 1708 1875 1752; x_wconf 90' lang='lat' dir='ltr'><strong>annorum</strong></span> <span class='ocrx_word' id='word_1_259' title='bbox 1911 1716 1960 1775; x_wconf 79' lang='grc' dir='ltr'>Β</span> <span class='ocrx_word' id='word_1_260' title='bbox 1992 1696 2221 1753; x_wconf 91' lang='lat' dir='ltr'><strong>dicerer</strong></span> <span class='ocrx_word' id='word_1_261' title='bbox 2250 1696 2461 1767; x_wconf 66' lang='lat' dir='ltr'><strong>conjux</strong></span> <span class='ocrx_word' id='word_1_262' title='bbox 2487 1694 2953 1764; x_wconf 80' lang='lat' dir='ltr'><strong>transgressoris.</strong></span> <span class='ocrx_word' id='word_1_263' title='bbox 2981 1695 3061 1750; x_wconf 87' lang='lat' dir='ltr'><strong>Ad</strong></span> <span class='ocrx_word' id='word_1_264' title='bbox 3090 1694 3285 1750; x_wconf 90' lang='lat' dir='ltr'><strong>horam</strong></span> <span class='ocrx_word' id='word_1_265' title='bbox 3314 1694 3417 1749; x_wconf 90' lang='lat' dir='ltr'><strong>fuit</strong></span> <span class='ocrx_word' id='word_1_266' title='bbox 3441 1691 3635 1749; x_wconf 74' lang='lat' dir='ltr'><strong>exsul-</strong></span> 
     </span>
    </p>
   </div>
   <div class='ocr_carea' id='block_1_34' title="bbox 237 1778 1873 1852">
    <p class='ocr_par' dir='ltr' id='par_1_34' title="bbox 237 1778 1873 1852">
     <span class='ocr_line' id='line_1_34' title="bbox 237 1778 1873 1852; baseline 0.001 -14"><span class='ocrx_word' id='word_1_267' title='bbox 237 1782 429 1852; x_wconf 81' lang='lat' dir='ltr'><strong>vigintl</strong></span> <span class='ocrx_word' id='word_1_268' title='bbox 472 1784 631 1836; x_wconf 91' lang='lat' dir='ltr'><strong>octo.</strong></span> <span class='ocrx_word' id='word_1_269' title='bbox 685 1780 752 1835; x_wconf 83' lang='lat' dir='ltr'><strong>Et</strong></span> <span class='ocrx_word' id='word_1_270' title='bbox 806 1780 949 1835; x_wconf 92' lang='lat' dir='ltr'><strong>fama</strong></span> <span class='ocrx_word' id='word_1_271' title='bbox 996 1778 1274 1836; x_wconf 86' lang='lat' dir='ltr'><strong>celeriter</strong></span> <span class='ocrx_word' id='word_1_272' title='bbox 1321 1786 1619 1852; x_wconf 87' lang='lat' dir='ltr'><strong>currente,</strong></span> <span class='ocrx_word' id='word_1_273' title='bbox 1672 1783 1873 1839; x_wconf 77' lang='lat' dir='ltr'><strong>didicit</strong></span> 
     </span>
    </p>
   </div>
   <div class='ocr_carea' id='block_1_35' title="bbox 240 1866 1881 1939">
    <p class='ocr_par' dir='ltr' id='par_1_35' title="bbox 240 1866 1881 1939">
     <span class='ocr_line' id='line_1_35' title="bbox 240 1866 1881 1939; baseline -0.001 -11"><span class='ocrx_word' id='word_1_274' title='bbox 240 1885 369 1929; x_wconf 85' lang='lat' dir='ltr'><strong>uxor</strong></span> <span class='ocrx_word' id='word_1_275' title='bbox 394 1868 561 1925; x_wconf 69' lang='lat' dir='ltr'><strong>il&#39;ils</strong></span> <span class='ocrx_word' id='word_1_276' title='bbox 582 1866 804 1924; x_wconf 82' lang='lat' dir='ltr'><strong>Natalia</strong></span> <span class='ocrx_word' id='word_1_277' title='bbox 827 1872 1035 1924; x_wconf 89' lang='lat' dir='ltr'><strong>cuncta</strong></span> <span class='ocrx_word' id='word_1_278' title='bbox 1070 1883 1198 1939; x_wconf 62' lang='lat' dir='ltr'><strong>quie</strong></span> <span class='ocrx_word' id='word_1_279' title='bbox 1227 1868 1381 1925; x_wconf 90' lang='lat' dir='ltr'><strong>circa</strong></span> <span class='ocrx_word' id='word_1_280' title='bbox 1418 1870 1730 1926; x_wconf 90' lang='lat' dir='ltr'><strong>Adrianum</strong></span> <span class='ocrx_word' id='word_1_281' title='bbox 1766 1888 1881 1928; x_wconf 91' lang='lat' dir='ltr'><strong>ma-</strong></span> 
     </span>
    </p>
   </div>
   <div class='ocr_carea' id='block_1_36' title="bbox 236 1956 1882 2030">
    <p class='ocr_par' dir='ltr' id='par_1_36' title="bbox 236 1956 1882 2030">
     <span class='ocr_line' id='line_1_36' title="bbox 236 1956 1882 2030; baseline 0.001 -15"><span class='ocrx_word' id='word_1_282' title='bbox 236 1960 399 2015; x_wconf 87' lang='lat' dir='ltr'><strong>ritum</strong></span> <span class='ocrx_word' id='word_1_283' title='bbox 427 1962 845 2029; x_wconf 45' lang='lat' dir='ltr'><strong>provenerant</strong></span> <span class='ocrx_word' id='word_1_284' title='bbox 874 1958 938 2012; x_wconf 89' lang='lat' dir='ltr'><strong>Et</strong></span> <span class='ocrx_word' id='word_1_285' title='bbox 962 1957 1177 2027; x_wconf 90' lang='lat' dir='ltr'><strong>gaudio</strong></span> <span class='ocrx_word' id='word_1_286' title='bbox 1208 1956 1398 2029; x_wconf 91' lang='lat' dir='ltr'><strong>plena,</strong></span> <span class='ocrx_word' id='word_1_287' title='bbox 1433 1958 1564 2030; x_wconf 90' lang='lat' dir='ltr'><strong>quia</strong></span> <span class='ocrx_word' id='word_1_288' title='bbox 1598 1964 1723 2016; x_wconf 91' lang='lat' dir='ltr'><strong>erat</strong></span> <span class='ocrx_word' id='word_1_289' title='bbox 1761 1976 1882 2017; x_wconf 91' lang='lat' dir='ltr'><strong>mu-</strong></span> 
     </span>
    </p>
   </div>
   <div class='ocr_carea' id='block_1_37' title="bbox 236 2045 1879 2120">
    <p class='ocr_par' dir='ltr' id='par_1_37' title="bbox 236 2045 1879 2120">
     <span class='ocr_line' id='line_1_37' title="bbox 236 2045 1879 2120; baseline 0.002 -18"><span class='ocrx_word' id='word_1_290' title='bbox 236 2047 330 2104; x_wconf 89' lang='lat' dir='ltr'><strong>lier</strong></span> <span class='ocrx_word' id='word_1_291' title='bbox 358 2045 880 2115; x_wconf 88' lang='lat' dir='ltr'><strong>Christianissima,</strong></span> <span class='ocrx_word' id='word_1_292' title='bbox 913 2046 1173 2102; x_wconf 86' lang='lat' dir='ltr'><strong>cucurrit</strong></span> <span class='ocrx_word' id='word_1_293' title='bbox 1222 2047 1291 2102; x_wconf 92' lang='lat' dir='ltr'><strong>ad</strong></span> <span class='ocrx_word' id='word_1_294' title='bbox 1334 2062 1650 2117; x_wconf 89' lang='lat' dir='ltr'><strong>carcerem,</strong></span> <span class='ocrx_word' id='word_1_295' title='bbox 1695 2050 1879 2120; x_wconf 89' lang='lat' dir='ltr'><strong>proci-</strong></span> 
     </span>
    </p>
   </div>
   <div class='ocr_carea' id='block_1_38' title="bbox 236 2133 1874 2208">
    <p class='ocr_par' dir='ltr' id='par_1_38' title="bbox 236 2133 1874 2208">
     <span class='ocr_line' id='line_1_38' title="bbox 236 2133 1874 2208; baseline 0.001 -16"><span class='ocrx_word' id='word_1_296' title='bbox 236 2136 488 2206; x_wconf 87' lang='lat' dir='ltr'><strong>densque</strong></span> <span class='ocrx_word' id='word_1_297' title='bbox 514 2134 584 2190; x_wconf 90' lang='lat' dir='ltr'><strong>ad</strong></span> <span class='ocrx_word' id='word_1_298' title='bbox 612 2134 792 2205; x_wconf 90' lang='lat' dir='ltr'><strong>pedes</strong></span> <span class='ocrx_word' id='word_1_299' title='bbox 812 2133 919 2188; x_wconf 90' lang='lat' dir='ltr'><strong>viri</strong></span> <span class='ocrx_word' id='word_1_300' title='bbox 942 2134 1029 2189; x_wconf 93' lang='lat' dir='ltr'><strong>sui</strong></span> <span class='ocrx_word' id='word_1_301' title='bbox 1061 2134 1438 2191; x_wconf 87' lang='lat' dir='ltr'><strong>osculabatur</strong></span> <span class='ocrx_word' id='word_1_302' title='bbox 1469 2135 1695 2193; x_wconf 89' lang='lat' dir='ltr'><strong>vincula</strong></span> <span class='ocrx_word' id='word_1_303' title='bbox 1728 2136 1874 2208; x_wconf 87' lang='lat' dir='ltr'><strong>ejus,</strong></span> 
     </span>
    </p>
   </div>
   <div class='ocr_carea' id='block_1_39' title="bbox 236 2222 1875 2296">
    <p class='ocr_par' dir='ltr' id='par_1_39' title="bbox 236 2222 1875 2296">
     <span class='ocr_line' id='line_1_39' title="bbox 236 2222 1875 2296; baseline -0.001 -14"><span class='ocrx_word' id='word_1_304' title='bbox 236 2225 423 2282; x_wconf 89' lang='lat' dir='ltr'><strong>dicens</strong></span> <span class='ocrx_word' id='word_1_305' title='bbox 446 2222 535 2277; x_wconf 92' lang='lat' dir='ltr'><strong>illi</strong></span> <span class='ocrx_word' id='word_1_306' title='bbox 574 2242 586 2276; x_wconf 90' lang='lat'><strong>:</strong></span> <span class='ocrx_word' id='word_1_307' title='bbox 626 2223 837 2278; x_wconf 81' lang='lat' dir='ltr'><strong>Beatus</strong></span> <span class='ocrx_word' id='word_1_308' title='bbox 866 2236 948 2292; x_wconf 90' lang='lat' dir='ltr'><strong>es,</strong></span> <span class='ocrx_word' id='word_1_309' title='bbox 983 2223 1212 2279; x_wconf 91' lang='lat' dir='ltr'><strong>domine</strong></span> <span class='ocrx_word' id='word_1_310' title='bbox 1246 2238 1406 2280; x_wconf 90' lang='lat' dir='ltr'><strong>meus</strong></span> <span class='ocrx_word' id='word_1_311' title='bbox 1438 2224 1711 2295; x_wconf 82' lang='lat' dir='ltr'><strong>Adriane,</strong></span> <span class='ocrx_word' id='word_1_312' title='bbox 1743 2226 1875 2296; x_wconf 91' lang='lat' dir='ltr'><strong>quia</strong></span> 
     </span>
    </p>
   </div>
   <div class='ocr_carea' id='block_1_40' title="bbox 237 2310 1880 2383">
    <p class='ocr_par' dir='ltr' id='par_1_40' title="bbox 237 2310 1880 2383">
     <span class='ocr_line' id='line_1_40' title="bbox 237 2310 1880 2383; baseline 0.001 -14"><span class='ocrx_word' id='word_1_313' title='bbox 237 2313 503 2369; x_wconf 87' lang='lat' dir='ltr'><strong>invenisti</strong></span> <span class='ocrx_word' id='word_1_314' title='bbox 528 2310 787 2381; x_wconf 90' lang='lat' dir='ltr'><strong>divitias,</strong></span> <span class='ocrx_word' id='word_1_315' title='bbox 813 2325 957 2381; x_wconf 90' lang='lat' dir='ltr'><strong>quas</strong></span> <span class='ocrx_word' id='word_1_316' title='bbox 977 2310 1082 2367; x_wconf 90' lang='lat' dir='ltr'><strong>tibi</strong></span> <span class='ocrx_word' id='word_1_317' title='bbox 1108 2327 1217 2367; x_wconf 90' lang='lat' dir='ltr'><strong>non</strong></span> <span class='ocrx_word' id='word_1_318' title='bbox 1243 2311 1300 2368; x_wconf 80' lang='lat' dir='ltr'><strong>(&#39;i</strong></span> <span class='ocrx_word' id='word_1_319' title='bbox 1327 2312 1588 2369; x_wconf 89' lang='lat' dir='ltr'><strong>niserunt</strong></span> <span class='ocrx_word' id='word_1_320' title='bbox 1606 2319 1880 2383; x_wconf 85' lang='lat' dir='ltr'><strong>parentes</strong></span> 
     </span>
    </p>
   </div>
   <div class='ocr_carea' id='block_1_41' title="bbox 237 2400 1879 2472">
    <p class='ocr_par' dir='ltr' id='par_1_41' title="bbox 237 2400 1879 2472">
     <span class='ocr_line' id='line_1_41' title="bbox 237 2400 1879 2472; baseline 0.001 -14"><span class='ocrx_word' id='word_1_321' title='bbox 237 2403 326 2459; x_wconf 90' lang='lat' dir='ltr'><strong>tui.</strong></span> <span class='ocrx_word' id='word_1_322' title='bbox 350 2401 644 2472; x_wconf 85' lang='lat' dir='ltr'><strong>Verejam</strong></span> <span class='ocrx_word' id='word_1_323' title='bbox 668 2414 913 2457; x_wconf 88' lang='lat' dir='ltr'><strong>securus</strong></span> <span class='ocrx_word' id='word_1_324' title='bbox 944 2400 1140 2471; x_wconf 86' lang='lat' dir='ltr'><strong>pergis</strong></span> <span class='ocrx_word' id='word_1_325' title='bbox 1167 2400 1238 2457; x_wconf 89' lang='lat' dir='ltr'><strong>ad</strong></span> <span class='ocrx_word' id='word_1_326' title='bbox 1269 2402 1584 2472; x_wconf 88' lang='lat' dir='ltr'><strong>Christum,</strong></span> <span class='ocrx_word' id='word_1_327' title='bbox 1617 2403 1761 2459; x_wconf 91' lang='lat' dir='ltr'><strong>bene</strong></span> <span class='ocrx_word' id='word_1_328' title='bbox 1790 2419 1879 2459; x_wconf 88' lang='lat' dir='ltr'><strong>rc-</strong></span> 
     </span>
    </p>
   </div>
   <div class='ocr_carea' id='block_1_42' title="bbox 233 2488 1877 2562">
    <p class='ocr_par' dir='ltr' id='par_1_42' title="bbox 233 2488 1877 2562">
     <span class='ocr_line' id='line_1_42' title="bbox 233 2488 1877 2562; baseline -0.001 -13"><span class='ocrx_word' id='word_1_329' title='bbox 233 2492 481 2549; x_wconf 86' lang='lat' dir='ltr'><strong>condens</strong></span> <span class='ocrx_word' id='word_1_330' title='bbox 516 2490 571 2545; x_wconf 89' lang='lat' dir='ltr'><strong>in</strong></span> <span class='ocrx_word' id='word_1_331' title='bbox 607 2490 733 2561; x_wconf 90' lang='lat' dir='ltr'><strong>ipso</strong></span> <span class='ocrx_word' id='word_1_332' title='bbox 764 2488 1018 2559; x_wconf 80' lang='lat' dir='ltr'><strong>divitias,</strong></span> <span class='ocrx_word' id='word_1_333' title='bbox 1052 2504 1197 2558; x_wconf 89' lang='lat' dir='ltr'><strong>quas</strong></span> <span class='ocrx_word' id='word_1_334' title='bbox 1227 2489 1488 2547; x_wconf 87' lang='lat' dir='ltr'><strong>invenies</strong></span> <span class='ocrx_word' id='word_1_335' title='bbox 1518 2490 1571 2545; x_wconf 92' lang='lat' dir='ltr'><strong>in</strong></span> <span class='ocrx_word' id='word_1_336' title='bbox 1615 2495 1877 2562; x_wconf 89' lang='lat' dir='ltr'><strong>tempore</strong></span> 
     </span>
    </p>
   </div>
   <div class='ocr_carea' id='block_1_43' title="bbox 236 2577 1875 2650">
    <p class='ocr_par' dir='ltr' id='par_1_43' title="bbox 236 2577 1875 2650">
     <span class='ocr_line' id='line_1_43' title="bbox 236 2577 1875 2650; baseline -0.001 -13"><span class='ocrx_word' id='word_1_337' title='bbox 236 2578 616 2650; x_wconf 87' lang='lat' dir='ltr'><strong>necessitatis,</strong></span> <span class='ocrx_word' id='word_1_338' title='bbox 664 2579 761 2634; x_wconf 90' lang='lat' dir='ltr'><strong>ubi</strong></span> <span class='ocrx_word' id='word_1_339' title='bbox 802 2579 873 2635; x_wconf 92' lang='lat' dir='ltr'><strong>de</strong></span> <span class='ocrx_word' id='word_1_340' title='bbox 924 2577 1109 2649; x_wconf 77' lang='lat' dir='ltr'><strong>poenis</strong></span> <span class='ocrx_word' id='word_1_341' title='bbox 1146 2578 1550 2634; x_wconf 91' lang='lat' dir='ltr'><strong>damnatorum</strong></span> <span class='ocrx_word' id='word_1_342' title='bbox 1592 2580 1875 2636; x_wconf 91' lang='lat' dir='ltr'><strong>neminem</strong></span> 
     </span>
    </p>
   </div>
   <div class='ocr_carea' id='block_1_44' title="bbox 238 2666 1877 2742">
    <p class='ocr_par' dir='ltr' id='par_1_44' title="bbox 238 2666 1877 2742">
     <span class='ocr_line' id='line_1_44' title="bbox 238 2666 1877 2742; baseline 0.002 -21"><span class='ocrx_word' id='word_1_343' title='bbox 238 2671 532 2742; x_wconf 86' lang='lat' dir='ltr'><strong>quisquam</strong></span> <span class='ocrx_word' id='word_1_344' title='bbox 578 2668 853 2724; x_wconf 85' lang='lat' dir='ltr'><strong>liberabit</strong></span> <span class='ocrx_word' id='word_1_345' title='bbox 890 2687 902 2722; x_wconf 92' lang='lat'><strong>:</strong></span> <span class='ocrx_word' id='word_1_346' title='bbox 937 2681 1045 2723; x_wconf 94' lang='lat' dir='ltr'><strong>non</strong></span> <span class='ocrx_word' id='word_1_347' title='bbox 1088 2671 1256 2739; x_wconf 87' lang='lat' dir='ltr'><strong>pater</strong></span> <span class='ocrx_word' id='word_1_348' title='bbox 1294 2666 1495 2737; x_wconf 81' lang='lat' dir='ltr'><strong>illium,</strong></span> <span class='ocrx_word' id='word_1_349' title='bbox 1538 2682 1648 2724; x_wconf 89' lang='lat' dir='ltr'><strong>non</strong></span> <span class='ocrx_word' id='word_1_350' title='bbox 1694 2673 1877 2724; x_wconf 87' lang='lat' dir='ltr'><strong>mater</strong></span> 
     </span>
    </p>
   </div>
   <div class='ocr_carea' id='block_1_45' title="bbox 240 2755 1875 2827">
    <p class='ocr_par' dir='ltr' id='par_1_45' title="bbox 240 2755 1875 2827">
     <span class='ocr_line' id='line_1_45' title="bbox 240 2755 1875 2827; baseline -0.001 -14"><span class='ocrx_word' id='word_1_351' title='bbox 240 2758 429 2827; x_wconf 56' lang='lat' dir='ltr'><strong>ﬁ‘iim,</strong></span> <span class='ocrx_word' id='word_1_352' title='bbox 461 2772 570 2813; x_wconf 92' lang='lat' dir='ltr'><strong>non</strong></span> <span class='ocrx_word' id='word_1_353' title='bbox 606 2755 827 2813; x_wconf 67' lang='lat' dir='ltr'><strong>divitiae</strong></span> <span class='ocrx_word' id='word_1_354' title='bbox 858 2759 1251 2816; x_wconf 86' lang='lat' dir='ltr'><strong>transeuntes.</strong></span> <span class='ocrx_word' id='word_1_355' title='bbox 1285 2770 1394 2811; x_wconf 90' lang='lat' dir='ltr'><strong>non</strong></span> <span class='ocrx_word' id='word_1_356' title='bbox 1430 2755 1545 2813; x_wconf 93' lang='lat' dir='ltr'><strong>ulla</strong></span> <span class='ocrx_word' id='word_1_357' title='bbox 1577 2771 1875 2813; x_wconf 90' lang='lat' dir='ltr'><strong>servorum</strong></span> 
     </span>
    </p>
   </div>
   <div class='ocr_carea' id='block_1_46' title="bbox 240 2843 1876 2917">
    <p class='ocr_par' dir='ltr' id='par_1_46' title="bbox 240 2843 1876 2917">
     <span class='ocr_line' id='line_1_46' title="bbox 240 2843 1876 2917; baseline -0.001 -15"><span class='ocrx_word' id='word_1_358' title='bbox 240 2846 476 2902; x_wconf 90' lang='lat' dir='ltr'><strong>ambitio</strong></span> <span class='ocrx_word' id='word_1_359' title='bbox 506 2850 562 2901; x_wconf 91' lang='lat' dir='ltr'><strong>et</strong></span> <span class='ocrx_word' id='word_1_360' title='bbox 595 2844 929 2917; x_wconf 88' lang='lat' dir='ltr'><strong>patrimonii</strong></span> <span class='ocrx_word' id='word_1_361' title='bbox 960 2843 1303 2915; x_wconf 78' lang='lat' dir='ltr'><strong>amp‘i‘.udo,</strong></span> <span class='ocrx_word' id='word_1_362' title='bbox 1328 2844 1395 2899; x_wconf 93' lang='lat' dir='ltr'><strong>ad</strong></span> <span class='ocrx_word' id='word_1_363' title='bbox 1421 2848 1746 2901; x_wconf 88' lang='lat' dir='ltr'><strong>extremum</strong></span> <span class='ocrx_word' id='word_1_364' title='bbox 1772 2860 1876 2902; x_wconf 92' lang='lat' dir='ltr'><strong>nec</strong></span> 
     </span>
    </p>
   </div>
   <div class='ocr_carea' id='block_1_47' title="bbox 238 2931 1875 3003">
    <p class='ocr_par' dir='ltr' id='par_1_47' title="bbox 238 2931 1875 3003">
     <span class='ocr_line' id='line_1_47' title="bbox 238 2931 1875 3003; baseline 0 -13"><span class='ocrx_word' id='word_1_365' title='bbox 238 2936 449 2991; x_wconf 87' lang='lat' dir='ltr'><strong>amicus</strong></span> <span class='ocrx_word' id='word_1_366' title='bbox 477 2933 748 2991; x_wconf 90' lang='lat' dir='ltr'><strong>amicum.</strong></span> <span class='ocrx_word' id='word_1_367' title='bbox 776 2933 988 2989; x_wconf 82' lang='lat' dir='ltr'><strong>Omnes</strong></span> <span class='ocrx_word' id='word_1_368' title='bbox 1017 2931 1166 2987; x_wconf 91' lang='lat' dir='ltr'><strong>enim</strong></span> <span class='ocrx_word' id='word_1_369' title='bbox 1199 2936 1340 2989; x_wconf 83' lang='lat' dir='ltr'><strong>tunc</strong></span> <span class='ocrx_word' id='word_1_370' title='bbox 1371 2932 1604 3003; x_wconf 90' lang='lat' dir='ltr'><strong>propria</strong></span> <span class='ocrx_word' id='word_1_371' title='bbox 1651 2933 1875 2990; x_wconf 89' lang='lat' dir='ltr'><strong>sarcina</strong></span> 
     </span>
    </p>
   </div>
   <div class='ocr_carea' id='block_1_48' title="bbox 236 3020 1877 3093">
    <p class='ocr_par' dir='ltr' id='par_1_48' title="bbox 236 3020 1877 3093">
     <span class='ocr_line' id='line_1_48' title="bbox 236 3020 1877 3093; baseline -0.005 -10"><span class='ocrx_word' id='word_1_372' title='bbox 236 3023 628 3083; x_wconf 72' lang='lat' dir='ltr'><strong>c3mitabitur.</strong></span> <span class='ocrx_word' id='word_1_373' title='bbox 656 3023 760 3093; x_wconf 84' lang='lat' dir='ltr'><strong>Tu,</strong></span> <span class='ocrx_word' id='word_1_374' title='bbox 785 3020 1013 3078; x_wconf 90' lang='lat' dir='ltr'><strong>domine</strong></span> <span class='ocrx_word' id='word_1_375' title='bbox 1038 3033 1219 3090; x_wconf 89' lang='lat' dir='ltr'><strong>meus,</strong></span> <span class='ocrx_word' id='word_1_376' title='bbox 1244 3025 1435 3076; x_wconf 90' lang='lat' dir='ltr'><strong>tecum</strong></span> <span class='ocrx_word' id='word_1_377' title='bbox 1469 3020 1688 3076; x_wconf 88' lang='lat' dir='ltr'><strong>habens</strong></span> <span class='ocrx_word' id='word_1_378' title='bbox 1719 3020 1877 3076; x_wconf 85' lang='lat' dir='ltr'><strong>Chri-</strong></span> 
     </span>
    </p>
   </div>
   <div class='ocr_carea' id='block_1_49' title="bbox 235 3107 1877 3183">
    <p class='ocr_par' dir='ltr' id='par_1_49' title="bbox 235 3107 1877 3183">
     <span class='ocr_line' id='line_1_49' title="bbox 235 3107 1877 3183; baseline -0.002 -14"><span class='ocrx_word' id='word_1_379' title='bbox 235 3119 394 3183; x_wconf 89' lang='lat' dir='ltr'><strong>stum,</strong></span> <span class='ocrx_word' id='word_1_380' title='bbox 434 3111 490 3167; x_wconf 92' lang='lat' dir='ltr'><strong>in</strong></span> <span class='ocrx_word' id='word_1_381' title='bbox 523 3125 639 3181; x_wconf 91' lang='lat' dir='ltr'><strong>quo</strong></span> <span class='ocrx_word' id='word_1_382' title='bbox 670 3110 858 3167; x_wconf 91' lang='lat' dir='ltr'><strong>omnia</strong></span> <span class='ocrx_word' id='word_1_383' title='bbox 888 3114 987 3165; x_wconf 92' lang='lat' dir='ltr'><strong>tua</strong></span> <span class='ocrx_word' id='word_1_384' title='bbox 1030 3123 1169 3180; x_wconf 89' lang='lat' dir='ltr'><strong>repo</strong></span> <span class='ocrx_word' id='word_1_385' title='bbox 1207 3108 1364 3179; x_wconf 89' lang='lat' dir='ltr'><strong>nisti,</strong></span> <span class='ocrx_word' id='word_1_386' title='bbox 1419 3122 1595 3179; x_wconf 88' lang='lat' dir='ltr'><strong>perge</strong></span> <span class='ocrx_word' id='word_1_387' title='bbox 1643 3107 1877 3165; x_wconf 86' lang='lat' dir='ltr'><strong>fiducia-</strong></span> 
     </span>
    </p>
   </div>
   <div class='ocr_carea' id='block_1_50' title="bbox 237 3196 1872 3274">
    <p class='ocr_par' dir='ltr' id='par_1_50' title="bbox 237 3196 1872 3274">
     <span class='ocr_line' id='line_1_50' title="bbox 237 3196 1872 3274; baseline -0.001 -18"><span class='ocrx_word' id='word_1_388' title='bbox 237 3201 375 3271; x_wconf 86' lang='lat' dir='ltr'><strong>li.er,</strong></span> <span class='ocrx_word' id='word_1_389' title='bbox 414 3214 602 3274; x_wconf 85' lang='lat' dir='ltr'><strong>perge</strong></span> <span class='ocrx_word' id='word_1_390' title='bbox 636 3214 706 3256; x_wconf 91' lang='lat' dir='ltr'><strong>ne</strong></span> <span class='ocrx_word' id='word_1_391' title='bbox 738 3200 946 3255; x_wconf 91' lang='lat' dir='ltr'><strong>timeas</strong></span> <span class='ocrx_word' id='word_1_392' title='bbox 967 3203 1030 3255; x_wconf 92' lang='lat' dir='ltr'><strong>ut</strong></span> <span class='ocrx_word' id='word_1_393' title='bbox 1057 3197 1347 3269; x_wconf 90' lang='lat' dir='ltr'><strong>percipias</strong></span> <span class='ocrx_word' id='word_1_394' title='bbox 1369 3196 1648 3269; x_wconf 88' lang='lat' dir='ltr'><strong>promissa</strong></span> <span class='ocrx_word' id='word_1_395' title='bbox 1674 3197 1872 3268; x_wconf 90' lang='lat' dir='ltr'><strong>ipsius.</strong></span> 
     </span>
    </p>
   </div>
   <div class='ocr_carea' id='block_1_51' title="bbox 238 3283 1877 3346">
    <p class='ocr_par' dir='ltr' id='par_1_51' title="bbox 238 3283 1877 3346">
     <span class='ocr_line' id='line_1_51' title="bbox 238 3283 1877 3346; baseline -0.004 0"><span class='ocrx_word' id='word_1_396' title='bbox 238 3291 341 3346; x_wconf 81' lang='lat' dir='ltr'><strong>Non</strong></span> <span class='ocrx_word' id='word_1_397' title='bbox 381 3292 632 3345; x_wconf 88' lang='lat' dir='ltr'><strong>revocet</strong></span> <span class='ocrx_word' id='word_1_398' title='bbox 674 3292 735 3343; x_wconf 92' lang='lat' dir='ltr'><strong>te</strong></span> <span class='ocrx_word' id='word_1_399' title='bbox 786 3286 940 3343; x_wconf 90' lang='lat' dir='ltr'><strong>ullus</strong></span> <span class='ocrx_word' id='word_1_400' title='bbox 970 3285 1220 3342; x_wconf 89' lang='lat' dir='ltr'><strong>intuitus</strong></span> <span class='ocrx_word' id='word_1_401' title='bbox 1254 3299 1448 3341; x_wconf 91' lang='lat' dir='ltr'><strong>rerum</strong></span> <span class='ocrx_word' id='word_1_402' title='bbox 1479 3283 1641 3340; x_wconf 92' lang='lat' dir='ltr'><strong>velut</strong></span> <span class='ocrx_word' id='word_1_403' title='bbox 1675 3284 1877 3340; x_wconf 92' lang='lat' dir='ltr'><strong>umbra</strong></span> 
     </span>
    </p>
   </div>
   <div class='ocr_carea' id='block_1_52' title="bbox 239 3372 1873 3445">
    <p class='ocr_par' dir='ltr' id='par_1_52' title="bbox 239 3372 1873 3445">
     <span class='ocr_line' id='line_1_52' title="bbox 239 3372 1873 3445; baseline -0.001 -13"><span class='ocrx_word' id='word_1_404' title='bbox 239 3377 684 3437; x_wconf 84' lang='lat' dir='ltr'><strong>transeuntium.</strong></span> <span class='ocrx_word' id='word_1_405' title='bbox 720 3390 830 3431; x_wconf 90' lang='lat' dir='ltr'><strong>non</strong></span> <span class='ocrx_word' id='word_1_406' title='bbox 860 3375 1077 3445; x_wconf 76' lang='lat' dir='ltr'><strong>afﬁnes,</strong></span> <span class='ocrx_word' id='word_1_407' title='bbox 1114 3388 1222 3430; x_wconf 92' lang='lat' dir='ltr'><strong>non</strong></span> <span class='ocrx_word' id='word_1_408' title='bbox 1258 3378 1563 3445; x_wconf 90' lang='lat' dir='ltr'><strong>parentum</strong></span> <span class='ocrx_word' id='word_1_409' title='bbox 1603 3372 1873 3443; x_wconf 82' lang='lat' dir='ltr'><strong>gemitus,</strong></span> 
     </span>
    </p>
   </div>
   <div class='ocr_carea' id='block_1_53' title="bbox 240 3461 1881 3538">
    <p class='ocr_par' dir='ltr' id='par_1_53' title="bbox 240 3461 1881 3538">
     <span class='ocr_line' id='line_1_53' title="bbox 240 3461 1881 3538; baseline -0.004 -17"><span class='ocrx_word' id='word_1_410' title='bbox 240 3482 334 3523; x_wconf 89' lang='lat' dir='ltr'><strong>non</strong></span> <span class='ocrx_word' id='word_1_411' title='bbox 356 3464 746 3538; x_wconf 63' lang='lat' dir='ltr'><strong>pulchritudo</strong></span> <span class='ocrx_word' id='word_1_412' title='bbox 768 3464 888 3535; x_wconf 90' lang='lat' dir='ltr'><strong>ipsa</strong></span> <span class='ocrx_word' id='word_1_413' title='bbox 913 3462 1178 3534; x_wconf 88' lang='lat' dir='ltr'><strong>corporis</strong></span> <span class='ocrx_word' id='word_1_414' title='bbox 1197 3462 1281 3517; x_wconf 94' lang='lat' dir='ltr'><strong>tui</strong></span> <span class='ocrx_word' id='word_1_415' title='bbox 1303 3478 1317 3527; x_wconf 91' lang='lat'><strong>;</strong></span> <span class='ocrx_word' id='word_1_416' title='bbox 1340 3477 1579 3520; x_wconf 87' lang='lat' dir='ltr'><strong>exsecra</strong></span> <span class='ocrx_word' id='word_1_417' title='bbox 1615 3461 1881 3518; x_wconf 85' lang='lat' dir='ltr'><strong>seducto-</strong></span> 
     </span>
    </p>
   </div>
   <div class='ocr_carea' id='block_1_54' title="bbox 238 3549 1881 3622">
    <p class='ocr_par' dir='ltr' id='par_1_54' title="bbox 238 3549 1881 3622">
     <span class='ocr_line' id='line_1_54' title="bbox 238 3549 1881 3622; baseline -0.001 -13"><span class='ocrx_word' id='word_1_418' title='bbox 238 3570 348 3611; x_wconf 92' lang='lat' dir='ltr'><strong>rum</strong></span> <span class='ocrx_word' id='word_1_419' title='bbox 369 3552 753 3611; x_wconf 88' lang='lat' dir='ltr'><strong>adulationes</strong></span> <span class='ocrx_word' id='word_1_420' title='bbox 774 3551 1120 3615; x_wconf 84' lang='lat' dir='ltr'><strong>amicorum;</strong></span> <span class='ocrx_word' id='word_1_421' title='bbox 1148 3566 1255 3607; x_wconf 93' lang='lat' dir='ltr'><strong>non</strong></span> <span class='ocrx_word' id='word_1_422' title='bbox 1281 3555 1339 3606; x_wconf 93' lang='lat' dir='ltr'><strong>te</strong></span> <span class='ocrx_word' id='word_1_423' title='bbox 1363 3554 1622 3607; x_wconf 88' lang='lat' dir='ltr'><strong>terreant</strong></span> <span class='ocrx_word' id='word_1_424' title='bbox 1658 3549 1825 3622; x_wconf 80' lang='lat' dir='ltr'><strong>speci</strong></span> <span class='ocrx_word' id='word_1_425' title='bbox 1841 3565 1881 3607; x_wconf 90' lang='lat' dir='ltr'><strong>-s</strong></span> 
     </span>
    </p>
   </div>
   <div class='ocr_carea' id='block_1_55' title="bbox 239 3639 1878 3710">
    <p class='ocr_par' dir='ltr' id='par_1_55' title="bbox 239 3639 1878 3710">
     <span class='ocr_line' id='line_1_55' title="bbox 239 3639 1878 3710; baseline -0.004 -11"><span class='ocrx_word' id='word_1_426' title='bbox 239 3647 678 3699; x_wconf 88' lang='lat' dir='ltr'><strong>tormentorum.</strong></span> <span class='ocrx_word' id='word_1_427' title='bbox 730 3641 942 3696; x_wconf 79' lang='lat' dir='ltr'><strong>florum</strong></span> <span class='ocrx_word' id='word_1_428' title='bbox 995 3639 1091 3709; x_wconf 93' lang='lat' dir='ltr'><strong>qui</strong></span> <span class='ocrx_word' id='word_1_429' title='bbox 1140 3644 1334 3696; x_wconf 89' lang='lat' dir='ltr'><strong>tecum</strong></span> <span class='ocrx_word' id='word_1_430' title='bbox 1383 3643 1517 3697; x_wconf 90' lang='lat' dir='ltr'><strong>sunt</strong></span> <span class='ocrx_word' id='word_1_431' title='bbox 1563 3643 1878 3710; x_wconf 81' lang='lat' dir='ltr'><strong>martyrum</strong></span> 
     </span>
    </p>
   </div>
   <div class='ocr_carea' id='block_1_56' title="bbox 237 3726 1876 3800">
    <p class='ocr_par' dir='ltr' id='par_1_56' title="bbox 237 3726 1876 3800">
     <span class='ocr_line' id='line_1_56' title="bbox 237 3726 1876 3800; baseline -0.002 -14"><span class='ocrx_word' id='word_1_432' title='bbox 237 3730 616 3788; x_wconf 68' lang='lat' dir='ltr'><strong>canstantiam</strong></span> <span class='ocrx_word' id='word_1_433' title='bbox 642 3733 700 3785; x_wconf 92' lang='lat' dir='ltr'><strong>et</strong></span> <span class='ocrx_word' id='word_1_434' title='bbox 725 3727 1064 3800; x_wconf 76' lang='lat' dir='ltr'><strong>patientiam</strong></span> <span class='ocrx_word' id='word_1_435' title='bbox 1088 3728 1303 3799; x_wconf 90' lang='lat' dir='ltr'><strong>aspice,</strong></span> <span class='ocrx_word' id='word_1_436' title='bbox 1328 3728 1419 3784; x_wconf 90' lang='lat' dir='ltr'><strong>his</strong></span> <span class='ocrx_word' id='word_1_437' title='bbox 1452 3728 1589 3785; x_wconf 90' lang='lat' dir='ltr'><strong>solis</strong></span> <span class='ocrx_word' id='word_1_438' title='bbox 1621 3726 1876 3783; x_wconf 88' lang='lat' dir='ltr'><strong>intende.</strong></span> 
     </span>
    </p>
   </div>
   <div class='ocr_carea' id='block_1_57' title="bbox 234 3814 1878 3891">
    <p class='ocr_par' dir='ltr' id='par_1_57' title="bbox 234 3814 1878 3891">
     <span class='ocr_line' id='line_1_57' title="bbox 234 3814 1878 3891; baseline -0.004 -17"><span class='ocrx_word' id='word_1_439' title='bbox 234 3820 352 3876; x_wconf 77' lang='lat' dir='ltr'><strong>llaec</strong></span> <span class='ocrx_word' id='word_1_440' title='bbox 386 3822 704 3891; x_wconf 88' lang='lat' dir='ltr'><strong>postquam</strong></span> <span class='ocrx_word' id='word_1_441' title='bbox 737 3814 1156 3886; x_wconf 89' lang='lat' dir='ltr'><strong>gloriosissima</strong></span> <span class='ocrx_word' id='word_1_442' title='bbox 1191 3816 1395 3872; x_wconf 84' lang='lat' dir='ltr'><strong>femina</strong></span> <span class='ocrx_word' id='word_1_443' title='bbox 1432 3821 1735 3888; x_wconf 91' lang='lat' dir='ltr'><strong>persecuta</strong></span> <span class='ocrx_word' id='word_1_444' title='bbox 1768 3819 1878 3883; x_wconf 92' lang='lat' dir='ltr'><strong>est,</strong></span> 
     </span>
    </p>
   </div>
   <div class='ocr_carea' id='block_1_58' title="bbox 236 3904 1883 3978">
    <p class='ocr_par' dir='ltr' id='par_1_58' title="bbox 236 3904 1883 3978">
     <span class='ocr_line' id='line_1_58' title="bbox 236 3904 1883 3978; baseline -0.002 -16"><span class='ocrx_word' id='word_1_445' title='bbox 236 3907 592 3978; x_wconf 85' lang='lat' dir='ltr'><strong>singulorum</strong></span> <span class='ocrx_word' id='word_1_446' title='bbox 647 3909 964 3975; x_wconf 83' lang='lat' dir='ltr'><strong>martyrum</strong></span> <span class='ocrx_word' id='word_1_447' title='bbox 1007 3904 1236 3961; x_wconf 90' lang='lat' dir='ltr'><strong>vincula</strong></span> <span class='ocrx_word' id='word_1_448' title='bbox 1280 3905 1314 3961; x_wconf 93' lang='lat' dir='ltr'><strong>d</strong></span> <span class='ocrx_word' id='word_1_449' title='bbox 1354 3904 1626 3962; x_wconf 87' lang='lat' dir='ltr'><strong>osculans</strong></span> <span class='ocrx_word' id='word_1_450' title='bbox 1669 3921 1680 3957; x_wconf 91' lang='lat'>:</span> <span class='ocrx_word' id='word_1_451' title='bbox 1726 3905 1883 3972; x_wconf 83' lang='lat' dir='ltr'><strong>Rogo</strong></span> 
     </span>
    </p>
   </div>
   <div class='ocr_carea' id='block_1_59' title="bbox 235 3991 1881 4067">
    <p class='ocr_par' dir='ltr' id='par_1_59' title="bbox 235 3991 1881 4067">
     <span class='ocr_line' id='line_1_59' title="bbox 235 3991 1881 4067; baseline -0.003 -15"><span class='ocrx_word' id='word_1_452' title='bbox 235 4011 344 4067; x_wconf 86' lang='lat' dir='ltr'><strong>vos,</strong></span> <span class='ocrx_word' id='word_1_453' title='bbox 361 3994 578 4066; x_wconf 88' lang='lat' dir='ltr'><strong>inquit,</strong></span> <span class='ocrx_word' id='word_1_454' title='bbox 604 3992 757 4050; x_wconf 86' lang='lat' dir='ltr'><strong>servi</strong></span> <span class='ocrx_word' id='word_1_455' title='bbox 783 3993 1017 4064; x_wconf 88' lang='lat' dir='ltr'><strong>Christi,</strong></span> <span class='ocrx_word' id='word_1_456' title='bbox 1042 3994 1369 4051; x_wconf 87' lang='lat' dir='ltr'><strong>confortate</strong></span> <span class='ocrx_word' id='word_1_457' title='bbox 1394 3995 1543 4050; x_wconf 91' lang='lat' dir='ltr'><strong>hunc</strong></span> <span class='ocrx_word' id='word_1_458' title='bbox 1566 3991 1881 4048; x_wconf 88' lang='lat' dir='ltr'><strong>Adrianum</strong></span> 
     </span>
    </p>
   </div>
   <div class='ocr_carea' id='block_1_60' title="bbox 238 4080 1882 4153">
    <p class='ocr_par' dir='ltr' id='par_1_60' title="bbox 238 4080 1882 4153">
     <span class='ocr_line' id='line_1_60' title="bbox 238 4080 1882 4153; baseline -0.003 -13"><span class='ocrx_word' id='word_1_459' title='bbox 238 4083 586 4142; x_wconf 86' lang='lat' dir='ltr'><strong>beatissimis</strong></span> <span class='ocrx_word' id='word_1_460' title='bbox 616 4082 871 4153; x_wconf 87' lang='lat' dir='ltr'><strong>monitis,</strong></span> <span class='ocrx_word' id='word_1_461' title='bbox 904 4087 964 4139; x_wconf 92' lang='lat' dir='ltr'><strong>et</strong></span> <span class='ocrx_word' id='word_1_462' title='bbox 1004 4082 1331 4139; x_wconf 90' lang='lat' dir='ltr'><strong>lucrifacite</strong></span> <span class='ocrx_word' id='word_1_463' title='bbox 1372 4082 1617 4139; x_wconf 90' lang='lat' dir='ltr'><strong>animam</strong></span> <span class='ocrx_word' id='word_1_464' title='bbox 1658 4081 1786 4152; x_wconf 89' lang='lat' dir='ltr'><strong>ejus</strong></span> <span class='ocrx_word' id='word_1_465' title='bbox 1826 4080 1882 4135; x_wconf 93' lang='lat' dir='ltr'><strong>in</strong></span> 
     </span>
    </p>
   </div>
   <div class='ocr_carea' id='block_1_61' title="bbox 236 4169 1883 4243">
    <p class='ocr_par' dir='ltr' id='par_1_61' title="bbox 236 4169 1883 4243">
     <span class='ocr_line' id='line_1_61' title="bbox 236 4169 1883 4243; baseline 0 -17"><span class='ocrx_word' id='word_1_466' title='bbox 236 4172 462 4230; x_wconf 71' lang='lat' dir='ltr'><strong>Christo</strong></span> <span class='ocrx_word' id='word_1_467' title='bbox 488 4190 502 4225; x_wconf 90' lang='lat'>:</span> <span class='ocrx_word' id='word_1_468' title='bbox 529 4185 633 4227; x_wconf 89' lang='lat' dir='ltr'><strong>vos</strong></span> <span class='ocrx_word' id='word_1_469' title='bbox 657 4169 786 4227; x_wconf 90' lang='lat' dir='ltr'><strong>sitis</strong></span> <span class='ocrx_word' id='word_1_470' title='bbox 805 4170 857 4226; x_wconf 90' lang='lat' dir='ltr'><strong>ei</strong></span> <span class='ocrx_word' id='word_1_471' title='bbox 884 4175 1102 4243; x_wconf 92' lang='lat' dir='ltr'><strong>patres,</strong></span> <span class='ocrx_word' id='word_1_472' title='bbox 1131 4185 1231 4242; x_wconf 90' lang='lat' dir='ltr'><strong>per</strong></span> <span class='ocrx_word' id='word_1_473' title='bbox 1248 4186 1350 4228; x_wconf 90' lang='lat' dir='ltr'><strong>vos</strong></span> <span class='ocrx_word' id='word_1_474' title='bbox 1362 4174 1635 4228; x_wconf 89' lang='lat' dir='ltr'><strong>nascatur</strong></span> <span class='ocrx_word' id='word_1_475' title='bbox 1648 4175 1883 4226; x_wconf 65' lang='lat' dir='ltr'><strong>aeternae</strong></span> 
     </span>
    </p>
   </div>
   <div class='ocr_carea' id='block_1_62' title="bbox 235 4258 1882 4330">
    <p class='ocr_par' dir='ltr' id='par_1_62' title="bbox 235 4258 1882 4330">
     <span class='ocr_line' id='line_1_62' title="bbox 235 4258 1882 4330; baseline 0 -15"><span class='ocrx_word' id='word_1_476' title='bbox 235 4260 377 4317; x_wconf 78' lang='lat' dir='ltr'><strong>vitae.</strong></span> <span class='ocrx_word' id='word_1_477' title='bbox 417 4259 508 4316; x_wconf 78' lang='lat' dir='ltr'><strong>Ad</strong></span> <span class='ocrx_word' id='word_1_478' title='bbox 546 4273 717 4329; x_wconf 90' lang='lat' dir='ltr'><strong>quam</strong></span> <span class='ocrx_word' id='word_1_479' title='bbox 743 4258 952 4316; x_wconf 88' lang='lat' dir='ltr'><strong>beatus</strong></span> <span class='ocrx_word' id='word_1_480' title='bbox 974 4260 1265 4317; x_wconf 81' lang='lat' dir='ltr'><strong>Adrianus</strong></span> <span class='ocrx_word' id='word_1_481' title='bbox 1284 4259 1430 4316; x_wconf 82' lang='lat' dir='ltr'><strong>dixit</strong></span> <span class='ocrx_word' id='word_1_482' title='bbox 1458 4279 1470 4314; x_wconf 91' lang='lat'>:</span> <span class='ocrx_word' id='word_1_483' title='bbox 1496 4260 1677 4329; x_wconf 88' lang='lat' dir='ltr'><strong>Perge</strong></span> <span class='ocrx_word' id='word_1_484' title='bbox 1709 4274 1882 4330; x_wconf 92' lang='lat' dir='ltr'><strong>nunc,</strong></span> 
     </span>
    </p>
   </div>
   <div class='ocr_carea' id='block_1_63' title="bbox 236 4346 1883 4419">
    <p class='ocr_par' dir='ltr' id='par_1_63' title="bbox 236 4346 1883 4419">
     <span class='ocr_line' id='line_1_63' title="bbox 236 4346 1883 4419; baseline -0.001 -15"><span class='ocrx_word' id='word_1_485' title='bbox 236 4364 389 4405; x_wconf 91' lang='lat' dir='ltr'><strong>soror</strong></span> <span class='ocrx_word' id='word_1_486' title='bbox 423 4363 574 4417; x_wconf 89' lang='lat' dir='ltr'><strong>mea,</strong></span> <span class='ocrx_word' id='word_1_487' title='bbox 610 4346 664 4402; x_wconf 93' lang='lat' dir='ltr'><strong>in</strong></span> <span class='ocrx_word' id='word_1_488' title='bbox 699 4347 931 4404; x_wconf 92' lang='lat' dir='ltr'><strong>domum</strong></span> <span class='ocrx_word' id='word_1_489' title='bbox 965 4351 1146 4419; x_wconf 91' lang='lat' dir='ltr'><strong>tuam,</strong></span> <span class='ocrx_word' id='word_1_490' title='bbox 1177 4353 1233 4404; x_wconf 93' lang='lat' dir='ltr'><strong>et</strong></span> <span class='ocrx_word' id='word_1_491' title='bbox 1266 4363 1397 4405; x_wconf 87' lang='lat' dir='ltr'><strong>cum</strong></span> <span class='ocrx_word' id='word_1_492' title='bbox 1427 4362 1717 4417; x_wconf 85' lang='lat' dir='ltr'><strong>agnovero</strong></span> <span class='ocrx_word' id='word_1_493' title='bbox 1759 4347 1883 4403; x_wconf 84' lang='lat' dir='ltr'><strong>fieri</strong></span> 
     </span>
    </p>
   </div>
   <div class='ocr_carea' id='block_1_64' title="bbox 234 4419 1957 4507">
    <p class='ocr_par' dir='ltr' id='par_1_64' title="bbox 234 4419 1957 4507">
     <span class='ocr_line' id='line_1_64' title="bbox 234 4419 1957 4507; baseline 0.002 -17"><span class='ocrx_word' id='word_1_494' title='bbox 234 4436 752 4507; x_wconf 68' lang='lat' dir='ltr'><strong>interrogationem</strong></span> <span class='ocrx_word' id='word_1_495' title='bbox 797 4439 1075 4505; x_wconf 90' lang='lat' dir='ltr'><strong>nostram,</strong></span> <span class='ocrx_word' id='word_1_496' title='bbox 1116 4451 1284 4492; x_wconf 91' lang='lat' dir='ltr'><strong>accer</strong></span> <span class='ocrx_word' id='word_1_497' title='bbox 1318 4450 1406 4491; x_wconf 93' lang='lat' dir='ltr'><strong>am</strong></span> <span class='ocrx_word' id='word_1_498' title='bbox 1447 4440 1529 4506; x_wconf 93' lang='lat' dir='ltr'><strong>te,</strong></span> <span class='ocrx_word' id='word_1_499' title='bbox 1574 4441 1635 4493; x_wconf 92' lang='lat' dir='ltr'><strong>ut</strong></span> <span class='ocrx_word' id='word_1_500' title='bbox 1677 4436 1878 4493; x_wconf 89' lang='lat' dir='ltr'><strong>videas</strong></span> <span class='ocrx_word' id='word_1_501' title='bbox 1909 4419 1957 4479; x_wconf 82' lang='lat' dir='ltr'>D</span> 
     </span>
    </p>
   </div>
   <div class='ocr_carea' id='block_1_65' title="bbox 236 4522 1880 4594">
    <p class='ocr_par' dir='ltr' id='par_1_65' title="bbox 236 4522 1880 4594">
     <span class='ocr_line' id='line_1_65' title="bbox 236 4522 1880 4594; baseline 0.001 -15"><span class='ocrx_word' id='word_1_502' title='bbox 236 4523 395 4581; x_wconf 83' lang='lat' dir='ltr'><strong>finem</strong></span> <span class='ocrx_word' id='word_1_503' title='bbox 424 4524 532 4580; x_wconf 90' lang='lat' dir='ltr'><strong>rei.</strong></span> <span class='ocrx_word' id='word_1_504' title='bbox 559 4526 696 4580; x_wconf 87' lang='lat' dir='ltr'><strong>Post</strong></span> <span class='ocrx_word' id='word_1_505' title='bbox 723 4522 943 4593; x_wconf 91' lang='lat' dir='ltr'><strong>aliquot</strong></span> <span class='ocrx_word' id='word_1_506' title='bbox 969 4524 1095 4580; x_wconf 89' lang='lat' dir='ltr'><strong>dies</strong></span> <span class='ocrx_word' id='word_1_507' title='bbox 1115 4539 1244 4579; x_wconf 92' lang='lat' dir='ltr'><strong>cum</strong></span> <span class='ocrx_word' id='word_1_508' title='bbox 1271 4524 1880 4594; x_wconf 69' lang='lat' dir='ltr'><strong>quasstioimmineret,</strong></span> 
     </span>
    </p>
   </div>
   <div class='ocr_carea' id='block_1_66' title="bbox 236 4610 1886 4684">
    <p class='ocr_par' dir='ltr' id='par_1_66' title="bbox 236 4610 1886 4684">
     <span class='ocr_line' id='line_1_66' title="bbox 236 4610 1886 4684; baseline 0 -17"><span class='ocrx_word' id='word_1_509' title='bbox 236 4612 441 4670; x_wconf 88' lang='lat' dir='ltr'><strong>beatus</strong></span> <span class='ocrx_word' id='word_1_510' title='bbox 466 4612 755 4670; x_wconf 82' lang='lat' dir='ltr'><strong>Adrianus</strong></span> <span class='ocrx_word' id='word_1_511' title='bbox 778 4612 916 4668; x_wconf 92' lang='lat' dir='ltr'><strong>dato</strong></span> <span class='ocrx_word' id='word_1_512' title='bbox 940 4612 1129 4684; x_wconf 90' lang='lat' dir='ltr'><strong>pretio</strong></span> <span class='ocrx_word' id='word_1_513' title='bbox 1150 4610 1513 4682; x_wconf 89' lang='lat' dir='ltr'><strong>custodibus,</strong></span> <span class='ocrx_word' id='word_1_514' title='bbox 1546 4614 1605 4667; x_wconf 91' lang='lat' dir='ltr'><strong>et</strong></span> <span class='ocrx_word' id='word_1_515' title='bbox 1638 4610 1793 4667; x_wconf 90' lang='lat' dir='ltr'><strong>datis</strong></span> <span class='ocrx_word' id='word_1_516' title='bbox 1826 4612 1886 4667; x_wconf 89' lang='lat' dir='ltr'><strong>ll-</strong></span> 
     </span>
    </p>
   </div>
   <div class='ocr_carea' id='block_1_67' title="bbox 238 4699 1885 4772">
    <p class='ocr_par' dir='ltr' id='par_1_67' title="bbox 238 4699 1885 4772">
     <span class='ocr_line' id='line_1_67' title="bbox 238 4699 1885 4772; baseline 0 -17"><span class='ocrx_word' id='word_1_517' title='bbox 238 4699 653 4772; x_wconf 79' lang='lat' dir='ltr'><strong>dejussoribus,</strong></span> <span class='ocrx_word' id='word_1_518' title='bbox 684 4700 944 4771; x_wconf 91' lang='lat' dir='ltr'><strong>perrexit</strong></span> <span class='ocrx_word' id='word_1_519' title='bbox 968 4701 1037 4757; x_wconf 93' lang='lat' dir='ltr'><strong>ad</strong></span> <span class='ocrx_word' id='word_1_520' title='bbox 1063 4701 1292 4757; x_wconf 91' lang='lat' dir='ltr'><strong>domum</strong></span> <span class='ocrx_word' id='word_1_521' title='bbox 1317 4714 1476 4757; x_wconf 92' lang='lat' dir='ltr'><strong>suam</strong></span> <span class='ocrx_word' id='word_1_522' title='bbox 1513 4714 1719 4756; x_wconf 90' lang='lat' dir='ltr'><strong>vocare</strong></span> <span class='ocrx_word' id='word_1_523' title='bbox 1755 4701 1885 4755; x_wconf 90' lang='lat' dir='ltr'><strong>bea-</strong></span> 
     </span>
    </p>
   </div>
   <div class='ocr_carea' id='block_1_68' title="bbox 238 4788 1883 4861">
    <p class='ocr_par' dir='ltr' id='par_1_68' title="bbox 238 4788 1883 4861">
     <span class='ocr_line' id='line_1_68' title="bbox 238 4788 1883 4861; baseline 0.001 -19"><span class='ocrx_word' id='word_1_524' title='bbox 238 4790 346 4844; x_wconf 90' lang='lat' dir='ltr'><strong>tam</strong></span> <span class='ocrx_word' id='word_1_525' title='bbox 368 4788 678 4846; x_wconf 85' lang='lat' dir='ltr'><strong>Nataliam.</strong></span> <span class='ocrx_word' id='word_1_526' title='bbox 708 4790 966 4860; x_wconf 90' lang='lat' dir='ltr'><strong>Cumque</strong></span> <span class='ocrx_word' id='word_1_527' title='bbox 990 4792 1282 4861; x_wconf 87' lang='lat' dir='ltr'><strong>pergeret.</strong></span> <span class='ocrx_word' id='word_1_528' title='bbox 1308 4788 1599 4845; x_wconf 90' lang='lat' dir='ltr'><strong>viditeum</strong></span> <span class='ocrx_word' id='word_1_529' title='bbox 1625 4788 1720 4859; x_wconf 90' lang='lat' dir='ltr'><strong>qui</strong></span> <span class='ocrx_word' id='word_1_530' title='bbox 1740 4789 1883 4844; x_wconf 91' lang='lat' dir='ltr'><strong>bene</strong></span> 
     </span>
    </p>
   </div>
   <div class='ocr_carea' id='block_1_69' title="bbox 240 4875 1883 4949">
    <p class='ocr_par' dir='ltr' id='par_1_69' title="bbox 240 4875 1883 4949">
     <span class='ocr_line' id='line_1_69' title="bbox 240 4875 1883 4949; baseline 0.002 -20"><span class='ocrx_word' id='word_1_531' title='bbox 240 4875 391 4934; x_wconf 92' lang='lat' dir='ltr'><strong>illum</strong></span> <span class='ocrx_word' id='word_1_532' title='bbox 418 4882 684 4949; x_wconf 89' lang='lat' dir='ltr'><strong>noverat,</strong></span> <span class='ocrx_word' id='word_1_533' title='bbox 710 4882 768 4934; x_wconf 92' lang='lat' dir='ltr'><strong>et</strong></span> <span class='ocrx_word' id='word_1_534' title='bbox 797 4892 1166 4949; x_wconf 65' lang='lat' dir='ltr'><strong>praecurrens</strong></span> <span class='ocrx_word' id='word_1_535' title='bbox 1179 4877 1431 4947; x_wconf 91' lang='lat' dir='ltr'><strong>domum,</strong></span> <span class='ocrx_word' id='word_1_536' title='bbox 1449 4876 1883 4933; x_wconf 87' lang='lat' dir='ltr'><strong>nuntiaviteum</strong></span> 
     </span>
    </p>
   </div>
   <div class='ocr_carea' id='block_1_70' title="bbox 237 4964 1879 5037">
    <p class='ocr_par' dir='ltr' id='par_1_70' title="bbox 237 4964 1879 5037">
     <span class='ocr_line' id='line_1_70' title="bbox 237 4964 1879 5037; baseline -0.001 -18"><span class='ocrx_word' id='word_1_537' title='bbox 237 4965 451 5022; x_wconf 88' lang='lat' dir='ltr'><strong>venire.</strong></span> <span class='ocrx_word' id='word_1_538' title='bbox 494 4965 659 5033; x_wconf 88' lang='lat' dir='ltr'><strong>Quod</strong></span> <span class='ocrx_word' id='word_1_539' title='bbox 705 4980 851 5021; x_wconf 88' lang='lat' dir='ltr'><strong>uxor</strong></span> <span class='ocrx_word' id='word_1_540' title='bbox 898 4965 1161 5036; x_wconf 88' lang='lat' dir='ltr'><strong>audiens,</strong></span> <span class='ocrx_word' id='word_1_541' title='bbox 1214 4965 1398 5037; x_wconf 90' lang='lat' dir='ltr'><strong>primo</strong></span> <span class='ocrx_word' id='word_1_542' title='bbox 1448 4979 1556 5022; x_wconf 94' lang='lat' dir='ltr'><strong>non</strong></span> <span class='ocrx_word' id='word_1_543' title='bbox 1608 4964 1879 5035; x_wconf 89' lang='lat' dir='ltr'><strong>credidit,</strong></span> 
     </span>
    </p>
   </div>
   <div class='ocr_carea' id='block_1_71' title="bbox 237 5051 1885 5126">
    <p class='ocr_par' dir='ltr' id='par_1_71' title="bbox 237 5051 1885 5126">
     <span class='ocr_line' id='line_1_71' title="bbox 237 5051 1885 5126; baseline 0.001 -18"><span class='ocrx_word' id='word_1_544' title='bbox 237 5051 391 5123; x_wconf 84' lang='lat' dir='ltr'><strong>Quis,</strong></span> <span class='ocrx_word' id='word_1_545' title='bbox 417 5053 631 5125; x_wconf 74' lang='lat' dir='ltr'><strong>iiquit,</strong></span> <span class='ocrx_word' id='word_1_546' title='bbox 660 5054 849 5126; x_wconf 91' lang='lat' dir='ltr'><strong>potuit</strong></span> <span class='ocrx_word' id='word_1_547' title='bbox 874 5069 1003 5111; x_wconf 92' lang='lat' dir='ltr'><strong>eum</strong></span> <span class='ocrx_word' id='word_1_548' title='bbox 1028 5054 1330 5111; x_wconf 90' lang='lat' dir='ltr'><strong>absolvere</strong></span> <span class='ocrx_word' id='word_1_549' title='bbox 1355 5054 1426 5110; x_wconf 92' lang='lat' dir='ltr'><strong>de</strong></span> <span class='ocrx_word' id='word_1_550' title='bbox 1456 5053 1705 5111; x_wconf 90' lang='lat' dir='ltr'><strong>vinculis</strong></span> <span class='ocrx_word' id='word_1_551' title='bbox 1736 5054 1885 5111; x_wconf 89' lang='lat' dir='ltr'><strong>illis?</strong></span> 
     </span>
    </p>
   </div>
   <div class='ocr_carea' id='block_1_72' title="bbox 237 5140 1889 5214">
    <p class='ocr_par' dir='ltr' id='par_1_72' title="bbox 237 5140 1889 5214">
     <span class='ocr_line' id='line_1_72' title="bbox 237 5140 1889 5214; baseline 0.004 -21"><span class='ocrx_word' id='word_1_552' title='bbox 237 5140 349 5199; x_wconf 72' lang='lat' dir='ltr'><strong>Non</strong></span> <span class='ocrx_word' id='word_1_553' title='bbox 375 5143 512 5199; x_wconf 91' lang='lat' dir='ltr'><strong>mihi</strong></span> <span class='ocrx_word' id='word_1_554' title='bbox 535 5142 859 5214; x_wconf 87' lang='lat' dir='ltr'><strong>contingat,</strong></span> <span class='ocrx_word' id='word_1_555' title='bbox 908 5149 967 5199; x_wconf 93' lang='lat' dir='ltr'><strong>ut</strong></span> <span class='ocrx_word' id='word_1_556' title='bbox 1003 5141 1361 5213; x_wconf 82' lang='lat' dir='ltr'><strong>absolvatur,</strong></span> <span class='ocrx_word' id='word_1_557' title='bbox 1395 5142 1701 5213; x_wconf 88' lang='lat' dir='ltr'><strong>nequando</strong></span> <span class='ocrx_word' id='word_1_558' title='bbox 1731 5156 1889 5214; x_wconf 89' lang='lat' dir='ltr'><strong>sepa-</strong></span> 
     </span>
    </p>
   </div>
   <div class='ocr_carea' id='block_1_73' title="bbox 240 5230 1887 5303">
    <p class='ocr_par' dir='ltr' id='par_1_73' title="bbox 240 5230 1887 5303">
     <span class='ocr_line' id='line_1_73' title="bbox 240 5230 1887 5303; baseline 0.002 -21"><span class='ocrx_word' id='word_1_559' title='bbox 240 5233 403 5286; x_wconf 86' lang='lat' dir='ltr'><strong>retur</strong></span> <span class='ocrx_word' id='word_1_560' title='bbox 425 5246 453 5287; x_wconf 91' lang='lat' dir='ltr'><strong>a</strong></span> <span class='ocrx_word' id='word_1_561' title='bbox 477 5232 698 5289; x_wconf 90' lang='lat' dir='ltr'><strong>sanctis</strong></span> <span class='ocrx_word' id='word_1_562' title='bbox 721 5231 839 5288; x_wconf 88' lang='lat' dir='ltr'><strong>illis</strong></span> <span class='ocrx_word' id='word_1_563' title='bbox 867 5235 925 5288; x_wconf 93' lang='lat' dir='ltr'><strong>et</strong></span> <span class='ocrx_word' id='word_1_564' title='bbox 961 5248 994 5287; x_wconf 95' lang='lat' dir='ltr'><strong>c</strong></span> <span class='ocrx_word' id='word_1_565' title='bbox 1018 5246 1091 5286; x_wconf 82' lang='lat' dir='ltr'><strong>1m</strong></span> <span class='ocrx_word' id='word_1_566' title='bbox 1128 5245 1272 5303; x_wconf 90' lang='lat' dir='ltr'><strong>puer</strong></span> <span class='ocrx_word' id='word_1_567' title='bbox 1303 5230 1656 5288; x_wconf 89' lang='lat' dir='ltr'><strong>domesticus</strong></span> <span class='ocrx_word' id='word_1_568' title='bbox 1684 5246 1810 5302; x_wconf 62' lang='lat' dir='ltr'><strong>sup:</strong></span> <span class='ocrx_word' id='word_1_569' title='bbox 1832 5245 1887 5286; x_wconf 88' lang='lat' dir='ltr'><strong>r-</strong></span> 
     </span>
    </p>
   </div>
   <div class='ocr_carea' id='block_1_74' title="bbox 239 5318 1882 5392">
    <p class='ocr_par' dir='ltr' id='par_1_74' title="bbox 239 5318 1882 5392">
     <span class='ocr_line' id='line_1_74' title="bbox 239 5318 1882 5392; baseline 0.002 -21"><span class='ocrx_word' id='word_1_570' title='bbox 239 5318 489 5376; x_wconf 76' lang='lat' dir='ltr'><strong>veniens</strong></span> <span class='ocrx_word' id='word_1_571' title='bbox 514 5319 829 5377; x_wconf 77' lang='lat' dir='ltr'><strong>affirmaret</strong></span> <span class='ocrx_word' id='word_1_572' title='bbox 879 5335 1009 5376; x_wconf 90' lang='lat' dir='ltr'><strong>eum</strong></span> <span class='ocrx_word' id='word_1_573' title='bbox 1055 5318 1374 5389; x_wconf 90' lang='lat' dir='ltr'><strong>dimissum,</strong></span> <span class='ocrx_word' id='word_1_574' title='bbox 1429 5318 1719 5392; x_wconf 88' lang='lat' dir='ltr'><strong>suspicata</strong></span> <span class='ocrx_word' id='word_1_575' title='bbox 1763 5318 1882 5390; x_wconf 90' lang='lat' dir='ltr'><strong>illa,</strong></span> 
     </span>
    </p>
   </div>
   <div class='ocr_carea' id='block_1_75' title="bbox 242 5405 1886 5483">
    <p class='ocr_par' dir='ltr' id='par_1_75' title="bbox 242 5405 1886 5483">
     <span class='ocr_line' id='line_1_75' title="bbox 242 5405 1886 5483; baseline 0.001 -22"><span class='ocrx_word' id='word_1_576' title='bbox 242 5407 394 5475; x_wconf 88' lang='lat' dir='ltr'><strong>quod</strong></span> <span class='ocrx_word' id='word_1_577' title='bbox 421 5408 758 5483; x_wconf 89' lang='lat' dir='ltr'><strong>martyrium</strong></span> <span class='ocrx_word' id='word_1_578' title='bbox 784 5408 1117 5480; x_wconf 80' lang='lat' dir='ltr'><strong>refugisset,</strong></span> <span class='ocrx_word' id='word_1_579' title='bbox 1149 5405 1495 5465; x_wconf 83' lang='lat' dir='ltr'><strong>contristata</strong></span> <span class='ocrx_word' id='word_1_580' title='bbox 1528 5408 1703 5464; x_wconf 82' lang='lat' dir='ltr'><strong>flebat</strong></span> <span class='ocrx_word' id='word_1_581' title='bbox 1735 5421 1886 5464; x_wconf 88' lang='lat' dir='ltr'><strong>ama-</strong></span> 
     </span>
    </p>
   </div>
   <div class='ocr_carea' id='block_1_76' title="bbox 243 5492 1881 5570">
    <p class='ocr_par' dir='ltr' id='par_1_76' title="bbox 243 5492 1881 5570">
     <span class='ocr_line' id='line_1_76' title="bbox 243 5492 1881 5570; baseline 0.004 -23"><span class='ocrx_word' id='word_1_582' title='bbox 243 5492 487 5554; x_wconf 87' lang='lat' dir='ltr'><strong>rissime.</strong></span> <span class='ocrx_word' id='word_1_583' title='bbox 542 5498 612 5556; x_wconf 86' lang='lat' dir='ltr'><strong>Et</strong></span> <span class='ocrx_word' id='word_1_584' title='bbox 652 5512 787 5557; x_wconf 91' lang='lat' dir='ltr'><strong>cum</strong></span> <span class='ocrx_word' id='word_1_585' title='bbox 821 5497 940 5570; x_wconf 90' lang='lat' dir='ltr'><strong>jam</strong></span> <span class='ocrx_word' id='word_1_586' title='bbox 978 5495 1180 5554; x_wconf 89' lang='lat' dir='ltr'><strong>videre</strong></span> <span class='ocrx_word' id='word_1_587' title='bbox 1223 5495 1536 5555; x_wconf 89' lang='lat' dir='ltr'><strong>Adrianum</strong></span> <span class='ocrx_word' id='word_1_588' title='bbox 1576 5495 1881 5570; x_wconf 87' lang='lat' dir='ltr'><strong>inciperet,</strong></span> 
     </span>
    </p>
   </div>
   <div class='ocr_carea' id='block_1_77' title="bbox 1907 3064 1957 3127">
    <p class='ocr_par' dir='ltr' id='par_1_77' title="bbox 1907 3064 1957 3127">
     <span class='ocr_line' id='line_1_77' title="bbox 1907 3064 1957 3127; baseline 0 0"><span class='ocrx_word' id='word_1_589' title='bbox 1907 3064 1957 3127; x_wconf 91' lang='lat' dir='ltr'><strong>C</strong></span> 
     </span>
    </p>
   </div>
   <div class='ocr_carea' id='block_1_78' title="bbox 1988 1782 3626 1858">
    <p class='ocr_par' dir='ltr' id='par_1_78' title="bbox 1988 1782 3626 1858">
     <span class='ocr_line' id='line_1_78' title="bbox 1988 1782 3626 1858; baseline -0.002 -17"><span class='ocrx_word' id='word_1_590' title='bbox 1988 1785 2137 1842; x_wconf 92' lang='lat' dir='ltr'><strong>tatio</strong></span> <span class='ocrx_word' id='word_1_591' title='bbox 2163 1791 2529 1856; x_wconf 89' lang='lat' dir='ltr'><strong>mea,etecce</strong></span> <span class='ocrx_word' id='word_1_592' title='bbox 2549 1783 2873 1858; x_wconf 69' lang='lat' dir='ltr'><strong>persmcula</strong></span> <span class='ocrx_word' id='word_1_593' title='bbox 2889 1782 3390 1855; x_wconf 89' lang='lat' dir='ltr'><strong>eritopprobrium</strong></span> <span class='ocrx_word' id='word_1_594' title='bbox 3419 1797 3626 1838; x_wconf 91' lang='lat' dir='ltr'><strong>meum.</strong></span> 
     </span>
    </p>
   </div>
   <div class='ocr_carea' id='block_1_79' title="bbox 1989 1871 3628 1945">
    <p class='ocr_par' dir='ltr' id='par_1_79' title="bbox 1989 1871 3628 1945">
     <span class='ocr_line' id='line_1_79' title="bbox 1989 1871 3628 1945; baseline -0.004 -15"><span class='ocrx_word' id='word_1_595' title='bbox 1989 1875 2089 1930; x_wconf 89' lang='lat' dir='ltr'><strong>Cui</strong></span> <span class='ocrx_word' id='word_1_596' title='bbox 2133 1876 2339 1932; x_wconf 89' lang='lat' dir='ltr'><strong>beatus</strong></span> <span class='ocrx_word' id='word_1_597' title='bbox 2389 1875 2676 1931; x_wconf 78' lang='lat' dir='ltr'><strong>Adrianus</strong></span> <span class='ocrx_word' id='word_1_598' title='bbox 2728 1890 2832 1945; x_wconf 87' lang='lat' dir='ltr'><strong>pro</strong></span> <span class='ocrx_word' id='word_1_599' title='bbox 2883 1873 3104 1929; x_wconf 87' lang='lat' dir='ltr'><strong>foribus</strong></span> <span class='ocrx_word' id='word_1_600' title='bbox 3151 1877 3311 1927; x_wconf 91' lang='lat' dir='ltr'><strong>stans</strong></span> <span class='ocrx_word' id='word_1_601' title='bbox 3351 1871 3628 1929; x_wconf 91' lang='lat' dir='ltr'><strong>dicebat:</strong></span> 
     </span>
    </p>
   </div>
   <div class='ocr_carea' id='block_1_80' title="bbox 1989 1960 3627 2034">
    <p class='ocr_par' dir='ltr' id='par_1_80' title="bbox 1989 1960 3627 2034">
     <span class='ocr_line' id='line_1_80' title="bbox 1989 1960 3627 2034; baseline -0.005 -13"><span class='ocrx_word' id='word_1_602' title='bbox 1989 1964 2161 2034; x_wconf 80' lang='lat' dir='ltr'><strong>Aperi</strong></span> <span class='ocrx_word' id='word_1_603' title='bbox 2198 1964 2353 2033; x_wconf 74' lang='lat' dir='ltr'><strong>mihi,</strong></span> <span class='ocrx_word' id='word_1_604' title='bbox 2389 1978 2552 2020; x_wconf 88' lang='lat' dir='ltr'><strong>soror</strong></span> <span class='ocrx_word' id='word_1_605' title='bbox 2593 1978 2713 2018; x_wconf 91' lang='lat' dir='ltr'><strong>mea</strong></span> <span class='ocrx_word' id='word_1_606' title='bbox 2756 1962 3001 2030; x_wconf 86' lang='lat' dir='ltr'><strong>Natalia,</strong></span> <span class='ocrx_word' id='word_1_607' title='bbox 3043 1961 3173 2030; x_wconf 89' lang='lat' dir='ltr'><strong>quia</strong></span> <span class='ocrx_word' id='word_1_608' title='bbox 3219 1975 3328 2016; x_wconf 92' lang='lat' dir='ltr'><strong>non</strong></span> <span class='ocrx_word' id='word_1_609' title='bbox 3373 1960 3522 2015; x_wconf 89' lang='lat' dir='ltr'><strong>sicut</strong></span> <span class='ocrx_word' id='word_1_610' title='bbox 3565 1962 3627 2013; x_wconf 92' lang='lat' dir='ltr'><strong>tu</strong></span> 
     </span>
    </p>
   </div>
   <div class='ocr_carea' id='block_1_81' title="bbox 1986 2050 3624 2122">
    <p class='ocr_par' dir='ltr' id='par_1_81' title="bbox 1986 2050 3624 2122">
     <span class='ocr_line' id='line_1_81' title="bbox 1986 2050 3624 2122; baseline -0.005 -13"><span class='ocrx_word' id='word_1_611' title='bbox 1986 2052 2241 2109; x_wconf 64' lang='lat' dir='ltr'><strong>aestimas</strong></span> <span class='ocrx_word' id='word_1_612' title='bbox 2270 2052 2442 2121; x_wconf 85' lang='lat' dir='ltr'><strong>cﬂ‘ugi</strong></span> <span class='ocrx_word' id='word_1_613' title='bbox 2480 2051 2837 2122; x_wconf 74' lang='lat' dir='ltr'><strong>martyrium.</strong></span> <span class='ocrx_word' id='word_1_614' title='bbox 2877 2050 3016 2104; x_wconf 84' lang='lat' dir='ltr'><strong>Veni</strong></span> <span class='ocrx_word' id='word_1_615' title='bbox 3058 2054 3250 2105; x_wconf 90' lang='lat' dir='ltr'><strong>autem</strong></span> <span class='ocrx_word' id='word_1_616' title='bbox 3295 2051 3624 2118; x_wconf 89' lang='lat' dir='ltr'><strong>pr0pterea,</strong></span> 
     </span>
    </p>
   </div>
   <div class='ocr_carea' id='block_1_82' title="bbox 1988 2134 3629 2211">
    <p class='ocr_par' dir='ltr' id='par_1_82' title="bbox 1988 2134 3629 2211">
     <span class='ocr_line' id='line_1_82' title="bbox 1988 2134 3629 2211; baseline -0.004 -16"><span class='ocrx_word' id='word_1_617' title='bbox 1988 2140 2121 2211; x_wconf 91' lang='lat' dir='ltr'><strong>quia</strong></span> <span class='ocrx_word' id='word_1_618' title='bbox 2146 2140 2320 2196; x_wconf 89' lang='lat' dir='ltr'><strong>instat</strong></span> <span class='ocrx_word' id='word_1_619' title='bbox 2346 2147 2577 2210; x_wconf 88' lang='lat' dir='ltr'><strong>tempus</strong></span> <span class='ocrx_word' id='word_1_620' title='bbox 2598 2138 2939 2209; x_wconf 71' lang='lat' dir='ltr'><strong>quze=tionis</strong></span> <span class='ocrx_word' id='word_1_621' title='bbox 2962 2141 3194 2204; x_wconf 80' lang='lat' dir='ltr'><strong>nostrae,</strong></span> <span class='ocrx_word' id='word_1_622' title='bbox 3225 2140 3284 2190; x_wconf 93' lang='lat' dir='ltr'><strong>ut</strong></span> <span class='ocrx_word' id='word_1_623' title='bbox 3317 2134 3464 2191; x_wconf 91' lang='lat' dir='ltr'><strong>sicut</strong></span> <span class='ocrx_word' id='word_1_624' title='bbox 3498 2148 3629 2203; x_wconf 92' lang='lat' dir='ltr'><strong>pro-</strong></span> 
     </span>
    </p>
   </div>
   <div class='ocr_carea' id='block_1_83' title="bbox 1987 2222 3623 2299">
    <p class='ocr_par' dir='ltr' id='par_1_83' title="bbox 1987 2222 3623 2299">
     <span class='ocr_line' id='line_1_83' title="bbox 1987 2222 3623 2299; baseline -0.005 -16"><span class='ocrx_word' id='word_1_625' title='bbox 1987 2228 2112 2284; x_wconf 90' lang='lat' dir='ltr'><strong>misi</strong></span> <span class='ocrx_word' id='word_1_626' title='bbox 2138 2243 2394 2299; x_wconf 70' lang='lat' dir='ltr'><strong>prasscns</strong></span> <span class='ocrx_word' id='word_1_627' title='bbox 2418 2227 2537 2283; x_wconf 80' lang='lat' dir='ltr'><strong>llas.</strong></span> <span class='ocrx_word' id='word_1_628' title='bbox 2566 2230 2634 2281; x_wconf 90' lang='lat' dir='ltr'><strong>At</strong></span> <span class='ocrx_word' id='word_1_629' title='bbox 2663 2226 2756 2283; x_wconf 92' lang='lat' dir='ltr'><strong>illa</strong></span> <span class='ocrx_word' id='word_1_630' title='bbox 2784 2240 2894 2281; x_wconf 91' lang='lat' dir='ltr'><strong>non</strong></span> <span class='ocrx_word' id='word_1_631' title='bbox 2920 2225 3200 2281; x_wconf 87' lang='lat' dir='ltr'><strong>credens:</strong></span> <span class='ocrx_word' id='word_1_632' title='bbox 3228 2222 3388 2287; x_wconf 89' lang='lat' dir='ltr'><strong>Vide,</strong></span> <span class='ocrx_word' id='word_1_633' title='bbox 3417 2222 3623 2292; x_wconf 86' lang='lat' dir='ltr'><strong>inqu&#39;t,</strong></span> 
     </span>
    </p>
   </div>
   <div class='ocr_carea' id='block_1_84' title="bbox 1986 2309 3628 2387">
    <p class='ocr_par' dir='ltr' id='par_1_84' title="bbox 1986 2309 3628 2387">
     <span class='ocr_line' id='line_1_84' title="bbox 1986 2309 3628 2387; baseline -0.006 -13"><span class='ocrx_word' id='word_1_634' title='bbox 1986 2317 2276 2387; x_wconf 91' lang='lat' dir='ltr'><strong>quomodo</strong></span> <span class='ocrx_word' id='word_1_635' title='bbox 2314 2331 2401 2372; x_wconf 90' lang='lat' dir='ltr'><strong>me</strong></span> <span class='ocrx_word' id='word_1_636' title='bbox 2445 2316 2671 2373; x_wconf 71' lang='lat' dir='ltr'><strong>seducit</strong></span> <span class='ocrx_word' id='word_1_637' title='bbox 2703 2314 3136 2383; x_wconf 87' lang='lat' dir='ltr'><strong>transgressor?</strong></span> <span class='ocrx_word' id='word_1_638' title='bbox 3165 2313 3241 2367; x_wconf 83' lang='lat' dir='ltr'><strong>Ec</strong></span> <span class='ocrx_word' id='word_1_639' title='bbox 3264 2326 3310 2366; x_wconf 67' lang='lat' dir='ltr'><strong>se</strong></span> <span class='ocrx_word' id='word_1_640' title='bbox 3341 2309 3628 2380; x_wconf 90' lang='lat' dir='ltr'><strong>quomodo</strong></span> 
     </span>
    </p>
   </div>
   <div class='ocr_carea' id='block_1_85' title="bbox 1987 2400 3628 2467">
    <p class='ocr_par' dir='ltr' id='par_1_85' title="bbox 1987 2400 3628 2467">
     <span class='ocr_line' id='line_1_85' title="bbox 1987 2400 3628 2467; baseline -0.005 -7"><span class='ocrx_word' id='word_1_641' title='bbox 1987 2406 2268 2460; x_wconf 89' lang='lat' dir='ltr'><strong>mentitur</strong></span> <span class='ocrx_word' id='word_1_642' title='bbox 2299 2404 2450 2459; x_wconf 89' lang='lat' dir='ltr'><strong>alter</strong></span> <span class='ocrx_word' id='word_1_643' title='bbox 2478 2403 2688 2460; x_wconf 74' lang='lat' dir='ltr'><strong>ludas?</strong></span> <span class='ocrx_word' id='word_1_644' title='bbox 2718 2403 2975 2458; x_wconf 67' lang='lat' dir='ltr'><strong>Riccdas</strong></span> <span class='ocrx_word' id='word_1_645' title='bbox 3005 2416 3033 2456; x_wconf 90' lang='lat' dir='ltr'><strong>a</strong></span> <span class='ocrx_word' id='word_1_646' title='bbox 3078 2415 3185 2467; x_wconf 89' lang='lat' dir='ltr'><strong>me,</strong></span> <span class='ocrx_word' id='word_1_647' title='bbox 3233 2400 3399 2454; x_wconf 91' lang='lat' dir='ltr'><strong>homo</strong></span> <span class='ocrx_word' id='word_1_648' title='bbox 3442 2416 3454 2451; x_wconf 93' lang='lat'>:</span> <span class='ocrx_word' id='word_1_649' title='bbox 3501 2412 3628 2452; x_wconf 88' lang='lat' dir='ltr'><strong>nam</strong></span> 
     </span>
    </p>
   </div>
   <div class='ocr_carea' id='block_1_86' title="bbox 1987 2487 3630 2565">
    <p class='ocr_par' dir='ltr' id='par_1_86' title="bbox 1987 2487 3630 2565">
     <span class='ocr_line' id='line_1_86' title="bbox 1987 2487 3630 2565; baseline -0.006 -15"><span class='ocrx_word' id='word_1_650' title='bbox 1987 2500 2122 2549; x_wconf 90' lang='lat' dir='ltr'><strong>ante</strong></span> <span class='ocrx_word' id='word_1_651' title='bbox 2155 2508 2242 2548; x_wconf 90' lang='lat' dir='ltr'><strong>me</strong></span> <span class='ocrx_word' id='word_1_652' title='bbox 2274 2494 2455 2565; x_wconf 67' lang='lat' dir='ltr'><strong>ipsam</strong></span> <span class='ocrx_word' id='word_1_653' title='bbox 2489 2492 2854 2559; x_wconf 82' lang='lat' dir='ltr'><strong>interflc&#39;am,</strong></span> <span class='ocrx_word' id='word_1_654' title='bbox 2889 2505 3058 2560; x_wconf 84' lang='lat' dir='ltr'><strong>quam</strong></span> <span class='ocrx_word' id='word_1_655' title='bbox 3082 2489 3189 2544; x_wconf 87' lang='lat' dir='ltr'><strong>tibi</strong></span> <span class='ocrx_word' id='word_1_656' title='bbox 3224 2487 3429 2543; x_wconf 87' lang='lat' dir='ltr'><strong>socier.</strong></span> <span class='ocrx_word' id='word_1_657' title='bbox 3465 2487 3630 2541; x_wconf 88' lang='lat' dir='ltr'><strong>Cum-</strong></span> 
     </span>
    </p>
   </div>
   <div class='ocr_carea' id='block_1_87' title="bbox 1988 2575 3625 2654">
    <p class='ocr_par' dir='ltr' id='par_1_87' title="bbox 1988 2575 3625 2654">
     <span class='ocr_line' id='line_1_87' title="bbox 1988 2575 3625 2654; baseline -0.005 -15"><span class='ocrx_word' id='word_1_658' title='bbox 1988 2588 2098 2654; x_wconf 71' lang='lat' dir='ltr'><strong>Que</strong></span> <span class='ocrx_word' id='word_1_659' title='bbox 2133 2582 2507 2639; x_wconf 88' lang='lat' dir='ltr'><strong>beatissimus</strong></span> <span class='ocrx_word' id='word_1_660' title='bbox 2538 2596 2659 2636; x_wconf 88' lang='lat' dir='ltr'><strong>mar</strong></span> <span class='ocrx_word' id='word_1_661' title='bbox 2693 2596 2758 2651; x_wconf 86' lang='lat' dir='ltr'><strong>yr</strong></span> <span class='ocrx_word' id='word_1_662' title='bbox 2780 2581 2850 2635; x_wconf 92' lang='lat' dir='ltr'><strong>de</strong></span> <span class='ocrx_word' id='word_1_663' title='bbox 2872 2579 2999 2635; x_wconf 89' lang='lat' dir='ltr'><strong>zelo</strong></span> <span class='ocrx_word' id='word_1_664' title='bbox 3027 2578 3133 2649; x_wconf 73' lang='lat' dir='ltr'><strong>piae</strong></span> <span class='ocrx_word' id='word_1_665' title='bbox 3155 2575 3625 2647; x_wconf 67' lang='lat' dir='ltr'><strong>conjug&#39;slastus,</strong></span> 
     </span>
    </p>
   </div>
   <div class='ocr_carea' id='block_1_88' title="bbox 1986 2662 3695 2735">
    <p class='ocr_par' dir='ltr' id='par_1_88' title="bbox 1986 2662 3695 2735">
     <span class='ocr_line' id='line_1_88' title="bbox 1986 2662 3695 2735; baseline -0.006 -8"><span class='ocrx_word' id='word_1_666' title='bbox 1986 2670 2353 2727; x_wconf 81' lang='lat' dir='ltr'><strong>sermonibus</strong></span> <span class='ocrx_word' id='word_1_667' title='bbox 2384 2670 2506 2726; x_wconf 92' lang='lat' dir='ltr'><strong>suis</strong></span> <span class='ocrx_word' id='word_1_668' title='bbox 2536 2669 2587 2724; x_wconf 90' lang='lat' dir='ltr'><strong>ei</strong></span> <span class='ocrx_word' id='word_1_669' title='bbox 2613 2669 2998 2735; x_wconf 87' lang='lat' dir='ltr'><strong>satisfaceret,</strong></span> <span class='ocrx_word' id='word_1_670' title='bbox 3032 2671 3090 2721; x_wconf 92' lang='lat' dir='ltr'><strong>et</strong></span> <span class='ocrx_word' id='word_1_671' title='bbox 3116 2666 3221 2721; x_wconf 88' lang='lat' dir='ltr'><strong>nisi</strong></span> <span class='ocrx_word' id='word_1_672' title='bbox 3245 2665 3421 2720; x_wconf 90' lang='lat' dir='ltr'><strong>citius</strong></span> <span class='ocrx_word' id='word_1_673' title='bbox 3443 2662 3631 2734; x_wconf 88' lang='lat' dir='ltr'><strong>aperi-</strong></span> <span class='ocrx_word' id='word_1_674' title='bbox 3688 2680 3695 2685; x_wconf 66' lang='grc'><strong>’</strong></span> 
     </span>
    </p>
   </div>
   <div class='ocr_carea' id='block_1_89' title="bbox 1986 2751 3628 2829">
    <p class='ocr_par' dir='ltr' id='par_1_89' title="bbox 1986 2751 3628 2829">
     <span class='ocr_line' id='line_1_89' title="bbox 1986 2751 3628 2829; baseline -0.007 -13"><span class='ocrx_word' id='word_1_675' title='bbox 1986 2766 2097 2829; x_wconf 90' lang='lat' dir='ltr'><strong>ret,</strong></span> <span class='ocrx_word' id='word_1_676' title='bbox 2125 2774 2315 2815; x_wconf 88' lang='lat' dir='ltr'><strong>moras</strong></span> <span class='ocrx_word' id='word_1_677' title='bbox 2336 2773 2397 2814; x_wconf 90' lang='lat' dir='ltr'><strong>se</strong></span> <span class='ocrx_word' id='word_1_678' title='bbox 2425 2759 2613 2814; x_wconf 73' lang='lat' dir='ltr'><strong>facere</strong></span> <span class='ocrx_word' id='word_1_679' title='bbox 2639 2772 2745 2812; x_wconf 93' lang='lat' dir='ltr'><strong>non</strong></span> <span class='ocrx_word' id='word_1_680' title='bbox 2772 2771 2942 2827; x_wconf 61' lang='lat' dir='ltr'><strong>passe</strong></span> <span class='ocrx_word' id='word_1_681' title='bbox 2966 2758 3276 2819; x_wconf 81' lang='lat' dir='ltr'><strong>assereret,</strong></span> <span class='ocrx_word' id='word_1_682' title='bbox 3310 2753 3543 2809; x_wconf 91' lang='lat' dir='ltr'><strong>tandem</strong></span> <span class='ocrx_word' id='word_1_683' title='bbox 3575 2751 3628 2807; x_wconf 93' lang='lat' dir='ltr'><strong>ei</strong></span> 
     </span>
    </p>
   </div>
   <div class='ocr_carea' id='block_1_90' title="bbox 1986 2842 3629 2919">
    <p class='ocr_par' dir='ltr' id='par_1_90' title="bbox 1986 2842 3629 2919">
     <span class='ocr_line' id='line_1_90' title="bbox 1986 2842 3629 2919; baseline -0.005 -16"><span class='ocrx_word' id='word_1_684' title='bbox 1986 2847 2083 2903; x_wconf 90' lang='lat' dir='ltr'><strong>illa</strong></span> <span class='ocrx_word' id='word_1_685' title='bbox 2116 2847 2403 2919; x_wconf 91' lang='lat' dir='ltr'><strong>aperiens,</strong></span> <span class='ocrx_word' id='word_1_686' title='bbox 2440 2845 2803 2917; x_wconf 87' lang='lat' dir='ltr'><strong>provolvitur</strong></span> <span class='ocrx_word' id='word_1_687' title='bbox 2844 2844 3089 2915; x_wconf 89' lang='lat' dir='ltr'><strong>pedibus</strong></span> <span class='ocrx_word' id='word_1_688' title='bbox 3126 2842 3270 2911; x_wconf 85' lang='lat' dir='ltr'><strong>ejus.</strong></span> <span class='ocrx_word' id='word_1_689' title='bbox 3313 2842 3450 2895; x_wconf 88' lang='lat' dir='ltr'><strong>Indc</strong></span> <span class='ocrx_word' id='word_1_690' title='bbox 3489 2853 3629 2895; x_wconf 90' lang='lat' dir='ltr'><strong>vero</strong></span> 
     </span>
    </p>
   </div>
   <div class='ocr_carea' id='block_1_91' title="bbox 1984 2925 3625 3005">
    <p class='ocr_par' dir='ltr' id='par_1_91' title="bbox 1984 2925 3625 3005">
     <span class='ocr_line' id='line_1_91' title="bbox 1984 2925 3625 3005; baseline -0.007 -11"><span class='ocrx_word' id='word_1_691' title='bbox 1984 2938 2158 2994; x_wconf 78' lang='lat' dir='ltr'><strong>citiu:</strong></span> <span class='ocrx_word' id='word_1_692' title='bbox 2188 2940 2488 3003; x_wconf 89' lang='lat' dir='ltr'><strong>exeuntes,</strong></span> <span class='ocrx_word' id='word_1_693' title='bbox 2515 2935 2902 3005; x_wconf 61' lang='lat' dir='ltr'><strong>properabant</strong></span> <span class='ocrx_word' id='word_1_694' title='bbox 2925 2932 2995 2989; x_wconf 91' lang='lat' dir='ltr'><strong>ad</strong></span> <span class='ocrx_word' id='word_1_695' title='bbox 3019 2925 3459 2997; x_wconf 62' lang='lat' dir='ltr'><strong>confessionem,</strong></span> <span class='ocrx_word' id='word_1_696' title='bbox 3484 2931 3545 2983; x_wconf 92' lang='lat' dir='ltr'><strong>ut</strong></span> <span class='ocrx_word' id='word_1_697' title='bbox 3571 2928 3625 2982; x_wconf 94' lang='lat' dir='ltr'><strong>in</strong></span> 
     </span>
    </p>
   </div>
   <div class='ocr_carea' id='block_1_92' title="bbox 1988 3017 3626 3086">
    <p class='ocr_par' dir='ltr' id='par_1_92' title="bbox 1988 3017 3626 3086">
     <span class='ocr_line' id='line_1_92' title="bbox 1988 3017 3626 3086; baseline -0.007 -4"><span class='ocrx_word' id='word_1_698' title='bbox 1988 3039 2226 3082; x_wconf 88' lang='lat' dir='ltr'><strong>numero</strong></span> <span class='ocrx_word' id='word_1_699' title='bbox 2247 3028 2652 3081; x_wconf 79' lang='lat' dir='ltr'><strong>coroatorum</strong></span> <span class='ocrx_word' id='word_1_700' title='bbox 2675 3022 2960 3077; x_wconf 87' lang='lat' dir='ltr'><strong>Adrianus</strong></span> <span class='ocrx_word' id='word_1_701' title='bbox 2976 3018 3351 3075; x_wconf 69' lang='lat' dir='ltr'><strong>inveniretur.</strong></span> <span class='ocrx_word' id='word_1_702' title='bbox 3371 3017 3626 3086; x_wconf 82' lang='lat' dir='ltr'><strong>Cumque</strong></span> 
     </span>
    </p>
   </div>
   <div class='ocr_carea' id='block_1_93' title="bbox 1987 3105 3628 3180">
    <p class='ocr_par' dir='ltr' id='par_1_93' title="bbox 1987 3105 3628 3180">
     <span class='ocr_line' id='line_1_93' title="bbox 1987 3105 3628 3180; baseline -0.007 -10"><span class='ocrx_word' id='word_1_703' title='bbox 1987 3113 2176 3171; x_wconf 90' lang='lat' dir='ltr'><strong>adhuc</strong></span> <span class='ocrx_word' id='word_1_704' title='bbox 2206 3115 2400 3169; x_wconf 90' lang='lat' dir='ltr'><strong>essent</strong></span> <span class='ocrx_word' id='word_1_705' title='bbox 2431 3111 2484 3166; x_wconf 93' lang='lat' dir='ltr'><strong>in</strong></span> <span class='ocrx_word' id='word_1_706' title='bbox 2517 3110 2629 3180; x_wconf 89' lang='lat' dir='ltr'><strong>via,</strong></span> <span class='ocrx_word' id='word_1_707' title='bbox 2664 3110 2809 3165; x_wconf 86' lang='lat' dir='ltr'><strong>dixit</strong></span> <span class='ocrx_word' id='word_1_708' title='bbox 2842 3110 3047 3163; x_wconf 88' lang='lat' dir='ltr'><strong>beatus</strong></span> <span class='ocrx_word' id='word_1_709' title='bbox 3085 3105 3371 3162; x_wconf 87' lang='lat' dir='ltr'><strong>Adrianus</strong></span> <span class='ocrx_word' id='word_1_710' title='bbox 3406 3122 3418 3157; x_wconf 91' lang='lat'><strong>:</strong></span> <span class='ocrx_word' id='word_1_711' title='bbox 3455 3105 3628 3159; x_wconf 91' lang='lat' dir='ltr'><strong>Soror</strong></span> 
     </span>
    </p>
   </div>
   <div class='ocr_carea' id='block_1_94' title="bbox 1988 3192 3630 3271">
    <p class='ocr_par' dir='ltr' id='par_1_94' title="bbox 1988 3192 3630 3271">
     <span class='ocr_line' id='line_1_94' title="bbox 1988 3192 3630 3271; baseline -0.007 -12"><span class='ocrx_word' id='word_1_712' title='bbox 1988 3216 2134 3271; x_wconf 89' lang='lat' dir='ltr'><strong>mea,</strong></span> <span class='ocrx_word' id='word_1_713' title='bbox 2186 3201 2280 3257; x_wconf 90' lang='lat' dir='ltr'><strong>dic</strong></span> <span class='ocrx_word' id='word_1_714' title='bbox 2332 3198 2624 3271; x_wconf 89' lang='lat' dir='ltr'><strong>quomodo</strong></span> <span class='ocrx_word' id='word_1_715' title='bbox 2665 3196 2952 3253; x_wconf 85' lang='lat' dir='ltr'><strong>ordinasti</strong></span> <span class='ocrx_word' id='word_1_716' title='bbox 2995 3193 3385 3251; x_wconf 89' lang='lat' dir='ltr'><strong>substantiam</strong></span> <span class='ocrx_word' id='word_1_717' title='bbox 3437 3192 3630 3247; x_wconf 89' lang='lat' dir='ltr'><strong>tuam?</strong></span> 
     </span>
    </p>
   </div>
   <div class='ocr_carea' id='block_1_95' title="bbox 1989 3280 3628 3357">
    <p class='ocr_par' dir='ltr' id='par_1_95' title="bbox 1989 3280 3628 3357">
     <span class='ocr_line' id='line_1_95' title="bbox 1989 3280 3628 3357; baseline -0.008 -10"><span class='ocrx_word' id='word_1_718' title='bbox 1989 3292 2091 3347; x_wconf 90' lang='lat' dir='ltr'><strong>Cui</strong></span> <span class='ocrx_word' id='word_1_719' title='bbox 2126 3290 2221 3345; x_wconf 90' lang='lat' dir='ltr'><strong>illa</strong></span> <span class='ocrx_word' id='word_1_720' title='bbox 2250 3308 2262 3343; x_wconf 90' lang='lat'><strong>:</strong></span> <span class='ocrx_word' id='word_1_721' title='bbox 2290 3288 2436 3353; x_wconf 84' lang='lat' dir='ltr'><strong>Noli,</strong></span> <span class='ocrx_word' id='word_1_722' title='bbox 2463 3287 2672 3357; x_wconf 88' lang='lat' dir='ltr'><strong>inquit,</strong></span> <span class='ocrx_word' id='word_1_723' title='bbox 2699 3285 2927 3341; x_wconf 90' lang='lat' dir='ltr'><strong>domine</strong></span> <span class='ocrx_word' id='word_1_724' title='bbox 2952 3298 3135 3351; x_wconf 89' lang='lat' dir='ltr'><strong>meus,</strong></span> <span class='ocrx_word' id='word_1_725' title='bbox 3163 3280 3277 3337; x_wconf 89' lang='lat' dir='ltr'><strong>noli</strong></span> <span class='ocrx_word' id='word_1_726' title='bbox 3306 3293 3628 3336; x_wconf 84' lang='lat' dir='ltr'><strong>memorare</strong></span> 
     </span>
    </p>
   </div>
   <div class='ocr_carea' id='block_1_96' title="bbox 1989 3370 3625 3451">
    <p class='ocr_par' dir='ltr' id='par_1_96' title="bbox 1989 3370 3625 3451">
     <span class='ocr_line' id='line_1_96' title="bbox 1989 3370 3625 3451; baseline -0.009 -15"><span class='ocrx_word' id='word_1_727' title='bbox 1989 3394 2118 3451; x_wconf 62' lang='lat' dir='ltr'><strong>quae</strong></span> <span class='ocrx_word' id='word_1_728' title='bbox 2143 3385 2279 3435; x_wconf 91' lang='lat' dir='ltr'><strong>sunt</strong></span> <span class='ocrx_word' id='word_1_729' title='bbox 2305 3376 2499 3433; x_wconf 89' lang='lat' dir='ltr'><strong>mundi</strong></span> <span class='ocrx_word' id='word_1_730' title='bbox 2525 3375 2718 3445; x_wconf 70' lang='lat' dir='ltr'><strong>hujus,</strong></span> <span class='ocrx_word' id='word_1_731' title='bbox 2743 3388 2813 3429; x_wconf 92' lang='lat' dir='ltr'><strong>ne</strong></span> <span class='ocrx_word' id='word_1_732' title='bbox 2836 3372 3132 3428; x_wconf 67' lang='lat' dir='ltr'><strong>attrahant</strong></span> <span class='ocrx_word' id='word_1_733' title='bbox 3154 3370 3408 3425; x_wconf 88' lang='lat' dir='ltr'><strong>animum</strong></span> <span class='ocrx_word' id='word_1_734' title='bbox 3434 3372 3625 3424; x_wconf 89' lang='lat' dir='ltr'><strong>tuum:</strong></span> 
     </span>
    </p>
   </div>
   <div class='ocr_carea' id='block_1_97' title="bbox 1989 3457 3632 3531">
    <p class='ocr_par' dir='ltr' id='par_1_97' title="bbox 1989 3457 3632 3531">
     <span class='ocr_line' id='line_1_97' title="bbox 1989 3457 3632 3531; baseline -0.008 -7"><span class='ocrx_word' id='word_1_735' title='bbox 1989 3469 2333 3524; x_wconf 47' lang='lat' dir='ltr'><strong>auferantur</strong></span> <span class='ocrx_word' id='word_1_736' title='bbox 2352 3467 2424 3520; x_wconf 73' lang='grc' dir='ltr'><strong>οι»</strong></span> <span class='ocrx_word' id='word_1_737' title='bbox 2447 3464 2638 3519; x_wconf 88' lang='lat' dir='ltr'><strong>animo</strong></span> <span class='ocrx_word' id='word_1_738' title='bbox 2655 3470 2754 3518; x_wconf 91' lang='lat' dir='ltr'><strong>tuo</strong></span> <span class='ocrx_word' id='word_1_739' title='bbox 2768 3461 2955 3518; x_wconf 90' lang='lat' dir='ltr'><strong>omnia</strong></span> <span class='ocrx_word' id='word_1_740' title='bbox 2969 3458 3397 3531; x_wconf 88' lang='lat' dir='ltr'><strong>corruptibilia,</strong></span> <span class='ocrx_word' id='word_1_741' title='bbox 3417 3457 3632 3512; x_wconf 79' lang='lat' dir='ltr'><strong>solum-</strong></span> 
     </span>
    </p>
   </div>
   <div class='ocr_carea' id='block_1_98' title="bbox 1991 3545 3632 3621">
    <p class='ocr_par' dir='ltr' id='par_1_98' title="bbox 1991 3545 3632 3621">
     <span class='ocr_line' id='line_1_98' title="bbox 1991 3545 3632 3621; baseline -0.007 -10"><span class='ocrx_word' id='word_1_742' title='bbox 1991 3555 2163 3611; x_wconf 91' lang='lat' dir='ltr'><strong>modo</strong></span> <span class='ocrx_word' id='word_1_743' title='bbox 2195 3554 2292 3609; x_wconf 90' lang='lat' dir='ltr'><strong>illa</strong></span> <span class='ocrx_word' id='word_1_744' title='bbox 2326 3553 2535 3609; x_wconf 91' lang='lat' dir='ltr'><strong>festina</strong></span> <span class='ocrx_word' id='word_1_745' title='bbox 2570 3552 2787 3617; x_wconf 81' lang='lat' dir='ltr'><strong>videre,</strong></span> <span class='ocrx_word' id='word_1_746' title='bbox 2822 3565 2949 3621; x_wconf 74' lang='lat' dir='ltr'><strong>quze</strong></span> <span class='ocrx_word' id='word_1_747' title='bbox 2983 3548 3237 3620; x_wconf 70' lang='lat' dir='ltr'><strong>reposita</strong></span> <span class='ocrx_word' id='word_1_748' title='bbox 3265 3549 3401 3602; x_wconf 90' lang='lat' dir='ltr'><strong>sunt</strong></span> <span class='ocrx_word' id='word_1_749' title='bbox 3437 3545 3538 3601; x_wconf 90' lang='lat' dir='ltr'><strong>tibi</strong></span> <span class='ocrx_word' id='word_1_750' title='bbox 3572 3548 3632 3600; x_wconf 93' lang='lat' dir='ltr'><strong>et</strong></span> 
     </span>
    </p>
   </div>
   <div class='ocr_carea' id='block_1_99' title="bbox 1991 3633 3634 3711">
    <p class='ocr_par' dir='ltr' id='par_1_99' title="bbox 1991 3633 3634 3711">
     <span class='ocr_line' id='line_1_99' title="bbox 1991 3633 3634 3711; baseline -0.006 -13"><span class='ocrx_word' id='word_1_751' title='bbox 1991 3642 2235 3710; x_wconf 86' lang='lat' dir='ltr'><strong>sanctis,</strong></span> <span class='ocrx_word' id='word_1_752' title='bbox 2267 3656 2395 3697; x_wconf 90' lang='lat' dir='ltr'><strong>cum</strong></span> <span class='ocrx_word' id='word_1_753' title='bbox 2429 3640 2642 3711; x_wconf 80' lang='lat' dir='ltr'><strong>quibus</strong></span> <span class='ocrx_word' id='word_1_754' title='bbox 2675 3637 2938 3694; x_wconf 88' lang='lat' dir='ltr'><strong>ambulas</strong></span> <span class='ocrx_word' id='word_1_755' title='bbox 2969 3636 3021 3689; x_wconf 91' lang='lat' dir='ltr'><strong>in</strong></span> <span class='ocrx_word' id='word_1_756' title='bbox 3052 3636 3141 3690; x_wconf 90' lang='lat' dir='ltr'><strong>via</strong></span> <span class='ocrx_word' id='word_1_757' title='bbox 3176 3634 3291 3690; x_wconf 83' lang='lat' dir='ltr'><strong>Dei.</strong></span> <span class='ocrx_word' id='word_1_758' title='bbox 3335 3633 3634 3703; x_wconf 74' lang='lat' dir='ltr'><strong>Comple‘a</strong></span> 
     </span>
    </p>
   </div>
   <div class='ocr_carea' id='block_1_100' title="bbox 1990 3720 3631 3801">
    <p class='ocr_par' dir='ltr' id='par_1_100' title="bbox 1990 3720 3631 3801">
     <span class='ocr_line' id='line_1_100' title="bbox 1990 3720 3631 3801; baseline -0.007 -14"><span class='ocrx_word' id='word_1_759' title='bbox 1990 3733 2189 3801; x_wconf 88' lang='lat' dir='ltr'><strong>itaque</strong></span> <span class='ocrx_word' id='word_1_760' title='bbox 2212 3729 2306 3786; x_wconf 92' lang='lat' dir='ltr'><strong>die</strong></span> <span class='ocrx_word' id='word_1_761' title='bbox 2332 3734 2393 3785; x_wconf 90' lang='lat' dir='ltr'><strong>ut</strong></span> <span class='ocrx_word' id='word_1_762' title='bbox 2419 3728 2863 3801; x_wconf 86' lang='lat' dir='ltr'><strong>produceretur,</strong></span> <span class='ocrx_word' id='word_1_763' title='bbox 2889 3724 3132 3779; x_wconf 85' lang='lat' dir='ltr'><strong>exhibiti</strong></span> <span class='ocrx_word' id='word_1_764' title='bbox 3158 3727 3294 3777; x_wconf 71' lang='lat' dir='ltr'><strong>sunt</strong></span> <span class='ocrx_word' id='word_1_765' title='bbox 3312 3720 3631 3777; x_wconf 85' lang='lat' dir='ltr'><strong>beat&#39;ssimi</strong></span> 
     </span>
    </p>
   </div>
   <div class='ocr_carea' id='block_1_101' title="bbox 1993 3808 3631 3889">
    <p class='ocr_par' dir='ltr' id='par_1_101' title="bbox 1993 3808 3631 3889">
     <span class='ocr_line' id='line_1_101' title="bbox 1993 3808 3631 3889; baseline -0.008 -14"><span class='ocrx_word' id='word_1_766' title='bbox 1993 3824 2278 3889; x_wconf 88' lang='lat' dir='ltr'><strong>martyres</strong></span> <span class='ocrx_word' id='word_1_767' title='bbox 2314 3818 2370 3872; x_wconf 90' lang='lat' dir='ltr'><strong>in</strong></span> <span class='ocrx_word' id='word_1_768' title='bbox 2417 3818 2740 3886; x_wconf 85' lang='lat' dir='ltr'><strong>conspectu</strong></span> <span class='ocrx_word' id='word_1_769' title='bbox 2780 3810 3123 3879; x_wconf 80' lang='lat' dir='ltr'><strong>Maximiani,</strong></span> <span class='ocrx_word' id='word_1_770' title='bbox 3169 3808 3513 3882; x_wconf 87' lang='lat' dir='ltr'><strong>putrefactis</strong></span> <span class='ocrx_word' id='word_1_771' title='bbox 3554 3808 3631 3863; x_wconf 90' lang='lat' dir='ltr'><strong>ita</strong></span> 
     </span>
    </p>
   </div>
   <div class='ocr_carea' id='block_1_102' title="bbox 1987 3899 3629 3980">
    <p class='ocr_par' dir='ltr' id='par_1_102' title="bbox 1987 3899 3629 3980">
     <span class='ocr_line' id='line_1_102' title="bbox 1987 3899 3629 3980; baseline -0.007 -18"><span class='ocrx_word' id='word_1_772' title='bbox 1987 3909 2102 3980; x_wconf 90' lang='lat' dir='ltr'><strong>jam</strong></span> <span class='ocrx_word' id='word_1_773' title='bbox 2135 3905 2411 3962; x_wconf 91' lang='lat' dir='ltr'><strong>carnibus</strong></span> <span class='ocrx_word' id='word_1_774' title='bbox 2443 3918 2641 3959; x_wconf 90' lang='lat' dir='ltr'><strong>eorum</strong></span> <span class='ocrx_word' id='word_1_775' title='bbox 2677 3917 2794 3974; x_wconf 76' lang='lat' dir='ltr'><strong>prae</strong></span> <span class='ocrx_word' id='word_1_776' title='bbox 2826 3899 3149 3957; x_wconf 88' lang='lat' dir='ltr'><strong>acerbitate</strong></span> <span class='ocrx_word' id='word_1_777' title='bbox 3182 3902 3629 3967; x_wconf 81' lang='lat' dir='ltr'><strong>tormentorum,</strong></span> 
     </span>
    </p>
   </div>
   <div class='ocr_carea' id='block_1_103' title="bbox 1994 3984 3631 4053">
    <p class='ocr_par' dir='ltr' id='par_1_103' title="bbox 1994 3984 3631 4053">
     <span class='ocr_line' id='line_1_103' title="bbox 1994 3984 3631 4053; baseline -0.009 0"><span class='ocrx_word' id='word_1_778' title='bbox 1994 4001 2057 4053; x_wconf 90' lang='lat' dir='ltr'><strong>ut</strong></span> <span class='ocrx_word' id='word_1_779' title='bbox 2079 4009 2309 4052; x_wconf 85' lang='lat' dir='ltr'><strong>vermes</strong></span> <span class='ocrx_word' id='word_1_780' title='bbox 2335 3993 2405 4049; x_wconf 91' lang='lat' dir='ltr'><strong>de</strong></span> <span class='ocrx_word' id='word_1_781' title='bbox 2436 3992 2734 4048; x_wconf 89' lang='lat' dir='ltr'><strong>ulceribus</strong></span> <span class='ocrx_word' id='word_1_782' title='bbox 2763 4002 2965 4046; x_wconf 88' lang='lat' dir='ltr'><strong>eorum</strong></span> <span class='ocrx_word' id='word_1_783' title='bbox 2999 3987 3372 4044; x_wconf 85' lang='lat' dir='ltr'><strong>scaturirent.</strong></span> <span class='ocrx_word' id='word_1_784' title='bbox 3407 3984 3631 4041; x_wconf 83' lang='lat' dir='ltr'><strong>Natalia</strong></span> 
     </span>
    </p>
   </div>
   <div class='ocr_carea' id='block_1_104' title="bbox 1992 4072 3634 4155">
    <p class='ocr_par' dir='ltr' id='par_1_104' title="bbox 1992 4072 3634 4155">
     <span class='ocr_line' id='line_1_104' title="bbox 1992 4072 3634 4155; baseline -0.009 -14"><span class='ocrx_word' id='word_1_785' title='bbox 1992 4099 2133 4141; x_wconf 73' lang='lat' dir='ltr'><strong>vero</strong></span> <span class='ocrx_word' id='word_1_786' title='bbox 2156 4081 2455 4155; x_wconf 85' lang='lat' dir='ltr'><strong>applicans</strong></span> <span class='ocrx_word' id='word_1_787' title='bbox 2477 4094 2539 4136; x_wconf 88' lang='lat' dir='ltr'><strong>se</strong></span> <span class='ocrx_word' id='word_1_788' title='bbox 2566 4080 2736 4136; x_wconf 89' lang='lat' dir='ltr'><strong>beato</strong></span> <span class='ocrx_word' id='word_1_789' title='bbox 2763 4077 3038 4144; x_wconf 90' lang='lat' dir='ltr'><strong>Adriano,</strong></span> <span class='ocrx_word' id='word_1_790' title='bbox 3056 4075 3288 4132; x_wconf 88' lang='lat' dir='ltr'><strong>dicebat</strong></span> <span class='ocrx_word' id='word_1_791' title='bbox 3315 4092 3328 4128; x_wconf 90' lang='lat'><strong>:</strong></span> <span class='ocrx_word' id='word_1_792' title='bbox 3354 4072 3515 4142; x_wconf 86' lang='lat' dir='ltr'><strong>Vide,</strong></span> <span class='ocrx_word' id='word_1_793' title='bbox 3534 4072 3634 4128; x_wconf 88' lang='lat' dir='ltr'><strong>do-</strong></span> 
     </span>
    </p>
   </div>
   <div class='ocr_carea' id='block_1_105' title="bbox 1995 4163 3632 4241">
    <p class='ocr_par' dir='ltr' id='par_1_105' title="bbox 1995 4163 3632 4241">
     <span class='ocr_line' id='line_1_105' title="bbox 1995 4163 3632 4241; baseline -0.01 -11"><span class='ocrx_word' id='word_1_794' title='bbox 1995 4172 2146 4232; x_wconf 71' lang='lat' dir='ltr'><strong>miie</strong></span> <span class='ocrx_word' id='word_1_795' title='bbox 2172 4186 2354 4241; x_wconf 82' lang='lat' dir='ltr'><strong>meus,</strong></span> <span class='ocrx_word' id='word_1_796' title='bbox 2383 4174 2445 4227; x_wconf 90' lang='lat' dir='ltr'><strong>ut</strong></span> <span class='ocrx_word' id='word_1_797' title='bbox 2470 4167 2832 4225; x_wconf 89' lang='lat' dir='ltr'><strong>solummodo</strong></span> <span class='ocrx_word' id='word_1_798' title='bbox 2864 4166 2934 4222; x_wconf 90' lang='lat' dir='ltr'><strong>ad</strong></span> <span class='ocrx_word' id='word_1_799' title='bbox 2969 4167 3145 4221; x_wconf 89' lang='lat' dir='ltr'><strong>Deum</strong></span> <span class='ocrx_word' id='word_1_800' title='bbox 3179 4163 3278 4219; x_wconf 83' lang='lat' dir='ltr'><strong>flat</strong></span> <span class='ocrx_word' id='word_1_801' title='bbox 3310 4176 3470 4217; x_wconf 91' lang='lat' dir='ltr'><strong>mens</strong></span> <span class='ocrx_word' id='word_1_802' title='bbox 3502 4165 3632 4227; x_wconf 91' lang='lat' dir='ltr'><strong>tua;</strong></span> 
     </span>
    </p>
   </div>
   <div class='ocr_carea' id='block_1_106' title="bbox 1996 4249 3638 4327">
    <p class='ocr_par' dir='ltr' id='par_1_106' title="bbox 1996 4249 3638 4327">
     <span class='ocr_line' id='line_1_106' title="bbox 1996 4249 3638 4327; baseline -0.01 -8"><span class='ocrx_word' id='word_1_803' title='bbox 1996 4278 2101 4319; x_wconf 88' lang='lat' dir='ltr'><strong>nec</strong></span> <span class='ocrx_word' id='word_1_804' title='bbox 2133 4267 2294 4319; x_wconf 90' lang='lat' dir='ltr'><strong>tuum</strong></span> <span class='ocrx_word' id='word_1_805' title='bbox 2324 4274 2429 4316; x_wconf 93' lang='lat' dir='ltr'><strong>cor</strong></span> <span class='ocrx_word' id='word_1_806' title='bbox 2461 4258 2516 4313; x_wconf 92' lang='lat' dir='ltr'><strong>in</strong></span> <span class='ocrx_word' id='word_1_807' title='bbox 2550 4256 2745 4327; x_wconf 87' lang='lat' dir='ltr'><strong>aliquo</strong></span> <span class='ocrx_word' id='word_1_808' title='bbox 2777 4254 3054 4326; x_wconf 83' lang='lat' dir='ltr'><strong>trepidet,</strong></span> <span class='ocrx_word' id='word_1_809' title='bbox 3089 4253 3223 4308; x_wconf 89' lang='lat' dir='ltr'><strong>dum</strong></span> <span class='ocrx_word' id='word_1_810' title='bbox 3263 4249 3491 4308; x_wconf 90' lang='lat' dir='ltr'><strong>videbis</strong></span> <span class='ocrx_word' id='word_1_811' title='bbox 3521 4254 3638 4304; x_wconf 90' lang='lat' dir='ltr'><strong>tor-</strong></span> 
     </span>
    </p>
   </div>
   <div class='ocr_carea' id='block_1_107' title="bbox 1997 4338 3629 4419">
    <p class='ocr_par' dir='ltr' id='par_1_107' title="bbox 1997 4338 3629 4419">
     <span class='ocr_line' id='line_1_107' title="bbox 1997 4338 3629 4419; baseline -0.009 -12"><span class='ocrx_word' id='word_1_812' title='bbox 1997 4357 2188 4407; x_wconf 82' lang='lat' dir='ltr'><strong>menla</strong></span> <span class='ocrx_word' id='word_1_813' title='bbox 2210 4349 2317 4405; x_wconf 91' lang='lat' dir='ltr'><strong>tibi</strong></span> <span class='ocrx_word' id='word_1_814' title='bbox 2345 4346 2669 4419; x_wconf 76' lang='lat' dir='ltr'><strong>proposita.</strong></span> <span class='ocrx_word' id='word_1_815' title='bbox 2699 4345 2884 4400; x_wconf 84' lang='lat' dir='ltr'><strong>Labor</strong></span> <span class='ocrx_word' id='word_1_816' title='bbox 2916 4340 3147 4413; x_wconf 86' lang='lat' dir='ltr'><strong>quiJcm</strong></span> <span class='ocrx_word' id='word_1_817' title='bbox 3173 4354 3323 4397; x_wconf 91' lang='lat' dir='ltr'><strong>nunc</strong></span> <span class='ocrx_word' id='word_1_818' title='bbox 3348 4338 3629 4406; x_wconf 90' lang='lat' dir='ltr'><strong>modicus,</strong></span> 
     </span>
    </p>
   </div>
   <div class='ocr_carea' id='block_1_108' title="bbox 1992 4425 3637 4501">
    <p class='ocr_par' dir='ltr' id='par_1_108' title="bbox 1992 4425 3637 4501">
     <span class='ocr_line' id='line_1_108' title="bbox 1992 4425 3637 4501; baseline -0.01 -5"><span class='ocrx_word' id='word_1_819' title='bbox 1992 4440 2096 4496; x_wconf 88' lang='lat' dir='ltr'><strong>sed</strong></span> <span class='ocrx_word' id='word_1_820' title='bbox 2121 4439 2175 4494; x_wconf 91' lang='lat' dir='ltr'><strong>in</strong></span> <span class='ocrx_word' id='word_1_821' title='bbox 2202 4437 2420 4495; x_wconf 64' lang='lat' dir='ltr'><strong>saecula</strong></span> <span class='ocrx_word' id='word_1_822' title='bbox 2447 4435 2795 4492; x_wconf 68' lang='lat' dir='ltr'><strong>saeculorum</strong></span> <span class='ocrx_word' id='word_1_823' title='bbox 2828 4437 3045 4489; x_wconf 65' lang='lat' dir='ltr'><strong>aeterna</strong></span> <span class='ocrx_word' id='word_1_824' title='bbox 3072 4428 3427 4501; x_wconf 88' lang='lat' dir='ltr'><strong>repausatio.</strong></span> <span class='ocrx_word' id='word_1_825' title='bbox 3463 4425 3637 4482; x_wconf 87' lang='lat' dir='ltr'><strong>Maxi-</strong></span> 
     </span>
    </p>
   </div>
   <div class='ocr_carea' id='block_1_109' title="bbox 1994 4518 3635 4597">
    <p class='ocr_par' dir='ltr' id='par_1_109' title="bbox 1994 4518 3635 4597">
     <span class='ocr_line' id='line_1_109' title="bbox 1994 4518 3635 4597; baseline -0.009 -14"><span class='ocrx_word' id='word_1_826' title='bbox 1994 4527 2217 4583; x_wconf 85' lang='lat' dir='ltr'><strong>mianus</strong></span> <span class='ocrx_word' id='word_1_827' title='bbox 2246 4524 2568 4597; x_wconf 90' lang='lat' dir='ltr'><strong>respiciens</strong></span> <span class='ocrx_word' id='word_1_828' title='bbox 2592 4523 2928 4589; x_wconf 88' lang='lat' dir='ltr'><strong>Adrianum,</strong></span> <span class='ocrx_word' id='word_1_829' title='bbox 2955 4519 3035 4575; x_wconf 92' lang='lat' dir='ltr'><strong>ait</strong></span> <span class='ocrx_word' id='word_1_830' title='bbox 3064 4537 3076 4573; x_wconf 93' lang='lat'><strong>:</strong></span> <span class='ocrx_word' id='word_1_831' title='bbox 3102 4518 3301 4573; x_wconf 89' lang='lat' dir='ltr'><strong>Adhuc</strong></span> <span class='ocrx_word' id='word_1_832' title='bbox 3324 4520 3386 4572; x_wconf 91' lang='lat' dir='ltr'><strong>tu</strong></span> <span class='ocrx_word' id='word_1_833' title='bbox 3413 4527 3635 4587; x_wconf 88' lang='lat' dir='ltr'><strong>perma-</strong></span> 
     </span>
    </p>
   </div>
   <div class='ocr_carea' id='block_1_110' title="bbox 1993 4602 3631 4681">
    <p class='ocr_par' dir='ltr' id='par_1_110' title="bbox 1993 4602 3631 4681">
     <span class='ocr_line' id='line_1_110' title="bbox 1993 4602 3631 4681; baseline -0.01 -9"><span class='ocrx_word' id='word_1_834' title='bbox 1993 4631 2097 4672; x_wconf 91' lang='lat' dir='ltr'><strong>nes</strong></span> <span class='ocrx_word' id='word_1_835' title='bbox 2138 4616 2190 4670; x_wconf 95' lang='lat' dir='ltr'><strong>in</strong></span> <span class='ocrx_word' id='word_1_836' title='bbox 2233 4614 2484 4670; x_wconf 88' lang='lat' dir='ltr'><strong>insania!</strong></span> <span class='ocrx_word' id='word_1_837' title='bbox 2523 4614 2733 4669; x_wconf 85' lang='lat' dir='ltr'><strong>Beatus</strong></span> <span class='ocrx_word' id='word_1_838' title='bbox 2768 4614 2986 4681; x_wconf 85' lang='lat' dir='ltr'><strong>martyr</strong></span> <span class='ocrx_word' id='word_1_839' title='bbox 3014 4605 3355 4679; x_wconf 87' lang='lat' dir='ltr'><strong>respondit:</strong></span> <span class='ocrx_word' id='word_1_840' title='bbox 3382 4606 3494 4659; x_wconf 92' lang='lat' dir='ltr'><strong>Pro</strong></span> <span class='ocrx_word' id='word_1_841' title='bbox 3527 4602 3631 4657; x_wconf 91' lang='lat' dir='ltr'><strong>hac</strong></span> 
     </span>
    </p>
   </div>
   <div class='ocr_carea' id='block_1_111' title="bbox 1992 4689 3628 4771">
    <p class='ocr_par' dir='ltr' id='par_1_111' title="bbox 1992 4689 3628 4771">
     <span class='ocr_line' id='line_1_111' title="bbox 1992 4689 3628 4771; baseline -0.011 -11"><span class='ocrx_word' id='word_1_842' title='bbox 1992 4704 2245 4760; x_wconf 91' lang='lat' dir='ltr'><strong>amentia</strong></span> <span class='ocrx_word' id='word_1_843' title='bbox 2287 4710 2346 4759; x_wconf 85' lang='lat' dir='ltr'><strong>et</strong></span> <span class='ocrx_word' id='word_1_844' title='bbox 2378 4700 2598 4757; x_wconf 89' lang='lat' dir='ltr'><strong>insania</strong></span> <span class='ocrx_word' id='word_1_845' title='bbox 2634 4704 2874 4771; x_wconf 90' lang='lat' dir='ltr'><strong>paratus</strong></span> <span class='ocrx_word' id='word_1_846' title='bbox 2904 4712 3030 4754; x_wconf 90' lang='lat' dir='ltr'><strong>sum</strong></span> <span class='ocrx_word' id='word_1_847' title='bbox 3066 4696 3211 4752; x_wconf 91' lang='lat' dir='ltr'><strong>hanc</strong></span> <span class='ocrx_word' id='word_1_848' title='bbox 3236 4694 3414 4751; x_wconf 90' lang='lat' dir='ltr'><strong>vitam</strong></span> <span class='ocrx_word' id='word_1_849' title='bbox 3446 4689 3628 4746; x_wconf 87' lang='lat' dir='ltr'><strong>finire.</strong></span> 
     </span>
    </p>
   </div>
   <div class='ocr_carea' id='block_1_112' title="bbox 1992 4775 3636 4864">
    <p class='ocr_par' dir='ltr' id='par_1_112' title="bbox 1992 4775 3636 4864">
     <span class='ocr_line' id='line_1_112' title="bbox 1992 4775 3636 4864; baseline -0.01 -16"><span class='ocrx_word' id='word_1_850' title='bbox 1992 4794 2185 4848; x_wconf 89' lang='lat' dir='ltr'><strong>Iratus</strong></span> <span class='ocrx_word' id='word_1_851' title='bbox 2206 4796 2337 4864; x_wconf 88' lang='lat' dir='ltr'><strong>post</strong></span> <span class='ocrx_word' id='word_1_852' title='bbox 2356 4791 2503 4863; x_wconf 89' lang='lat' dir='ltr'><strong>piam</strong></span> <span class='ocrx_word' id='word_1_853' title='bbox 2520 4787 2938 4845; x_wconf 88' lang='lat' dir='ltr'><strong>confessionem</strong></span> <span class='ocrx_word' id='word_1_854' title='bbox 2956 4775 3636 4858; x_wconf 89' lang='lat' dir='ltr'><strong>ipsiustyrannus,jussit</strong></span> 
     </span>
    </p>
   </div>
   <div class='ocr_carea' id='block_1_113' title="bbox 1991 4864 3637 4938">
    <p class='ocr_par' dir='ltr' id='par_1_113' title="bbox 1991 4864 3637 4938">
     <span class='ocr_line' id='line_1_113' title="bbox 1991 4864 3637 4938; baseline -0.011 -1"><span class='ocrx_word' id='word_1_855' title='bbox 1991 4894 2121 4938; x_wconf 76' lang='lat' dir='ltr'><strong>cum</strong></span> <span class='ocrx_word' id='word_1_856' title='bbox 2140 4886 2281 4936; x_wconf 54' lang='lat' dir='ltr'><strong>tamt</strong></span> <span class='ocrx_word' id='word_1_857' title='bbox 2303 4876 2842 4936; x_wconf 87' lang='lat' dir='ltr'><strong>rudeliterinvicem</strong></span> <span class='ocrx_word' id='word_1_858' title='bbox 2859 4875 2969 4932; x_wconf 90' lang='lat' dir='ltr'><strong>sibi</strong></span> <span class='ocrx_word' id='word_1_859' title='bbox 2986 4864 3637 4934; x_wconf 80' lang='lat' dir='ltr'><strong>succedentibusﬂagel-</strong></span> 
     </span>
    </p>
   </div>
   <div class='ocr_carea' id='block_1_114' title="bbox 1992 4953 3634 5038">
    <p class='ocr_par' dir='ltr' id='par_1_114' title="bbox 1992 4953 3634 5038">
     <span class='ocr_line' id='line_1_114' title="bbox 1992 4953 3634 5038; baseline -0.007 -15"><span class='ocrx_word' id='word_1_860' title='bbox 1992 4968 2280 5025; x_wconf 89' lang='lat' dir='ltr'><strong>latoribus</strong></span> <span class='ocrx_word' id='word_1_861' title='bbox 2300 4968 2469 5037; x_wconf 66' lang='lat' dir='ltr'><strong>caedi,</strong></span> <span class='ocrx_word' id='word_1_862' title='bbox 2495 4967 2678 5023; x_wconf 72' lang='lat' dir='ltr'><strong>donec</strong></span> <span class='ocrx_word' id='word_1_863' title='bbox 2701 4963 3123 5038; x_wconf 41' lang='lat' dir='ltr'><strong>apei&#39;tislcostis</strong></span> <span class='ocrx_word' id='word_1_864' title='bbox 3147 4961 3371 5016; x_wconf 88' lang='lat' dir='ltr'><strong>viscera</strong></span> <span class='ocrx_word' id='word_1_865' title='bbox 3398 4953 3634 5027; x_wconf 83' lang='lat' dir='ltr'><strong>patefie-</strong></span> 
     </span>
    </p>
   </div>
   <div class='ocr_carea' id='block_1_115' title="bbox 1992 5043 3628 5113">
    <p class='ocr_par' dir='ltr' id='par_1_115' title="bbox 1992 5043 3628 5113">
     <span class='ocr_line' id='line_1_115' title="bbox 1992 5043 3628 5113; baseline -0.007 -1"><span class='ocrx_word' id='word_1_866' title='bbox 1992 5059 2367 5113; x_wconf 83' lang='lat' dir='ltr'><strong>rent.lterum</strong></span> <span class='ocrx_word' id='word_1_867' title='bbox 2399 5055 2759 5113; x_wconf 71' lang='lat' dir='ltr'><strong>constrictus</strong></span> <span class='ocrx_word' id='word_1_868' title='bbox 2782 5056 2935 5112; x_wconf 87' lang='lat' dir='ltr'><strong>ferro</strong></span> <span class='ocrx_word' id='word_1_869' title='bbox 2959 5054 3011 5109; x_wconf 93' lang='lat' dir='ltr'><strong>in</strong></span> <span class='ocrx_word' id='word_1_870' title='bbox 3036 5060 3329 5110; x_wconf 90' lang='lat' dir='ltr'><strong>carcerem</strong></span> <span class='ocrx_word' id='word_1_871' title='bbox 3356 5043 3628 5101; x_wconf 90' lang='lat' dir='ltr'><strong>mittitur.</strong></span> 
     </span>
    </p>
   </div>
   <div class='ocr_carea' id='block_1_116' title="bbox 1992 5133 3638 5217">
    <p class='ocr_par' dir='ltr' id='par_1_116' title="bbox 1992 5133 3638 5217">
     <span class='ocr_line' id='line_1_116' title="bbox 1992 5133 3638 5217; baseline -0.005 -16"><span class='ocrx_word' id='word_1_872' title='bbox 1992 5146 2057 5201; x_wconf 86' lang='lat' dir='ltr'><strong>Et</strong></span> <span class='ocrx_word' id='word_1_873' title='bbox 2071 5160 2200 5202; x_wconf 92' lang='lat' dir='ltr'><strong>cum</strong></span> <span class='ocrx_word' id='word_1_874' title='bbox 2216 5144 2510 5217; x_wconf 88' lang='lat' dir='ltr'><strong>aliquibus</strong></span> <span class='ocrx_word' id='word_1_875' title='bbox 2523 5144 2871 5202; x_wconf 88' lang='lat' dir='ltr'><strong>diebuseum</strong></span> <span class='ocrx_word' id='word_1_876' title='bbox 2887 5143 3033 5211; x_wconf 92' lang='lat' dir='ltr'><strong>reliq</strong></span> <span class='ocrx_word' id='word_1_877' title='bbox 3044 5139 3129 5195; x_wconf 93' lang='lat' dir='ltr'><strong>uis</strong></span> <span class='ocrx_word' id='word_1_878' title='bbox 3140 5134 3360 5193; x_wconf 90' lang='lat' dir='ltr'><strong>sanctis</strong></span> <span class='ocrx_word' id='word_1_879' title='bbox 3373 5133 3468 5191; x_wconf 89' lang='lat' dir='ltr'><strong>Dei</strong></span> <span class='ocrx_word' id='word_1_880' title='bbox 3482 5133 3638 5192; x_wconf 89' lang='lat' dir='ltr'><strong>clau-</strong></span> 
     </span>
    </p>
   </div>
   <div class='ocr_carea' id='block_1_117' title="bbox 1993 5224 3628 5305">
    <p class='ocr_par' dir='ltr' id='par_1_117' title="bbox 1993 5224 3628 5305">
     <span class='ocr_line' id='line_1_117' title="bbox 1993 5224 3628 5305; baseline -0.006 -15"><span class='ocrx_word' id='word_1_881' title='bbox 1993 5233 2183 5290; x_wconf 91' lang='lat' dir='ltr'><strong>susibi</strong></span> <span class='ocrx_word' id='word_1_882' title='bbox 2204 5233 2431 5305; x_wconf 87' lang='lat' dir='ltr'><strong>fuisset,</strong></span> <span class='ocrx_word' id='word_1_883' title='bbox 2451 5234 2680 5291; x_wconf 88' lang='lat' dir='ltr'><strong>tandem</strong></span> <span class='ocrx_word' id='word_1_884' title='bbox 2698 5233 2993 5299; x_wconf 76' lang='lat' dir='ltr'><strong>reductus,</strong></span> <span class='ocrx_word' id='word_1_885' title='bbox 3010 5224 3393 5284; x_wconf 88' lang='lat' dir='ltr'><strong>simulctcum</strong></span> <span class='ocrx_word' id='word_1_886' title='bbox 3415 5241 3484 5282; x_wconf 90' lang='lat' dir='ltr'><strong>eo</strong></span> <span class='ocrx_word' id='word_1_887' title='bbox 3507 5224 3628 5296; x_wconf 91' lang='lat' dir='ltr'><strong>alii,</strong></span> 
     </span>
    </p>
   </div>
   <div class='ocr_carea' id='block_1_118' title="bbox 1994 5315 3634 5395">
    <p class='ocr_par' dir='ltr' id='par_1_118' title="bbox 1994 5315 3634 5395">
     <span class='ocr_line' id='line_1_118' title="bbox 1994 5315 3634 5395; baseline -0.006 -14"><span class='ocrx_word' id='word_1_888' title='bbox 1994 5336 2144 5393; x_wconf 83' lang='lat' dir='ltr'><strong>quos</strong></span> <span class='ocrx_word' id='word_1_889' title='bbox 2180 5321 2542 5379; x_wconf 72' lang='lat' dir='ltr'><strong>immensitas</strong></span> <span class='ocrx_word' id='word_1_890' title='bbox 2571 5334 2867 5395; x_wconf 75' lang='lat' dir='ltr'><strong>poenarum</strong></span> <span class='ocrx_word' id='word_1_891' title='bbox 2904 5330 3047 5389; x_wconf 90' lang='lat' dir='ltr'><strong>pene</strong></span> <span class='ocrx_word' id='word_1_892' title='bbox 3077 5316 3150 5373; x_wconf 92' lang='lat' dir='ltr'><strong>ab</strong></span> <span class='ocrx_word' id='word_1_893' title='bbox 3165 5320 3508 5388; x_wconf 62' lang='lat' dir='ltr'><strong>sumpserat,</strong></span> <span class='ocrx_word' id='word_1_894' title='bbox 3534 5315 3634 5373; x_wconf 88' lang='lat' dir='ltr'><strong>sis-</strong></span> 
     </span>
    </p>
   </div>
   <div class='ocr_carea' id='block_1_119' title="bbox 1990 5399 3626 5476">
    <p class='ocr_par' dir='ltr' id='par_1_119' title="bbox 1990 5399 3626 5476">
     <span class='ocr_line' id='line_1_119' title="bbox 1990 5399 3626 5476; baseline -0.008 -8"><span class='ocrx_word' id='word_1_895' title='bbox 1990 5411 2140 5468; x_wconf 91' lang='lat' dir='ltr'><strong>titur</strong></span> <span class='ocrx_word' id='word_1_896' title='bbox 2162 5399 2694 5476; x_wconf 86' lang='lat' dir='ltr'><strong>Maximiano.Quos</strong></span> <span class='ocrx_word' id='word_1_897' title='bbox 2717 5406 2814 5463; x_wconf 92' lang='lat' dir='ltr'><strong>ille</strong></span> <span class='ocrx_word' id='word_1_898' title='bbox 2832 5406 2947 5476; x_wconf 86' lang='lat' dir='ltr'><strong>jam</strong></span> <span class='ocrx_word' id='word_1_899' title='bbox 2974 5403 3626 5467; x_wconf 84' lang='lat' dir='ltr'><strong>vidensirrevocabiles,</strong></span> 
     </span>
    </p>
   </div>
   <div class='ocr_carea' id='block_1_120' title="bbox 1986 5483 3727 5573">
    <p class='ocr_par' dir='ltr' id='par_1_120' title="bbox 1986 5483 3727 5573">
     <span class='ocr_line' id='line_1_120' title="bbox 1986 5483 3727 5573; baseline -0.012 -12"><span class='ocrx_word' id='word_1_900' title='bbox 1986 5499 2163 5573; x_wconf 88' lang='lat' dir='ltr'><strong>jussit</strong></span> <span class='ocrx_word' id='word_1_901' title='bbox 2196 5504 2262 5559; x_wconf 90' lang='lat' dir='ltr'><strong>ut</strong></span> <span class='ocrx_word' id='word_1_902' title='bbox 2289 5502 2457 5558; x_wconf 88' lang='lat' dir='ltr'><strong>vecte</strong></span> <span class='ocrx_word' id='word_1_903' title='bbox 2490 5510 2698 5569; x_wconf 84' lang='lat' dir='ltr'><strong>magno</strong></span> <span class='ocrx_word' id='word_1_904' title='bbox 2730 5496 2922 5553; x_wconf 88' lang='lat' dir='ltr'><strong>ferreo</strong></span> <span class='ocrx_word' id='word_1_905' title='bbox 2940 5487 3627 5570; x_wconf 68' lang='lat' dir='ltr'><strong>confringerenturtibize</strong></span> <span class='ocrx_word' id='word_1_906' title='bbox 3718 5483 3727 5491; x_wconf 88' lang='lat'><strong>&#39;</strong></span> 
     </span>
    </p>
   </div>
  </div>
