4004 6168
375 253 471 310 351

1433 259 1489 316 S.
1522 248 1791 318 ‘ADONIS
1827 250 2260 314 ARCHIEPISC.
2293 251 2706 310 VIENNENSIS

3673 259 3774 319 352

371 375 646 448 ipsorum.
701 377 1024 436 Confractis
1072 380 1270 453 itaque
1317 385 1608 456 cruribus,
1661 379 1726 444 ac
1767 385 2012 458 pedibus
2039 377 2094 436 A
2128 392 2274 432 mam
2297 376 2676 435 confessionis
2708 375 2920 434 Christi
2950 375 3636 448 constantiam‘graviter
3664 381 3776 441 fus-

313 465 318 468 '
371 461 584 535 incisis,
621 463 859 538 insuper
884 469 1056 526 beato
1079 471 1332 528 Adriano
1357 477 1524 530 manu
1551 475 1748 546 incisa,
1776 481 2012 533 orantes

372 554 430 607 et
469 552 694 624 gratias
743 560 986 625 agentes
1033 559 1289 630 Domino,
1343 562 1662 620 emiserunt
1713 565 2005 637 spiritum.

371 638 624 711 Corpora
647 657 848 700 eorum
871 645 1044 714 jussit
1077 652 1358 718 tyrannus
1387 651 1634 710 incendi.
1673 654 1780 711 Sed
1814 655 2009 712 subito

366 727 535 786 factae
577 735 709 787 sunt
747 737 1200 808 coruscationes,
1235 741 1514 812 tonitrua,
1559 758 1623 800 ac
1665 744 1894 815 pluviae,
1949 750 2006 801 et

363 817 693 877 exstinctus
719 825 806 879 est
848 822 1012 892 ignis.
1056 826 1414 900 Plurimique
1460 830 1531 887 de
1573 833 2008 904 apparitoribus

367 903 708 966 fulminibus
736 913 1015 984 percussi,
1051 917 1218 986 pauci
1253 917 1384 988 fuga
1416 919 1513 975 vix
1543 903 1874 980 evaserunt.
1905 926 2008 982 Ac-

361 1001 671 1054 currentes
691 997 912 1058 interea
937 1003 1266 1077 Christiani,
1295 1015 1614 1080 rapuerunt
1637 1027 1709 1067 ex
1741 1013 1872 1083 igne
1889 1013 2005 1084 jam

361 1083 659 1143 exstincto
690 1087 967 1160 reliquias
997 1099 1335 1168 martyrum,
1369 1103 1426 1154 et
1469 1101 1724 1158 ascensis
1763 1104 2008 1160 navibus

366 1171 660 1246 fugerunt,
687 1187 1199 1254 perveneruntque
1232 1187 1591 1260 Byzantium,
1618 1194 1676 1246 et
1709 1193 2004 1250 reverenti

362 1259 579 1319 honore
601 1265 960 1336 sepelierunt
983 1285 1082 1328 eas
1104 1271 1201 1329 ibi.
1229 1275 1349 1331 Non
1375 1276 1546 1347 longo
1578 1259 1706 1350 post
1741 1284 2004 1353 tempore

362 1349 516 1406 beati
551 1353 785 1411 Adriani
817 1372 1031 1429 corpus
1062 1361 1295 1419 Romam
1329 1366 1502 1421 etiam
1539 1349 1884 1426 translatum
1909 1372 2007 1428 ho-

361 1439 606 1497 norabili
634 1457 862 1515 quoque
883 1449 1104 1520 templo
1127 1459 1469 1510 exornatum
1493 1461 1600 1512 cst.
1629 1458 1849 1516 Natalia
1865 1452 2005 1518 vero

359 1526 480 1598 ipsa
505 1528 576 1586 de
599 1530 926 1591 Nicomedia
964 1543 1293 1596 sanctorum
1324 1548 1642 1614 martyrum
1677 1562 1870 1604 amore
1903 1551 2005 1620 By-

359 1616 612 1690 zantium
645 1623 976 1695 enavigans,
1013 1632 1138 1697 post
1163 1644 1388 1702 paucos
1419 1632 1542 1688 dies
1574 1635 1860 1694 adventus
1890 1638 1998 1709 sui,

2120 467 2282 524 tibus
2301 466 2468 533 caesi;
2495 465 2704 522 deinde
2725 465 3104 538 compedibus
3124 465 3389 537 vincti,et
3413 465 3488 524 ad
3502 467 3772 530 fodienda

2121 554 2354 611 metalla
2371 554 2659 626 deputati,
2686 553 2958 624 gloriosa
2989 555 3369 614 confessionis
3381 570 3626 628 agonem
3647 573 3774 618 con-

2118 647 2572 702 summaverunt.
2601 643 2855 710 Quorum
2879 643 3054 699 etiam
3085 643 3350 715 exempla
3385 651 3585 702 secuta
3629 647 3770 704 mul-

2117 731 2300 804 tiplex
2327 731 2512 803 plebis
2535 732 2746 802 portio,
2772 747 2901 788 cum
2924 731 3009 788 eis
3037 732 3299 789 confessa
3335 732 3555 803 pariter
3589 740 3678 792 est
3711 741 3769 794 et

2117 825 2414 877 coronata.
2459 821 2659 876 Exstat
2704 817 2952 891 epistola
2993 819 3148 876 beati
3190 821 3460 892 Cypriani
3503 823 3578 880 ad
3618 823 3774 896 ipsos

2119 910 2314 980 (epist.
2337 913 2452 979 77),
2485 913 2543 966 et
2577 909 2648 965 de
2681 909 2820 980 ipsis
2850 909 3088 980 scripta.

2185 999 2212 1036 ι)
2250 998 2460 1054 Eodem
2501 998 2593 1054 die
2631 997 2686 1053 in
2729 996 3132 1067 Chalcedonia,
3176 998 3387 1055 natalis
3425 1004 3764 1060 sanctorum

2117 1087 2434 1158 Sosthenis,
2475 1091 2532 1143 et
2576 1086 2870 1144 Victoris:
2905 1086 3021 1156 qui,
3063 1101 3194 1142 cum
3236 1086 3406 1143 beata
3443 1087 3766 1160 Euphemia

2117 1177 2224 1234 sub
2255 1176 2455 1233 Prisco
2483 1175 2720 1232 consule
2752 1189 2856 1247 pro
2888 1173 3098 1231 Christi
3130 1173 3359 1232 nomine
3400 1175 3762 1252 decertaret,

2115 1265 2338 1337 apertis
2373 1264 2482 1321 sibi
2523 1264 2804 1320 divinitus
2840 1262 3042 1333 oculis,
3092 1262 3366 1320 viderunt
3404 1265 3560 1323 circa
3605 1267 3766 1326 illam

2116 1353 2454 1425 angelorum
2490 1352 2780 1425 praesidia,
2824 1358 3274 1423 sanctarumque
3311 1353 3604 1424 virginum
3640 1357 3774 1414 cho-

2117 1457 2262 1498 rum.
2323 1443 2512 1512 Atque
2562 1441 2668 1497 hoc
2717 1440 2840 1496 viso
2891 1439 2960 1496 ad
3014 1439 3305 1496 Christum
3354 1444 3644 1515 conversi,
3701 1446 3810 1504 ob'

2117 1529 2568 1600 insuperabilem
2594 1528 2724 1585 ﬁdei
2746 1527 3167 1584 confessionem
3189 1529 3340 1586 trusi
3363 1529 3420 1585 in
3441 1545 3774 1605 carcerem,

2115 1621 2172 1674 et
2207 1618 2339 1674 inde
2375 1617 2662 1690 producti,
2707 1615 2775 1672 ad
2821 1616 3054 1686 stipites
3084 1616 3315 1688 religati
3345 1623 3522 1687 sunt;
3553 1621 3779 1692 quibus

359 1703 766 1766 dormitionem
825 1715 1048 1785 accepit
1109 1717 1163 1772 in
1224 1720 1480 1789 Domino,
1543 1727 1598 1778 et
1653 1723 1820 1794 juxta
1879 1703 2087 1790 san-8
2117 1706 2364 1778 Primum
2406 1706 2544 1794 Ψέδίθ
2589 1703 2904 1794 θθᾴάίῗίηίίθ
2947 1704 3478 1794 Γθνφθίθδίίηυδίθθξ
3519 1707 3770 1780 ἀίωί⁵⁸ί’

359 1796 585 1852 ctorum
626 1813 869 1870 corpora
919 1804 1147 1874 sepulta
1188 1810 1276 1863 est
1329 1809 1598 1868 Kalendis
1647 1813 1999 1874 Decembris.

355 1875 553 1974 Passio
613 1885 818 1945 horum
880 1896 1196 1963 martyrum
1247 1901 1414 1953 sexto
1463 1900 1596 1956 Idus
1645 1901 2005 1974 Septembris

351 1967 704 2032 celebratur.

769 2065 830 2120 G.
865 2065 911 2121 V
942 2068 1104 2125 IDUS
1133 2071 1582 2134 SEPTEMBRIS.

1037 2160 1092 2224 (9
1121 2160 1314 2232 Sept.)

420 2253 668 2348 ePassio
703 2258 1008 2318 beatorum
1044 2272 1360 2337 martyrum
1394 2271 1668 2330 Dorothei
1703 2281 1758 2331 et
1793 2278 2006 2349 Gorgo-

348 2337 449 2408 nii,
473 2343 627 2412 apud
653 2345 1067 2422 Nicomediam,
1095 2357 1204 2411 sub
1235 2357 1597 2417 Diocletiano
1630 2337 1998 2434 imperatore.

349 2425 564 2485 Horum
617 2433 778 2502 prior
827 2438 1158 2500 Dorotbeus
1207 2446 1483 2515 magister
1529 2449 1582 2504 in
1633 2425 1833 2509 officiis
1875 2470 2002 2526 quae

349 2515 501 2614 intra
527 2519 806 2589 palatium
829 2527 1414 2603 exhibebantur,erat
1435 2537 1687 2594 cubiculi
1704 2542 1846 2610 regii
1864 2515 2006 2614 pras-

351 2605 594 2678 positus,
623 2609 844 2671 habens
866 2630 1059 2674 secum
1085 2620 1288 2684 oﬁlcio,
1318 2623 1450 2693 fide,
1489 2629 1546 2680 et
1581 2605 2000 2697 magninimita-

346 2695 626 2790 teparem
661 2699 1030 2770 Gargonium.
1071 2706 1324 2773 Quorum
1359 2695 1825 2775 institutionibus
1853 2721 2002 2792 opti-

347 2779 457 2880 mis
485 2797 686 2843 omnes
719 2803 866 2860 pene
895 2795 1154 2852 cubiculi
1187 2798 1436 2857 ministri
1468 2801 1522 2857 in
1568 2802 1679 2860 fide
1717 2805 1818 2862 Dei
1861 2779 2002 2880 vigi-

346 2865 538 2928 lanter
561 2877 618 2928 et
643 2874 828 2934 libere
853 2883 1269 2952 persistebant.
1295 2888 1362 2944 Hi
1397 2889 1648 2961 denique
1677 2909 1807 2950 cum
1844 2865 2001 2954 vide-

343 2962 474 3051 rent
501 2964 808 3032 quemdam
843 2975 1158 3042 martyrem
1182 2976 1522 3036 crudelibus
1544 2984 1720 3051 atque
1745 2982 1973 3044 immani

345 3045 452 3104 bus
473 3051 780 3122 suppliciis
807 3059 1080 3130 cruciari,
1114 3069 1455 3122 constanter
1486 3071 1544 3123 et
1579 3045 1762 3126 libere
1795 3073 1955 3131 aiunt

345 3133 478 3204 Cur,
497 3137 836 3214 imperator,
855 3144 910 3200 in
927 3146 1032 3204 hoc
1060 3149 1183 3205 solo
1209 3153 1382 3221 punis
1405 3158 1776 3228 sententiam,
1796 3175 1924 3230 qua:-
1945 3163 2001 3219 in

342 3221 791 3286 nobisomnibus
813 3231 1082 3302 viget?ut
1113 3237 1248 3308 quid
1275 3239 1331 3294 in
1357 3239 1456 3298 illo
1477 3243 1718 3302 crimine
1741 3221 1996 3316 ducitur,

345 3309 498 3410 quod
541 3327 572 3410 a
615 3317 784 3374 nobis
815 3322 1084 3380 omnibus
1106 3325 1457 3384 conﬁtetur?
1477 3331 1606 3387 Haec
1631 3335 1800 3393 nobis
1830 3309 1992 3410 ﬁdes,

343 3393 436 3453 hic
465 3399 680 3474 cultus,
715 3409 774 3461 et
809 3409 1094 3468 unanimis
1125 3414 1446 3487 eademque
1487 3423 1797 3480 sententia.
1842 3393 1996 3490 Quos

341 3482 440 3580 ille
484 3503 614 3546 cum
658 3492 713 3548 in
756 3496 1010 3554 medium
1052 3482 1426 3561 nihilominus
1463 3507 1663 3564 venire
1700 3510 1990 3580 jussisset,

333 3569 507 3668 jussit
541 3591 641 3636 eos
671 3585 941 3657 appendi,
975 3592 1034 3644 et
1069 3589 1312 3660 ﬂagellis
1343 3595 1471 3650 toto
1501 3569 1746 3668 corpore

338 3663 754 3752 etivisceribus
781 3671 899 3743 jam
944 3676 1096 3748 pelle
1139 3679 1374 3738 nudatis
1408 3663 1692 3752 jubentur
1731 3693 1896 3746 aceto
1934 3697 1992 3748 et

337 3751 458 3810 sale
489 3759 777 3826 perfundi.
827 3764 1084 3838 Cumque
1127 3768 1302 3827 etiam
1345 3751 1449 3830 hoc
1489 3776 1766 3832 tormenti
1805 3793 1992 3848 genus

335 3847 677 3939 constanter
708 3854 766 3906 et
803 3851 1038 3912 fortiter
1066 3857 1442 3932 tolerassent,
1475 3864 1755 3922 craticula
1789 3847 1992 3939 prunis

335 3931 730 4026 subterstrata
756 3942 889 4010 poni
907 3942 1152 4011 jubetur
1175 3947 1230 4002 in
1267 3931 1474 4020 medio,
1503 3951 1699 4023 ibique
1722 3931 1875 4026 quod
1899 3972 1987 4014 re-

335 4014 559 4086 liquum
593 4023 780 4080 luerat
815 4026 870 4082 in
901 4031 1249 4090 verberibus
1279 4014 1570 4107 absumpti
1600 4014 1862 4112 corporis
1893 4061 1986 4104 su-

333 4106 598 4176 perponi,
633 4113 690 4164 et
725 4125 835 4168 non
869 4115 939 4170 ad
973 4117 1252 4192 subitum,
1287 4123 1386 4178 sed
1433 4106 1642 4183 sensim
1678 4106 1982 4200 paulatim-

333 4203 445 4259 que
477 4197 771 4289 succendi.
808 4201 889 4256 Ad
935 4203 1199 4263 ultimum
1243 4208 1450 4282 laqueo
1482 4197 1770 4287 appensos
1804 4218 1977 4289 jussit

331 4281 544 4374 necari.
572 4284 886 4356 Interjecto
911 4294 1171 4365 tempore
1189 4281 1394 4358 beatius
1408 4281 1728 4374 Gorgonius
1741 4281 1976 4367 Romam

328 4370 704 4458 transfertur,
731 4379 1072 4452 positusque
1094 4389 1181 4442 est
1205 4370 1622 4450 venerabiliter
1651 4397 1740 4453 via
1775 4399 1972 4458 Latina

329 4457 483 4516 inter
513 4461 658 4521 duas
687 4465 902 4528 lauros.
939 4472 1384 4545 Compleverunt
1417 4486 1610 4540 autem
1633 4489 1971 4560 martyrium

326 4562 494 4606 suum
527 4551 731 4622 quinto
762 4557 898 4616 Idus
927 4560 1302 4634 Septembris.

394 4639 457 4695 In
499 4639 726 4700 Sabinis
766 4645 1037 4706 milliario
1079 4652 1150 4708 ab
1205 4654 1347 4710 urbe
1396 4655 1712 4732 tricesimo,
1763 4664 1974 4724 natalis

325 4731 658 4789 sanctorum
689 4733 1015 4808 Hyacinthi,
1053 4739 1388 4816 Alexandri,
1423 4745 1685 4806 Tiburtii.

717 4851 780 4906 A.
826 4849 898 4907 IV
936 4853 1095 4910 IDUS
1134 4857 1578 4920 SEPTEMBRIS.
1639 4897 1648 4907 -

991 4955 1086 5022 (40
1111 4955 1304 5030 Sept.)

395 5051 563 5146 Apud
603 5053 875 5130 Africam,
919 5057 1130 5117 natalis
1169 5069 1500 5124 sanctorum
1541 5069 1964 5146 episcoporum,

323 5129 666 5234 Nemesiani,
711 5145 935 5219 Felicis,
991 5149 1166 5208 Lucii.
1209 5153 1354 5210 Item
1397 5129 1620 5230 Felicis,
1667 5129 1828 5234 Litei,
1856 5129 1971 5224 153’.

321 5216 792 5316 lian_i,_Vi_ctoris,
833 5216 1060 5296 Jaderis
1097 5243 1155 5296 et
1195 5241 1383 5300 Dativi
1425 5264 1437 5300 :
1484 5216 1620 5316 qui;
1646 5216 1967 5312 sub—Decio

319 5309 710 5404 tat-Valeriano
732 5332 1086 5398 exsurgente
1114 5309 1538 5402 persecutionis
1559 5309 1740 5407 rabie,
1766 5339 1836 5396 ad
1853 5339 1966 5412 pri-

395 5417 664 5506 ἳὲρείθρο
688 5421 738 5502 ,ιο
771 5440 890 5506 εμπ,
922 5447 1048 5506 cap.
1082 5443 1115 5494 6

388 5485 517 5546 bDe
559 5488 652 5550 his
683 5491 739 5550 in
771 5485 901 5556 Vita
930 5485 1148 5570 sanctae
1177 5510 1528 5587 Euphemia,
1563 5518 1631 5574 16
1659 5513 1818 5590 Sept.
1916 5519 1925 5525 '

2003 4433 2056 4493 D

2114 1810 2244 1852 eum
2271 1795 2325 1850 in
2353 1793 2512 1851 nullo
2534 1808 2636 1850 eos
2661 1791 2961 1861 laederent,
2990 1791 3144 1849 misit
3168 1792 3482 1865 proconsul
3511 1796 3584 1853 ad
3616 1797 3776 1854 defe-

2114 1883 2352 1940 rendam
2392 1897 2620 1954 cupam,
2667 1881 2722 1936 in
2761 1895 2874 1952 qua
2922 1895 3023 1937 eos
3072 1881 3294 1954 pariter
3339 1890 3770 1943 concremaret.

2113 1971 2202 2028 Illi
2244 1986 2383 2028 vero
2433 1971 2656 2028 interea
2699 1969 3104 2045 incumbentes
3144 1970 3416 2042 orationi,
3457 1973 3652 2031 vocati
3697 1973 3775 2033 de

2113 2060 2282 2130 coelo,
2319 2060 2576 2132 datoque
2625 2057 2733 2116 sibi
2785 2061 2986 2116 mutuo
3028 2058 3186 2130 pacis
3226 2058 3450 2132 osculo,
3492 2061 3774 2135 spiritum

2115 2150 2455 2220 emiserunt,

2505 2238 2565 2293 Β.
2608 2236 2681 2292 ΙΙΙ
2721 2236 2882 2293 IDUS
2921 2236 3366 2294 SEPTEMBRIS.

2781 2327 2868 2395 (Η
2900 2325 3096 2397 Sept.)

2184 2425 2208 2455 ο
2235 2417 2427 2473 Romae
2450 2414 2541 2470 via
2567 2413 2784 2470 Salaria
2805 2417 3028 2486 vetere,
3057 2413 3111 2470 in
3136 2415 3475 2473 coemeterio
3506 2415 3764 2492 Basillae,

2113 2504 2304 2561 natale
2343 2508 2675 2560 sanctorum
2717 2503 2874 2559 Proti
2915 2508 2974 2558 et
3018 2502 3299 2574 Hyacinti,
3335 2505 3432 2574 qui
3461 2510 3629 2564 erant
3657 2521 3772 2565 eu-

2113 2593 2284 2650 nuchi
2319 2593 2504 2649 beatae
2548 2591 2817 2662 Eugeniae
2857 2592 3098 2662 virginis
3125 2607 3257 2651 eum
3289 2607 3400 2664 qua
3433 2595 3506 2651 ab
3537 2595 3765 2653 Heleno

2111 2681 2384 2752 episcopo
2409 2679 2708 2751 baptizati,
2735 2679 3035 2751 aliquanto
3057 2685 3322 2753 tempore
3336 2681 3548 2740 divinis
3563 2683 3760 2742 solum

2109 2769 2540 2828 eruditionibus
2567 2773 2860 2839 vacantes,
2896 2769 2950 2824 in
2983 2773 3184 2826 sancto
3214 2772 3514 2844 proposito
3543 2775 3763 2844 persti-

2110 2863 2331 2929 terunt,
2383 2862 2560 2930 atque
2601 2857 2656 2913 in
2706 2872 3006 2915 servorum
3057 2858 3154 2914 Dei
3205 2861 3558 2918 monasterio
3608 2863 3758 2921 mira

2109 2947 2438 3006 humilitate
2469 2947 2798 3004 conversati
2820 2950 2954 3004 sunt
2981 2965 2996 3014 ;
3028 2951 3085 3003 et
3109 2947 3218 3004 hoc
3241 2949 3394 3020 apud
3416 2947 3752 3022 Egyptum.

1978 3016 2002 3108 Γ
2029 3082 2078 3144 C
2111 3036 2248 3092 Inde
2279 3050 2407 3094 cum
2451 3035 2782 3092 beatissima
2821 3034 3048 3106 virgine
3083 3016 3318 3092 Romam
3358 3039 3598 3110 reversi,
3641 3041 3760 3100 sub

1981 3119 1994 3132 ⁶
2111 3123 2363 3144 n-II:-_.-
2403 3125 2748 3144 :_-_-__4-_-
2813 3123 2958 3144 ..-__.I
2995 3129 3176 3144 Α---.Αι
3226 3124 3532 3144 nL_5-A3_“9
3609 3143 3653 3144 γέ

2109 3123 2369 3181 Gallieno
2401 3125 2772 3196 imperatore,
2807 3123 2962 3195 quod
2989 3129 3180 3182 essent
3223 3124 3552 3198 Christiani,
3596 3143 3759 3186 com-

2111 3212 2402 3285 prehensi,
2434 3215 2724 3282 coguntur
2745 3211 3093 3270 sacrificare.
3121 3213 3232 3270 Sed
3255 3228 3364 3272 non
3385 3216 3760 3274 consentien-

2106 3306 2197 3357 tes
2227 3301 2514 3359 dirissime
2547 3303 2954 3358 verberantur.
2990 3303 3248 3374 Cumque
3279 3303 3393 3360 Deo
3427 3303 3598 3361 fidem
3630 3319 3758 3364 ser-

2104 3395 2312 3448 vantes
2339 3389 2684 3460 gauderent,
2731 3390 2952 3461 pariter
2986 3390 3354 3449 decollantur
3395 3393 3574 3450 tertio
3612 3394 3749 3454 Idus

2104 3469 2482 3550 Septembris.
2519 3479 2655 3534 Post
2687 3478 2810 3536 haec
2849 3483 3088 3536 tenetur
3125 3486 3325 3538 sancta
3369 3481 3646 3556 Eugenia,
3687 3489 3745 3542 et

2095 3565 2339 3637 jubctur
2370 3581 2399 3622 a
2435 3567 2710 3638 praefecto
2739 3567 2903 3624 urbis
2941 3568 3184 3639 Nicetio,
3227 3570 3420 3628 Dianae
3459 3571 3744 3632 sacriﬁcia

2099 3655 2397 3712 exhibere.
2434 3655 2572 3722 Qum
2609 3659 2770 3713 stans
2801 3660 2935 3713 ante
2957 3656 3258 3730 templum,
3291 3659 3552 3717 extensis
3575 3662 3746 3720 mani-

2101 3745 2207 3802 bus
2239 3745 2386 3802 fudit
2428 3745 2768 3802 orationem.
2815 3745 2936 3812 Qua
2976 3751 3204 3818 orante,
3247 3746 3325 3802 ita
3366 3747 3742 3808 simulacrum

2095 3833 2290 3891 Dianae
2312 3835 2728 3892 comminutum
2751 3837 2864 3905 est,
2889 3837 2952 3891 ut
2975 3832 3098 3892 sola
3122 3835 3743 3907 pulverisejusindicia

2100 3926 2488 3980 remanerent.
2525 3923 2633 3980 Sed
2685 3923 2924 3994 magicis
2960 3923 3188 3982 artibus
3225 3923 3331 3982 hoc
3371 3930 3737 4001 reputantes,

2094 4009 2312 4080 ingenti
2347 4025 2487 4067 saxo
2512 4011 2669 4068 circa
2704 4010 2972 4083 scapulas
2997 4011 3126 4082 ejus
3162 4012 3504 4083 constricto,
3545 4014 3738 4072 Tiberi

2091 4111 2216 4154 eam
2251 4098 2610 4170 praecipitem
2658 4098 2966 4155 dederunt.
3017 4099 3316 4168 Quomodo
3355 4105 3551 4160 autem
3600 4117 3739 4174 ago-

2090 4201 2218 4242 nem
2256 4186 2545 4258 passionis
2573 4202 2693 4245 suae
2724 4187 3128 4261 compleverit,
3163 4189 3422 4248 breviter
3447 4205 3624 4266 supra
3647 4207 3740 4250 no-

2085 4278 2274 4330 tatum
2305 4279 2392 4330 est
2423 4289 2523 4332 Vill
2552 4275 2840 4334 Kalendas
2865 4277 3142 4335 Januarii.

2390 4367 2450 4420 G.
2499 4366 2736 4422 PRIDIE
2774 4367 2933 4423 IDUS
2972 4367 3418 4424 SEPTEMBPJS.

2761 4459 2853 4523 (42
2880 4456 3074 4529 Sept.)

2157 4541 2324 4616 Apud
2381 4542 2637 4601 Ticinum
2695 4545 2918 4616 urbem,
2981 4559 3109 4616 quae
3158 4549 3218 4602 et
3263 4545 3439 4618 Papia
3489 4544 3732 4606 dicitur:

2084 4631 2282 4689 natale
2313 4637 2648 4690 sanctorum
2681 4632 2812 4702 Eyri
2842 4637 2900 4689 et
2933 4633 3177 4691 Evantii.
3213 4634 3372 4702 Quia
3399 4635 3571 4692 beato
3592 4636 3737 4694 Her-

2084 4735 2319 4792 magora
2341 4719 2698 4792 Aquileiensi
2726 4710 3020 4795 pontiﬁee,
3056 4723 3342 4796 discipulo
3357 4724 3541 4782 sancti
3555 4725 3733 4784 Marci

2081 4809 2477 4880 evangelista,
2513 4809 2582 4865 ad
2605 4807 2908 4880 praefatam
2932 4813 3134 4869 urbem
3159 4813 3389 4885 directi,
3412 4812 3580 4886 primi
3606 4813 3732 4874 illic

2079 4897 2292 4954 Christi
2319 4897 2733 4966 Evangeliuum
2759 4901 3228 4974 praedicantes,et
3255 4902 3732 4974 magnisvirtuti-

2081 4986 2189 5042 bus
2219 5001 2284 5043 ac
2319 4985 2616 5044 miraculis
2643 4995 3040 5060 coruscantes,
3067 4991 3243 5048 etiam
3272 4991 3492 5050 vicinas
3520 4992 3726 5068 urbes,

2077 5075 2466 5132 Veronensem
2498 5076 2744 5147 scilicet,
2780 5078 3120 5152 Bryxenam,
3146 5085 3204 5138 et
3245 5081 3601 5139 Laudensem
3641 5083 3730 5141 di-

2077 5162 2226 5220 vinis
2245 5163 2521 5234 operibus
2543 5162 2933 5224 illustrarunt.
2962 5168 3169 5242 Sicque
3193 5169 3246 5226 in
3271 5169 3590 5242 pontificali
3623 5171 3728 5230 ho-

2076 5266 2234 5324 nore,
2273 5252 2510 5310 fundata
2541 5258 2598 5312 et
2620 5253 2964 5314 confirmata
2998 5258 3109 5316 fide
3139 5259 3502 5320 credentium
3538 5275 3726 5335 popu-

2077 5340 2282 5412 lorum,
2315 5340 2572 5412 glorioso
2605 5343 2717 5400 fine
2745 5347 3092 5418 quieverunt
3125 5348 3180 5405 in
3211 5363 3374 5421 pace.

2145 5455 2170 5487 ο
2193 5449 2273 5504 De
2304 5445 2392 5527 bis
2423 5447 2478 5526 in
2511 5435 2695 5521 gestis
2725 5457 2942 5532 sanctae
2974 5455 3324 5543 Euphemiaa,
3354 5460 3422 5516 25
3453 5455 3586 5515 Dec.
