3992 6170
216 267 314 342 3ξ3
934 254 1535 315 MARTYROLOGIUM
1574 252 1716 312 CUM
1755 248 2285 310 ADDITAMENTIS.
2325 281 2395 301 -ς-
2432 251 2635 311 MENS.
2681 254 2869 314 SEPT.

597 382 660 437 D.
724 379 953 438 IDIBUS
1006 377 1451 438 SEPTEMBRIS.

870 490 962 553 (43
998 488 1190 560 Sept.)

279 608 307 636 τι
336 594 505 668 Apud
531 592 860 665 Egyptum,
885 594 1126 650 civitate
1156 591 1529 662 Alexandria,
1555 590 1747 648 natale
1786 592 1842 647 Β.

213 683 458 758 Philippi
482 682 740 755 episcopi
759 687 816 738 et
842 682 1115 754 martyris
1137 682 1234 753 qui
1262 681 1575 753 praefectus
1602 681 1847 752 primum

214 775 335 844 fuit,
368 771 581 830 deinde
614 771 889 843 baptismi
919 772 1108 843 gratia
1133 770 1559 839 sanctificatus,
1585 769 1848 841 episcopi

214 862 571 934 dignitatem,
590 858 928 929 suffragium
951 860 1276 916 ferentibus
1300 858 1646 915 Christianis
1670 873 1849 929 popu-

213 952 299 1022 lis,
315 949 674 1021 assequitur.
692 949 763 1006 Et
784 950 894 1006 sub
908 948 1219 1004 Volusiano
1241 954 1297 1003 et
1322 946 1581 1003 Gallieno
1606 947 1850 1017 impera-

216 1040 438 1098 toribus
462 1039 736 1110 dirigitur
749 1037 1071 1094 Perennius
1086 1037 1401 1109 praefectus
1416 1035 1844 1105 Alexandriam,

215 1129 303 1187 cui
324 1129 673 1200 imperatum
695 1130 788 1185 est
807 1130 868 1184 ut
894 1125 1223 1197 Philippum
1247 1124 1566 1181 occideret.
1585 1123 1694 1179 Sed
1718 1139 1846 1180 cum

216 1218 319 1275 hoc
338 1217 582 1289 implere
605 1231 715 1274 non
743 1222 968 1288 posset,
985 1215 1116 1287 quia
1129 1214 1317 1271 omnis
1330 1213 1578 1285 populus
1589 1212 1849 1268 civitatis

217 1303 477 1375 Philippo
511 1302 691 1360 veluti
726 1302 1074 1374 quibusdam
1101 1299 1351 1357 vinculis
1379 1300 1592 1375 amoris
1616 1299 1851 1355 videba-

218 1397 307 1449 tur
343 1392 651 1462 astrictus,
688 1390 925 1447 immisit
969 1390 1245 1461 quosdam
1288 1388 1342 1443 in
1382 1386 1713 1457 ecclesiam,
1750 1386 1846 1457 qui

218 1495 274 1537 se
302 1479 587 1551 ﬁngerent
613 1479 995 1536 Christianos.
1022 1477 1246 1549 Quique
1278 1469 1693 1548 ingredientes,
1723 1490 1850 1548 per-

216 1572 525 1626 cusserunt
552 1582 684 1624 eum
717 1568 772 1623 in
819 1567 1082 1624 oratione
1129 1566 1535 1622 constitutum.
1571 1563 1847 1636 Sepultus

218 1657 374 1715 modo
404 1661 501 1713 est
530 1658 583 1713 in
606 1656 812 1726 Nitria,
841 1654 1078 1714 basilica
1101 1654 1386 1724 condigna
1410 1654 1650 1724 martyri
1672 1667 1847 1724 supra

3501 269 3608 325 354

1876 377 1929 437 Α
1961 389 2120 432 mero
2151 375 2354 445 viginti
2385 391 2553 433 unus.
2590 376 2698 433 Sed
2726 382 2784 434 et
2819 378 3074 437 Cerealis
3108 395 3238 440 cum
3273 398 3455 444 uxore
3498 401 3603 448 sua

1959 464 2208 521 Salustia
2235 467 2345 522 sub
2368 465 2460 521 die
2485 481 2620 523 xvm
2645 466 2876 523 Kalend.
2906 468 3196 527 Octobris.
3215 472 3428 532 Eadem
3462 491 3604 536 vero

1959 560 2129 611 nocte
2145 555 2299 611 venit
2319 556 2486 612 beata
2504 555 2712 612 Lucina
2732 572 2860 613 cum
2878 557 3112 615 clericis
3125 566 3181 616 et
3212 562 3448 621 fainillia
3472 579 3599 639 sua,

1956 645 2015 698 et
2047 643 2240 714 rapuit
2276 650 2593 714 martyrum
2624 660 2869 717 corpora
2903 650 2960 701 et
2997 647 3267 719 sepelivit
3291 666 3357 708 ea
3383 652 3436 710 in
3462 669 3602 726 agro

1958 744 2066 787 suo
2100 732 2153 786 in
2187 736 2409 803 crypta,
2447 732 2500 788 in
2531 734 2870 791 coemeterio
2899 734 3142 792 Callisti.
3193 738 3376 808 Hujuc
3418 742 3603 801 beatae

1958 819 2185 876 Lucinae
2210 826 2437 891 rogatu,
2456 820 2605 878 idem
2632 824 2839 880 beatus
2856 824 3160 881 Cornelius
3176 841 3419 899 corpora
3438 844 3605 901 apos-

1957 906 2208 965 tolorum
2261 911 2331 966 de
2372 912 2734 968 catacumbis
2776 912 2987 969 levavit
3031 920 3228 986 noctu,
3282 922 3341 972 et
3384 920 3598 992 posuit,

1957 996 2119 1053 Pauli
2153 997 2384 1068 quidem
2410 998 2498 1055 via
2525 1000 2798 1071 Ostiensi,
2827 1002 2922 1057 ubi
2949 1002 3280 1061 decollatus
3306 1009 3420 1077 est,
3444 1008 3603 1065 Petri

1957 1090 2152 1142 autem
2169 1086 2335 1155 juxta
2361 1087 2550 1143 locum
2574 1089 2670 1145 ubi
2696 1089 3015 1147 cruciﬁxus
3036 1098 3148 1162 est,
3178 1093 3332 1150 inter
3357 1110 3605 1168 corpora

1958 1178 2292 1231 sanctorum
2306 1176 2710 1247 episcoporum
2728 1178 2781 1233 in
2798 1179 3014 1250 templo
3041 1180 3341 1253 Apollinis,
3369 1184 3426 1240 in
3450 1199 3609 1243 mon-

1956 1268 2017 1320 te
2040 1280 2236 1334 aureo,
2264 1266 2321 1321 in
2344 1266 2623 1324 Vaticano
2645 1268 2846 1339 palatii
2868 1270 3197 1343 Neroniani,
3226 1273 3291 1329 In
3314 1273 3605 1333 Kalendas

1954 1353 2156 1410 Iulias.

2029 1444 2172 1499 Item
2196 1445 2346 1515 apud
2374 1445 2622 1503 Africam
2648 1445 2841 1503 natale
2858 1448 3013 1505 beati
3030 1450 3299 1522 Cypriani
3316 1453 3600 1528 episcOpi,

1957 1529 2265 1588 Valeriano
2286 1536 2343 1587 et
2371 1533 2631 1590 Gallieno
2661 1534 3136 1609 imperatoribus,
3175 1539 3403 1598 Galerio
3434 1543 3607 1600 Maxi-

1959 1614 2438 1691 mo‘proconsule.
2458 1621 2563 1689 Qui
2590 1624 2899 1693 agentibus
2922 1629 2979 1681 et
3004 1626 3447 1688 elaborantibus
3468 1647 3608 1703 gen-

215 1708 583 1818 sgens
606 1708 1127 1803 amentiae
1146 1708 1451 1800 auita"...
1499 1708 1842 1813 ερῑςοορξιιη
1879 1736 1927 1793 Β
1958 1708 2656 1818 ξίξξιξιξξ,ξ>οιξρεπφθηξξι.ε
2790 1718 3346 1818 ρνεξείξςρροέιερεξεεί
3369 1722 3606 1818 Patere

218 1849 352 1893 anno
384 1849 521 1906 uno,
557 1833 860 1891 mensibus
889 1833 1103 1890 tribus.
1131 1833 1350 1888 Passus
1374 1834 1462 1886 est
1492 1830 1692 1887 Idibus
1714 1830 1852 1900 Sep-

216 1922 473 1982 tembris.
724 1942 727 1943 '

278 2015 423 2069 Item
445 2012 639 2069 sancti
662 2011 852 2068 Amati
878 2010 1228 2082 presbyteri,
1256 2010 1487 2066 abbatis
1510 2007 1847 2066 monasterii

220 2101 569 2159 S.Romerici
594 2120 608 2155 :
635 2100 733 2171 qui
756 2100 916 2156 mirae
940 2100 1405 2170 abstinentiae,et
1427 2097 1850 2155 anachoreticae

218 2192 340 2249 vita
379 2194 669 2260 sectator,
703 2191 989 2246 virtutum
1020 2193 1077 2245 et
1112 2187 1524 2246 miraculorum
1554 2187 1744 2258 gratia
1788 2184 1852 2241 il-

217 2281 455 2340 lustrem
486 2278 990 2337 conversationem
1022 2277 1207 2334 duxit.

598 2387 659 2443 E.
693 2387 862 2443 XVIII
903 2385 1058 2442 KAL.
1095 2385 1459 2442 OCTOBRIS.’

868 2495 959 2557 (14
997 2490 1189 2563 Sept.)

277 2590 302 2639 δ
327 2603 527 2658 Romae
556 2600 647 2656 via
679 2598 882 2670 Appia,
919 2598 975 2653 in
1004 2597 1343 2654 coemeterio
1373 2595 1621 2667 Callisti,
1656 2594 1850 2652 natale

217 2690 395 2749 sancti
414 2687 976 2759 Corneliiepiscopi;
1000 2687 1096 2757 qui
1122 2688 1232 2743 sub
1256 2685 1667 2758 persecutione
1692 2684 1848 2741 Decii

206 2795 339 2841 -cum
364 2778 728 2851 presbyteris
750 2780 807 2832 et
833 2775 1176 2833 diaconibus
1190 2773 1605 2832 Centumcellis
1619 2772 1851 2828 exsillio

217 2866 544 2938 deputatur.
580 2867 666 2923 Ad
700 2879 870 2936 quem
903 2862 1345 2921 confortandum
1382 2861 1547 2918 multi
1582 2861 1853 2917 Christia-

215 2969 411 3011 norum
445 2955 774 3011 veniebant.
812 2952 935 3020 Quo
964 2955 1226 3023 tempore
1268 2952 1477 3006 beatus
1529 2950 1852 3020 Cyprianus

216 3044 442 3115 scripsit
474 3044 527 3100 ei
563 3044 634 3100 de
668 3041 933 3098 Calerino
964 3040 1187 3097 lectore
1220 3043 1435 3110 quanta
1479 3053 1584 3109 pro
1634 3037 1747 3093 fide
1792 3040 1851 3092 et

214 3132 576 3190 confessione
591 3131 807 3188 Christi
828 3129 1198 3187 sustinuerit.
1216 3127 1427 3184 Decius
1443 3127 1639 3183 Caesar
1651 3125 1852 3182 audito

214 3221 362 3292 quod
411 3220 579 3277 multi
632 3220 686 3276 ei
735 3219 1085 3287 scriberent,
1121 3217 1190 3272 de
1234 3217 1404 3271 beato
1447 3214 1731 3286 Cypriano
1763 3228 1855 3268 ro-

214 3312 363 3380 gavit
396 3326 530 3368 eum
564 3310 679 3367 sibi
711 3308 993 3365 exhiberi.
1027 3305 1337 3362 Exhibitus
1388 3304 1559 3360 Decio
1608 3304 1854 3359 interro-

213 3401 390 3471 ganti,
414 3414 521 3457 cur
540 3415 572 3455 a
596 3398 882 3469 Cypriano
913 3399 1117 3453 contra
1150 3394 1590 3466 Rempublicam
1622 3392 1854 3447 litteras

216 3488 538 3560 accepisset
554 3487 862 3559 respondit
882 3506 894 3541 :
910 3487 1029 3555 Ego
1043 3485 1113 3539 de
1134 3499 1351 3542 corona
1376 3482 1596 3539 Domini
1621 3482 1854 3536 litteras

214 3580 429 3650 accepi,
480 3592 593 3634 non
630 3580 833 3633 contra
874 3575 1330 3647 Rempublicam.
1386 3576 1577 3629 lratus
1619 3570 1851 3641 Decius,

210 3663 382 3734 jussit
416 3670 477 3723 ut
506 3681 576 3724 os
606 3666 734 3736 ejus
765 3681 895 3722 cum
925 3664 1243 3736 plumbatis
1266 3662 1617 3731 czederet’ur,
1644 3659 1855 3716 deinde

215 3755 274 3814 ad
297 3755 584 3828 templum
606 3755 828 3825 Martis,
848 3759 909 3811 ut
930 3752 1315 3822 sacrificaret,
1334 3751 1670 3807 duceretur.
1691 3749 1854 3814 Quod

213 3844 256 3900 si
299 3844 803 3916 comtempsissct,
840 3842 957 3899 illic
998 3843 1191 3914 capite
1240 3840 1564 3911 puniretur.
1601 3839 1856 3906 Cumque

215 3932 547 4005 duceretur,
585 3947 736 3990 unus
767 3947 841 3988 ex
876 3930 1162 3987 militibus
1195 3929 1421 3985 nomine
1455 3926 1732 3997 Cerealis,
1769 3940 1858 3980 ro-

212 4035 341 4092 gare
362 4024 542 4096 coepit
570 4023 803 4079 beatum
830 4036 1055 4093 papam,
1085 4025 1145 4076 ut
1171 4018 1437 4075 visitaret
1466 4030 1705 4073 uxorem
1728 4016 1855 4086 ejus

216 4127 332 4182 quae
348 4112 520 4170 annis
534 4112 792 4183 quinque
808 4110 1126 4182 paralytica
1145 4109 1400 4179 jacehat.
1427 4108 1737 4177 Ingressus
1761 4119 1859 4160 au-

214 4204 322 4258 tem
356 4200 591 4258 domum
623 4200 771 4271 ejus,
800 4199 987 4257 tenuit
1013 4200 1242 4256 manum
1269 4196 1559 4267 Salustize,
1586 4200 1645 4250 et
1668 4193 1857 4250 erexit

216 4304 355 4362 eam,
389 4291 699 4349 dicenszln
733 4289 961 4346 nomine
991 4291 1129 4345 Jesu
1155 4285 1371 4344 Christi
1402 4284 1704 4354 Nazareni,
1733 4298 1859 4339 sur-

214 4393 299 4451 ge,
323 4384 383 4436 et
411 4385 500 4436 sta
524 4394 706 4452 super
731 4379 911 4452 pedes
930 4381 1081 4435 tuos.
1100 4376 1238 4443 Quae
1265 4374 1534 4447 protinus
1556 4372 1742 4430 erexit
1771 4387 1856 4442 sc,

1885 3089 1934 3151 C

1961 1799 2243 1869 consulis,
2278 1805 2335 1855 et
2371 1800 2426 1855 in
2460 1801 2730 1858 exsilium
2756 1803 2810 1858 in
2832 1804 3072 1861 civitate
3097 1806 3449 1867 Corubitana
3473 1811 3609 1868 mis-

1962 1901 2065 1943 sus
2089 1892 2200 1944 est.
2221 1888 2632 1960 Habitavitque
2650 1890 2727 1946 ibi
2753 1906 3035 1963 suspensa
3060 1894 3131 1951 ad
3155 1896 3365 1954 ccelum
3388 1903 3602 1971 mente,

1962 1981 2187 2032 tantum
2248 1978 2320 2034 ad
2378 1978 2689 2035 calcandas
2746 1982 3052 2052 passiones
3100 1984 3273 2055 hujus
3320 1988 3604 2059 temporis

1962 2080 2156 2121 amore
2188 2066 2402 2122 Christi
2436 2068 2742 2126 animatus.
2779 2069 2903 2135 Quo
2935 2072 3357 2130 conveniebant
3378 2076 3449 2131 ad
3472 2090 3603 2132 eum

1962 2152 2162 2224 plures
2184 2155 2402 2225 egregii
2424 2156 2976 2228 clarissimijordinis
2998 2163 3055 2215 et
3081 2161 3403 2233 sanguinis,
3420 2162 3524 2219 sed
3545 2169 3604 2221 et

1962 2242 2229 2299 saeculari
2261 2243 2567 2301 nobilitate
2598 2244 2840 2316 gloriosi
2866 2266 2877 2301 :
2907 2247 3002 2317 qui
3027 2253 3270 2320 propter
3291 2251 3606 2309 amicitiam

1962 2331 2091 2401 ejus
2113 2333 2430 2403 antiquam,
2468 2349 2765 2391 secessum
2800 2336 3048 2393 subinde
3077 2339 3412 2411 suaderent,
3447 2345 3503 2396 et
3538 2355 3611 2398 ne

1962 2435 2165 2492 parum
2189 2426 2347 2479 esset
2371 2423 2521 2479 nuda
2548 2423 2809 2494 suadela,
2838 2426 3013 2482 etiam
3040 2426 3185 2498 loca,
3212 2428 3268 2483 in
3293 2442 3422 2499 quae
3454 2443 3613 2487 sece-

1963 2509 2211 2579 deret,ei
2226 2510 2712 2569 oﬂ'erebant.Post
2730 2512 2855 2568 dies
2869 2517 3063 2569 autem
3080 2515 3294 2573 multos
3309 2530 3613 2588 regressus

1963 2597 2034 2653 de
2075 2598 2301 2669 exsilio,
2347 2600 2646 2657 habitabat
2691 2603 2744 2656 in
2788 2602 2976 2659 hortis
3021 2604 3164 2659 suis.
3210 2607 3275 2660 Et
3317 2622 3448 2663 cum
3490 2607 3611 2666 illic

1963 2690 2312 2756 moraretur,
2376 2692 2664 2744 venerunt
2721 2690 2792 2746 ad
2843 2704 2974 2746 eum
3027 2691 3323 2763 principes
3375 2694 3489 2752 duo
3537 2710 3612 2753 ex

1962 2773 2149 2831 ofﬁcio
2182 2775 2442 2831 consulis
2475 2776 2687 2832 Galerii
2712 2777 2957 2849 Maximi,
2993 2780 3089 2850 qui
3124 2783 3337 2853 Apasio
3357 2784 3610 2843 Paterno

1964 2869 2353 2935 successerat,
2392 2868 2449 2920 et
2476 2864 2737 2922 levantes
2770 2881 2900 2923 eum
2933 2868 2989 2923 in
3014 2871 3329 2940 curriculo,
3356 2878 3607 2929 uxerunt

1964 2953 2033 3008 ad
2069 2954 2475 3024 proconsulem
2502 2955 2557 3010 in
2585 2955 2772 3011 locum
2799 2957 2977 3027 Sexti,
3015 2960 3109 3013 ubi
3143 2974 3249 3028 pro
3281 2963 3606 3031 reparanda

1965 3041 2217 3096 sanitate
2260 3042 2527 3112 degebat,
2573 3043 2978 3114 collectusque
3018 3046 3091 3101 ab
3123 3052 3382 3104 astatore
3412 3049 3603 3121 ofﬁcii,

1964 3129 2207 3185 secessit
2245 3130 2299 3184 in
2334 3131 2644 3199 hospitium
2668 3130 2793 3200 ejus
2817 3132 2872 3187 in
2897 3133 3087 3189 vicum
3112 3136 3365 3191 Saturni.
3393 3139 3610 3194 Conve-

1964 3216 2046 3272 nit
2073 3224 2266 3274 autem
2292 3217 2361 3273 ad
2387 3220 2717 3274 eumomnis
2743 3220 2994 3291 populus
3008 3224 3273 3279 fratrum.
3292 3225 3454 3291 Quod
3477 3240 3608 3283 cum

1964 3306 2351 3377 comperisset
2379 3308 2754 3365 beatissimus
2770 3314 3008 3380 martyr,
3028 3312 3307 3383 praecepit
3320 3314 3609 3372 custodiri

1965 3395 2192 3467 puellas
2209 3412 2335 3467 quae
2351 3398 2706 3453 advenerant
2723 3399 2925 3455 audire
2939 3402 3179 3457 verbum
3202 3402 3320 3474 Dei,
3339 3400 3609 3474 queniam

1966 3491 2099 3540 ante
2123 3485 2339 3542 ostium
2365 3489 2671 3544 manebant
2698 3488 2976 3560 principis
3007 3490 3082 3546 ob
3114 3505 3367 3547 amorem
3398 3498 3611 3564 marty-

1966 3573 2049 3628 ris
2063 3574 2533 3643 gloriosi.Altera
2559 3576 2651 3631 die
2677 3592 2812 3632 xvm
2834 3577 3126 3635 Kalendas
3150 3580 3422 3636 Octobris
3446 3596 3611 3639 mane

1966 3662 2230 3717 Galerius
2262 3664 2541 3719 Maximus
2574 3671 2839 3720 sanctum
2884 3667 3231 3737 Cyprianum
3270 3669 3611 3742 episcopum

1966 3750 2158 3805 offerri
2186 3751 2297 3806 sibi
2324 3752 2603 3822 prmcepit
2630 3753 2684 3807 in
2709 3754 2859 3808 atrio
2883 3755 3192 3827 secutiolo,
3218 3758 3612 3815 Cuiinteralia

1967 3854 2096 3894 cum
2131 3839 2371 3895 dixisset
2409 3841 2722 3911 proconsul
2750 3843 3100 3897 :Jusserunt
3126 3848 3187 3898 te
3228 3846 3611 3903 sacratissimi

1968 3928 2265 3999 principes
2296 3929 2712 3985 caeremoniari.
2762 3930 3010 3987 Sanctus
3049 3932 3371 4003 Cyprianus
3412 3934 3557 3992 dixit
3593 3956 3606 3991 :

1965 4019 2087 4073 Non
2112 4017 2333 4075 faciam.
2360 4018 2635 4075 Maximus
2658 4020 2968 4092 proconsul
2998 4020 3145 4077 dixit
3171 4041 3182 4076 :
3210 4022 3455 4080 Consule
3476 4025 3607 4082 tibi.

1969 4109 2215 4165 Sanctus
2240 4110 2562 4181 Cyprianus
2585 4110 2729 4166 dixit
2758 4131 2769 4165 :
2793 4113 2900 4168 Fac
2925 4111 3079 4182 quod
3108 4110 3217 4168 tibi
3251 4118 3612 4187 praeceptum

1968 4202 2093 4267 est;
2118 4214 2246 4255 nam
2272 4199 2325 4254 in
2354 4204 2537 4255 retam
2556 4200 2717 4268 justa
2741 4199 2901 4256 nullo
2922 4205 3013 4257 est
3039 4201 3417 4259 consultatio.
3443 4204 3616 4261 Maxi-

1970 4302 2099 4344 mus
2118 4287 2434 4360 proconsul
2458 4288 2601 4343 dixit
2630 4308 2641 4343 :
2667 4289 2773 4345 Diu
2798 4290 3083 4364 sacrilega
3108 4296 3302 4347 mente
3318 4293 3539 4366 vixisti,
3554 4298 3612 4351 et

1970 4376 2225 4432 nefarios
2256 4380 2372 4432 tuae
2404 4377 2857 4448 conspirationis
2882 4378 3143 4436 homines
3168 4372 3519 4454 aggregasti,
3553 4385 3613 4439 et

216 4471 469 4527 clamans
499 4474 556 4527 et
590 4451 792 4526 dicens
818 4488 830 4523 :
856 4468 1003 4524 Vere
1026 4466 1296 4522 Christus
1319 4470 1431 4527 est,
1458 4464 1557 4519 Dei
1581 4462 1752 4519 filius.
1778 4463 1847 4516 Et
1881 4451 1933 4510 Β
1958 4465 2260 4549 inimicum
2282 4468 2341 4521 te
2364 4465 2478 4521 diis
2501 4466 2774 4524 Romanis
2795 4471 2852 4523 et
2869 4469 3053 4525 sacris
3074 4451 3458 4539 religionibus
3477 4451 3613 4528 con-

217 4557 359 4615 dixit
390 4560 563 4616 beato
596 4556 867 4616 Cornelio
900 4576 912 4612 :
949 4555 1186 4628 Baptiza
1220 4568 1329 4624 me,
1350 4568 1454 4626 per
1476 4552 1769 4608 Christum
1796 4556 1854 4606 te

218 4648 484 4719 conjuro;
516 4654 578 4705 et
608 4661 857 4705 currens
880 4645 1140 4718 implevit
1163 4658 1266 4700 vas
1291 4658 1458 4714 aqua,
1476 4645 1535 4697 et
1557 4640 1758 4697 attulit
1777 4640 1851 4696 ei.

218 4738 367 4798 Tunc
393 4740 679 4797 miserunt
699 4752 763 4796 se
786 4750 987 4796 omnes
1010 4734 1227 4792 milites
1249 4734 1318 4790 ad
1344 4731 1525 4805 pedes
1545 4730 1673 4800 ejus
1689 4744 1855 4785 oran-

218 4830 309 4884 tes
336 4843 397 4886 se
427 4827 737 4901 baptizari.
765 4825 919 4893 Quos
943 4827 1004 4882 ut
1041 4821 1379 4896 baptizavit,
1406 4819 1621 4878 obtulit
1646 4834 1752 4891 pro
1772 4817 1858 4875 eis

218 4917 567 4976 sacriﬁcium
591 4914 886 4974 laudis:et
911 4912 1243 4987 participati
1265 4915 1402 4968 sunt
1425 4924 1626 4968 omnes
1652 4922 1857 4980 corpo-

219 5018 278 5061 re
307 5010 365 5062 et
398 5005 682 5078 sanguine
711 5003 932 5062 Domini
966 5001 1152 5060 nostri
1181 5002 1320 5058 Iesu
1344 4999 1576 5057 Christi.
1602 4997 1858 5057 Audiens

218 5092 338 5152 hac
367 5096 602 5165 Decius,
636 5093 875 5151 mittens
906 5092 1096 5150 tenuit
1125 5105 1326 5148 omnes
1355 5104 1478 5160 eos,
1512 5093 1570 5145 et
1588 5087 1768 5160 jussit
1792 5091 1857 5143 ut

219 5197 347 5241 cum
379 5186 550 5244 beato
582 5182 851 5242 Cornelio
884 5183 1242 5241 ducerentur
1271 5180 1342 5238 ad
1380 5178 1853 5247 sacriﬁcandum,

219 5277 277 5330 et
307 5260 606 5335 si‘nollent
642 5288 871 5350 parere,
897 5272 1087 5347 capite
1119 5251 1541 5346 plecterentur.
1568 5267 1735 5327 Ducti
1759 5281 1857 5325 au-

217 5367 336 5421 tem
367 5365 521 5425 foras
569 5380 768 5425 muros
813 5367 998 5438 portae
1027 5362 1245 5435 Appiaa,
1276 5364 1601 5434 expuentes
1627 5358 1683 5415 in
1716 5360 1857 5413 tem-

218 5450 396 5527 plum,
426 5454 705 5515 decollati
736 5456 872 5513 sunt
906 5467 1016 5511 una
1047 5466 1178 5510 cum
1212 5449 1554 5508 beatissimo
1585 5461 1732 5522 papa
1762 5460 1860 5504 nu-

287 5587 319 5619 ι
347 5579 425 5675 De
445 5580 540 5644 his
568 5579 628 5642 in
657 5566 937 5657 passione
955 5570 1181 5640 sanctae
1203 5570 1500 5650 Eugeniae,
1533 5577 1602 5636 25
1646 5566 1815 5632 Dec.‘

1965 4552 2238 4623 stituisti,
2264 4567 2373 4609 nec
2396 4556 2453 4608 te
2477 4552 2555 4625 pii
2580 4553 2967 4625 imperatores
2990 4554 3062 4610 ad
3084 4561 3305 4612 sectam
3338 4571 3611 4614 caeremo-

1940 4638 2190 4714 ‘niarum
2215 4653 2448 4696 suarum
2471 4654 2717 4695 evocare
2744 4643 3063 4710 potuerunt
3091 4660 3103 4695 :
3131 4656 3261 4698 cum
3284 4641 3367 4699 sis
3379 4642 3612 4713 nequis-

1964 4727 2092 4784 simi
2124 4727 2385 4784 criminis
2414 4733 2620 4785 auctor
2650 4733 2707 4783 et
2746 4728 2988 4799 signifer
3027 4728 3448 4802 deprehensus,
3488 4728 3609 4786 eris

1966 4816 2088 4889 ipse
2122 4817 2473 4875 documento
2492 4832 2622 4874 cum
2647 4816 2737 4873 his
2762 4832 2910 4889 quos
2933 4816 3159 4876 scelere
3180 4824 3285 4876 tuo
3306 4823 3500 4875 tecum
3514 4829 3610 4888 ag-

1964 4906 2246 4978 gregasti,
2275 4906 2554 4978 sanguine
2576 4910 2679 4964 tuo
2701 4906 3502 4982 sanetienturdisciplinzeEt
3516 4904 3610 4965 his

1967 4994 2163 5066 dictis,
2200 4996 2501 5053 decretum
2528 5012 2600 5054 ex
2631 4997 2847 5055 tabella
2876 4999 3147 5056 recitavit
3176 4997 3476 5055 :Tascium
3508 4997 3611 5069 Cy-

1966 5083 2230 5155 prianum
2252 5084 2448 5157 gladio
2472 5087 2855 5144 animadverti
2882 5087 3093 5160 placet.
3112 5086 3362 5144 Sanctus
3377 5085 3611 5159 Cypria-

1966 5185 2096 5244 nus,
2128 5173 2237 5232 hoc
2267 5175 2528 5247 audiens,
2565 5176 2712 5232 dixit
2747 5195 2758 5230 :
2793 5178 2910 5234 Deo
2935 5176 3159 5248 gratias
3200 5189 3325 5246 ago.
3371 5178 3439 5232 Et
3474 5190 3607 5235 cum

1966 5262 2302 5336 duceretur,
2347 5265 2597 5339 populus
2639 5266 2883 5323 fratrum
2923 5264 3206 5337 plangens
3244 5261 3493 5323 dicebat.
3536 5265 3607 5324 Et

1966 5366 2074 5409 nos
2107 5368 2237 5411 cum
2267 5370 2336 5413 eo
2359 5354 2737 5414 decollemur.
2763 5354 2831 5410 Et
2856 5353 2936 5411 ita
2961 5353 3285 5427 perductus
3305 5355 3607 5428 gloriosus

1967 5447 2186 5515 martyr
2209 5450 2338 5518 post
2359 5446 2697 5519 praetorium
2720 5444 2777 5501 in
2799 5457 3003 5515 agrum
3035 5443 3216 5519 Sexti,
3241 5446 3404 5505 exuit
3435 5458 3498 5505 se
3525 5444 3609 5504 la-
3672 5436 3682 5444 ’

2028 5567 2066 5640 ,δ
2088 5568 2324 5657 Ponat,
2353 5583 2483 5645 cap.
2514 5550 2616 5641 22;
2649 5568 2943 5661 Cypriae,
2977 5570 3154 5647 epist.
3185 5574 3274 5631 34.
