  <div class='ocr_page' id='page_1' title='image "/cluster/home/n/w/nwhite01/storage/ocr_20150623/123/hvd.32044054759857/183.png"; bbox 0 0 4004 6168; ppageno 0'>
   <div class='ocr_carea' id='block_1_1' title="bbox 368 239 473 292">
    <p class='ocr_par' dir='ltr' id='par_1_1' title="bbox 368 239 473 292">
     <span class='ocr_line' id='line_1_1' title="bbox 368 239 473 292; baseline 0 0"><span class='ocrx_word' id='word_1_1' title='bbox 368 239 473 292; x_wconf 76' lang='grc'><strong>355</strong></span> 
     </span>
    </p>
   </div>
   <div class='ocr_carea' id='block_1_2' title="bbox 1418 211 2706 279">
    <p class='ocr_par' dir='ltr' id='par_1_2' title="bbox 1418 211 2706 279">
     <span class='ocr_line' id='line_1_2' title="bbox 1418 211 2706 279; baseline -0.009 1"><span class='ocrx_word' id='word_1_2' title='bbox 1418 223 1474 279; x_wconf 90' lang='lat' dir='ltr'><strong>S.</strong></span> <span class='ocrx_word' id='word_1_3' title='bbox 1517 219 1776 279; x_wconf 77' lang='lat' dir='ltr'><strong>ADONIS</strong></span> <span class='ocrx_word' id='word_1_4' title='bbox 1813 215 2248 276; x_wconf 78' lang='lat' dir='ltr'><strong>ARCIHEPISC.</strong></span> <span class='ocrx_word' id='word_1_5' title='bbox 2291 211 2706 272; x_wconf 75' lang='lat' dir='ltr'><strong>VIEN‘NENSIS</strong></span> 
     </span>
    </p>
   </div>
   <div class='ocr_carea' id='block_1_3' title="bbox 3649 214 3765 268">
    <p class='ocr_par' dir='ltr' id='par_1_3' title="bbox 3649 214 3765 268">
     <span class='ocr_line' id='line_1_3' title="bbox 3649 214 3765 268; baseline 0.009 -2"><span class='ocrx_word' id='word_1_6' title='bbox 3649 214 3765 268; x_wconf 70' lang='grc'><strong>-386</strong></span> 
     </span>
    </p>
   </div>
   <div class='ocr_carea' id='block_1_4' title="bbox 369 344 3762 431">
    <p class='ocr_par' dir='ltr' id='par_1_4' title="bbox 369 344 3762 431">
     <span class='ocr_line' id='line_1_4' title="bbox 369 344 3762 431; baseline -0.003 -6"><span class='ocrx_word' id='word_1_7' title='bbox 369 370 546 416; x_wconf 69' lang='lat' dir='ltr'><strong>cerno</strong></span> <span class='ocrx_word' id='word_1_8' title='bbox 569 353 745 424; x_wconf 69' lang='grc' dir='ltr'><strong>δῖιτο,</strong></span> <span class='ocrx_word' id='word_1_9' title='bbox 771 357 831 410; x_wconf 70' lang='lat'><strong>6&#39;-</strong></span> <span class='ocrx_word' id='word_1_10' title='bbox 853 349 1210 424; x_wconf 70' lang='grc' dir='ltr'><strong>οοῐηριῖοδηε</strong></span> <span class='ocrx_word' id='word_1_11' title='bbox 1233 347 1431 422; x_wconf 59' lang='lat' dir='ltr'><strong>llos“it</strong></span> <span class='ocrx_word' id='word_1_12' title='bbox 1453 349 1522 404; x_wconf 69' lang='lat' dir='ltr'><strong>ad</strong></span> <span class='ocrx_word' id='word_1_13' title='bbox 1545 361 1735 419; x_wconf 66' lang='lat' dir='ltr'><strong>genua</strong></span> <span class='ocrx_word' id='word_1_14' title='bbox 1758 355 1883 416; x_wconf 50' lang='lat' dir='ltr'><strong>&quot;sua,</strong></span> <span class='ocrx_word' id='word_1_15' title='bbox 1910 344 2008 401; x_wconf 74' lang='lat' dir='ltr'><strong>de‘</strong></span> <span class='ocrx_word' id='word_1_16' title='bbox 2036 344 2091 404; x_wconf 84' lang='grc' dir='ltr'><strong>Α</strong></span> <span class='ocrx_word' id='word_1_17' title='bbox 2125 367 2235 424; x_wconf 89' lang='lat' dir='ltr'><strong>dus</strong></span> <span class='ocrx_word' id='word_1_18' title='bbox 2258 361 2612 422; x_wconf 80' lang='lat' dir='ltr'><strong>venerabilis</strong></span> <span class='ocrx_word' id='word_1_19' title='bbox 2643 357 3048 431; x_wconf 77' lang='lat' dir='ltr'><strong>Lugdunensis</strong></span> <span class='ocrx_word' id='word_1_20' title='bbox 3075 355 3414 430; x_wconf 89' lang='lat' dir='ltr'><strong>episcopus,</strong></span> <span class='ocrx_word' id='word_1_21' title='bbox 3437 355 3762 426; x_wconf 87' lang='lat' dir='ltr'><strong>gloriosum</strong></span> 
     </span>
    </p>
   </div>
   <div class='ocr_carea' id='block_1_5' title="bbox 368 434 2006 508">
    <p class='ocr_par' dir='ltr' id='par_1_5' title="bbox 368 434 2006 508">
     <span class='ocr_line' id='line_1_5' title="bbox 368 434 2006 508; baseline -0.007 -7"><span class='ocrx_word' id='word_1_22' title='bbox 368 445 502 501; x_wconf 86' lang='lat' dir='ltr'><strong>hinc</strong></span> <span class='ocrx_word' id='word_1_23' title='bbox 536 441 902 500; x_wconf 87' lang='lat' dir='ltr'><strong>dalmaticam</strong></span> <span class='ocrx_word' id='word_1_24' title='bbox 932 440 1180 496; x_wconf 71' lang='lat' dir='ltr'><strong>tunicam</strong></span> <span class='ocrx_word' id='word_1_25' title='bbox 1205 438 1357 508; x_wconf 80' lang='lat' dir='ltr'><strong>tulit,</strong></span> <span class='ocrx_word' id='word_1_26' title='bbox 1378 443 1438 494; x_wconf 93' lang='lat' dir='ltr'><strong>et</strong></span> <span class='ocrx_word' id='word_1_27' title='bbox 1459 437 1802 494; x_wconf 90' lang='lat' dir='ltr'><strong>diaconibus</strong></span> <span class='ocrx_word' id='word_1_28' title='bbox 1825 434 2006 492; x_wconf 87' lang='lat' dir='ltr'><strong>tradi-</strong></span> 
     </span>
    </p>
   </div>
   <div class='ocr_carea' id='block_1_6' title="bbox 367 523 2002 602">
    <p class='ocr_par' dir='ltr' id='par_1_6' title="bbox 367 523 2002 602">
     <span class='ocr_line' id='line_1_6' title="bbox 367 523 2002 602; baseline -0.006 -13"><span class='ocrx_word' id='word_1_29' title='bbox 367 532 474 602; x_wconf 90' lang='lat' dir='ltr'><strong>dit,</strong></span> <span class='ocrx_word' id='word_1_30' title='bbox 508 537 569 588; x_wconf 88' lang='lat' dir='ltr'><strong>et</strong></span> <span class='ocrx_word' id='word_1_31' title='bbox 599 536 766 589; x_wconf 85' lang='lat' dir='ltr'><strong>stans</strong></span> <span class='ocrx_word' id='word_1_32' title='bbox 799 530 852 585; x_wconf 91' lang='lat' dir='ltr'><strong>in</strong></span> <span class='ocrx_word' id='word_1_33' title='bbox 882 529 1053 598; x_wconf 89' lang='lat' dir='ltr'><strong>linea,</strong></span> <span class='ocrx_word' id='word_1_34' title='bbox 1086 527 1417 584; x_wconf 87' lang='lat' dir='ltr'><strong>sustinebat</strong></span> <span class='ocrx_word' id='word_1_35' title='bbox 1447 526 1885 598; x_wconf 84' lang='lat' dir='ltr'><strong>spiculatorem,</strong></span> <span class='ocrx_word' id='word_1_36' title='bbox 1909 523 2002 581; x_wconf 91' lang='lat' dir='ltr'><strong>cui</strong></span> 
     </span>
    </p>
   </div>
   <div class='ocr_carea' id='block_1_7' title="bbox 364 615 2007 691">
    <p class='ocr_par' dir='ltr' id='par_1_7' title="bbox 364 615 2007 691">
     <span class='ocr_line' id='line_1_7' title="bbox 364 615 2007 691; baseline -0.005 -13"><span class='ocrx_word' id='word_1_37' title='bbox 364 626 426 678; x_wconf 93' lang='lat' dir='ltr'><strong>et</strong></span> <span class='ocrx_word' id='word_1_38' title='bbox 455 621 658 691; x_wconf 56' lang='lat' dir='ltr'><strong>viginti</strong></span> <span class='ocrx_word' id='word_1_39' title='bbox 683 619 936 690; x_wconf 88' lang='lat' dir='ltr'><strong>quinque</strong></span> <span class='ocrx_word' id='word_1_40' title='bbox 960 631 1172 674; x_wconf 86' lang='lat' dir='ltr'><strong>aureos</strong></span> <span class='ocrx_word' id='word_1_41' title='bbox 1195 616 1315 672; x_wconf 89' lang='lat' dir='ltr'><strong>dari</strong></span> <span class='ocrx_word' id='word_1_42' title='bbox 1342 615 1639 688; x_wconf 59' lang='lat' dir='ltr'><strong>praecepit.</strong></span> <span class='ocrx_word' id='word_1_43' title='bbox 1663 616 1890 671; x_wconf 81' lang='lat' dir='ltr'><strong>Fratres</strong></span> <span class='ocrx_word' id='word_1_44' title='bbox 1913 629 2007 670; x_wconf 91' lang='lat' dir='ltr'><strong>ve-</strong></span> 
     </span>
    </p>
   </div>
   <div class='ocr_carea' id='block_1_8' title="bbox 367 705 2008 776">
    <p class='ocr_par' dir='ltr' id='par_1_8' title="bbox 367 705 2008 776">
     <span class='ocr_line' id='line_1_8' title="bbox 367 705 2008 776; baseline -0.005 -10"><span class='ocrx_word' id='word_1_45' title='bbox 367 726 432 766; x_wconf 89' lang='lat' dir='ltr'><strong>ro</strong></span> <span class='ocrx_word' id='word_1_46' title='bbox 447 706 760 772; x_wconf 85' lang='lat' dir='ltr'><strong>ﬂentes,lin</strong></span> <span class='ocrx_word' id='word_1_47' title='bbox 775 706 1019 762; x_wconf 91' lang='lat' dir='ltr'><strong>teamina</strong></span> <span class='ocrx_word' id='word_1_48' title='bbox 1034 705 1296 762; x_wconf 86' lang='lat' dir='ltr'><strong>etoraria</strong></span> <span class='ocrx_word' id='word_1_49' title='bbox 1312 710 1446 760; x_wconf 88' lang='lat' dir='ltr'><strong>ante</strong></span> <span class='ocrx_word' id='word_1_50' title='bbox 1460 719 1589 761; x_wconf 79' lang='lat' dir='ltr'><strong>eun</strong></span> <span class='ocrx_word' id='word_1_51' title='bbox 1609 705 2008 776; x_wconf 91' lang='lat' dir='ltr'><strong>ponebantne-</strong></span> 
     </span>
    </p>
   </div>
   <div class='ocr_carea' id='block_1_9' title="bbox 369 791 2008 858">
    <p class='ocr_par' dir='ltr' id='par_1_9' title="bbox 369 791 2008 858">
     <span class='ocr_line' id='line_1_9' title="bbox 369 791 2008 858; baseline -0.006 -2"><span class='ocrx_word' id='word_1_52' title='bbox 369 803 614 856; x_wconf 89' lang='lat' dir='ltr'><strong>sanctus</strong></span> <span class='ocrx_word' id='word_1_53' title='bbox 627 811 802 852; x_wconf 92' lang='lat' dir='ltr'><strong>cruor</strong></span> <span class='ocrx_word' id='word_1_54' title='bbox 815 795 1550 852; x_wconf 82' lang='lat' dir='ltr'><strong>deﬂuensabsorberetura</strong></span> <span class='ocrx_word' id='word_1_55' title='bbox 1569 791 1860 858; x_wconf 88' lang='lat' dir='ltr'><strong>terra.Qui</strong></span> <span class='ocrx_word' id='word_1_56' title='bbox 1876 805 2008 848; x_wconf 90' lang='lat' dir='ltr'><strong>cum</strong></span> 
     </span>
    </p>
   </div>
   <div class='ocr_carea' id='block_1_10' title="bbox 2114 445 3764 527">
    <p class='ocr_par' dir='ltr' id='par_1_10' title="bbox 2114 445 3764 527">
     <span class='ocr_line' id='line_1_10' title="bbox 2114 445 3764 527; baseline -0.004 -18"><span class='ocrx_word' id='word_1_57' title='bbox 2114 453 2524 527; x_wconf 77' lang='lat' dir='ltr'><strong>imperatorem</strong></span> <span class='ocrx_word' id='word_1_58' title='bbox 2539 449 2786 520; x_wconf 80' lang='lat' dir='ltr'><strong>rogavit,</strong></span> <span class='ocrx_word' id='word_1_59' title='bbox 2802 447 2871 504; x_wconf 92' lang='lat' dir='ltr'><strong>ad</strong></span> <span class='ocrx_word' id='word_1_60' title='bbox 2889 447 3186 505; x_wconf 86' lang='lat' dir='ltr'><strong>civitatem</strong></span> <span class='ocrx_word' id='word_1_61' title='bbox 3203 459 3369 502; x_wconf 76' lang='lat' dir='ltr'><strong>suam</strong></span> <span class='ocrx_word' id='word_1_62' title='bbox 3383 445 3622 501; x_wconf 85' lang='lat' dir='ltr'><strong>deferre</strong></span> <span class='ocrx_word' id='word_1_63' title='bbox 3636 446 3764 502; x_wconf 87' lang='lat' dir='ltr'><strong>bea-</strong></span> 
     </span>
    </p>
   </div>
   <div class='ocr_carea' id='block_1_11' title="bbox 2113 535 3770 613">
    <p class='ocr_par' dir='ltr' id='par_1_11' title="bbox 2113 535 3770 613">
     <span class='ocr_line' id='line_1_11' title="bbox 2113 535 3770 613; baseline -0.005 -12"><span class='ocrx_word' id='word_1_64' title='bbox 2113 547 2170 600; x_wconf 90' lang='lat' dir='ltr'><strong>ta</strong></span> <span class='ocrx_word' id='word_1_65' title='bbox 2195 557 2328 600; x_wconf 90' lang='lat' dir='ltr'><strong>ossa</strong></span> <span class='ocrx_word' id='word_1_66' title='bbox 2344 546 2660 613; x_wconf 82' lang='lat' dir='ltr'><strong>martyrum</strong></span> <span class='ocrx_word' id='word_1_67' title='bbox 2673 537 2727 594; x_wconf 92' lang='lat' dir='ltr'><strong>ei</strong></span> <span class='ocrx_word' id='word_1_68' title='bbox 2743 536 3196 594; x_wconf 78' lang='lat' dir='ltr'><strong>l&#39;ceret.Annuit</strong></span> <span class='ocrx_word' id='word_1_69' title='bbox 3224 535 3692 606; x_wconf 80' lang='lat' dir='ltr'><strong>imperator.Sed</strong></span> <span class='ocrx_word' id='word_1_70' title='bbox 3709 540 3770 592; x_wconf 88' lang='lat' dir='ltr'><strong>et</strong></span> 
     </span>
    </p>
   </div>
   <div class='ocr_carea' id='block_1_12' title="bbox 2116 624 3770 698">
    <p class='ocr_par' dir='ltr' id='par_1_12' title="bbox 2116 624 3770 698">
     <span class='ocr_line' id='line_1_12' title="bbox 2116 624 3770 698; baseline -0.002 -11"><span class='ocrx_word' id='word_1_71' title='bbox 2116 631 2300 688; x_wconf 87' lang='lat' dir='ltr'><strong>isdem</strong></span> <span class='ocrx_word' id='word_1_72' title='bbox 2324 630 2490 688; x_wconf 81' lang='lat' dir='ltr'><strong>ocius</strong></span> <span class='ocrx_word' id='word_1_73' title='bbox 2513 633 2712 685; x_wconf 84' lang='lat' dir='ltr'><strong>votum</strong></span> <span class='ocrx_word' id='word_1_74' title='bbox 2735 641 2900 684; x_wconf 79' lang='lat' dir='ltr'><strong>suun</strong></span> <span class='ocrx_word' id='word_1_75' title='bbox 2927 625 3060 698; x_wconf 87' lang='lat' dir='ltr'><strong>pius</strong></span> <span class='ocrx_word' id='word_1_76' title='bbox 3081 624 3314 697; x_wconf 79' lang='lat' dir='ltr'><strong>perlicit</strong></span> <span class='ocrx_word' id='word_1_77' title='bbox 3339 643 3353 680; x_wconf 91' lang='lat'><strong>:</strong></span> <span class='ocrx_word' id='word_1_78' title='bbox 3379 639 3512 683; x_wconf 89' lang='lat' dir='ltr'><strong>cum</strong></span> <span class='ocrx_word' id='word_1_79' title='bbox 3552 625 3770 683; x_wconf 88' lang='lat' dir='ltr'><strong>honore</strong></span> 
     </span>
    </p>
   </div>
   <div class='ocr_carea' id='block_1_13' title="bbox 2117 713 3768 793">
    <p class='ocr_par' dir='ltr' id='par_1_13' title="bbox 2117 713 3768 793">
     <span class='ocr_line' id='line_1_13' title="bbox 2117 713 3768 793; baseline -0.003 -18"><span class='ocrx_word' id='word_1_80' title='bbox 2117 720 2263 776; x_wconf 91' lang='lat' dir='ltr'><strong>infra</strong></span> <span class='ocrx_word' id='word_1_81' title='bbox 2295 719 2594 776; x_wconf 87' lang='lat' dir='ltr'><strong>civitatem</strong></span> <span class='ocrx_word' id='word_1_82' title='bbox 2629 715 2887 788; x_wconf 84' lang='lat' dir='ltr'><strong>Lugduni</strong></span> <span class='ocrx_word' id='word_1_83' title='bbox 2923 715 3234 793; x_wconf 68' lang='lat' dir='ltr'><strong>departata</strong></span> <span class='ocrx_word' id='word_1_84' title='bbox 3267 717 3429 781; x_wconf 76' lang='lat' dir='ltr'><strong>suit,</strong></span> <span class='ocrx_word' id='word_1_85' title='bbox 3468 713 3675 784; x_wconf 83' lang='lat' dir='ltr'><strong>ibique</strong></span> <span class='ocrx_word' id='word_1_86' title='bbox 3713 715 3768 770; x_wconf 89' lang='lat' dir='ltr'><strong>in</strong></span> 
     </span>
    </p>
   </div>
   <div class='ocr_carea' id='block_1_14' title="bbox 2119 801 3776 879">
    <p class='ocr_par' dir='ltr' id='par_1_14' title="bbox 2119 801 3776 879">
     <span class='ocr_line' id='line_1_14' title="bbox 2119 801 3776 879; baseline -0.003 -15"><span class='ocrx_word' id='word_1_87' title='bbox 2119 807 2322 879; x_wconf 80' lang='lat' dir='ltr'><strong>majori</strong></span> <span class='ocrx_word' id='word_1_88' title='bbox 2346 807 2595 865; x_wconf 87' lang='lat' dir='ltr'><strong>eccles&#39;a</strong></span> <span class='ocrx_word' id='word_1_89' title='bbox 2623 805 2777 862; x_wconf 88' lang='lat' dir='ltr'><strong>beati</strong></span> <span class='ocrx_word' id='word_1_90' title='bbox 2791 803 3028 861; x_wconf 81' lang='lat' dir='ltr'><strong>Joannis</strong></span> <span class='ocrx_word' id='word_1_91' title='bbox 3044 803 3325 875; x_wconf 81' lang='lat' dir='ltr'><strong>Baptistae</strong></span> <span class='ocrx_word' id='word_1_92' title='bbox 3340 816 3406 859; x_wconf 90' lang='lat' dir='ltr'><strong>ac</strong></span> <span class='ocrx_word' id='word_1_93' title='bbox 3421 801 3619 858; x_wconf 87' lang='lat' dir='ltr'><strong>sancti</strong></span> <span class='ocrx_word' id='word_1_94' title='bbox 3635 817 3776 859; x_wconf 77' lang='lat' dir='ltr'><strong>mar-</strong></span> 
     </span>
    </p>
   </div>
   <div class='ocr_carea' id='block_1_15' title="bbox 371 880 3772 968">
    <p class='ocr_par' dir='ltr' id='par_1_15' title="bbox 371 880 3772 968">
     <span class='ocr_line' id='line_1_15' title="bbox 371 880 3772 968; baseline -0.001 -26"><span class='ocrx_word' id='word_1_95' title='bbox 371 887 613 944; x_wconf 88' lang='lat' dir='ltr'><strong>lacinias</strong></span> <span class='ocrx_word' id='word_1_96' title='bbox 637 883 934 942; x_wconf 90' lang='lat' dir='ltr'><strong>manuales</strong></span> <span class='ocrx_word' id='word_1_97' title='bbox 967 882 1078 939; x_wconf 91' lang='lat' dir='ltr'><strong>sibi</strong></span> <span class='ocrx_word' id='word_1_98' title='bbox 1113 883 1294 952; x_wconf 87' lang='lat' dir='ltr'><strong>ligare</strong></span> <span class='ocrx_word' id='word_1_99' title='bbox 1325 897 1436 938; x_wconf 90' lang='lat' dir='ltr'><strong>non</strong></span> <span class='ocrx_word' id='word_1_100' title='bbox 1472 881 1785 954; x_wconf 66' lang='lat' dir='ltr'><strong>pituissct,</strong></span> <span class='ocrx_word' id='word_1_101' title='bbox 1817 880 2008 938; x_wconf 82' lang='lat' dir='ltr'><strong>Julius</strong></span> <span class='ocrx_word' id='word_1_102' title='bbox 2113 897 2268 967; x_wconf 65' lang='lat' dir='ltr'><strong>typis</strong></span> <span class='ocrx_word' id='word_1_103' title='bbox 2301 895 2575 968; x_wconf 52' lang='lat' dir='ltr'><strong>Sephani</strong></span> <span class='ocrx_word' id='word_1_104' title='bbox 2611 893 2912 966; x_wconf 60' lang='lat' dir='ltr'><strong>aliquanto</strong></span> <span class='ocrx_word' id='word_1_105' title='bbox 2947 897 3208 963; x_wconf 66' lang='lat' dir='ltr'><strong>tempore</strong></span> <span class='ocrx_word' id='word_1_106' title='bbox 3241 889 3542 948; x_wconf 72' lang='lat' dir='ltr'><strong>custodita</strong></span> <span class='ocrx_word' id='word_1_107' title='bbox 3571 897 3674 956; x_wconf 69' lang='grc' dir='ltr'><strong>ςθι</strong></span> <span class='ocrx_word' id='word_1_108' title='bbox 3704 891 3772 948; x_wconf 80' lang='lat' dir='ltr'><strong>ad</strong></span> 
     </span>
    </p>
   </div>
   <div class='ocr_carea' id='block_1_16' title="bbox 373 970 2005 1048">
    <p class='ocr_par' dir='ltr' id='par_1_16' title="bbox 373 970 2005 1048">
     <span class='ocr_line' id='line_1_16' title="bbox 373 970 2005 1048; baseline -0.006 -15"><span class='ocrx_word' id='word_1_109' title='bbox 373 976 681 1048; x_wconf 80' lang='lat' dir='ltr'><strong>presbyter</strong></span> <span class='ocrx_word' id='word_1_110' title='bbox 709 978 766 1030; x_wconf 90' lang='lat' dir='ltr'><strong>et</strong></span> <span class='ocrx_word' id='word_1_111' title='bbox 796 971 1061 1028; x_wconf 88' lang='lat' dir='ltr'><strong>Julianus</strong></span> <span class='ocrx_word' id='word_1_112' title='bbox 1093 971 1492 1028; x_wconf 88' lang='lat' dir='ltr'><strong>subdiaconus</strong></span> <span class='ocrx_word' id='word_1_113' title='bbox 1525 971 1635 1042; x_wconf 82' lang='lat' dir='ltr'><strong>ipsi</strong></span> <span class='ocrx_word' id='word_1_114' title='bbox 1657 970 2005 1040; x_wconf 59' lang='lat' dir='ltr'><strong>ligaverunt.</strong></span> 
     </span>
    </p>
   </div>
   <div class='ocr_carea' id='block_1_17' title="bbox 371 1059 2010 1135">
    <p class='ocr_par' dir='ltr' id='par_1_17' title="bbox 371 1059 2010 1135">
     <span class='ocr_line' id='line_1_17' title="bbox 371 1059 2010 1135; baseline -0.004 -15"><span class='ocrx_word' id='word_1_115' title='bbox 371 1065 505 1135; x_wconf 81' lang='lat' dir='ltr'><strong>Ipse</strong></span> <span class='ocrx_word' id='word_1_116' title='bbox 529 1069 721 1122; x_wconf 87' lang='lat' dir='ltr'><strong>autem</strong></span> <span class='ocrx_word' id='word_1_117' title='bbox 743 1061 853 1117; x_wconf 90' lang='lat' dir='ltr'><strong>sibi</strong></span> <span class='ocrx_word' id='word_1_118' title='bbox 879 1076 1044 1118; x_wconf 90' lang='lat' dir='ltr'><strong>manu</strong></span> <span class='ocrx_word' id='word_1_119' title='bbox 1074 1060 1306 1132; x_wconf 90' lang='lat' dir='ltr'><strong>propria</strong></span> <span class='ocrx_word' id='word_1_120' title='bbox 1331 1060 1535 1116; x_wconf 91' lang='lat' dir='ltr'><strong>oculos</strong></span> <span class='ocrx_word' id='word_1_121' title='bbox 1559 1059 1726 1128; x_wconf 83' lang='lat' dir='ltr'><strong>texit,</strong></span> <span class='ocrx_word' id='word_1_122' title='bbox 1751 1064 1807 1114; x_wconf 93' lang='lat' dir='ltr'><strong>et</strong></span> <span class='ocrx_word' id='word_1_123' title='bbox 1823 1072 2010 1128; x_wconf 86' lang='lat' dir='ltr'><strong>genua</strong></span> 
     </span>
    </p>
   </div>
   <div class='ocr_carea' id='block_1_18' title="bbox 357 1146 2015 1224">
    <p class='ocr_par' dir='ltr' id='par_1_18' title="bbox 357 1146 2015 1224">
     <span class='ocr_line' id='line_1_18' title="bbox 357 1146 2015 1224; baseline -0.005 -15"><span class='ocrx_word' id='word_1_124' title='bbox 357 1152 428 1209; x_wconf 78' lang='lat' dir='ltr'><strong>&#39;in</strong></span> <span class='ocrx_word' id='word_1_125' title='bbox 466 1157 622 1208; x_wconf 89' lang='lat' dir='ltr'><strong>terra</strong></span> <span class='ocrx_word' id='word_1_126' title='bbox 647 1153 858 1224; x_wconf 91' lang='lat' dir='ltr'><strong>posuit,</strong></span> <span class='ocrx_word' id='word_1_127' title='bbox 877 1149 1318 1220; x_wconf 76' lang='lat' dir='ltr'><strong>orationemque</strong></span> <span class='ocrx_word' id='word_1_128' title='bbox 1341 1149 1411 1204; x_wconf 90' lang='lat' dir='ltr'><strong>ad</strong></span> <span class='ocrx_word' id='word_1_129' title='bbox 1437 1148 1734 1204; x_wconf 60' lang='lat' dir='ltr'><strong>Dominum</strong></span> <span class='ocrx_word' id='word_1_130' title='bbox 1761 1146 1928 1215; x_wconf 82' lang='lat' dir='ltr'><strong>fudit,</strong></span> <span class='ocrx_word' id='word_1_131' title='bbox 1953 1151 2015 1202; x_wconf 92' lang='lat' dir='ltr'><strong>et</strong></span> 
     </span>
    </p>
   </div>
   <div class='ocr_carea' id='block_1_19' title="bbox 373 1236 2015 1312">
    <p class='ocr_par' dir='ltr' id='par_1_19' title="bbox 373 1236 2015 1312">
     <span class='ocr_line' id='line_1_19' title="bbox 373 1236 2015 1312; baseline -0.005 -14"><span class='ocrx_word' id='word_1_132' title='bbox 373 1242 458 1298; x_wconf 91' lang='lat' dir='ltr'><strong>sic</strong></span> <span class='ocrx_word' id='word_1_133' title='bbox 488 1240 682 1312; x_wconf 90' lang='lat' dir='ltr'><strong>gladio</strong></span> <span class='ocrx_word' id='word_1_134' title='bbox 708 1253 1024 1311; x_wconf 91' lang='lat' dir='ltr'><strong>percussus</strong></span> <span class='ocrx_word' id='word_1_135' title='bbox 1051 1239 1335 1308; x_wconf 80' lang='lat' dir='ltr'><strong>migravit.</strong></span> <span class='ocrx_word' id='word_1_136' title='bbox 1364 1238 1588 1308; x_wconf 91' lang='lat' dir='ltr'><strong>Corpus</strong></span> <span class='ocrx_word' id='word_1_137' title='bbox 1618 1236 1746 1306; x_wconf 88' lang='lat' dir='ltr'><strong>ejus</strong></span> <span class='ocrx_word' id='word_1_138' title='bbox 1769 1240 2015 1306; x_wconf 87' lang='lat' dir='ltr'><strong>propter</strong></span> 
     </span>
    </p>
   </div>
   <div class='ocr_carea' id='block_1_20' title="bbox 370 1324 2011 1400">
    <p class='ocr_par' dir='ltr' id='par_1_20' title="bbox 370 1324 2011 1400">
     <span class='ocr_line' id='line_1_20' title="bbox 370 1324 2011 1400; baseline -0.005 -14"><span class='ocrx_word' id='word_1_139' title='bbox 370 1329 673 1400; x_wconf 80' lang='lat' dir='ltr'><strong>gentilium</strong></span> <span class='ocrx_word' id='word_1_140' title='bbox 706 1327 1106 1384; x_wconf 84' lang='lat' dir='ltr'><strong>curiositatem</strong></span> <span class='ocrx_word' id='word_1_141' title='bbox 1139 1327 1192 1381; x_wconf 91' lang='lat' dir='ltr'><strong>in</strong></span> <span class='ocrx_word' id='word_1_142' title='bbox 1227 1326 1487 1398; x_wconf 85' lang='lat' dir='ltr'><strong>proximo</strong></span> <span class='ocrx_word' id='word_1_143' title='bbox 1519 1324 1870 1382; x_wconf 89' lang='lat' dir='ltr'><strong>collocatum</strong></span> <span class='ocrx_word' id='word_1_144' title='bbox 1901 1327 2011 1380; x_wconf 89' lang='lat' dir='ltr'><strong>est.</strong></span> 
     </span>
    </p>
   </div>
   <div class='ocr_carea' id='block_1_21' title="bbox 373 1413 2016 1488">
    <p class='ocr_par' dir='ltr' id='par_1_21' title="bbox 373 1413 2016 1488">
     <span class='ocr_line' id='line_1_21' title="bbox 373 1413 2016 1488; baseline -0.003 -16"><span class='ocrx_word' id='word_1_145' title='bbox 373 1417 483 1474; x_wconf 90' lang='lat' dir='ltr'><strong>Sed</strong></span> <span class='ocrx_word' id='word_1_146' title='bbox 517 1432 586 1473; x_wconf 91' lang='lat' dir='ltr'><strong>ne</strong></span> <span class='ocrx_word' id='word_1_147' title='bbox 617 1432 648 1473; x_wconf 90' lang='lat' dir='ltr'><strong>a</strong></span> <span class='ocrx_word' id='word_1_148' title='bbox 677 1415 998 1488; x_wconf 85' lang='lat' dir='ltr'><strong>gentilibus</strong></span> <span class='ocrx_word' id='word_1_149' title='bbox 1019 1414 1348 1484; x_wconf 86' lang='lat' dir='ltr'><strong>tolleretur,</strong></span> <span class='ocrx_word' id='word_1_150' title='bbox 1376 1419 1544 1471; x_wconf 89' lang='lat' dir='ltr'><strong>nocte</strong></span> <span class='ocrx_word' id='word_1_151' title='bbox 1566 1413 1912 1470; x_wconf 75' lang='lat' dir='ltr'><strong>adveniente</strong></span> <span class='ocrx_word' id='word_1_152' title='bbox 1943 1426 2016 1466; x_wconf 89' lang='lat' dir='ltr'><strong>ex</strong></span> 
     </span>
    </p>
   </div>
   <div class='ocr_carea' id='block_1_22' title="bbox 371 1503 2018 1576">
    <p class='ocr_par' dir='ltr' id='par_1_22' title="bbox 371 1503 2018 1576">
     <span class='ocr_line' id='line_1_22' title="bbox 371 1503 2018 1576; baseline -0.005 -12"><span class='ocrx_word' id='word_1_153' title='bbox 371 1507 576 1564; x_wconf 87' lang='lat' dir='ltr'><strong>eodem</strong></span> <span class='ocrx_word' id='word_1_154' title='bbox 611 1505 758 1574; x_wconf 67' lang='lat'><strong>10-0,</strong></span> <span class='ocrx_word' id='word_1_155' title='bbox 803 1505 896 1562; x_wconf 92' lang='lat' dir='ltr'><strong>ubi</strong></span> <span class='ocrx_word' id='word_1_156' title='bbox 941 1505 1188 1576; x_wconf 90' lang='lat' dir='ltr'><strong>positum</strong></span> <span class='ocrx_word' id='word_1_157' title='bbox 1227 1504 1430 1572; x_wconf 77' lang='lat' dir='ltr'><strong>fuerat,</strong></span> <span class='ocrx_word' id='word_1_158' title='bbox 1465 1503 1758 1559; x_wconf 88' lang='lat' dir='ltr'><strong>sublatum</strong></span> <span class='ocrx_word' id='word_1_159' title='bbox 1799 1505 1913 1558; x_wconf 88' lang='lat' dir='ltr'><strong>est.</strong></span> <span class='ocrx_word' id='word_1_160' title='bbox 1948 1503 2018 1556; x_wconf 86' lang='lat' dir='ltr'><strong>Et</strong></span> 
     </span>
    </p>
   </div>
   <div class='ocr_carea' id='block_1_23' title="bbox 373 1589 2017 1661">
    <p class='ocr_par' dir='ltr' id='par_1_23' title="bbox 373 1589 2017 1661">
     <span class='ocr_line' id='line_1_23' title="bbox 373 1589 2017 1661; baseline -0.004 -9"><span class='ocrx_word' id='word_1_161' title='bbox 373 1596 508 1652; x_wconf 90' lang='lat' dir='ltr'><strong>inde</strong></span> <span class='ocrx_word' id='word_1_162' title='bbox 539 1611 666 1652; x_wconf 91' lang='lat' dir='ltr'><strong>cum</strong></span> <span class='ocrx_word' id='word_1_163' title='bbox 699 1593 889 1650; x_wconf 88' lang='lat' dir='ltr'><strong>cereis</strong></span> <span class='ocrx_word' id='word_1_164' title='bbox 919 1601 980 1649; x_wconf 89' lang='lat' dir='ltr'><strong>et</strong></span> <span class='ocrx_word' id='word_1_165' title='bbox 1010 1592 1342 1649; x_wconf 86' lang='lat' dir='ltr'><strong>scolacibus</strong></span> <span class='ocrx_word' id='word_1_166' title='bbox 1369 1603 1416 1661; x_wconf 70' lang='grc' dir='ltr'><strong>η,</strong></span> <span class='ocrx_word' id='word_1_167' title='bbox 1454 1593 1507 1647; x_wconf 83' lang='grc' dir='ltr'><strong>ἱη</strong></span> <span class='ocrx_word' id='word_1_168' title='bbox 1551 1606 1684 1647; x_wconf 89' lang='lat' dir='ltr'><strong>area</strong></span> <span class='ocrx_word' id='word_1_169' title='bbox 1716 1589 2017 1661; x_wconf 89' lang='lat' dir='ltr'><strong>cujusdam</strong></span> 
     </span>
    </p>
   </div>
   <div class='ocr_carea' id='block_1_24' title="bbox 2121 979 3770 1051">
    <p class='ocr_par' dir='ltr' id='par_1_24' title="bbox 2121 979 3770 1051">
     <span class='ocr_line' id='line_1_24' title="bbox 2121 979 3770 1051; baseline -0.005 -10"><span class='ocrx_word' id='word_1_170' title='bbox 2121 985 2514 1042; x_wconf 82' lang='lat' dir='ltr'><strong>defensionem</strong></span> <span class='ocrx_word' id='word_1_171' title='bbox 2537 983 2898 1051; x_wconf 88' lang='lat' dir='ltr'><strong>civium,Deo</strong></span> <span class='ocrx_word' id='word_1_172' title='bbox 2915 980 2969 1036; x_wconf 91' lang='lat' dir='ltr'><strong>id</strong></span> <span class='ocrx_word' id='word_1_173' title='bbox 2986 979 3453 1036; x_wconf 80' lang='lat' dir='ltr'><strong>misericorditer</strong></span> <span class='ocrx_word' id='word_1_174' title='bbox 3463 983 3770 1050; x_wconf 84' lang='lat' dir='ltr'><strong>operante,</strong></span> 
     </span>
    </p>
   </div>
   <div class='ocr_carea' id='block_1_25' title="bbox 2120 1065 3776 1143">
    <p class='ocr_par' dir='ltr' id='par_1_25' title="bbox 2120 1065 3776 1143">
     <span class='ocr_line' id='line_1_25' title="bbox 2120 1065 3776 1143; baseline -0.004 -15"><span class='ocrx_word' id='word_1_175' title='bbox 2120 1075 2180 1128; x_wconf 90' lang='lat' dir='ltr'><strong>et</strong></span> <span class='ocrx_word' id='word_1_176' title='bbox 2203 1071 2556 1143; x_wconf 83' lang='lat' dir='ltr'><strong>imperatore</strong></span> <span class='ocrx_word' id='word_1_177' title='bbox 2573 1071 2691 1141; x_wconf 84' lang='lat' dir='ltr'><strong>jam</strong></span> <span class='ocrx_word' id='word_1_178' title='bbox 2715 1072 2911 1126; x_wconf 85' lang='lat' dir='ltr'><strong>votum</strong></span> <span class='ocrx_word' id='word_1_179' title='bbox 2935 1082 3103 1124; x_wconf 89' lang='lat' dir='ltr'><strong>suum</strong></span> <span class='ocrx_word' id='word_1_180' title='bbox 3129 1067 3201 1123; x_wconf 88' lang='lat' dir='ltr'><strong>de</strong></span> <span class='ocrx_word' id='word_1_181' title='bbox 3224 1065 3776 1122; x_wconf 83' lang='lat' dir='ltr'><strong>:ediiicationetem-</strong></span> 
     </span>
    </p>
   </div>
   <div class='ocr_carea' id='block_1_26' title="bbox 2124 1155 3776 1236">
    <p class='ocr_par' dir='ltr' id='par_1_26' title="bbox 2124 1155 3776 1236">
     <span class='ocr_line' id='line_1_26' title="bbox 2124 1155 3776 1236; baseline -0.002 -21"><span class='ocrx_word' id='word_1_182' title='bbox 2124 1160 2204 1236; x_wconf 89' lang='lat' dir='ltr'><strong>pli</strong></span> <span class='ocrx_word' id='word_1_183' title='bbox 2231 1161 2286 1217; x_wconf 91' lang='lat' dir='ltr'><strong>in</strong></span> <span class='ocrx_word' id='word_1_184' title='bbox 2311 1160 2480 1230; x_wconf 83' lang='lat' dir='ltr'><strong>longe</strong></span> <span class='ocrx_word' id='word_1_185' title='bbox 2503 1159 2612 1216; x_wconf 92' lang='lat' dir='ltr'><strong>alia</strong></span> <span class='ocrx_word' id='word_1_186' title='bbox 2642 1159 3058 1226; x_wconf 80' lang='lat' dir='ltr'><strong>transferente,</strong></span> <span class='ocrx_word' id='word_1_187' title='bbox 3082 1160 3288 1212; x_wconf 88' lang='lat' dir='ltr'><strong>santus</strong></span> <span class='ocrx_word' id='word_1_188' title='bbox 3301 1155 3624 1228; x_wconf 88' lang='lat' dir='ltr'><strong>episcopus</strong></span> <span class='ocrx_word' id='word_1_189' title='bbox 3649 1156 3776 1212; x_wconf 84' lang='lat' dir='ltr'><strong>bea-</strong></span> 
     </span>
    </p>
   </div>
   <div class='ocr_carea' id='block_1_27' title="bbox 2122 1245 3778 1319">
    <p class='ocr_par' dir='ltr' id='par_1_27' title="bbox 2122 1245 3778 1319">
     <span class='ocr_line' id='line_1_27' title="bbox 2122 1245 3778 1319; baseline -0.003 -12"><span class='ocrx_word' id='word_1_190' title='bbox 2122 1249 2384 1308; x_wconf 86' lang='lat' dir='ltr'><strong>tissimas</strong></span> <span class='ocrx_word' id='word_1_191' title='bbox 2406 1247 2686 1319; x_wconf 76' lang='lat' dir='ltr'><strong>reliquias</strong></span> <span class='ocrx_word' id='word_1_192' title='bbox 2706 1246 3095 1318; x_wconf 88' lang='lat' dir='ltr'><strong>gloriosorum</strong></span> <span class='ocrx_word' id='word_1_193' title='bbox 3120 1249 3440 1316; x_wconf 84' lang='lat' dir='ltr'><strong>martyrum</strong></span> <span class='ocrx_word' id='word_1_194' title='bbox 3455 1245 3512 1300; x_wconf 91' lang='lat' dir='ltr'><strong>in</strong></span> <span class='ocrx_word' id='word_1_195' title='bbox 3530 1245 3778 1316; x_wconf 60' lang='lat' dir='ltr'><strong>praedic-</strong></span> 
     </span>
    </p>
   </div>
   <div class='ocr_carea' id='block_1_28' title="bbox 2127 1334 3780 1410">
    <p class='ocr_par' dir='ltr' id='par_1_28' title="bbox 2127 1334 3780 1410">
     <span class='ocr_line' id='line_1_28' title="bbox 2127 1334 3780 1410; baseline -0.004 -14"><span class='ocrx_word' id='word_1_196' title='bbox 2127 1344 2183 1396; x_wconf 92' lang='lat' dir='ltr'><strong>ta</strong></span> <span class='ocrx_word' id='word_1_197' title='bbox 2206 1338 2455 1396; x_wconf 90' lang='lat' dir='ltr'><strong>ecclesia</strong></span> <span class='ocrx_word' id='word_1_198' title='bbox 2480 1342 2608 1410; x_wconf 87' lang='lat' dir='ltr'><strong>post</strong></span> <span class='ocrx_word' id='word_1_199' title='bbox 2633 1335 2972 1393; x_wconf 89' lang='lat' dir='ltr'><strong>venerabile</strong></span> <span class='ocrx_word' id='word_1_200' title='bbox 2987 1340 3051 1390; x_wconf 90' lang='lat' dir='ltr'><strong>et</strong></span> <span class='ocrx_word' id='word_1_201' title='bbox 3082 1349 3311 1391; x_wconf 88' lang='lat' dir='ltr'><strong>sacrum</strong></span> <span class='ocrx_word' id='word_1_202' title='bbox 3344 1334 3536 1391; x_wconf 89' lang='lat' dir='ltr'><strong>altare</strong></span> <span class='ocrx_word' id='word_1_203' title='bbox 3569 1334 3780 1391; x_wconf 86' lang='lat' dir='ltr'><strong>decen-</strong></span> 
     </span>
    </p>
   </div>
   <div class='ocr_carea' id='block_1_29' title="bbox 2129 1422 3783 1498">
    <p class='ocr_par' dir='ltr' id='par_1_29' title="bbox 2129 1422 3783 1498">
     <span class='ocr_line' id='line_1_29' title="bbox 2129 1422 3783 1498; baseline -0.002 -15"><span class='ocrx_word' id='word_1_204' title='bbox 2129 1428 2352 1485; x_wconf 68' lang='lat' dir='ltr'><strong>tissTma</strong></span> <span class='ocrx_word' id='word_1_205' title='bbox 2384 1424 2690 1498; x_wconf 81' lang='lat' dir='ltr'><strong>sepultura</strong></span> <span class='ocrx_word' id='word_1_206' title='bbox 2739 1423 3070 1480; x_wconf 87' lang='lat' dir='ltr'><strong>recondidit</strong></span> <span class='ocrx_word' id='word_1_207' title='bbox 3121 1438 3186 1480; x_wconf 92' lang='lat' dir='ltr'><strong>ac</strong></span> <span class='ocrx_word' id='word_1_208' title='bbox 3237 1423 3495 1494; x_wconf 89' lang='lat' dir='ltr'><strong>posteris</strong></span> <span class='ocrx_word' id='word_1_209' title='bbox 3546 1422 3783 1480; x_wconf 84' lang='lat' dir='ltr'><strong>civibus</strong></span> 
     </span>
    </p>
   </div>
   <div class='ocr_carea' id='block_1_30' title="bbox 2127 1511 3560 1588">
    <p class='ocr_par' dir='ltr' id='par_1_30' title="bbox 2127 1511 3560 1588">
     <span class='ocr_line' id='line_1_30' title="bbox 2127 1511 3560 1588; baseline -0.005 -13"><span class='ocrx_word' id='word_1_210' title='bbox 2127 1516 2253 1575; x_wconf 90' lang='lat' dir='ltr'><strong>suis</strong></span> <span class='ocrx_word' id='word_1_211' title='bbox 2286 1515 2624 1588; x_wconf 89' lang='lat' dir='ltr'><strong>profuturas</strong></span> <span class='ocrx_word' id='word_1_212' title='bbox 2656 1512 3078 1570; x_wconf 87' lang='lat' dir='ltr'><strong>honorabiliter</strong></span> <span class='ocrx_word' id='word_1_213' title='bbox 3107 1511 3560 1568; x_wconf 85' lang='lat' dir='ltr'><strong>commendavit.</strong></span> 
     </span>
    </p>
   </div>
   <div class='ocr_carea' id='block_1_31' title="bbox 2198 1599 3782 1676">
    <p class='ocr_par' dir='ltr' id='par_1_31' title="bbox 2198 1599 3782 1676">
     <span class='ocr_line' id='line_1_31' title="bbox 2198 1599 3782 1676; baseline -0.001 -16"><span class='ocrx_word' id='word_1_214' title='bbox 2198 1604 2308 1660; x_wconf 90' lang='lat' dir='ltr'><strong>Sed</strong></span> <span class='ocrx_word' id='word_1_215' title='bbox 2333 1607 2484 1676; x_wconf 92' lang='lat' dir='ltr'><strong>post,</strong></span> <span class='ocrx_word' id='word_1_216' title='bbox 2511 1602 2792 1674; x_wconf 85' lang='lat' dir='ltr'><strong>interposi</strong></span> <span class='ocrx_word' id='word_1_217' title='bbox 2825 1617 2860 1662; x_wconf 92' lang='grc' dir='ltr'>ο</span> <span class='ocrx_word' id='word_1_218' title='bbox 2885 1607 3165 1673; x_wconf 87' lang='lat' dir='ltr'><strong>tempore,</strong></span> <span class='ocrx_word' id='word_1_219' title='bbox 3191 1605 3474 1672; x_wconf 87' lang='lat' dir='ltr'><strong>regnante</strong></span> <span class='ocrx_word' id='word_1_220' title='bbox 3495 1599 3782 1670; x_wconf 82' lang='lat' dir='ltr'><strong>gloriosio</strong></span> 
     </span>
    </p>
   </div>
   <div class='ocr_carea' id='block_1_32' title="bbox 375 1678 3787 1766">
    <p class='ocr_par' dir='ltr' id='par_1_32' title="bbox 375 1678 3787 1766">
     <span class='ocr_line' id='line_1_32' title="bbox 375 1678 3787 1766; baseline -0.002 -15"><span class='ocrx_word' id='word_1_221' title='bbox 375 1683 614 1740; x_wconf 73' lang='lat' dir='ltr'><strong>Candidi</strong></span> <span class='ocrx_word' id='word_1_222' title='bbox 651 1682 1072 1756; x_wconf 64' lang='grc' dir='ltr'><strong>ΡΓοουῐἯῐονίεν</strong></span> <span class='ocrx_word' id='word_1_223' title='bbox 1109 1681 1163 1736; x_wconf 77' lang='lat' dir='ltr'><strong>in</strong></span> <span class='ocrx_word' id='word_1_224' title='bbox 1197 1680 1284 1736; x_wconf 69' lang='grc' dir='ltr'><strong>νῖθ</strong></span> <span class='ocrx_word' id='word_1_225' title='bbox 1318 1679 1691 1750; x_wconf 63' lang='lat' dir='ltr'><strong>Mazlpaliensi</strong></span> <span class='ocrx_word' id='word_1_226' title='bbox 1712 1678 1877 1749; x_wconf 58' lang='lat' dir='ltr'><strong>Juxta</strong></span> <span class='ocrx_word' id='word_1_227' title='bbox 1908 1678 2021 1750; x_wconf 68' lang='lat' dir='ltr'><strong>Pis‘</strong></span> <span class='ocrx_word' id='word_1_228' title='bbox 2048 1701 2100 1762; x_wconf 82' lang='grc' dir='ltr'><strong>Β</strong></span> <span class='ocrx_word' id='word_1_229' title='bbox 2130 1709 2268 1766; x_wconf 68' lang='lat' dir='ltr'><strong>rege</strong></span> <span class='ocrx_word' id='word_1_230' title='bbox 2291 1691 2500 1750; x_wconf 88' lang='lat' dir='ltr'><strong>Carolo</strong></span> <span class='ocrx_word' id='word_1_231' title='bbox 2534 1691 2803 1749; x_wconf 86' lang='lat' dir='ltr'><strong>Ludovici</strong></span> <span class='ocrx_word' id='word_1_232' title='bbox 2839 1690 3210 1764; x_wconf 83' lang='lat' dir='ltr'><strong>imperatoris</strong></span> <span class='ocrx_word' id='word_1_233' title='bbox 3240 1689 3378 1759; x_wconf 82' lang='lat' dir='ltr'><strong>tilio,</strong></span> <span class='ocrx_word' id='word_1_234' title='bbox 3405 1690 3623 1747; x_wconf 88' lang='lat' dir='ltr'><strong>iterum</strong></span> <span class='ocrx_word' id='word_1_235' title='bbox 3649 1689 3787 1747; x_wconf 73' lang='lat' dir='ltr'><strong>reli-</strong></span> 
     </span>
    </p>
   </div>
   <div class='ocr_carea' id='block_1_33' title="bbox 359 1769 1720 1842">
    <p class='ocr_par' dir='ltr' id='par_1_33' title="bbox 359 1769 1720 1842">
     <span class='ocr_line' id='line_1_33' title="bbox 359 1769 1720 1842; baseline -0.004 -12"><span class='ocrx_word' id='word_1_236' title='bbox 359 1773 684 1830; x_wconf 83' lang='lat' dir='ltr'><strong>‘cinascum</strong></span> <span class='ocrx_word' id='word_1_237' title='bbox 720 1785 924 1842; x_wconf 89' lang='lat' dir='ltr'><strong>magno</strong></span> <span class='ocrx_word' id='word_1_238' title='bbox 959 1770 1252 1842; x_wconf 87' lang='lat' dir='ltr'><strong>triumpho</strong></span> <span class='ocrx_word' id='word_1_239' title='bbox 1283 1769 1576 1840; x_wconf 84' lang='lat' dir='ltr'><strong>sepu&#39;tum</strong></span> <span class='ocrx_word' id='word_1_240' title='bbox 1609 1775 1720 1825; x_wconf 88' lang='lat' dir='ltr'><strong>est.</strong></span> 
     </span>
    </p>
   </div>
   <div class='ocr_carea' id='block_1_34' title="bbox 441 1857 2022 1927">
    <p class='ocr_par' dir='ltr' id='par_1_34' title="bbox 441 1857 2022 1927">
     <span class='ocr_line' id='line_1_34' title="bbox 441 1857 2022 1927; baseline -0.003 -10"><span class='ocrx_word' id='word_1_241' title='bbox 441 1863 581 1919; x_wconf 78' lang='lat' dir='ltr'><strong>Post</strong></span> <span class='ocrx_word' id='word_1_242' title='bbox 599 1861 776 1918; x_wconf 90' lang='lat' dir='ltr'><strong>multa</strong></span> <span class='ocrx_word' id='word_1_243' title='bbox 801 1859 1254 1917; x_wconf 77' lang='lat' dir='ltr'><strong>vero-curricula</strong></span> <span class='ocrx_word' id='word_1_244' title='bbox 1273 1872 1578 1927; x_wconf 66' lang='lat' dir='ltr'><strong>annorum,</strong></span> <span class='ocrx_word' id='word_1_245' title='bbox 1599 1857 2022 1927; x_wconf 89' lang='lat' dir='ltr'><strong>gloriosissimo</strong></span> 
     </span>
    </p>
   </div>
   <div class='ocr_carea' id='block_1_35' title="bbox 373 1945 2021 2019">
    <p class='ocr_par' dir='ltr' id='par_1_35' title="bbox 373 1945 2021 2019">
     <span class='ocr_line' id='line_1_35' title="bbox 373 1945 2021 2019; baseline -0.002 -13"><span class='ocrx_word' id='word_1_246' title='bbox 373 1950 579 2006; x_wconf 88' lang='lat' dir='ltr'><strong>Carolo</strong></span> <span class='ocrx_word' id='word_1_247' title='bbox 641 1949 875 2006; x_wconf 77' lang='lat' dir='ltr'><strong>Francis</strong></span> <span class='ocrx_word' id='word_1_248' title='bbox 935 1948 1278 2019; x_wconf 84' lang='lat' dir='ltr'><strong>imperante,</strong></span> <span class='ocrx_word' id='word_1_249' title='bbox 1331 1947 1609 2017; x_wconf 83' lang='lat' dir='ltr'><strong>contigit,</strong></span> <span class='ocrx_word' id='word_1_250' title='bbox 1673 1945 2021 2016; x_wconf 70' lang='lat' dir='ltr'><strong>legationem</strong></span> 
     </span>
    </p>
   </div>
   <div class='ocr_carea' id='block_1_36' title="bbox 373 2034 2022 2105">
    <p class='ocr_par' dir='ltr' id='par_1_36' title="bbox 373 2034 2022 2105">
     <span class='ocr_line' id='line_1_36' title="bbox 373 2034 2022 2105; baseline -0.002 -12"><span class='ocrx_word' id='word_1_251' title='bbox 373 2039 723 2093; x_wconf 87' lang='lat' dir='ltr'><strong>Francorum</strong></span> <span class='ocrx_word' id='word_1_252' title='bbox 745 2035 1088 2105; x_wconf 87' lang='lat' dir='ltr'><strong>ferentibus,</strong></span> <span class='ocrx_word' id='word_1_253' title='bbox 1109 2035 1322 2092; x_wconf 75' lang='lat' dir='ltr'><strong>illustr.</strong></span> <span class='ocrx_word' id='word_1_254' title='bbox 1343 2051 1371 2091; x_wconf 93' lang='lat' dir='ltr'><strong>s</strong></span> <span class='ocrx_word' id='word_1_255' title='bbox 1385 2051 1448 2092; x_wconf 90' lang='lat' dir='ltr'><strong>ac</strong></span> <span class='ocrx_word' id='word_1_256' title='bbox 1471 2035 1759 2105; x_wconf 90' lang='lat' dir='ltr'><strong>sapientia</strong></span> <span class='ocrx_word' id='word_1_257' title='bbox 1775 2034 2022 2091; x_wconf 91' lang='lat' dir='ltr'><strong>circum-</strong></span> 
     </span>
    </p>
   </div>
   <div class='ocr_carea' id='block_1_37' title="bbox 375 2123 2021 2196">
    <p class='ocr_par' dir='ltr' id='par_1_37' title="bbox 375 2123 2021 2196">
     <span class='ocr_line' id='line_1_37' title="bbox 375 2123 2021 2196; baseline -0.002 -14"><span class='ocrx_word' id='word_1_258' title='bbox 375 2131 614 2196; x_wconf 90' lang='lat' dir='ltr'><strong>spectos</strong></span> <span class='ocrx_word' id='word_1_259' title='bbox 627 2124 854 2195; x_wconf 82' lang='lat' dir='ltr'><strong>legatos</strong></span> <span class='ocrx_word' id='word_1_260' title='bbox 867 2124 1051 2180; x_wconf 83' lang='lat' dir='ltr'><strong>transi</strong></span> <span class='ocrx_word' id='word_1_261' title='bbox 1064 2130 1291 2194; x_wconf 90' lang='lat' dir='ltr'><strong>tumper</strong></span> <span class='ocrx_word' id='word_1_262' title='bbox 1307 2123 1554 2180; x_wconf 85' lang='lat' dir='ltr'><strong>Africam</strong></span> <span class='ocrx_word' id='word_1_263' title='bbox 1572 2123 1876 2180; x_wconf 85' lang='lat' dir='ltr'><strong>fecisse.lli</strong></span> <span class='ocrx_word' id='word_1_264' title='bbox 1890 2137 2021 2180; x_wconf 90' lang='lat' dir='ltr'><strong>cum</strong></span> 
     </span>
    </p>
   </div>
   <div class='ocr_carea' id='block_1_38' title="bbox 375 2211 2021 2284">
    <p class='ocr_par' dir='ltr' id='par_1_38' title="bbox 375 2211 2021 2284">
     <span class='ocr_line' id='line_1_38' title="bbox 375 2211 2021 2284; baseline -0.002 -14"><span class='ocrx_word' id='word_1_265' title='bbox 375 2214 782 2284; x_wconf 70' lang='lat' dir='ltr'><strong>Carmaginem</strong></span> <span class='ocrx_word' id='word_1_266' title='bbox 807 2213 1060 2269; x_wconf 71' lang='lat' dir='ltr'><strong>dirutam</strong></span> <span class='ocrx_word' id='word_1_267' title='bbox 1082 2212 1282 2269; x_wconf 88' lang='lat' dir='ltr'><strong>etloca</strong></span> <span class='ocrx_word' id='word_1_268' title='bbox 1311 2211 1662 2268; x_wconf 80' lang='lat' dir='ltr'><strong>venerabilia</strong></span> <span class='ocrx_word' id='word_1_269' title='bbox 1683 2217 2021 2268; x_wconf 89' lang='lat' dir='ltr'><strong>sanctorum</strong></span> 
     </span>
    </p>
   </div>
   <div class='ocr_carea' id='block_1_39' title="bbox 376 2300 2018 2374">
    <p class='ocr_par' dir='ltr' id='par_1_39' title="bbox 376 2300 2018 2374">
     <span class='ocr_line' id='line_1_39' title="bbox 376 2300 2018 2374; baseline -0.002 -17"><span class='ocrx_word' id='word_1_270' title='bbox 376 2309 696 2374; x_wconf 85' lang='lat' dir='ltr'><strong>martyrum</strong></span> <span class='ocrx_word' id='word_1_271' title='bbox 723 2305 1090 2358; x_wconf 86' lang='lat' dir='ltr'><strong>revertentes</strong></span> <span class='ocrx_word' id='word_1_272' title='bbox 1119 2317 1149 2358; x_wconf 89' lang='lat' dir='ltr'><strong>a</strong></span> <span class='ocrx_word' id='word_1_273' title='bbox 1169 2316 1306 2371; x_wconf 88' lang='lat' dir='ltr'><strong>rege</strong></span> <span class='ocrx_word' id='word_1_274' title='bbox 1332 2303 1634 2358; x_wconf 73' lang='lat' dir='ltr'><strong>Persarum</strong></span> <span class='ocrx_word' id='word_1_275' title='bbox 1663 2303 1872 2370; x_wconf 83' lang='lat' dir='ltr'><strong>Aaron,</strong></span> <span class='ocrx_word' id='word_1_276' title='bbox 1899 2300 2018 2372; x_wconf 89' lang='lat' dir='ltr'><strong>qui,</strong></span> 
     </span>
    </p>
   </div>
   <div class='ocr_carea' id='block_1_40' title="bbox 303 2389 2025 2462">
    <p class='ocr_par' dir='ltr' id='par_1_40' title="bbox 303 2389 2025 2462">
     <span class='ocr_line' id='line_1_40' title="bbox 303 2389 2025 2462; baseline -0.001 -16"><span class='ocrx_word' id='word_1_277' title='bbox 303 2431 310 2438; x_wconf 82' lang='lat'><strong>.</strong></span> <span class='ocrx_word' id='word_1_278' title='bbox 375 2397 622 2462; x_wconf 86' lang='lat' dir='ltr'><strong>excepta</strong></span> <span class='ocrx_word' id='word_1_279' title='bbox 659 2391 836 2456; x_wconf 89' lang='lat' dir='ltr'><strong>ludia,</strong></span> <span class='ocrx_word' id='word_1_280' title='bbox 862 2394 1051 2446; x_wconf 87' lang='lat' dir='ltr'><strong>totum</strong></span> <span class='ocrx_word' id='word_1_281' title='bbox 1072 2404 1218 2461; x_wconf 85' lang='lat' dir='ltr'><strong>pene</strong></span> <span class='ocrx_word' id='word_1_282' title='bbox 1245 2391 1480 2444; x_wconf 86' lang='lat' dir='ltr'><strong>tenebat</strong></span> <span class='ocrx_word' id='word_1_283' title='bbox 1503 2389 1819 2458; x_wconf 82' lang='lat' dir='ltr'><strong>Orientem,</strong></span> <span class='ocrx_word' id='word_1_284' title='bbox 1845 2389 2025 2445; x_wconf 88' lang='lat' dir='ltr'><strong>vidis-</strong></span> 
     </span>
    </p>
   </div>
   <div class='ocr_carea' id='block_1_41' title="bbox 375 2477 2022 2550">
    <p class='ocr_par' dir='ltr' id='par_1_41' title="bbox 375 2477 2022 2550">
     <span class='ocr_line' id='line_1_41' title="bbox 375 2477 2022 2550; baseline -0.002 -14"><span class='ocrx_word' id='word_1_285' title='bbox 375 2485 527 2550; x_wconf 86' lang='lat' dir='ltr'><strong>sent,</strong></span> <span class='ocrx_word' id='word_1_286' title='bbox 557 2479 724 2536; x_wconf 86' lang='lat' dir='ltr'><strong>facila</strong></span> <span class='ocrx_word' id='word_1_287' title='bbox 747 2479 857 2534; x_wconf 87' lang='lat' dir='ltr'><strong>sibi</strong></span> <span class='ocrx_word' id='word_1_288' title='bbox 874 2478 1188 2534; x_wconf 90' lang='lat' dir='ltr'><strong>conciliato</strong></span> <span class='ocrx_word' id='word_1_289' title='bbox 1208 2477 1492 2549; x_wconf 86' lang='lat' dir='ltr'><strong>principe.</strong></span> <span class='ocrx_word' id='word_1_290' title='bbox 1518 2491 1582 2532; x_wconf 90' lang='lat' dir='ltr'><strong>ac</strong></span> <span class='ocrx_word' id='word_1_291' title='bbox 1603 2477 1856 2532; x_wconf 83' lang='lat' dir='ltr'><strong>favorem</strong></span> <span class='ocrx_word' id='word_1_292' title='bbox 1881 2477 1934 2532; x_wconf 91' lang='lat' dir='ltr'><strong>in</strong></span> <span class='ocrx_word' id='word_1_293' title='bbox 1961 2492 2022 2534; x_wconf 89' lang='lat' dir='ltr'><strong>re</strong></span> 
     </span>
    </p>
   </div>
   <div class='ocr_carea' id='block_1_42' title="bbox 371 2567 2022 2639">
    <p class='ocr_par' dir='ltr' id='par_1_42' title="bbox 371 2567 2022 2639">
     <span class='ocr_line' id='line_1_42' title="bbox 371 2567 2022 2639; baseline 0.001 -17"><span class='ocrx_word' id='word_1_294' title='bbox 371 2567 477 2623; x_wconf 90' lang='lat' dir='ltr'><strong>tali</strong></span> <span class='ocrx_word' id='word_1_295' title='bbox 523 2572 864 2639; x_wconf 73' lang='lat' dir='ltr'><strong>prmstante,</strong></span> <span class='ocrx_word' id='word_1_296' title='bbox 901 2581 1006 2638; x_wconf 91' lang='lat' dir='ltr'><strong>pro</strong></span> <span class='ocrx_word' id='word_1_297' title='bbox 1045 2581 1248 2636; x_wconf 88' lang='lat' dir='ltr'><strong>magno</strong></span> <span class='ocrx_word' id='word_1_298' title='bbox 1281 2580 1518 2622; x_wconf 88' lang='lat' dir='ltr'><strong>munere</strong></span> <span class='ocrx_word' id='word_1_299' title='bbox 1551 2571 1923 2636; x_wconf 87' lang='lat' dir='ltr'><strong>rogaverunt,</strong></span> <span class='ocrx_word' id='word_1_300' title='bbox 1958 2572 2022 2623; x_wconf 84' lang='lat' dir='ltr'><strong>ut</strong></span> 
     </span>
    </p>
   </div>
   <div class='ocr_carea' id='block_1_43' title="bbox 372 2653 2019 2727">
    <p class='ocr_par' dir='ltr' id='par_1_43' title="bbox 372 2653 2019 2727">
     <span class='ocr_line' id='line_1_43' title="bbox 372 2653 2019 2727; baseline -0.001 -15"><span class='ocrx_word' id='word_1_301' title='bbox 372 2670 507 2713; x_wconf 80' lang='lat' dir='ltr'><strong>ossi</strong></span> <span class='ocrx_word' id='word_1_302' title='bbox 544 2658 600 2712; x_wconf 86' lang='grc' dir='ltr'><strong>Β.</strong></span> <span class='ocrx_word' id='word_1_303' title='bbox 637 2655 905 2727; x_wconf 84' lang='lat' dir='ltr'><strong>Cypriani</strong></span> <span class='ocrx_word' id='word_1_304' title='bbox 929 2655 1017 2712; x_wconf 93' lang='lat' dir='ltr'><strong>eis</strong></span> <span class='ocrx_word' id='word_1_305' title='bbox 1045 2654 1277 2711; x_wconf 86' lang='lat' dir='ltr'><strong>ferenda</strong></span> <span class='ocrx_word' id='word_1_306' title='bbox 1314 2653 2019 2726; x_wconf 83' lang='lat' dir='ltr'><strong>permit:eret.Quodille,</strong></span> 
     </span>
    </p>
   </div>
   <div class='ocr_carea' id='block_1_44' title="bbox 372 2743 2020 2816">
    <p class='ocr_par' dir='ltr' id='par_1_44' title="bbox 372 2743 2020 2816">
     <span class='ocr_line' id='line_1_44' title="bbox 372 2743 2020 2816; baseline 0 -16"><span class='ocrx_word' id='word_1_307' title='bbox 372 2759 484 2801; x_wconf 91' lang='lat' dir='ltr'><strong>non</strong></span> <span class='ocrx_word' id='word_1_308' title='bbox 519 2745 708 2816; x_wconf 85' lang='lat' dir='ltr'><strong>magni</strong></span> <span class='ocrx_word' id='word_1_309' title='bbox 733 2745 974 2814; x_wconf 78' lang='lat' dir='ltr'><strong>ducens,</strong></span> <span class='ocrx_word' id='word_1_310' title='bbox 995 2744 1274 2801; x_wconf 87' lang='lat' dir='ltr'><strong>continuo</strong></span> <span class='ocrx_word' id='word_1_311' title='bbox 1296 2743 1590 2815; x_wconf 71' lang='lat' dir='ltr'><strong>postulata</strong></span> <span class='ocrx_word' id='word_1_312' title='bbox 1612 2745 1909 2800; x_wconf 88' lang='lat' dir='ltr'><strong>concessit</strong></span> <span class='ocrx_word' id='word_1_313' title='bbox 1929 2762 1944 2810; x_wconf 92' lang='lat'><strong>;</strong></span> <span class='ocrx_word' id='word_1_314' title='bbox 1961 2748 2020 2800; x_wconf 90' lang='lat' dir='ltr'><strong>ut</strong></span> 
     </span>
    </p>
   </div>
   <div class='ocr_carea' id='block_1_45' title="bbox 373 2831 2022 2908">
    <p class='ocr_par' dir='ltr' id='par_1_45' title="bbox 373 2831 2022 2908">
     <span class='ocr_line' id='line_1_45' title="bbox 373 2831 2022 2908; baseline 0 -18"><span class='ocrx_word' id='word_1_315' title='bbox 373 2847 486 2905; x_wconf 90' lang='lat' dir='ltr'><strong>que</strong></span> <span class='ocrx_word' id='word_1_316' title='bbox 519 2835 613 2906; x_wconf 85' lang='lat' dir='ltr'><strong>pio</strong></span> <span class='ocrx_word' id='word_1_317' title='bbox 645 2835 1004 2908; x_wconf 81' lang='lat' dir='ltr'><strong>imperatori,</strong></span> <span class='ocrx_word' id='word_1_318' title='bbox 1041 2831 1211 2904; x_wconf 85' lang='lat' dir='ltr'><strong>cujus</strong></span> <span class='ocrx_word' id='word_1_319' title='bbox 1250 2833 1498 2904; x_wconf 77' lang='lat' dir='ltr'><strong>gratiam</strong></span> <span class='ocrx_word' id='word_1_320' title='bbox 1531 2833 1788 2890; x_wconf 80' lang='lat' dir='ltr'><strong>omnium</strong></span> <span class='ocrx_word' id='word_1_321' title='bbox 1833 2833 1932 2904; x_wconf 90' lang='lat' dir='ltr'><strong>qui</strong></span> <span class='ocrx_word' id='word_1_322' title='bbox 1967 2833 2022 2890; x_wconf 93' lang='lat' dir='ltr'><strong>in</strong></span> 
     </span>
    </p>
   </div>
   <div class='ocr_carea' id='block_1_46' title="bbox 373 2921 2026 2994">
    <p class='ocr_par' dir='ltr' id='par_1_46' title="bbox 373 2921 2026 2994">
     <span class='ocr_line' id='line_1_46' title="bbox 373 2921 2026 2994; baseline -0.001 -15"><span class='ocrx_word' id='word_1_323' title='bbox 373 2927 498 2979; x_wconf 89' lang='lat' dir='ltr'><strong>toto</strong></span> <span class='ocrx_word' id='word_1_324' title='bbox 531 2929 820 2979; x_wconf 89' lang='lat' dir='ltr'><strong>terrarum</strong></span> <span class='ocrx_word' id='word_1_325' title='bbox 854 2925 997 2980; x_wconf 89' lang='lat' dir='ltr'><strong>orbe</strong></span> <span class='ocrx_word' id='word_1_326' title='bbox 1019 2931 1188 2978; x_wconf 88' lang='lat' dir='ltr'><strong>erant</strong></span> <span class='ocrx_word' id='word_1_327' title='bbox 1215 2937 1416 2992; x_wconf 82' lang='lat' dir='ltr'><strong>regum</strong></span> <span class='ocrx_word' id='word_1_328' title='bbox 1440 2937 1505 2978; x_wconf 90' lang='lat' dir='ltr'><strong>ac</strong></span> <span class='ocrx_word' id='word_1_329' title='bbox 1537 2921 1864 2994; x_wconf 87' lang='lat' dir='ltr'><strong>principum</strong></span> <span class='ocrx_word' id='word_1_330' title='bbox 1889 2923 2026 2979; x_wconf 90' lang='lat' dir='ltr'><strong>ami-</strong></span> 
     </span>
    </p>
   </div>
   <div class='ocr_carea' id='block_1_47' title="bbox 366 3010 2020 3082">
    <p class='ocr_par' dir='ltr' id='par_1_47' title="bbox 366 3010 2020 3082">
     <span class='ocr_line' id='line_1_47' title="bbox 366 3010 2020 3082; baseline 0 -14"><span class='ocrx_word' id='word_1_331' title='bbox 366 3011 528 3068; x_wconf 64' lang='lat' dir='ltr'><strong>citiae</strong></span> <span class='ocrx_word' id='word_1_332' title='bbox 551 3017 916 3082; x_wconf 67' lang='lat' dir='ltr'><strong>praeponeret</strong></span> <span class='ocrx_word' id='word_1_333' title='bbox 943 3011 1073 3082; x_wconf 82' lang='lat' dir='ltr'><strong>,ipsi</strong></span> <span class='ocrx_word' id='word_1_334' title='bbox 1097 3026 1162 3067; x_wconf 90' lang='lat' dir='ltr'><strong>ea</strong></span> <span class='ocrx_word' id='word_1_335' title='bbox 1198 3013 1437 3081; x_wconf 77' lang='lat' dir='ltr'><strong>ferrent,</strong></span> <span class='ocrx_word' id='word_1_336' title='bbox 1471 3010 1722 3067; x_wconf 86' lang='lat' dir='ltr'><strong>libenter</strong></span> <span class='ocrx_word' id='word_1_337' title='bbox 1745 3013 2020 3068; x_wconf 89' lang='lat' dir='ltr'><strong>assensit.</strong></span> 
     </span>
    </p>
   </div>
   <div class='ocr_carea' id='block_1_48' title="bbox 375 3098 2024 3170">
    <p class='ocr_par' dir='ltr' id='par_1_48' title="bbox 375 3098 2024 3170">
     <span class='ocr_line' id='line_1_48' title="bbox 375 3098 2024 3170; baseline 0.001 -17"><span class='ocrx_word' id='word_1_338' title='bbox 375 3100 633 3167; x_wconf 88' lang='lat' dir='ltr'><strong>Cumque</strong></span> <span class='ocrx_word' id='word_1_339' title='bbox 649 3099 1014 3156; x_wconf 85' lang='lat' dir='ltr'><strong>venerabiles</strong></span> <span class='ocrx_word' id='word_1_340' title='bbox 1038 3098 1212 3166; x_wconf 83' lang='lat' dir='ltr'><strong>legati</strong></span> <span class='ocrx_word' id='word_1_341' title='bbox 1234 3099 1488 3168; x_wconf 83' lang='lat' dir='ltr'><strong>ingentia</strong></span> <span class='ocrx_word' id='word_1_342' title='bbox 1515 3100 1686 3162; x_wconf 84' lang='lat' dir='ltr'><strong>dona,</strong></span> <span class='ocrx_word' id='word_1_343' title='bbox 1705 3107 2024 3170; x_wconf 77' lang='lat' dir='ltr'><strong>martyrum</strong></span> 
     </span>
    </p>
   </div>
   <div class='ocr_carea' id='block_1_49' title="bbox 377 3185 2026 3258">
    <p class='ocr_par' dir='ltr' id='par_1_49' title="bbox 377 3185 2026 3258">
     <span class='ocr_line' id='line_1_49' title="bbox 377 3185 2026 3258; baseline 0.001 -17"><span class='ocrx_word' id='word_1_344' title='bbox 377 3185 609 3244; x_wconf 85' lang='lat' dir='ltr'><strong>scilicet</strong></span> <span class='ocrx_word' id='word_1_345' title='bbox 629 3187 908 3258; x_wconf 86' lang='lat' dir='ltr'><strong>reliquias</strong></span> <span class='ocrx_word' id='word_1_346' title='bbox 925 3187 1180 3243; x_wconf 83' lang='lat' dir='ltr'><strong>ferentes</strong></span> <span class='ocrx_word' id='word_1_347' title='bbox 1199 3187 1354 3250; x_wconf 86' lang='lat' dir='ltr'><strong>(nam</strong></span> <span class='ocrx_word' id='word_1_348' title='bbox 1376 3208 1396 3240; x_wconf 72' lang='grc' dir='ltr'>ι</span> <span class='ocrx_word' id='word_1_349' title='bbox 1413 3192 1433 3241; x_wconf 91' lang='lat' dir='ltr'><strong>t</strong></span> <span class='ocrx_word' id='word_1_350' title='bbox 1453 3187 1604 3242; x_wconf 87' lang='lat' dir='ltr'><strong>beati</strong></span> <span class='ocrx_word' id='word_1_351' title='bbox 1625 3189 1853 3258; x_wconf 80' lang='lat' dir='ltr'><strong>Sperati</strong></span> <span class='ocrx_word' id='word_1_352' title='bbox 1879 3203 2026 3245; x_wconf 90' lang='lat' dir='ltr'><strong>mar-</strong></span> 
     </span>
    </p>
   </div>
   <div class='ocr_carea' id='block_1_50' title="bbox 375 3274 2026 3348">
    <p class='ocr_par' dir='ltr' id='par_1_50' title="bbox 375 3274 2026 3348">
     <span class='ocr_line' id='line_1_50' title="bbox 375 3274 2026 3348; baseline 0.002 -18"><span class='ocrx_word' id='word_1_353' title='bbox 375 3276 524 3346; x_wconf 84' lang='lat' dir='ltr'><strong>tyris</strong></span> <span class='ocrx_word' id='word_1_354' title='bbox 559 3276 834 3346; x_wconf 91' lang='lat' dir='ltr'><strong>membra,</strong></span> <span class='ocrx_word' id='word_1_355' title='bbox 868 3275 962 3346; x_wconf 91' lang='lat' dir='ltr'><strong>qui</strong></span> <span class='ocrx_word' id='word_1_356' title='bbox 995 3289 1143 3331; x_wconf 90' lang='lat' dir='ltr'><strong>unus</strong></span> <span class='ocrx_word' id='word_1_357' title='bbox 1176 3274 1376 3331; x_wconf 88' lang='lat' dir='ltr'><strong>fuitex</strong></span> <span class='ocrx_word' id='word_1_358' title='bbox 1405 3274 1522 3332; x_wconf 89' lang='lat' dir='ltr'><strong>illis</strong></span> <span class='ocrx_word' id='word_1_359' title='bbox 1549 3276 1853 3332; x_wconf 86' lang='lat' dir='ltr'><strong>duodecim</strong></span> <span class='ocrx_word' id='word_1_360' title='bbox 1881 3291 2026 3348; x_wconf 70' lang='lat' dir='ltr'><strong>pra)-</strong></span> 
     </span>
    </p>
   </div>
   <div class='ocr_carea' id='block_1_51' title="bbox 373 3362 2028 3435">
    <p class='ocr_par' dir='ltr' id='par_1_51' title="bbox 373 3362 2028 3435">
     <span class='ocr_line' id='line_1_51' title="bbox 373 3362 2028 3435; baseline 0.001 -15"><span class='ocrx_word' id='word_1_361' title='bbox 373 3362 721 3420; x_wconf 89' lang='lat' dir='ltr'><strong>clarissimis</strong></span> <span class='ocrx_word' id='word_1_362' title='bbox 753 3364 1110 3433; x_wconf 66' lang='lat' dir='ltr'><strong>martyribus</strong></span> <span class='ocrx_word' id='word_1_363' title='bbox 1130 3363 1463 3433; x_wconf 81' lang='lat' dir='ltr'><strong>Scillitauis,</strong></span> <span class='ocrx_word' id='word_1_364' title='bbox 1499 3364 2028 3435; x_wconf 85' lang='lat' dir='ltr'><strong>caputetiammar-</strong></span> 
     </span>
    </p>
   </div>
   <div class='ocr_carea' id='block_1_52' title="bbox 375 3451 2025 3522">
    <p class='ocr_par' dir='ltr' id='par_1_52' title="bbox 375 3451 2025 3522">
     <span class='ocr_line' id='line_1_52' title="bbox 375 3451 2025 3522; baseline 0.002 -15"><span class='ocrx_word' id='word_1_365' title='bbox 375 3451 522 3522; x_wconf 83' lang='lat' dir='ltr'><strong>tyris</strong></span> <span class='ocrx_word' id='word_1_366' title='bbox 552 3451 794 3522; x_wconf 89' lang='lat' dir='ltr'><strong>g&#39;oriosi</strong></span> <span class='ocrx_word' id='word_1_367' title='bbox 820 3451 1192 3508; x_wconf 83' lang='lat' dir='ltr'><strong>Pantaleonis</strong></span> <span class='ocrx_word' id='word_1_368' title='bbox 1215 3465 1554 3509; x_wconf 81' lang='lat' dir='ltr'><strong>secumcum</strong></span> <span class='ocrx_word' id='word_1_369' title='bbox 1575 3453 1762 3508; x_wconf 89' lang='lat' dir='ltr'><strong>beatis</strong></span> <span class='ocrx_word' id='word_1_370' title='bbox 1785 3453 2025 3510; x_wconf 90' lang='lat' dir='ltr'><strong>ossibus</strong></span> 
     </span>
    </p>
   </div>
   <div class='ocr_carea' id='block_1_53' title="bbox 383 3539 2028 3614">
    <p class='ocr_par' dir='ltr' id='par_1_53' title="bbox 383 3539 2028 3614">
     <span class='ocr_line' id='line_1_53' title="bbox 383 3539 2028 3614; baseline 0.002 -18"><span class='ocrx_word' id='word_1_371' title='bbox 383 3539 650 3612; x_wconf 88' lang='lat' dir='ltr'><strong>Cypriani</strong></span> <span class='ocrx_word' id='word_1_372' title='bbox 673 3541 986 3614; x_wconf 87' lang='lat' dir='ltr'><strong>habebant)</strong></span> <span class='ocrx_word' id='word_1_373' title='bbox 1013 3545 1474 3610; x_wconf 89' lang='lat' dir='ltr'><strong>reverterentur,</strong></span> <span class='ocrx_word' id='word_1_374' title='bbox 1505 3541 1802 3614; x_wconf 81' lang='lat' dir='ltr'><strong>prosperis</strong></span> <span class='ocrx_word' id='word_1_375' title='bbox 1827 3542 1916 3600; x_wconf 89' lang='lat' dir='ltr'><strong>usi</strong></span> <span class='ocrx_word' id='word_1_376' title='bbox 1933 3558 2028 3600; x_wconf 88' lang='lat' dir='ltr'><strong>ve-</strong></span> 
     </span>
    </p>
   </div>
   <div class='ocr_carea' id='block_1_54' title="bbox 376 3626 2028 3704">
    <p class='ocr_par' dir='ltr' id='par_1_54' title="bbox 376 3626 2028 3704">
     <span class='ocr_line' id='line_1_54' title="bbox 376 3626 2028 3704; baseline 0.002 -20"><span class='ocrx_word' id='word_1_377' title='bbox 376 3626 451 3686; x_wconf 89' lang='lat' dir='ltr'><strong>lis</strong></span> <span class='ocrx_word' id='word_1_378' title='bbox 485 3636 714 3687; x_wconf 47' lang='lat' dir='ltr'><strong>tantem</strong></span> <span class='ocrx_word' id='word_1_379' title='bbox 749 3636 1144 3702; x_wconf 83' lang='lat' dir='ltr'><strong>pervenerunt</strong></span> <span class='ocrx_word' id='word_1_380' title='bbox 1174 3629 1469 3688; x_wconf 78' lang='lat' dir='ltr'><strong>Arelaten.</strong></span> <span class='ocrx_word' id='word_1_381' title='bbox 1504 3631 1608 3687; x_wconf 91' lang='lat' dir='ltr'><strong>Ubi</strong></span> <span class='ocrx_word' id='word_1_382' title='bbox 1632 3637 2028 3704; x_wconf 74' lang='lat' dir='ltr'><strong>sacramarty-</strong></span> 
     </span>
    </p>
   </div>
   <div class='ocr_carea' id='block_1_55' title="bbox 373 3719 2030 3792">
    <p class='ocr_par' dir='ltr' id='par_1_55' title="bbox 373 3719 2030 3792">
     <span class='ocr_line' id='line_1_55' title="bbox 373 3719 2030 3792; baseline 0.001 -16"><span class='ocrx_word' id='word_1_383' title='bbox 373 3733 502 3776; x_wconf 89' lang='lat' dir='ltr'><strong>rum</strong></span> <span class='ocrx_word' id='word_1_384' title='bbox 537 3720 793 3777; x_wconf 88' lang='lat' dir='ltr'><strong>membra</strong></span> <span class='ocrx_word' id='word_1_385' title='bbox 825 3721 1052 3790; x_wconf 81' lang='lat' dir='ltr'><strong>signata</strong></span> <span class='ocrx_word' id='word_1_386' title='bbox 1077 3719 1308 3776; x_wconf 90' lang='lat' dir='ltr'><strong>interim</strong></span> <span class='ocrx_word' id='word_1_387' title='bbox 1342 3719 1766 3792; x_wconf 88' lang='lat' dir='ltr'><strong>relinquentes,</strong></span> <span class='ocrx_word' id='word_1_388' title='bbox 1794 3719 2030 3792; x_wconf 83' lang='lat' dir='ltr'><strong>legatio-</strong></span> 
     </span>
    </p>
   </div>
   <div class='ocr_carea' id='block_1_56' title="bbox 369 3809 2030 3883">
    <p class='ocr_par' dir='ltr' id='par_1_56' title="bbox 369 3809 2030 3883">
     <span class='ocr_line' id='line_1_56' title="bbox 369 3809 2030 3883; baseline 0.002 -19"><span class='ocrx_word' id='word_1_389' title='bbox 369 3821 501 3865; x_wconf 89' lang='lat' dir='ltr'><strong>nem</strong></span> <span class='ocrx_word' id='word_1_390' title='bbox 541 3823 702 3866; x_wconf 90' lang='lat' dir='ltr'><strong>suam</strong></span> <span class='ocrx_word' id='word_1_391' title='bbox 735 3809 994 3881; x_wconf 90' lang='lat' dir='ltr'><strong>glorioso</strong></span> <span class='ocrx_word' id='word_1_392' title='bbox 1037 3809 1376 3883; x_wconf 88' lang='lat' dir='ltr'><strong>imperatori</strong></span> <span class='ocrx_word' id='word_1_393' title='bbox 1411 3809 1746 3868; x_wconf 89' lang='lat' dir='ltr'><strong>renuntiare</strong></span> <span class='ocrx_word' id='word_1_394' title='bbox 1791 3811 2030 3868; x_wconf 86' lang='lat' dir='ltr'><strong>festina-</strong></span> 
     </span>
    </p>
   </div>
   <div class='ocr_carea' id='block_1_57' title="bbox 375 3899 2028 3970">
    <p class='ocr_par' dir='ltr' id='par_1_57' title="bbox 375 3899 2028 3970">
     <span class='ocr_line' id='line_1_57' title="bbox 375 3899 2028 3970; baseline 0.002 -17"><span class='ocrx_word' id='word_1_395' title='bbox 375 3901 532 3967; x_wconf 89' lang='lat' dir='ltr'><strong>runt,</strong></span> <span class='ocrx_word' id='word_1_396' title='bbox 567 3903 646 3968; x_wconf 89' lang='lat' dir='ltr'><strong>et,</strong></span> <span class='ocrx_word' id='word_1_397' title='bbox 675 3903 732 3955; x_wconf 90' lang='lat' dir='ltr'><strong>ut</strong></span> <span class='ocrx_word' id='word_1_398' title='bbox 754 3899 1004 3956; x_wconf 87' lang='lat' dir='ltr'><strong>animum</strong></span> <span class='ocrx_word' id='word_1_399' title='bbox 1033 3900 1189 3970; x_wconf 87' lang='lat' dir='ltr'><strong>regis</strong></span> <span class='ocrx_word' id='word_1_400' title='bbox 1213 3899 1464 3970; x_wconf 90' lang='lat' dir='ltr'><strong>amplius</strong></span> <span class='ocrx_word' id='word_1_401' title='bbox 1496 3900 1607 3955; x_wconf 65' lang='lat' dir='ltr'><strong>sibi</strong></span> <span class='ocrx_word' id='word_1_402' title='bbox 1635 3900 1706 3956; x_wconf 89' lang='lat' dir='ltr'><strong>de</strong></span> <span class='ocrx_word' id='word_1_403' title='bbox 1740 3899 2028 3970; x_wconf 88' lang='lat' dir='ltr'><strong>legatione</strong></span> 
     </span>
    </p>
   </div>
   <div class='ocr_carea' id='block_1_58' title="bbox 376 3985 2031 4056">
    <p class='ocr_par' dir='ltr' id='par_1_58' title="bbox 376 3985 2031 4056">
     <span class='ocr_line' id='line_1_58' title="bbox 376 3985 2031 4056; baseline 0.004 -17"><span class='ocrx_word' id='word_1_404' title='bbox 376 3989 618 4040; x_wconf 90' lang='lat' dir='ltr'><strong>strenue</strong></span> <span class='ocrx_word' id='word_1_405' title='bbox 652 3987 910 4056; x_wconf 64' lang='lat' dir='ltr'><strong>perfecta</strong></span> <span class='ocrx_word' id='word_1_406' title='bbox 943 3985 1348 4055; x_wconf 88' lang='lat' dir='ltr'><strong>conciliarent,</strong></span> <span class='ocrx_word' id='word_1_407' title='bbox 1381 3986 1534 4042; x_wconf 88' lang='lat' dir='ltr'><strong>inter</strong></span> <span class='ocrx_word' id='word_1_408' title='bbox 1555 3986 1667 4043; x_wconf 91' lang='lat' dir='ltr'><strong>alia</strong></span> <span class='ocrx_word' id='word_1_409' title='bbox 1699 3986 1770 4044; x_wconf 88' lang='lat' dir='ltr'><strong>de</strong></span> <span class='ocrx_word' id='word_1_410' title='bbox 1803 3993 2031 4046; x_wconf 85' lang='lat' dir='ltr'><strong>sancto-</strong></span> 
     </span>
    </p>
   </div>
   <div class='ocr_carea' id='block_1_59' title="bbox 379 4071 2033 4144">
    <p class='ocr_par' dir='ltr' id='par_1_59' title="bbox 379 4071 2033 4144">
     <span class='ocr_line' id='line_1_59' title="bbox 379 4071 2033 4144; baseline 0.004 -21"><span class='ocrx_word' id='word_1_411' title='bbox 379 4083 504 4124; x_wconf 88' lang='lat' dir='ltr'><strong>rum</strong></span> <span class='ocrx_word' id='word_1_412' title='bbox 533 4071 800 4141; x_wconf 89' lang='lat' dir='ltr'><strong>reliquiis</strong></span> <span class='ocrx_word' id='word_1_413' title='bbox 823 4072 896 4128; x_wconf 88' lang='lat' dir='ltr'><strong>ab</strong></span> <span class='ocrx_word' id='word_1_414' title='bbox 919 4073 1110 4129; x_wconf 84' lang='lat' dir='ltr'><strong>Africa</strong></span> <span class='ocrx_word' id='word_1_415' title='bbox 1138 4073 1464 4144; x_wconf 90' lang='lat' dir='ltr'><strong>deportatis</strong></span> <span class='ocrx_word' id='word_1_416' title='bbox 1487 4073 1616 4144; x_wconf 88' lang='lat' dir='ltr'><strong>ejus</strong></span> <span class='ocrx_word' id='word_1_417' title='bbox 1630 4075 1852 4131; x_wconf 90' lang='lat' dir='ltr'><strong>animos</strong></span> <span class='ocrx_word' id='word_1_418' title='bbox 1865 4075 2033 4132; x_wconf 88' lang='lat' dir='ltr'><strong>attol-</strong></span> 
     </span>
    </p>
   </div>
   <div class='ocr_carea' id='block_1_60' title="bbox 377 4153 2030 4236">
    <p class='ocr_par' dir='ltr' id='par_1_60' title="bbox 377 4153 2030 4236">
     <span class='ocr_line' id='line_1_60' title="bbox 377 4153 2030 4236; baseline 0.006 -25"><span class='ocrx_word' id='word_1_419' title='bbox 377 4153 526 4213; x_wconf 90' lang='lat' dir='ltr'><strong>lunt.</strong></span> <span class='ocrx_word' id='word_1_420' title='bbox 564 4157 724 4214; x_wconf 86' lang='lat' dir='ltr'><strong>Unde</strong></span> <span class='ocrx_word' id='word_1_421' title='bbox 760 4158 856 4215; x_wconf 88' lang='lat' dir='ltr'><strong>ille</strong></span> <span class='ocrx_word' id='word_1_422' title='bbox 901 4159 1210 4232; x_wconf 89' lang='lat' dir='ltr'><strong>plurimum</strong></span> <span class='ocrx_word' id='word_1_423' title='bbox 1244 4160 1437 4233; x_wconf 80' lang='lat' dir='ltr'><strong>Letus,</strong></span> <span class='ocrx_word' id='word_1_424' title='bbox 1471 4176 1572 4218; x_wconf 88' lang='lat' dir='ltr'><strong>eas</strong></span> <span class='ocrx_word' id='word_1_425' title='bbox 1607 4167 1718 4219; x_wconf 90' lang='lat' dir='ltr'><strong>tam</strong></span> <span class='ocrx_word' id='word_1_426' title='bbox 1753 4162 1851 4220; x_wconf 88' lang='lat' dir='ltr'><strong>diu</strong></span> <span class='ocrx_word' id='word_1_427' title='bbox 1875 4161 2030 4236; x_wconf 88' lang='lat' dir='ltr'><strong>apud</strong></span> 
     </span>
    </p>
   </div>
   <div class='ocr_carea' id='block_1_61' title="bbox 381 4245 2031 4324">
    <p class='ocr_par' dir='ltr' id='par_1_61' title="bbox 381 4245 2031 4324">
     <span class='ocr_line' id='line_1_61' title="bbox 381 4245 2031 4324; baseline 0.003 -19"><span class='ocrx_word' id='word_1_428' title='bbox 381 4245 656 4305; x_wconf 80' lang='lat' dir='ltr'><strong>Arelaten</strong></span> <span class='ocrx_word' id='word_1_429' title='bbox 691 4245 862 4318; x_wconf 89' lang='lat' dir='ltr'><strong>digna</strong></span> <span class='ocrx_word' id='word_1_430' title='bbox 895 4251 1273 4308; x_wconf 65' lang='lat' dir='ltr'><strong>veneratione</strong></span> <span class='ocrx_word' id='word_1_431' title='bbox 1296 4251 1588 4308; x_wconf 86' lang='lat' dir='ltr'><strong>reservari</strong></span> <span class='ocrx_word' id='word_1_432' title='bbox 1613 4251 1812 4324; x_wconf 89' lang='lat' dir='ltr'><strong>jussit,</strong></span> <span class='ocrx_word' id='word_1_433' title='bbox 1847 4251 2031 4310; x_wconf 88' lang='lat' dir='ltr'><strong>donec</strong></span> 
     </span>
    </p>
   </div>
   <div class='ocr_carea' id='block_1_62' title="bbox 382 4335 2004 4414">
    <p class='ocr_par' dir='ltr' id='par_1_62' title="bbox 382 4335 2004 4414">
     <span class='ocr_line' id='line_1_62' title="bbox 382 4335 2004 4414; baseline 0.004 -20"><span class='ocrx_word' id='word_1_434' title='bbox 382 4337 507 4411; x_wconf 87' lang='lat' dir='ltr'><strong>ipse</strong></span> <span class='ocrx_word' id='word_1_435' title='bbox 540 4349 746 4407; x_wconf 84' lang='lat' dir='ltr'><strong>magno</strong></span> <span class='ocrx_word' id='word_1_436' title='bbox 769 4335 966 4408; x_wconf 73' lang='lat' dir='ltr'><strong>aliq&#39;io</strong></span> <span class='ocrx_word' id='word_1_437' title='bbox 983 4340 1227 4409; x_wconf 85' lang='lat' dir='ltr'><strong>Operein</strong></span> <span class='ocrx_word' id='word_1_438' title='bbox 1255 4355 1436 4409; x_wconf 87' lang='lat' dir='ltr'><strong>regno</strong></span> <span class='ocrx_word' id='word_1_439' title='bbox 1459 4355 1566 4398; x_wconf 91' lang='lat' dir='ltr'><strong>suo</strong></span> <span class='ocrx_word' id='word_1_440' title='bbox 1599 4341 1880 4414; x_wconf 90' lang='lat' dir='ltr'><strong>templum</strong></span> <span class='ocrx_word' id='word_1_441' title='bbox 1897 4356 2004 4400; x_wconf 89' lang='lat' dir='ltr'><strong>con</strong></span> 
     </span>
    </p>
   </div>
   <div class='ocr_carea' id='block_1_63' title="bbox 2131 1779 3783 1855">
    <p class='ocr_par' dir='ltr' id='par_1_63' title="bbox 2131 1779 3783 1855">
     <span class='ocr_line' id='line_1_63' title="bbox 2131 1779 3783 1855; baseline -0.003 -14"><span class='ocrx_word' id='word_1_442' title='bbox 2131 1783 2284 1855; x_wconf 71' lang='lat' dir='ltr'><strong>quiaa</strong></span> <span class='ocrx_word' id='word_1_443' title='bbox 2315 1783 2375 1838; x_wconf 85' lang='grc' dir='ltr'><strong>Β.</strong></span> <span class='ocrx_word' id='word_1_444' title='bbox 2431 1779 2700 1854; x_wconf 88' lang='lat' dir='ltr'><strong>Cypriani</strong></span> <span class='ocrx_word' id='word_1_445' title='bbox 2749 1780 2822 1838; x_wconf 89' lang='lat' dir='ltr'><strong>ad</strong></span> <span class='ocrx_word' id='word_1_446' title='bbox 2873 1779 3290 1837; x_wconf 88' lang='lat' dir='ltr'><strong>monasterium</strong></span> <span class='ocrx_word' id='word_1_447' title='bbox 3334 1793 3570 1848; x_wconf 90' lang='lat' dir='ltr'><strong>novum,</strong></span> <span class='ocrx_word' id='word_1_448' title='bbox 3623 1779 3783 1850; x_wconf 89' lang='lat' dir='ltr'><strong>quod</strong></span> 
     </span>
    </p>
   </div>
   <div class='ocr_carea' id='block_1_64' title="bbox 2133 1867 3784 1941">
    <p class='ocr_par' dir='ltr' id='par_1_64' title="bbox 2133 1867 3784 1941">
     <span class='ocr_line' id='line_1_64' title="bbox 2133 1867 3784 1941; baseline -0.002 -13"><span class='ocrx_word' id='word_1_449' title='bbox 2133 1873 2286 1930; x_wconf 89' lang='lat' dir='ltr'><strong>idem</strong></span> <span class='ocrx_word' id='word_1_450' title='bbox 2319 1886 2422 1926; x_wconf 91' lang='lat' dir='ltr'><strong>rex</strong></span> <span class='ocrx_word' id='word_1_451' title='bbox 2453 1874 2704 1940; x_wconf 88' lang='lat' dir='ltr'><strong>augusto</strong></span> <span class='ocrx_word' id='word_1_452' title='bbox 2734 1883 2913 1934; x_wconf 84' lang='lat' dir='ltr'><strong>onere</strong></span> <span class='ocrx_word' id='word_1_453' title='bbox 2941 1867 3292 1938; x_wconf 77' lang='lat' dir='ltr'><strong>construxit,</strong></span> <span class='ocrx_word' id='word_1_454' title='bbox 3328 1867 3386 1924; x_wconf 89' lang='lat' dir='ltr'><strong>in</strong></span> <span class='ocrx_word' id='word_1_455' title='bbox 3429 1869 3784 1941; x_wconf 82' lang='lat' dir='ltr'><strong>compendio</strong></span> 
     </span>
    </p>
   </div>
   <div class='ocr_carea' id='block_1_65' title="bbox 2131 1957 3428 2032">
    <p class='ocr_par' dir='ltr' id='par_1_65' title="bbox 2131 1957 3428 2032">
     <span class='ocr_line' id='line_1_65' title="bbox 2131 1957 3428 2032; baseline -0.004 -15"><span class='ocrx_word' id='word_1_456' title='bbox 2131 1958 2349 2032; x_wconf 62' lang='lat' dir='ltr'><strong>palatio</strong></span> <span class='ocrx_word' id='word_1_457' title='bbox 2379 1973 2506 2028; x_wconf 90' lang='lat' dir='ltr'><strong>suo,</strong></span> <span class='ocrx_word' id='word_1_458' title='bbox 2540 1973 2609 2014; x_wconf 91' lang='lat' dir='ltr'><strong>eo</strong></span> <span class='ocrx_word' id='word_1_459' title='bbox 2633 1957 2898 2028; x_wconf 89' lang='lat' dir='ltr'><strong>jubente,</strong></span> <span class='ocrx_word' id='word_1_460' title='bbox 2933 1957 3239 2014; x_wconf 62' lang='lat' dir='ltr'><strong>translata</strong></span> <span class='ocrx_word' id='word_1_461' title='bbox 3269 1960 3428 2014; x_wconf 86' lang='lat' dir='ltr'><strong>sunt.</strong></span> 
     </span>
    </p>
   </div>
   <div class='ocr_carea' id='block_1_66' title="bbox 2203 2045 3782 2118">
    <p class='ocr_par' dir='ltr' id='par_1_66' title="bbox 2203 2045 3782 2118">
     <span class='ocr_line' id='line_1_66' title="bbox 2203 2045 3782 2118; baseline -0.002 -14"><span class='ocrx_word' id='word_1_462' title='bbox 2203 2049 2561 2104; x_wconf 80' lang='lat' dir='ltr'><strong>R-feruntur</strong></span> <span class='ocrx_word' id='word_1_463' title='bbox 2616 2052 2809 2104; x_wconf 72' lang='lat' dir='ltr'><strong>autem</strong></span> <span class='ocrx_word' id='word_1_464' title='bbox 2861 2060 2992 2102; x_wconf 86' lang='lat' dir='ltr'><strong>eum</strong></span> <span class='ocrx_word' id='word_1_465' title='bbox 3044 2047 3214 2103; x_wconf 88' lang='lat' dir='ltr'><strong>beato</strong></span> <span class='ocrx_word' id='word_1_466' title='bbox 3263 2045 3548 2117; x_wconf 88' lang='lat' dir='ltr'><strong>Cypriano</strong></span> <span class='ocrx_word' id='word_1_467' title='bbox 3598 2045 3782 2118; x_wconf 86' lang='lat' dir='ltr'><strong>passi,</strong></span> 
     </span>
    </p>
   </div>
   <div class='ocr_carea' id='block_1_67' title="bbox 2133 2133 3552 2206">
    <p class='ocr_par' dir='ltr' id='par_1_67' title="bbox 2133 2133 3552 2206">
     <span class='ocr_line' id='line_1_67' title="bbox 2133 2133 3552 2206; baseline -0.002 -13"><span class='ocrx_word' id='word_1_468' title='bbox 2133 2135 2606 2206; x_wconf 82' lang='lat' dir='ltr'><strong>Grescentianus,</strong></span> <span class='ocrx_word' id='word_1_469' title='bbox 2640 2134 2860 2204; x_wconf 87' lang='lat' dir='ltr'><strong>Victor,</strong></span> <span class='ocrx_word' id='word_1_470' title='bbox 2896 2133 3106 2190; x_wconf 79' lang='lat' dir='ltr'><strong>Rosula</strong></span> <span class='ocrx_word' id='word_1_471' title='bbox 3139 2139 3198 2190; x_wconf 90' lang='lat' dir='ltr'><strong>et</strong></span> <span class='ocrx_word' id='word_1_472' title='bbox 3232 2133 3552 2191; x_wconf 86' lang='lat' dir='ltr'><strong>Generalis.</strong></span> 
     </span>
    </p>
   </div>
   <div class='ocr_carea' id='block_1_68' title="bbox 2203 2221 3792 2294">
    <p class='ocr_par' dir='ltr' id='par_1_68' title="bbox 2203 2221 3792 2294">
     <span class='ocr_line' id='line_1_68' title="bbox 2203 2221 3792 2294; baseline -0.002 -13"><span class='ocrx_word' id='word_1_473' title='bbox 2203 2226 2416 2281; x_wconf 87' lang='lat' dir='ltr'><strong>EoJem</strong></span> <span class='ocrx_word' id='word_1_474' title='bbox 2450 2223 2566 2294; x_wconf 89' lang='lat' dir='ltr'><strong>die,</strong></span> <span class='ocrx_word' id='word_1_475' title='bbox 2591 2221 2884 2280; x_wconf 87' lang='lat' dir='ltr'><strong>Exaltatio</strong></span> <span class='ocrx_word' id='word_1_476' title='bbox 2917 2229 3138 2280; x_wconf 76' lang='lat' dir='ltr'><strong>sanctze</strong></span> <span class='ocrx_word' id='word_1_477' title='bbox 3169 2222 3386 2292; x_wconf 79' lang='lat' dir='ltr'><strong>crucis,</strong></span> <span class='ocrx_word' id='word_1_478' title='bbox 3415 2237 3544 2292; x_wconf 67' lang='lat' dir='ltr'><strong>quae</strong></span> <span class='ocrx_word' id='word_1_479' title='bbox 3576 2221 3650 2278; x_wconf 91' lang='lat' dir='ltr'><strong>ab</strong></span> <span class='ocrx_word' id='word_1_480' title='bbox 3676 2221 3792 2278; x_wconf 82' lang='lat' dir='ltr'><strong>lle-</strong></span> 
     </span>
    </p>
   </div>
   <div class='ocr_carea' id='block_1_69' title="bbox 2133 2309 3792 2381">
    <p class='ocr_par' dir='ltr' id='par_1_69' title="bbox 2133 2309 3792 2381">
     <span class='ocr_line' id='line_1_69' title="bbox 2133 2309 3792 2381; baseline -0.002 -14"><span class='ocrx_word' id='word_1_481' title='bbox 2133 2311 2262 2368; x_wconf 90' lang='lat' dir='ltr'><strong>lena</strong></span> <span class='ocrx_word' id='word_1_482' title='bbox 2287 2310 2648 2368; x_wconf 88' lang='lat' dir='ltr'><strong>Constantini</strong></span> <span class='ocrx_word' id='word_1_483' title='bbox 2673 2314 2860 2367; x_wconf 88' lang='lat' dir='ltr'><strong>matre</strong></span> <span class='ocrx_word' id='word_1_484' title='bbox 2887 2311 3138 2380; x_wconf 77' lang='lat' dir='ltr'><strong>Inventa,</strong></span> <span class='ocrx_word' id='word_1_485' title='bbox 3163 2309 3244 2366; x_wconf 88' lang='lat' dir='ltr'><strong>ita</strong></span> <span class='ocrx_word' id='word_1_486' title='bbox 3269 2323 3370 2381; x_wconf 92' lang='lat' dir='ltr'><strong>per</strong></span> <span class='ocrx_word' id='word_1_487' title='bbox 3404 2309 3655 2365; x_wconf 89' lang='lat' dir='ltr'><strong>medium</strong></span> <span class='ocrx_word' id='word_1_488' title='bbox 3691 2313 3792 2364; x_wconf 85' lang='lat' dir='ltr'><strong>est</strong></span> 
     </span>
    </p>
   </div>
   <div class='ocr_carea' id='block_1_70' title="bbox 2134 2397 3792 2470">
    <p class='ocr_par' dir='ltr' id='par_1_70' title="bbox 2134 2397 3792 2470">
     <span class='ocr_line' id='line_1_70' title="bbox 2134 2397 3792 2470; baseline -0.004 -12"><span class='ocrx_word' id='word_1_489' title='bbox 2134 2404 2317 2470; x_wconf 90' lang='lat' dir='ltr'><strong>secta,</strong></span> <span class='ocrx_word' id='word_1_490' title='bbox 2355 2405 2418 2456; x_wconf 92' lang='lat' dir='ltr'><strong>ut</strong></span> <span class='ocrx_word' id='word_1_491' title='bbox 2449 2405 2510 2455; x_wconf 90' lang='lat' dir='ltr'><strong>et</strong></span> <span class='ocrx_word' id='word_1_492' title='bbox 2539 2415 2686 2457; x_wconf 87' lang='lat' dir='ltr'><strong>crux</strong></span> <span class='ocrx_word' id='word_1_493' title='bbox 2717 2397 3274 2470; x_wconf 85' lang='lat' dir='ltr'><strong>Constantinopolim</strong></span> <span class='ocrx_word' id='word_1_494' title='bbox 3304 2399 3378 2455; x_wconf 88' lang='lat' dir='ltr'><strong>sit</strong></span> <span class='ocrx_word' id='word_1_495' title='bbox 3434 2401 3690 2470; x_wconf 85' lang='lat' dir='ltr'><strong>portata,</strong></span> <span class='ocrx_word' id='word_1_496' title='bbox 3723 2401 3792 2452; x_wconf 85' lang='lat' dir='ltr'><strong>et</strong></span> 
     </span>
    </p>
   </div>
   <div class='ocr_carea' id='block_1_71' title="bbox 2132 2485 3780 2559">
    <p class='ocr_par' dir='ltr' id='par_1_71' title="bbox 2132 2485 3780 2559">
     <span class='ocr_line' id='line_1_71' title="bbox 2132 2485 3780 2559; baseline -0.003 -15"><span class='ocrx_word' id='word_1_497' title='bbox 2132 2503 2279 2545; x_wconf 90' lang='lat' dir='ltr'><strong>crux</strong></span> <span class='ocrx_word' id='word_1_498' title='bbox 2310 2487 2724 2559; x_wconf 81' lang='lat' dir='ltr'><strong>Hierosolymis</strong></span> <span class='ocrx_word' id='word_1_499' title='bbox 2756 2486 2943 2544; x_wconf 85' lang='lat' dir='ltr'><strong>thecis</strong></span> <span class='ocrx_word' id='word_1_500' title='bbox 2971 2485 3267 2556; x_wconf 86' lang='lat' dir='ltr'><strong>argenteis</strong></span> <span class='ocrx_word' id='word_1_501' title='bbox 3315 2486 3392 2542; x_wconf 91' lang='lat' dir='ltr'><strong>sit</strong></span> <span class='ocrx_word' id='word_1_502' title='bbox 3446 2489 3780 2540; x_wconf 83' lang='lat' dir='ltr'><strong>reservata.</strong></span> 
     </span>
    </p>
   </div>
   <div class='ocr_carea' id='block_1_72' title="bbox 2134 2570 3793 2644">
    <p class='ocr_par' dir='ltr' id='par_1_72' title="bbox 2134 2570 3793 2644">
     <span class='ocr_line' id='line_1_72' title="bbox 2134 2570 3793 2644; baseline -0.001 -16"><span class='ocrx_word' id='word_1_503' title='bbox 2134 2572 2444 2630; x_wconf 87' lang='lat' dir='ltr'><strong>Multorum</strong></span> <span class='ocrx_word' id='word_1_504' title='bbox 2469 2573 2666 2644; x_wconf 88' lang='lat' dir='ltr'><strong>itaque</strong></span> <span class='ocrx_word' id='word_1_505' title='bbox 2689 2588 2967 2630; x_wconf 90' lang='lat' dir='ltr'><strong>annorum</strong></span> <span class='ocrx_word' id='word_1_506' title='bbox 2993 2572 3225 2629; x_wconf 88' lang='lat' dir='ltr'><strong>labente</strong></span> <span class='ocrx_word' id='word_1_507' title='bbox 3247 2570 3569 2640; x_wconf 88' lang='lat' dir='ltr'><strong>curriculo,</strong></span> <span class='ocrx_word' id='word_1_508' title='bbox 3591 2570 3793 2627; x_wconf 83' lang='lat' dir='ltr'><strong>Phoca</strong></span> 
     </span>
    </p>
   </div>
   <div class='ocr_carea' id='block_1_73' title="bbox 2133 2657 3785 2732">
    <p class='ocr_par' dir='ltr' id='par_1_73' title="bbox 2133 2657 3785 2732">
     <span class='ocr_line' id='line_1_73' title="bbox 2133 2657 3785 2732; baseline -0.001 -17"><span class='ocrx_word' id='word_1_509' title='bbox 2133 2659 2408 2716; x_wconf 83' lang='lat' dir='ltr'><strong>Romanis</strong></span> <span class='ocrx_word' id='word_1_510' title='bbox 2430 2660 2774 2732; x_wconf 89' lang='lat' dir='ltr'><strong>imperante,</strong></span> <span class='ocrx_word' id='word_1_511' title='bbox 2802 2662 2945 2716; x_wconf 88' lang='lat' dir='ltr'><strong>Pers</strong></span> <span class='ocrx_word' id='word_1_512' title='bbox 2965 2675 2995 2716; x_wconf 87' lang='lat' dir='ltr'><strong>e</strong></span> <span class='ocrx_word' id='word_1_513' title='bbox 3019 2661 3303 2717; x_wconf 88' lang='lat' dir='ltr'><strong>adversus</strong></span> <span class='ocrx_word' id='word_1_514' title='bbox 3333 2657 3785 2731; x_wconf 88' lang='lat' dir='ltr'><strong>rempublicam,</strong></span> 
     </span>
    </p>
   </div>
   <div class='ocr_carea' id='block_1_74' title="bbox 2134 2744 3784 2820">
    <p class='ocr_par' dir='ltr' id='par_1_74' title="bbox 2134 2744 3784 2820">
     <span class='ocr_line' id='line_1_74' title="bbox 2134 2744 3784 2820; baseline -0.001 -16"><span class='ocrx_word' id='word_1_515' title='bbox 2134 2749 2391 2806; x_wconf 84' lang='lat' dir='ltr'><strong>Chosroe</strong></span> <span class='ocrx_word' id='word_1_516' title='bbox 2441 2763 2598 2820; x_wconf 86' lang='lat' dir='ltr'><strong>rege,</strong></span> <span class='ocrx_word' id='word_1_517' title='bbox 2632 2747 2973 2819; x_wconf 90' lang='lat' dir='ltr'><strong>gravissima</strong></span> <span class='ocrx_word' id='word_1_518' title='bbox 3023 2744 3174 2804; x_wconf 88' lang='lat' dir='ltr'><strong>bella</strong></span> <span class='ocrx_word' id='word_1_519' title='bbox 3225 2751 3524 2818; x_wconf 87' lang='lat' dir='ltr'><strong>gerentes,</strong></span> <span class='ocrx_word' id='word_1_520' title='bbox 3559 2744 3784 2803; x_wconf 81' lang='lat' dir='ltr'><strong>multas</strong></span> 
     </span>
    </p>
   </div>
   <div class='ocr_carea' id='block_1_75' title="bbox 2133 2833 3788 2908">
    <p class='ocr_par' dir='ltr' id='par_1_75' title="bbox 2133 2833 3788 2908">
     <span class='ocr_line' id='line_1_75' title="bbox 2133 2833 3788 2908; baseline -0.001 -16"><span class='ocrx_word' id='word_1_521' title='bbox 2133 2837 2519 2894; x_wconf 81' lang='lat' dir='ltr'><strong>Rmianorum</strong></span> <span class='ocrx_word' id='word_1_522' title='bbox 2555 2835 2904 2908; x_wconf 82' lang='lat' dir='ltr'><strong>provincias,</strong></span> <span class='ocrx_word' id='word_1_523' title='bbox 2929 2841 2986 2892; x_wconf 92' lang='lat' dir='ltr'><strong>et</strong></span> <span class='ocrx_word' id='word_1_524' title='bbox 3036 2850 3194 2908; x_wconf 85' lang='lat' dir='ltr'><strong>psam</strong></span> <span class='ocrx_word' id='word_1_525' title='bbox 3220 2835 3675 2906; x_wconf 70' lang='lat' dir='ltr'><strong>Hierosolymam</strong></span> <span class='ocrx_word' id='word_1_526' title='bbox 3701 2833 3788 2890; x_wconf 88' lang='lat' dir='ltr'><strong>in-</strong></span> 
     </span>
    </p>
   </div>
   <div class='ocr_carea' id='block_1_76' title="bbox 2133 2921 3789 2996">
    <p class='ocr_par' dir='ltr' id='par_1_76' title="bbox 2133 2921 3789 2996">
     <span class='ocr_line' id='line_1_76' title="bbox 2133 2921 3789 2996; baseline -0.001 -14"><span class='ocrx_word' id='word_1_527' title='bbox 2133 2927 2455 2984; x_wconf 87' lang='lat' dir='ltr'><strong>vadunt.Et</strong></span> <span class='ocrx_word' id='word_1_528' title='bbox 2477 2928 2856 2984; x_wconf 71' lang='lat' dir='ltr'><strong>destruentes</strong></span> <span class='ocrx_word' id='word_1_529' title='bbox 2877 2924 3389 2996; x_wconf 87' lang='lat' dir='ltr'><strong>ecclesias,sancta</strong></span> <span class='ocrx_word' id='word_1_530' title='bbox 3411 2938 3642 2995; x_wconf 88' lang='lat' dir='ltr'><strong>quoque</strong></span> <span class='ocrx_word' id='word_1_531' title='bbox 3657 2921 3789 2982; x_wconf 90' lang='lat' dir='ltr'><strong>loca</strong></span> 
     </span>
    </p>
   </div>
   <div class='ocr_carea' id='block_1_77' title="bbox 2136 3013 3789 3086">
    <p class='ocr_par' dir='ltr' id='par_1_77' title="bbox 2136 3013 3789 3086">
     <span class='ocr_line' id='line_1_77' title="bbox 2136 3013 3789 3086; baseline -0.001 -17"><span class='ocrx_word' id='word_1_532' title='bbox 2136 3015 2527 3086; x_wconf 80' lang='lat' dir='ltr'><strong>pral‘anantes,</strong></span> <span class='ocrx_word' id='word_1_533' title='bbox 2549 3015 2700 3069; x_wconf 82' lang='lat' dir='ltr'><strong>inter</strong></span> <span class='ocrx_word' id='word_1_534' title='bbox 2713 3020 3052 3070; x_wconf 88' lang='lat' dir='ltr'><strong>ornamenta</strong></span> <span class='ocrx_word' id='word_1_535' title='bbox 3067 3028 3392 3085; x_wconf 80' lang='lat' dir='ltr'><strong>sacra,qu:e</strong></span> <span class='ocrx_word' id='word_1_536' title='bbox 3407 3013 3789 3070; x_wconf 88' lang='lat' dir='ltr'><strong>abstulerunt</strong></span> 
     </span>
    </p>
   </div>
   <div class='ocr_carea' id='block_1_78' title="bbox 2135 3101 3794 3160">
    <p class='ocr_par' dir='ltr' id='par_1_78' title="bbox 2135 3101 3794 3160">
     <span class='ocr_line' id='line_1_78' title="bbox 2135 3101 3794 3160; baseline -0.001 -4"><span class='ocrx_word' id='word_1_537' title='bbox 2135 3103 2311 3157; x_wconf 57' lang='lat' dir='ltr'><strong>etiam</strong></span> <span class='ocrx_word' id='word_1_538' title='bbox 2345 3102 2619 3159; x_wconf 86' lang='lat' dir='ltr'><strong>vexillum</strong></span> <span class='ocrx_word' id='word_1_539' title='bbox 2652 3103 2962 3160; x_wconf 78' lang='lat' dir='ltr'><strong>Dominicze</strong></span> <span class='ocrx_word' id='word_1_540' title='bbox 2991 3103 3187 3160; x_wconf 90' lang='lat' dir='ltr'><strong>crucis</strong></span> <span class='ocrx_word' id='word_1_541' title='bbox 3233 3103 3552 3158; x_wconf 77' lang='lat' dir='ltr'><strong>abducunt.</strong></span> <span class='ocrx_word' id='word_1_542' title='bbox 3610 3101 3794 3156; x_wconf 82' lang='lat' dir='ltr'><strong>Fece-</strong></span> 
     </span>
    </p>
   </div>
   <div class='ocr_carea' id='block_1_79' title="bbox 2138 3190 3786 3264">
    <p class='ocr_par' dir='ltr' id='par_1_79' title="bbox 2138 3190 3786 3264">
     <span class='ocr_line' id='line_1_79' title="bbox 2138 3190 3786 3264; baseline -0.004 -13"><span class='ocrx_word' id='word_1_543' title='bbox 2138 3197 2228 3251; x_wconf 88' lang='lat' dir='ltr'><strong>rat</strong></span> <span class='ocrx_word' id='word_1_544' title='bbox 2253 3207 2462 3264; x_wconf 90' lang='lat' dir='ltr'><strong>namqu</strong></span> <span class='ocrx_word' id='word_1_545' title='bbox 2490 3221 2496 3228; x_wconf 62' lang='grc' dir='ltr'><strong>ν</strong></span> <span class='ocrx_word' id='word_1_546' title='bbox 2525 3194 2781 3250; x_wconf 86' lang='lat' dir='ltr'><strong>Chosroe</strong></span> <span class='ocrx_word' id='word_1_547' title='bbox 2820 3208 2925 3249; x_wconf 84' lang='lat' dir='ltr'><strong>rex</strong></span> <span class='ocrx_word' id='word_1_548' title='bbox 2944 3206 3146 3250; x_wconf 91' lang='lat' dir='ltr'><strong>eorum</strong></span> <span class='ocrx_word' id='word_1_549' title='bbox 3184 3190 3394 3249; x_wconf 88' lang='lat' dir='ltr'><strong>turrim</strong></span> <span class='ocrx_word' id='word_1_550' title='bbox 3417 3193 3786 3262; x_wconf 88' lang='lat' dir='ltr'><strong>argenteam,</strong></span> 
     </span>
    </p>
   </div>
   <div class='ocr_carea' id='block_1_80' title="bbox 2136 3280 3794 3353">
    <p class='ocr_par' dir='ltr' id='par_1_80' title="bbox 2136 3280 3794 3353">
     <span class='ocr_line' id='line_1_80' title="bbox 2136 3280 3794 3353; baseline -0.002 -16"><span class='ocrx_word' id='word_1_551' title='bbox 2136 3282 2192 3339; x_wconf 91' lang='lat' dir='ltr'><strong>in</strong></span> <span class='ocrx_word' id='word_1_552' title='bbox 2220 3297 2252 3352; x_wconf 86' lang='lat' dir='ltr'><strong>q</strong></span> <span class='ocrx_word' id='word_1_553' title='bbox 2278 3296 2328 3337; x_wconf 45' lang='lat' dir='ltr'><strong>7a</strong></span> <span class='ocrx_word' id='word_1_554' title='bbox 2355 3280 3794 3353; x_wconf 83' lang='lat' dir='ltr'><strong>inter!ucentibusgemmisthronumexstruxerat</strong></span> 
     </span>
    </p>
   </div>
   <div class='ocr_carea' id='block_1_81' title="bbox 2135 3365 3795 3440">
    <p class='ocr_par' dir='ltr' id='par_1_81' title="bbox 2135 3365 3795 3440">
     <span class='ocr_line' id='line_1_81' title="bbox 2135 3365 3795 3440; baseline -0.003 -13"><span class='ocrx_word' id='word_1_555' title='bbox 2135 3383 2404 3439; x_wconf 88' lang='lat' dir='ltr'><strong>aureum,</strong></span> <span class='ocrx_word' id='word_1_556' title='bbox 2432 3368 2630 3440; x_wconf 87' lang='lat' dir='ltr'><strong>ibique</strong></span> <span class='ocrx_word' id='word_1_557' title='bbox 2653 3369 2795 3426; x_wconf 90' lang='lat' dir='ltr'><strong>solis</strong></span> <span class='ocrx_word' id='word_1_558' title='bbox 2819 3371 3162 3440; x_wconf 85' lang='lat' dir='ltr'><strong>quadrigam</strong></span> <span class='ocrx_word' id='word_1_559' title='bbox 3194 3373 3252 3425; x_wconf 89' lang='lat' dir='ltr'><strong>et</strong></span> <span class='ocrx_word' id='word_1_560' title='bbox 3287 3368 3440 3426; x_wconf 62' lang='lat' dir='ltr'><strong>luna</strong></span> <span class='ocrx_word' id='word_1_561' title='bbox 3469 3365 3564 3424; x_wconf 86' lang='lat' dir='ltr'><strong>vel</strong></span> <span class='ocrx_word' id='word_1_562' title='bbox 3597 3366 3795 3425; x_wconf 86' lang='lat' dir='ltr'><strong>stella-</strong></span> 
     </span>
    </p>
   </div>
   <div class='ocr_carea' id='block_1_82' title="bbox 2137 3457 3795 3532">
    <p class='ocr_par' dir='ltr' id='par_1_82' title="bbox 2137 3457 3795 3532">
     <span class='ocr_line' id='line_1_82' title="bbox 2137 3457 3795 3532; baseline -0.001 -17"><span class='ocrx_word' id='word_1_563' title='bbox 2137 3473 2264 3516; x_wconf 90' lang='lat' dir='ltr'><strong>rum</strong></span> <span class='ocrx_word' id='word_1_564' title='bbox 2281 3457 2586 3528; x_wconf 88' lang='lat' dir='ltr'><strong>imaginem</strong></span> <span class='ocrx_word' id='word_1_565' title='bbox 2601 3457 3206 3529; x_wconf 88' lang='lat' dir='ltr'><strong>collocaverat,atquc</strong></span> <span class='ocrx_word' id='word_1_566' title='bbox 3223 3473 3328 3532; x_wconf 84' lang='lat' dir='ltr'><strong>per</strong></span> <span class='ocrx_word' id='word_1_567' title='bbox 3339 3457 3611 3516; x_wconf 89' lang='lat' dir='ltr'><strong>occultas</strong></span> <span class='ocrx_word' id='word_1_568' title='bbox 3629 3457 3795 3515; x_wconf 85' lang='lat' dir='ltr'><strong>fistu-</strong></span> 
     </span>
    </p>
   </div>
   <div class='ocr_carea' id='block_1_83' title="bbox 2137 3545 3791 3620">
    <p class='ocr_par' dir='ltr' id='par_1_83' title="bbox 2137 3545 3791 3620">
     <span class='ocr_line' id='line_1_83' title="bbox 2137 3545 3791 3620; baseline 0 -18"><span class='ocrx_word' id='word_1_569' title='bbox 2137 3547 2226 3605; x_wconf 92' lang='lat' dir='ltr'><strong>las</strong></span> <span class='ocrx_word' id='word_1_570' title='bbox 2247 3561 2413 3620; x_wconf 74' lang='lat' dir='ltr'><strong>aquze</strong></span> <span class='ocrx_word' id='word_1_571' title='bbox 2435 3552 2662 3604; x_wconf 88' lang='lat' dir='ltr'><strong>meatus</strong></span> <span class='ocrx_word' id='word_1_572' title='bbox 2684 3547 3031 3619; x_wconf 87' lang='lat' dir='ltr'><strong>adduxerat,</strong></span> <span class='ocrx_word' id='word_1_573' title='bbox 3057 3554 3122 3604; x_wconf 90' lang='lat' dir='ltr'><strong>ut</strong></span> <span class='ocrx_word' id='word_1_574' title='bbox 3145 3547 3312 3619; x_wconf 86' lang='lat' dir='ltr'><strong>quasi</strong></span> <span class='ocrx_word' id='word_1_575' title='bbox 3346 3549 3500 3604; x_wconf 90' lang='lat' dir='ltr'><strong>Deus</strong></span> <span class='ocrx_word' id='word_1_576' title='bbox 3533 3545 3791 3620; x_wconf 69' lang='lat' dir='ltr'><strong>pluviam</strong></span> 
     </span>
    </p>
   </div>
   <div class='ocr_carea' id='block_1_84' title="bbox 2140 3635 3791 3710">
    <p class='ocr_par' dir='ltr' id='par_1_84' title="bbox 2140 3635 3791 3710">
     <span class='ocr_line' id='line_1_84' title="bbox 2140 3635 3791 3710; baseline -0.002 -16"><span class='ocrx_word' id='word_1_577' title='bbox 2140 3637 2394 3710; x_wconf 89' lang='lat' dir='ltr'><strong>desuper</strong></span> <span class='ocrx_word' id='word_1_578' title='bbox 2433 3635 2742 3694; x_wconf 85' lang='lat' dir='ltr'><strong>videretur</strong></span> <span class='ocrx_word' id='word_1_579' title='bbox 2777 3635 3104 3694; x_wconf 81' lang='lat' dir='ltr'><strong>infundere.</strong></span> <span class='ocrx_word' id='word_1_580' title='bbox 3130 3638 3200 3692; x_wconf 87' lang='lat' dir='ltr'><strong>Et</strong></span> <span class='ocrx_word' id='word_1_581' title='bbox 3231 3637 3366 3694; x_wconf 90' lang='lat' dir='ltr'><strong>dum</strong></span> <span class='ocrx_word' id='word_1_582' title='bbox 3400 3638 3791 3693; x_wconf 90' lang='lat' dir='ltr'><strong>subterraneo</strong></span> 
     </span>
    </p>
   </div>
   <div class='ocr_carea' id='block_1_85' title="bbox 2136 3725 3794 3800">
    <p class='ocr_par' dir='ltr' id='par_1_85' title="bbox 2136 3725 3794 3800">
     <span class='ocr_line' id='line_1_85' title="bbox 2136 3725 3794 3800; baseline -0.002 -16"><span class='ocrx_word' id='word_1_583' title='bbox 2136 3742 2314 3800; x_wconf 88' lang='lat' dir='ltr'><strong>specu</strong></span> <span class='ocrx_word' id='word_1_584' title='bbox 2341 3725 2510 3798; x_wconf 89' lang='lat' dir='ltr'><strong>equis</strong></span> <span class='ocrx_word' id='word_1_585' title='bbox 2534 3725 2588 3781; x_wconf 89' lang='lat' dir='ltr'><strong>in</strong></span> <span class='ocrx_word' id='word_1_586' title='bbox 2614 3725 2869 3784; x_wconf 88' lang='lat' dir='ltr'><strong>circuitu</strong></span> <span class='ocrx_word' id='word_1_587' title='bbox 2891 3725 3656 3796; x_wconf 87' lang='lat' dir='ltr'><strong>trahentibus,circumacta</strong></span> <span class='ocrx_word' id='word_1_588' title='bbox 3675 3728 3794 3782; x_wconf 89' lang='lat' dir='ltr'><strong>tur-</strong></span> 
     </span>
    </p>
   </div>
   <div class='ocr_carea' id='block_1_86' title="bbox 2139 3812 3792 3888">
    <p class='ocr_par' dir='ltr' id='par_1_86' title="bbox 2139 3812 3792 3888">
     <span class='ocr_line' id='line_1_86' title="bbox 2139 3812 3792 3888; baseline -0.002 -15"><span class='ocrx_word' id='word_1_589' title='bbox 2139 3817 2222 3874; x_wconf 89' lang='lat' dir='ltr'><strong>ris</strong></span> <span class='ocrx_word' id='word_1_590' title='bbox 2246 3815 2526 3874; x_wconf 83' lang='lat' dir='ltr'><strong>fabricata</strong></span> <span class='ocrx_word' id='word_1_591' title='bbox 2555 3815 2772 3873; x_wconf 88' lang='lat' dir='ltr'><strong>moveri</strong></span> <span class='ocrx_word' id='word_1_592' title='bbox 2797 3815 3127 3885; x_wconf 89' lang='lat' dir='ltr'><strong>videbatur,</strong></span> <span class='ocrx_word' id='word_1_593' title='bbox 3146 3814 3312 3888; x_wconf 91' lang='lat' dir='ltr'><strong>quasi</strong></span> <span class='ocrx_word' id='word_1_594' title='bbox 3337 3814 3592 3886; x_wconf 89' lang='lat' dir='ltr'><strong>quodam</strong></span> <span class='ocrx_word' id='word_1_595' title='bbox 3619 3812 3792 3871; x_wconf 90' lang='lat' dir='ltr'><strong>modo</strong></span> 
     </span>
    </p>
   </div>
   <div class='ocr_carea' id='block_1_87' title="bbox 2144 3902 3796 3977">
    <p class='ocr_par' dir='ltr' id='par_1_87' title="bbox 2144 3902 3796 3977">
     <span class='ocr_line' id='line_1_87' title="bbox 2144 3902 3796 3977; baseline -0.002 -15"><span class='ocrx_word' id='word_1_596' title='bbox 2144 3909 2400 3977; x_wconf 77' lang='lat' dir='ltr'><strong>rug‘tum</strong></span> <span class='ocrx_word' id='word_1_597' title='bbox 2429 3903 2868 3975; x_wconf 83' lang='lat' dir='ltr'><strong>tonitrui,juxta</strong></span> <span class='ocrx_word' id='word_1_598' title='bbox 2895 3903 3343 3976; x_wconf 85' lang='lat' dir='ltr'><strong>possibilitatem</strong></span> <span class='ocrx_word' id='word_1_599' title='bbox 3357 3902 3796 3973; x_wconf 84' lang='lat' dir='ltr'><strong>artificis,men-</strong></span> 
     </span>
    </p>
   </div>
   <div class='ocr_carea' id='block_1_88' title="bbox 2137 3990 3794 4064">
    <p class='ocr_par' dir='ltr' id='par_1_88' title="bbox 2137 3990 3794 4064">
     <span class='ocr_line' id='line_1_88' title="bbox 2137 3990 3794 4064; baseline -0.001 -16"><span class='ocrx_word' id='word_1_600' title='bbox 2137 3993 2418 4050; x_wconf 89' lang='lat' dir='ltr'><strong>tiebatur.</strong></span> <span class='ocrx_word' id='word_1_601' title='bbox 2445 3994 2506 4048; x_wconf 86' lang='lat' dir='ltr'><strong>In</strong></span> <span class='ocrx_word' id='word_1_602' title='bbox 2527 3992 2636 4049; x_wconf 91' lang='lat' dir='ltr'><strong>hoc</strong></span> <span class='ocrx_word' id='word_1_603' title='bbox 2661 3992 2858 4064; x_wconf 82' lang='lat' dir='ltr'><strong>itaque</strong></span> <span class='ocrx_word' id='word_1_604' title='bbox 2880 3991 3005 4050; x_wconf 94' lang='lat' dir='ltr'><strong>loco</strong></span> <span class='ocrx_word' id='word_1_605' title='bbox 3017 3991 3214 4050; x_wconf 88' lang='lat' dir='ltr'><strong>sedem</strong></span> <span class='ocrx_word' id='word_1_606' title='bbox 3230 3990 3338 4050; x_wconf 89' lang='lat' dir='ltr'><strong>sibi</strong></span> <span class='ocrx_word' id='word_1_607' title='bbox 3354 3995 3691 4064; x_wconf 87' lang='lat' dir='ltr'><strong>paraverat,</strong></span> <span class='ocrx_word' id='word_1_608' title='bbox 3709 3994 3794 4048; x_wconf 90' lang='lat' dir='ltr'><strong>at-</strong></span> 
     </span>
    </p>
   </div>
   <div class='ocr_carea' id='block_1_89' title="bbox 2141 4079 3794 4152">
    <p class='ocr_par' dir='ltr' id='par_1_89' title="bbox 2141 4079 3794 4152">
     <span class='ocr_line' id='line_1_89' title="bbox 2141 4079 3794 4152; baseline -0.002 -15"><span class='ocrx_word' id='word_1_609' title='bbox 2141 4079 2434 4152; x_wconf 83' lang='lat' dir='ltr'><strong>quejuxta</strong></span> <span class='ocrx_word' id='word_1_610' title='bbox 2456 4079 2775 4152; x_wconf 89' lang='lat' dir='ltr'><strong>eam,quasi</strong></span> <span class='ocrx_word' id='word_1_611' title='bbox 2797 4079 3021 4151; x_wconf 86' lang='lat' dir='ltr'><strong>collega</strong></span> <span class='ocrx_word' id='word_1_612' title='bbox 3045 4080 3145 4138; x_wconf 87' lang='lat' dir='ltr'><strong>Dei</strong></span> <span class='ocrx_word' id='word_1_613' title='bbox 3161 4080 3271 4138; x_wconf 91' lang='lat' dir='ltr'><strong>sibi</strong></span> <span class='ocrx_word' id='word_1_614' title='bbox 3287 4093 3523 4138; x_wconf 89' lang='lat' dir='ltr'><strong>crucem</strong></span> <span class='ocrx_word' id='word_1_615' title='bbox 3541 4079 3794 4136; x_wconf 86' lang='lat' dir='ltr'><strong>Domini-</strong></span> 
     </span>
    </p>
   </div>
   <div class='ocr_carea' id='block_1_90' title="bbox 2139 4156 3798 4242">
    <p class='ocr_par' dir='ltr' id='par_1_90' title="bbox 2139 4156 3798 4242">
     <span class='ocr_line' id='line_1_90' title="bbox 2139 4156 3798 4242; baseline -0.001 -16"><span class='ocrx_word' id='word_1_616' title='bbox 2139 4183 2266 4226; x_wconf 90' lang='lat' dir='ltr'><strong>cam</strong></span> <span class='ocrx_word' id='word_1_617' title='bbox 2290 4169 2750 4242; x_wconf 82' lang='lat' dir='ltr'><strong>posuit,iilioque</strong></span> <span class='ocrx_word' id='word_1_618' title='bbox 2763 4184 2870 4227; x_wconf 91' lang='lat' dir='ltr'><strong>suo</strong></span> <span class='ocrx_word' id='word_1_619' title='bbox 2887 4183 3065 4240; x_wconf 89' lang='lat' dir='ltr'><strong>regno</strong></span> <span class='ocrx_word' id='word_1_620' title='bbox 3079 4156 3454 4241; x_wconf 85' lang='lat' dir='ltr'><strong>tradito,ipse</strong></span> <span class='ocrx_word' id='word_1_621' title='bbox 3471 4168 3527 4224; x_wconf 94' lang='lat' dir='ltr'><strong>in</strong></span> <span class='ocrx_word' id='word_1_622' title='bbox 3543 4167 3680 4225; x_wconf 89' lang='lat' dir='ltr'><strong>fano</strong></span> <span class='ocrx_word' id='word_1_623' title='bbox 3694 4169 3798 4224; x_wconf 90' lang='lat' dir='ltr'><strong>hu-</strong></span> 
     </span>
    </p>
   </div>
   <div class='ocr_carea' id='block_1_91' title="bbox 2135 4257 3802 4332">
    <p class='ocr_par' dir='ltr' id='par_1_91' title="bbox 2135 4257 3802 4332">
     <span class='ocr_line' id='line_1_91' title="bbox 2135 4257 3802 4332; baseline -0.001 -16"><span class='ocrx_word' id='word_1_624' title='bbox 2135 4258 2462 4332; x_wconf 83' lang='lat' dir='ltr'><strong>juscemodi</strong></span> <span class='ocrx_word' id='word_1_625' title='bbox 2493 4258 2812 4317; x_wconf 90' lang='lat' dir='ltr'><strong>residebat.</strong></span> <span class='ocrx_word' id='word_1_626' title='bbox 2837 4259 3063 4318; x_wconf 75' lang='lat' dir='ltr'><strong>Mortuo</strong></span> <span class='ocrx_word' id='word_1_627' title='bbox 3085 4273 3227 4317; x_wconf 92' lang='lat' dir='ltr'><strong>vero</strong></span> <span class='ocrx_word' id='word_1_628' title='bbox 3248 4259 3459 4324; x_wconf 83' lang='lat' dir='ltr'><strong>Phoca.</strong></span> <span class='ocrx_word' id='word_1_629' title='bbox 3487 4257 3802 4316; x_wconf 83' lang='lat' dir='ltr'><strong>Heraclius</strong></span> 
     </span>
    </p>
   </div>
   <div class='ocr_carea' id='block_1_92' title="bbox 2143 4347 3802 4420">
    <p class='ocr_par' dir='ltr' id='par_1_92' title="bbox 2143 4347 3802 4420">
     <span class='ocr_line' id='line_1_92' title="bbox 2143 4347 3802 4420; baseline -0.001 -16"><span class='ocrx_word' id='word_1_630' title='bbox 2143 4348 2465 4419; x_wconf 87' lang='lat' dir='ltr'><strong>imperator</strong></span> <span class='ocrx_word' id='word_1_631' title='bbox 2485 4353 2742 4420; x_wconf 85' lang='lat' dir='ltr'><strong>creatur,</strong></span> <span class='ocrx_word' id='word_1_632' title='bbox 2777 4349 2868 4406; x_wconf 89' lang='lat' dir='ltr'><strong>vir</strong></span> <span class='ocrx_word' id='word_1_633' title='bbox 2899 4355 3181 4406; x_wconf 91' lang='lat' dir='ltr'><strong>strenuus</strong></span> <span class='ocrx_word' id='word_1_634' title='bbox 3211 4352 3268 4404; x_wconf 90' lang='lat' dir='ltr'><strong>et</strong></span> <span class='ocrx_word' id='word_1_635' title='bbox 3301 4347 3480 4404; x_wconf 89' lang='lat' dir='ltr'><strong>armis</strong></span> <span class='ocrx_word' id='word_1_636' title='bbox 3505 4347 3802 4404; x_wconf 84' lang='lat' dir='ltr'><strong>exercita-</strong></span> 
     </span>
    </p>
   </div>
   <div class='ocr_carea' id='block_1_93' title="bbox 379 4415 3802 4506">
    <p class='ocr_par' dir='ltr' id='par_1_93' title="bbox 379 4415 3802 4506">
     <span class='ocr_line' id='line_1_93' title="bbox 379 4415 3802 4506; baseline 0.001 -25"><span class='ocrx_word' id='word_1_637' title='bbox 379 4425 567 4496; x_wconf 88' lang='lat' dir='ltr'><strong>deret,</strong></span> <span class='ocrx_word' id='word_1_638' title='bbox 601 4423 696 4480; x_wconf 91' lang='lat' dir='ltr'><strong>ubi</strong></span> <span class='ocrx_word' id='word_1_639' title='bbox 718 4429 834 4482; x_wconf 83' lang='lat' dir='ltr'><strong>tan</strong></span> <span class='ocrx_word' id='word_1_640' title='bbox 859 4424 1179 4498; x_wconf 80' lang='lat' dir='ltr'><strong>pre.iosum</strong></span> <span class='ocrx_word' id='word_1_641' title='bbox 1202 4426 1413 4498; x_wconf 74' lang='lat' dir='ltr'><strong>pignus</strong></span> <span class='ocrx_word' id='word_1_642' title='bbox 1436 4427 1835 4499; x_wconf 89' lang='lat' dir='ltr'><strong>ingenticultu</strong></span> <span class='ocrx_word' id='word_1_643' title='bbox 1859 4437 1917 4488; x_wconf 92' lang='lat' dir='ltr'><strong>et</strong></span> <span class='ocrx_word' id='word_1_644' title='bbox 1936 4445 2030 4488; x_wconf 88' lang='lat' dir='ltr'><strong>or-</strong></span> <span class='ocrx_word' id='word_1_645' title='bbox 2061 4415 2113 4476; x_wconf 85' lang='lat' dir='ltr'><strong>D</strong></span> <span class='ocrx_word' id='word_1_646' title='bbox 2145 4415 2258 4494; x_wconf 47' lang='lat' dir='ltr'><strong>tus}.</strong></span> <span class='ocrx_word' id='word_1_647' title='bbox 2293 4435 2400 4504; x_wconf 84' lang='lat' dir='ltr'><strong>Qui</strong></span> <span class='ocrx_word' id='word_1_648' title='bbox 2432 4415 2955 4496; x_wconf 21' lang='lat' dir='ltr'><strong>adversusrpersas</strong></span> <span class='ocrx_word' id='word_1_649' title='bbox 2999 4435 3215 4494; x_wconf 78' lang='lat' dir='ltr'><strong>bellum</strong></span> <span class='ocrx_word' id='word_1_650' title='bbox 3265 4448 3560 4506; x_wconf 63' lang='lat' dir='ltr'><strong>agressus,</strong></span> <span class='ocrx_word' id='word_1_651' title='bbox 3596 4435 3802 4506; x_wconf 79' lang='lat' dir='ltr'><strong>occiso</strong></span> 
     </span>
    </p>
   </div>
   <div class='ocr_carea' id='block_1_94' title="bbox 379 4514 2026 4590">
    <p class='ocr_par' dir='ltr' id='par_1_94' title="bbox 379 4514 2026 4590">
     <span class='ocr_line' id='line_1_94' title="bbox 379 4514 2026 4590; baseline 0.005 -20"><span class='ocrx_word' id='word_1_652' title='bbox 379 4518 519 4571; x_wconf 90' lang='lat' dir='ltr'><strong>natu</strong></span> <span class='ocrx_word' id='word_1_653' title='bbox 571 4520 903 4586; x_wconf 62' lang='grc' dir='ltr'><strong>ι’θροηιιιει.</strong></span> <span class='ocrx_word' id='word_1_654' title='bbox 961 4514 1092 4584; x_wconf 88' lang='lat' dir='ltr'><strong>Sed,</strong></span> <span class='ocrx_word' id='word_1_655' title='bbox 1145 4516 1585 4586; x_wconf 82' lang='lat' dir='ltr'><strong>emergentibus</strong></span> <span class='ocrx_word' id='word_1_656' title='bbox 1623 4519 1838 4590; x_wconf 87' lang='lat' dir='ltr'><strong>causis,</strong></span> <span class='ocrx_word' id='word_1_657' title='bbox 1891 4519 2026 4578; x_wconf 88' lang='lat' dir='ltr'><strong>dum</strong></span> 
     </span>
    </p>
   </div>
   <div class='ocr_carea' id='block_1_95' title="bbox 379 4601 2029 4676">
    <p class='ocr_par' dir='ltr' id='par_1_95' title="bbox 379 4601 2029 4676">
     <span class='ocr_line' id='line_1_95' title="bbox 379 4601 2029 4676; baseline 0.003 -15"><span class='ocrx_word' id='word_1_658' title='bbox 379 4616 528 4676; x_wconf 90' lang='lat' dir='ltr'><strong>opus</strong></span> <span class='ocrx_word' id='word_1_659' title='bbox 542 4601 768 4659; x_wconf 87' lang='lat' dir='ltr'><strong>tardius</strong></span> <span class='ocrx_word' id='word_1_660' title='bbox 783 4605 1068 4662; x_wconf 89' lang='lat' dir='ltr'><strong>construi.</strong></span> <span class='ocrx_word' id='word_1_661' title='bbox 1086 4619 1172 4670; x_wconf 87' lang='lat' dir='ltr'><strong>ur.</strong></span> <span class='ocrx_word' id='word_1_662' title='bbox 1189 4604 1555 4664; x_wconf 78' lang='lat' dir='ltr'><strong>occasionem</strong></span> <span class='ocrx_word' id='word_1_663' title='bbox 1577 4611 1783 4664; x_wconf 82' lang='lat' dir='ltr'><strong>nactus</strong></span> <span class='ocrx_word' id='word_1_664' title='bbox 1801 4606 2029 4666; x_wconf 85' lang='lat' dir='ltr'><strong>Leidra-</strong></span> 
     </span>
    </p>
   </div>
   <div class='ocr_carea' id='block_1_96' title="bbox 451 4728 2025 4807">
    <p class='ocr_par' dir='ltr' id='par_1_96' title="bbox 451 4728 2025 4807">
     <span class='ocr_line' id='line_1_96' title="bbox 451 4728 2025 4807; baseline -0.001 -19"><span class='ocrx_word' id='word_1_665' title='bbox 451 4737 478 4767; x_wconf 71' lang='grc' dir='ltr'>ι</span> <span class='ocrx_word' id='word_1_666' title='bbox 507 4729 666 4807; x_wconf 59' lang='lat' dir='ltr'><strong>Dicm</strong></span> <span class='ocrx_word' id='word_1_667' title='bbox 693 4728 1338 4807; x_wconf 57' lang='lat' dir='ltr'><strong>cci-eisetscﬂqcibus.</strong></span> <span class='ocrx_word' id='word_1_668' title='bbox 1384 4729 1781 4807; x_wconf 72' lang='lat' dir='ltr'><strong>Ilzec_sinc_era</strong></span> <span class='ocrx_word' id='word_1_669' title='bbox 1829 4729 2025 4807; x_wconf 82' lang='lat' dir='ltr'><strong>lectio,</strong></span> 
     </span>
    </p>
   </div>
   <div class='ocr_carea' id='block_1_97' title="bbox 381 4800 2024 4874">
    <p class='ocr_par' dir='ltr' id='par_1_97' title="bbox 381 4800 2024 4874">
     <span class='ocr_line' id='line_1_97' title="bbox 381 4800 2024 4874; baseline 0.005 -18"><span class='ocrx_word' id='word_1_670' title='bbox 381 4801 649 4874; x_wconf 75' lang='lat' dir='ltr'><strong>atqucita</strong></span> <span class='ocrx_word' id='word_1_671' title='bbox 676 4800 1066 4874; x_wconf 83' lang='lat' dir='ltr'><strong>vetustissimi</strong></span> <span class='ocrx_word' id='word_1_672' title='bbox 1090 4801 1106 4874; x_wconf 88' lang='lat' dir='ltr'><strong>l</strong></span> <span class='ocrx_word' id='word_1_673' title='bbox 1135 4803 1221 4858; x_wconf 90' lang='lat' dir='ltr'><strong>bri</strong></span> <span class='ocrx_word' id='word_1_674' title='bbox 1245 4817 1378 4860; x_wconf 90' lang='lat' dir='ltr'><strong>mss.</strong></span> <span class='ocrx_word' id='word_1_675' title='bbox 1405 4801 1477 4874; x_wconf 87' lang='lat' dir='ltr'><strong>de</strong></span> <span class='ocrx_word' id='word_1_676' title='bbox 1503 4801 1628 4860; x_wconf 81' lang='lat' dir='ltr'><strong>Vita</strong></span> <span class='ocrx_word' id='word_1_677' title='bbox 1651 4802 1705 4859; x_wconf 90' lang='lat' dir='ltr'><strong>S.</strong></span> <span class='ocrx_word' id='word_1_678' title='bbox 1735 4800 2024 4874; x_wconf 66' lang='lat' dir='ltr'><strong>Cypriani.</strong></span> 
     </span>
    </p>
   </div>
   <div class='ocr_carea' id='block_1_98' title="bbox 378 4871 2030 4945">
    <p class='ocr_par' dir='ltr' id='par_1_98' title="bbox 378 4871 2030 4945">
     <span class='ocr_line' id='line_1_98' title="bbox 378 4871 2030 4945; baseline 0.003 -17"><span class='ocrx_word' id='word_1_679' title='bbox 378 4871 566 4945; x_wconf 53' lang='lat' dir='ltr'><strong>Yu’2go</strong></span> <span class='ocrx_word' id='word_1_680' title='bbox 581 4873 870 4945; x_wconf 86' lang='lat' dir='ltr'><strong>hactenus</strong></span> <span class='ocrx_word' id='word_1_681' title='bbox 887 4871 940 4926; x_wconf 88' lang='lat' dir='ltr'><strong>in</strong></span> <span class='ocrx_word' id='word_1_682' title='bbox 955 4873 1226 4930; x_wconf 91' lang='lat' dir='ltr'><strong>omnibus</strong></span> <span class='ocrx_word' id='word_1_683' title='bbox 1243 4874 1410 4929; x_wconf 79' lang='lat' dir='ltr'><strong>libris</strong></span> <span class='ocrx_word' id='word_1_684' title='bbox 1425 4872 1730 4945; x_wconf 84' lang='lat' dir='ltr'><strong>impressis</strong></span> <span class='ocrx_word' id='word_1_685' title='bbox 1747 4871 1800 4931; x_wconf 74' lang='lat' dir='ltr'><strong>ra</strong></span> <span class='ocrx_word' id='word_1_686' title='bbox 1819 4871 1850 4930; x_wconf 43' lang='lat' dir='ltr'><strong>‘t</strong></span> <span class='ocrx_word' id='word_1_687' title='bbox 1866 4883 2030 4933; x_wconf 74' lang='lat' dir='ltr'><strong>scm-</strong></span> 
     </span>
    </p>
   </div>
   <div class='ocr_carea' id='block_1_99' title="bbox 354 4939 2025 5014">
    <p class='ocr_par' dir='ltr' id='par_1_99' title="bbox 354 4939 2025 5014">
     <span class='ocr_line' id='line_1_99' title="bbox 354 4939 2025 5014; baseline 0.004 -16"><span class='ocrx_word' id='word_1_688' title='bbox 354 4939 634 5014; x_wconf 68' lang='lat' dir='ltr'><strong>-_lar{bus,</strong></span> <span class='ocrx_word' id='word_1_689' title='bbox 667 4951 820 5014; x_wconf 75' lang='lat' dir='ltr'><strong>quod</strong></span> <span class='ocrx_word' id='word_1_690' title='bbox 857 4944 1102 5000; x_wconf 80' lang='lat' dir='ltr'><strong>Haronio</strong></span> <span class='ocrx_word' id='word_1_691' title='bbox 1134 4945 1188 5000; x_wconf 93' lang='lat' dir='ltr'><strong>in</strong></span> <span class='ocrx_word' id='word_1_692' title='bbox 1233 4939 1524 5002; x_wconf 61' lang='lat' dir='ltr'><strong>Notatioul</strong></span> <span class='ocrx_word' id='word_1_693' title='bbox 1563 4946 1798 5004; x_wconf 78' lang='lat' dir='ltr'><strong>Roman.</strong></span> <span class='ocrx_word' id='word_1_694' title='bbox 1834 4962 1890 5004; x_wconf 73' lang='lat' dir='ltr'><strong>vr</strong></span> <span class='ocrx_word' id='word_1_695' title='bbox 1923 4949 2025 5004; x_wconf 79' lang='lat' dir='ltr'><strong>Fe-</strong></span> 
     </span>
    </p>
   </div>
   <div class='ocr_carea' id='block_1_100' title="bbox 383 5009 2033 5090">
    <p class='ocr_par' dir='ltr' id='par_1_100' title="bbox 383 5009 2033 5090">
     <span class='ocr_line' id='line_1_100' title="bbox 383 5009 2033 5090; baseline 0.008 -26"><span class='ocrx_word' id='word_1_696' title='bbox 383 5009 602 5090; x_wconf 62' lang='lat' dir='ltr'><strong>bruarii</strong></span> <span class='ocrx_word' id='word_1_697' title='bbox 620 5009 998 5090; x_wconf 74' lang='lat' dir='ltr'><strong>occasionem</strong></span> <span class='ocrx_word' id='word_1_698' title='bbox 1021 5014 1130 5090; x_wconf 83' lang='lat' dir='ltr'><strong>ded</strong></span> <span class='ocrx_word' id='word_1_699' title='bbox 1158 5020 1179 5070; x_wconf 94' lang='lat' dir='ltr'><strong>t</strong></span> <span class='ocrx_word' id='word_1_700' title='bbox 1206 5029 1269 5072; x_wconf 88' lang='lat' dir='ltr'><strong>u.</strong></span> <span class='ocrx_word' id='word_1_701' title='bbox 1287 5017 1592 5090; x_wconf 59' lang='lat' dir='ltr'><strong>amaturo;</strong></span> <span class='ocrx_word' id='word_1_702' title='bbox 1614 5017 2033 5090; x_wconf 83' lang='lat' dir='ltr'><strong>interpretare-</strong></span> 
     </span>
    </p>
   </div>
   <div class='ocr_carea' id='block_1_101' title="bbox 383 5083 2031 5148">
    <p class='ocr_par' dir='ltr' id='par_1_101' title="bbox 383 5083 2031 5148">
     <span class='ocr_line' id='line_1_101' title="bbox 383 5083 2031 5148; baseline 0.008 -13"><span class='ocrx_word' id='word_1_703' title='bbox 383 5083 482 5136; x_wconf 93' lang='lat' dir='ltr'><strong>tur</strong></span> <span class='ocrx_word' id='word_1_704' title='bbox 520 5086 895 5144; x_wconf 70' lang='lat' dir='ltr'><strong>dwcrsarum</strong></span> <span class='ocrx_word' id='word_1_705' title='bbox 918 5087 1205 5144; x_wconf 72' lang='lat' dir='ltr'><strong>classium</strong></span> <span class='ocrx_word' id='word_1_706' title='bbox 1241 5087 1506 5144; x_wconf 70' lang='lat' dir='ltr'><strong>clericos.</strong></span> <span class='ocrx_word' id='word_1_707' title='bbox 1542 5087 1650 5144; x_wconf 91' lang='lat' dir='ltr'><strong>Sed</strong></span> <span class='ocrx_word' id='word_1_708' title='bbox 1689 5083 1822 5148; x_wconf 76' lang='lat' dir='ltr'><strong>vera</strong></span> <span class='ocrx_word' id='word_1_709' title='bbox 1859 5091 2031 5148; x_wconf 83' lang='lat' dir='ltr'><strong>lectio</strong></span> 
     </span>
    </p>
   </div>
   <div class='ocr_carea' id='block_1_102' title="bbox 384 5157 2034 5241">
    <p class='ocr_par' dir='ltr' id='par_1_102' title="bbox 384 5157 2034 5241">
     <span class='ocr_line' id='line_1_102' title="bbox 384 5157 2034 5241; baseline 0.006 -33"><span class='ocrx_word' id='word_1_710' title='bbox 384 5157 486 5241; x_wconf 56' lang='lat' dir='ltr'><strong>est</strong></span> <span class='ocrx_word' id='word_1_711' title='bbox 509 5167 677 5241; x_wconf 69' lang='lat' dir='ltr'><strong>quam</strong></span> <span class='ocrx_word' id='word_1_712' title='bbox 703 5158 1033 5241; x_wconf 58' lang='lat' dir='ltr'><strong>dixitgquae</strong></span> <span class='ocrx_word' id='word_1_713' title='bbox 1057 5171 1204 5241; x_wconf 83' lang='lat' dir='ltr'><strong>nunc</strong></span> <span class='ocrx_word' id='word_1_714' title='bbox 1227 5158 1594 5241; x_wconf 63' lang='lat' dir='ltr'><strong>explicanda,</strong></span> <span class='ocrx_word' id='word_1_715' title='bbox 1612 5161 1744 5241; x_wconf 83' lang='lat' dir='ltr'><strong>quia</strong></span> <span class='ocrx_word' id='word_1_716' title='bbox 1769 5165 1920 5241; x_wconf 66' lang='lat' dir='ltr'><strong>apud</strong></span> <span class='ocrx_word' id='word_1_717' title='bbox 1937 5178 2034 5241; x_wconf 83' lang='lat' dir='ltr'><strong>pa-</strong></span> 
     </span>
    </p>
   </div>
   <div class='ocr_carea' id='block_1_103' title="bbox 385 5229 2029 5302">
    <p class='ocr_par' dir='ltr' id='par_1_103' title="bbox 385 5229 2029 5302">
     <span class='ocr_line' id='line_1_103' title="bbox 385 5229 2029 5302; baseline 0.008 -29"><span class='ocrx_word' id='word_1_718' title='bbox 385 5233 488 5302; x_wconf 64' lang='lat' dir='ltr'><strong>gos</strong></span> <span class='ocrx_word' id='word_1_719' title='bbox 510 5230 783 5288; x_wconf 84' lang='lat' dir='ltr'><strong>auctores</strong></span> <span class='ocrx_word' id='word_1_720' title='bbox 808 5229 942 5286; x_wconf 91' lang='lat' dir='ltr'><strong>mihi</strong></span> <span class='ocrx_word' id='word_1_721' title='bbox 967 5231 1250 5302; x_wconf 85' lang='lat' dir='ltr'><strong>hactenus</strong></span> <span class='ocrx_word' id='word_1_722' title='bbox 1270 5229 1548 5286; x_wconf 65' lang='lat' dir='ltr'><strong>occurrit.</strong></span> <span class='ocrx_word' id='word_1_723' title='bbox 1574 5229 1856 5300; x_wconf 78' lang='lat' dir='ltr'><strong>Isidorus,</strong></span> <span class='ocrx_word' id='word_1_724' title='bbox 1873 5229 2029 5302; x_wconf 74' lang='lat' dir='ltr'><strong>orig.</strong></span> 
     </span>
    </p>
   </div>
   <div class='ocr_carea' id='block_1_104' title="bbox 363 5287 2033 5373">
    <p class='ocr_par' dir='ltr' id='par_1_104' title="bbox 363 5287 2033 5373">
     <span class='ocr_line' id='line_1_104' title="bbox 363 5287 2033 5373; baseline 0.008 -28"><span class='ocrx_word' id='word_1_725' title='bbox 363 5287 637 5373; x_wconf 56' lang='lat' dir='ltr'><strong>.ub._xx,</strong></span> <span class='ocrx_word' id='word_1_726' title='bbox 673 5305 854 5373; x_wconf 10' lang='lat' dir='ltr'><strong>c.107;</strong></span> <span class='ocrx_word' id='word_1_727' title='bbox 911 5323 938 5354; x_wconf 89' lang='grc'><strong>‹‹</strong></span> <span class='ocrx_word' id='word_1_728' title='bbox 984 5300 1214 5359; x_wconf 79' lang='lat' dir='ltr'><strong>Funalia</strong></span> <span class='ocrx_word' id='word_1_729' title='bbox 1271 5315 1300 5356; x_wconf 88' lang='lat' dir='ltr'><strong>s</strong></span> <span class='ocrx_word' id='word_1_730' title='bbox 1347 5306 1430 5371; x_wconf 85' lang='lat' dir='ltr'><strong>nt,</strong></span> <span class='ocrx_word' id='word_1_731' title='bbox 1479 5315 1610 5373; x_wconf 76' lang='lat' dir='ltr'><strong>quae</strong></span> <span class='ocrx_word' id='word_1_732' title='bbox 1655 5302 1808 5358; x_wconf 88' lang='lat' dir='ltr'><strong>intra</strong></span> <span class='ocrx_word' id='word_1_733' title='bbox 1839 5287 2033 5373; x_wconf 61' lang='grc' dir='ltr'><strong>ὅθι-οἴη</strong></span> 
     </span>
    </p>
   </div>
   <div class='ocr_carea' id='block_1_105' title="bbox 358 5367 2034 5446">
    <p class='ocr_par' dir='ltr' id='par_1_105' title="bbox 358 5367 2034 5446">
     <span class='ocr_line' id='line_1_105' title="bbox 358 5367 2034 5446; baseline -0.001 -14"><span class='ocrx_word' id='word_1_734' title='bbox 358 5367 548 5444; x_wconf 63' lang='grc' dir='ltr'><strong>-δμηι,</strong></span> <span class='ocrx_word' id='word_1_735' title='bbox 580 5367 735 5446; x_wconf 60' lang='lat' dir='ltr'><strong>Picta</strong></span> <span class='ocrx_word' id='word_1_736' title='bbox 767 5371 1086 5446; x_wconf 87' lang='lat' dir='ltr'><strong>a_fu_nibus,</strong></span> <span class='ocrx_word' id='word_1_737' title='bbox 1121 5387 1268 5446; x_wconf 89' lang='lat' dir='ltr'><strong>quos</strong></span> <span class='ocrx_word' id='word_1_738' title='bbox 1298 5367 1434 5431; x_wconf 82' lang='lat' dir='ltr'><strong>aute</strong></span> <span class='ocrx_word' id='word_1_739' title='bbox 1467 5367 1634 5432; x_wconf 67' lang='lat' dir='ltr'><strong>u&#39;suin</strong></span> <span class='ocrx_word' id='word_1_740' title='bbox 1671 5372 2034 5446; x_wconf 86' lang='lat' dir='ltr'><strong>papyricera</strong></span> 
     </span>
    </p>
   </div>
   <div class='ocr_carea' id='block_1_106' title="bbox 389 5434 2038 5516">
    <p class='ocr_par' dir='ltr' id='par_1_106' title="bbox 389 5434 2038 5516">
     <span class='ocr_line' id='line_1_106' title="bbox 389 5434 2038 5516; baseline 0.006 -24"><span class='ocrx_word' id='word_1_741' title='bbox 389 5434 786 5516; x_wconf 73' lang='lat' dir='ltr'><strong>circumdatos</strong></span> <span class='ocrx_word' id='word_1_742' title='bbox 803 5439 1058 5500; x_wconf 69' lang='lat' dir='ltr'><strong>habuere</strong></span> <span class='ocrx_word' id='word_1_743' title='bbox 1073 5434 1323 5516; x_wconf 77' lang='lat' dir='ltr'><strong>majores</strong></span> <span class='ocrx_word' id='word_1_744' title='bbox 1341 5464 1356 5515; x_wconf 90' lang='lat'><strong>;</strong></span> <span class='ocrx_word' id='word_1_745' title='bbox 1375 5455 1523 5504; x_wconf 84' lang='lat' dir='ltr'><strong>unde</strong></span> <span class='ocrx_word' id='word_1_746' title='bbox 1540 5452 1602 5504; x_wconf 88' lang='lat' dir='ltr'><strong>et</strong></span> <span class='ocrx_word' id='word_1_747' title='bbox 1621 5434 1821 5504; x_wconf 61' lang='lat' dir='ltr'><strong>I‘u&#39;ne&#39;r&#39;a</strong></span> <span class='ocrx_word' id='word_1_748' title='bbox 1837 5445 2038 5516; x_wconf 85' lang='lat' dir='ltr'><strong>dicun-</strong></span> 
     </span>
    </p>
   </div>
   <div class='ocr_carea' id='block_1_107' title="bbox 395 5504 2035 5592">
    <p class='ocr_par' dir='ltr' id='par_1_107' title="bbox 395 5504 2035 5592">
     <span class='ocr_line' id='line_1_107' title="bbox 395 5504 2035 5592; baseline 0.006 -26"><span class='ocrx_word' id='word_1_749' title='bbox 395 5511 514 5582; x_wconf 80' lang='lat' dir='ltr'><strong>tur.</strong></span> <span class='ocrx_word' id='word_1_750' title='bbox 538 5504 774 5566; x_wconf 75' lang='lat' dir='ltr'><strong>Funalia</strong></span> <span class='ocrx_word' id='word_1_751' title='bbox 795 5517 990 5574; x_wconf 74' lang='lat' dir='ltr'><strong>autem</strong></span> <span class='ocrx_word' id='word_1_752' title='bbox 1011 5504 1197 5574; x_wconf 72' lang='lat' dir='ltr'><strong>Grmci</strong></span> <span class='ocrx_word' id='word_1_753' title='bbox 1214 5504 1716 5590; x_wconf 62' lang='lat' dir='ltr'><strong>scelhcudicull,</strong></span> <span class='ocrx_word' id='word_1_754' title='bbox 1733 5514 2035 5592; x_wconf 74' lang='lat' dir='ltr'><strong>quod‘sint</strong></span> 
     </span>
    </p>
   </div>
   <div class='ocr_carea' id='block_1_108' title="bbox 2141 4522 3803 4598">
    <p class='ocr_par' dir='ltr' id='par_1_108' title="bbox 2141 4522 3803 4598">
     <span class='ocr_line' id='line_1_108' title="bbox 2141 4522 3803 4598; baseline -0.001 -16"><span class='ocrx_word' id='word_1_755' title='bbox 2141 4525 2420 4598; x_wconf 86' lang='lat' dir='ltr'><strong>Cbosroe,</strong></span> <span class='ocrx_word' id='word_1_756' title='bbox 2455 4541 2625 4598; x_wconf 90' lang='lat' dir='ltr'><strong>quem</strong></span> <span class='ocrx_word' id='word_1_757' title='bbox 2660 4525 2714 4582; x_wconf 90' lang='lat' dir='ltr'><strong>in</strong></span> <span class='ocrx_word' id='word_1_758' title='bbox 2738 4530 2905 4582; x_wconf 91' lang='lat' dir='ltr'><strong>turre</strong></span> <span class='ocrx_word' id='word_1_759' title='bbox 2941 4523 3058 4596; x_wconf 86' lang='lat' dir='ltr'><strong>jam</strong></span> <span class='ocrx_word' id='word_1_760' title='bbox 3100 4523 3254 4582; x_wconf 79' lang='lat' dir='ltr'><strong>dicta</strong></span> <span class='ocrx_word' id='word_1_761' title='bbox 3297 4523 3602 4580; x_wconf 89' lang='lat' dir='ltr'><strong>sedentem</strong></span> <span class='ocrx_word' id='word_1_762' title='bbox 3639 4522 3803 4580; x_wconf 88' lang='lat' dir='ltr'><strong>inve-</strong></span> 
     </span>
    </p>
   </div>
   <div class='ocr_carea' id='block_1_109' title="bbox 2141 4609 3804 4687">
    <p class='ocr_par' dir='ltr' id='par_1_109' title="bbox 2141 4609 3804 4687">
     <span class='ocr_line' id='line_1_109' title="bbox 2141 4609 3804 4687; baseline -0.001 -17"><span class='ocrx_word' id='word_1_763' title='bbox 2141 4614 2246 4686; x_wconf 91' lang='lat' dir='ltr'><strong>nit,</strong></span> <span class='ocrx_word' id='word_1_764' title='bbox 2271 4617 2481 4672; x_wconf 88' lang='lat' dir='ltr'><strong>Persas</strong></span> <span class='ocrx_word' id='word_1_765' title='bbox 2503 4616 2559 4672; x_wconf 92' lang='lat' dir='ltr'><strong>in</strong></span> <span class='ocrx_word' id='word_1_766' title='bbox 2583 4614 2936 4672; x_wconf 87' lang='lat' dir='ltr'><strong>deditionem</strong></span> <span class='ocrx_word' id='word_1_767' title='bbox 2959 4613 3554 4687; x_wconf 83' lang='lat' dir='ltr'><strong>recepit,lignumque</strong></span> <span class='ocrx_word' id='word_1_768' title='bbox 3578 4609 3804 4683; x_wconf 86' lang='lat' dir='ltr'><strong>glorio-</strong></span> 
     </span>
    </p>
   </div>
   <div class='ocr_carea' id='block_1_110' title="bbox 2139 4735 3576 4810">
    <p class='ocr_par' dir='ltr' id='par_1_110' title="bbox 2139 4735 3576 4810">
     <span class='ocr_line' id='line_1_110' title="bbox 2139 4735 3576 4810; baseline -0.003 -14"><span class='ocrx_word' id='word_1_769' title='bbox 2139 4738 2222 4796; x_wconf 88' lang='lat' dir='ltr'><strong>sis</strong></span> <span class='ocrx_word' id='word_1_770' title='bbox 2241 4737 2512 4804; x_wconf 72' lang='lat' dir='ltr'><strong>scoliciaa,</strong></span> <span class='ocrx_word' id='word_1_771' title='bbox 2538 4738 2646 4796; x_wconf 92' lang='lat' dir='ltr'><strong>hoc</strong></span> <span class='ocrx_word' id='word_1_772' title='bbox 2665 4741 2754 4796; x_wconf 89' lang='lat' dir='ltr'><strong>est</strong></span> <span class='ocrx_word' id='word_1_773' title='bbox 2779 4737 3004 4796; x_wconf 91' lang='lat' dir='ltr'><strong>mortis.</strong></span> <span class='ocrx_word' id='word_1_774' title='bbox 3030 4758 3058 4791; x_wconf 74' lang='lat' dir='ltr'><strong>n</strong></span> <span class='ocrx_word' id='word_1_775' title='bbox 3081 4737 3250 4810; x_wconf 88' lang='lat' dir='ltr'><strong>Lege,</strong></span> <span class='ocrx_word' id='word_1_776' title='bbox 3277 4735 3431 4809; x_wconf 89' lang='lat' dir='ltr'><strong>quod</strong></span> <span class='ocrx_word' id='word_1_777' title='bbox 3455 4735 3576 4796; x_wconf 92' lang='lat' dir='ltr'><strong>sint</strong></span> 
     </span>
    </p>
   </div>
   <div class='ocr_carea' id='block_1_111' title="bbox 2141 4809 3801 4875">
    <p class='ocr_par' dir='ltr' id='par_1_111' title="bbox 2141 4809 3801 4875">
     <span class='ocr_line' id='line_1_111' title="bbox 2141 4809 3801 4875; baseline 0.002 -9"><span class='ocrx_word' id='word_1_778' title='bbox 2141 4809 2251 4868; x_wconf 89' lang='lat' dir='ltr'><strong>hoc</strong></span> <span class='ocrx_word' id='word_1_779' title='bbox 2282 4819 2369 4866; x_wconf 87' lang='lat' dir='ltr'><strong>est</strong></span> <span class='ocrx_word' id='word_1_780' title='bbox 2400 4809 2632 4867; x_wconf 64' lang='lat' dir='ltr'><strong>intorti.</strong></span> <span class='ocrx_word' id='word_1_781' title='bbox 2667 4812 2748 4867; x_wconf 75' lang='lat' dir='ltr'><strong>Ad</strong></span> <span class='ocrx_word' id='word_1_782' title='bbox 2779 4825 2905 4868; x_wconf 91' lang='lat' dir='ltr'><strong>eam</strong></span> <span class='ocrx_word' id='word_1_783' title='bbox 2951 4809 3258 4868; x_wconf 81' lang='lat' dir='ltr'><strong>lectionem</strong></span> <span class='ocrx_word' id='word_1_784' title='bbox 3310 4811 3462 4868; x_wconf 89' lang='lat' dir='ltr'><strong>viam</strong></span> <span class='ocrx_word' id='word_1_785' title='bbox 3517 4815 3801 4875; x_wconf 81' lang='lat' dir='ltr'><strong>aperiunt</strong></span> 
     </span>
    </p>
   </div>
   <div class='ocr_carea' id='block_1_112' title="bbox 2143 4880 3804 4963">
    <p class='ocr_par' dir='ltr' id='par_1_112' title="bbox 2143 4880 3804 4963">
     <span class='ocr_line' id='line_1_112' title="bbox 2143 4880 3804 4963; baseline 0.005 -27"><span class='ocrx_word' id='word_1_786' title='bbox 2143 4881 2359 4938; x_wconf 68' lang='lat'><strong>6108833</strong></span> <span class='ocrx_word' id='word_1_787' title='bbox 2391 4881 2446 4936; x_wconf 89' lang='lat' dir='ltr'><strong>ls</strong></span> <span class='ocrx_word' id='word_1_788' title='bbox 2470 4880 2596 4963; x_wconf 81' lang='lat' dir='ltr'><strong>dori</strong></span> <span class='ocrx_word' id='word_1_789' title='bbox 2630 4900 2658 4963; x_wconf 80' lang='lat'><strong>:_</strong></span> <span class='ocrx_word' id='word_1_790' title='bbox 2680 4881 3038 4963; x_wconf 23' lang='grc' dir='ltr'><strong>«Διιςνοοζςισρελεῖζ</strong></span> <span class='ocrx_word' id='word_1_791' title='bbox 3061 4882 3215 4952; x_wconf 92' lang='lat' dir='ltr'><strong>quod</strong></span> <span class='ocrx_word' id='word_1_792' title='bbox 3237 4897 3347 4963; x_wconf 83' lang='lat' dir='ltr'><strong>nos</strong></span> <span class='ocrx_word' id='word_1_793' title='bbox 3355 4880 3626 4963; x_wconf 57' lang='lat' dir='ltr'><strong>funalia</strong></span> <span class='ocrx_word' id='word_1_794' title='bbox 3657 4888 3804 4963; x_wconf 67' lang='lat' dir='ltr'><strong>dici-</strong></span> 
     </span>
    </p>
   </div>
   <div class='ocr_carea' id='block_1_113' title="bbox 2142 4952 3804 5031">
    <p class='ocr_par' dir='ltr' id='par_1_113' title="bbox 2142 4952 3804 5031">
     <span class='ocr_line' id='line_1_113' title="bbox 2142 4952 3804 5031; baseline 0.005 -23"><span class='ocrx_word' id='word_1_795' title='bbox 2142 4965 2294 5031; x_wconf 61' lang='lat' dir='ltr'><strong>mus,</strong></span> <span class='ocrx_word' id='word_1_796' title='bbox 2316 4965 2396 5031; x_wconf 51' lang='lat' dir='ltr'><strong>eo</strong></span> <span class='ocrx_word' id='word_1_797' title='bbox 2429 4955 2590 5031; x_wconf 74' lang='lat' dir='ltr'><strong>quod</strong></span> <span class='ocrx_word' id='word_1_798' title='bbox 2613 4952 3000 5031; x_wconf 51' lang='lat' dir='ltr'><strong>sintscollige,</strong></span> <span class='ocrx_word' id='word_1_799' title='bbox 3027 4954 3134 5031; x_wconf 82' lang='lat' dir='ltr'><strong>hoc</strong></span> <span class='ocrx_word' id='word_1_800' title='bbox 3151 4952 3516 5031; x_wconf 76' lang='lat' dir='ltr'><strong>_est_intorti_.</strong></span> <span class='ocrx_word' id='word_1_801' title='bbox 3558 4976 3568 5000; x_wconf 73' lang='grc' dir='ltr'><em>ι</em></span> <span class='ocrx_word' id='word_1_802' title='bbox 3601 4972 3669 5031; x_wconf 85' lang='lat' dir='ltr'><strong>os</strong></span> <span class='ocrx_word' id='word_1_803' title='bbox 3694 4959 3804 5016; x_wconf 80' lang='lat' dir='ltr'><strong>Ro-</strong></span> 
     </span>
    </p>
   </div>
   <div class='ocr_carea' id='block_1_114' title="bbox 2143 5023 3803 5102">
    <p class='ocr_par' dir='ltr' id='par_1_114' title="bbox 2143 5023 3803 5102">
     <span class='ocr_line' id='line_1_114' title="bbox 2143 5023 3803 5102; baseline 0.007 -25"><span class='ocrx_word' id='word_1_804' title='bbox 2143 5023 2297 5102; x_wconf 66' lang='lat' dir='ltr'><strong>mani</strong></span> <span class='ocrx_word' id='word_1_805' title='bbox 2312 5023 2548 5102; x_wconf 82' lang='lat' dir='ltr'><strong>funeset</strong></span> <span class='ocrx_word' id='word_1_806' title='bbox 2567 5024 3022 5102; x_wconf 36' lang='lat' dir='ltr'><strong>funalia‘nomina</strong></span> <span class='ocrx_word' id='word_1_807' title='bbox 3034 5026 3189 5082; x_wconf 91' lang='lat' dir='ltr'><strong>bant.</strong></span> <span class='ocrx_word' id='word_1_808' title='bbox 3209 5044 3238 5077; x_wconf 68' lang='grc' dir='ltr'><strong><em>υ</em></strong></span> <span class='ocrx_word' id='word_1_809' title='bbox 3256 5027 3803 5102; x_wconf 74' lang='lat' dir='ltr'><strong>PetrusDamianus</strong></span> 
     </span>
    </p>
   </div>
   <div class='ocr_carea' id='block_1_115' title="bbox 2143 5091 3798 5174">
    <p class='ocr_par' dir='ltr' id='par_1_115' title="bbox 2143 5091 3798 5174">
     <span class='ocr_line' id='line_1_115' title="bbox 2143 5091 3798 5174; baseline 0.005 -26"><span class='ocrx_word' id='word_1_810' title='bbox 2143 5091 2243 5174; x_wconf 66' lang='lat' dir='ltr'><strong>lib.</strong></span> <span class='ocrx_word' id='word_1_811' title='bbox 2280 5107 2354 5163; x_wconf 75' lang='lat' dir='ltr'><strong>vr,</strong></span> <span class='ocrx_word' id='word_1_812' title='bbox 2378 5094 2524 5174; x_wconf 79' lang='lat' dir='ltr'><strong>epis.</strong></span> <span class='ocrx_word' id='word_1_813' title='bbox 2561 5099 2626 5151; x_wconf 81' lang='lat'><strong>17</strong></span> <span class='ocrx_word' id='word_1_814' title='bbox 2663 5113 2676 5150; x_wconf 90' lang='lat'><strong>:</strong></span> <span class='ocrx_word' id='word_1_815' title='bbox 2710 5115 2738 5148; x_wconf 80' lang='grc' dir='ltr'>ιι</span> <span class='ocrx_word' id='word_1_816' title='bbox 2768 5095 2854 5164; x_wconf 85' lang='grc' dir='ltr'><strong>Ωιι</strong></span> <span class='ocrx_word' id='word_1_817' title='bbox 2881 5109 2909 5152; x_wconf 92' lang='lat' dir='ltr'><strong>s</strong></span> <span class='ocrx_word' id='word_1_818' title='bbox 2931 5095 3082 5174; x_wconf 83' lang='lat' dir='ltr'><strong>enim</strong></span> <span class='ocrx_word' id='word_1_819' title='bbox 3109 5096 3380 5174; x_wconf 82' lang='lat' dir='ltr'><strong>accendit</strong></span> <span class='ocrx_word' id='word_1_820' title='bbox 3401 5096 3704 5174; x_wconf 81' lang='lat' dir='ltr'><strong>lucernam</strong></span> <span class='ocrx_word' id='word_1_821' title='bbox 3736 5107 3798 5159; x_wconf 86' lang='lat' dir='ltr'><strong>ut</strong></span> 
     </span>
    </p>
   </div>
   <div class='ocr_carea' id='block_1_116' title="bbox 2142 5164 3802 5244">
    <p class='ocr_par' dir='ltr' id='par_1_116' title="bbox 2142 5164 3802 5244">
     <span class='ocr_line' id='line_1_116' title="bbox 2142 5164 3802 5244; baseline 0.004 -23"><span class='ocrx_word' id='word_1_822' title='bbox 2142 5164 2352 5244; x_wconf 77' lang='lat' dir='ltr'><strong>videat</strong></span> <span class='ocrx_word' id='word_1_823' title='bbox 2370 5164 2558 5244; x_wconf 79' lang='lat' dir='ltr'><strong>solem</strong></span> <span class='ocrx_word' id='word_1_824' title='bbox 2585 5182 2600 5233; x_wconf 89' lang='lat'><strong>;</strong></span> <span class='ocrx_word' id='word_1_825' title='bbox 2633 5179 2772 5244; x_wconf 49' lang='lat' dir='ltr'><strong>quis</strong></span> <span class='ocrx_word' id='word_1_826' title='bbox 2796 5169 3124 5244; x_wconf 70' lang='lat' dir='ltr'><strong>scoiacibus</strong></span> <span class='ocrx_word' id='word_1_827' title='bbox 3147 5167 3342 5244; x_wconf 66' lang='lat' dir='ltr'><strong>utitur</strong></span> <span class='ocrx_word' id='word_1_828' title='bbox 3373 5173 3437 5244; x_wconf 80' lang='lat' dir='ltr'><strong>ut</strong></span> <span class='ocrx_word' id='word_1_829' title='bbox 3485 5169 3802 5244; x_wconf 79' lang='lat' dir='ltr'><strong>stellarum</strong></span> 
     </span>
    </p>
   </div>
   <div class='ocr_carea' id='block_1_117' title="bbox 2144 5237 3806 5312">
    <p class='ocr_par' dir='ltr' id='par_1_117' title="bbox 2144 5237 3806 5312">
     <span class='ocr_line' id='line_1_117' title="bbox 2144 5237 3806 5312; baseline 0.005 -21"><span class='ocrx_word' id='word_1_830' title='bbox 2144 5237 2480 5312; x_wconf 80' lang='lat' dir='ltr'><strong>micantium</strong></span> <span class='ocrx_word' id='word_1_831' title='bbox 2507 5237 2703 5312; x_wconf 76' lang='lat' dir='ltr'><strong>videat</strong></span> <span class='ocrx_word' id='word_1_832' title='bbox 2724 5237 3119 5312; x_wconf 72' lang='lat' dir='ltr'><strong>claritatem.»</strong></span> <span class='ocrx_word' id='word_1_833' title='bbox 3136 5240 3407 5312; x_wconf 85' lang='lat' dir='ltr'><strong>Cypriani</strong></span> <span class='ocrx_word' id='word_1_834' title='bbox 3426 5239 3604 5310; x_wconf 86' lang='lat' dir='ltr'><strong>igitur</strong></span> <span class='ocrx_word' id='word_1_835' title='bbox 3621 5246 3806 5300; x_wconf 80' lang='lat' dir='ltr'><strong>funus</strong></span> 
     </span>
    </p>
   </div>
   <div class='ocr_carea' id='block_1_118' title="bbox 2109 5307 3806 5371">
    <p class='ocr_par' dir='ltr' id='par_1_118' title="bbox 2109 5307 3806 5371">
     <span class='ocr_line' id='line_1_118' title="bbox 2109 5307 3806 5371; baseline 0.004 -7"><span class='ocrx_word' id='word_1_836' title='bbox 2109 5321 2112 5324; x_wconf 73' lang='grc'><strong>’</strong></span> <span class='ocrx_word' id='word_1_837' title='bbox 2143 5311 2202 5364; x_wconf 87' lang='lat' dir='ltr'><strong>et</strong></span> <span class='ocrx_word' id='word_1_838' title='bbox 2235 5309 2426 5365; x_wconf 86' lang='lat' dir='ltr'><strong>cereis</strong></span> <span class='ocrx_word' id='word_1_839' title='bbox 2455 5314 2514 5366; x_wconf 88' lang='lat' dir='ltr'><strong>et</strong></span> <span class='ocrx_word' id='word_1_840' title='bbox 2548 5324 2589 5366; x_wconf 75' lang='grc' dir='ltr'><strong>ε.</strong></span> <span class='ocrx_word' id='word_1_841' title='bbox 2613 5307 2881 5368; x_wconf 90' lang='lat' dir='ltr'><strong>olacibus</strong></span> <span class='ocrx_word' id='word_1_842' title='bbox 2908 5307 3350 5368; x_wconf 48' lang='lat' dir='ltr'><strong>cohonest’a’tum</strong></span> <span class='ocrx_word' id='word_1_843' title='bbox 3369 5307 3482 5370; x_wconf 75' lang='lat' dir='ltr'><strong>est.</strong></span> <span class='ocrx_word' id='word_1_844' title='bbox 3509 5313 3603 5370; x_wconf 87' lang='lat' dir='ltr'><strong>Sic</strong></span> <span class='ocrx_word' id='word_1_845' title='bbox 3626 5313 3683 5369; x_wconf 91' lang='lat' dir='ltr'><strong>in</strong></span> <span class='ocrx_word' id='word_1_846' title='bbox 3711 5314 3806 5371; x_wconf 88' lang='lat' dir='ltr'><strong>fu-</strong></span> 
     </span>
    </p>
   </div>
   <div class='ocr_carea' id='block_1_119' title="bbox 2147 5380 3800 5456">
    <p class='ocr_par' dir='ltr' id='par_1_119' title="bbox 2147 5380 3800 5456">
     <span class='ocr_line' id='line_1_119' title="bbox 2147 5380 3800 5456; baseline 0.005 -20"><span class='ocrx_word' id='word_1_847' title='bbox 2147 5380 2388 5456; x_wconf 78' lang='lat' dir='ltr'><strong>neribus</strong></span> <span class='ocrx_word' id='word_1_848' title='bbox 2409 5383 2796 5456; x_wconf 73' lang='lat' dir='ltr'><strong>antiquorum</strong></span> <span class='ocrx_word' id='word_1_849' title='bbox 2843 5381 3170 5456; x_wconf 54' lang='lat' dir='ltr'><strong>sepissime</strong></span> <span class='ocrx_word' id='word_1_850' title='bbox 3217 5382 3480 5451; x_wconf 80' lang='lat' dir='ltr'><strong>iunctum</strong></span> <span class='ocrx_word' id='word_1_851' title='bbox 3521 5384 3685 5445; x_wconf 82' lang='lat' dir='ltr'><strong>cerei</strong></span> <span class='ocrx_word' id='word_1_852' title='bbox 3733 5389 3800 5444; x_wconf 86' lang='lat' dir='ltr'><strong>et</strong></span> 
     </span>
    </p>
   </div>
   <div class='ocr_carea' id='block_1_120' title="bbox 2149 5450 3132 5516">
    <p class='ocr_par' dir='ltr' id='par_1_120' title="bbox 2149 5450 3132 5516">
     <span class='ocr_line' id='line_1_120' title="bbox 2149 5450 3132 5516; baseline 0.006 -8"><span class='ocrx_word' id='word_1_853' title='bbox 2149 5450 2306 5512; x_wconf 78' lang='lat' dir='ltr'><strong>taces</strong></span> <span class='ocrx_word' id='word_1_854' title='bbox 2335 5451 2422 5510; x_wconf 90' lang='lat' dir='ltr'><strong>uti</strong></span> <span class='ocrx_word' id='word_1_855' title='bbox 2451 5452 2546 5514; x_wconf 87' lang='lat' dir='ltr'><strong>hic</strong></span> <span class='ocrx_word' id='word_1_856' title='bbox 2567 5450 2736 5515; x_wconf 76' lang='lat' dir='ltr'><strong>cerei</strong></span> <span class='ocrx_word' id='word_1_857' title='bbox 2763 5459 2826 5514; x_wconf 93' lang='lat' dir='ltr'><strong>et</strong></span> <span class='ocrx_word' id='word_1_858' title='bbox 2855 5450 3132 5516; x_wconf 74' lang='lat' dir='ltr'><strong>scolaces.</strong></span> 
     </span>
    </p>
   </div>
  </div>
