4004 6168
240 267 342 320 357

978 254 1597 321 MARTYROLOG'UM'
1624 261 1765 320 CUM
1814 254 2338 322 ADDITAMENTIS.
2372 297 2442 308 —
2470 266 2671 324 MENS.
2723 268 2912 326 SEPT.

3539 277 3642 333 358

237 388 398 446 simne
426 386 626 445 crucis
655 378 866 444 exinde
895 388 1181 461 repedans
1208 405 1402 446 secum
1426 389 1584 460 tulit,
1609 394 1665 445 et
1692 390 1886 446 [liero-
1914 389 1971 450 A
2001 389 2121 447 sius
2158 405 2373 463 corpus
2418 391 2615 449 debita
2664 391 3039 450 veneratione
3086 396 3397 468 excolitur,
3445 398 3641 469 gladio

237 477 546 550 solymam,
564 476 718 535 unde
740 479 1034 535 sublatum
1052 479 1262 547 fuerat,
1281 495 1410 535 cum
1431 494 1628 548 magna
1652 494 1891 535 venera-

240 567 398 623 tione
429 565 717 623 restituit.
749 568 817 622 Et
842 571 1160 624 renovante
1185 569 1301 625 Deo
1325 568 1563 639 antiqua
1589 567 1887 639 miracula,

239 656 396 712 inter
424 655 540 710 alia
577 655 716 711 mira
749 670 877 726 quae
907 661 1048 713 tunc
1084 656 1317 714 caelitus
1356 661 1588 714 ostensa
1631 657 1886 725 fuerunt,

240 745 332 801 die
362 744 578 801 eodem
604 749 869 801 mortuus
902 760 1051 803 unus
1091 746 1313 818 recepit
1346 746 1546 816 vitam,
1582 744 1888 819 paralytici

239 837 500 906 quatuor
535 835 723 891 sanati
754 839 908 905 sunt,
942 834 1157 907 leprosi
1191 836 1390 892 decem
1430 834 1713 905 mundati,
1745 834 1888 892 caeci

240 923 577 996 quindecim
611 923 943 994 illuminati,
984 923 1217 995 plurimi
1265 939 1497 996 quoque
1536 940 1565 981 a
1608 924 1891 980 daemonio

226 1013 457 1093 erepti,
487 1013 1893 1084 mu'tiqucavariisinfirmitatibusliberati.Offe-

242 1102 1194 1174 rensigiturimperatorecclesiis
1218 1102 1311 1161 Dei
1339 1102 1517 1160 multa
1542 1104 1893 1174 donaria,ex

242 1192 423 1262 regiis
436 1191 884 1262 sumptibuseas
906 1192 1164 1262 reparari
1189 1192 1344 1249 fecit.
1369 1191 1547 1249 Simul
1570 1197 1627 1249 et
1652 1193 1892 1250 decreto

244 1282 455 1338 statuit
489 1282 761 1339 omnibus
782 1282 1071 1354 episcop’s
1094 1281 1148 1338 id
1174 1282 1649 1352 assentientibus,
1678 1288 1735 1338 ut
1771 1281 1895 1338 dies

243 1370 554 1428 relationis
566 1375 623 1427 et
639 1370 1015 1429 exaTtatienis
1026 1375 1241 1428 sanctae
1257 1385 1321 1428 ac
1336 1370 1690 1427 venerabilis
1709 1370 1895 1428 Domi-

243 1464 390 1519 nicae
417 1461 637 1533 crucis,
674 1462 726 1519 in
757 1462 909 1519 omni
938 1462 1182 1533 imperio
1205 1477 1307 1519 suo
1329 1462 1401 1518 ab
1423 1461 1690 1518 omnibus
1714 1449 1894 1517 fideli-

246 1554 354 1610 bus
379 1551 617 1626 populis
642 1568 746 1624 per
766 1550 1027 1623 singulos
1048 1566 1229 1608 annos
1250 1550 1590 1608 solemniter
1617 1556 1895 1623 ageretur

244 1640 354 1697 Sed
380 1645 441 1697 et
480 1640 962 1713 procurrentibus
992 1639 1175 1710 annis,
1212 1640 1398 1695 Leone
1434 1638 1896 1709 Romanisimpe-

2000 479 2381 537 animadverti
2418 480 2572 538 fecit.

2069 569 2280 626 Eodem
2319 569 2433 640 die,
2476 570 2764 643 depositio
2803 571 3121 629 beatissimi
3164 573 3303 646 Apri
3353 573 3642 634 Tullensis

1998 657 2255 731 episcopi
2286 662 2344 716 et
2377 660 2745 717 confessoris.

2375 765 2437 820 c.
2500 766 2619 822 xvr
2678 767 2834 837 KAL,
2897 766 3258 825 ocroems.

2661 857 2715 926 Η
2726 862 2757 910 6
2783 855 2979 927 Sept.)

2070 939 2273 998 Natale
2304 945 2521 999 sanctm
2552 943 2883 1014 Euphemia:
2916 944 3193 1014 virginis:
3222 960 3350 1017 quae
3381 947 3645 1020 martyri-

2001 1033 2130 1085 zata
2153 1035 2241 1086 est
2264 1031 2373 1087 sub
2397 1031 2752 1088 Diocletiano
2776 1032 3149 1105 imperatore,
3180 1034 3525 1105 proconsule
3548 1051 3645 1092 au-

2002 1122 2118 1174 tem
2152 1120 2349 1177 Prisco
2372 1119 2425 1175 in
2456 1121 2695 1177 civitate
2731 1120 3111 1179 Chalcedona.
3150 1122 3309 1193 Quae,
3342 1124 3644 1180 deferente

2003 1207 2362 1280 iniquissimo
2386 1208 2849 1281 Apel.imo,eum
2867 1210 3391 1282 aliisquadraginta
3416 1227 3642 1284 novem,

2002 1298 2216 1353 tradta
2240 1303 2329 1355 est
2357 1299 2684 1370 proconsuli
2712 1300 2926 1357 Prisco.
2955 1301 3054 1357 Cui
3080 1300 3313 1357 Priscus
3333 1300 3510 1356 dixit:
3542 1304 3648 1358 llo-

2002 1400 2142 1442 nora
2168 1386 2409 1458 teipsam
2436 1393 2493 1443 et
2516 1392 2750 1458 generis
2773 1388 2856 1443 tui
2873 1389 3213 1459 dignitatem
3230 1389 3569 1459 neamittas,
3586 1392 3645 1445 et

2003 1475 2233 1534 immola
2250 1480 2357 1536 deo
2373 1480 2556 1535 Marti.
2579 1480 2749 1536 Beata
2765 1479 3077 1551 Euphemia
3100 1479 3228 1549 ejus
3242 1479 3495 1551 iniquam
3515 1495 3645 1537 sua-

2003 1566 2223 1622 sionem
2251 1572 2649 1642 contemnens,
2682 1572 2889 1640 pectus
2919 1584 3084 1625 suum
3116 1568 3413 1639 signaculo
3453 1568 3648 1627 erucis

2006 1656 2288 1726 muniens,
2315 1656 2709 1727 imperterrita
2733 1658 2919 1714 stetit.
2948 1657 3181 1715 Priscus
3202 1658 3407 1729 iratus,
3435 1663 3495 1715 ut
3519 1673 3646 1717 eam

245 1732 438 1800 rante,
474 1729 631 1802 apud
674 1731 873 1786 urbem
913 1729 1147 1785 Romam
1190 1726 1425 1797 Sergius
1456 1727 1511 1782 in
1545 1726 1800 1784 sacrario
1832 1727 1888 1782 Β.

2011 1758 2283 1814 superare
2313 1726 2528 1815 posset,
2564 1752 2695 1818 post
2727 1750 3013 1803 tormenta
3046 1752 3103 1802 et
3147 1726 3435 1816 carceres,
3470 1748 3644 1804 etiam

245 1819 405 1877 Petri
440 1816 707 1890 Apostoli
738 1832 968 1889 capsam
1002 1821 1335 1886 argenteam
1366 1816 1420 1870 in
1450 1814 1661 1886 angulo
1692 1816 1895 1871 obscu-

247 1908 481 1966 rissime
514 1906 840 1964 diutissime
866 1905 1153 1976 jacucrat,
1177 1908 1234 1960 et
1268 1903 1323 1959 in
1355 1918 1418 1960 ea
1451 1919 1683 1961 crucem
1717 1904 1901 1960 diver-

245 1998 328 2055 sis
347 2013 415 2054 ac
451 1995 729 2068 pretiosis
760 1993 1049 2065 lapidibus
1082 1994 1443 2061 adornatam,
1469 1995 1706 2050 Domino
1739 2008 1897 2050 reve-

248 2085 431 2154 lante,
450 2083 695 2157 reperit.
715 2082 793 2137 De
818 2094 926 2152 qua
953 2081 1161 2138 tractis
1184 2085 1434 2153 quatuor
1460 2080 1669 2153 petalis
1687 2081 1897 2152 quibus

245 2189 496 2246 gemmae
535 2172 773 2231 inclus:e
812 2177 999 2242 erant,
1045 2171 1203 2228 mirae
1236 2171 1653 2241 magnitudinis
1683 2172 1898 2242 portio-

248 2278 380 2320 nem
414 2261 555 2333 ligni
590 2261 875 2319 salutiferi
909 2260 1217 2318 Dominicze
1244 2260 1435 2318 crucis
1464 2261 1711 2318 interius
1732 2275 1898 2332 repo-

248 2353 420 2411 sitam
454 2351 729 2425 inspexit.
766 2365 892 2422 quae
924 2365 997 2406 ex
1028 2355 1289 2422 tempore
1324 2349 1423 2407 illo
1447 2350 1713 2407 erunibus
1734 2349 1898 2405 annis

250 2443 303 2499 in
330 2441 573 2499 basilica
607 2440 945 2511 Salvatoris,
971 2440 1109 2507 Quae
1132 2439 1464 2512 appellatur
1483 2438 1901 2496 Constantinia-

250 2546 343 2602 na,
390 2530 485 2587 die
526 2529 902 2587 exaltationis
954 2529 1100 2600 ejus,
1153 2529 1225 2585 ab
1274 2528 1426 2587 onmi
1480 2527 1779 2586 osculatur
1838 2532 1896 2583 et

250 2620 537 2678 adoretur
569 2619 804 2692 pOpulo.

630 2726 688 2782 F.
750 2726 895 2782 XVII
952 2727 1109 2782 ΚΑΒ.
1170 2724 1530 2783 OCTOBRIS.

932 2816 1219 2888 Ηόἅψω

325 2916 356 2944 ι
395 2903 595 2962 Natale
627 2903 811 2962 sancti
839 2903 1165 2961 Nicomedis
1198 2904 1486 2976 martyris.
1522 2904 1703 2971 Quem
1745 2903 1900 2959 Flac-

249 3009 357 3052 cus
383 3008 597 3063 comes,
622 3009 751 3050 cum
778 2992 848 3050 ad
877 3007 1005 3048 eum
1036 2992 1321 3064 perlatum
1349 2992 1570 3061 fuisset,
1599 2991 1749 3061 quod
1774 3007 1901 3047 cor-

2006 1834 2255 1889 vcrbcro
2275 1838 2331 1889 et
2357 1840 2698 1905 argumenta
2725 1842 3005 1901 rotarum,
3032 1835 3194 1905 ignes
3213 1841 3271 1893 et
3297 1836 3550 1908 pondera
3576 1836 3651 1893 la-

2008 1920 2203 1992 pidum
2235 1922 2618 1993 angzilarium,
2656 1924 2872 1980 bestias
2903 1928 2960 1980 et
2990 1923 3191 1996 plagas
3220 1906 3534 1995 virgarum,
3559 1938 3647 1981 se-

2006 2025 2178 2067 cures
2205 2015 2261 2066 et
2296 2012 2621 2081 sartagines
2654 2012 2856 2083 igneas
2878 2012 2930 2068 ei
2955 2012 3219 2073 adhibuit
3241 2030 3255 2077 ;
3281 2014 3351 2069 ad
3377 2012 3643 2069 ultimum

2007 2098 2060 2153 in
2092 2098 2382 2155 theatrum
2407 2100 2611 2157 duciet
2627 2101 2825 2157 leones
2847 2115 2913 2157 ac
2936 2099 3155 2158 bestias
3173 2100 3225 2155 ei
3251 2100 3430 2162 laxari
3447 2100 3641 2170 jussit.

2006 2189 2157 2246 Tunc
2188 2191 2355 2247 beata
2392 2191 2553 2262 virgo
2587 2192 2833 2249 fundens
2863 2191 3185 2247 orationem
3216 2190 3289 2247 ad
3319 2191 3643 2262 Dominum,

2009 2280 2184 2336 dixit:
2217 2283 2317 2352 Tu,
2352 2282 2610 2353 Domine,
2645 2287 2817 2340 notus
2856 2282 3125 2341 omnibus
3156 2282 3252 2353 qui
3286 2286 3344 2338 te
3377 2281 3647 2339 invocant

2010 2369 2122 2425 fide
2154 2386 2295 2442 pura
2342 2376 2400 2427 et
2442 2370 2690 2442 integra,
2726 2372 2954 2444 suscipe
2986 2372 3230 2428 animam
3261 2370 3486 2429 ancilla:
3509 2375 3644 2428 tuae.

2007 2459 2074 2514 Et
2090 2459 2241 2516 sicut
2264 2460 2570 2533 suscepisti
2594 2460 2941 2518 sacrificium
2968 2461 3152 2533 patris
3174 2462 3357 2518 nostri
3379 2460 3647 2532 Abrahae,

2009 2546 2088 2603 ita
2120 2548 2415 2621 suscipere
2438 2549 2696 2621 digneris
2727 2550 3074 2607 sacrificium
3106 2549 3455 2607 humiltatis
3484 2564 3647 2620 meae,

2010 2638 2163 2707 quod
2209 2638 2313 2693 tibi
2355 2640 2429 2695 ob
2469 2639 2892 2696 confessionem
2929 2638 3117 2696 laudis
3146 2642 3262 2695 ture
3296 2638 3645 2695 immolatur.

2007 2727 2162 2784 Tunc
2187 2742 2296 2807 uua
2333 2728 2696 2786 solummodo
2714 2730 2785 2786 de
2810 2728 3016 2786 bestiis
3037 2743 3370 2797 accurreus,
3397 2743 3648 2785 morsum

2009 2822 2210 2873 sancto
2238 2817 2470 2889 corpori
2501 2817 2627 2887 ejus
2658 2818 2866 2887 infixit,
2903 2823 2962 2873 et
3010 2816 3443 2874 immaculatum
3484 2816 3652 2888 spiri-

1994 2908 2131 2960 tum
2157 2906 2318 2976 virgo
2351 2906 2586 2963 Domino
2620 2906 2893 2963 reddidit.
2938 2906 3188 2962 Veniens
3227 2909 3420 2961 autem
3465 2895 3671 2961 mater‘

2009 2992 2136 3063 ejus
2155 2994 2471 3065 Theodore,
2496 2998 2555 3051 et
2582 2994 2995 3066 Phi1030phron
3025 3000 3190 3067 pater
3211 2993 3357 3064 ejus,
3381 2999 3648 3051 curatum

254 3099 361 3156 pas
384 3078 603 3140 Sancta:
623 3081 864 3152 virginis
886 3079 1174 3151 Feliculze,
1203 3096 1370 3151 quam
1398 3081 1518 3151 ipse
1547 3095 1648 3152 pro
1671 3079 1900 3136 Christo
1930 3097 1977 3159 ρ
2008 3096 2223 3154 corpus
2253 3083 2435 3155 ipsius
2466 3082 3023 3155 sepelierunt,quasi
3050 3081 3205 3138 mille
3231 3097 3433 3154 passus
3454 3098 3484 3139 a
3507 3081 3652 3138 civi-

252 3172 548 3247 punicrat,
573 3171 775 3244 sepeli.
792 3175 901 3239 set,
929 3170 1064 3226 fecit
1088 3169 1298 3239 teneri,
1322 3174 1379 3225 et
1405 3168 1560 3225 ducit
1588 3168 1657 3224 ad
1691 3168 1905 3226 sacriﬁ-

248 3260 522 3320 candum.
559 3259 668 3328 Qui
702 3275 833 3317 cum
874 3258 1135 3316 diceret:
1171 3260 1287 3328 Ego
1319 3272 1429 3314 non
1472 3258 1754 3327 sacrifico,
1792 3256 1897 3313 nisi

253 3351 372 3409 Deo
398 3348 810 3422 omnipotenti,
845 3347 940 3419 qui
974 3352 1177 3418 regnat
1210 3347 1263 3403 in
1287 3345 1478 3405 oculis:
1507 3362 1613 3404 non
1641 3346 1729 3403 bis
1749 3344 1901 3402 exci-

253 3443 332 3499 s's
368 3440 687 3515 lapidibus,
740 3437 836 3509 qui
878 3437 932 3493 in
975 3436 1213 3510 templis
1253 3437 1414 3507 quasi
1458 3436 1512 3491 in
1562 3434 1902 3494 carceribus

249 3530 432 3589 clausi
473 3527 912 3597 custodiuntur,
961 3526 1276 3598 plumbatis
1323 3525 1650 3582 diutissime
1690 3538 1895 3593 caesus,

253 3619 521 3691 migravit
557 3618 629 3675 ad
655 3618 970 3674 Dominum.
999 3617 1221 3688 Corpus
1245 3614 1373 3685 ejus
1402 3614 1455 3670 in
1480 3613 1729 3670 Tiberim
1757 3628 1899 3685 prae-

249 3708 559 3781 cipitatum
584 3712 694 3765 est.
722 3706 885 3773 Quod
911 3722 939 3762 a
961 3706 1176 3763 clerico
1194 3705 1376 3777 ipsius
1390 3704 1617 3761 nomine
1640 3707 1698 3759 et
1720 3717 1898 3774 opere

248 3799 416 3856 Iusto
477 3796 814 3867 eo'lectum,
876 3796 1340 3867 perductumque
1398 3794 1465 3851 ad
1528 3791 1897 3849 hortieellum

251 3903 444 3959 suum,
468 3888 765 3961 sepultum
787 3891 875 3944 est
893 3886 1059 3957 juxta
1086 3900 1281 3942 muros
1310 3884 1401 3940 via
1435 3884 1813 3940 Numentana.

316 3978 349 4016 ι’
384 3978 599 4036 Eodem
632 3977 748 4048 die,
772 3976 827 4032 in
860 3975 1160 4033 territorio
1191 3971 1677 4042 Cabilonensium,
1702 3974 1898 4028 castro

252 4067 582 4138 Treuortio,
600 4064 791 4122 natale
816 4064 999 4123 sancti
1026 4062 1312 4121 Valeriani
1329 4062 1621 4135 martyris,
1639 4057 1736 4133 qui
1755 4075 1900 4117 unus

252 4159 362 4224 fuit
385 4173 459 4215 ex
482 4170 726 4215 numero
748 4158 1078 4212 sanctorum
1104 4152 1523 4225 quinquaginta
1556 4152 1651 4223 qui
1680 4156 1899 4223 tempo-

254 4248 418 4306 ribus
442 4244 717 4305 Antonini
740 4244 872 4301 Veri
904 4242 1164 4313 Lugduni
1191 4241 1243 4297 in
1269 4256 1564 4299 carcerem
1597 4240 1745 4298 trusi
1782 4241 1898 4297 fue-

252 4342 409 4407 rant,
445 4335 663 4408 quique
691 4350 821 4392 cum
855 4334 912 4389 Β.
938 4331 1228 4403 Marcello,
1256 4331 1562 4404 patefactis
1591 4329 1894 4402 custodiae,

252 4440 364 4497 qua
397 4424 796 4494 detinebatur,
830 4422 1110 4479 divinitus
1138 4421 1433 4492 claustris,
1463 4420 1706 4491 aufugit.
1742 4420 1901 4518 Cum:
1929 4454 1980 4514 Β

250 4530 365 4587 que
393 4515 465 4572 ad
503 4514 809 4587 praefatum
848 4517 1103 4570 castrum
1149 4511 1531 4585 pervenisset,
1574 4514 1632 4565 et
1673 4507 1893 4565 Domini

249 4605 384 4662 Jesu
418 4604 552 4662 Chri
590 4604 633 4660 ti
667 4617 872 4661 nomen
907 4601 1252 4675 praedicans,
1281 4596 1901 4673 plurimosipsoinspi-
1952 4648 1953 4653 η

255 4698 444 4764 raute,
460 4695 530 4751 ad
555 4692 682 4765 ejus
705 4692 875 4749 fidem
898 4690 1306 4759 convertisset,
1323 4685 1734 4745 revertentiab
1754 4687 1899 4743 urbe

257 4783 863 4854 Cabilonensium,ubi
888 4783 1121 4840 Priscus
1147 4783 1203 4838 Β.
1230 4780 1558 4838 Marcellum
1586 4784 1898 4849 martyrem

256 4882 568 4934 necaverat
597 4892 702 4949 pro
726 4875 939 4934 Christi
971 4874 1220 4944 nomine,
1244 4872 1483 4929 Przesidi
1516 4870 1713 4927 Prisco
1746 4868 1901 4926 dela-

254 4969 357 5024 tus
377 4973 486 5025 est.
514 4966 697 5033 Quem
722 4965 819 5022 ille
843 4965 963 5023 suis
986 4963 1202 5022 faciens
1222 4960 1633 5034 conspectibus
1660 4973 1903 5032 prmsen-

255 5055 393 5127 tari,
429 5055 680 5128 primum
712 5054 883 5113 minis
910 5058 969 5111 et
1000 5052 1330 5111 terroribus
1360 5052 1626 5122 frangere
1657 5056 1904 5108 conatus

253 5150 379 5211 est;
402 5143 616 5202 deinde
640 5159 1007 5216 suspensum,
1030 5134 1087 5200 et
1110 5142 1272 5213 gravi
1305 5140 1650 5212 ungularum
1687 5139 1903 5196 lacera-

256 5233 416 5291 tione
444 5233 799 5305 cruciatum,
818 5250 948 5291 cum
974 5233 1028 5289 in
1053 5230 1264 5289 Christi
1288 5229 1651 5289 confessione
1674 5228 1900 5285 videret

256 5320 638 5394 immobilem,
674 5340 740 5380 ac
769 5322 905 5380 laeto
936 5323 1126 5379 animo
1154 5321 1209 5378 in
1231 5320 1358 5393 ejus
1380 5320 1650 5377 laudibus
1683 5332 1905 5391 perma-

258 5417 519 5487 nentem,
556 5414 828 5488 protinus
857 5412 915 5469 in
944 5427 1015 5470 eo
1043 5411 1190 5484 loco,
1227 5410 1323 5469 ubi
1364 5426 1513 5468 nunc
1553 5423 1781 5468 sacrum
1822 5405 1906 5478 ip-

256 5523 464 5653 ,ὤθει
494 5524 605 5582 hoc
636 5521 698 5580 in
728 5522 857 5582 Vita
895 5523 1239 5580 Sanctorum
1277 5518 1450 5578 Nerei
1488 5521 1547 5576 et
1586 5515 1796 5589 Achil.,
1838 5517 1909 5574 12

2010 3178 2131 3229 tate
2165 3174 2545 3231 Chalcedona.
2575 3171 2939 3244 Completum
2968 3178 3055 3229 est
3091 3176 3284 3228 autem
3309 3170 3650 3245 martyrium

2009 3263 2155 3334 ejus,
2182 3263 2405 3321 decimo
2434 3267 2602 3319 sexto
2633 3261 2725 3318 die
2756 3261 2970 3319 mensis
2992 3261 3369 3333 Septembris.

2080 3353 2292 3410 Eodem
2335 3353 2448 3422 die,
2483 3353 2696 3422 Roma,
2739 3350 2951 3409 natalis
2989 3355 3319 3408 sanctorum
3365 3348 3551 3407 Luciaa
3591 3350 3652 3405 et

2010 3442 2354 3512 Geminiani,
2389 3442 2742 3513 imperatore
2774 3441 3153 3511 Dioc'etiano,
3181 3438 3478 3509 judicibus
3504 3439 3653 3508 Apo—

2010 3534 2187 3592 frasio
2227 3540 2284 3590 et
2329 3533 2595 3603 Megasio.
2641 3532 2927 3589 Manserat
2959 3536 3153 3586 autem
3187 3530 3356 3585 beata
3393 3526 3559 3584 Lucia
3594 3524 3652 3582 ia

2010 3624 2294 3679 viduitate
2327 3637 2506 3679 annos
2529 3621 2767 3690 triginta
2790 3634 2911 3676 sex.
2938 3619 3136 3675 Totius
3155 3621 3348 3673 autem
3373 3615 3505 3672 vita:
3528 3614 3654 3684 ejus

2012 3712 2245 3769 fuerunt
2276 3709 2407 3767 anni
2442 3708 2808 3782 septuaginta
2845 3706 3120 3777 quinque.
3156 3705 3293 3771 Quae
3326 3706 3597 3761 accusata
3621 3716 3651 3757 a

2010 3800 2128 3857 filio
2155 3814 2261 3857 suo
2275 3798 2583 3869 Euprcpio,
2601 3796 2754 3866 quod
2776 3796 2887 3850 Chr
2913 3795 3098 3851 stiana
3121 3798 3298 3860 esset,
3318 3791 3493 3860 jussit
3525 3804 3651 3847 eam

2007 3888 2402 3947 Diocletianus
2431 3886 2750 3956 imperator
2781 3882 2888 3941 sibi
2913 3881 3146 3952 adduci,
3171 3884 3230 3937 et
3252 3879 3399 3937 dixit
3423 3879 3475 3936 ei
3501 3898 3516 3935 :
3542 3881 3654 3935 Au-

2009 3980 2104 4037 dio
2145 3977 2275 4050 quia
2310 3991 2472 4033 reum
2504 3973 2665 4030 illum
2698 3971 3039 4030 crucifixum
3071 3968 3391 4039 confiteris,
3424 3971 3482 4025 et
3513 3968 3655 4024 deos

2010 4075 2243 4128 nostros
2272 4067 2524 4127 derides.
2560 4067 2721 4122 Nunc
2751 4079 2892 4135 ergo
2915 4062 2961 4120 si
2986 4065 3186 4134 parata
3220 4075 3283 4117 es
3313 4059 3532 4129 vivere,
3558 4072 3655 4130 pa-

2011 4159 2120 4217 rati
2145 4164 2277 4216 sunt
2304 4156 2382 4213 dii
2414 4155 2864 4228 omnipotentes,
2901 4156 2962 4209 ut
2995 4152 3082 4209 eis
3109 4150 3322 4207 otl‘eras
3348 4147 3545 4219 thura,
3590 4151 3654 4205 ut

2010 4247 2231 4320 possint
2258 4244 2363 4301 tibi
2388 4259 2515 4302 esse
2549 4241 2808 4315 propitii,
2832 4246 2890 4297 et
2926 4239 3101 4296 vivas.
3130 4240 3334 4295 Sancta
3372 4235 3542 4292 Lucia
3568 4249 3656 4291 re-

2009 4336 2273 4409 spondit:
2309 4335 2424 4391 Nec
2446 4331 2554 4390 sibi
2580 4335 2714 4389 sunt
2740 4328 3000 4401 prepitii,
3027 4342 3131 4384 nec
3153 4324 3484 4383 cultoribus
3502 4322 3652 4390 suis;

2011 4440 2141 4482 nam
2157 4423 2291 4479 mihi
2312 4420 2728 4495 propitiabitur
2743 4417 3018 4475 Dominus
3033 4430 3193 4472 meus
3204 4416 3373 4471 Jesus
3391 4412 3655 4470 Christus

2010 4530 2116 4588 pro
2137 4513 2304 4585 cujus
2328 4525 2523 4568 amore
2549 4514 2749 4582 parata
2776 4522 2901 4564 sum
2927 4506 3137 4576 ignem,
3156 4500 3404 4573 vincula,
3427 4505 3485 4559 et
3509 4515 3652 4573 quas

2007 4604 2263 4663 volueris
2285 4616 2502 4675 pmnas,
2533 4598 2797 4657 sufferre.
2824 4594 3082 4652 Audiens
3103 4591 3498 4650 Diocletianus
3518 4605 3654 4648 con.

2007 4692 2281 4752 stantiam
2313 4690 2445 4748 fidei
2478 4688 2623 4759 ejus,
2652 4685 2824 4758 jussit
2855 4699 2980 4741 eam
3023 4682 3177 4739 trahi
3218 4681 3287 4738 ad
3332 4692 3649 4746 carcerem,

2010 4781 2105 4839 ubi
2139 4778 2595 4838 consolationem
2629 4774 2878 4831 divinum
2905 4772 3245 4846 promeruit.
3273 4769 3532 4825 Reducta
3554 4779 3654 4821 au-

2005 4875 2124 4927 tem
2150 4869 2362 4926 iterum
2386 4872 2521 4924 ante
2552 4862 2975 4922 Diocletianum
3007 4862 3307 4919 sedentem
3341 4870 3445 4928 pro
3466 4852 3651 4910 tribu-

2008 4958 2146 5030 naii,
2171 4962 2411 5015 extensa
2442 4960 2530 5013 est
2562 4952 2811 5025 gloriosa
2840 4951 3070 5022 femina,
3095 4955 3152 5006 et
3180 4947 3430 5005 fustibus
3448 4943 3655 5001 diutis-

2008 5051 2151 5109 sime
2185 5050 2513 5106 verberata.
2558 5047 2625 5101 Et
2664 5059 2801 5102 ecce
2834 5044 3208 5100 terriemotus
3238 5034 3432 5094 subito
3467 5032 3655 5091 factus

2007 5144 2120 5203 est,
2153 5142 2212 5196 et
2244 5137 2524 5210 templum
2545 5133 2702 5193 Jovis
2725 5133 2802 5189 ita
2825 5131 3155 5196 subrutum,
3184 5128 3245 5182 ut
3270 5138 3374 5181 nec
3398 5122 3547 5196 lapis
3568 5137 3656 5181 su-

2011 5244 2115 5303 per
2136 5227 2387 5301 lapidem
2407 5225 2634 5285 aedificii
2658 5220 3023 5281 remanserit.
3047 5213 3439 5272 Diocletianus
3456 5218 3653 5271 autem

2010 5318 2183 5376 ollam
2213 5332 2424 5376 :eream
2448 5315 2657 5373 adduci
2691 5312 2847 5381 fecit,
2877 5319 3121 5377 eamque
3163 5304 3289 5376 pice
3315 5309 3371 5361 et
3417 5303 3653 5376 plumbo

2005 5407 2177 5480 jussit
2203 5406 2453 5480 impleri,
2477 5408 2535 5461 et
2559 5404 2615 5459 in
2637 5399 2888 5458 circuitu
2911 5396 3065 5467 ligna
3087 5394 3417 5469 aggregari,
3439 5398 3496 5452 et
3529 5405 3654 5451 suc-

2080 5514 2109 5556 υ
2133 5515 2214 5574 De
2244 5528 2314 5573 eo
2343 5512 2402 5571 in
2432 5510 2562 5567 Vita
2594 5510 2649 5566 S.
2682 5500 2942 5589 Marcelli
2970 5507 3005 5564 4
3033 5504 3193 5578 Sept.
