4004 6168
373 244 478 298 359

1361 291 1364 294 ,
1427 233 1483 290 8.
1517 229 1776 290 ADONIS
1814 220 2250 286 ARCHIEPISC.
2289 219 2705 280 VIENNENSIS

3663 231 3765 288 360

371 358 560 429 cendi,
575 359 949 428 sanctamque
970 328 1198 413 Luciam
1222 355 1368 412 infra
1391 354 1561 413 ollam
1586 353 1872 424 demergi:
1899 350 1997 409 ubi

2134 351 2169 402 :t
2202 344 2386 402 dixit:
2422 345 2656 418 Comple
2710 346 2912 402 votum
2951 355 3162 416 meum,
3187 347 3251 403 ut
3283 344 3560 406 laventur
3592 349 3766 422 pedes

2079 469 2085 474 -
2117 438 2450 492 sanctorum
2489 438 2548 490 et
2587 433 2768 490 vestri
2811 447 2915 506 per
2961 446 3165 491 manus
3199 448 3375 492 meas.
3413 436 3474 493 Β.
3507 439 3766 498 Justinus

371 449 566 504 sancta
589 443 688 500 Dei
722 444 994 517 psallens,
1025 443 1224 501 triduo
1255 443 1416 500 vixit.
1446 445 1678 500 Mittens
1706 456 1848 499 vero
1879 440 2008 496 Dio-

367 533 674 603 cletianus,
709 534 806 604 qui
837 533 1204 590 renuntiaret
1233 533 1285 589 ei
1319 533 1364 590 si
1395 539 1520 590 tota
1541 533 1657 603 jam
1691 532 1746 586 in
1777 531 2008 587 cineres

369 627 521 680 esset
547 621 825 692 resoluta,
862 622 909 678 is
941 621 1036 692 qui
1079 621 1286 678 missus
1313 622 1535 692 fuerat,
1580 619 1868 676 intimavit
1920 632 2008 674 re-

369 709 535 766 diens
559 709 916 782 imperatori,
952 711 1103 780 quod
1130 711 1348 780 absque
1373 709 1488 766 ulla
1513 709 1746 766 laesione
1769 721 1906 766 sana
1927 707 2008 764 vi-

306 805 314 812 ’
368 802 553 855 veret.
586 799 738 854 Tunc
773 797 1002 870 impius,
1035 803 1200 854 tanto
1233 797 1510 854 miraculo
1539 796 1698 854 nullo
1727 795 1896 853 modo
1935 797 2008 853 ad

368 884 724 945 credendum
748 887 976 944 Christo
999 885 1477 956 incitatus,jussit
1504 891 1565 943 ut
1589 889 1827 942 onerata
1857 886 2009 942 ferro

371 977 431 1030 et
457 973 695 1046 plumbo
727 989 830 1046 per
852 974 1109 1031 civitatis
1129 973 1354 1046 plateas
1371 974 1707 1032 duceretur.
1734 973 2008 1030 Pervenit

360 1068 566 1122 autem
608 1068 742 1120 ante
782 1064 1012 1121 domum
1059 1063 1308 1120 hominis
1349 1063 1748 1136 praepotentis,
1782 1063 2010 1120 nomine

374 1153 712 1224 Geminiani,
729 1153 784 1209 in
796 1153 963 1223 cujus
994 1153 1164 1209 domo
1185 1153 1508 1210 daemonum
1523 1153 1822 1209 innumera
1845 1151 2013 1207 simu-

373 1239 531 1297 lacra
544 1246 738 1298 erant.
756 1243 1017 1312 Dumque
1029 1247 1228 1299 sancta
1241 1241 1414 1298 Lucia
1437 1241 1667 1298 domum
1683 1239 1863 1312 ipsam
1885 1254 2013 1312 per-

369 1328 704 1400 transisset,
729 1329 924 1386 subito
945 1329 1212 1386 columba
1235 1330 1363 1386 alba
1389 1329 1548 1386 velut
1582 1328 1678 1384 nix
1709 1327 2008 1385 descendit

373 1415 446 1472 de
491 1417 661 1488 coelo,
695 1421 754 1473 et
787 1433 962 1490 super
992 1422 1168 1490 caput
1201 1416 1518 1474 Geminiani
1548 1416 1727 1472 tertio
1758 1417 2014 1486 ﬁgurans

371 1520 606 1564 crucem
638 1506 890 1572 resedit;
936 1505 1307 1564 Geminianus
1346 1507 1684 1580 respiciens,
1724 1505 1870 1562 vidit
1903 1505 2011 1562 sibi

375 1599 578 1666 patere
608 1594 841 1665 caelum,
866 1599 924 1650 et
954 1595 1150 1652 statim
1183 1595 1471 1668 arripiens
1489 1609 1724 1653 cursum
1749 1593 2010 1666 pervenit

2117 521 2444 592 respondit:
2483 522 2594 578 Hoc
2623 520 2984 578 Dominicum
3011 527 3373 594 praceptum
3395 527 3486 581 est
3511 541 3526 592 ;
3553 524 3658 583 ﬁat
3675 541 3768 585 vo-

2117 608 2312 666 luntas
2333 609 2552 665 Domini
2584 607 2770 666 nostri
2800 610 2937 666 Jesu
2974 609 3213 667 Christi.
3251 611 3318 666 Et
3352 613 3540 684 posita
3579 613 3763 690 pelve,

2118 698 2269 755 misit
2313 713 2540 770 aquam,
2573 703 2630 756 et
2661 697 2802 756 lavit
2831 699 3086 756 omnium
3129 700 3391 760 virorum
3434 703 3635 776 pedes.
3668 706 3770 763 Ve-

2118 787 2283 843 niens
2303 791 2496 842 autem
2518 786 2590 842 ad
2615 788 2844 844 beatum
2867 789 3366 862 Justinum,caapit
3392 791 3582 862 primo
3603 807 3771 852 oscu-

2119 873 2226 930 lari
2253 875 2431 946 pedes
2453 874 2579 944 ejus
2600 879 2658 930 et
2683 873 2900 932 lavare.
2927 877 2994 932 Et
3020 876 3117 934 ubi
3143 877 3289 935 lavit
3308 879 3565 939 omnium
3591 883 3771 956 pedes

2115 962 2538 1020 commendavit
2571 978 2632 1020 se
2664 963 2836 1020 beato
2863 965 3109 1022 Iustino.
3147 965 3250 1022 Hic
3269 967 3532 1037 ejusdem
3558 976 3772 1044 marty-

2120 1050 2201 1106 ris
2216 1065 2433 1123 corpus
2458 1051 2772 1109 honoriﬁce
2795 1053 3066 1125 sepelivit
3089 1053 3145 1110 in
3171 1055 3391 1126 praedio
3413 1058 3676 1129 Cyriacaa
3699 1060 3775 1117 vi-

2120 1138 2268 1196 duae.
2297 1140 2478 1206 Quam
2502 1141 2654 1197 idem
2685 1147 2906 1215 martyr
2939 1143 3094 1199 facto
3125 1142 3294 1214 signo
3324 1145 3563 1219 Christi,
3591 1153 3652 1204 et
3681 1163 3776 1222 po-

2121 1226 2234 1284 sito
2266 1243 2444 1300 super
2473 1234 2647 1302 caput
2671 1229 2799 1300 ejus
2827 1231 3028 1301 linteo,
3055 1231 3128 1288 de
3151 1247 3266 1304 quo
3286 1237 3624 1294 exterserat
3649 1251 3777 1296 san-

2121 1320 2350 1373 ctorum
2377 1318 2572 1388 pedes,
2601 1321 2674 1375 ab
2696 1319 3135 1378 inlirmitatibus
3155 1321 3368 1393 capitis
3386 1324 3638 1382 sanavit.
3672 1327 3776 1384 Hic

2120 1408 2384 1462 sanctum
2448 1405 2821 1480 Hippolytum
2875 1412 2934 1464 et
2997 1409 3400 1482 Concordiam,
3461 1412 3774 1487 Ireneum,

2123 1493 2466 1566 Abendium,
2493 1494 2764 1568 Cyrillam
2787 1495 2963 1553 ﬁliam
2988 1497 3144 1554 Decii
3167 1498 3432 1570 Czesaris,
3458 1505 3774 1574 martyres,

2121 1585 2179 1638 et
2213 1581 2358 1640 alios
2381 1581 2663 1654 plurimos
2701 1585 3025 1658 sepulturis
3062 1586 3343 1644 condivit.
3389 1589 3456 1644 Et
3499 1604 3780 1662 persecu-

374 1682 446 1739 ad
461 1682 649 1741 locum
668 1683 889 1753 ubijam
905 1689 1104 1740 sancta
1117 1684 1215 1740 Dei
1239 1685 1646 1756 torquebatur.
1669 1685 1737 1739 Et
1761 1685 2016 1755 proster-
2043 1705 2098 1767 B
2128 1670 2284 1767 ξαίοξὶθ
2315 1670 2495 1767 Ρθφίίν
2531 1673 2678 1767 αξη-ί
2709 1679 2768 1731 et
2810 1673 3134 1748 νοίιιείδηίν
3173 1677 3560 1736 οοηῖθεείοηίδ
3585 1679 3776 1750 εισι-ὴ

377 1785 523 1830 nens
537 1787 600 1830 se
623 1773 872 1846 pedibus
893 1773 1038 1844 ejus,
1052 1773 1229 1846 coepit
1250 1787 1491 1830 narrare
1510 1772 1662 1844 quod
1689 1771 1934 1841 viderat,
1958 1773 2016 1827 et
2045 1759 2091 1767 —
2129 1759 2556 1831 iHSigniSSimlls
2584 1763 2710 1820 fuit-

357 1860 654 1933 -baptismi
703 1860 998 1919 lavacrum
1048 1867 1348 1934 expetere.
1398 1860 1657 1918 Reducta
1702 1866 1789 1917 est
1841 1859 2022 1931 igitur

358 1945 550 2004 'beata
579 1949 750 2006 Lucia
785 1949 841 2004 in
872 1964 1188 2007 carcerem.
1227 1951 1363 2006 Erat
1395 1964 1534 2006 vero
1567 1949 1800 2020 quidam
1831 1963 2022 2006 sacer-

375 2033 483 2091 dos
512 2035 815 2094 Protasius
841 2037 1092 2094 nomine:
1125 2037 1218 2094 cui
1251 2044 1421 2095 nocte
1461 2051 1751 2110 apparens
1779 2037 2022 2108 angelus

375 2122 623 2196 Domini,
642 2124 863 2182 monuit
879 2125 1068 2183 utiret
1090 2125 1163 2183 ad
1184 2140 1502 2197 carcerem,
1517 2133 1578 2182 et
1601 2125 2018 2197 Geminianum,

377 2210 476 2282 qui
501 2211 715 2269 fontem
745 2212 954 2270 salutis
984 2213 1343 2286 requirebat,
1378 2215 1725 2287 baptizaret.
1762 2214 2020 2282 Quicum

378 2299 736 2372 evigilasset,
767 2302 1011 2360 festinus
1032 2303 1197 2374 abiit,
1221 2307 1278 2359 et
1305 2305 1537 2361 beatum
1561 2303 1749 2361 virum
1764 2317 1912 2374 aqua
1935 2317 2022 2361 sa-

378 2385 556 2444 lutari
590 2389 751 2446 lavit.
786 2391 924 2447 Post
946 2391 1097 2446 diem
1118 2391 1362 2448 tertium
1383 2391 1641 2449 exhibita
1665 2396 1754 2449 est
1773 2395 1827 2448 S.
1846 2392 2019 2450 Lucia

378 2474 762 2548 Diocletiano,
797 2482 855 2534 et
886 2493 1016 2535 cum
1049 2478 1171 2550 ipsa
1207 2479 1594 2551 Gcminianus,
1639 2483 1709 2537 de
1751 2495 1864 2551 quo
1902 2482 2018 2553 jam

378 2563 696 2637 imperator
717 2566 1002 2624 audierat.
1025 2566 1180 2634 Quos
1204 2567 1302 2624 ille
1319 2568 1503 2639 poenis
1525 2569 1866 2640 gravissime
1889 2569 2023 2626 adli-

374 2657 522 2724 ctos,
555 2653 770 2726 diuque
795 2659 1002 2727 tortos,
1041 2655 1285 2714 tradidit
1316 2657 1546 2715 cuidam
1581 2658 2020 2730 perversissimo

369 2741 576 2814 judici,
602 2748 667 2800 ut
688 2745 843 2814 quod
866 2745 1070 2801 deerat
1087 2761 1409 2819 poenarum,
1427 2747 1549 2819 ipse
1572 2747 1893 2821 suppleret.
1911 2747 2019 2814 Qui

377 2832 566 2906 primo
598 2831 772 2902 jussit
813 2833 1078 2893 cervices
1113 2851 1313 2893 eorum
1347 2837 1598 2896 fustibus
1625 2838 1925 2910 contundi,
1960 2843 2018 2895 et

377 2937 510 2981 mox
538 2926 880 2982 terraemotu
905 2926 1075 2996 facto,
1101 2940 1329 2982 camera
1353 2927 1897 2997 domusjudiciarize
1928 2943 2022 2986 ce-

377 3011 542 3082 cidit,
577 3016 634 3068 et
661 3012 917 3083 judicem
951 3013 1186 3086 impium
1219 3016 1530 3088 oppressit.
1573 3016 1792 3073 Deinde
1831 3019 2017 3074 sancti

377 3101 922 3172 martyresexhibiti
939 3107 1072 3158 sunt
1093 3105 1418 3175 Apol‘rasio,
1443 3107 1551 3162 sub
1575 3121 1688 3176 quo
1709 3112 1766 3162 et
1789 3113 2022 3178 septua-

375 3187 535 3258 ginta
569 3189 826 3259 quinque
852 3189 1192 3260 martyrium
1212 3191 1550 3264 implevere,
1570 3193 1666 3264 qui
1692 3193 1829 3251 visis
1859 3195 2022 3252 mira-

375 3275 544 3346 culis,
576 3290 704 3348 quae
733 3277 888 3334 circa
921 3283 1154 3335 sanctos
1184 3294 1321 3338 suos
1345 3282 1622 3339 Dominus
1641 3284 2016 3356 operabatur,

373 3365 766 3422 crediderant.
796 3366 897 3423 Hic
915 3367 1096 3437 judex
1117 3367 1512 3441 impiissimus,
1531 3375 1659 3442 post
1683 3376 2018 3429 sanctorum

358 3452 582 3510 horum
603 3459 926 3526 martyrum
951 3469 1170 3527 necem,
1197 3471 1227 3513 a
1253 3457 1485 3514 diabolo
1507 3473 1720 3530 equum
1742 3459 1870 3530 ejus
1891 3460 2021 3517 inci-

373 3543 561 3613 tante,
595 3541 666 3598 de
690 3542 940 3614 Lapideo
963 3548 1140 3616 ponte
1164 3546 1566 3618 praecipitatus
1588 3547 1644 3605 in
1671 3549 1880 3606 ﬁumen
1904 3553 2014 3607 est.

377 3631 598 3704 Corpus
637 3632 765 3702 ejus
807 3638 1007 3705 postea
1049 3633 1208 3692 nullo
1258 3635 1387 3693 loco
1439 3642 1757 3710 repertum.
1801 3639 2018 3698 Deinde

373 3718 542 3776 beata
563 3720 740 3778 Lucia
759 3725 819 3776 et
847 3727 1088 3779 sanctus
1111 3723 1501 3796 Gcminianus,
1536 3741 1566 3782 a
1605 3726 1852 3800 Megasio
1892 3727 2019 3784 viro

371 3807 665 3867 consulari
695 3812 929 3884 arctati,
957 3817 1087 3885 post
1105 3811 1456 3872 laudabilem
1476 3815 1780 3874 victoriam
1807 3823 2019 3890 marty-

373 3897 442 3954 rii
456 3897 652 3970 gladio
675 3901 1061 3960 animadversi
1085 3907 1220 3960 sunt
1241 3906 1350 3960 sub
1368 3905 1460 3961 die
1483 3912 1652 3964 sexto
1672 3907 1894 3964 decimo
1913 3909 2018 3964 Ka-

371 3985 525 4042 lend.
545 3987 831 4044 Octobris.
851 3989 1105 4055 Quorum
1129 4006 1376 4062 corpora
1399 3993 1594 4065 rapuit
1617 3996 1880 4065 quaedam
1907 4011 2022 4053 mu-

357 4070 482 4128 lier
513 4073 1103 4146 Christiana,nomine
1129 4079 1392 4150 Maxima,
1423 4085 1504 4152 et,
1541 4087 1603 4137 ut
1627 4083 1844 4155 decuit,
1871 4099 2019 4140 mar-

375 4163 536 4232 tyres
565 4163 872 4235 sepelevit.

769 4281 834 4334 A.
895 4279 990 4337 XV
1045 4281 1200 4339 ΚΑΙ..
1263 4283 1626 4345 OCTOBRIS.

1045 4391 1138 4456 (I7
1164 4391 1358 4464 Sept.)

447 4507 476 4537 α
525 4499 590 4556 In
663 4499 998 4575 Britanniis,
1067 4508 1402 4563 sanctorum
1469 4509 1726 4571 Socratis
1785 4518 1846 4570 et
1907 4516 2029 4580 Ste.

362 4585 572 4662 phani.

447 4676 753 4750 Nividuno,
771 4681 986 4738 natalis
1006 4687 1346 4742 sanctorum
1368 4691 1688 4761 martyrum
1711 4691 2020 4771 Valeriani,

357 4766 634 4840 .Macrini,
667 4771 727 4825 et
761 4767 1050 4829 Cordiani.

358 4901 366 4907 .
447 4859 591 4916 Item
605 4858 800 4916 Romae
814 4858 906 4916 via
921 4860 1244 4936 Tiburtina,
1259 4864 1330 4922 ad
1346 4869 1610 4924 sanctum
1627 4869 2019 4948 Laurentium,

357 4946 570 5006 -natale
586 4947 646 5004 Β.
672 4949 886 5006 Justini
909 4951 1267 5025 presbyteri,
1293 4969 1462 5026 quem
1486 4957 1693 5017 beatus
1713 4959 1911 5020 Sixtus
1933 4946 2023 5021 or?-

379 5031 618 5096 dinavit.
647 5037 732 5095 Ad
757 5053 928 5110 quem
953 5039 1163 5100 beatus
1187 5043 1533 5104 Laurentius
1552 5045 1608 5104 in
1633 5048 1762 5108 vico
1783 5051 2020 5111 Patricii

359 5115 435 5174 .in
457 5131 661 5196 crypta
684 5128 1003 5203 Nepotiana
1029 5135 1200 5188 nocte
1222 5132 1402 5205 venit,
1431 5139 1493 5192 ut
1517 5133 1823 5198 thesauros
1845 5141 1956 5199 sibi
1989 5158 2019 5200 a

379 5213 583 5266 sancto
604 5213 768 5274 Sixto
786 5219 1222 5278 commendatos
1239 5223 1598 5297 pauperibus
1609 5235 1900 5301 erogaret.
1917 5231 2019 5290 Cui

371 5358 380 5362 -
451 5337 480 5416 ξ
508 5330 587 5416 De
617 5327 728 5416 hoc
747 5337 814 5416 in
842 5343 1027 5416 gestis
1059 5344 1113 5400 S.
1133 5342 1317 5416 _Laur.

360 5430 404 5456 -.
452 5399 717 5494 3993.15
744 5406 809 5494 in
829 5399 1019 5494 gestis
1042 5399 1400 5494 sgdr'ént.
1434 5421 1504 5479 so
1531 5421 1676 5494 Aug.

455 5479 481 5514 ο
509 5474 742 5534 Hieron.
775 5474 858 5567 αξ
875 5483 1088 5571 Script,
1119 5487 1296 5572 sect,
1319 5474 1676 5574 'capiséi'é'
1711 5572 1720 5576 η

2199 1850 2474 1906 Romaein
2507 1852 2720 1923 Crypta
2752 1852 3038 1926 arenaria,
3079 1858 3414 1914 sanctorum
3451 1861 3778 1930 martyrum

2106 1937 2381 1996 ‘Narcissi
2414 1942 2474 1996 et
2508 1940 2966 2000 Crescensionis.

2198 2026 2227 2066 ι)
2254 2028 2572 2098 Tungrensi
2596 2027 2852 2100 dioecesi,
2870 2030 2924 2087 in
2949 2030 3162 2090 Leodio
3187 2033 3339 2106 [ms.,
3355 2031 3615 2107 Leogio],
3635 2033 3780 2092 villa

2131 2115 2362 2189 publica
2394 2116 2615 2176 Natalis
2644 2119 2698 2175 S.
2735 2118 3026 2176 Lamberti
3065 2121 3344 2195 episcopi.
3376 2121 3486 2190 Qui
3516 2123 3654 2181 dum
3692 2138 3784 2184 re-

2127 2205 2281 2276 giam
2313 2205 2543 2262 domum
2576 2206 2702 2264 zelo
2739 2206 3038 2279 religionis
3077 2223 3356 2269 accensus
3386 2211 3779 2286 increpasset,

2127 2308 2259 2351 cum
2273 2294 2504 2352 rediens
2525 2295 2773 2352 orationi
2798 2297 3184 2371 incumberet,
3201 2299 3274 2356 ab
3298 2300 3685 2372 iniquissimis
3703 2303 3786 2360 vi-

2131 2383 2211 2440 ris
2237 2383 2309 2440 de
2329 2384 2546 2455 palatio
2568 2385 2729 2455 regio
2767 2385 2978 2458 missis,
3021 2385 3338 2460 improvise
3359 2389 3680 2448 conclusus
3701 2391 3787 2448 in-

2129 2476 2220 2528 tra
2235 2473 2464 2530 domum
2487 2473 2752 2532 ecclesiae
2766 2475 3081 2533 occiditur.
3101 2475 3276 2548 Cujus
3296 2477 3633 2550 sepulcrum
3652 2494 3789 2537 cre-

2133 2561 2402 2620 berrimis
2421 2562 2718 2620 miraculis
2735 2563 3087 2636 illustratur,
3103 2579 3168 2622 ac
3184 2580 3342 2624 mors
3352 2565 3482 2638 ejus
3492 2566 3788 2626 nihilomi-

2129 2663 2240 2707 nus
2273 2651 2527 2722 pretiosa
2581 2650 2634 2706 in
2676 2655 2998 2723 conspectu
3037 2651 3261 2710 Domini
3307 2655 3782 2715 commendatur.

2523 2776 2582 2831 B.
2639 2776 2758 2832 XIV
2798 2775 2953 2832 KAL.
3009 2777 3374 2836 OCTOBRIS.

2799 2866 2894 2935 (l8
2918 2865 3112 2938 Sept.)

2202 2967 2468 3026 °Natalis
2519 2969 2571 3025 S.
2624 2970 2918 3042 Methodii,
2962 2970 3188 3044 Olympi
3220 2973 3426 3045 Lycias,
3467 2979 3532 3033 et
3570 2982 3782 3048 postea

2051 3063 2103 3128 α
2130 3057 2258 3128 Tyri
2282 3057 2560 3129 episcopi,
2597 3058 2694 3126 qui
2724 3059 2834 3115 sub
2861 3058 3222 3118 Diocletiano
3245 3061 3301 3118 in
3326 3061 3603 3122 Chalcide
3624 3065 3787 3124 Grae-

2045 4419 2100 4482 D

2127 3145 2234 3202 ciae
2267 3144 2546 3216 martyrio
2573 3149 2890 3204 coronatus
2918 3151 3027 3205 est.

2200 3234 2456 3304 Viennae,
2491 3234 2685 3290 natale
2711 3237 2896 3294 sancti
2922 3238 3198 3296 Ferreoli.
3222 3240 3327 3308 Qui
3350 3243 3786 3316 persecutionis

2126 3326 2418 3393 tempore,
2451 3337 2582 3378 cum
2604 3329 2757 3380 esset
2783 3325 3104 3384 tribunitiae
3137 3331 3467 3403 potestatis,
3488 3332 3656 3404 jussu
3679 3333 3784 3392 im-

2128 3410 2370 3482 piissimi
2404 3409 2670 3482 praesidis
2695 3417 2910 3484 tentus,
2935 3413 3122 3487 primo
3147 3417 3552 3479 crudelissime
3575 3423 3785 3481 verbe-

2129 3503 2312 3570 ratus,
2357 3499 2488 3556 dein
2529 3501 2692 3570 gravi
2731 3506 3071 3583 catenarum
3115 3511 3364 3576 onustus
3405 3510 3689 3583 pondere,
3725 3511 3782 3570 in

2127 3587 2500 3645 teterrimum
2533 3604 2830 3647 carcerem
2860 3579 3063 3652 trusus
3087 3600 3196 3652 cst.
3232 3579 3646 3658 Unde'solutis
3671 3579 3781 3658 Dei

2129 3681 2274 3734 nutu
2297 3678 2566 3749 vinculis,
2592 3685 2650 3734 et
2669 3680 2863 3751 januis
2883 3684 3193 3754 patefactis
3211 3687 3489 3760 carceris,
3507 3703 3780 3761 aggerem

2129 3767 2425 3840 publicum
2448 3769 2768 3842 ingressus,
2796 3786 2977 3844 usque
3001 3773 3071 3830 ad
3092 3777 3283 3832 Jarem
3310 3776 3549 3836 ﬂuvium
3576 3794 3782 3852 perve-

2128 3857 2232 3914 nit.
2251 3859 2357 3916 Ubi
2381 3860 2572 3918 denuo
2597 3864 2814 3934 tentus,
2831 3863 3044 3920 vinctis
3074 3869 3204 3936 post
3227 3871 3460 3939 tergum
3487 3869 3777 3943 manibus,

2129 3945 2197 4001 ad
2219 3947 2582 4004 territorium
2601 3964 2784 4020 usque
2799 3950 3134 4009 Brivatensc
3148 3955 3469 4026 perductus
3481 3961 3778 4030 est,atque

2129 4032 2206 4089 ibi
2234 4036 2494 4106 martyrii
2529 4036 2777 4107 palmam
2798 4039 3010 4110 capitis
3023 4041 3474 4100 obtruncatione
3491 4046 3774 4120 percepit.

2129 4123 2352 4194 Corpus
2387 4124 2515 4194 ejus
2559 4140 2691 4182 cum
2741 4127 2934 4200 capite
2985 4131 3141 4187 beati
3186 4131 3398 4190 Juliani
3450 4135 3522 4191 ad
3573 4135 3778 4193 urbem

2128 4211 2540 4270 Viennensium
2563 4213 2814 4274 relatum
2835 4221 2946 4290 est,
2969 4223 3028 4275 et
3049 4219 3338 4292 condigne
3358 4221 3524 4281 cultu
3548 4223 3606 4280 in
3631 4224 3782 4282 basi-

2129 4297 2238 4358 lica
2263 4301 2586 4375 conditum,
2615 4318 2786 4376 quam
2810 4306 3100 4380 Castulus,
3116 4309 3206 4366 vir
3227 4311 3508 4384 praecipui
3530 4312 3784 4372 nominis

2129 4388 2201 4446 de
2225 4389 2584 4463 primoribus
2615 4393 2778 4452 urbis
2803 4395 3165 4470 Viennensis,
3199 4400 3388 4458 adhuc
3415 4389 3786 4462 catechume-

2135 4493 2264 4552 nus,
2325 4481 2381 4536 in
2450 4481 2668 4540 honore
2728 4485 2987 4556 ejusdem
3063 4489 3338 4562 martyris
3407 4491 3779 4565 condiderat,

2135 4572 2300 4716 gnto
2347 4585 2547 4644 opere,
2607 4579 2822 4646 quanta
2871 4579 2932 4631 et
2989 4575 3122 4649 ﬁde,
3175 4575 3232 4636 in
3299 4579 3425 4653 ripa
3492 4579 3783 4640 ulteriore

2226 4660 2398 4716 odani
2431 4661 2480 4716 (ι.

2117 4660 2398 4718 Rhodani
2431 4661 2480 4717 τι.

2505 4767 2566 4824 C.
2624 4767 2748 4824 XIII
2805 4771 2963 4830 KAL.
3028 4773 3389 4834 OCTOBRIS.

2793 4861 2884 4927 (l9
2911 4861 3110 4936 Sept.)

2200 4969 2226 5000 θ
2243 4963 2304 5019 In
2319 4961 2558 5036 Neapoli
2573 4963 2918 5043 Campaniae,
2934 4973 3128 5031 natale
3140 4981 3474 5034 sanctorum
3489 4975 3778 5050 Januarii,

2131 5051 2552 5112 Beneventanae
2572 5055 2830 5116 civitatis
2850 5061 3131 5136 episcopi,
3162 5079 3293 5123 cum
3325 5065 3488 5125 Sosio
3529 5065 3783 5126 diacono

2129 5140 2434 5200 Mesenataa
2466 5144 2744 5219 civitatis,
2779 5153 2840 5205 et
2860 5149 3102 5210 diacono
3127 5169 3231 5214 suo
3254 5157 3444 5228 Festo,
3464 5159 3527 5214 et
3549 5154 3784 5217 lectore

2129 5246 2234 5292 suo
2264 5233 2583 5294 Desiderio.
2610 5235 2716 5304 Qui
2751 5245 2881 5311 post
2907 5241 3136 5302 vincula
3167 5248 3228 5302 et
3268 5260 3543 5308 carceres
3577 5249 3782 5323 capite

2199 5357 2239 5445 ξ
2259 5357 2533 5445 Sidonius
2563 5362 2752 5445 Apoll.
2786 5371 2915 5445 1._7.
2945 5383 3076 5445 cap.
3111 5376 3162 5429 1,

2199 5431 2278 5488 De
2307 5429 2417 5490 hoc
2447 5431 2505 5490 in
2537 5429 2804 5509 passione
2834 5440 2998 5502 Sosii.
3022 5429 3102 5501 '23
3133 5445 3294 5518 Sept.
