4004 6168
260 283 379 337 36,.

990 270 1593 330 MARTYROLOGIUM
1632 268 1775 328 CUM
1816 265 2344 333 ADDITAMENTIS.
2388 298 2458 309 -—
2497 269 2700 327 MENS.
2743 272 2929 329 SEPT.

3555 288 3661 343 362

254 402 391 462 οωεί
423 398 1235 468 suntincivitatePuteolana,
1254 394 1901 468 subDiocletianoprin-
1927 392 1988 457 Α
2017 406 2127 464 qae
2150 394 2444 453 interfecti
2471 401 2787 468 martyrum
2814 398 3032 470 populi.
3050 400 3204 456 Idem
3224 416 3467 474 namque
3484 406 3657 462 Maxi-

256 493 410 565 cipe,
457 489 656 562 judice
710 486 1038 544 Dra'contio.
1092 487 1199 553 Qui
1248 502 1378 544 cum
1427 487 1783 544 ducerentur
1833 485 1904 542 ad

254 587 526 651 mortem,
552 579 824 635 viderunt
858 578 1012 634 inter
1044 575 1191 634 alios
1213 576 1540 646 Proculum,
1575 574 1907 633 Puteolanas

254 668 520 728 civitatis
541 668 868 737 diaconum,
894 669 952 723 et
977 666 1122 723 duos
1142 663 1322 723 laicos
1343 665 1659 737 Eutychem
1680 667 1738 720 et
1763 665 1910 721 Acu-

256 766 402 830 tum,
437 761 499 815 et
532 758 1045 827 interrogaverunt
1071 769 1249 826 quare
1273 753 1416 824 justi
1443 752 1795 824 iuberentur
1815 768 1910 810 oc-

258 848 396 907 cidi.
424 845 782 916 Quosjudex
806 848 867 900 nt
894 843 1037 900 vidit
1061 841 1605 912 Christianosjussit
1631 840 1908 898 decollari

257 952 389 994 cum
423 934 559 991 illis.
598 932 688 990 Sic
722 947 922 989 omnes
944 937 1166 1003 septem
1193 930 1413 1003 pariter
1444 933 1575 986 sunt
1610 928 1903 986 decollati.

259 1025 544 1082 Tulernnt
576 1028 771 1080 autem
793 1036 1039 1094 corpora
1072 1020 1401 1077 Christiani.
1428 1018 1789 1092 Neapolitani
1820 1020 1911 1074 Ja-

264 1114 534 1172 nuarium
588 1116 909 1185 posuerunt
952 1112 1119 1183 juxta
1163 1110 1461 1168 civitatem
1513 1109 1567 1165 in
1620 1107 1904 1166 basilica:

265 1206 609 1273 Mesenates,
662 1200 885 1259 Sosium
937 1215 1101 1272 aeque
1151 1201 1204 1256 in
1260 1199 1536 1266 basilica;
1582 1196 1906 1266 Puteolani,

266 1292 597 1363 Proculum,
632 1290 947 1363 Entychem
988 1294 1045 1345 et
1087 1291 1355 1359 Acutum,
1394 1287 1561 1357 juxta
1614 1286 1907 1343 basilicam

263 1382 449 1440 sancti
482 1380 758 1452 Stephani
785 1397 800 1446 ;
835 1381 1063 1436 Festum
1083 1393 1225 1435 vero
1256 1382 1313 1434 et
1346 1377 1706 1434 Desiderium
1732 1376 1909 1431 Bene-

265 1470 499 1530 ventani
550 1469 933 1539 collegerunt.

330 1571 359 1600 ι
382 1559 600 1616 Eodem
625 1558 739 1628 die,
755 1557 809 1612 in
826 1556 1153 1627 Palestina,
1170 1555 1382 1612 natalis
1404 1559 1737 1612 sanctorum
1762 1566 1909 1607 mar-

263 1656 458 1722 tyrum
490 1647 649 1704 Pelei
680 1650 738 1702 et
768 1645 878 1701 Nili
908 1645 1333 1717 episcoporum,
1370 1643 1467 1714 qui
1502 1641 1907 1715 persecutione

2018 483 2243 540 mianus
2277 498 2414 557 erga
2455 485 2757 542 Dominum
2802 484 2934 543 caeli
2979 488 3254 557 profanus
3294 490 3654 563 impietatem

2018 588 2176 630 suam
2209 573 2279 629 ad
2311 576 2796 646 exstinguendum
2843 575 3296 634 Christianitatis
3330 594 3534 637 nomen
3568 598 3687 638 arm

2019 666 2295 718 maverat.
2333 663 2388 719 Si
2420 664 2514 735 qui
2547 669 2686 721 tunc
2717 663 2839 719 veri
2876 664 2973 720 Dei
3003 664 3225 722 cultum
3270 668 3527 737 proﬁteri
3561 685 3659 728 au-

2018 750 2253 821 debant,
2287 752 2505 823 sparsis
2556 767 2974 824 usquequaque
3027 753 3293 826 militum,
3319 757 3528 827 turbis,
3565 758 3658 815 vel

2019 839 2088 895 ad
2112 838 2527 910 supplicia,vel
2549 841 2618 896 ad
2644 855 2842 897 necem
2868 842 3264 913 rapiebantur.
3293 846 3426 900 Erat
3453 845 3657 903 eodem

2018 930 2280 999 tempore
2311 927 2365 983 in
2398 928 2661 984 exercitu
2693 929 2843 999 legio
2876 929 3143 987 militum.
3180 932 3276 1002 qui
3305 933 3531 990 Thebaei
3565 950 3661 1006 ap-

2019 1014 2409 1087 pellabantur.
2444 1018 2614 1087 Legio
2647 1022 2839 1075 autem
2870 1020 3210 1090 vocabatur,
3236 1035 3365 1091 quae
3388 1025 3528 1080 tunc
3560 1038 3662 1079 sex

2021 1103 2198 1159 millia
2228 1119 2293 1160 ac
2327 1109 2633 1162 sexcentos
2663 1105 2821 1161 viros
2853 1106 2907 1160 in
2957 1107 3133 1163 armis
3181 1108 3453 1166 habebat.
3508 1110 3571 1164 Hi
3604 1110 3660 1165 in

2019 1193 2295 1249 auxilium
2312 1194 2737 1251 Maximianoab
2761 1194 3157 1252 Orientalibus
3181 1198 3448 1268 partibus
3471 1214 3663 1256 accer-

2020 1281 2111 1337 siti
2146 1287 2445 1338 venerant.
2474 1282 2591 1337 Viri
2624 1283 2677 1337 in
2712 1285 2887 1339 rebus
2921 1284 3146 1341 bellicis
3169 1287 3414 1359 strenui,
3441 1287 3662 1345 virtute

2020 1369 2262 1440 nobiles,
2287 1370 2387 1427 sed
2422 1370 2533 1427 ﬁde
2566 1371 2879 1445 nobiliores
2906 1388 2919 1437 ;
2950 1388 3086 1442 erga
3114 1375 3525 1444 imperatorem
3551 1378 3664 1434 for-

2015 1457 2444 1529 titudine,erga
2469 1460 2757 1517 Christum
2783 1461 3094 1518 devotione
3112 1464 3440 1520 certabant.
3460 1466 3662 1536 Itaque

2015 1562 2145 1604 cum
2172 1548 2248 1618 hi,
2268 1548 2413 1605 sicut
2439 1551 2496 1604 et
2521 1550 2720 1605 caeteri
2746 1549 2978 1620 milites,
2997 1550 3067 1605 ad
3093 1551 3481 1609 dilaniandam
3507 1553 3666 1609 Chri-

2019 1637 2337 1693 stianorum
2364 1636 2793 1694 multitudinem
2820 1638 3667 1711 destinarentur,solicrudeli-

263 1735 630 1807 Diocletiani,
652 1750 783 1792 cum
816 1733 1080 1806 plurimis
1109 1732 1360 1802 clericis,
1395 1747 1499 1803 pro
1530 1731 1759 1787 Christo
1791 1728 1906 1800 igni
1935 1742 1994 1805 Β
2020 1727 2161 1782 tatis
2189 1725 2573 1782 ministerium
2616 1726 2948 1783 detrectare
3001 1728 3122 1783 ausi
3173 1733 3326 1801 sunt,
3361 1733 3535 1800 atque
3566 1730 3668 1787 hu-

264 1825 594 1897 consnmpti
627 1828 780 1881 sunt.

336 1915 504 1988 Apud
557 1914 882 1984 Nuceriam,
939 1911 1150 1969 natalis
1207 1915 1538 1968 sanctorum
1590 1912 1906 1980 martyrum

268 2005 471 2062 Felicis
499 2008 557 2060 et
590 2001 962 2071 Constantiae,
998 2001 1095 2072 qui
1129 2001 1237 2058 sub
1279 2001 1503 2055 Nerone
1552 1998 1703 2071 passi
1750 2001 1904 2053 sunt.

336 2096 393 2150 In
428 2092 733 2150 territorio
764 2090 1129 2161 Linguonicae
1157 2088 1435 2159 civitatis,
1467 2087 1650 2144 sancti
1686 2084 1913 2156 Sigonis

270 2182 612 2255 presbyteri.

690 2253 752 2308 D.
784 2253 881 2309 XII
921 2252 1076 2307 KAL.
1114 2249 1477 2307 OCTOBRIS.

922 2343 1013 2407 (20
1059 2342 1254 2411 Sept.)

331 2432 391 2487 In
424 2431 654 2503 Cyzico,
685 2430 877 2486 natale
917 2433 1250 2485 sanctorum
1298 2429 1525 2483 Faustae
1559 2422 1818 2494 virginis,
1852 2425 1911 2476 et

267 2519 497 2577 Evilasii
522 2520 633 2576 sub
656 2518 996 2574 Maximiano
1018 2517 1392 2589 imperatore.
1412 2514 1593 2581 Quam
1619 2512 1768 2568 idem
1792 2511 1919 2567 Evi-

268 2609 465 2679 Iasius,
495 2623 628 2665 cum
657 2611 813 2663 esset
846 2607 1069 2678 primus
1090 2604 1311 2678 palatii,
1334 2604 1507 2674 jussit
1534 2601 1826 2659 decalvari
1854 2603 1912 2656 ct

267 2698 390 2755 radi
424 2699 495 2754 ad
533 2696 984 2769 turpitudinem,
1020 2694 1149 2750 dein
1182 2693 1460 2766 suspendi
1510 2707 1575 2748 ac
1625 2690 1909 2762 torqueri.

272 2787 395 2853 Quo
424 2791 688 2858 tempore
718 2784 1052 2843 coruscatio
1083 2784 1154 2840 dc
1182 2782 1347 2840 caelis
1379 2781 1594 2839 multos
1626 2779 1916 2836 ministro-

273 2890 397 2932 rum
444 2875 751 2947 percussit.
786 2874 925 2930 Dein
961 2874 1135 2945 jussit
1176 2873 1399 2931 loculos
1447 2871 1661 2942 afferri,
1697 2874 1756 2925 et
1787 2884 1913 2925 eam

271 2964 579 3020 immissam
622 2977 687 3019 ac
722 2962 890 3019 ﬁxam
925 2963 1087 3033 quasi
1138 2962 1355 3033 lignum
1405 2960 1589 3017 secari
1642 2958 1908 3015 mediam.

2014 1814 2266 1886 jusmodi
2343 1815 2655 1887 praeceptis
2724 1831 2785 1871 se
2859 1818 3374 1889 obtemperaturos
3429 1824 3660 1889 negant.

2023 1903 2398 1961 Maximianus
2465 1918 2574 1960 non
2641 1903 2811 1975 longe
2881 1906 3084 1962 aberat
3142 1925 3154 1959 :
3217 1921 3344 1963 nam
3394 1922 3456 1963 se
3511 1908 3664 1963 circa

2024 1993 2377 2049 Octodorum
2426 1993 2632 2049 itinere
2685 1993 2871 2050 fessus
2905 1995 3136 2050 enebat.
3180 1995 3381 2064 Igitur,
3429 1995 3665 2064 cognito

2021 2082 2397 2139 Thebaeorum
2423 2097 2724 2153 responso,
2752 2083 3037 2154 praecipiti
3062 2084 3146 2139 ira
3171 2083 3449 2153 fervidus,
3473 2085 3546 2140 ob
3569 2098 3665 2139 ne-

2021 2172 2211 2242 glecta
2238 2172 2476 2243 imperia
2501 2171 2787 2228 decimum
2814 2187 3100 2243 quemque
3124 2188 3197 2228 ex
3218 2173 3663 2245 eademlegione

2022 2262 2219 2333 gladio
2250 2262 2407 2319 feriri
2430 2261 2618 2331 jubet,
2645 2276 2759 2332 quo
2791 2262 3016 2319 facilius
3038 2263 3260 2335 caeteri,
3288 2265 3463 2321 rebus
3482 2265 3663 2320 certis

2022 2351 2240 2421 territi,
2266 2353 2422 2406 metu
2445 2349 2740 2406 cederent.
2768 2350 3201 2421 Redintegratis
3224 2353 3530 2423 mandatis,
3547 2354 3667 2410 edi-

2023 2440 2103 2497 cit
2137 2444 2199 2495 nt
2234 2438 2443 2509 reliqui
2474 2438 2529 2493 in
2570 2438 3034 2510 persecutionem
3075 2440 3534 2498 Christianorum
3572 2459 3692 2500 co-.

2024 2531 2259 2598 gantur.
2294 2528 2400 2583 Ubi
2432 2542 2571 2585 vero
2621 2528 2689 2584 ad
2732 2528 3005 2585 Thebaeos
3046 2530 3412 2588 denuntiatio
3455 2531 3667 2587 iterata

2029 2617 2314 2688 pervenit,
2346 2618 2761 2687 cognitumque
2793 2619 2865 2673 ab
2895 2618 2981 2674 eis
3009 2622 3095 2674 est
3149 2618 3367 2690 injungi
3401 2620 3511 2676 sibi
3544 2636 3670 2677 rur-

2028 2722 2128 2763 sus
2146 2706 2556 2761 exsecutiones
2575 2707 2863 2777 profanas,
2890 2707 3232 2764 vociferatio
3259 2708 3467 2778 passim
3492 2723 3556 2765 ac
3577 2713 3669 2765 tu-

2028 2793 2245 2850 multus
2286 2793 2340 2849 in
2377 2792 2587 2850 castris
2615 2794 2901 2863 exoritur,
2934 2794 3340 2852 aﬁirmantium
3376 2812 3666 2867 nunquam

2027 2898 2088 2939 sc
2122 2882 2222 2939 ulli
2258 2884 2312 2938 in
2345 2884 2466 2939 bzec
2512 2886 2630 2937 tam
2683 2882 2967 2953 sacrilega
3013 2883 3333 2939 ministeria
3372 2900 3662 2942 cessuros.

2029 2970 2127 3026 llis
2180 2968 2388 3025 deinde
2438 2969 2776 3039 compertis,
2825 2969 3221 3039 Maximianus,
3270 2966 3421 3025 omni
3475 2971 3665 3027 bellua

268 3052 375 3108 Sed
404 3067 516 3107 non
549 3066 675 3107 eam
707 3051 1012 3108 carniﬁces
1032 3051 1212 3108 serris
1234 3051 1356 3107 suis
1378 3049 1591 3106 laedere
1614 3047 1906 3104 valebant.
1940 3091 1995 3158 Ο
2028 3057 2349 3126 cruentior,
2385 3072 2587 3113 rursus
2618 3057 2688 3112 ad
2718 3057 2932 3128 ingenii
2970 3057 3254 3113 saevitiam
3286 3058 3459 3128 ιιθάίι,
3491 3063 3667 3130 διαιιο

269 3140 394 3158 Λη-
436 3141 584 3158 ικΑΑ.Δ
624 3140 1160 3158 _‘__-A,,n,-!|-,3_-_
1193 3139 1413 3158 nL__'_A-
1448 3138 1680 3158 __-.l-_..
1709 3135 1877 3158 -M..:L
2024 3148 2034 3158 ι
2249 3149 2259 3158 .
2365 3149 2374 3158 ι
2448 3145 2479 3158 ι.
2728 3146 2741 3158 «ι
2826 3145 2835 3155 -
3391 3147 3401 3157 ο
3474 3147 3487 3158 ε.
3537 3152 3545 3158 .

266 3140 402 3206 Quae
433 3141 589 3196 inter
617 3144 860 3211 stupens
883 3140 1165 3197 Evilasius
1191 3139 1419 3195 Christo
1440 3138 1684 3194 credere
1704 3135 1903 3207 coepit.

265 3231 329 3287 Et
361 3230 472 3286 hoc
506 3230 606 3287 ubi
636 3229 976 3300 imperatori
1008 3229 1337 3285 nuntiatum
1370 3231 1482 3296 est,
1514 3225 1666 3282 misit
1707 3224 1911 3296 praefe-

265 3323 443 3391 ctum,
477 3318 578 3390 qui
617 3332 748 3374 eum
789 3333 1131 3389 suspensum
1172 3317 1402 3373 fortiter
1440 3318 1766 3385 torqueret.
1801 3312 1909 3379 Qui

264 3408 435 3464 etiam
460 3407 637 3478 jussit
675 3408 940 3464 Faustam
965 3407 1198 3476 nudam,
1223 3408 1280 3461 ct
1312 3405 1433 3461 sine
1457 3408 1717 3461 mavorte
1740 3401 1909 3459 educi

268 3495 335 3553 de
361 3510 628 3567 carcere,
659 3496 801 3552 et'ei
832 3499 1007 3566 caput
1046 3494 1359 3564 terebrari,
1391 3508 1456 3550 ac
1498 3493 1682 3550 clavis
1726 3491 1904 3561 inﬁgi.

267 3585 363 3641 Cui
396 3584 768 3657 postmodum
799 3599 909 3641 non
943 3582 1127 3641 solum
1155 3587 1329 3655 caput
1358 3588 1418 3638 et
1451 3582 1648 3652 facies,
1678 3583 1783 3637 sed
1817 3593 1912 3650 pe-

266 3677 395 3731 ctus
425 3688 491 3730 ac
522 3677 713 3729 totum
742 3687 975 3744 corpus,
1004 3687 1185 3742 usque
1207 3672 1278 3728 ad
1301 3671 1479 3727 tibias
1498 3670 1681 3727 clavis
1713 3668 1912 3741 imple-

265 3767 386 3820 tum
406 3767 519 3819 est.
548 3763 687 3818 Post
710 3761 836 3833 hoc,
861 3761 1213 3832 sartaginem
1230 3760 1403 3831 jussit
1430 3759 1622 3830 igniri,
1640 3759 1741 3815 sed
1764 3759 1909 3828 haec,

266 3850 361 3907 illa
411 3850 723 3923 psallente,
754 3850 1042 3921 refriguit.
1078 3852 1211 3907 Haec
1252 3848 1648 3906 interveniens
1687 3862 1800 3904 vox
1840 3848 1912 3903 de

265 3938 435 4012 caelo,
467 3939 696 3997 vocavit
725 3954 845 4010 eos,
871 3943 928 3995 et
952 3939 1032 3997 sic
1056 3938 1428 3995 tradiderunt
1455 3935 1746 4009 spiritum.
1774 3938 1912 3992 Erat

269 4032 461 4085 autem
517 4029 729 4086 Fausta
781 4042 1060 4086 annorum
1117 4026 1322 4097 viginti
1374 4026 1592 4093 trium;
1629 4024 1915 4082 Evilasius

270 4117 587 4189 octoginta.

698 4188 759 4244 Ε.
795 4189 868 4245 XI
907 4188 1063 4245 KAL.
1118 4187 1480 4244 OCTOBRIS.

932 4280 1018 4346 {24
1061 4277 1257 4351 Sept.)

339 4374 367 4412 δ
391 4375 615 4432 Natalis
644 4374 829 4432 sancti
872 4374 1125 4431 Matthaei
1150 4373 1397 4446 apostoli
1427 4379 1482 4431 ct
1517 4373 1912 4444 evangelista).

344 4465 558 4521 Eodem
608 4464 724 4533 die,
779 4464 967 4535 passio
1018 4465 1071 4520 S.
1128 4463 1439 4520 Alexandri
1490 4463 1767 4534 episcopi,
1811 4462 1919 4520 sub

276 4553 563 4609 Antonino
620 4552 990 4625 imperatore.

736 4643 795 4697 F.
829 4643 874 4698 X
902 4643 1056 4698 KAL.
1092 4641 1452 4698 OCTOBRIS.

942 4735 1034 4799 (22
1061 4732 1256 4803 Sept.)

346 4830 403 4885 ln
416 4828 641 4900 Galliis,
654 4828 896 4886 civitate
913 4831 1299 4902 Seduno,loco
1313 4834 1572 4902 Aganno,
1590 4830 1782 4887 natale
1797 4847 1923 4889 san-

276 4920 499 4975 ctorum
535 4921 857 4990 martyrum
886 4919 1283 4988 Thebzeorum,
1318 4920 1590 4990 Manritii,
1624 4921 1921 4991 Exuberii,

276 5006 538 5078 Candidi,
554 5007 829 5075 Victoris,
846 5008 1188 5080 Innocentii,
1207 5009 1413 5066 Vitalis
1433 5026 1564 5067 cum
1587 5010 1761 5068 sociis
1782 5010 1922 5081 suis,

276 5094 379 5165 qui
404 5096 514 5153 sub
548 5096 890 5154 Maximiano
919 5096 1073 5169 passi
1108 5113 1212 5170 pro
1236 5098 1483 5170 Christo,
1509 5099 1925 5169 gloriosissime

274 5187 537 5243 coronati
562 5191 717 5244 sunt.
749 5189 819 5243 Ut
841 5187 1022 5258 igitur
1047 5188 1395 5246 beatissima:
1419 5189 1707 5261 passionis
1726 5204 1925 5246 eorum

275 5288 446 5333 causa
478 5275 744 5333 breviter
786 5275 1112 5349 loquamur,
1147 5278 1255 5335 sub
1294 5277 1656 5347 Maximiano,
1691 5278 1790 5350 qui
1821 5278 1930 5335 Ro-

277 5376 459 5422 manae
472 5364 835 5438 Reipublicae
848 5380 981 5423 cum
995 5365 1351 5425 Diocletiano
1374 5366 1600 5438 collega
1623 5366 1929 5439 imperium

277 5453 488 5526 tenuit,
524 5468 628 5527 per
661 5454 925 5519 diversas
956 5455 1078 5514 fere
1109 5455 1441 5529 provincias
1462 5455 1662 5514 laniati
1687 5460 1820 5514 sunt
1847 5460 1931 5513 at-

350 5587 378 5616 ι
404 5579 619 5639 Euseb.
651 5581 692 5637 I.
727 5594 847 5653 γιιι,
888 5597 939 5641 c.
971 5586 1041 5641 22
1071 5586 1126 5640 et
1163 5588 1250 5641 25.

602 5705 864 5772 Punon.
900 5706 1181 5773 CXXIII.

2021 3148 2268 3218 imperat
2325 3149 2383 3201 ut
2444 3145 2654 3202 iterum
2711 3145 2971 3202 decimus
3027 3161 3226 3202 eorum
3277 3147 3403 3202 neci
3458 3147 3668 3215 detur;

2015 3236 2219 3294 caeteri
2250 3234 2628 3292 nihilominus
2649 3238 2718 3290 ad
2746 3234 2868 3290 htBC
2893 3249 3021 3305 quae
3045 3239 3389 3306 spernerent
3415 3236 3669 3307 compel-

2018 3325 2301 3381 lerentur.
2328 3322 2745 3393 Quibnsjussis
2769 3322 2959 3378 denuo
2983 3322 3039 3376 in
3064 3323 3273 3379 castris
3298 3323 3560 3394 perlatis,
3579 3340 3664 3381 see

2016 3418 2298 3485 gregatus
2326 3417 2413 3469 cst
2457 3416 2631 3483 atque
2683 3425 2994 3483 percussus
3044 3411 3141 3481 qui
3192 3411 3453 3467 decimus
3502 3418 3661 3468 sorte

2020 3504 2361 3559 obvenerat.
2396 3500 2637 3571 Reliqua
2666 3512 2806 3555 vero
2836 3514 2896 3555 sc
2929 3498 3177 3554 militum
3204 3498 3521 3555 multitudo
3544 3515 3665 3556 niu-

2019 3595 2122 3646 tuo
2150 3603 2416 3646 sermone
2448 3588 2782 3658 instigabat,
2811 3592 2870 3644 ut
2906 3588 2959 3642 in
2995 3592 3108 3643 tam
3144 3587 3428 3658 praeclaro
3459 3587 3663 3645 ordine

2023 3678 2387 3749 persisteret.
2440 3676 2883 3732 lneitamentum
2933 3681 3125 3731 tamen
3180 3676 3489 3732 maximum
3534 3676 3664 3732 ﬁdei

2024 3780 2202 3837 penes
2229 3767 2282 3820 S.
2319 3765 2645 3821 Mauritium
2678 3764 2781 3819 fuit
2817 3764 3209 3835 primicerium
3245 3763 3488 3833 legionis
3518 3765 3663 3835 ejus,

2023 3855 2121 3926 qui
2148 3869 2279 3910 cum
2303 3853 2593 3925 Exuperio
2618 3853 2702 3924 (ut
2735 3853 2788 3907 in
2813 3852 3076 3910 exercitu
3110 3852 3429 3923 appellant)
3454 3854 3667 3924 campi-

2023 3943 2289 4013 ductore,
2324 3946 2381 3998 et
2424 3942 2681 3998 Candido
2733 3945 3002 3998 senatore
3050 3942 3317 4012 militum,
3353 3941 3664 3999 accedebat

2023 4031 2388 4089 exhortando
2411 4031 2671 4101 singulos
2694 4035 2751 4086 et
2778 4030 3082 4101 monendo,
3110 4029 3364 4085 ﬁdelium
3389 4030 3670 4086 commili-

2022 4125 2225 4178 tonum
2254 4120 2430 4176 etiam
2460 4124 2778 4191 martyrum
2809 4117 3073 4190 exempla
3106 4119 3397 4187 ingerens.
3434 4117 3532 4173 His
3565 4118 3671 4174 ita-

2025 4225 2137 4281 que
2154 4209 2507 4281 primoribus
2520 4208 2641 4265 suis
2655 4213 2830 4280 atque
2845 4208 3188 4265 auctoribus
3203 4206 3440 4263 animati
3458 4208 3673 4264 beatis-

2025 4300 2154 4358 simi
2171 4300 2299 4370 viri,
2316 4298 2677 4369 Maximiano,
2693 4298 2880 4354 adhuc
2895 4297 3114 4353 insania
3129 4297 3424 4368 aestuanti,
3443 4300 3673 4353 manda-

2029 4392 2089 4443 ta
2120 4388 2357 4443 mittunt
2382 4386 2533 4442 sicut
2557 4385 2669 4457 pia,
2700 4386 2776 4441 ita
2801 4390 2859 4441 et
2888 4385 3055 4441 fortia
3082 4404 3093 4439 :
3122 4384 3352 4454 Milites,
3381 4384 3671 4455 inquiunt,

2031 4490 2250 4546 sumus,
2270 4474 2712 4546 imperator,tui
2740 4492 2754 4538 ;
2781 4474 2879 4531 sed
2902 4478 3093 4529 tamen
3121 4472 3465 4543 servi,quod
3490 4472 3673 4528 libere

2029 4564 2397 4634 conﬁtemur,
2428 4565 2555 4631 Dei;
2586 4564 2696 4620 tibi
2745 4563 3010 4619 militiam
3062 4562 3359 4632 debemus,
3400 4561 3481 4616 illi
3518 4561 3675 4614 inno-

2032 4655 2303 4714 centiam.
2332 4657 2377 4711 A
2398 4657 2458 4711 te
2480 4653 2833 4726 stipendium
2858 4651 3078 4707 laboris
3109 4652 3444 4723 accipimus,
3472 4651 3543 4705 ab
3576 4646 3675 4701 illo

2032 4745 2169 4803 vitae
2209 4743 2516 4800 exordium
2566 4740 2936 4813 sumpsimus.
2970 4741 3141 4811 Sequi
3177 4742 3588 4811 imperatorem
3620 4734 3674 4789 in

2036 4837 2146 4892 hoc
2194 4848 2559 4905 nequaquam
2608 4845 2936 4903 possumus,
2971 4834 3029 4887 nt
3070 4834 3368 4887 auctorem
3402 4838 3679 4893 negemus

2036 4925 2254 4980 Deum:
2314 4923 2514 4993 utique
2572 4923 2870 4977 auctorem
2938 4924 3200 4975 nostrum
3256 4914 3555 4970 Dominum
3615 4927 3679 4969 ac

2037 5017 2359 5081 auctorem,
2394 5010 2539 5069 velis
2571 5009 2743 5080 nolis,
2776 5015 2956 5066 tuum.
2986 5009 3041 5064 Si
3075 5023 3185 5064 non
3210 5006 3277 5061 ad
3304 5009 3420 5058 tam
3453 5003 3679 5060 funesta

2038 5100 2464 5172 compellimur,
2502 5100 2557 5157 ni
2591 5100 2741 5155 hunc
2774 5098 3153 5163 offendamus,
3183 5092 3314 5163 tibi,
3346 5097 3406 5149 ut
3442 5092 3682 5150 fecimus

2040 5189 2342 5260 hactenus,
2368 5189 2557 5246 adhuc
2590 5188 2962 5261 parebimus;
2994 5184 3079 5240 sin
3112 5182 3283 5238 aliter
3316 5181 3421 5254 ipsi
3458 5182 3683 5256 parebi-

2042 5294 2170 5336 mus
2200 5277 2397 5350 potius
2429 5293 2597 5350 quam
2627 5278 2757 5334 tibi.
2793 5275 3101 5331 Oﬁ'erimus
3134 5276 3365 5331 nostras
3403 5273 3460 5330 in
3488 5288 3683 5347 quem-

2042 5366 2186 5425 libet
2228 5366 2456 5426 hostem
2504 5380 2730 5436 manus,
2763 5378 2908 5435 quas
2951 5362 3233 5432 sanguine
3286 5364 3680 5422 innocentium

2043 5462 2353 5517 cruentare
2403 5455 2565 5512 nefas
2616 5453 2900 5510 ducimus.
2936 5452 3201 5511 Dextoraa
3255 5453 3393 5529 ipsae
3425 5459 3681 5527 pugnare

2112 5584 2140 5625 δ
2162 5583 2308 5644 Vide
2338 5582 2440 5639 lib.
2475 5579 2547 5639 de
2576 5582 2726 5639 Fest.
2755 5581 2955 5654 Apost.
2981 5581 3060 5642 De
3089 5597 3160 5643 eo
3196 5582 3344 5640 infra
3371 5584 3439 5639 26
3468 5580 3608 5635 Nov.

3296 5706 3369 5766 12
