3992 6170
312 298 418 350 363

1367 287 1422 344 S.
1467 285 1729 344 ADONIS
1767 275 2202 343 ARCHIEPISC.
2244 285 2662 344 VIENNENSIS

3603 293 3704 349 36b

315 416 593 474 adversus
624 409 832 484 impios
858 416 917 470 et
950 410 1212 470 inimicos
1237 408 1451 482 sciunt,
1477 409 1697 468 laniare
1728 409 1858 484 pios
1885 412 1945 468 et
1974 410 2031 470 Α
2059 408 2300 468 honeste
2349 409 2737 482 componitur.
2775 408 2885 466 Sed
2915 413 2976 466 et
3007 423 3112 483 per
3152 408 3385 482 longum
3425 413 3704 484 temporis

311 504 470 560 cives
499 498 784 559 nesciunt.
821 501 1180 560 Meminimus
1217 515 1322 558 nos
1360 515 1465 572 pro
1496 499 1724 558 civibus
1754 499 1950 572 potius

313 605 482 662 quam
515 589 798 648 adversus
824 590 984 647 cives
1013 603 1169 646 arma
1195 589 1526 660 sumpsisse.
1560 589 1950 660 Pugnavimus

310 692 541 750 semper
574 693 678 751 pro
713 678 965 749 justitia,
1002 693 1107 750 pro
1143 679 1381 750 pietate,
1409 693 1514 748 pro
1553 678 1948 736 innocentium

311 766 502 824 salute
527 787 540 822 :
565 769 688 824 hac
722 767 957 825 fuerunt
985 768 1270 824 hactenus
1308 765 1494 836 pretia
1529 767 1944 838 periculorum.

311 855 702 927 Pugnavimus
734 871 840 928 pro
869 855 1020 923 fide;
1053 869 1223 925 quam
1257 869 1487 926 quoque
1521 861 1690 927 pacto
1720 871 1950 914 conser-

312 958 514 1002 vemus
542 944 672 1015 tibi,
708 945 752 1002 si
787 945 931 1001 hanc
978 945 1095 1000 Deo
1142 947 1342 1000 nostro
1394 958 1507 999 non
1558 943 1952 1002 exhibemus?

310 1032 642 1090 Juravimus
657 1031 902 1104 primum
930 1031 984 1088 in
1009 1035 1370 1088 sacramenta
1395 1030 1608 1102 divina,
1628 1031 1954 1102 juravimus

315 1121 448 1179 inde
471 1124 829 1178 sacramenta
859 1119 1037 1192 regia.
1065 1119 1217 1175 Nihil
1242 1119 1408 1176 nobis
1429 1119 1500 1176 de
1522 1121 1812 1192 secundis,
1829 1136 1952 1178 cre-

313 1208 436 1278 das,
453 1221 688 1266 necesse
711 1208 888 1278 est,si
913 1207 1094 1279 prima
1117 1207 1569 1279 perrumpimus.
1593 1207 1953 1266 Christianos

313 1297 385 1354 ad
419 1311 640 1370 poenam
672 1311 776 1369 per
825 1311 932 1353 nos
978 1296 1197 1368 requiri
1224 1295 1414 1366 jubes,
1443 1296 1558 1366 jam
1593 1297 1699 1352 tibi
1731 1312 1803 1354 ex
1845 1299 1952 1354 hoc

315 1385 411 1442 alii
444 1387 781 1458 requirendi
815 1400 928 1442 non
961 1388 1115 1442 sunt.
1144 1386 1334 1442 Habes
1356 1399 1458 1442 nos
1486 1385 1577 1442 hic
1605 1386 1954 1444 confitentes

311 1473 488 1530 Deum
521 1475 752 1531 Patrem
784 1477 1082 1531 auctorem
1113 1473 1389 1544 omnium,
1415 1476 1472 1529 et
1490 1473 1692 1530 Filium
1721 1474 1846 1544 ejus
1865 1477 1954 1531 Je-

312 1573 436 1618 sum
453 1560 743 1619 Christum
758 1559 1060 1617 Dominum
1073 1561 1384 1616 credimus.
1403 1560 1676 1618 Videmus
1691 1560 1953 1618 laborum

314 1648 829 1720 periculorumque
853 1651 1186 1704 nostrorum
1202 1649 1412 1718 socios,
1429 1649 1597 1706 nobis
1620 1664 1848 1720 quoque
1861 1665 1956 1706 eo-

2066 503 2319 557 tractum
2353 498 2507 556 beati
2539 498 2856 556 Innocentii
2891 499 3164 569 martyris
3199 500 3454 556 membra
3485 501 3705 560 Rhoda-

2061 603 2169 644 nus
2199 587 2501 644 revelavit.
2537 587 2676 655 Quae
2713 602 2822 644 non
2856 587 2987 644 ideo
3019 602 3046 643 a
3089 587 3217 644 sinu
3251 595 3430 646 terra:
3463 589 3702 659 protulit

2063 682 2122 734 ut
2175 677 2229 733 in
2286 676 2539 748 gurgitis
2599 676 2688 733 sui
2751 675 3004 748 procella
3062 675 3451 747 demet-geret,
3485 677 3586 734 sed
3643 683 3708 735 ut

2058 765 2292 823 caeteris
2323 765 2679 836 martyribus
2706 763 3008 838 sepultura
3057 764 3476 822 venerabiliter
3522 767 3705 823 socia-

2063 860 2245 912 retur.

2508 927 2569 982 (ἶ.
2605 927 2673 981 IX
2706 926 2860 980 ΚΑΒ.
2899 923 3258 982 OCTOBRIS.

2717 1015 2812 1085 (25
2857 1014 3053 1084 Sept.)

2134 1121 2335 1180 Natale
2365 1120 2551 1178 sancti
2583 1119 2725 1176 Sosii
2757 1119 2983 1176 diaconi
3017 1120 3324 1176 Mesenatm
3354 1119 3618 1176 civitatis
3652 1121 3708 1177 in

2065 1210 2392 1284 Campania.
2429 1208 2697 1276 Quicum
2739 1213 2894 1265 esset
2933 1222 3212 1264 annorum
3263 1208 3524 1280 triginta,
3562 1223 3712 1266 mar-

2063 1301 2278 1373 tyrium
2307 1314 2438 1356 cum
2473 1299 2644 1354 beato
2671 1296 2946 1354 Januario
2970 1296 3283 1353 Beneventi
3308 1297 3600 1370 episcopo,
3623 1311 3716 1355 ca-

2065 1389 2204 1462 pitis
2234 1387 2618 1445 decollatione
2648 1385 2929 1456 suscepit,
2956 1388 3218 1458 tempore
3242 1385 3584 1442 Diocletiani
3609 1386 3714 1442 im-

2067 1475 2375 1550 peratoris.
2422 1477 2494 1545 ls,
2546 1491 2676 1532 cum
2723 1479 2986 1546 tempore
3036 1474 3282 1546 quodam
3334 1474 3712 1544 Evangelium

2065 1566 2287 1636 legeret
2338 1565 2394 1620 in
2441 1562 2684 1620 ecclesia
2737 1563 3044 1620 Mesenatae
3093 1563 3370 1633 civitatis,
3421 1567 3713 1634 praesente

2065 1654 2338 1726 episcopo
2367 1652 2642 1710 Januario
2675 1651 3040 1723 (frequenter
3070 1651 3220 1708 enim
3253 1665 3384 1709 eum
3435 1667 3540 1724 pro
3586 1666 3716 1709 san-

315 1751 441 1794 rum
466 1738 744 1809 sanguine
767 1733 1040 1808 aspersis,
1066 1735 1351 1793 trucidari
1377 1737 1552 1807 ferro,
1577 1741 1633 1794 et
1659 1738 1957 1796 sanctissi-
1985 1758 2041 1823 Β
2063 1744 2270 1801 ctitate
2293 1746 2350 1798 et
2377 1741 2686 1813 prudentia
2709 1740 2953 1810 ejusvisi
2965 1746 3089 1797 tare
3108 1740 3543 1812 consueverat),
3561 1739 3712 1796 vidit

314 1842 536 1884 morum
561 1827 1020 1884 commilitonum
1037 1829 1276 1896 mortes,
1293 1829 1349 1880 et
1368 1826 1611 1881 fratrum
1627 1825 1826 1883 funera
1843 1841 1955 1884 non

315 1916 602 1987 flevimus,
640 1931 753 1972 non
787 1915 1101 1983 doluimus,
1129 1915 1227 1972 sed
1263 1914 1459 1987 potius
1489 1914 1870 1986 laudavimus,
1896 1919 1953 1972 et

313 2005 527 2076 gaudio
554 2007 852 2076 prosecuti
876 2022 1076 2066 sumus
1100 2005 1231 2078 quia
1257 2004 1412 2076 digni
1431 2003 1954 2076 habitiessentpati

316 2108 422 2166 pro
444 2093 688 2150 Domino
712 2095 828 2151 Deo
843 2109 1064 2153 eorum.
1082 2097 1203 2152 Non
1219 2092 1425 2150 nosvel
1448 2092 1569 2148 haec
1589 2092 1956 2150 ultimzevitae

312 2182 640 2240 necessitas
669 2182 724 2239 in
757 2183 1134 2241 rebellionem
1165 2181 1342 2254 cogit.
1363 2183 1483 2238 Non
1516 2196 1624 2240 nos
1645 2184 1954 2240 adversum

315 2276 394 2342 te,
413 2271 1001 2343 imperator,armavit
1023 2274 1141 2344 ipsa
1159 2272 1520 2342 saltem,quaa
1537 2271 1849 2328 fortissima
1864 2276 1957 2328 est

318 2360 372 2415 in
398 2359 694 2432 periculis,
721 2359 1076 2432 desperatio.
1094 2362 1378 2417 Tenemus
1396 2375 1530 2417 ecce
1554 2376 1733 2432 arma,
1759 2365 1816 2417 et
1843 2377 1954 2418 non

315 2447 644 2506 resistimus
670 2465 684 2515 ;
720 2449 854 2520 quia
884 2449 1028 2505 mori
1059 2464 1230 2521 quam
1263 2448 1534 2506 occidere
1564 2449 1872 2520 malumus,
1897 2455 1955 2506 et

315 2536 656 2594 innocentes
678 2535 920 2594 interire
943 2552 1112 2608 quam
1137 2537 1292 2595 noxii
1317 2537 1515 2594 vivere
1541 2543 1950 2610 praceptamns.

315 2623 371 2680 Si
388 2624 527 2696 quid
545 2625 598 2681 in
616 2639 725 2684 nos
741 2625 894 2682 ultra
917 2627 1221 2697 statueris,
1240 2627 1288 2684 si
1313 2626 1452 2698 quid
1475 2625 1664 2684 adhuc
1682 2625 1952 2698 jusseris,

313 2713 363 2769 si
387 2713 526 2784 quid
562 2713 914 2784 admoveris,
941 2713 1152 2786 ignem,
1179 2719 1490 2785 tormenta,
1519 2714 1734 2772 ferrum
1762 2715 1956 2772 subire

315 2801 506 2874 parati
555 2816 772 2860 sumus.
814 2803 1177 2862 Christianos
1222 2819 1328 2861 nos
1373 2804 1956 2877 fatemurzpersequi

316 2891 680 2949 Christianos
709 2905 820 2948 non
846 2906 1167 2964 possumus.
1197 2893 1334 2950 Cum
1361 2892 1483 2950 haec
1509 2893 1644 2949 talia
1670 2893 1960 2950 Maximia-

317 2990 426 3038 nus
447 2981 730 3052 audisset,
757 2982 1206 3054 obstinatosque
1231 2982 1286 3038 in
1317 2982 1428 3039 fide
1453 2981 1666 3038 Christi
1687 2987 1958 3040 cerneret

317 3069 544 3128 animos
560 3069 842 3141 virorum,
875 3071 1196 3142 desperans
1224 3071 1534 3140 gloriosam
1557 3085 1759 3128 eorum
1792 3085 1959 3129 cons-

315 3158 560 3213 tantiam
585 3171 760 3229 posse
783 3171 1083 3228 revocare,
1110 3173 1218 3214 una
1243 3159 1533 3214 sententia
1560 3157 1809 3216 interﬁci
1843 3174 1962 3216 om-

316 3258 421 3302 nes
465 3244 749 3315 decrevit,
793 3251 852 3302 et
885 3260 1005 3302 rem
1036 3244 1266 3317 conﬁci,
1307 3246 1676 3304 circumfusis
1717 3246 1963 3304 militum

323 3333 874 3406 agminibus,jubet.
901 3333 1009 3401 Qui
1037 3349 1167 3392 cum
1193 3334 1350 3392 missi
1375 3335 1444 3392 ad
1472 3335 1862 3393 beatissimam
1886 3334 1966 3392 le-

316 3423 546 3494 gionem
568 3413 891 3496 venissent,
914 3425 1208 3496 stringunt
1241 3425 1294 3481 in
1329 3431 1569 3483 sanctos
1589 3425 1825 3498 impium
1856 3425 1965 3481 fer-

321 3527 448 3571 rum
473 3513 618 3570 mori
643 3527 757 3570 non
790 3518 1132 3572 recusantes
1161 3515 1299 3572 vitae
1335 3529 1550 3572 amore.
1578 3514 1965 3572 Czedebantur

325 3601 526 3674 itaque
555 3602 766 3674 passim
796 3601 1032 3674 gladiis,
1058 3617 1170 3662 non
1205 3604 1590 3662 reclamantes
1621 3603 1827 3660 saltem
1861 3609 1960 3660 aut

316 3695 734 3765 repugnantes,
751 3692 946 3764 sedet,
965 3693 1252 3766 depositis
1273 3694 1468 3762 armis,
1487 3693 1747 3751 cervices
1769 3708 1963 3766 perse-

315 3782 624 3841 cutoribus
647 3784 1000 3856 praebentes,
1017 3783 1246 3856 etjugul
1260 3799 1350 3841 um
1367 3783 1847 3856 persecutoribus
1865 3783 1958 3839 vel

315 3870 598 3930 intectum
613 3888 832 3947 corpus
845 3874 1178 3932 offerentes.
1197 3873 1604 3931 Victorautem
1621 3877 1841 3945 martyr
1855 3887 1959 3928 nec

315 3957 562 4031 legionis
601 3961 858 4031 ejusdem
902 3961 1030 4030 fuit,
1065 3976 1170 4017 nec
1202 3961 1390 4030 miles,
1417 3962 1516 4018 sed
1546 3961 1806 4018 emeritae
1841 3961 1959 4030 jam

317 4049 542 4104 militiae
583 4054 914 4106 veteranus.
944 4050 1044 4105 llic
1075 4065 1205 4106 cum
1242 4050 1356 4106 iter
1382 4064 1560 4120 agens
1592 4050 1786 4107 subito
1819 4050 1959 4106 inei-

317 4137 500 4194 disset
525 4135 580 4192 in
605 4136 710 4194 hos
734 4137 830 4208 qui
856 4137 1068 4210 passim
1093 4136 1484 4210 epulabantur
1509 4137 1622 4195 laeti
1640 4143 1958 4208 martyrum

316 4225 546 4298 spoliis,
576 4232 750 4296 atque
783 4227 854 4283 ab
893 4227 982 4283 his
1023 4226 1093 4284 ad
1139 4227 1606 4285 convescendum
1655 4226 1955 4298 invitatus,

322 4314 608 4387 prolatam
643 4315 715 4372 ab
761 4314 1198 4373 exsultantibus
1255 4331 1358 4389 per
1411 4317 1671 4374 ordinem
1721 4329 1958 4374 causam

316 4416 701 4473 cognoscens,
761 4401 1094 4460 detestatur
1159 4405 1458 4474 convivas,
1512 4403 1956 4474 detestatusque

1990 3115 2042 3178 ϐ

2066 1832 2262 1890 subito
2290 1831 2439 1886 idem
2471 1829 2781 1902 episcopus
2812 1829 2882 1886 de
2915 1829 3108 1902 capite
3141 1828 3268 1899 ejus
3298 1828 3584 1886 flammam
3613 1843 3715 1885 ex-

2065 1935 2326 1991 surgere,
2363 1933 2531 1990 quam
2566 1932 2734 1974 nemo
2765 1917 2915 1975 alius
2945 1917 3088 1973 vidit
3116 1937 3130 1973 :
3159 1917 3556 1989 pronuntiavit
3579 1932 3715 1975 eum

2065 2013 2379 2081 martyrem
2408 2009 2692 2064 futurum.
2730 2007 2796 2062 Et
2833 2013 2969 2078 post
2991 2021 3104 2062 non
3129 2005 3348 2076 multos
3371 2006 3500 2063 dies
3521 2006 3720 2064 diaco-

2066 2114 2176 2156 nus
2206 2101 2424 2168 tentus,
2459 2101 2516 2152 et
2550 2097 2606 2152 in
2636 2109 2930 2153 carcerem
2958 2095 3173 2152 missus
3191 2099 3301 2152 est.
3331 2095 3416 2150 Ad
3439 2109 3610 2166 quem
3634 2095 3720 2150 vi-

2065 2187 2356 2244 sitandum
2410 2202 2538 2244 cum
2599 2185 2853 2242 venisset
2908 2184 3221 2257 episcopus
3277 2199 3408 2240 cum
3468 2183 3720 2242 diacono

2067 2276 2258 2346 Festo,
2274 2279 2329 2331 et
2356 2273 2577 2330 lectore
2601 2288 2705 2330 suo
2730 2271 3048 2342 Desiderio,
3065 2277 3124 2327 et
3149 2272 3270 2344 ipse
3291 2271 3523 2328 cumeis
3537 2271 3718 2328 simul

2065 2367 2284 2434 tentus,
2302 2378 2366 2419 ac
2391 2361 2612 2434 pariter
2633 2375 2832 2417 omnes
2854 2375 2985 2417 cum
3010 2358 3532 2418 aliistribusoccisi
3550 2365 3715 2418 sunt.

2137 2451 2350 2508 Eodem
2381 2451 2475 2506 die
2506 2449 2700 2506 natale
2743 2453 2962 2506 sancta
2997 2447 3222 2505 Thecla}
3259 2448 3522 2519 virginis,
3557 2450 3718 2520 apud

2068 2528 2386 2597 Seleuciam
2429 2537 2788 2610 quiescentis
2820 2558 2831 2592 :
2867 2553 2996 2608 quae
3044 2537 3116 2594 de
3163 2537 3403 2594 civitate
3457 2537 3653 2594 Iconio
3688 2553 3719 2594 a

2069 2629 2170 2686 bea
2183 2634 2240 2686 to
2259 2626 2439 2686 Paulo
2462 2626 2731 2700 aposto‘o
2748 2627 3035 2684 instructa
3051 2629 3162 2683 est.
3184 2625 3362 2693 Quam
3380 2629 3568 2683 mater
3586 2626 3720 2698 ejus

2066 2732 2316 2774 cernens
2349 2715 2758 2786 Christianam,
2783 2720 2840 2771 et
2875 2721 3117 2787 nuptum
3141 2713 3476 2787 repudiare;
3501 2714 3724 2772 malen-

2066 2809 2184 2863 tem
2242 2805 2470 2862 Christo
2521 2818 2736 2877 sponso
2780 2803 3081 2860 adhaerere
3133 2817 3303 2875 quam
3347 2803 3722 2876 corruptioni

2066 2894 2260 2952 carnis
2311 2893 2640 2964 subjacere,
2686 2906 2936 2964 pergens
2984 2893 3055 2948 ad
3099 2891 3375 2963 judicem,
3411 2891 3722 2948 accusavit

2067 2981 2348 3053 virginem
2367 2980 2541 3037 filiam
2557 2994 2718 3037 suam
2733 2994 2864 3037 esse
2883 2979 3292 3050 Christianam,
3310 2979 3514 3038 dicens
3526 2979 3720 3036 vivam

2067 3083 2214 3139 eam,
2233 3074 2542 3126 utcaeterae
2557 3067 2834 3125 mulieres
2848 3072 3235 3138 terrerentur,
3255 3067 3469 3125 debere
3483 3067 3718 3124 ardere.

2075 3158 2256 3225 Quam
2286 3157 2395 3216 sibi
2427 3171 2558 3214 cum
2585 3155 2862 3228 jussisset
2891 3155 3071 3227 judex
3099 3155 3331 3227 adduci,
3365 3159 3422 3212 et
3456 3155 3724 3228 proposi-

2075 3251 2193 3304 tum
2227 3246 2524 3304 castitatis
2552 3247 2678 3317 ejus
2709 3245 3138 3318 perdidicisset,
3169 3260 3372 3316 rogum
3396 3245 3534 3302 fecit
3561 3258 3729 3318 para-

2073 3334 2141 3406 ri,
2159 3339 2223 3392 ut
2248 3334 2403 3392 illam
2419 3334 2780 3391 incenderet.
2797 3335 2981 3406 Rapta
2999 3333 3180 3404 igitur
3193 3334 3265 3390 ah
3278 3333 3728 3406 apparitoribus

2075 3427 2136 3480 ut
2167 3423 2223 3479 in
2257 3423 2445 3480 focum
2473 3421 2816 3492 jactaretur.
2852 3428 3062 3495 sponte
3095 3435 3292 3494 pyram
3334 3421 3622 3493 ascendit,
3655 3425 3724 3478 ut

2071 3510 2444 3582 signocrucis
2461 3511 2630 3581 facto,
2649 3509 2802 3566 virili
2818 3510 3007 3566 animo
3029 3511 3184 3566 inter
3206 3510 3426 3567 medias
3455 3509 3724 3567 ﬂammas

2072 3601 2255 3670 stetit,
2284 3600 2594 3670 subitoque
2628 3599 2778 3656 facta
2803 3599 3179 3656 inundatione
3203 3598 3726 3672 pluviarum,ignis

2069 3689 2400 3747 exstinctus
2419 3694 2530 3758 est,
2548 3692 2606 3745 et
2631 3689 2800 3745 beata
2827 3688 2990 3758 virgo
3015 3687 3193 3746 illaesa
3219 3689 3436 3744 virtute
3460 3702 3721 3760 superna

2069 3778 2337 3851 eripitur.
2367 3780 2582 3834 lterum
2611 3777 3020 3850 cumjejuniis,
3037 3776 3253 3848 vigiliis
3272 3781 3330 3832 et
3353 3775 3725 3832 orationibus

2067 3871 2325 3936 vacaret,
2362 3881 2392 3924 a
2427 3867 2676 3937 quodam
2698 3865 2826 3922 viro
2851 3869 3090 3938 potente
3119 3865 3565 3938 comprehensa,
3592 3879 3726 3937 per-

2068 3956 2242 4012 ducta
2267 3961 2361 4012 est
2384 3955 2456 4010 ad
2475 3953 2806 4027 praesidem,
2823 3954 2979 4024 quod
2993 3967 3054 4010 se
3069 3953 3452 4010 Christianam
3469 3952 3716 4009 diceret.

2069 4043 2248 4110 Quam
2283 4042 2435 4098 idem
2483 4041 2792 4112 proconsul
2843 4037 3310 4112 interrogans'si
3364 4053 3504 4096 vere
3554 4045 3720 4097 esset

2068 4131 2224 4202 quod
2243 4143 2452 4186 accusa
2464 4130 2654 4200 batur,
2675 4129 2976 4201 respondit
2999 4129 3232 4186 omnino
3251 4127 3644 4185 Christianam
3659 4141 3724 4185 se

2066 4234 2220 4276 esse.
2257 4217 2436 4284 Quam
2467 4217 2746 4274 continuo
2781 4231 3002 4290 praeses
3029 4219 3101 4274 ad
3141 4217 3364 4274 bestias
3395 4217 3716 4274 damnavit.

2068 4308 2303 4364 Interim
2330 4311 2522 4362 tamen
2547 4301 2662 4377 quo
2685 4307 3112 4378 subrigeretur,
3134 4305 3579 4364 commandatur
3599 4305 3722 4362 cui-

2069 4397 2198 4452 dum
2223 4394 2402 4452 nobili
2427 4394 2674 4466 feininze,
2692 4409 2820 4466 qua:
2847 4395 3168 4468 propinqua
3194 4394 3442 4452 Caesaris
3461 4399 3614 4464 erat,
3629 4407 3724 4450 no-

315 4490 647 4550 convivium
678 4492 1002 4563 refugiebat
1029 4510 1044 4561 ;
1077 4473 1632 4565 requirentibusque
1655 4507 1726 4549 ne
1747 4496 1805 4549 et
1831 4473 1955 4564 ipse

2070 4485 2220 4541 mine
2251 4483 2554 4556 Tripheua.
2588 4484 2863 4555 Sequenti
2896 4483 2989 4540 die
3013 4483 3316 4556 productae
3341 4485 3480 4540 sunt
3504 4481 3718 4539 bestia)

319 4581 563 4638 forsitan
594 4581 956 4639 Christianus
986 4588 1166 4652 esset,
1193 4582 1581 4640 Christianum
1613 4597 1698 4652 se,
1721 4585 1779 4638 et
1810 4596 1956 4638 sem-

316 4685 420 4744 per
434 4672 692 4729 futurum
707 4685 838 4728 esse
853 4672 1178 4745 respondit.
1196 4674 1275 4729 Ac
1289 4671 1486 4728 statim
1506 4671 1580 4728 ab
1596 4670 1956 4727 irruentibus

315 4761 684 4832 interfectus,
708 4761 941 4819 cateris
972 4761 1330 4834 martyribus
1359 4760 1511 4816 sicut
1547 4765 1755 4828 morte,
1780 4757 1954 4814 etiam

313 4847 534 4908 honore
562 4849 913 4921 conjunctus
934 4854 1043 4907 est.
1071 4849 1220 4916 Quid
1247 4848 1456 4906 deinde
1477 4848 1634 4904 circa
1666 4845 1956 4903 Maximia-

313 4953 445 4996 nnm
479 4943 786 5013 tyrannum
818 4937 894 4995 sit
925 4941 1325 5007 consecutum,
1353 4936 1513 4993 brevi
1536 4933 1815 5004 colligere
1838 4933 1957 5006 pla-

311 5027 453 5084 cuit.
489 5028 648 5100 Cum,
673 5025 978 5101 dispositis
1008 5025 1261 5096 insidiis,
1288 5037 1504 5096 genero
1538 5037 1644 5080 suo
1677 5025 1957 5081 Constan-

312 5113 436 5170 tino
459 5121 702 5174 mortem
725 5113 1050 5186 moliretur,
1066 5114 1433 5188 deprehenso
1457 5112 1614 5183 dolo,
1639 5112 1790 5187 apud
1815 5113 1956 5170 Mas-

311 5201 503 5259 siliam
531 5211 739 5277 captus
759 5210 872 5264 est.
906 5205 1022 5262 Nec
1055 5203 1239 5262 multo
1263 5207 1396 5276 post
1419 5201 1846 5273 strangulatus,
1875 5206 1956 5259 te-

311 5290 672 5364 terrimoque
704 5293 994 5368 supplicio
1027 5294 1292 5364 affectus,
1316 5292 1548 5366 impiam
1569 5291 1747 5349 vitam
1782 5291 1953 5362 digna

311 5385 502 5440 morte
525 5380 732 5440 finivit.
751 5387 826 5442 At
837 5399 980 5444 vero
1002 5384 1471 5444 beatissimorum
1496 5389 1813 5453 martyrum
1835 5394 1958 5436 cor-

314 5487 456 5548 pora
492 5477 623 5548 post
656 5474 873 5533 multos
905 5475 1195 5550 passionis
1217 5487 1402 5533 annos
1425 5477 1628 5531 sancto
1649 5470 1954 5528 Theodoro

313 5562 592 5640 episcOpo
619 5562 978 5639 revelantur,
1002 5569 1064 5624 et
1096 5565 1154 5622 in
1181 5577 1384 5624 eorum
1412 5563 1694 5622 honorem
1715 5557 1954 5620 basilica

2065 4573 2136 4630 de
2169 4573 2397 4640 caveis;
2432 4572 2666 4630 sistitur
2699 4573 2866 4629 beata
2904 4570 3110 4629 Thecla
3155 4571 3211 4628 in
3251 4571 3445 4628 arenis
3482 4569 3716 4641 mediis,-

2067 4667 2343 4735 stupente
2361 4661 2760 4735 pepulo,quod
2774 4674 2898 4716 eam
2917 4659 3120 4718 bestiae
3135 4659 3366 4717 minime
3382 4662 3713 4730 tangerent.

2065 4751 2390 4808 Reducitur
2412 4752 2578 4807 beata
2609 4747 2814 4806 Thecla
2848 4749 2919 4806 ad
2951 4749 3184 4807 domum
3217 4747 3540 4822 Triphenae,
3565 4752 3630 4804 ut
3660 4747 3717 4803 in

2064 4841 2402 4898 crastimum
2437 4839 2649 4896 iterum
2685 4838 2822 4896 feris
2854 4838 3232 4909 objiceretur.
3260 4837 3440 4906 Quam
3465 4835 3718 4894 ministri

2065 4945 2194 4986 cum
2227 4930 2299 4985 de
2329 4929 2501 4984 domo
2548 4932 2903 5000 repeterent,
2937 4927 3219 5000 Triphena
3269 4925 3498 4983 doloris
3547 4924 3718 4998 plena

2066 5017 2332 5088 sequitur
2378 5031 2503 5072 eam
2553 5031 2738 5088 usque
2780 5016 2853 5074 ad
2887 5016 3308 5088 spectaculum,
3345 5015 3446 5072 ubi
3489 5013 3718 5071 clamor

2063 5105 2222 5175 vulgi
2251 5111 2311 5162 et
2337 5105 2630 5164 tumultus
2657 5111 2786 5164 erat
2827 5106 3148 5164 immensus
3185 5107 3414 5163 beatam
3444 5101 3716 5162 Theclam

2065 5194 2476 5268 spectantium.
2513 5196 2737 5253 Nudata
2768 5209 2909 5252 vero
2943 5196 3112 5252 beata
3141 5195 3388 5267 virgine,
3413 5193 3719 5252 dimittun-

2067 5291 2164 5342 tur
2193 5285 2245 5342 ei
2269 5283 2468 5342 leones
2491 5284 2713 5358 pariter
2732 5289 2790 5342 et
2816 5285 2959 5341 ursi.
2987 5284 3095 5341 Sed
3125 5283 3282 5342 nulla
3309 5284 3564 5341 ferarum
3585 5293 3714 5340 eam

2065 5373 2280 5433 ladere
2310 5373 2706 5448 praesumpsit.
2723 5373 2940 5432 Deinde
2965 5374 3022 5430 in
3046 5373 3261 5432 fossam
3285 5385 3433 5446 aqua
3460 5371 3711 5446 plenam,

2065 5465 2164 5522 ubi
2199 5469 2507 5538 serpentes
2531 5463 2768 5522 adunati
2789 5469 2850 5522 et
2869 5463 3109 5523 collecti
3135 5465 3387 5536 fuerant,
3413 5477 3443 5520 a
3469 5457 3716 5522 furentid

2066 5553 2177 5612 bus
2205 5553 2438 5628 populis
2469 5569 2602 5614 cum
2629 5558 2964 5629 urgeretur,
2985 5553 3154 5628 signo
3173 5552 3373 5618 crucis
3395 5547 3720 5613 munimin-
