4004 6168
279 283 381 336 365

1004 276 1610 337 MARTYROLOGIUM
1651 280 1793 338 CUM
1832 277 2361 338 ADDITAMENTIS.
2404 309 2471 319 —
2511 276 2712 333 MENS.
2757 277 2941 333 SEPT.

3546 264 3674 333 ’366

274 405 480 464 siluit:
513 402 617 459 sed
645 414 752 459 nec
783 402 856 459 ab
878 400 964 458 eis
996 400 1117 459 ullo
1141 405 1311 473 pacto
1335 401 1493 460 laesa.
1526 404 1742 461 lterum
1767 408 1922 475 atro-
1956 406 2005 466 Α
2035 403 2192 476 mihi,
2229 398 2711 475 quemadmodum
2738 399 2878 456 victi
2902 400 3043 456 estis
3078 415 3109 456 a
3142 401 3365 471 virgine
3403 402 3674 459 Iustina?

274 495 466 552 ciores
499 491 706 548 bestiae
730 497 1026 562 parantur,
1062 490 1165 547 sed
1191 490 1306 547 ullo
1340 492 1507 549 modo
1531 496 1768 563 tangere
1790 508 1915 551 eam

277 597 383 641 non
417 586 557 639 sunt
592 579 913 652 permissae.
940 581 1150 636 Verum
1176 595 1279 637 nec
1302 580 1489 637 adhuc
1523 582 1633 638 sibi
1666 583 1917 640 crudeli-

274 679 366 731 tas
398 671 639 728 modum
672 668 848 740 ponit.
887 667 1175 738 Alligatur
1200 668 1430 726 duobus
1465 671 1653 727 tauris
1678 672 1918 728 ferocis-

273 762 455 830 simis,
494 759 649 814 t‘erro
670 756 956 813 candente
997 756 1335 828 stimulatis,
1371 762 1434 814 ut
1464 774 1588 815 eam
1622 759 1919 833 discerpe-

276 854 424 908 rent.
452 846 584 916 Qui,
612 845 848 902 funibus
869 844 1142 917 diruptis,
1178 847 1505 917 vagabundi
1530 848 1640 904 huc
1663 848 1918 919 illucque

277 939 638 1006 discurrunt,
663 949 732 991 ac
763 939 1074 1005 martyrem
1105 934 1323 992 nullius
1346 935 1476 993 mali
1503 952 1730 1009 passam
1748 938 1920 994 relin-

280 1022 855 1101 quunt.Accersitam
869 1022 1000 1079 deni
1033 1037 1144 1093 que
1170 1026 1478 1095 proconsul
1500 1040 1624 1082 eam
1651 1027 1918 1099 requirit,

282 1130 409 1188 qua
422 1118 525 1171 aut
541 1112 694 1169 unde
706 1114 888 1179 esset,
907 1112 1038 1181 quia
1061 1111 1218 1167 nulla
1235 1114 1553 1171 bestiarum
1568 1130 1693 1171 eam
1708 1116 1921 1173 laedere

288 1204 595 1278 potuisset.
622 1203 681 1256 Β.
707 1199 913 1256 Thecla
929 1200 1266 1271 respondit:
1287 1202 1385 1257 Dei
1411 1204 1522 1259 vivi
1544 1208 1770 1262 tantum
1795 1220 1922 1263 sum

286 1290 517 1350 ancilla.
542 1289 808 1346 Territus
836 1292 1028 1346 autem
1070 1291 1405 1360 proconsul,
1433 1294 1587 1362 quod
1607 1298 1787 1351 tantae
1811 1296 1926 1351 vir-

289 1381 433 1438 tutis
448 1383 631 1448 esset,
648 1378 1030 1434 induenseam
1045 1378 1324 1445 vestibus,
1341 1380 1522 1435 edixit
1541 1383 1922 1440 sententiam:

287 1468 578 1538 Theclam,
615 1465 824 1537 inquit,
869 1465 1106 1537 pietatis
1150 1482 1218 1523 ac
1250 1468 1348 1523 Dei
1379 1468 1665 1526 cultricen
1705 1470 1923 1528 relaxo.

289 1558 533 1615 Dimissa
568 1570 730 1625 vero,
755 1568 991 1611 reversa
1022 1558 1110 1611 est
1138 1555 1193 1610 in
1218 1556 1447 1612 domum
1483 1559 1806 1630 Triphenaa,
1830 1560 1928 1617 ubi

292 1645 585 1718 requievit
626 1642 826 1716 paucis
864 1642 1090 1713 diebus,
1125 1644 1342 1701 docens
1361 1646 1703 1718 Triphenam
1742 1653 1799 1704 et
1833 1648 1933 1705 do-

2026 493 2129 550 Cui
2163 491 2470 548 diabolus:
2505 490 2706 546 Dicere
2731 489 2832 545 tibi
2859 503 2969 544 non
3004 503 3329 560 possumus,
3366 489 3472 546 nisi
3510 490 3676 561 prius

2020 580 2184 652 jures
2215 580 2370 635 mihi.
2401 580 2656 650 Cumque
2690 578 3010 650 Cyprianus
3034 577 3116 632 illi
3152 578 3427 648 jurasset,
3455 578 3535 633 ait
3556 579 3675 635 dia-

2029 670 2198 729 bolus
2222 689 2233 725 :
2260 668 2376 725 vidi
2411 668 2634 739 signum
2663 666 2955 737 Cruciﬂxi,
2980 671 3038 722 et
3062 664 3324 723 extimui.
3353 667 3675 737 Cyprianus

2029 760 2174 817 dixit
2200 779 2212 815 :
2248 773 2407 829 ergo,
2435 756 2757 814 Crueiﬂxus
2780 757 2960 827 major
2993 762 3048 812 te
3077 760 3163 813 est
3188 757 3211 811 ?
3234 755 3379 811 Dicit
3403 755 3455 809 ei
3480 755 3676 812 diabo-

2029 849 2151 907 lus:
2186 849 2391 919 Etiam,
2424 848 2604 918 major
2637 845 2786 901 cnim
2811 850 2900 903 est
2932 845 3205 901 omnium.
3240 843 3402 910 Quod
3437 843 3677 901 audiens

2032 940 2370 1011 Cyprianus,
2399 942 2778 994 contemnens
2801 935 3079 991 virtutem
3107 932 3323 990 diaboli
3348 937 3404 987 et
3436 948 3680 989 currens

2031 1029 2188 1086 venit
2221 1029 2292 1084 ad
2315 1028 2653 1099 episcopum
2679 1024 3031 1093 Anthimum,
3057 1023 3387 1094 ceciditque
3408 1019 3478 1078 ad
3504 1021 3680 1093 pedes

2033 1119 2177 1189 ejus,
2230 1132 2441 1187 rogans
2482 1121 2544 1171 ut
2586 1115 2823 1171 doceret
2858 1129 3009 1184 eum,
3044 1118 3102 1169 et
3144 1111 3431 1182 baptismo
3464 1109 3680 1165 Christi

2032 1208 2423 1278 consignaret.
2451 1207 2662 1261 Beatus
2691 1209 2883 1260 autem
2902 1204 3231 1274 episcopus,
3265 1202 3489 1272 gratias
3507 1216 3685 1272 agens

2036 1301 2172 1368 Deo,
2206 1295 2596 1353 catechizavlt
2628 1309 2778 1349 eum.
2814 1295 2881 1348 Et
2926 1297 3231 1349 revertens
3264 1291 3586 1362 Cyprianus
3628 1291 3682 1346 in

2038 1389 2269 1444 domum
2302 1399 2484 1453 suam,
2510 1384 2699 1439 omnia
2744 1382 2895 1438 idola
2926 1382 3231 1451 confregit.
3259 1383 3415 1437 Tunc
3449 1380 3684 1437 rediens

2039 1475 2107 1532 ad
2132 1474 2458 1541 ecclesiam,
2485 1472 2800 1541 diligenter
2829 1470 3034 1527 salutis
3063 1471 3304 1526 verbum
3349 1469 3685 1526 auscultare

2039 1564 2215 1635 coepit
2265 1564 2411 1619 Hora
2436 1561 2645 1618 deinde
2668 1560 2949 1623 residens,
2976 1573 3085 1630 qua
3111 1559 3510 1616 catechumeni
3536 1559 3688 1614 foras

2042 1654 2429 1708 mittebantur
2474 1650 2798 1719 ecclesiam,
2848 1649 3114 1731 .monitus
3151 1655 3240 1705 est
3281 1662 3310 1703 a
3344 1647 3586 1705 diacouo
3624 1651 3686 1703 ut

294 1750 445 1794 mum
477 1733 608 1804 ejus
650 1732 704 1787 in
748 1731 1108 1822 ﬂdeADomini
1150 1734 1334 1822 nostri
1358 1737 1493 1793 Jesu
1519 1736 1753 1794 Christi.
1798 1737 1932 1795 Inde
1966 1762 2017 1822 Β
2047 1758 2176 1800 cum
2208 1740 2452 1812 reliquis
2474 1739 2906 1796 catechumenis
2936 1739 3339 1809 egrederetur.
3368 1738 3692 1794 Conversus

294 1836 558 1896 egressa,
590 1822 748 1878 venit
793 1819 1113 1877 Seleuciam
1156 1820 1353 1893 ibique
1395 1825 1661 1897 exemplo
1706 1830 1764 1882 et
1799 1841 1935 1883 con-

297 1912 630 1970 versatione
653 1910 789 1967 vitze
812 1914 989 1981 atque
1010 1910 1186 1966 etiam
1210 1911 1480 1968 doctrina
1504 1913 1792 1985 plurimos
1815 1929 1946 1971 eru-

302 2002 485 2071 diens,
521 2004 652 2072 post
677 1998 857 2055 multa
879 1999 1196 2055 certamina
1221 2000 1475 2072 duplicis
1493 2017 1744 2073 coronae,
1771 2003 1947 2072 virgi-

300 2090 501 2146 nitatis
532 2092 591 2144 et
625 2086 908 2159 martyrii,
944 2087 1232 2158 requievit
1266 2089 1323 2143 in
1353 2104 1518 2161 pace.

701 2195 762 2248 A.
809 2191 931 2247 VIII
969 2192 1128 2248 KAL.
1173 2193 1534 2249 OCTOBRIS.

1031 2283 1123 2346 (24
1161 2283 1359 2354 Sept.)

374 2378 691 2452 Conceptio
712 2377 765 2434 S.
794 2378 1030 2435 Joannis
1061 2379 1334 2451 baptista;
1365 2378 1608 2436 Domini.

372 2469 440 2525 Et
470 2468 530 2547 in
562 2468 1007 2540 Augustoduno,
1035 2467 1255 2525 nutalis
1282 2470 1334 2524 S.
1375 2467 1677 2538 Andochii,
1715 2467 1954 2540 presby-

307 2557 437 2628 teri,
469 2556 672 2628 Thyrsi
704 2556 951 2628 diaconi,
987 2562 1045 2613 et
1087 2556 1311 2614 Felicis.
1358 2553 1464 2623 Qui
1497 2571 1528 2612 a
1556 2559 1759 2613 saneto
1789 2554 1956 2625 Poly-

309 2662 487 2720 carpo
535 2646 811 2719 episcopo
841 2647 914 2703 ab
964 2645 1203 2703 Oriente
1255 2645 1463 2704 directi
1515 2645 1586 2702 ad
1636 2643 1954 2702 docendam

315 2735 570 2807 Galliam,
606 2737 714 2793 sub
744 2734 1058 2793 Aureliano
1090 2735 1351 2808 principe
1381 2739 1515 2793 sunt
1545 2732 1957 2806 glorirsissime

317 2824 590 2881 coronati.
628 2823 925 2895 Siquidem
970 2823 1215 2895 ﬂagellis
1251 2824 1406 2895 cmsi,
1465 2824 1523 2880 in
1572 2822 1798 2892 ultimo,
1832 2824 1959 2876 toto

316 2912 409 2970 die
440 2912 686 2971 inversis
726 2913 993 2970 manibus
1042 2913 1327 2985 suspensi,
1361 2916 1418 2969 et
1452 2912 1507 2968 in
1540 2912 1729 2983 ignem
1775 2908 1956 2979 missi,

317 3004 413 3063 sed
438 3017 551 3061 non
573 3002 886 3073 combusti,
916 3001 1150 3059 tandem
1174 3001 1442 3059 vectibus
1478 2999 1627 3057 colla
1652 2998 1959 3055 feriuntur.

317 3097 488 3166 atque
528 3092 611 3148 ita
652 3091 992 3162 martyrium
1039 3106 1207 3149 suum
1254 3088 1668 3162 gloriosissime
1707 3084 1958 3158 comple—
1990 3112 2040 3179 α

317 3185 545 3259 verunt,
580 3185 790 3240 octavo
820 3179 1109 3239 Kalendas
1135 3179 1423 3238 Octobris.

733 3289 794 3343 Β.
838 3288 934 3345 VII
975 3287 1130 3343 ΚΑΙ..
1176 3283 1537 3342 OCTOBRIS.

967 3378 1059 3446 (25
1085 3375 1280 3449 Sept.)

387 3488 413 3517 ι
440 3474 668 3535 Natalis
697 3476 755 3532 Β.
793 3473 1080 3546 Cleophaa,
1105 3473 1198 3532 cui
1222 3473 1494 3530 Dominus
1516 3473 1644 3544 post
1669 3480 1967 3526 resurrec-

326 3567 531 3625 tionem
564 3566 623 3621 in
658 3564 747 3622 via
780 3562 1069 3636 apparuit.

390 3652 709 3726 Laugduni,
744 3651 930 3710 sancti
961 3650 1101 3723 Lupi
1133 3650 1389 3723 episc0pi
1421 3667 1492 3709 ex
1521 3654 1887 3713 anachoreta.

759 3759 818 3817 C.
861 3759 932 3815 VI
973 3758 1129 3815 KAL.
1176 3758 1536 3817 OCTOBRIS.

985 3849 1079 3918 (26
1106 3848 1301 3920 Sept.)

386 3948 591 4007 Natale
623 3951 959 4006 sanctorum
981 3950 1299 4017 m'artyrum
1324 3947 1592 4019 Cypriani
1625 3947 1884 4019 episc0pi
1908 3950 1966 4003 et

317 4038 556 4097 Iustine
580 4058 595 4093 :
631 4036 729 4108 qui
755 4035 906 4108 passi
930 4040 1063 4092 sunt
1087 4035 1195 4091 sub
1226 4034 1586 4093 Diocletiano
1609 4036 1964 4108 imperatore

316 4126 507 4198 judice
538 4125 850 4183 Entolmio.
900 4124 1140 4182 Iustinae
1185 4129 1352 4196 pater
1395 4130 1522 4181 erat
1555 4125 1771 4182 Dusius
1817 4123 1970 4196 apud

322 4218 619 4275 civitatem
642 4214 1028 4270 Antiochiam.
1050 4212 1156 4281 Qui
1180 4213 1330 4269 viam
1345 4212 1645 4284 religionis
1669 4229 1699 4269 a
1724 4213 1969 4270 diacono

2049 1846 2189 1888 vero
2211 1831 2281 1887 ad
2309 1829 2635 1898 diaconum,
2659 1827 2801 1883 dicit
2826 1828 2876 1883 ei
2904 1847 2916 1882 :
2941 1828 3155 1884 Servus
3177 1828 3364 1883 factus
3386 1842 3509 1883 sum
3533 1825 3691 1880 Chri-

2049 1920 2145 1990 sti,
2181 1924 2238 1975 et
2274 1920 2432 1975 foras
2453 1931 2540 1972 me
2564 1916 2791 1971 mittis?
2817 1915 2965 1970 Dicit
2989 1915 3041 1970 ei
3063 1915 3342 1971 diaconus
3367 1934 3379 1968 :
3404 1916 3611 1970 Factus
3628 1927 3693 1969 es

2052 2008 2348 2081 perfectus
2375 2021 2581 2062 servus
2611 2005 2757 2059 Dei?
2797 2003 3118 2073 Cyprianus
3139 2002 3284 2057 dixit
3311 2021 3324 2057 :
3358 2002 3511 2074 Vivit
3556 2000 3691 2055 mihi

2052 2097 2318 2153 Christus
2335 2092 3034 2166 quidaemonesconfudit,
3055 2096 3111 2146 et
3130 2090 3265 2146 mihi
3281 2089 3555 2147 misertus
3577 2092 3706 2157 est;

2054 2186 2185 2258 quia
2237 2198 2348 2241 non
2398 2197 2543 2239 exeo
2600 2182 2734 2238 hinc
2781 2181 2891 2239 nisi
2942 2181 3238 2253 perfectus
3272 2180 3434 2236 fuero
3491 2193 3699 2235 servus

2056 2275 2287 2332 Christi.
2332 2273 2620 2330 Diaconus
2666 2286 2806 2328 vero
2840 2270 3110 2327 Anthimo
3150 2270 3427 2341 episcopo
3457 2269 3581 2325 haec
3612 2283 3700 2323 re-

2055 2363 2376 2430 nuntiavit;
2398 2362 2495 2434 qui
2519 2361 2838 2418 secundum
2862 2360 3122 2416 ordinem
3146 2359 3499 2416 instructum
3516 2357 3702 2429 bapti-

2057 2453 2209 2510 zavit
2242 2466 2394 2521 eum,
2419 2456 2477 2507 et
2503 2466 2615 2506 non
2642 2449 2826 2507 multo
2851 2454 2982 2521 post
3013 2448 3188 2504 etiam
3222 2448 3523 2505 diaconum
3550 2446 3702 2503 ordi-

2062 2540 2238 2597 navit.
2274 2539 2382 2605 Qui
2406 2537 2671 2595 doctrina
2704 2542 2764 2593 et
2787 2536 3064 2605 moribus,
3098 2535 3405 2607 plusquam
3441 2534 3550 2591 dici
3575 2548 3704 2605 pos-

2060 2629 2154 2698 sit,
2186 2640 2532 2684 excrescens
2573 2623 2984 2681 miraculorum
3014 2623 3203 2693 gratia
3252 2620 3703 2693 praeclarissime

2062 2715 2279 2772 ﬂoruit.
2306 2715 2476 2782 Vero,
2513 2727 2625 2768 non
2649 2711 2833 2768 multo
2861 2710 3170 2780 interjecto
3193 2713 3474 2781 tempore,
3516 2709 3708 2765 factus

2062 2807 2152 2860 est
2176 2801 2506 2874 episcopus,
2551 2803 2928 2870 sanctamque
2954 2797 3241 2854 Justinam
3265 2800 3506 2853 matrem
3529 2796 3705 2865 virgi-

2064 2905 2198 2946 num
2226 2887 2555 2946 constituit.
2583 2887 2836 2953 Quorum
2860 2885 3136 2941 virtutem
3161 2899 3271 2939 non
3296 2884 3486 2940 ferens
3508 2883 3707 2939 diabo-

2066 2978 2176 3049 lus,
2212 2992 2316 3050 per
2349 2975 2639 3034 satellites
2675 2989 2814 3031 suos
2846 2972 2999 3045 apud
3048 2972 3400 3029 Eutolmium
3431 2972 3703 3029 comitem

2069 3065 2327 3123 Orientis
2355 3065 2475 3135 egit
2506 3066 2569 3120 ut
2611 3060 3205 3132 comprehenderetur
3237 3060 3559 3131 Cyprianus
3588 3059 3707 3129 epi-

2069 3170 2300 3229 scopus,
2334 3159 2397 3211 et
2413 3153 2578 3223 virgo
2607 3151 2818 3208 Christi
2845 3150 3091 3208 Iustina.
3119 3150 3294 3219 Cujus
3314 3153 3449 3205 ante
3469 3162 3709 3219 conspe-

2070 3250 2228 3302 ctum
2260 3242 2510 3301 vinculis
2542 3241 2723 3312 ligati,
2757 3256 2887 3298 cum
2931 3239 3175 3297 fuissent
3219 3238 3479 3309 adducti,
3515 3252 3710 3295 comes

2071 3335 2218 3392 dixit
2250 3333 2321 3390 ad
2354 3334 2588 3390 beatum
2622 3331 2969 3402 Cyprianum
2996 3350 3008 3385 :
3041 3331 3120 3386 Tu
3151 3343 3214 3386 es
3262 3328 3581 3400 Cyprianus
3612 3329 3711 3385 do-

2070 3427 2200 3482 ctor
2222 3422 2701 3490 Christianorum,
2728 3419 2824 3491 qui
2845 3433 2950 3491 per
2972 3419 3255 3475 maleficia
3280 3417 3492 3475 multos
3513 3431 3713 3473 errare

2074 3512 2304 3570 fecisti?
2328 3512 2539 3568 Beatus
2562 3509 2883 3581 Cyprianus
2896 3508 3040 3564 dixit
3062 3527 3073 3562 :
3099 3508 3422 3579 Aliquando
3446 3507 3501 3562 in
3527 3506 3717 3579 perdi-

2072 3601 2233 3657 tione
2256 3600 2578 3656 dzemonum
2604 3597 2849 3668 positus,
2868 3595 3429 3652 multosluxuriosos
3455 3595 3561 3649 feci
3580 3614 3592 3650 :
3611 3593 3712 3649 sed

2074 3688 2317 3745 salvavit
2351 3701 2440 3741 me
2470 3688 2619 3742 Deus
2642 3700 2744 3756 per
2774 3684 3055 3754 virginem
3084 3684 3391 3752 Justinam,
3425 3683 3559 3737 dum
3591 3695 3715 3736 eam

2077 3790 2179 3849 per
2210 3774 2489 3831 daemonia
2520 3777 2751 3829 tentare
2791 3772 3020 3841 vellem,
3058 3787 3185 3842 quae
3225 3770 3320 3825 illa
3351 3770 3462 3826 ﬁde
3505 3768 3717 3824 Christi

2077 3870 2296 3921 armata
2328 3878 2433 3935 per
2453 3862 2640 3919 omnia
2664 3863 3036 3931 contempsnt.
3065 3861 3267 3914 Comes
3292 3856 3717 3929 iniquusjussit

2078 3958 2343 4010 sanctum
2373 3951 2707 4023 episcopum
2737 3954 2867 4023 post
2901 3944 3023 4006 haec
3047 3948 3341 4019 suspendi,
3377 3951 3433 4002 et
3466 3960 3722 4014 exungu-

2043 4098 2046 4102 .
2080 4041 2217 4109 lari;
2246 4043 2472 4098 beatam
2494 4055 2632 4097 vero
2651 4040 2937 4096 Justinam
2964 4042 3092 4111 post
3122 4038 3338 4109 alapas,
3365 4035 3564 4092 crudis
3595 4049 3722 4090 ner-

2081 4132 2170 4189 vis
2195 4131 2525 4187 immaniter
2556 4130 2737 4195 cmdi;
2770 4129 2980 4185 deinde
3013 4132 3274 4185 sanctum
3305 4124 3639 4196 episcopum
3668 4123 3720 4178 in

2082 4236 2317 4279 carcere
2342 4219 2586 4289 recludi,
2603 4224 2663 4275 et
2685 4222 2942 4275 sanctam
2959 4217 3241 4287 virginem
3266 4216 3321 4270 in
3344 4215 3513 4271 domo
3536 4214 3726 4284 cujus-

327 4307 550 4364 nomine
572 4303 888 4376 Pr0phelio
901 4302 1230 4373 audientes,
1260 4302 1540 4374 baptizati
1563 4306 1697 4360 sunt
1720 4318 1749 4359 a
1773 4306 1939 4360 sanet

2086 4312 2216 4369 dam
2249 4314 2527 4367 matronae
2554 4307 2856 4365 custodiri.
2883 4307 2989 4375 Qui
3015 4310 3141 4378 post
3167 4305 3386 4376 aliquot
3411 4303 3609 4360 dicsin
3640 4302 3724 4358 sui

326 4394 599 4469 episcopo
633 4394 868 4465 ορίθίοο
904 4393 1078 4463 Virgo
1100 4396 1294 4448 amem
1323 4391 1572 4464 JUStina)
1598 4391 1836 4448 Domino
1861 4406 1978 4449 SBP-
2085 4400 2457 4472 praesentiam
2482 4398 2775 4468 reductos,
2802 4398 2855 4452 in
2880 4396 3173 4465 sartagine
3199 4395 3385 4449 ferrea
3403 4392 3576 4462 jussit
3610 4394 3731 4446 tor-

327 4485 504 4555 viens,
533 4483 947 4555 frequentabat
971 4480 1296 4538 ecclesiam.
1330 4481 1485 4537 Hanc
1510 4480 1790 4549 Agladius
1815 4480 1979 4537 scho-
2007 4479 2060 4540 D
2092 4488 2228 4558 reri,
2253 4487 2458 4560 picem,
2495 4487 2723 4559 adipem
2755 4490 2811 4542 et
2843 4500 3034 4542 ceram
3068 4484 3320 4553 desuper
3344 4480 3626 4537 ministris
3650 4480 3731 4533 in.

332 4572 571 4631 lasticus
620 4571 844 4642 videns,
878 4570 1095 4627 exarsit
1147 4570 1222 4626 ob
1265 4583 1517 4625 amorem
1559 4569 1704 4639 ejus.
1750 4570 1818 4623 Et
1850 4584 1941 4625 Clll

2094 4575 2492 4633 tundentibus.
2529 4577 2594 4631 Et
2634 4590 2762 4631 cum
2795 4573 2872 4629 ibi
2915 4570 3143 4628 laudem
3187 4568 3573 4641 omnipotenti
3616 4569 3730 4621 Deo

336 4662 487 4719 nullo
544 4661 721 4718 modo
769 4663 962 4732 posset
1016 4659 1350 4731 pertingere
1404 4657 1473 4715 ad
1528 4656 1705 4728 illam,
1756 4671 1941 4726 rogav;

2092 4665 2373 4736 dicerent,
2420 4663 2771 4721 Athanasius
2798 4661 3070 4717 sacerdos
3102 4659 3389 4715 idolorum
3416 4653 3731 4729 postulavit

336 4751 680 4824 Cyprianum
715 4763 962 4821 magum,
998 4749 1381 4821 promisitque
1417 4748 1469 4804 ei
1499 4748 1614 4804 duo
1637 4746 1859 4803 talenta
1883 4760 1941 4802 at

2093 4755 2384 4825 comitem,
2419 4754 2650 4810 dicens:
2680 4752 2889 4808 lubeat
2912 4749 3153 4806 claritas
3181 4753 3301 4815 tua,
3337 4751 3393 4801 et
3426 4747 3479 4800 in
3505 4742 3733 4798 nomine

337 4840 402 4911 ri,
432 4841 479 4899 si
521 4840 811 4910 virginem
849 4838 1134 4896 Justinam
1163 4838 1219 4894 in
1260 4852 1512 4895 amorem
1554 4836 1681 4907 ejus
1715 4836 1977 4893 excitare

334 4936 552 5003 posset.
607 4928 930 5002 Cyprianus
972 4932 1168 4987 autem
1204 4941 1426 4999 magus,
1457 4927 1682 4984 vocatis
1715 4925 1937 4982 daemon

2095 4932 2624 5004 apprOpinquasset
2666 4930 2737 4988 ad
2774 4930 3150 5001 sartaginem,
3184 4925 3376 4996 erupit
3411 4923 3635 4978 ﬂamma
3676 4927 3733 4976 et

337 5019 463 5091 bus,
484 5019 667 5092 ccepit
693 5032 867 5090 agere
892 5022 953 5075 ut
976 5017 1257 5089 virginem
1282 5014 1495 5073 Christi
1517 5016 1571 5073 ei
1602 5014 1941 5072 adduceren'

2094 5022 2450 5092 consumpsit
2466 5020 2647 5080 illum.
2666 5024 2887 5092 Comes,
2903 5018 3258 5091 acceptistot
3276 5011 3591 5082 miraculis,
3610 5025 3738 5084 qua;

340 5107 444 5175 Qui
461 5107 670 5180 semel,
687 5107 852 5166 biset
868 5107 1046 5164 tertio
1060 5106 1447 5164 venientesad
1465 5102 1987 5161 beatamJustinam
2099 5109 2366 5166 Christus
2397 5110 2453 5165 in
2475 5111 2663 5168 servis
2685 5112 2808 5168 suis
2831 5111 3207 5182 operabatur,
3235 5102 3471 5175 scripsit
3494 5102 3742 5173 impera-

338 5197 478 5254 uihil
501 5197 659 5271 apud
684 5195 842 5254 illam
873 5196 994 5254 suis
1015 5195 1461 5269 deceptionibus
1487 5193 1831 5259 valuerunt;
1860 5189 1984 5260 sed,
2100 5198 2211 5254 tori
2247 5198 2383 5270 quid
2412 5214 2589 5272 super
2619 5200 2704 5258 eis
2729 5200 2981 5270 jnberet.
3017 5195 3122 5262 Qui
3163 5192 3464 5264 rescripsit
3508 5197 3572 5250 ut
3604 5190 3744 5248 diri-

336 5285 504 5358 signo
539 5287 740 5346 crucis
768 5286 1011 5360 repulsi,
1053 5285 1191 5345 victi
1241 5287 1634 5343 recesserunt.
1670 5281 1941 5354 Cypriani

2097 5292 2382 5358 gerentur
2404 5288 2813 5358 Nicomediam,
2847 5291 2906 5342 et
2931 5284 3007 5341 ibi
3028 5281 3224 5354 gladio
3249 5281 3583 5339 ferirentur.
3611 5282 3747 5335 Per-

338 5389 479 5435 vero
499 5392 633 5436 cum
665 5375 900 5435 illorum
922 5375 1202 5435 virtutem
1225 5374 1509 5433 adversus
1526 5372 1814 5444 virsinem
1837 5367 1990 5426 hand
2100 5374 2261 5435 ducti
2282 5376 2463 5448 igitur
2480 5377 2551 5433 ad
2576 5375 2763 5433 locum
2785 5380 2921 5431 sunt
2943 5368 3367 5445 decollationis,
3393 5374 3454 5429 et
3476 5368 3623 5428 vidit
3646 5379 3745 5424 eos

340 5477 634 5541 quaquam
664 5464 920 5525 valuisse
948 5464 1198 5539 videret,
1234 5463 1374 5523 dicit
1409 5462 1481 5521 ad
1521 5458 1856 5520 diabolum:
1891 5456 1992 5514 Dic
2101 5467 2337 5540 quidam
2361 5464 2724 5524 Christianus
2742 5462 3094 5538 Πιθοεηίιυε
3115 5462 3549 5538 (τῃθοεηίάηε),
3572 5461 3633 5515 οι
3653 5468 3744 5511 ιο.

418 5602 448 5632 ι
475 5592 619 5653 Vide
646 5591 751 5652 lib.
776 5592 848 5651 de
887 5593 1037 5652 Fest.
1071 5592 1277 5667 Apost.

2098 4844 2341 4901 deorum
2383 4843 2606 4898 vineam
2647 4841 2926 4898 virtutem
2967 4839 3453 4895 Christianorum.
3501 4834 3565 4886 Et
3603 4847 3734 4887 cum
