3992 6170
281 273 385 328 367

1316 261 1372 318 S.
1416 259 1676 319 ADONIS
1715 254 2150 314 ARCl-IIEPISC.
2193 252 2628 311 VIENNENSIS.

3577 245 3674 301 368

281 405 524 450 currens
563 388 860 446 osculatus
907 391 996 445 est
1045 387 1412 458 Cyprianum.
1465 385 1629 454 Quod
1679 398 1926 442 cernens
1956 384 2010 442 Α
2043 380 2097 436 ni
2131 379 2460 438 memoriam
2501 379 2676 434 Roma
2707 374 2904 443 etiam,
2936 369 3156 444 templo
3190 365 3471 440 praeclaro
3501 381 3675 439 opere

285 477 520 535 Servius
547 480 830 548 cognatus
863 476 1036 547 regis,
1074 475 1257 534 iratus
1297 475 1414 546 egit
1447 479 1510 532 ut
1541 489 1670 532 cum
1712 472 1927 530 sanctis

285 565 568 640 Cypriane
607 570 666 622 et
705 565 929 622 Iustina
961 564 1316 635 Theognitus
1379 563 1796 621 decollaretur.
1859 563 1926 618 Et

279 656 588 726 jacueruut
619 669 831 725 corpus
861 658 1193 710 sanctorum
1228 653 1488 724 projecta
1515 651 1653 708 feris
1684 665 1787 708 sex
1811 650 1930 706 die-

286 745 395 801 bus
416 742 726 814 insepulta.
754 742 997 808 Quidam
1023 748 1215 800 autem
1245 745 1435 798 nauta;
1461 739 1773 798 Christiani
1800 753 1932 796 noc-

285 836 346 890 te
377 835 697 904 rapuerunt
729 845 816 902 ea,
861 835 918 886 et
963 831 1308 901 navigantes
1353 829 1812 902 deportaverunt
1859 827 1928 884 ad

289 923 488 980 urbem
522 921 776 977 Romam.
804 921 870 976 Et
897 923 1158 976 matrona
1193 917 1549 976 venerabilis
1581 917 1806 988 Ruﬁna,
1844 931 1932 973 re-

289 1015 564 1067 verenter
613 1008 910 1082 excipiens
959 1007 1078 1079 illa,
1132 1007 1402 1080 sepelivit
1443 1007 1500 1064 in
1544 1007 1764 1078 praedio
1803 1021 1926 1064 suo.

290 1097 452 1156 Passi
484 1102 615 1156 sunt
641 1103 834 1154 autem
867 1102 1034 1154 sexto
1065 1097 1348 1154 Kalendas
1381 1095 1668 1153 Octobris.

824 1205 884 1262 D.
928 1205 991 1260 V.
1036 1203 1396 1262 OCTOBRIS.

939 1297 1031 1361 (27
1065 1295 1258 1366 Sept.)

364 1412 392 1441 ι
413 1401 580 1474 Apud
602 1400 850 1472 IEgaam
873 1401 1193 1473 civitatem,
1221 1401 1414 1458 natale
1437 1406 1767 1459 sanctorum
1791 1415 1937 1456 mar-

294 1494 488 1562 tyrum
513 1491 732 1548 Cosme:
753 1493 811 1546 et
835 1489 1112 1560 Damiani,
1147 1491 1553 1561 persecutione
1575 1489 1936 1561 Diocletiani,

299 1579 406 1636 sub
429 1577 676 1650 prmside
702 1579 880 1648 Lysia.
899 1577 966 1633 Hi
987 1579 1308 1634 venerabili
1326 1585 1509 1635 matre
1531 1579 1733 1648 geniti,
1759 1579 1940 1635 sacris

2038 467 2251 524 nomini
2283 481 2484 524 eorum
2507 463 2813 532 aediﬁcato,
2849 458 3187 519 solemniter
3217 457 3356 529 agit.

2431 574 2492 630 E.
2537 573 2626 628 ιν.
2671 571 2828 626 KAL.
2873 565 3232 624 OCTOBRIS.

2703 661 2798 731 (23
2825 657 3020 729 Sept.)

2112 765 2172 820 In
2213 761 2522 834 Hispaniis,
2555 759 2794 817 civitate
2819 755 3106 825 Corduba,
3131 751 3326 810 natale
3349 755 3682 809 sanctorum

2043 852 2256 922 Fausti,
2305 849 2563 908 Januarii
2611 853 2669 905 et
2704 845 3015 904 Martialis:
3071 843 3170 915 qui
3223 841 3406 914 primo
3445 837 3684 910 equulei

2044 956 2210 1014 pmna
2234 939 2498 1010 cruciati,
2526 937 2736 994 deinde
2759 935 2905 992 rasis
2930 930 3260 1004 superciliis
3279 934 3339 986 et
3353 928 3600 986 auribus
3621 942 3686 984 ac

2043 1029 2282 1087 naribus
2330 1027 2608 1100 praecisis,
2659 1025 2938 1082 dentibus
2985 1035 3216 1093 quoque
3275 1015 3684 1090 superioribus

2041 1117 2262 1176 evulsis
2301 1115 2620 1188 deturpati,
2653 1114 2726 1170 ad
2754 1111 3026 1169 ultimum
3060 1107 3208 1179 ignis
3237 1105 3505 1178 passione
3539 1118 3690 1160 mar-

2042 1207 2230 1278 yrium
2261 1203 2832 1262 consummaverunt.

2473 1312 2528 1366 Ρ.
2572 1310 2654 1364 JII
2695 1307 2851 1363 KAL.
2895 1301 3258 1361 OCTOBRIS.

2710 1398 2800 1464 (29
2829 1393 3026 1465 Sept.)

2118 1501 2181 1555 In
2215 1501 2407 1554 monte
2437 1496 2721 1564 Gargano,
2749 1489 3102 1548 venerabilis
3123 1486 3396 1544 memoria
3431 1485 3588 1542 beati
3613 1499 3697 1541 ar-

2048 1585 2315 1658 changeli
2339 1583 2649 1652 Michaelis,
2677 1581 2774 1639 ubi
2799 1580 2980 1652 ipsius
2999 1581 3337 1635 consecrata
3359 1574 3575 1631 nomini
3599 1573 3698 1629 ha-

299 1664 518 1724 litteris
545 1665 784 1737 eruditi,
812 1665 1170 1738 professione
1193 1667 1337 1724 artis
1369 1667 1595 1737 medici,
1620 1666 1942 1723 virtutibus
1968 1736 2014 1742 _
2052 1677 2226 1732 heim-
2247 1673 2514 1742 ecclesia,
2539 1669 2638 1727 vili
2665 1671 2814 1727 i‘acta
2839 1667 3152 1736 schemate,
3179 1664 3278 1722 sed
3299 1661 3525 1720 coelesti
3552 1675 3699 1734 pra-

297 1758 465 1810 erant
485 1754 812 1812 clarissimi.
849 1755 1062 1810 Horum
1095 1754 1434 1824 religionem
1459 1736 1701 1811 audiens
1725 1769 1942 1826 praeses
1967 1736 2022 1797 Β
2052 1763 2172 1820 dita
2194 1763 2432 1818 virtute.
2451 1736 2681 1816 vertice
2701 1756 2984 1827 siquidem
3011 1753 3222 1810 montis
3241 1749 3457 1808 excelsi
3483 1747 3696 1822 posita,

300 1842 513 1914 Lysias,
549 1841 703 1898 misit
728 1843 1112 1914 apparitores,
1140 1843 1236 1914 qui
1259 1858 1360 1900 eos
1383 1843 1761 1901 adducerent.
1789 1843 1944 1910 Quos

300 1931 590 2002 aspiciens
608 1931 991 2002 interrogavit
1015 1947 1088 1987 ex
1103 1947 1213 2002 qua
1239 1933 1554 2004 provincia,
1581 1936 1680 1990 aut
1705 1947 1833 2003 quae
1855 1947 1943 1988 es-

301 2023 428 2076 sent
471 2033 671 2076 eorum
705 2019 952 2076 nomina.
991 2021 1204 2076 Beatus
1257 2021 1492 2078 Cosmas
1538 2025 1596 2076 et
1637 2021 1946 2077 Damianus

303 2107 729 2180 responderunt
760 2108 812 2164 ei
838 2127 850 2162 :
885 2109 968 2164 Ex
990 2109 1202 2165 Arabia
1227 2123 1444 2180 sumus,
1479 2109 1717 2166 Nomina
1747 2113 1943 2166 nostra

304 2196 536 2252 Cosmas
556 2199 613 2251 et
647 2197 988 2262 Damianus;
1011 2197 1323 2254 Christiani
1347 2213 1580 2266 sumus;
1611 2202 1744 2254 sunt
1780 2199 1946 2255 nobis

300 2287 360 2339 et
383 2283 479 2339 alii
503 2285 734 2353 fratres,
751 2284 1076 2354 Anthimus,
1097 2286 1386 2356 Leontius,
1404 2287 1736 2358 Eutropius.
1769 2288 1940 2358 Quos,

303 2371 478 2428 misso
507 2370 718 2441 ofﬁcio,
739 2371 912 2440 jussit
937 2371 1047 2428 sibi
1071 2387 1288 2444 praeses
1309 2373 1465 2430 illico
1497 2375 1860 2446 praesentari,
1886 2380 1944 2431 et

303 2458 478 2531 coepit
503 2473 676 2528 agere
717 2463 779 2514 ut
811 2459 1230 2516 sacriﬁcarent.
1267 2461 1333 2516 Et
1365 2476 1494 2517 cum
1529 2462 1685 2518 nulla
1719 2463 1946 2520 ratione

307 2546 582 2603 fundatos
605 2546 826 2604 animos
847 2561 1046 2604 eorum
1068 2563 1244 2619 supra
1269 2553 1492 2621 petram
1518 2551 1808 2609 Christum
1834 2567 1948 2609 mo-

305 2649 446 2692 vere
481 2641 698 2706 posset,
734 2636 1001 2694 manibus
1029 2640 1088 2692 et
1122 2637 1371 2710 pedibus
1400 2638 1818 2710 vinctosjussit
1849 2656 1950 2698 eos

309 2726 543 2782 fortiter
565 2727 850 2797 torqueri,
885 2726 1096 2784 deinde
1127 2727 1276 2785 sicut
1311 2735 1478 2785 erant
1499 2731 1867 2788 concatenati
1891 2732 1946 2788 in

305 2828 463 2871 mare
485 2815 686 2884 mergi.
714 2815 936 2881 Quibus
958 2816 1156 2872 statim
1171 2816 1412 2887 angelus
1437 2817 1654 2874 Domini
1679 2818 1863 2889 affuit,
1888 2826 1946 2876 et

305 2901 557 2975 diruptis
586 2903 850 2974 vinculis,
885 2920 917 2960 e
960 2903 1164 2976 pelago
1198 2905 1488 2962 liberavit.
1525 2907 1640 2964 Hoc
1682 2907 1950 2965 videntes

305 2989 520 3048 milites
551 2993 1034 3050 renuntiaverunt
1061 2993 1314 3066 praesidi.
1349 2994 1451 3051 Ille
1485 3010 1634 3066 mox,
1669 2996 1754 3052 eis
1785 2997 1854 3053 ad
1887 3013 1948 3054 se

2053 1853 2122 1908 de
2141 1865 2386 1922 corpore
2409 1848 2668 1918 ejusdem
2692 1846 2836 1915 saxi,
2873 1844 3166 1916 speluncae
3199 1844 3382 1898 instar
3407 1853 3702 1911 praecave-

2051 1946 2132 2010 to,
2157 1939 2506 1997 ostenditur.
2531 1938 2628 1993 Est
2653 1939 2846 1992 autem
2871 1933 3032 1990 locus
3053 1933 3108 1988 in
3132 1929 3457 2002 Campaniae
3482 1927 3704 1983 ﬁnibus

2054 2029 2162 2086 ubi
2186 2030 2336 2084 inter
2369 2027 2557 2084 sinum
2591 2023 2952 2082 Adriaticum
2989 2026 3046 2077 et
3086 2016 3338 2076 montem
3371 2018 3704 2088 Garganum

2053 2120 2260 2176 civitas
2278 2118 2304 2156 δ
2325 2118 2597 2190 Sipontus
2620 2114 2802 2187 posita
2823 2115 2933 2183 est,
2961 2111 3058 2182 qui
3082 2126 3111 2167 a
3135 2109 3423 2166 mmnibus
3441 2105 3706 2164 civitatis

2056 2223 2084 2264 a
2119 2207 2420 2264 duodecim
2466 2203 2722 2260 millibus
2755 2202 3131 2274 prmerectus,
3167 2198 3221 2252 in
3253 2195 3553 2254 cacumine
3593 2209 3707 2250 suo

2055 2311 2327 2368 supremo
2357 2295 2504 2350 hanc
2532 2297 2659 2349 toto
2695 2294 2838 2348 orbe
2868 2285 3254 2346 venerandam
3285 2287 3479 2356 gestat
3516 2281 3708 2339 eccle-

2055 2385 2217 2442 siam.
2235 2384 2372 2450 Qum
2395 2382 2500 2439 hoc
2525 2381 2692 2438 modo
2716 2378 3059 2436 mortalibus
3078 2375 3308 2446 cognita
3331 2377 3440 2431 est.
3458 2371 3708 2438 Quidam

2055 2473 2146 2528 vir
2177 2471 2482 2544 praedives,
2508 2469 2737 2526 nomine
2761 2469 3078 2536 Garganus,
3105 2463 3203 2534 qui
3223 2477 3297 2518 ex
3319 2461 3576 2518 adventu
3597 2473 3710 2516 suo

2057 2561 2237 2618 monti
2268 2558 2615 2616 vocabulum
2637 2557 2866 2624 indidit,
2900 2554 3122 2610 inﬁnita
3145 2566 3418 2624 pecorum
3442 2547 3715 2605 multitu-

2057 2651 2190 2708 dine
2215 2649 2490 2722 pollebat.
2515 2647 2766 2717 Contigit
2783 2650 2975 2702 autem
2992 2649 3222 2700 taurum
3244 2638 3490 2697 armenti
3509 2638 3712 2708 gregis

2066 2739 2357 2796 consortia
2381 2740 2772 2810 spernentem,
2799 2733 3150 2806 singularem
3175 2729 3444 2788 incedere
3467 2727 3710 2785 solitum

2059 2833 2116 2886 et
2142 2827 2212 2885 ad
2235 2833 2560 2884 extremum
2585 2825 2868 2882 redeunte
2896 2835 3102 2894 pecore
3125 2820 3356 2876 domum
3380 2831 3492 2872 non
3509 2829 3713 2872 rever-

2058 2918 2124 2974 ti.
2151 2917 2329 2983 Quem
2355 2915 2621 2972 dominus
2642 2927 2744 2986 per
2765 2911 2932 2968 devia
2956 2923 3203 2981 qumque
3226 2905 3532 2978 requirens
3548 2904 3714 2960 inve-

2060 3006 2143 3064 nit
2167 3006 2402 3063 tandem
2435 3005 2490 3059 in
2522 3003 2745 3059 vertice
2778 3000 2990 3057 montis
3021 2997 3242 3055 foribus
3270 2993 3577 3064 cujusdam
3618 3007 3713 3048 as-

307 3078 604 3137 reductis:
639 3081 874 3150 Docete,
919 3081 1127 3165 inquit,
1173 3097 1261 3136 me
1313 3082 1590 3138 maleﬁcia
1626 3089 1842 3155 vestra,
1895 3092 1952 3144 et
1985 3087 2037 3150 C
2065 3095 2270 3152 sistere
2291 3092 2602 3164 speluncae,
2632 3105 2800 3162 quem
2828 3104 2956 3146 cum
2981 3087 3192 3158 sagitta
3217 3083 3582 3157 appetiisset,
3607 3079 3712 3137 illa

304 3181 414 3236 ego
460 3181 674 3236 sequor
721 3182 842 3236 vos,
894 3168 1326 3225 communicans
1373 3171 1652 3240 operibus
1708 3175 1942 3232 vestris.

309 3254 500 3313 Sancti
524 3269 663 3311 vero
687 3256 1144 3327 responderunt:
1181 3257 1492 3314 Christiani
1523 3274 1741 3331 sumus,
1778 3263 1952 3319 malc-

308 3342 436 3401 ﬁcia
467 3345 776 3415 nescimus,
811 3349 868 3401 et
911 3345 968 3400 in
1011 3344 1226 3401 Cbristi
1269 3347 1497 3403 nomine
1537 3349 1950 3409 maleﬁciorum

307 3431 586 3488 virtutem
607 3432 1049 3489 contemnimus.
1087 3433 1327 3506 Recepti
1351 3440 1506 3507 sunt,
1541 3436 1784 3507 jubente
1809 3456 1954 3511 prae-

308 3519 453 3590 side,
479 3521 534 3575 in
557 3533 871 3577 carcerem.
899 3522 969 3577 Et
991 3523 1366 3592 sequentidie
1391 3526 1718 3596 proconsul,
1745 3529 1956 3587 sedens

311 3623 416 3679 pro
437 3608 737 3680 tribunali,
778 3609 913 3667 fecit
943 3611 1240 3682 copiosum
1274 3611 1465 3683 ignem
1499 3617 1712 3688 parari,
1737 3621 1796 3673 et
1823 3619 1956 3676 hea-

309 3703 402 3756 tos
435 3705 720 3771 martyres
742 3701 812 3758 de
831 3716 1069 3759 carcere
1092 3703 1410 3774 productos
1431 3704 1486 3760 in
1512 3705 1700 3762 medio
1717 3707 1948 3778 jactari.

311 3787 440 3859 Sed,
465 3788 770 3846 orantibus
797 3791 1034 3861 sanctis,
1071 3791 1219 3860 ignis
1247 3791 1526 3850 virtutem
1550 3810 1711 3851 suam
1735 3797 1948 3854 amisit.

311 3877 630 3949 Superatus
653 3895 887 3950 praeses,
904 3885 962 3936 et
987 3895 1116 3952 qum
1137 3881 1291 3937 circa
1320 3887 1604 3953 martyres
1631 3884 1729 3940 Dei
1755 3901 1956 3956 prove-

309 3970 516 4022 nerant
549 3967 786 4033 magicis
815 3969 1044 4024 artibus
1078 3969 1407 4040 designans,
1435 3973 1713 4042 suspendi
1749 3988 1814 4030 ac
1835 3978 1956 4030 tor-

313 4053 478 4122 queri
501 4067 602 4110 eos
630 4054 842 4110 iterum
859 4055 1046 4123 jubet.
1077 4056 1186 4110 Sed
1210 4072 1338 4112 cum
1363 4064 1532 4126 grato
1555 4063 1612 4114 et
1638 4059 1807 4116 hilari
1832 4063 1955 4118 vul-

309 4144 376 4196 tu
397 4141 733 4212 superiores
755 4144 1062 4200 tormentis
1086 4144 1493 4216 persisterent,
1521 4148 1742 4218 paratis
1769 4153 1956 4209 cruci-

239 4288 253 4299 ,
313 4228 440 4301 bus,
467 4229 679 4301 impius
711 4232 1017 4302 proconsul
1041 4232 1328 4304 gloriosos
1356 4239 1645 4308 martyres
1679 4242 1952 4312 suspendi

312 4325 488 4391 atque
511 4320 766 4392 extendi,
802 4337 866 4378 ac
899 4321 1192 4394 lapidibus
1211 4325 1266 4381 in
1299 4341 1473 4383 cruce
1507 4327 1729 4386 levatos
1762 4345 1956 4402 perse-

2057 3182 2217 3240 velut
2251 3181 2480 3238 ﬁamine
2510 3179 2668 3237 venti
2699 3182 2942 3246 retorta,
2977 3191 3108 3232 cum
3139 3189 3173 3230 a
3211 3188 3324 3244 quo
3349 3171 3571 3242 iactata
3603 3173 3710 3225 est

2061 3286 2193 3328 mox
2224 3285 2454 3328 reversa
2485 3267 2795 3342 percussit.
2829 3264 3066 3323 Turbati
3090 3264 3248 3320 cives
3275 3265 3334 3317 et
3367 3257 3710 3330 stupefacti,

2065 3359 2325 3431 qualiter
2349 3373 2442 3414 res
2474 3358 2646 3414 fuerit
2681 3357 2890 3412 effecta
2913 3355 3048 3426 (non
3079 3352 3231 3409 enim
3260 3348 3542 3406 accedere
3578 3359 3716 3417 pro-
3773 3354 3784 3364 ’

2063 3447 2192 3521 pius
2231 3447 2546 3517 audebant)
2595 3445 2905 3501 con-mlunt
2954 3442 3310 3514 episcopum,
3359 3436 3500 3508 quid
3553 3435 3714 3491 facto

2063 3529 2210 3609 opus
2241 3536 2334 3592 sit.
2353 3535 2480 3605 Qui,
2500 3532 2946 3603 indictojcjunio
2969 3530 3261 3599 triduano,
3286 3543 3316 3584 a
3335 3529 3452 3582 Deo
3484 3523 3712 3580 monuit

2069 3640 2198 3683 esse
2231 3624 2626 3696 querendum.
2653 3623 2778 3689 Quo
2809 3623 3070 3693 peracto,
3095 3621 3331 3676 sanctus
3353 3612 3594 3671 Michael
3615 3627 3716 3668 an-

2063 3717 2230 3786 gelus
2261 3713 2532 3787 apparuit
2563 3713 2836 3784 episcopo
2870 3725 2971 3782 per
2992 3709 3290 3778 visionem,
3327 3707 3528 3762 dicens
3554 3723 3568 3758 :
3591 3704 3713 3774 Ego

2063 3820 2186 3861 sum
2221 3803 2456 3860 Michael
2481 3801 2864 3872 archangelus
2896 3799 2992 3870 qui
3017 3799 3072 3853 in
3093 3799 3409 3868 conspectu
3442 3793 3542 3850 Dei
3567 3807 3717 3848 sem-

2065 3909 2168 3966 per
2181 3893 2421 3957 assiste;
2453 3892 2636 3963 ipsius
2655 3890 2764 3947 loci
2787 3904 2914 3946 esse
2937 3902 3026 3944 me
3047 3885 3370 3953 custodem,
3395 3887 3573 3953 atque
3597 3896 3716 3938 om-

2067 3983 2225 4038 nium
2251 3997 2378 4052 quae
2403 3981 2480 4036 ibi
2513 3985 2800 4050 geruntur
2823 3979 3214 4050 inspectorem
3245 3973 3352 4030 hoc
3376 3969 3534 4028 volui
3568 3969 3716 4026 indi-

2063 4071 2153 4128 cio
2174 4071 2444 4142 probare.
2472 4069 2570 4126 His
2594 4067 2950 4124 revelatione
2973 4064 3310 4137 compertis,
3333 4058 3717 4119 consuetudi-

2064 4159 2192 4216 dem
2218 4159 2476 4216 fecerunt
2503 4157 2660 4214 cives
2682 4157 2772 4212 hic
2797 4159 2974 4212 Deum
3003 4155 3292 4227 precibus,
3323 4154 3714 4220 sanctumque

2064 4249 2507 4306 intercessorem
2542 4261 2782 4318 poscere
2811 4244 3163 4302 Michaelem.
3192 4245 3342 4298 Duas
3377 4239 3611 4310 quidem
3630 4237 3716 4307 ja-

2063 4352 2208 4394 nuas
2229 4336 2307 4394 ibi
2328 4340 2654 4404 cernentes,
2683 4349 2926 4406 quarum
2961 4331 3267 4402 Australis,
3297 4343 3423 4402 quae
3446 4334 3504 4384 et
3530 4325 3716 4396 major

313 4423 407 4479 qui
428 4408 616 4478 jubet.
645 4412 752 4467 Sed
775 4427 904 4468 cum
936 4413 1084 4470 ictus
1108 4413 1359 4486 lapidum
1385 4416 1439 4471 in
1459 4416 1744 4487 jacientcs
1767 4427 1954 4478 retor-
1984 4439 2034 4498 1)
2067 4431 2213 4498 erat,
2231 4426 2450 4498 aliquot
2473 4425 2756 4498 gradibus
2773 4425 2828 4482 in
2851 4425 3130 4481 Occasum
3154 4419 3536 4492 vergentibus
3559 4415 3716 4474 adiri

313 4511 390 4570 qu
433 4505 654 4570 rentur,
690 4517 905 4574 praeses
939 4504 1478 4576 furoresu.census,
1505 4509 1954 4583 sagittiseosag-

310 4588 472 4658 gred.
484 4587 682 4660 jussit,
703 4595 761 4647 ut
777 4590 983 4648 saltem
999 4591 1200 4650 leviori
1216 4593 1410 4651 volatu
1430 4595 1642 4654 ferrum
1657 4599 1743 4656 eis
1758 4600 1954 4670 inﬁge-

312 4682 498 4735 retur.
525 4678 734 4736 Verum
755 4695 886 4738 cum
917 4695 1020 4740 nec
1057 4682 1111 4740 in
1152 4682 1347 4755 aliquo
1377 4691 1611 4744 sanctos
1642 4687 1946 4760 laesissent,

313 4766 546 4838 plurimi
589 4768 944 4828 mittentium
985 4785 1050 4829 ac
1071 4774 1574 4831 circumstantium
1606 4775 1951 4834 vulneribus

311 4867 510 4913 earum
534 4855 896 4915 defecerunt.
967 4874 1180 4918 ernens
1209 4860 1407 4932 itaque
1433 4877 1652 4934 praeses
1674 4863 1950 4922 malitiam

313 4955 472 5000 suam
518 4948 740 5002 Virtute
779 4945 972 5003 divina
1016 4949 1300 5020 superari,
1336 4949 1532 5020 gladio
1565 4950 1949 5008 animadverti

313 5029 645 5100 illosjuhet.
672 5034 1028 5106 Martyrizati
1051 5040 1188 5093 sunt
1213 5037 1366 5093 beati
1393 5038 1626 5095 Cosmas
1645 5043 1704 5094 et
1732 5040 1952 5098 Damia-

311 5131 440 5189 nus,
474 5121 799 5196 Anthimus,
843 5124 1135 5196 Leontius,
1187 5131 1246 5181 et
1288 5127 1622 5198 Eutropius,
1667 5143 1818 5185 xxvu
1857 5129 1951 5187 die

311 5206 528 5264 mens's
559 5209 934 5280 Septembris.
971 5214 1226 5280 Quorum
1255 5228 1502 5286 corpora
1545 5215 1800 5287 rel'giosi
1842 5218 1950 5272 viri

311 5292 671 5365 scpelierunt
694 5297 750 5354 in
781 5300 906 5358 loco
937 5303 1278 5375 venerabili,
1314 5317 1424 5360 non
1457 5302 1628 5374 longe
1649 5319 1678 5360 a
1709 5305 1951 5362 civitate

308 5382 522 5455 Egzea.
555 5385 808 5444 Duorum
850 5396 1044 5448 autem
1087 5391 1333 5451 fratrum
1374 5393 1592 5450 Cosmae
1631 5397 1690 5450 et
1731 5393 1954 5450 Damia-

379 5515 409 5549 ι
433 5507 676 5584 Gregor.
709 5511 841 5570 Tur.
876 5514 948 5572 de
977 5514 1169 5574 Gloria
1200 5524 1540 5592 martyrum,
1565 5532 1692 5594 cap.
1717 5521 1804 5578 98.

2066 4519 2314 4586 poterat.
2343 4515 2452 4572 Sed
2477 4529 2576 4572 nec
2602 4513 2754 4571 ultra
2779 4518 3040 4586 cryptam
3065 4511 3286 4567 intrare
3307 4507 3454 4572 ausi,
3481 4520 3602 4577 prae
3630 4504 3709 4560 fo-

2061 4606 2226 4662 r'bus
2245 4605 2505 4676 quotidie
2535 4604 2780 4662 orationi
2803 4603 3109 4660 vacabant.
3136 4603 3364 4658 Interea
3388 4595 3710 4668 Neapolim

2061 4695 2501 4752 Beneventanos
2525 4693 2678 4750 bello
2703 4693 2989 4750 lacessere
3010 4693 3261 4749 tentant.
3287 4687 3394 4756 Qui
3419 4683 3708 4743 antistitis

2061 4782 2148 4839 sui
2175 4783 2409 4840 monitis
2425 4781 2636 4852 edocti,
2655 4779 3281 4852 triduanumjejunium
3297 4780 3507 4848 agunt:
3533 4778 3591 4830 et
3615 4785 3709 4829 ec-

2058 4885 2125 4928 ce
2159 4876 2328 4928 nocte
2353 4871 2472 4944 ipsa
2500 4885 2628 4942 quae
2672 4870 2805 4927 belli
2846 4869 3219 4943 praecedebat
3252 4867 3426 4936 diem,
3462 4862 3616 4921 idem
3651 4861 3709 4918 in

2059 4961 2282 5018 visione
2323 4963 2556 5018 sanctus
2597 4958 2836 5016 Michael
2861 4972 3151 5032 apparens
3188 4953 3462 5024 antistiti,
3499 4963 3710 5026 preces

2061 5048 2206 5107 dixit
2238 5063 2378 5106 eoru
2404 5065 2436 5105 n
2469 5049 2794 5118 exauditus,
2829 5047 3136 5120 spopondit
3163 5045 3490 5113 victoriam,
3525 5052 3708 5120 seque

2059 5129 2146 5186 eis
2165 5129 2503 5202 affuturum.
2527 5127 2690 5194 Quod
2716 5119 3076 5185 moxveritas
3099 5125 3233 5184 facti
3249 5119 3706 5186 demonstravit;

2061 5217 2408 5286 domumque
2431 5216 2687 5274 victores
2711 5217 2948 5286 reversi,
2973 5221 3109 5273 vota
3125 5214 3362 5272 Domino
3381 5210 3708 5282 gratiarum

2061 5304 2132 5361 ad
2151 5303 2433 5376 templum
2461 5304 2738 5362 featinant
2763 5306 3004 5376 referre,
3021 5305 3340 5374 videntque
3367 5297 3710 5368 manejuxta

2053 5393 2287 5464 januam
2311 5393 2850 5468 septentrionalem,
2879 5395 3064 5454 instar
3094 5388 3414 5468 posterula
3450 5384 3704 5462 pusillae.

2128 5518 2157 5558 δ
2185 5520 2284 5577 Ms.
2319 5533 2554 5594 semper
2573 5519 2890 5596 Sepontus.
