3992 6170
308 297 409 349 369

1028 297 1633 359 MARTYROLOGIUM
1675 302 1815 360 CUM
1857 305 2387 370 ADDITAMENTIS.
2429 345 2493 356 —
2538 316 2738 378 MENS.
2784 322 2972 382 SEPT.

3601 345 3705 400 370

304 419 474 493 quasi
506 419 762 478 hominis
793 408 1039 493 vestigia
1074 424 1345 522 marmori
1378 426 1601 483 arctius
1645 427 1949 500 impressa,
1983 432 2037 491 A
2068 435 2351 494 ministris
2384 443 2595 513 erepti,
2628 444 2838 502 deinde
2871 447 2925 504 in
2960 451 3148 521 ignem
3199 461 3356 517 missi
3390 467 3545 518 sunt,
3597 466 3703 523 ve-

301 515 747 581 agnoscuntque
772 510 1004 567 beatum
1029 511 1360 569 Michaelem
1384 516 1714 586 prasentia
1738 532 1858 574 sua
1877 518 1950 573 si-

297 614 474 670 gnum
501 598 758 656 voluisse
782 602 1257 667 monstrare;ubi
1283 608 1484 675 postea
1507 604 1758 662 culmine
1780 622 1947 678 appo-

296 688 430 759 sito,
465 693 527 745 et
557 687 728 743 altari
764 688 1057 760 imposito,
1092 690 1213 761 ipsa
1251 693 1326 747 ob
1366 692 1528 762 signa
1564 695 1943 765 vestigiorum

298 776 639 850 Appodonia
656 781 744 834 est
759 782 988 834 vocata.
1005 778 1074 833 Et
1098 780 1468 850 postmodum
1490 781 1806 840 collatione
1833 785 1944 841 fac-

296 871 350 922 ta
378 865 692 937 Sipontini,
724 864 795 921 ad
838 866 1135 924 Orientem
1167 867 1277 924 loci
1309 868 1487 940 illius,
1525 873 1583 926 B.
1622 871 1777 927 Petri
1810 887 1943 944 apo-

293 954 581 1011 stolorum
615 954 898 1026 principis
927 956 1155 1012 nomine
1184 958 1440 1014 condunt
1473 960 1804 1016 ecclesiam.
1832 962 1942 1017 lte-

292 1059 417 1099 rum
441 1044 697 1100 Romano
721 1043 996 1115 pontifice
1019 1049 1075 1101 et
1100 1046 1400 1117 Sipontino
1424 1048 1699 1121 episCOpo
1723 1049 1793 1105 de
1814 1066 1942 1106 con-

291 1131 749 1190 secrationeloci
776 1133 962 1203 ipsius
979 1136 1402 1206 quaerentibus,
1421 1151 1485 1192 ac
1514 1143 1820 1209 propterea
1838 1140 1938 1194 tri-

291 1221 539 1277 duanum
569 1221 853 1293 jejunium
885 1236 1015 1278 cum
1047 1223 1274 1280 civibus
1306 1224 1429 1281 suis
1475 1225 1933 1298 celebrantibus,

289 1315 458 1366 nocte
483 1310 691 1379 jejunii
726 1325 997 1382 suprema
1023 1317 1264 1370 sanctus
1288 1314 1524 1371 Michael
1548 1317 1829 1388 episcopo
1854 1318 1936 1374 Si-

286 1399 528 1471 pontino
553 1414 656 1471 per
675 1400 958 1456 visionem
983 1415 1290 1473 apparens,
1309 1405 1531 1459 monuit
1557 1410 1619 1461 ut
1645 1406 1930 1462 intrarent

264 1487 618 1560 ecclesiam,
640 1503 810 1560 quam
835 1489 959 1561 ipse
981 1490 1218 1561 dicavit,
1234 1497 1292 1547 et
1314 1493 1696 1564 missasjuxta
1714 1511 1929 1553 morem

280 1577 355 1633 ibi
389 1583 655 1648 agerent.
693 1579 897 1649 Meum,
924 1579 1132 1649 inquit,
1156 1580 1269 1636 erit
1300 1583 1612 1639 ostendere
1644 1587 1930 1655 quomodo

279 1682 379 1739 per
410 1667 821 1739 memetipsum
855 1667 1045 1723 locum
1076 1672 1563 1728 consecraverim.
1599 1673 1927 1733 Adveniunt

2060 529 2262 624 niente
2288 540 2479 591 autem
2506 552 2638 594 mox
2662 541 2854 612 pluvia
2878 546 3535 618 vehementi,exstincta
3559 568 3698 624 pyra

2057 615 2112 672 in
2147 618 2305 677 nullo
2340 625 2574 693 penitus
2598 628 2741 702 Iasi,
2766 632 3080 691 novissime
3100 615 3295 708 gladio
3315 615 3695 697 consummati

2055 712 2208 765 sunt.
2245 712 2288 766 E
2318 714 2531 782 quibus
2554 724 2792 778 sanctus
2825 723 3022 781 Victor
3045 725 3116 782 ad
3140 727 3337 783 urbem
3366 738 3394 766 α
3419 730 3697 787 Janaven-

2056 798 2204 854 sium
2232 801 2577 876 translatus,
2600 808 3011 869 miraculorum
3035 813 3221 884 gloria
3246 820 3304 871 et
3322 817 3693 874 veneratione

2055 884 2309 945 ﬁdelium
2341 892 2695 953 celebratur.

2125 979 2263 1035 Item
2296 982 2448 1052 apud
2485 985 2818 1044 Bethlehem
2839 990 3022 1063 Juda,
3048 992 3335 1064 depositio
3361 994 3544 1052 sancti
3567 995 3692 1053 Hie-

2052 1068 2271 1138 ronymi
2317 1072 2663 1144 presbyteri.
2702 1078 2801 1144 Hic
2836 1084 3008 1136 natus
3042 1081 3097 1136 in
3130 1083 3343 1154 oppido
3383 1084 3688 1155 Stridonis,

2051 1156 2204 1224 quod
2245 1158 2545 1218 Dalmatia
2588 1166 2876 1234 quondam
2923 1169 3350 1242 Pannoniaque
3381 1172 3691 1231 confinium

2050 1242 2177 1314 fuit,
2212 1252 2377 1316 patre
2410 1250 2677 1323 Eusebio,
2705 1258 2926 1311 vestem
2953 1257 3165 1313 Christi
3188 1274 3331 1330 puer
3355 1262 3546 1320 Roma
3566 1276 3692 1320 sus-

2048 1332 2226 1403 cepit,
2265 1334 2458 1406 ibique
2494 1339 2710 1398 litteris
2742 1344 2959 1400 Graecis
2995 1361 3059 1403 ac
3105 1347 3324 1407 Latinis
3353 1366 3379 1406 a
3414 1350 3689 1422 primavo

2044 1422 2314 1480 eruditus
2343 1430 2450 1482 est.
2488 1429 2803 1500 Postquam
2837 1439 3031 1492 autem
3062 1451 3227 1493 omne
3269 1438 3685 1497 mundanarum

2043 1511 2298 1567 studium
2352 1513 2681 1574 litterarum
2723 1521 2973 1594 adeptus
3000 1528 3110 1594 est,
3147 1525 3684 1596 probatissimorum

2041 1612 2271 1670 quoque
2323 1605 2734 1664 monachorum
2767 1608 3026 1666 habitum
3063 1613 3392 1686 factumque
3423 1615 3687 1674 imitatus

2038 1691 2148 1759 est,
2167 1690 2436 1749 Romana
2458 1694 2735 1752 Ecclesia
2760 1700 3066 1771 presbyter
3081 1704 3448 1773 postmodum
3462 1705 3685 1762 ordina-

279 1770 443 1854 fnane
476 1771 611 1813 cum
633 1756 1050 1854 Phlalionibllsi
1075 1763 1359 1854 apag"?!
1384 1761 1662 1854 ξηείθηίίθ
1690 1778 1925 1835 precum
1960 1785 2011 1844 Β
2044 1756 2157 1834 tur.
2196 1780 2454 1852 Dumque
2480 1798 2580 1854 per
2603 1756 2915 1844 triennium
2938 1756 3276 1848 continuum
3298 1793 3686 1853 charusacce—

278 1846 501 1902 intrant
522 1846 740 1916 regiam
766 1846 1111 1904 Australem.
1142 1850 1209 1904 Et
1232 1862 1369 1905 ecce
1393 1849 1559 1921 longa
1587 1854 1848 1924 porticus
1874 1856 1927 1911 in

279 1935 626 2006 Aquilonem
652 1940 944 2008 porrecta,
971 1942 1146 2008 atque
1171 1937 1327 1992 illam
1349 1939 1644 2010 attingens
1668 1947 1928 2014 posteru-

275 2023 405 2094 lam,
452 2029 624 2080 extra
675 2039 844 2095 quam
902 2026 1143 2096 vestigia
1201 2027 1474 2083 marmori
1527 2029 1777 2089 diximus
1826 2034 1926 2090 im-

271 2127 500 2184 pressa.
541 2113 649 2169 Sed
692 2114 1030 2185 priusquam
1077 2115 1188 2172 huc
1234 2116 1522 2189 venirent,
1558 2126 1800 2191 apparet
1852 2124 1920 2179 ad

271 2201 571 2257 Orientem
587 2201 826 2259 basilica
845 2204 1210 2275 pergrandis,
1227 2220 1336 2276 qua
1362 2220 1467 2278 per
1482 2207 1701 2276 gradus
1716 2223 1922 2285 ascen-

269 2288 447 2347 ditur.
475 2291 613 2347 Hac
635 2305 765 2346 cum
792 2291 913 2363 ipsa
941 2293 1167 2364 porticu
1186 2309 1287 2349 sua
1312 2295 1663 2365 quingentos
1686 2299 1803 2355 fere
1822 2300 1921 2356 ho-

269 2379 453 2436 mines
472 2392 689 2451 capere
711 2380 1044 2452 videbatur,
1066 2381 1249 2438 altare
1272 2386 1689 2457 venerandum,
1715 2390 1920 2445 rubro-

267 2482 373 2539 que
403 2472 754 2540 coopertum
788 2470 1044 2542 palliolo,
1072 2486 1251 2551 prope
1277 2474 1529 2530 medium
1554 2477 1794 2547 parietis
1815 2481 1920 2535 Mc-

268 2556 495 2613 ridiano
510 2558 852 2615 ostendens.
868 2560 1003 2615 Erat
1021 2564 1215 2616 autem
1239 2561 1364 2633 ipsa
1382 2562 1589 2620 domus
1609 2566 1912 2639 angulosa,

267 2660 376 2702 non
414 2645 470 2701 in
492 2659 713 2702 morem
748 2648 946 2719 operis
970 2649 1913 2725 humaniparietibuserectis,sed

264 2733 448 2790 instar
476 2734 773 2807 spelunca
813 2737 1150 2815 praruptis,
1186 2744 1241 2795 et
1278 2740 1493 2812 sapius
1523 2742 1916 2803 eminentibus

267 2826 536 2894 asperata
568 2822 850 2897 scopulis.
870 2824 1128 2883 Culmine
1151 2842 1383 2899 quoque
1408 2835 1643 2901 petroso
1661 2832 1911 2891 diversa

264 2910 631 2980 altitudinis;
664 2913 817 2984 quod
849 2914 941 2971 hic
972 2915 1198 2972 vertice
1229 2916 1410 2986 tangi,
1438 2917 1578 2974 alibi
1615 2934 1782 2976 manu
1815 2922 1912 2978 vix

262 2999 449 3071 possit
469 3000 678 3071 attingi
697 3021 709 3056 :
727 3001 925 3073 credo,
942 3003 1193 3060 docente
1217 3005 1585 3075 archangelo,
1605 3007 1907 3065 Dominum

2007 1859 2011 1863 ’
2039 1872 2290 1939 ptusque
2316 1872 2547 1942 populis
2563 1879 3585 1952 veneraretur,omniumquejudicio
3608 1884 3684 1940 di-

2036 1969 2188 2024 gnus
2217 1972 2347 2015 esse
2378 1975 2599 2017 summo
2631 1965 2961 2022 sacerdotio
2983 1967 3421 2041 decerneretur,
3448 1971 3679 2041 quidam

2037 2058 2109 2100 ex
2138 2045 2488 2105 clericorum
2523 2054 3055 2126 monachorumque
3087 2057 3413 2129 ordinibus,
3449 2073 3554 2131 pro
3585 2074 3679 2131 pc-

2036 2133 2305 2206 tulentia,
2343 2152 2565 2208 proque
2598 2140 2854 2210 ingluvie
2886 2143 3306 2216 discursantes,
3332 2147 3402 2203 ad
3425 2147 3679 2219 efﬁngan-

2035 2221 2170 2278 dum
2202 2225 2355 2281 Urbe
2386 2226 2817 2301 Hieronymum,
2842 2232 2939 2301 qui
2965 2236 3276 2304 utrumque
3307 2249 3507 2292 eorum
3539 2236 3678 2293 scri-

2032 2309 2178 2369 bens
2221 2313 2426 2370 vitium
2469 2315 2959 2391 deprehenderat,
3013 2321 3250 2379 insidias
3299 2330 3672 2395 paraverunt.

2030 2400 2241 2457 Verum
2275 2401 2398 2472 ipse
2423 2409 2664 2475 propter
2685 2406 2966 2465 calorum
2990 2410 3457 2482 regna,domum,
3475 2428 3679 2484 paren-

2030 2492 2139 2558 tes,
2165 2505 2446 2562 sororem,
2473 2499 2755 2562 cognatos
2783 2496 2980 2567 Roma,
3017 2512 3311 2568 egressus,
3337 2499 3670 2571 dereliquit,

2027 2581 2083 2632 et
2112 2578 2566 2650 Hierosolymam
2592 2582 2952 2641 militaturus
2972 2586 3087 2641 Deo
3112 2601 3378 2657 pergens,
3397 2588 3580 2660 primo
3601 2589 3673 2646 ad

2027 2665 2367 2734 Gregorium
2383 2669 2831 2742 Nazianzenum,
2848 2676 2992 2729 tunc
3013 2674 3671 2746 Constantinopolitana

2027 2753 2192 2810 urbis
2226 2755 2587 2827 episcopum,
2616 2759 2865 2830 supplex
2889 2759 3210 2831 docilisque
3234 2762 3560 2834 discipulus
3582 2779 3673 2821 ac-

2023 2841 2225 2912 cessit,
2263 2847 2325 2899 ut
2361 2849 2691 2902 sanctarum
2718 2847 3155 2918 Scripturarum
3180 2849 3393 2907 studiis
3411 2852 3670 2907 erudire-

2022 2934 2138 2986 tur.
2174 2931 2310 2987 lnde
2334 2932 2389 2987 in
2413 2919 2633 3002 Syriam
2660 2934 2942 3006 perrexit,
2960 2936 3016 2991 in
3042 2938 3413 3007 possessione
3438 2939 3667 3009 Evagrii

2021 3019 2352 3089 presbyteri
2386 3019 2808 3090 aliquantulum
2842 3029 3256 3081 commoratus.
3294 3025 3381 3081 Ad
3430 3026 3664 3083 deserta

294 3103 373 3145 on
411 3094 684 3147 ornatum
722 3088 996 3195 lapidu‘r‘n,
1022 3092 1127 3149 sed
1159 3091 1357 3150 cordis
1390 3108 1654 3164 quaerere
1687 3099 1745 3151 ει
1778 3096 1904 3152 dili-
1937 3133 1986 3195 Ο
2020 3106 2229 3162 deinde
2262 3106 2386 3163 loca
2422 3088 2500 3163 ita
2532 3108 2705 3165 latus
2740 3111 3155 3183 accinctusque
3188 3114 3459 3186 accessit,
3484 3120 3548 3172 ut
3569 3130 3666 3172 vo-

251 3191 394 3248 gere
445 3179 782 3250 puritatem.
824 3179 1031 3237 Nullus
1078 3185 1271 3237 autem
1321 3183 1434 3238 huc
1484 3189 1772 3240 nocturno
1810 3190 1899 3241 est

253 3270 521 3338 tempore
542 3282 722 3324 ausus
746 3268 965 3338 ingredi
984 3286 999 3335 ;
1015 3268 1118 3325 sed
1145 3283 1354 3325 aurora
1381 3275 1700 3343 transacta,
1721 3276 1902 3330 matu-

251 3354 407 3411 tinos
437 3354 654 3411 ibidem
677 3361 912 3412 cantant
943 3357 1201 3427 hymnos.
1236 3359 1318 3413 Ex
1353 3359 1480 3430 ipso
1512 3365 1703 3417 autem
1733 3377 1896 3432 saxo,

250 3456 369 3514 quo
391 3457 555 3500 sacra
576 3444 909 3514 contegitur
921 3445 1075 3501 ades
1088 3445 1159 3501 ad
1174 3446 1512 3517 Aquilonem
1527 3448 1755 3519 altaris,
1774 3450 1892 3506 dul-

247 3532 330 3589 cis
364 3534 423 3586 et
458 3532 696 3587 nimium
720 3531 910 3588 lucida
935 3534 1211 3604 guttatim
1236 3550 1383 3607 aqua
1410 3535 1710 3608 dilabitur,
1728 3552 1899 3608 quam

249 3619 458 3677 incola
493 3619 717 3675 Stillam
740 3625 972 3678 vocant.
991 3622 1076 3678 0b
1101 3623 1210 3679 hoc
1238 3623 1485 3681 vitreum
1509 3640 1610 3681 vas
1641 3626 1898 3696 ejusdem

247 3708 512 3780 receptui
539 3713 949 3781 praparatum.
969 3710 1225 3783 Denique
1250 3713 1509 3769 nonnulli
1533 3718 1663 3785 post
1687 3713 1893 3785 longas

244 3796 497 3854 febrium
522 3796 803 3868 ﬂammas,
820 3799 926 3855 hac
952 3801 1155 3857 hausta
1177 3800 1358 3870 stilla,
1383 3800 1561 3857 celeri
1584 3803 1896 3860 confestim

243 3885 558 3955 refrigerio
609 3887 917 3958 potiuntur
962 3888 1184 3946 salutis.
1219 3889 1543 3946 Innumeris
1575 3905 1806 3962 quoque
1838 3896 1898 3947 et

243 3972 377 4031 aliis
406 3972 593 4032 modis
623 3974 702 4030 ibi
726 3980 785 4031 et
806 3977 1017 4033 crebro
1040 3983 1320 4034 sanantur
1338 3977 1542 4048 agroti
1570 3996 1584 4046 ;
1607 3983 1666 4034 et
1688 3979 1893 4052 multa,

242 4061 507 4134 angelica
538 4068 767 4119 tantum
802 4063 919 4121 illic
956 4069 1273 4137 potestate,
1299 4066 1422 4135 geri
1446 4066 1722 4124 miracula
1746 4083 1899 4125 com-

243 4152 548 4223 probatur.
588 4152 699 4209 Sed
749 4168 862 4209 non
914 4154 1095 4211 multo
1131 4160 1263 4226 post
1299 4156 1490 4211 Roma
1540 4157 1897 4214 venerabilis

241 4241 419 4296 etiam
437 4240 772 4298 Bonifacius
785 4243 1043 4313 pontifex
1057 4241 1364 4299 ecclesiam
1390 4244 1577 4299 sancti
1599 4244 1895 4301 Michaelis

240 4329 477 4386 nomine
505 4336 905 4388 constructam
935 4332 1251 4403 dedicavit,
1289 4333 1343 4388 in
1378 4333 1712 4390 summitate
1745 4335 1894 4391 Circi

240 4418 560 4492 cryptatim
595 4420 741 4475 miro
764 4434 940 4492 opere
966 4420 1255 4477 altissime
1280 4428 1629 4492 porrectam.
1653 4423 1814 4479 Unde
1837 4428 1896 4479 et

2017 3194 2169 3251 lasse
2201 3209 2330 3251 eum
2365 3197 2547 3267 magis
2579 3212 2747 3268 quam
2775 3213 3000 3256 measse
3022 3200 3318 3258 crederes.
3347 3203 3664 3270 Quadrien-

2013 3282 2169 3338 nium
2194 3282 2390 3353 itaque
2415 3285 2468 3339 in
2494 3284 2590 3341 illa
2615 3291 2776 3343 vasta
2802 3288 3135 3360 solitudine,
3154 3304 3282 3360 qua
3296 3296 3503 3348 exusta
3518 3291 3662 3349 solis

2013 3370 2633 3430 ardoribushorridum
2654 3377 2949 3433 monachis
2973 3384 3213 3448 prastat
3237 3379 3657 3453 habitaculum,

2011 3459 2243 3529 exegit;
2272 3460 2522 3533 indeque
2554 3464 2624 3519 ad
2659 3464 2996 3522 Bethlehem
3028 3466 3305 3539 oppidum
3358 3470 3660 3541 remeavit,

2013 3548 2108 3605 ubi
2146 3550 2404 3620 prudens
2438 3552 2647 3608 animal
2681 3555 2751 3610 ad
2786 3569 3047 3627 prasepe
3087 3556 3312 3612 Domini
3355 3572 3416 3614 se
3447 3558 3659 3615 obtulit

2012 3652 2473 3708 permansurum.
2510 3640 2926 3698 Bibliothecam
2953 3631 3097 3700 sane
3130 3659 3316 3714 suam,
3344 3660 3516 3716 quam
3548 3646 3656 3704 sibi

2010 3740 2232 3783 summo
2245 3727 2441 3783 studio
2459 3728 2585 3799 ipse
2600 3730 2966 3802 condiderat,
2982 3732 3354 3803 omniumque
3377 3732 3660 3791 librorum

2009 3814 2328 3885 orationes,
2364 3830 2509 3886 quas
2542 3831 2686 3888 pene
2717 3819 3057 3874 memoriter
3097 3820 3411 3891 retinebat,
3447 3821 3658 3880 iterum

2010 3901 2298 3973 relegens,
2315 3903 2464 3960 diem
2485 3904 2723 3974 jejuniis
2744 3905 2993 3963 ducebat
3017 3906 3088 3963 ad
3110 3921 3433 3979 vesperam.
3452 3909 3660 3968 Plures

2009 3991 2080 4048 ad
2105 4006 2235 4049 eum
2252 3992 2681 4065 religiosorum,
2701 3995 2913 4065 quibus
2924 3996 3038 4052 vita
3055 3996 3183 4067 ejus
3196 3997 3342 4053 fama
3357 4003 3657 4071 comperta

2007 4085 2121 4152 est,
2163 4082 2430 4153 protinus
2477 4082 2910 4155 conﬂuxerunt,
2946 4085 3273 4157 bonumque
3324 4086 3646 4160 doctorem,

2008 4185 2188 4242 parvo
2202 4170 2388 4228 adhuc
2402 4172 2780 4242 subtugurio,
2799 4173 2928 4229 boni
2945 4174 3336 4231 observavere
3355 4176 3647 4248 discipuli.

2007 4260 2119 4316 Nec
2146 4259 2328 4317 multo
2353 4264 2486 4331 post
2508 4259 2755 4317 cellulas
2775 4260 2852 4317 ibi
2876 4262 2949 4318 ob
2969 4261 3390 4333 discipulorum
3415 4279 3652 4321 suorum

2007 4348 2254 4419 cepiam,
2289 4353 2346 4404 et
2384 4352 2624 4420 propter
2664 4350 3050 4420 frequentiam
3083 4351 3546 4423 adventantium,
3582 4352 3654 4409 ad

2011 4435 2547 4492 Bethlehemiticam
2573 4442 2819 4509 portam,
2845 4453 2973 4509 qua
3005 4438 3074 4494 ad
3108 4438 3484 4496 Occidentem
3518 4454 3652 4497 con-

239 4487 392 4563 idem
428 4506 592 4564 locus
624 4508 679 4563 in
715 4487 1047 4565 summitate
1088 4525 1191 4566 sua
1223 4509 1534 4567 continens
1562 4510 1889 4581 ecclesiam,
1927 4487 1978 4547 θ
2010 4524 2204 4596 spicit,
2235 4529 2296 4581 et,
2326 4487 2768 4595 egrediegtibus
2903 4527 3373 4598 Septentrionem
3395 4528 3650 4600 videtur,

239 4595 597 4652 Internubes
628 4596 775 4653 situs
805 4601 1069 4654 vocatur.

656 4727 717 4783 G.
769 4728 1007 4784 PRIDIE
1038 4730 1194 4785 KAL.
1232 4728 1480 4786 OCTOB.

907 4837 1002 4903 (50
1040 4835 1234 4907 Sept.)

310 4964 374 5020 In
407 4963 848 5037 Galliis,castro
871 4965 1172 5038 Solodoro,
1191 4966 1345 5038 quod
1367 4972 1455 5023 est
1487 4982 1665 5040 super
1690 4969 1894 5042 [Auru-

244 5049 382 5123 lam]
418 5050 658 5108 Arulam
695 5052 953 5124 ﬂuvium,
980 5054 1175 5124 passio
1205 5058 1544 5112 sanctorum
1577 5061 1892 5128 martyrum

236 5139 504 5215 Yictoris
535 5145 595 5197 et
626 5140 784 5212 Ursi,
815 5156 889 5198 ex
923 5139 1183 5213 gloriosa
1226 5142 1456 5214 legione
1494 5143 1888 5201 Thebaorum.

240 5226 348 5295 Qui
379 5243 513 5286 cum
548 5228 688 5286 illuc
721 5230 973 5287 furorem
996 5231 1321 5289 Maximiani
1346 5231 1575 5304 tyranni
1604 5231 1894 5289 declinan-

239 5319 331 5374 tes
361 5317 776 5387 secessissent,
803 5318 1165 5392 ipsiusjussu
1191 5321 1340 5377 tenti
1363 5322 1434 5377 ab
1458 5322 1707 5392 Hyrtaco
1729 5334 1893 5377 exse-

237 5410 474 5478 cutore,
493 5407 678 5479 primo
692 5408 838 5465 diris
857 5408 1160 5482 suppliciis
1171 5409 1493 5466 excruciati
1512 5410 1643 5476 ;sed
1665 5407 1889 5465 caelesti

237 5507 422 5566 super
450 5509 554 5553 eos
586 5496 802 5553 lumine
833 5503 1208 5569 coruscante,
1243 5498 1552 5556 ruentibus
1578 5498 1636 5553 in
1674 5502 1885 5553 terram

308 5608 341 5638 ι
370 5601 817 5677 Jmcmium,
858 5604 1035 5677 vulgo
1078 5604 1495 5663 Mummiam.

2006 4612 2311 4684 parvulum
2344 4613 2722 4671 habitationis
2754 4613 3024 4671 locellum
3046 4617 3400 4674 construxit.
3429 4617 3652 4684 Quibus

2004 4716 2143 4759 vero
2181 4703 2427 4772 nisibus,
2463 4704 2768 4775 quantisve
2800 4703 3100 4761 laboribus
3145 4705 3487 4762 Hebraicam
3543 4704 3646 4759 lin-

2004 4806 2172 4862 guam
2188 4797 2365 4863 atque
2380 4791 2767 4864 Chaldaicam,
2783 4791 3130 4865 litterasque
3146 4792 3651 4851 Hebraasdidice—

2005 4878 2101 4949 rit,
2128 4880 2326 4936 verbis
2353 4879 2480 4949 ejus
2499 4878 2740 4937 edicam.
2769 4881 2926 4938 Dum
2952 4881 3383 4953 essem,inquit,
3406 4881 3653 4952 juveni:

2004 4966 2421 5025 etsolitadinis
2441 4981 2532 5024 me
2551 4966 2787 5026 deserta
2807 4982 2881 5027 ca
2890 4968 3130 5039 ﬂarent,
3155 4967 3453 5027 incentiva
3479 4967 3650 5026 vitia-

2000 5069 2137 5112 γυνη
2159 5056 2551 5128 ardoremque
2586 5057 2821 5116 natura
2832 5058 2976 5132 fere
3003 5072 3121 5116 non
3138 5057 3431 5130 poteram.
3459 5056 3652 5124 Quam

2002 5157 2135 5201 cum
2153 5144 2377 5204 crebris
2386 5147 2484 5218 jej
2489 5147 2648 5206 auiis
2654 5147 3034 5221 frangerem,
3045 5159 3209 5203 mea:
3221 5145 3417 5202 tamen
3426 5146 3649 5219 cogita-

2002 5231 2261 5291 tionibus
2282 5234 2591 5294 astaabat.
2609 5235 2699 5294 Ad
2709 5251 2862 5309 quas
2874 5233 3252 5306 edomandaa,
3267 5233 3507 5294 cuidam
3503 5235 3648 5309 fra-

2002 5323 2105 5395 tri,
2130 5324 2238 5395 qui
2257 5337 2332 5381 ea:
2360 5323 2630 5384 Hebraeis
2657 5324 3012 5394 crediderat,
3036 5337 3129 5381 me
3168 5323 3231 5382 in
3259 5323 3649 5399 disciplinam

1998 5412 2137 5471 dedi
2152 5430 2167 5481 ;
2181 5413 2251 5470 ut
2260 5413 2398 5485 post
2417 5414 2781 5480 Quintiliani
2802 5413 3105 5486 acumina,
3119 5414 3181 5472 et
3207 5413 3509 5473 Ciceronis
3524 5412 3648 5484 ﬂu-

1996 5503 2182 5574 ciam,
2191 5502 2673 5575 gravitatemque
2684 5500 3020 5574 Frontonis,
3034 5505 3091 5562 et
3103 5503 3409 5563 lenitatem
3419 5500 3642 5571 Plinii,
