  <div class='ocr_page' id='page_1' title='image "/cluster/home/n/w/nwhite01/storage/ocr_20150623/123/hvd.32044054759857/191.png"; bbox 0 0 4004 6168; ppageno 0'>
   <div class='ocr_carea' id='block_1_1' title="bbox 325 249 417 300">
    <p class='ocr_par' dir='ltr' id='par_1_1' title="bbox 325 249 417 300">
     <span class='ocr_line' id='line_1_1' title="bbox 325 249 417 300; baseline 0 -1"><span class='ocrx_word' id='word_1_1' title='bbox 325 249 417 300; x_wconf 85' lang='grc'><strong>371</strong></span> 
     </span>
    </p>
   </div>
   <div class='ocr_carea' id='block_1_2' title="bbox 1380 219 2669 288">
    <p class='ocr_par' dir='ltr' id='par_1_2' title="bbox 1380 219 2669 288">
     <span class='ocr_line' id='line_1_2' title="bbox 1380 219 2669 288; baseline -0.01 0"><span class='ocrx_word' id='word_1_2' title='bbox 1380 231 1436 288; x_wconf 89' lang='lat' dir='ltr'><strong>S.</strong></span> <span class='ocrx_word' id='word_1_3' title='bbox 1479 227 1736 286; x_wconf 85' lang='lat' dir='ltr'><strong>ADONIS</strong></span> <span class='ocrx_word' id='word_1_4' title='bbox 1773 223 2210 283; x_wconf 77' lang='lat' dir='ltr'><strong>ARCHIEPISC.</strong></span> <span class='ocrx_word' id='word_1_5' title='bbox 2252 219 2669 280; x_wconf 75' lang='lat' dir='ltr'><strong>VIENNENSIS</strong></span> 
     </span>
    </p>
   </div>
   <div class='ocr_carea' id='block_1_3' title="bbox 3619 221 3712 274">
    <p class='ocr_par' dir='ltr' id='par_1_3' title="bbox 3619 221 3712 274">
     <span class='ocr_line' id='line_1_3' title="bbox 3619 221 3712 274; baseline 0.011 -1"><span class='ocrx_word' id='word_1_6' title='bbox 3619 221 3712 274; x_wconf 74' lang='grc'><strong>372</strong></span> 
     </span>
    </p>
   </div>
   <div class='ocr_carea' id='block_1_4' title="bbox 325 327 3718 442">
    <p class='ocr_par' dir='ltr' id='par_1_4' title="bbox 325 327 3718 442">
     <span class='ocr_line' id='line_1_4' title="bbox 325 327 3718 442; baseline -0.007 -17"><span class='ocrx_word' id='word_1_7' title='bbox 325 363 708 442; x_wconf 51' lang='lat' dir='ltr'><strong>calcabam/7n</strong></span> <span class='ocrx_word' id='word_1_8' title='bbox 725 327 1036 430; x_wconf 72' lang='lat' dir='ltr'><strong>discerem,</strong></span> <span class='ocrx_word' id='word_1_9' title='bbox 1053 371 1126 416; x_wconf 80' lang='lat' dir='ltr'><strong>ac</strong></span> <span class='ocrx_word' id='word_1_10' title='bbox 1150 355 1473 414; x_wconf 51' lang='lat' dir='ltr'><strong>scindentia</strong></span> <span class='ocrx_word' id='word_1_11' title='bbox 1495 347 2048 442; x_wconf 68' lang='lat' dir='ltr'><strong>anhelantiaqneA</strong></span> <span class='ocrx_word' id='word_1_12' title='bbox 2078 347 2235 442; x_wconf 88' lang='lat' dir='ltr'><strong>tulit,</strong></span> <span class='ocrx_word' id='word_1_13' title='bbox 2271 346 2500 442; x_wconf 78' lang='lat' dir='ltr'><strong>librum</strong></span> <span class='ocrx_word' id='word_1_14' title='bbox 2551 360 2746 442; x_wconf 74' lang='lat' dir='ltr'><strong>unum,</strong></span> <span class='ocrx_word' id='word_1_15' title='bbox 2800 344 2858 442; x_wconf 77' lang='lat' dir='ltr'><strong>in</strong></span> <span class='ocrx_word' id='word_1_16' title='bbox 2903 345 3114 402; x_wconf 84' lang='lat' dir='ltr'><strong>Lucam</strong></span> <span class='ocrx_word' id='word_1_17' title='bbox 3162 343 3432 442; x_wconf 75' lang='lat' dir='ltr'><strong>homilias</strong></span> <span class='ocrx_word' id='word_1_18' title='bbox 3479 341 3718 442; x_wconf 75' lang='lat' dir='ltr'><strong>triginta</strong></span> 
     </span>
    </p>
   </div>
   <div class='ocr_carea' id='block_1_5' title="bbox 323 440 1969 516">
    <p class='ocr_par' dir='ltr' id='par_1_5' title="bbox 323 440 1969 516">
     <span class='ocr_line' id='line_1_5' title="bbox 323 440 1969 516; baseline -0.012 0"><span class='ocrx_word' id='word_1_19' title='bbox 323 440 500 515; x_wconf 67' lang='grc' dir='ltr'><strong>υένῖπι</strong></span> <span class='ocrx_word' id='word_1_20' title='bbox 526 451 862 510; x_wconf 75' lang='lat' dir='ltr'><strong>meditaret.</strong></span> <span class='ocrx_word' id='word_1_21' title='bbox 885 449 1042 516; x_wconf 75' lang='lat' dir='ltr'><strong>Quid</strong></span> <span class='ocrx_word' id='word_1_22' title='bbox 1071 448 1156 505; x_wconf 74' lang='lat' dir='ltr'><strong>ibi</strong></span> <span class='ocrx_word' id='word_1_23' title='bbox 1191 445 1411 502; x_wconf 73' lang='lat' dir='ltr'><strong>laboris</strong></span> <span class='ocrx_word' id='word_1_24' title='bbox 1429 443 1800 514; x_wconf 70' lang='lat' dir='ltr'><strong>sumpserim,</strong></span> <span class='ocrx_word' id='word_1_25' title='bbox 1817 440 1969 512; x_wconf 75' lang='lat' dir='ltr'><strong>quid</strong></span> 
     </span>
    </p>
   </div>
   <div class='ocr_carea' id='block_1_6' title="bbox 323 531 1970 612">
    <p class='ocr_par' dir='ltr' id='par_1_6' title="bbox 323 531 1970 612">
     <span class='ocr_line' id='line_1_6' title="bbox 323 531 1970 612; baseline -0.011 -8"><span class='ocrx_word' id='word_1_26' title='bbox 323 543 716 604; x_wconf 71' lang='lat' dir='ltr'><em>sustinuerim</em></span> <span class='ocrx_word' id='word_1_27' title='bbox 743 538 1142 612; x_wconf 66' lang='lat' dir='ltr'><strong>diﬁc-altatis,</strong></span> <span class='ocrx_word' id='word_1_28' title='bbox 1175 535 1406 606; x_wconf 73' lang='lat' dir='ltr'><strong>quoties</strong></span> <span class='ocrx_word' id='word_1_29' title='bbox 1436 531 1888 604; x_wconf 49' lang='lat' dir='ltr'><strong>desperaverim,</strong></span> <span class='ocrx_word' id='word_1_30' title='bbox 1913 531 1970 586; x_wconf 76' lang='lat' dir='ltr'><strong>et</strong></span> 
     </span>
    </p>
   </div>
   <div class='ocr_carea' id='block_1_7' title="bbox 325 621 1970 696">
    <p class='ocr_par' dir='ltr' id='par_1_7' title="bbox 325 621 1970 696">
     <span class='ocr_line' id='line_1_7' title="bbox 325 621 1970 696; baseline -0.01 -5"><span class='ocrx_word' id='word_1_31' title='bbox 325 633 690 692; x_wconf 77' lang='lat' dir='ltr'><strong>contentione</strong></span> <span class='ocrx_word' id='word_1_32' title='bbox 711 627 978 686; x_wconf 76' lang='lat' dir='ltr'><strong>discendi</strong></span> <span class='ocrx_word' id='word_1_33' title='bbox 995 639 1208 684; x_wconf 44' lang='grc' dir='ltr'><strong>νωθείας</strong></span> <span class='ocrx_word' id='word_1_34' title='bbox 1225 621 1736 696; x_wconf 71' lang='lat' dir='ltr'><strong>inceperim,testis</strong></span> <span class='ocrx_word' id='word_1_35' title='bbox 1747 621 1970 678; x_wconf 81' lang='lat' dir='ltr'><strong>estcon-</strong></span> 
     </span>
    </p>
   </div>
   <div class='ocr_carea' id='block_1_8' title="bbox 323 707 1971 785">
    <p class='ocr_par' dir='ltr' id='par_1_8' title="bbox 323 707 1971 785">
     <span class='ocr_line' id='line_1_8' title="bbox 323 707 1971 785; baseline -0.01 -4"><span class='ocrx_word' id='word_1_36' title='bbox 323 723 579 782; x_wconf 75' lang='lat' dir='ltr'><strong>scz’entz’a</strong></span> <span class='ocrx_word' id='word_1_37' title='bbox 590 735 738 777; x_wconf 83' lang='lat' dir='ltr'><strong>mea.</strong></span> <span class='ocrx_word' id='word_1_38' title='bbox 759 716 1238 785; x_wconf 88' lang='lat' dir='ltr'><strong>Armatusitaque</strong></span> <span class='ocrx_word' id='word_1_39' title='bbox 1255 713 1387 782; x_wconf 91' lang='lat' dir='ltr'><strong>ﬁde,</strong></span> <span class='ocrx_word' id='word_1_40' title='bbox 1403 709 1768 782; x_wconf 78' lang='lat' dir='ltr'><strong>gratiamque</strong></span> <span class='ocrx_word' id='word_1_41' title='bbox 1783 707 1971 764; x_wconf 87' lang='lat' dir='ltr'><strong>Chris-</strong></span> 
     </span>
    </p>
   </div>
   <div class='ocr_carea' id='block_1_9' title="bbox 328 799 1972 882">
    <p class='ocr_par' dir='ltr' id='par_1_9' title="bbox 328 799 1972 882">
     <span class='ocr_line' id='line_1_9' title="bbox 328 799 1972 882; baseline -0.009 -15"><span class='ocrx_word' id='word_1_42' title='bbox 328 813 372 867; x_wconf 92' lang='lat' dir='ltr'><strong>ti</strong></span> <span class='ocrx_word' id='word_1_43' title='bbox 399 811 665 882; x_wconf 88' lang='lat' dir='ltr'><strong>adeptus,</strong></span> <span class='ocrx_word' id='word_1_44' title='bbox 685 809 1057 863; x_wconf 62' lang='lat' dir='ltr'><strong>Hebraeorum</strong></span> <span class='ocrx_word' id='word_1_45' title='bbox 1071 803 1382 872; x_wconf 88' lang='lat' dir='ltr'><strong>volumina,</strong></span> <span class='ocrx_word' id='word_1_46' title='bbox 1403 815 1530 872; x_wconf 68' lang='lat' dir='ltr'><strong>quae</strong></span> <span class='ocrx_word' id='word_1_47' title='bbox 1545 799 1600 854; x_wconf 89' lang='lat' dir='ltr'><strong>in</strong></span> <span class='ocrx_word' id='word_1_48' title='bbox 1627 799 1818 854; x_wconf 88' lang='lat' dir='ltr'><strong>Canon</strong></span> <span class='ocrx_word' id='word_1_49' title='bbox 1839 812 1972 853; x_wconf 90' lang='lat' dir='ltr'><strong>con-</strong></span> 
     </span>
    </p>
   </div>
   <div class='ocr_carea' id='block_1_10' title="bbox 328 888 1972 970">
    <p class='ocr_par' dir='ltr' id='par_1_10' title="bbox 328 888 1972 970">
     <span class='ocr_line' id='line_1_10' title="bbox 328 888 1972 970; baseline -0.009 -15"><span class='ocrx_word' id='word_1_50' title='bbox 328 899 690 970; x_wconf 89' lang='lat' dir='ltr'><strong>tiuentur,de</strong></span> <span class='ocrx_word' id='word_1_51' title='bbox 713 898 956 952; x_wconf 67' lang='lat' dir='ltr'><strong>Hebraeo</strong></span> <span class='ocrx_word' id='word_1_52' title='bbox 969 895 1024 949; x_wconf 88' lang='lat' dir='ltr'><strong>in</strong></span> <span class='ocrx_word' id='word_1_53' title='bbox 1041 893 1296 950; x_wconf 83' lang='lat' dir='ltr'><strong>Latinam</strong></span> <span class='ocrx_word' id='word_1_54' title='bbox 1314 891 1566 961; x_wconf 83' lang='lat' dir='ltr'><strong>linguam</strong></span> <span class='ocrx_word' id='word_1_55' title='bbox 1581 888 1972 958; x_wconf 90' lang='lat' dir='ltr'><strong>vertit,eaque</strong></span> 
     </span>
    </p>
   </div>
   <div class='ocr_carea' id='block_1_11' title="bbox 313 974 1976 1064">
    <p class='ocr_par' dir='ltr' id='par_1_11' title="bbox 313 974 1976 1064">
     <span class='ocr_line' id='line_1_11' title="bbox 313 974 1976 1064; baseline -0.01 -17"><span class='ocrx_word' id='word_1_56' title='bbox 313 984 477 1064; x_wconf 80' lang='lat' dir='ltr'><strong>pene</strong></span> <span class='ocrx_word' id='word_1_57' title='bbox 501 988 690 1045; x_wconf 86' lang='lat' dir='ltr'><strong>omnia</strong></span> <span class='ocrx_word' id='word_1_58' title='bbox 711 988 1138 1043; x_wconf 80' lang='lat' dir='ltr'><strong>commentatus</strong></span> <span class='ocrx_word' id='word_1_59' title='bbox 1157 985 1266 1038; x_wconf 91' lang='lat' dir='ltr'><strong>est.</strong></span> <span class='ocrx_word' id='word_1_60' title='bbox 1283 983 1352 1037; x_wconf 89' lang='lat' dir='ltr'><strong>Ut</strong></span> <span class='ocrx_word' id='word_1_61' title='bbox 1377 995 1516 1050; x_wconf 89' lang='lat' dir='ltr'><strong>ergo</strong></span> <span class='ocrx_word' id='word_1_62' title='bbox 1529 993 1704 1051; x_wconf 83' lang='lat' dir='ltr'><strong>Opera</strong></span> <span class='ocrx_word' id='word_1_63' title='bbox 1719 974 1976 1047; x_wconf 89' lang='lat' dir='ltr'><strong>ejusval-</strong></span> 
     </span>
    </p>
   </div>
   <div class='ocr_carea' id='block_1_12' title="bbox 332 1064 1978 1136">
    <p class='ocr_par' dir='ltr' id='par_1_12' title="bbox 332 1064 1978 1136">
     <span class='ocr_line' id='line_1_12' title="bbox 332 1064 1978 1136; baseline -0.01 -1"><span class='ocrx_word' id='word_1_64' title='bbox 332 1081 403 1136; x_wconf 89' lang='lat' dir='ltr'><strong>de</strong></span> <span class='ocrx_word' id='word_1_65' title='bbox 429 1078 656 1136; x_wconf 77' lang='lat' dir='ltr'><strong>utiliter</strong></span> <span class='ocrx_word' id='word_1_66' title='bbox 676 1075 938 1132; x_wconf 87' lang='lat' dir='ltr'><strong>confecta</strong></span> <span class='ocrx_word' id='word_1_67' title='bbox 967 1072 1226 1129; x_wconf 84' lang='lat' dir='ltr'><strong>breviter</strong></span> <span class='ocrx_word' id='word_1_68' title='bbox 1245 1081 1780 1135; x_wconf 90' lang='lat' dir='ltr'><strong>commemoremus,</strong></span> <span class='ocrx_word' id='word_1_69' title='bbox 1797 1064 1978 1136; x_wconf 88' lang='lat' dir='ltr'><strong>scrip-</strong></span> 
     </span>
    </p>
   </div>
   <div class='ocr_carea' id='block_1_13' title="bbox 334 1154 1979 1230">
    <p class='ocr_par' dir='ltr' id='par_1_13' title="bbox 334 1154 1979 1230">
     <span class='ocr_line' id='line_1_13' title="bbox 334 1154 1979 1230; baseline -0.01 -6"><span class='ocrx_word' id='word_1_70' title='bbox 334 1169 406 1225; x_wconf 88' lang='lat' dir='ltr'><strong>sit</strong></span> <span class='ocrx_word' id='word_1_71' title='bbox 448 1167 633 1223; x_wconf 85' lang='lat' dir='ltr'><strong>Vitam</strong></span> <span class='ocrx_word' id='word_1_72' title='bbox 676 1163 839 1220; x_wconf 88' lang='lat' dir='ltr'><strong>Pauli</strong></span> <span class='ocrx_word' id='word_1_73' title='bbox 875 1161 1156 1229; x_wconf 87' lang='lat' dir='ltr'><strong>monachi,</strong></span> <span class='ocrx_word' id='word_1_74' title='bbox 1191 1157 1579 1230; x_wconf 86' lang='lat' dir='ltr'><strong>Epistolarum</strong></span> <span class='ocrx_word' id='word_1_75' title='bbox 1612 1155 1683 1212; x_wconf 90' lang='lat' dir='ltr'><strong>ad</strong></span> <span class='ocrx_word' id='word_1_76' title='bbox 1715 1154 1979 1210; x_wconf 90' lang='lat' dir='ltr'><strong>diversos</strong></span> 
     </span>
    </p>
   </div>
   <div class='ocr_carea' id='block_1_14' title="bbox 335 1241 1980 1323">
    <p class='ocr_par' dir='ltr' id='par_1_14' title="bbox 335 1241 1980 1323">
     <span class='ocr_line' id='line_1_14' title="bbox 335 1241 1980 1323; baseline -0.008 -13"><span class='ocrx_word' id='word_1_77' title='bbox 335 1257 545 1313; x_wconf 89' lang='lat' dir='ltr'><strong>librum</strong></span> <span class='ocrx_word' id='word_1_78' title='bbox 599 1269 794 1323; x_wconf 90' lang='lat' dir='ltr'><strong>unum,</strong></span> <span class='ocrx_word' id='word_1_79' title='bbox 831 1251 900 1308; x_wconf 88' lang='lat' dir='ltr'><strong>ad</strong></span> <span class='ocrx_word' id='word_1_80' title='bbox 951 1248 1324 1304; x_wconf 88' lang='lat' dir='ltr'><strong>Heliodorum</strong></span> <span class='ocrx_word' id='word_1_81' title='bbox 1355 1243 1854 1308; x_wconf 84' lang='lat' dir='ltr'><strong>exhortatoriam;</strong></span> <span class='ocrx_word' id='word_1_82' title='bbox 1888 1241 1980 1298; x_wconf 86' lang='lat' dir='ltr'><strong>Al-</strong></span> 
     </span>
    </p>
   </div>
   <div class='ocr_carea' id='block_1_15' title="bbox 333 1331 1980 1402">
    <p class='ocr_par' dir='ltr' id='par_1_15' title="bbox 333 1331 1980 1402">
     <span class='ocr_line' id='line_1_15' title="bbox 333 1331 1980 1402; baseline -0.009 -2"><span class='ocrx_word' id='word_1_83' title='bbox 333 1344 712 1401; x_wconf 87' lang='lat' dir='ltr'><strong>tercationem</strong></span> <span class='ocrx_word' id='word_1_84' title='bbox 782 1337 1087 1396; x_wconf 84' lang='lat' dir='ltr'><strong>Luciferini</strong></span> <span class='ocrx_word' id='word_1_85' title='bbox 1149 1341 1205 1391; x_wconf 88' lang='lat' dir='ltr'><strong>et</strong></span> <span class='ocrx_word' id='word_1_86' title='bbox 1265 1333 1605 1402; x_wconf 88' lang='lat' dir='ltr'><strong>Orthodoxi,</strong></span> <span class='ocrx_word' id='word_1_87' title='bbox 1660 1331 1980 1388; x_wconf 88' lang='lat' dir='ltr'><strong>Chronicon</strong></span> 
     </span>
    </p>
   </div>
   <div class='ocr_carea' id='block_1_16' title="bbox 334 1419 1981 1494">
    <p class='ocr_par' dir='ltr' id='par_1_16' title="bbox 334 1419 1981 1494">
     <span class='ocr_line' id='line_1_16' title="bbox 334 1419 1981 1494; baseline -0.01 -5"><span class='ocrx_word' id='word_1_88' title='bbox 334 1433 675 1490; x_wconf 76' lang='lat' dir='ltr'><strong>omnimodae</strong></span> <span class='ocrx_word' id='word_1_89' title='bbox 726 1427 1026 1494; x_wconf 82' lang='lat' dir='ltr'><strong>historiae;</strong></span> <span class='ocrx_word' id='word_1_90' title='bbox 1061 1425 1114 1481; x_wconf 90' lang='lat' dir='ltr'><strong>in</strong></span> <span class='ocrx_word' id='word_1_91' title='bbox 1159 1423 1464 1479; x_wconf 88' lang='lat' dir='ltr'><strong>Jeremiam</strong></span> <span class='ocrx_word' id='word_1_92' title='bbox 1513 1427 1569 1478; x_wconf 92' lang='lat' dir='ltr'><strong>et</strong></span> <span class='ocrx_word' id='word_1_93' title='bbox 1623 1419 1981 1477; x_wconf 84' lang='lat' dir='ltr'><strong>Ezechielem</strong></span> 
     </span>
    </p>
   </div>
   <div class='ocr_carea' id='block_1_17' title="bbox 335 1510 1987 1590">
    <p class='ocr_par' dir='ltr' id='par_1_17' title="bbox 335 1510 1987 1590">
     <span class='ocr_line' id='line_1_17' title="bbox 335 1510 1987 1590; baseline -0.009 -11"><span class='ocrx_word' id='word_1_94' title='bbox 335 1522 610 1581; x_wconf 85' lang='lat' dir='ltr'><strong>Homilias</strong></span> <span class='ocrx_word' id='word_1_95' title='bbox 630 1518 836 1590; x_wconf 75' lang='lat' dir='ltr'><strong>viginti</strong></span> <span class='ocrx_word' id='word_1_96' title='bbox 859 1519 992 1573; x_wconf 89' lang='lat' dir='ltr'><strong>octo</strong></span> <span class='ocrx_word' id='word_1_97' title='bbox 1015 1529 1158 1586; x_wconf 90' lang='lat' dir='ltr'><strong>quas</strong></span> <span class='ocrx_word' id='word_1_98' title='bbox 1180 1514 1251 1570; x_wconf 90' lang='lat' dir='ltr'><strong>de</strong></span> <span class='ocrx_word' id='word_1_99' title='bbox 1275 1514 1474 1569; x_wconf 63' lang='lat' dir='ltr'><strong>Graeco</strong></span> <span class='ocrx_word' id='word_1_100' title='bbox 1497 1511 1551 1566; x_wconf 92' lang='lat' dir='ltr'><strong>in</strong></span> <span class='ocrx_word' id='word_1_101' title='bbox 1575 1510 1838 1566; x_wconf 87' lang='lat' dir='ltr'><strong>Latinum</strong></span> <span class='ocrx_word' id='word_1_102' title='bbox 1865 1523 1987 1565; x_wconf 88' lang='lat' dir='ltr'><strong>ver-</strong></span> 
     </span>
    </p>
   </div>
   <div class='ocr_carea' id='block_1_18' title="bbox 337 1598 1984 1679">
    <p class='ocr_par' dir='ltr' id='par_1_18' title="bbox 337 1598 1984 1679">
     <span class='ocr_line' id='line_1_18' title="bbox 337 1598 1984 1679; baseline -0.008 -12"><span class='ocrx_word' id='word_1_103' title='bbox 337 1613 430 1670; x_wconf 91' lang='lat' dir='ltr'><strong>tit.</strong></span> <span class='ocrx_word' id='word_1_104' title='bbox 489 1613 567 1668; x_wconf 90' lang='lat' dir='ltr'><strong>De</strong></span> <span class='ocrx_word' id='word_1_105' title='bbox 629 1605 930 1679; x_wconf 89' lang='lat' dir='ltr'><strong>Seraphin,</strong></span> <span class='ocrx_word' id='word_1_106' title='bbox 983 1605 1053 1660; x_wconf 91' lang='lat' dir='ltr'><strong>de</strong></span> <span class='ocrx_word' id='word_1_107' title='bbox 1104 1603 1352 1671; x_wconf 87' lang='lat' dir='ltr'><strong>Osanna,</strong></span> <span class='ocrx_word' id='word_1_108' title='bbox 1407 1601 1478 1656; x_wconf 93' lang='lat' dir='ltr'><strong>de</strong></span> <span class='ocrx_word' id='word_1_109' title='bbox 1532 1599 1680 1670; x_wconf 82' lang='lat' dir='ltr'><strong>frugi</strong></span> <span class='ocrx_word' id='word_1_110' title='bbox 1730 1602 1786 1654; x_wconf 91' lang='lat' dir='ltr'><strong>et</strong></span> <span class='ocrx_word' id='word_1_111' title='bbox 1821 1598 1984 1654; x_wconf 83' lang='lat' dir='ltr'><strong>luxu-</strong></span> 
     </span>
    </p>
   </div>
   <div class='ocr_carea' id='block_1_19' title="bbox 2077 432 3720 508">
    <p class='ocr_par' dir='ltr' id='par_1_19' title="bbox 2077 432 3720 508">
     <span class='ocr_line' id='line_1_19' title="bbox 2077 432 3720 508; baseline -0.002 -15"><span class='ocrx_word' id='word_1_112' title='bbox 2077 441 2233 506; x_wconf 90' lang='lat' dir='ltr'><strong>octo,</strong></span> <span class='ocrx_word' id='word_1_113' title='bbox 2269 437 2326 493; x_wconf 90' lang='lat' dir='ltr'><strong>in</strong></span> <span class='ocrx_word' id='word_1_114' title='bbox 2359 435 2614 508; x_wconf 90' lang='lat' dir='ltr'><strong>psalmos</strong></span> <span class='ocrx_word' id='word_1_115' title='bbox 2645 450 2675 490; x_wconf 88' lang='lat' dir='ltr'><strong>a</strong></span> <span class='ocrx_word' id='word_1_116' title='bbox 2709 434 2933 492; x_wconf 89' lang='lat' dir='ltr'><strong>decimo</strong></span> <span class='ocrx_word' id='word_1_117' title='bbox 2983 447 3169 504; x_wconf 90' lang='lat' dir='ltr'><strong>usque</strong></span> <span class='ocrx_word' id='word_1_118' title='bbox 3203 432 3274 489; x_wconf 92' lang='lat' dir='ltr'><strong>ad</strong></span> <span class='ocrx_word' id='word_1_119' title='bbox 3308 435 3540 490; x_wconf 85' lang='lat' dir='ltr'><strong>sextum</strong></span> <span class='ocrx_word' id='word_1_120' title='bbox 3574 432 3720 490; x_wconf 84' lang='lat' dir='ltr'><strong>deci-</strong></span> 
     </span>
    </p>
   </div>
   <div class='ocr_carea' id='block_1_20' title="bbox 2079 521 3722 596">
    <p class='ocr_par' dir='ltr' id='par_1_20' title="bbox 2079 521 3722 596">
     <span class='ocr_line' id='line_1_20' title="bbox 2079 521 3722 596; baseline -0.003 -14"><span class='ocrx_word' id='word_1_121' title='bbox 2079 541 2231 582; x_wconf 90' lang='lat' dir='ltr'><strong>mum</strong></span> <span class='ocrx_word' id='word_1_122' title='bbox 2273 528 2568 581; x_wconf 87' lang='lat' dir='ltr'><strong>tractatus</strong></span> <span class='ocrx_word' id='word_1_123' title='bbox 2609 527 2855 596; x_wconf 89' lang='lat' dir='ltr'><strong>septem,</strong></span> <span class='ocrx_word' id='word_1_124' title='bbox 2891 523 3194 594; x_wconf 87' lang='lat' dir='ltr'><strong>Captivum</strong></span> <span class='ocrx_word' id='word_1_125' title='bbox 3235 521 3604 592; x_wconf 89' lang='lat' dir='ltr'><strong>monachum,</strong></span> <span class='ocrx_word' id='word_1_126' title='bbox 3634 522 3722 578; x_wconf 81' lang='lat' dir='ltr'><strong>Vi-</strong></span> 
     </span>
    </p>
   </div>
   <div class='ocr_carea' id='block_1_21' title="bbox 2078 611 3724 682">
    <p class='ocr_par' dir='ltr' id='par_1_21' title="bbox 2078 611 3724 682">
     <span class='ocr_line' id='line_1_21' title="bbox 2078 611 3724 682; baseline -0.001 -11"><span class='ocrx_word' id='word_1_127' title='bbox 2078 619 2197 672; x_wconf 89' lang='lat' dir='ltr'><strong>tam</strong></span> <span class='ocrx_word' id='word_1_128' title='bbox 2231 614 2385 670; x_wconf 90' lang='lat' dir='ltr'><strong>beati</strong></span> <span class='ocrx_word' id='word_1_129' title='bbox 2419 613 2750 682; x_wconf 85' lang='lat' dir='ltr'><strong>Hilarionis,</strong></span> <span class='ocrx_word' id='word_1_130' title='bbox 2786 613 3002 668; x_wconf 85' lang='lat' dir='ltr'><strong>Novum</strong></span> <span class='ocrx_word' id='word_1_131' title='bbox 3033 612 3468 667; x_wconf 87' lang='lat' dir='ltr'><strong>Testamentum</strong></span> <span class='ocrx_word' id='word_1_132' title='bbox 3510 611 3724 670; x_wconf 68' lang='lat' dir='ltr'><strong>Graeca:</strong></span> 
     </span>
    </p>
   </div>
   <div class='ocr_carea' id='block_1_22' title="bbox 2084 699 3727 773">
    <p class='ocr_par' dir='ltr' id='par_1_22' title="bbox 2084 699 3727 773">
     <span class='ocr_line' id='line_1_22' title="bbox 2084 699 3727 773; baseline -0.002 -13"><span class='ocrx_word' id='word_1_133' title='bbox 2084 703 2216 760; x_wconf 90' lang='lat' dir='ltr'><strong>ﬁdei</strong></span> <span class='ocrx_word' id='word_1_134' title='bbox 2241 702 2530 770; x_wconf 88' lang='lat' dir='ltr'><strong>reddidit;</strong></span> <span class='ocrx_word' id='word_1_135' title='bbox 2553 700 2944 773; x_wconf 90' lang='lat' dir='ltr'><strong>Epistolarum</strong></span> <span class='ocrx_word' id='word_1_136' title='bbox 2969 703 3160 756; x_wconf 90' lang='lat' dir='ltr'><strong>autem</strong></span> <span class='ocrx_word' id='word_1_137' title='bbox 3185 699 3256 756; x_wconf 90' lang='lat' dir='ltr'><strong>ad</strong></span> <span class='ocrx_word' id='word_1_138' title='bbox 3279 699 3515 756; x_wconf 88' lang='lat' dir='ltr'><strong>Paulam</strong></span> <span class='ocrx_word' id='word_1_139' title='bbox 3537 704 3598 755; x_wconf 89' lang='lat' dir='ltr'><strong>et</strong></span> <span class='ocrx_word' id='word_1_140' title='bbox 3621 701 3727 757; x_wconf 85' lang='lat' dir='ltr'><strong>Eu-</strong></span> 
     </span>
    </p>
   </div>
   <div class='ocr_carea' id='block_1_23' title="bbox 2085 787 3730 860">
    <p class='ocr_par' dir='ltr' id='par_1_23' title="bbox 2085 787 3730 860">
     <span class='ocr_line' id='line_1_23' title="bbox 2085 787 3730 860; baseline -0.002 -11"><span class='ocrx_word' id='word_1_141' title='bbox 2085 791 2374 849; x_wconf 88' lang='lat' dir='ltr'><strong>stochium</strong></span> <span class='ocrx_word' id='word_1_142' title='bbox 2407 790 2668 847; x_wconf 87' lang='lat' dir='ltr'><strong>incertus</strong></span> <span class='ocrx_word' id='word_1_143' title='bbox 2700 794 2792 846; x_wconf 92' lang='lat' dir='ltr'><strong>est</strong></span> <span class='ocrx_word' id='word_1_144' title='bbox 2825 803 3121 846; x_wconf 91' lang='lat' dir='ltr'><strong>numerus.</strong></span> <span class='ocrx_word' id='word_1_145' title='bbox 3148 787 3450 844; x_wconf 90' lang='lat' dir='ltr'><strong>Sexdecim</strong></span> <span class='ocrx_word' id='word_1_146' title='bbox 3484 789 3730 860; x_wconf 89' lang='lat' dir='ltr'><strong>prophe-</strong></span> 
     </span>
    </p>
   </div>
   <div class='ocr_carea' id='block_1_24' title="bbox 2085 876 3730 950">
    <p class='ocr_par' dir='ltr' id='par_1_24' title="bbox 2085 876 3730 950">
     <span class='ocr_line' id='line_1_24' title="bbox 2085 876 3730 950; baseline -0.001 -14"><span class='ocrx_word' id='word_1_147' title='bbox 2085 885 2275 938; x_wconf 92' lang='lat' dir='ltr'><strong>tarum</strong></span> <span class='ocrx_word' id='word_1_148' title='bbox 2297 879 2590 936; x_wconf 89' lang='lat' dir='ltr'><strong>volumina</strong></span> <span class='ocrx_word' id='word_1_149' title='bbox 2614 882 2865 950; x_wconf 88' lang='lat' dir='ltr'><strong>quatuor</strong></span> <span class='ocrx_word' id='word_1_150' title='bbox 2885 881 2944 934; x_wconf 92' lang='lat' dir='ltr'><strong>et</strong></span> <span class='ocrx_word' id='word_1_151' title='bbox 2967 876 3339 949; x_wconf 83' lang='lat' dir='ltr'><strong>septuaginta</strong></span> <span class='ocrx_word' id='word_1_152' title='bbox 3359 876 3532 934; x_wconf 90' lang='lat' dir='ltr'><strong>libris</strong></span> <span class='ocrx_word' id='word_1_153' title='bbox 3553 878 3730 936; x_wconf 81' lang='lat' dir='ltr'><strong>editis</strong></span> 
     </span>
    </p>
   </div>
   <div class='ocr_carea' id='block_1_25' title="bbox 2085 967 3733 1040">
    <p class='ocr_par' dir='ltr' id='par_1_25' title="bbox 2085 967 3733 1040">
     <span class='ocr_line' id='line_1_25' title="bbox 2085 967 3733 1040; baseline -0.001 -14"><span class='ocrx_word' id='word_1_154' title='bbox 2085 973 2515 1026; x_wconf 85' lang='lat' dir='ltr'><strong>commentatus</strong></span> <span class='ocrx_word' id='word_1_155' title='bbox 2537 974 2645 1026; x_wconf 90' lang='lat' dir='ltr'><strong>est.</strong></span> <span class='ocrx_word' id='word_1_156' title='bbox 2663 970 2822 1024; x_wconf 90' lang='lat' dir='ltr'><strong>Inter</strong></span> <span class='ocrx_word' id='word_1_157' title='bbox 2843 968 2946 1024; x_wconf 88' lang='lat' dir='ltr'><strong>bas</strong></span> <span class='ocrx_word' id='word_1_158' title='bbox 2969 967 3166 1038; x_wconf 88' lang='lat' dir='ltr'><strong>itaque</strong></span> <span class='ocrx_word' id='word_1_159' title='bbox 3180 967 3733 1040; x_wconf 88' lang='lat' dir='ltr'><strong>numerosasoperis</strong></span> 
     </span>
    </p>
   </div>
   <div class='ocr_carea' id='block_1_26' title="bbox 2090 1056 3738 1130">
    <p class='ocr_par' dir='ltr' id='par_1_26' title="bbox 2090 1056 3738 1130">
     <span class='ocr_line' id='line_1_26' title="bbox 2090 1056 3738 1130; baseline -0.001 -16"><span class='ocrx_word' id='word_1_160' title='bbox 2090 1059 2180 1116; x_wconf 93' lang='lat' dir='ltr'><strong>sui</strong></span> <span class='ocrx_word' id='word_1_161' title='bbox 2205 1059 2462 1130; x_wconf 86' lang='lat' dir='ltr'><strong>paginas,</strong></span> <span class='ocrx_word' id='word_1_162' title='bbox 2486 1062 2720 1114; x_wconf 89' lang='lat' dir='ltr'><strong>centum</strong></span> <span class='ocrx_word' id='word_1_163' title='bbox 2753 1061 2810 1112; x_wconf 88' lang='lat' dir='ltr'><strong>et</strong></span> <span class='ocrx_word' id='word_1_164' title='bbox 2842 1056 3082 1127; x_wconf 82' lang='lat' dir='ltr'><strong>triginta</strong></span> <span class='ocrx_word' id='word_1_165' title='bbox 3107 1056 3364 1128; x_wconf 90' lang='lat' dir='ltr'><strong>quinque</strong></span> <span class='ocrx_word' id='word_1_166' title='bbox 3387 1056 3649 1113; x_wconf 89' lang='lat' dir='ltr'><strong>virorum</strong></span> <span class='ocrx_word' id='word_1_167' title='bbox 3672 1056 3738 1113; x_wconf 91' lang='lat' dir='ltr'><strong>il-</strong></span> 
     </span>
    </p>
   </div>
   <div class='ocr_carea' id='block_1_27' title="bbox 2091 1145 3737 1216">
    <p class='ocr_par' dir='ltr' id='par_1_27' title="bbox 2091 1145 3737 1216">
     <span class='ocr_line' id='line_1_27' title="bbox 2091 1145 3737 1216; baseline 0 -14"><span class='ocrx_word' id='word_1_168' title='bbox 2091 1147 2362 1206; x_wconf 91' lang='lat' dir='ltr'><strong>lustrium</strong></span> <span class='ocrx_word' id='word_1_169' title='bbox 2411 1147 2946 1204; x_wconf 88' lang='lat' dir='ltr'><strong>ecclesiasticorum</strong></span> <span class='ocrx_word' id='word_1_170' title='bbox 2997 1145 3349 1216; x_wconf 88' lang='lat' dir='ltr'><strong>scriptorum</strong></span> <span class='ocrx_word' id='word_1_171' title='bbox 3398 1145 3655 1216; x_wconf 88' lang='lat' dir='ltr'><strong>nomina,</strong></span> <span class='ocrx_word' id='word_1_172' title='bbox 3707 1161 3737 1202; x_wconf 92' lang='lat' dir='ltr'><strong>a</strong></span> 
     </span>
    </p>
   </div>
   <div class='ocr_carea' id='block_1_28' title="bbox 2093 1233 3742 1310">
    <p class='ocr_par' dir='ltr' id='par_1_28' title="bbox 2093 1233 3742 1310">
     <span class='ocr_line' id='line_1_28' title="bbox 2093 1233 3742 1310; baseline -0.002 -16"><span class='ocrx_word' id='word_1_173' title='bbox 2093 1237 2360 1310; x_wconf 89' lang='lat' dir='ltr'><strong>passione</strong></span> <span class='ocrx_word' id='word_1_174' title='bbox 2393 1235 2605 1294; x_wconf 88' lang='lat' dir='ltr'><strong>Christi</strong></span> <span class='ocrx_word' id='word_1_175' title='bbox 2641 1249 2827 1306; x_wconf 91' lang='lat' dir='ltr'><strong>usque</strong></span> <span class='ocrx_word' id='word_1_176' title='bbox 2859 1235 2930 1290; x_wconf 87' lang='lat' dir='ltr'><strong>ad</strong></span> <span class='ocrx_word' id='word_1_177' title='bbox 2956 1239 3226 1304; x_wconf 91' lang='lat' dir='ltr'><strong>quartum</strong></span> <span class='ocrx_word' id='word_1_178' title='bbox 3249 1233 3537 1291; x_wconf 90' lang='lat' dir='ltr'><strong>decimum</strong></span> <span class='ocrx_word' id='word_1_179' title='bbox 3557 1233 3742 1291; x_wconf 88' lang='lat' dir='ltr'><strong>Theo-</strong></span> 
     </span>
    </p>
   </div>
   <div class='ocr_carea' id='block_1_29' title="bbox 2094 1322 3738 1397">
    <p class='ocr_par' dir='ltr' id='par_1_29' title="bbox 2094 1322 3738 1397">
     <span class='ocr_line' id='line_1_29' title="bbox 2094 1322 3738 1397; baseline -0.002 -14"><span class='ocrx_word' id='word_1_180' title='bbox 2094 1327 2242 1384; x_wconf 90' lang='lat' dir='ltr'><strong>dosii</strong></span> <span class='ocrx_word' id='word_1_181' title='bbox 2257 1324 2628 1397; x_wconf 89' lang='lat' dir='ltr'><strong>imperatoris</strong></span> <span class='ocrx_word' id='word_1_182' title='bbox 2643 1339 2852 1380; x_wconf 90' lang='lat' dir='ltr'><strong>annum</strong></span> <span class='ocrx_word' id='word_1_183' title='bbox 2867 1323 3072 1380; x_wconf 91' lang='lat' dir='ltr'><strong>ordine</strong></span> <span class='ocrx_word' id='word_1_184' title='bbox 3087 1322 3352 1394; x_wconf 84' lang='lat' dir='ltr'><strong>digessit.</strong></span> <span class='ocrx_word' id='word_1_185' title='bbox 3370 1323 3513 1380; x_wconf 90' lang='lat' dir='ltr'><strong>Item</strong></span> <span class='ocrx_word' id='word_1_186' title='bbox 3528 1328 3738 1380; x_wconf 86' lang='lat' dir='ltr'><strong>contra</strong></span> 
     </span>
    </p>
   </div>
   <div class='ocr_carea' id='block_1_30' title="bbox 2091 1411 3744 1483">
    <p class='ocr_par' dir='ltr' id='par_1_30' title="bbox 2091 1411 3744 1483">
     <span class='ocr_line' id='line_1_30' title="bbox 2091 1411 3744 1483; baseline -0.001 -11"><span class='ocrx_word' id='word_1_187' title='bbox 2091 1415 2453 1473; x_wconf 77' lang='lat' dir='ltr'><strong>Iovinianum</strong></span> <span class='ocrx_word' id='word_1_188' title='bbox 2486 1414 2670 1469; x_wconf 85' lang='lat' dir='ltr'><strong>libros</strong></span> <span class='ocrx_word' id='word_1_189' title='bbox 2703 1413 2868 1482; x_wconf 88' lang='lat' dir='ltr'><strong>duos,</strong></span> <span class='ocrx_word' id='word_1_190' title='bbox 2904 1411 3346 1483; x_wconf 88' lang='lat' dir='ltr'><strong>Apologeticum</strong></span> <span class='ocrx_word' id='word_1_191' title='bbox 3376 1411 3448 1468; x_wconf 92' lang='lat' dir='ltr'><strong>ad</strong></span> <span class='ocrx_word' id='word_1_192' title='bbox 3478 1414 3744 1471; x_wconf 90' lang='lat' dir='ltr'><strong>Pamma-</strong></span> 
     </span>
    </p>
   </div>
   <div class='ocr_carea' id='block_1_31' title="bbox 2093 1501 3746 1574">
    <p class='ocr_par' dir='ltr' id='par_1_31' title="bbox 2093 1501 3746 1574">
     <span class='ocr_line' id='line_1_31' title="bbox 2093 1501 3746 1574; baseline -0.001 -12"><span class='ocrx_word' id='word_1_193' title='bbox 2093 1505 2306 1574; x_wconf 91' lang='lat' dir='ltr'><strong>chium,</strong></span> <span class='ocrx_word' id='word_1_194' title='bbox 2343 1504 2398 1560; x_wconf 87' lang='lat' dir='ltr'><strong>in</strong></span> <span class='ocrx_word' id='word_1_195' title='bbox 2431 1503 2761 1560; x_wconf 67' lang='lat' dir='ltr'><strong>Matthazum</strong></span> <span class='ocrx_word' id='word_1_196' title='bbox 2807 1501 3358 1558; x_wconf 87' lang='lat' dir='ltr'><strong>commentariorum</strong></span> <span class='ocrx_word' id='word_1_197' title='bbox 3390 1501 3580 1559; x_wconf 90' lang='lat' dir='ltr'><strong>libros</strong></span> <span class='ocrx_word' id='word_1_198' title='bbox 3604 1517 3746 1573; x_wconf 51' lang='lat' dir='ltr'><strong>qua-</strong></span> 
     </span>
    </p>
   </div>
   <div class='ocr_carea' id='block_1_32' title="bbox 2096 1589 3746 1665">
    <p class='ocr_par' dir='ltr' id='par_1_32' title="bbox 2096 1589 3746 1665">
     <span class='ocr_line' id='line_1_32' title="bbox 2096 1589 3746 1665; baseline 0 -16"><span class='ocrx_word' id='word_1_199' title='bbox 2096 1597 2252 1665; x_wconf 91' lang='lat' dir='ltr'><strong>tuor,</strong></span> <span class='ocrx_word' id='word_1_200' title='bbox 2279 1592 2648 1650; x_wconf 89' lang='lat' dir='ltr'><strong>Enchiridion</strong></span> <span class='ocrx_word' id='word_1_201' title='bbox 2685 1593 2741 1646; x_wconf 90' lang='lat' dir='ltr'><strong>in</strong></span> <span class='ocrx_word' id='word_1_202' title='bbox 2774 1589 3134 1663; x_wconf 89' lang='lat' dir='ltr'><strong>psalterium.</strong></span> <span class='ocrx_word' id='word_1_203' title='bbox 3161 1590 3460 1648; x_wconf 84' lang='lat' dir='ltr'><strong>Adversus</strong></span> <span class='ocrx_word' id='word_1_204' title='bbox 3489 1591 3746 1662; x_wconf 83' lang='lat' dir='ltr'><strong>Vigilan-</strong></span> 
     </span>
    </p>
   </div>
   <div class='ocr_carea' id='block_1_33' title="bbox 336 1678 3744 1766">
    <p class='ocr_par' dir='ltr' id='par_1_33' title="bbox 336 1678 3744 1766">
     <span class='ocr_line' id='line_1_33' title="bbox 336 1678 3744 1766; baseline -0.006 -8"><span class='ocrx_word' id='word_1_205' title='bbox 336 1703 489 1758; x_wconf 89' lang='lat' dir='ltr'><strong>rioso</strong></span> <span class='ocrx_word' id='word_1_206' title='bbox 543 1698 676 1766; x_wconf 93' lang='lat' dir='ltr'><strong>ﬁlio,</strong></span> <span class='ocrx_word' id='word_1_207' title='bbox 697 1678 787 1753; x_wconf 13' lang='lat' dir='ltr'><strong>de,</strong></span> <span class='ocrx_word' id='word_1_208' title='bbox 817 1695 1010 1750; x_wconf 89' lang='lat' dir='ltr'><strong>tribus</strong></span> <span class='ocrx_word' id='word_1_209' title='bbox 1063 1689 1494 1762; x_wconf 67' lang='lat' dir='ltr'><strong>quaestionibus</strong></span> <span class='ocrx_word' id='word_1_210' title='bbox 1537 1687 1702 1757; x_wconf 90' lang='lat' dir='ltr'><strong>Legis</strong></span> <span class='ocrx_word' id='word_1_211' title='bbox 1740 1686 1978 1755; x_wconf 87' lang='lat' dir='ltr'><strong>veteris,</strong></span> <span class='ocrx_word' id='word_1_212' title='bbox 2012 1699 2066 1760; x_wconf 82' lang='grc' dir='ltr'>Β</span> <span class='ocrx_word' id='word_1_213' title='bbox 2099 1683 2242 1740; x_wconf 90' lang='lat' dir='ltr'><strong>tium</strong></span> <span class='ocrx_word' id='word_1_214' title='bbox 2274 1685 2596 1754; x_wconf 88' lang='lat' dir='ltr'><strong>contraque</strong></span> <span class='ocrx_word' id='word_1_215' title='bbox 2625 1681 2921 1750; x_wconf 87' lang='lat' dir='ltr'><strong>Pelagium</strong></span> <span class='ocrx_word' id='word_1_216' title='bbox 2955 1678 3414 1738; x_wconf 87' lang='lat' dir='ltr'><strong>luculentissima</strong></span> <span class='ocrx_word' id='word_1_217' title='bbox 3445 1679 3744 1738; x_wconf 86' lang='lat' dir='ltr'><strong>volumina</strong></span> 
     </span>
    </p>
   </div>
   <div class='ocr_carea' id='block_1_34' title="bbox 342 1773 1996 1846">
    <p class='ocr_par' dir='ltr' id='par_1_34' title="bbox 342 1773 1996 1846">
     <span class='ocr_line' id='line_1_34' title="bbox 342 1773 1996 1846; baseline -0.011 0"><span class='ocrx_word' id='word_1_218' title='bbox 342 1788 617 1846; x_wconf 88' lang='lat' dir='ltr'><strong>Homilias</strong></span> <span class='ocrx_word' id='word_1_219' title='bbox 642 1785 695 1842; x_wconf 92' lang='lat' dir='ltr'><strong>in</strong></span> <span class='ocrx_word' id='word_1_220' title='bbox 722 1783 956 1840; x_wconf 87' lang='lat' dir='ltr'><strong>Cantica</strong></span> <span class='ocrx_word' id='word_1_221' title='bbox 979 1779 1338 1838; x_wconf 89' lang='lat' dir='ltr'><strong>canticorum</strong></span> <span class='ocrx_word' id='word_1_222' title='bbox 1367 1777 1530 1844; x_wconf 92' lang='lat' dir='ltr'><strong>duas,</strong></span> <span class='ocrx_word' id='word_1_223' title='bbox 1559 1776 1841 1832; x_wconf 89' lang='lat' dir='ltr'><strong>adversus</strong></span> <span class='ocrx_word' id='word_1_224' title='bbox 1862 1773 1996 1830; x_wconf 84' lang='lat' dir='ltr'><strong>Hel-</strong></span> 
     </span>
    </p>
   </div>
   <div class='ocr_carea' id='block_1_35' title="bbox 338 1864 1993 1939">
    <p class='ocr_par' dir='ltr' id='par_1_35' title="bbox 338 1864 1993 1939">
     <span class='ocr_line' id='line_1_35' title="bbox 338 1864 1993 1939; baseline -0.007 -7"><span class='ocrx_word' id='word_1_225' title='bbox 338 1877 557 1934; x_wconf 91' lang='lat' dir='ltr'><strong>vidium</strong></span> <span class='ocrx_word' id='word_1_226' title='bbox 610 1877 681 1932; x_wconf 92' lang='lat' dir='ltr'><strong>de</strong></span> <span class='ocrx_word' id='word_1_227' title='bbox 731 1871 924 1930; x_wconf 72' lang='lat' dir='ltr'><strong>Mariae</strong></span> <span class='ocrx_word' id='word_1_228' title='bbox 972 1867 1311 1939; x_wconf 86' lang='lat' dir='ltr'><strong>virginitate</strong></span> <span class='ocrx_word' id='word_1_229' title='bbox 1345 1869 1650 1938; x_wconf 86' lang='lat' dir='ltr'><strong>perpetua,</strong></span> <span class='ocrx_word' id='word_1_230' title='bbox 1687 1864 1756 1920; x_wconf 91' lang='lat' dir='ltr'><strong>ad</strong></span> <span class='ocrx_word' id='word_1_231' title='bbox 1789 1865 1993 1920; x_wconf 86' lang='lat' dir='ltr'><strong>Eusto-</strong></span> 
     </span>
    </p>
   </div>
   <div class='ocr_carea' id='block_1_36' title="bbox 336 1951 1992 2030">
    <p class='ocr_par' dir='ltr' id='par_1_36' title="bbox 336 1951 1992 2030">
     <span class='ocr_line' id='line_1_36' title="bbox 336 1951 1992 2030; baseline -0.01 -7"><span class='ocrx_word' id='word_1_232' title='bbox 336 1966 531 2023; x_wconf 90' lang='lat' dir='ltr'><strong>chium</strong></span> <span class='ocrx_word' id='word_1_233' title='bbox 567 1965 637 2020; x_wconf 91' lang='lat' dir='ltr'><strong>de</strong></span> <span class='ocrx_word' id='word_1_234' title='bbox 666 1961 1007 2030; x_wconf 85' lang='lat' dir='ltr'><strong>virginitate</strong></span> <span class='ocrx_word' id='word_1_235' title='bbox 1047 1956 1356 2023; x_wconf 86' lang='lat' dir='ltr'><strong>servanda,</strong></span> <span class='ocrx_word' id='word_1_236' title='bbox 1381 1955 1452 2010; x_wconf 91' lang='lat' dir='ltr'><strong>ad</strong></span> <span class='ocrx_word' id='word_1_237' title='bbox 1500 1953 1830 2010; x_wconf 82' lang='lat' dir='ltr'><strong>Marcellam</strong></span> <span class='ocrx_word' id='word_1_238' title='bbox 1863 1951 1992 2023; x_wconf 88' lang='lat' dir='ltr'><strong>Epi-</strong></span> 
     </span>
    </p>
   </div>
   <div class='ocr_carea' id='block_1_37' title="bbox 340 2041 1990 2116">
    <p class='ocr_par' dir='ltr' id='par_1_37' title="bbox 340 2041 1990 2116">
     <span class='ocr_line' id='line_1_37' title="bbox 340 2041 1990 2116; baseline -0.008 -6"><span class='ocrx_word' id='word_1_239' title='bbox 340 2053 624 2110; x_wconf 88' lang='lat' dir='ltr'><strong>stolarum</strong></span> <span class='ocrx_word' id='word_1_240' title='bbox 667 2051 881 2107; x_wconf 91' lang='lat' dir='ltr'><strong>librum</strong></span> <span class='ocrx_word' id='word_1_241' title='bbox 934 2061 1130 2116; x_wconf 91' lang='lat' dir='ltr'><strong>unum,</strong></span> <span class='ocrx_word' id='word_1_242' title='bbox 1167 2043 1626 2100; x_wconf 88' lang='lat' dir='ltr'><strong>Consolatoriam</strong></span> <span class='ocrx_word' id='word_1_243' title='bbox 1679 2041 1750 2097; x_wconf 87' lang='lat' dir='ltr'><strong>de</strong></span> <span class='ocrx_word' id='word_1_244' title='bbox 1803 2044 1990 2098; x_wconf 90' lang='lat' dir='ltr'><strong>morte</strong></span> 
     </span>
    </p>
   </div>
   <div class='ocr_carea' id='block_1_38' title="bbox 339 2121 1992 2210">
    <p class='ocr_par' dir='ltr' id='par_1_38' title="bbox 339 2121 1992 2210">
     <span class='ocr_line' id='line_1_38' title="bbox 339 2121 1992 2210; baseline -0.008 -11"><span class='ocrx_word' id='word_1_245' title='bbox 339 2121 576 2200; x_wconf 54' lang='lat' dir='ltr'><strong>ﬁlim‘ad</strong></span> <span class='ocrx_word' id='word_1_246' title='bbox 609 2139 866 2210; x_wconf 91' lang='lat' dir='ltr'><strong>Paulam,</strong></span> <span class='ocrx_word' id='word_1_247' title='bbox 894 2137 950 2192; x_wconf 93' lang='lat' dir='ltr'><strong>in</strong></span> <span class='ocrx_word' id='word_1_248' title='bbox 972 2133 1278 2208; x_wconf 88' lang='lat' dir='ltr'><strong>epistolam</strong></span> <span class='ocrx_word' id='word_1_249' title='bbox 1303 2132 1462 2189; x_wconf 87' lang='lat' dir='ltr'><strong>Pauli</strong></span> <span class='ocrx_word' id='word_1_250' title='bbox 1490 2132 1560 2188; x_wconf 91' lang='lat' dir='ltr'><strong>ad</strong></span> <span class='ocrx_word' id='word_1_251' title='bbox 1583 2129 1817 2189; x_wconf 87' lang='lat' dir='ltr'><strong>Galatas</strong></span> <span class='ocrx_word' id='word_1_252' title='bbox 1839 2145 1992 2186; x_wconf 89' lang='lat' dir='ltr'><strong>com-</strong></span> 
     </span>
    </p>
   </div>
   <div class='ocr_carea' id='block_1_39' title="bbox 340 2217 1990 2294">
    <p class='ocr_par' dir='ltr' id='par_1_39' title="bbox 340 2217 1990 2294">
     <span class='ocr_line' id='line_1_39' title="bbox 340 2217 1990 2294; baseline -0.008 -7"><span class='ocrx_word' id='word_1_253' title='bbox 340 2229 757 2288; x_wconf 87' lang='lat' dir='ltr'><strong>mentariorum</strong></span> <span class='ocrx_word' id='word_1_254' title='bbox 791 2227 973 2282; x_wconf 90' lang='lat' dir='ltr'><strong>libros</strong></span> <span class='ocrx_word' id='word_1_255' title='bbox 998 2228 1144 2293; x_wconf 91' lang='lat' dir='ltr'><strong>tres,</strong></span> <span class='ocrx_word' id='word_1_256' title='bbox 1178 2223 1232 2279; x_wconf 89' lang='lat' dir='ltr'><strong>in</strong></span> <span class='ocrx_word' id='word_1_257' title='bbox 1265 2220 1572 2294; x_wconf 82' lang='lat' dir='ltr'><strong>epistolam</strong></span> <span class='ocrx_word' id='word_1_258' title='bbox 1605 2219 1675 2276; x_wconf 91' lang='lat' dir='ltr'><strong>ad</strong></span> <span class='ocrx_word' id='word_1_259' title='bbox 1707 2218 1893 2275; x_wconf 91' lang='lat' dir='ltr'><strong>Titum</strong></span> <span class='ocrx_word' id='word_1_260' title='bbox 1926 2217 1990 2274; x_wconf 88' lang='lat' dir='ltr'><strong>li-</strong></span> 
     </span>
    </p>
   </div>
   <div class='ocr_carea' id='block_1_40' title="bbox 342 2307 1988 2388">
    <p class='ocr_par' dir='ltr' id='par_1_40' title="bbox 342 2307 1988 2388">
     <span class='ocr_line' id='line_1_40' title="bbox 342 2307 1988 2388; baseline -0.01 -11"><span class='ocrx_word' id='word_1_261' title='bbox 342 2321 508 2376; x_wconf 91' lang='lat' dir='ltr'><strong>brum</strong></span> <span class='ocrx_word' id='word_1_262' title='bbox 553 2331 752 2388; x_wconf 89' lang='lat' dir='ltr'><strong>unum,</strong></span> <span class='ocrx_word' id='word_1_263' title='bbox 784 2315 841 2370; x_wconf 92' lang='lat' dir='ltr'><strong>in</strong></span> <span class='ocrx_word' id='word_1_264' title='bbox 871 2312 1188 2385; x_wconf 89' lang='lat' dir='ltr'><strong>Epistolam</strong></span> <span class='ocrx_word' id='word_1_265' title='bbox 1213 2311 1288 2366; x_wconf 87' lang='lat' dir='ltr'><strong>ad</strong></span> <span class='ocrx_word' id='word_1_266' title='bbox 1331 2309 1725 2365; x_wconf 88' lang='lat' dir='ltr'><strong>Philemonem</strong></span> <span class='ocrx_word' id='word_1_267' title='bbox 1775 2307 1988 2363; x_wconf 89' lang='lat' dir='ltr'><strong>librum</strong></span> 
     </span>
    </p>
   </div>
   <div class='ocr_carea' id='block_1_41' title="bbox 339 2394 1987 2477">
    <p class='ocr_par' dir='ltr' id='par_1_41' title="bbox 339 2394 1987 2477">
     <span class='ocr_line' id='line_1_41' title="bbox 339 2394 1987 2477; baseline -0.01 -12"><span class='ocrx_word' id='word_1_268' title='bbox 339 2422 537 2477; x_wconf 90' lang='lat' dir='ltr'><strong>unum,</strong></span> <span class='ocrx_word' id='word_1_269' title='bbox 571 2405 628 2462; x_wconf 91' lang='lat' dir='ltr'><strong>in</strong></span> <span class='ocrx_word' id='word_1_270' title='bbox 658 2402 1050 2461; x_wconf 88' lang='lat' dir='ltr'><strong>Ecclesiasten</strong></span> <span class='ocrx_word' id='word_1_271' title='bbox 1089 2397 1556 2466; x_wconf 89' lang='lat' dir='ltr'><strong>commentarios,</strong></span> <span class='ocrx_word' id='word_1_272' title='bbox 1593 2394 1987 2463; x_wconf 65' lang='lat' dir='ltr'><strong>Quaestionum</strong></span> 
     </span>
    </p>
   </div>
   <div class='ocr_carea' id='block_1_42' title="bbox 341 2481 1988 2553">
    <p class='ocr_par' dir='ltr' id='par_1_42' title="bbox 341 2481 1988 2553">
     <span class='ocr_line' id='line_1_42' title="bbox 341 2481 1988 2553; baseline -0.009 0"><span class='ocrx_word' id='word_1_273' title='bbox 341 2494 756 2553; x_wconf 86' lang='lat' dir='ltr'><strong>Hebraicarum</strong></span> <span class='ocrx_word' id='word_1_274' title='bbox 799 2491 854 2547; x_wconf 92' lang='lat' dir='ltr'><strong>in</strong></span> <span class='ocrx_word' id='word_1_275' title='bbox 905 2487 1173 2546; x_wconf 90' lang='lat' dir='ltr'><strong>Genesim</strong></span> <span class='ocrx_word' id='word_1_276' title='bbox 1225 2487 1438 2544; x_wconf 88' lang='lat' dir='ltr'><strong>librum</strong></span> <span class='ocrx_word' id='word_1_277' title='bbox 1485 2498 1682 2553; x_wconf 91' lang='lat' dir='ltr'><strong>unum,</strong></span> <span class='ocrx_word' id='word_1_278' title='bbox 1719 2482 1789 2538; x_wconf 93' lang='lat' dir='ltr'><strong>de</strong></span> <span class='ocrx_word' id='word_1_279' title='bbox 1822 2481 1988 2538; x_wconf 91' lang='lat' dir='ltr'><strong>Locis</strong></span> 
     </span>
    </p>
   </div>
   <div class='ocr_carea' id='block_1_43' title="bbox 341 2571 1982 2652">
    <p class='ocr_par' dir='ltr' id='par_1_43' title="bbox 341 2571 1982 2652">
     <span class='ocr_line' id='line_1_43' title="bbox 341 2571 1982 2652; baseline -0.008 -13"><span class='ocrx_word' id='word_1_280' title='bbox 341 2585 552 2642; x_wconf 89' lang='lat' dir='ltr'><strong>librum</strong></span> <span class='ocrx_word' id='word_1_281' title='bbox 577 2597 775 2652; x_wconf 88' lang='lat' dir='ltr'><strong>unum,</strong></span> <span class='ocrx_word' id='word_1_282' title='bbox 793 2577 1206 2636; x_wconf 86' lang='lat' dir='ltr'><strong>Hebraicorum</strong></span> <span class='ocrx_word' id='word_1_283' title='bbox 1231 2573 1523 2632; x_wconf 90' lang='lat' dir='ltr'><strong>nominum</strong></span> <span class='ocrx_word' id='word_1_284' title='bbox 1547 2571 1760 2628; x_wconf 90' lang='lat' dir='ltr'><strong>librum</strong></span> <span class='ocrx_word' id='word_1_285' title='bbox 1785 2586 1982 2628; x_wconf 89' lang='lat' dir='ltr'><strong>unum.</strong></span> 
     </span>
    </p>
   </div>
   <div class='ocr_carea' id='block_1_44' title="bbox 342 2659 1988 2744">
    <p class='ocr_par' dir='ltr' id='par_1_44' title="bbox 342 2659 1988 2744">
     <span class='ocr_line' id='line_1_44' title="bbox 342 2659 1988 2744; baseline -0.008 -15"><span class='ocrx_word' id='word_1_286' title='bbox 342 2675 420 2729; x_wconf 89' lang='lat' dir='ltr'><strong>De</strong></span> <span class='ocrx_word' id='word_1_287' title='bbox 452 2669 670 2744; x_wconf 89' lang='lat' dir='ltr'><strong>Spiritu</strong></span> <span class='ocrx_word' id='word_1_288' title='bbox 702 2667 886 2726; x_wconf 89' lang='lat' dir='ltr'><strong>sancti</strong></span> <span class='ocrx_word' id='word_1_289' title='bbox 918 2665 1162 2738; x_wconf 84' lang='lat' dir='ltr'><strong>Dydimi,</strong></span> <span class='ocrx_word' id='word_1_290' title='bbox 1199 2677 1368 2736; x_wconf 89' lang='lat' dir='ltr'><strong>quem</strong></span> <span class='ocrx_word' id='word_1_291' title='bbox 1409 2661 1466 2718; x_wconf 88' lang='lat' dir='ltr'><strong>in</strong></span> <span class='ocrx_word' id='word_1_292' title='bbox 1498 2659 1763 2717; x_wconf 89' lang='lat' dir='ltr'><strong>Latinum</strong></span> <span class='ocrx_word' id='word_1_293' title='bbox 1796 2663 1988 2716; x_wconf 90' lang='lat' dir='ltr'><strong>trans-</strong></span> 
     </span>
    </p>
   </div>
   <div class='ocr_carea' id='block_1_45' title="bbox 2105 1767 3746 1840">
    <p class='ocr_par' dir='ltr' id='par_1_45' title="bbox 2105 1767 3746 1840">
     <span class='ocr_line' id='line_1_45' title="bbox 2105 1767 3746 1840; baseline -0.001 -12"><span class='ocrx_word' id='word_1_294' title='bbox 2105 1771 2308 1828; x_wconf 90' lang='lat' dir='ltr'><strong>edidit.</strong></span> <span class='ocrx_word' id='word_1_295' title='bbox 2343 1773 2421 1827; x_wconf 90' lang='lat' dir='ltr'><strong>De</strong></span> <span class='ocrx_word' id='word_1_296' title='bbox 2455 1769 2854 1826; x_wconf 89' lang='lat' dir='ltr'><strong>mansionibus</strong></span> <span class='ocrx_word' id='word_1_297' title='bbox 2885 1783 3116 1840; x_wconf 87' lang='lat' dir='ltr'><strong>quoque</strong></span> <span class='ocrx_word' id='word_1_298' title='bbox 3160 1767 3411 1826; x_wconf 83' lang='lat' dir='ltr'><strong>ﬁliorum</strong></span> <span class='ocrx_word' id='word_1_299' title='bbox 3442 1768 3649 1840; x_wconf 89' lang='lat' dir='ltr'><strong>Israel,</strong></span> <span class='ocrx_word' id='word_1_300' title='bbox 3683 1773 3746 1826; x_wconf 88' lang='lat' dir='ltr'><strong>et</strong></span> 
     </span>
    </p>
   </div>
   <div class='ocr_carea' id='block_1_46' title="bbox 2101 1855 3749 1930">
    <p class='ocr_par' dir='ltr' id='par_1_46' title="bbox 2101 1855 3749 1930">
     <span class='ocr_line' id='line_1_46' title="bbox 2101 1855 3749 1930; baseline -0.001 -14"><span class='ocrx_word' id='word_1_301' title='bbox 2101 1859 2214 1916; x_wconf 91' lang='lat' dir='ltr'><strong>alia</strong></span> <span class='ocrx_word' id='word_1_302' title='bbox 2238 1859 2660 1930; x_wconf 89' lang='lat' dir='ltr'><strong>quamplurima</strong></span> <span class='ocrx_word' id='word_1_303' title='bbox 2681 1857 2751 1914; x_wconf 91' lang='lat' dir='ltr'><strong>ad</strong></span> <span class='ocrx_word' id='word_1_304' title='bbox 2771 1857 3215 1914; x_wconf 66' lang='lat' dir='ltr'><strong>aediﬁcationem</strong></span> <span class='ocrx_word' id='word_1_305' title='bbox 3243 1855 3522 1915; x_wconf 64' lang='lat' dir='ltr'><strong>Ecclesiae</strong></span> <span class='ocrx_word' id='word_1_306' title='bbox 3545 1859 3749 1915; x_wconf 84' lang='lat' dir='ltr'><strong>catho-</strong></span> 
     </span>
    </p>
   </div>
   <div class='ocr_carea' id='block_1_47' title="bbox 2101 1946 3748 2020">
    <p class='ocr_par' dir='ltr' id='par_1_47' title="bbox 2101 1946 3748 2020">
     <span class='ocr_line' id='line_1_47' title="bbox 2101 1946 3748 2020; baseline 0.001 -17"><span class='ocrx_word' id='word_1_307' title='bbox 2101 1948 2210 2005; x_wconf 90' lang='lat' dir='ltr'><strong>lica</strong></span> <span class='ocrx_word' id='word_1_308' title='bbox 2246 1948 2464 2020; x_wconf 90' lang='lat' dir='ltr'><strong>pietate</strong></span> <span class='ocrx_word' id='word_1_309' title='bbox 2496 1946 2847 2019; x_wconf 90' lang='lat' dir='ltr'><strong>composuit.</strong></span> <span class='ocrx_word' id='word_1_310' title='bbox 2882 1949 3060 2003; x_wconf 90' lang='lat' dir='ltr'><strong>Tanta</strong></span> <span class='ocrx_word' id='word_1_311' title='bbox 3094 1947 3344 2017; x_wconf 89' lang='lat' dir='ltr'><strong>denique</strong></span> <span class='ocrx_word' id='word_1_312' title='bbox 3394 1946 3748 2004; x_wconf 86' lang='lat' dir='ltr'><strong>lassitudine</strong></span> 
     </span>
    </p>
   </div>
   <div class='ocr_carea' id='block_1_48' title="bbox 2101 2035 3752 2109">
    <p class='ocr_par' dir='ltr' id='par_1_48' title="bbox 2101 2035 3752 2109">
     <span class='ocr_line' id='line_1_48' title="bbox 2101 2035 3752 2109; baseline 0 -17"><span class='ocrx_word' id='word_1_313' title='bbox 2101 2037 2380 2109; x_wconf 82' lang='lat' dir='ltr'><strong>fatigatus</strong></span> <span class='ocrx_word' id='word_1_314' title='bbox 2405 2040 2496 2093; x_wconf 90' lang='lat' dir='ltr'><strong>est</strong></span> <span class='ocrx_word' id='word_1_315' title='bbox 2527 2040 2590 2092; x_wconf 89' lang='lat' dir='ltr'><strong>ut</strong></span> <span class='ocrx_word' id='word_1_316' title='bbox 2619 2035 2874 2092; x_wconf 90' lang='lat' dir='ltr'><strong>etiamin</strong></span> <span class='ocrx_word' id='word_1_317' title='bbox 2899 2038 3086 2094; x_wconf 88' lang='lat' dir='ltr'><strong>stratu</strong></span> <span class='ocrx_word' id='word_1_318' title='bbox 3111 2049 3218 2092; x_wconf 91' lang='lat' dir='ltr'><strong>suo</strong></span> <span class='ocrx_word' id='word_1_319' title='bbox 3237 2035 3460 2107; x_wconf 85' lang='lat' dir='ltr'><strong>jacens,</strong></span> <span class='ocrx_word' id='word_1_320' title='bbox 3487 2035 3752 2094; x_wconf 85' lang='lat' dir='ltr'><strong>funiculo</strong></span> 
     </span>
    </p>
   </div>
   <div class='ocr_carea' id='block_1_49' title="bbox 2099 2123 3752 2196">
    <p class='ocr_par' dir='ltr' id='par_1_49' title="bbox 2099 2123 3752 2196">
     <span class='ocr_line' id='line_1_49' title="bbox 2099 2123 3752 2196; baseline -0.001 -14"><span class='ocrx_word' id='word_1_321' title='bbox 2099 2127 2267 2184; x_wconf 90' lang='lat' dir='ltr'><strong>trabe</strong></span> <span class='ocrx_word' id='word_1_322' title='bbox 2298 2138 2588 2196; x_wconf 81' lang='lat' dir='ltr'><strong>suapenso</strong></span> <span class='ocrx_word' id='word_1_323' title='bbox 2619 2123 2866 2196; x_wconf 90' lang='lat' dir='ltr'><strong>supinus</strong></span> <span class='ocrx_word' id='word_1_324' title='bbox 2893 2124 3259 2196; x_wconf 89' lang='lat' dir='ltr'><strong>apprehenso</strong></span> <span class='ocrx_word' id='word_1_325' title='bbox 3291 2123 3645 2195; x_wconf 88' lang='lat' dir='ltr'><strong>erigeretur,</strong></span> <span class='ocrx_word' id='word_1_326' title='bbox 3682 2127 3752 2182; x_wconf 84' lang='lat' dir='ltr'><strong>ut</strong></span> 
     </span>
    </p>
   </div>
   <div class='ocr_carea' id='block_1_50' title="bbox 2100 2212 3746 2286">
    <p class='ocr_par' dir='ltr' id='par_1_50' title="bbox 2100 2212 3746 2286">
     <span class='ocr_line' id='line_1_50' title="bbox 2100 2212 3746 2286; baseline -0.001 -14"><span class='ocrx_word' id='word_1_327' title='bbox 2100 2215 2329 2272; x_wconf 89' lang='lat' dir='ltr'><strong>scilicet</strong></span> <span class='ocrx_word' id='word_1_328' title='bbox 2344 2213 2593 2271; x_wconf 82' lang='lat' dir='ltr'><strong>oﬂlcium</strong></span> <span class='ocrx_word' id='word_1_329' title='bbox 2611 2212 2946 2270; x_wconf 86' lang='lat' dir='ltr'><strong>monasterii</strong></span> <span class='ocrx_word' id='word_1_330' title='bbox 2964 2217 3132 2285; x_wconf 89' lang='lat' dir='ltr'><strong>prout</strong></span> <span class='ocrx_word' id='word_1_331' title='bbox 3152 2212 3746 2286; x_wconf 87' lang='lat' dir='ltr'><strong>poterat,exhiberet.</strong></span> 
     </span>
    </p>
   </div>
   <div class='ocr_carea' id='block_1_51' title="bbox 2097 2300 3753 2374">
    <p class='ocr_par' dir='ltr' id='par_1_51' title="bbox 2097 2300 3753 2374">
     <span class='ocr_line' id='line_1_51' title="bbox 2097 2300 3753 2374; baseline -0.001 -14"><span class='ocrx_word' id='word_1_332' title='bbox 2097 2304 2366 2374; x_wconf 90' lang='lat' dir='ltr'><strong>Tandem,</strong></span> <span class='ocrx_word' id='word_1_333' title='bbox 2386 2305 2518 2374; x_wconf 91' lang='lat' dir='ltr'><strong>post</strong></span> <span class='ocrx_word' id='word_1_334' title='bbox 2546 2301 2862 2373; x_wconf 80' lang='lat' dir='ltr'><strong>perfectam</strong></span> <span class='ocrx_word' id='word_1_335' title='bbox 2886 2300 3275 2374; x_wconf 90' lang='lat' dir='ltr'><strong>placitamque</strong></span> <span class='ocrx_word' id='word_1_336' title='bbox 3298 2304 3414 2359; x_wconf 90' lang='lat' dir='ltr'><strong>Deo</strong></span> <span class='ocrx_word' id='word_1_337' title='bbox 3433 2316 3753 2360; x_wconf 87' lang='lat' dir='ltr'><strong>conversa-</strong></span> 
     </span>
    </p>
   </div>
   <div class='ocr_carea' id='block_1_52' title="bbox 2098 2390 3756 2463">
    <p class='ocr_par' dir='ltr' id='par_1_52' title="bbox 2098 2390 3756 2463">
     <span class='ocr_line' id='line_1_52' title="bbox 2098 2390 3756 2463; baseline 0.001 -16"><span class='ocrx_word' id='word_1_338' title='bbox 2098 2392 2336 2462; x_wconf 90' lang='lat' dir='ltr'><strong>tionem,</strong></span> <span class='ocrx_word' id='word_1_339' title='bbox 2362 2390 2736 2461; x_wconf 87' lang='lat' dir='ltr'><strong>nonagesimo</strong></span> <span class='ocrx_word' id='word_1_340' title='bbox 2758 2394 2968 2448; x_wconf 91' lang='lat' dir='ltr'><strong>octavo</strong></span> <span class='ocrx_word' id='word_1_341' title='bbox 2991 2390 3183 2448; x_wconf 69' lang='lat' dir='ltr'><strong>aetatis</strong></span> <span class='ocrx_word' id='word_1_342' title='bbox 3205 2405 3374 2461; x_wconf 91' lang='lat' dir='ltr'><strong>anno,</strong></span> <span class='ocrx_word' id='word_1_343' title='bbox 3399 2390 3554 2463; x_wconf 91' lang='lat' dir='ltr'><strong>apud</strong></span> <span class='ocrx_word' id='word_1_344' title='bbox 3577 2390 3756 2448; x_wconf 89' lang='lat' dir='ltr'><strong>Beth-</strong></span> 
     </span>
    </p>
   </div>
   <div class='ocr_carea' id='block_1_53' title="bbox 2099 2478 3751 2552">
    <p class='ocr_par' dir='ltr' id='par_1_53' title="bbox 2099 2478 3751 2552">
     <span class='ocr_line' id='line_1_53' title="bbox 2099 2478 3751 2552; baseline 0.001 -16"><span class='ocrx_word' id='word_1_345' title='bbox 2099 2481 2286 2537; x_wconf 91' lang='lat' dir='ltr'><strong>lehem</strong></span> <span class='ocrx_word' id='word_1_346' title='bbox 2317 2479 2594 2552; x_wconf 89' lang='lat' dir='ltr'><strong>oppidum</strong></span> <span class='ocrx_word' id='word_1_347' title='bbox 2617 2479 2674 2534; x_wconf 91' lang='lat' dir='ltr'><strong>in</strong></span> <span class='ocrx_word' id='word_1_348' title='bbox 2699 2492 2839 2552; x_wconf 91' lang='lat' dir='ltr'><strong>pace</strong></span> <span class='ocrx_word' id='word_1_349' title='bbox 2863 2479 3084 2550; x_wconf 90' lang='lat' dir='ltr'><strong>quievit</strong></span> <span class='ocrx_word' id='word_1_350' title='bbox 3110 2479 3299 2552; x_wconf 89' lang='lat' dir='ltr'><strong>pridie</strong></span> <span class='ocrx_word' id='word_1_351' title='bbox 3322 2478 3612 2537; x_wconf 85' lang='lat' dir='ltr'><strong>Kalendas</strong></span> <span class='ocrx_word' id='word_1_352' title='bbox 3643 2479 3751 2538; x_wconf 75' lang='lat' dir='ltr'><strong>Oc~</strong></span> 
     </span>
    </p>
   </div>
   <div class='ocr_carea' id='block_1_54' title="bbox 2097 2568 3743 2641">
    <p class='ocr_par' dir='ltr' id='par_1_54' title="bbox 2097 2568 3743 2641">
     <span class='ocr_line' id='line_1_54' title="bbox 2097 2568 3743 2641; baseline 0 -17"><span class='ocrx_word' id='word_1_353' title='bbox 2097 2569 2310 2641; x_wconf 89' lang='lat' dir='ltr'><strong>tobris,</strong></span> <span class='ocrx_word' id='word_1_354' title='bbox 2325 2568 2672 2626; x_wconf 89' lang='lat' dir='ltr'><strong>duodecimo</strong></span> <span class='ocrx_word' id='word_1_355' title='bbox 2686 2568 2926 2625; x_wconf 87' lang='lat' dir='ltr'><strong>Honorii</strong></span> <span class='ocrx_word' id='word_1_356' title='bbox 2952 2568 3326 2641; x_wconf 86' lang='lat' dir='ltr'><strong>imperatoris</strong></span> <span class='ocrx_word' id='word_1_357' title='bbox 3349 2582 3520 2626; x_wconf 91' lang='lat' dir='ltr'><strong>anno.</strong></span> <span class='ocrx_word' id='word_1_358' title='bbox 3539 2568 3743 2626; x_wconf 87' lang='lat' dir='ltr'><strong>Libros</strong></span> 
     </span>
    </p>
   </div>
   <div class='ocr_carea' id='block_1_55' title="bbox 2098 2657 3563 2732">
    <p class='ocr_par' dir='ltr' id='par_1_55' title="bbox 2098 2657 3563 2732">
     <span class='ocr_line' id='line_1_55' title="bbox 2098 2657 3563 2732; baseline -0.001 -17"><span class='ocrx_word' id='word_1_359' title='bbox 2098 2673 2240 2716; x_wconf 91' lang='lat' dir='ltr'><strong>suos</strong></span> <span class='ocrx_word' id='word_1_360' title='bbox 2271 2671 2376 2732; x_wconf 93' lang='lat' dir='ltr'><strong>per</strong></span> <span class='ocrx_word' id='word_1_361' title='bbox 2407 2657 2825 2730; x_wconf 89' lang='lat' dir='ltr'><strong>quinquaginta</strong></span> <span class='ocrx_word' id='word_1_362' title='bbox 2856 2661 2914 2714; x_wconf 91' lang='lat' dir='ltr'><strong>et</strong></span> <span class='ocrx_word' id='word_1_363' title='bbox 2947 2672 3052 2715; x_wconf 87' lang='lat' dir='ltr'><strong>sex</strong></span> <span class='ocrx_word' id='word_1_364' title='bbox 3081 2671 3264 2717; x_wconf 90' lang='lat' dir='ltr'><strong>annos</strong></span> <span class='ocrx_word' id='word_1_365' title='bbox 3287 2658 3563 2716; x_wconf 88' lang='lat' dir='ltr'><strong>confecit.</strong></span> 
     </span>
    </p>
   </div>
   <div class='ocr_carea' id='block_1_56' title="bbox 1558 2885 2532 2946">
    <p class='ocr_par' dir='ltr' id='par_1_56' title="bbox 1558 2885 2532 2946">
     <span class='ocr_line' id='line_1_56' title="bbox 1558 2885 2532 2946; baseline 0 -2"><span class='ocrx_word' id='word_1_366' title='bbox 1558 2887 1942 2946; x_wconf 76' lang='lat' dir='ltr'><strong>LITANUE</strong></span> <span class='ocrx_word' id='word_1_367' title='bbox 2008 2885 2532 2945; x_wconf 76' lang='lat' dir='ltr'><strong>INDICENDE.</strong></span> 
     </span>
    </p>
   </div>
   <div class='ocr_carea' id='block_1_57' title="bbox 1664 3037 2425 3115">
    <p class='ocr_par' dir='ltr' id='par_1_57' title="bbox 1664 3037 2425 3115">
     <span class='ocr_line' id='line_1_57' title="bbox 1664 3037 2425 3115; baseline -0.003 0"><span class='ocrx_word' id='word_1_368' title='bbox 1664 3041 1980 3115; x_wconf 89' lang='lat' dir='ltr'><strong>MENSIS</strong></span> <span class='ocrx_word' id='word_1_369' title='bbox 2016 3037 2425 3114; x_wconf 84' lang='lat' dir='ltr'><strong>OCTOBER</strong></span> 
     </span>
    </p>
   </div>
   <div class='ocr_carea' id='block_1_58' title="bbox 1464 3212 2647 3277">
    <p class='ocr_par' dir='ltr' id='par_1_58' title="bbox 1464 3212 2647 3277">
     <span class='ocr_line' id='line_1_58' title="bbox 1464 3212 2647 3277; baseline -0.003 -12"><span class='ocrx_word' id='word_1_370' title='bbox 1464 3215 1666 3265; x_wconf 81' lang='lat' dir='ltr'><strong>HABET</strong></span> <span class='ocrx_word' id='word_1_371' title='bbox 1738 3213 1878 3262; x_wconf 86' lang='lat' dir='ltr'><strong>DIES</strong></span> <span class='ocrx_word' id='word_1_372' title='bbox 1929 3212 2126 3274; x_wconf 71' lang='lat' dir='ltr'><strong>XXXI;</strong></span> <span class='ocrx_word' id='word_1_373' title='bbox 2201 3213 2364 3264; x_wconf 81' lang='lat' dir='ltr'><strong>LUNA</strong></span> <span class='ocrx_word' id='word_1_374' title='bbox 2427 3213 2647 3277; x_wconf 42' lang='grc' dir='ltr'><strong>ΧΧΙΧη</strong></span> 
     </span>
    </p>
   </div>
   <div class='ocr_carea' id='block_1_59' title="bbox 837 3419 1478 3476">
    <p class='ocr_par' dir='ltr' id='par_1_59' title="bbox 837 3419 1478 3476">
     <span class='ocr_line' id='line_1_59' title="bbox 837 3419 1478 3476; baseline -0.005 0"><span class='ocrx_word' id='word_1_375' title='bbox 837 3423 898 3476; x_wconf 74' lang='grc' dir='ltr'><strong>Α.</strong></span> <span class='ocrx_word' id='word_1_376' title='bbox 925 3421 1082 3476; x_wconf 86' lang='lat' dir='ltr'><strong>KAL.</strong></span> <span class='ocrx_word' id='word_1_377' title='bbox 1119 3419 1478 3476; x_wconf 80' lang='lat' dir='ltr'><strong>OCTOBRIS.</strong></span> 
     </span>
    </p>
   </div>
   <div class='ocr_carea' id='block_1_60' title="bbox 434 3509 1285 3579">
    <p class='ocr_par' dir='ltr' id='par_1_60' title="bbox 434 3509 1285 3579">
     <span class='ocr_line' id='line_1_60' title="bbox 434 3509 1285 3579; baseline 0.006 -19"><span class='ocrx_word' id='word_1_378' title='bbox 434 3551 440 3560; x_wconf 88' lang='lat'><strong>.</strong></span> <span class='ocrx_word' id='word_1_379' title='bbox 1043 3509 1096 3579; x_wconf 76' lang='lat'><strong>(4</strong></span> <span class='ocrx_word' id='word_1_380' title='bbox 1135 3509 1285 3578; x_wconf 82' lang='lat' dir='ltr'><strong>Oct.)</strong></span> 
     </span>
    </p>
   </div>
   <div class='ocr_carea' id='block_1_61' title="bbox 411 3595 1987 3674">
    <p class='ocr_par' dir='ltr' id='par_1_61' title="bbox 411 3595 1987 3674">
     <span class='ocr_line' id='line_1_61' title="bbox 411 3595 1987 3674; baseline -0.004 -15"><span class='ocrx_word' id='word_1_381' title='bbox 411 3599 577 3674; x_wconf 86' lang='lat' dir='ltr'><strong>Apud</strong></span> <span class='ocrx_word' id='word_1_382' title='bbox 611 3597 1063 3670; x_wconf 79' lang='lat' dir='ltr'><strong>Antisiodorum,</strong></span> <span class='ocrx_word' id='word_1_383' title='bbox 1099 3597 1312 3655; x_wconf 85' lang='lat' dir='ltr'><strong>natalis</strong></span> <span class='ocrx_word' id='word_1_384' title='bbox 1351 3595 1538 3654; x_wconf 89' lang='lat' dir='ltr'><strong>sancti</strong></span> <span class='ocrx_word' id='word_1_385' title='bbox 1570 3597 1837 3654; x_wconf 87' lang='lat' dir='ltr'><strong>Germani</strong></span> <span class='ocrx_word' id='word_1_386' title='bbox 1867 3597 1987 3670; x_wconf 86' lang='lat' dir='ltr'><strong>epi-</strong></span> 
     </span>
    </p>
   </div>
   <div class='ocr_carea' id='block_1_62' title="bbox 339 3686 1984 3764">
    <p class='ocr_par' dir='ltr' id='par_1_62' title="bbox 339 3686 1984 3764">
     <span class='ocr_line' id='line_1_62' title="bbox 339 3686 1984 3764; baseline -0.003 -15"><span class='ocrx_word' id='word_1_387' title='bbox 339 3691 518 3764; x_wconf 89' lang='lat' dir='ltr'><strong>sc0pi,</strong></span> <span class='ocrx_word' id='word_1_388' title='bbox 545 3689 640 3762; x_wconf 88' lang='lat' dir='ltr'><strong>qui</strong></span> <span class='ocrx_word' id='word_1_389' title='bbox 676 3688 876 3747; x_wconf 90' lang='lat' dir='ltr'><strong>multis</strong></span> <span class='ocrx_word' id='word_1_390' title='bbox 905 3688 1240 3758; x_wconf 87' lang='lat' dir='ltr'><strong>virtutibus,</strong></span> <span class='ocrx_word' id='word_1_391' title='bbox 1257 3687 1523 3744; x_wconf 88' lang='lat' dir='ltr'><strong>doctrina</strong></span> <span class='ocrx_word' id='word_1_392' title='bbox 1545 3690 1604 3744; x_wconf 91' lang='lat' dir='ltr'><strong>et</strong></span> <span class='ocrx_word' id='word_1_393' title='bbox 1625 3686 1984 3745; x_wconf 89' lang='lat' dir='ltr'><strong>continentia</strong></span> 
     </span>
    </p>
   </div>
   <div class='ocr_carea' id='block_1_63' title="bbox 340 3776 1986 3847">
    <p class='ocr_par' dir='ltr' id='par_1_63' title="bbox 340 3776 1986 3847">
     <span class='ocr_line' id='line_1_63' title="bbox 340 3776 1986 3847; baseline -0.002 -9"><span class='ocrx_word' id='word_1_394' title='bbox 340 3781 536 3838; x_wconf 88' lang='lat' dir='ltr'><strong>clarus</strong></span> <span class='ocrx_word' id='word_1_395' title='bbox 563 3779 812 3838; x_wconf 83' lang='lat' dir='ltr'><strong>exstitit.</strong></span> <span class='ocrx_word' id='word_1_396' title='bbox 845 3778 952 3846; x_wconf 89' lang='lat' dir='ltr'><strong>Qui</strong></span> <span class='ocrx_word' id='word_1_397' title='bbox 985 3778 1055 3836; x_wconf 91' lang='lat' dir='ltr'><strong>ad</strong></span> <span class='ocrx_word' id='word_1_398' title='bbox 1087 3777 1539 3836; x_wconf 89' lang='lat' dir='ltr'><strong>conﬁrmandam</strong></span> <span class='ocrx_word' id='word_1_399' title='bbox 1575 3777 1745 3834; x_wconf 91' lang='lat' dir='ltr'><strong>ﬁdem</strong></span> <span class='ocrx_word' id='word_1_400' title='bbox 1778 3776 1986 3847; x_wconf 68' lang='lat' dir='ltr'><strong>gratia)</strong></span> 
     </span>
    </p>
   </div>
   <div class='ocr_carea' id='block_1_64' title="bbox 338 3865 1987 3941">
    <p class='ocr_par' dir='ltr' id='par_1_64' title="bbox 338 3865 1987 3941">
     <span class='ocr_line' id='line_1_64' title="bbox 338 3865 1987 3941; baseline -0.005 -13"><span class='ocrx_word' id='word_1_401' title='bbox 338 3870 616 3941; x_wconf 83' lang='lat' dir='ltr'><strong>caelestis,</strong></span> <span class='ocrx_word' id='word_1_402' title='bbox 651 3869 982 3926; x_wconf 87' lang='lat' dir='ltr'><strong>Britannias</strong></span> <span class='ocrx_word' id='word_1_403' title='bbox 1013 3869 1234 3936; x_wconf 89' lang='lat' dir='ltr'><strong>venire,</strong></span> <span class='ocrx_word' id='word_1_404' title='bbox 1265 3867 1484 3939; x_wconf 88' lang='lat' dir='ltr'><strong>judicio</strong></span> <span class='ocrx_word' id='word_1_405' title='bbox 1520 3865 1774 3924; x_wconf 88' lang='lat' dir='ltr'><strong>omnium</strong></span> <span class='ocrx_word' id='word_1_406' title='bbox 1815 3865 1987 3922; x_wconf 88' lang='lat' dir='ltr'><strong>Galli-</strong></span> 
     </span>
    </p>
   </div>
   <div class='ocr_carea' id='block_1_65' title="bbox 337 3954 1982 4027">
    <p class='ocr_par' dir='ltr' id='par_1_65' title="bbox 337 3954 1982 4027">
     <span class='ocr_line' id='line_1_65' title="bbox 337 3954 1982 4027; baseline -0.003 -13"><span class='ocrx_word' id='word_1_407' title='bbox 337 3973 614 4014; x_wconf 91' lang='lat' dir='ltr'><strong>canorum</strong></span> <span class='ocrx_word' id='word_1_408' title='bbox 658 3957 990 4013; x_wconf 90' lang='lat' dir='ltr'><strong>antistitum</strong></span> <span class='ocrx_word' id='word_1_409' title='bbox 1038 3955 1377 4027; x_wconf 90' lang='lat' dir='ltr'><strong>compulsus</strong></span> <span class='ocrx_word' id='word_1_410' title='bbox 1407 3958 1518 4024; x_wconf 89' lang='lat' dir='ltr'><strong>est,</strong></span> <span class='ocrx_word' id='word_1_411' title='bbox 1553 3955 1830 4025; x_wconf 89' lang='lat' dir='ltr'><strong>adjuncto</strong></span> <span class='ocrx_word' id='word_1_412' title='bbox 1875 3954 1982 4011; x_wconf 91' lang='lat' dir='ltr'><strong>sibi</strong></span> 
     </span>
    </p>
   </div>
   <div class='ocr_carea' id='block_1_66' title="bbox 341 4043 1983 4116">
    <p class='ocr_par' dir='ltr' id='par_1_66' title="bbox 341 4043 1983 4116">
     <span class='ocr_line' id='line_1_66' title="bbox 341 4043 1983 4116; baseline -0.001 -14"><span class='ocrx_word' id='word_1_413' title='bbox 341 4047 514 4102; x_wconf 84' lang='lat' dir='ltr'><strong>beato</strong></span> <span class='ocrx_word' id='word_1_414' title='bbox 536 4047 693 4116; x_wconf 88' lang='lat' dir='ltr'><strong>Lupo</strong></span> <span class='ocrx_word' id='word_1_415' title='bbox 714 4044 1068 4100; x_wconf 69' lang='lat' dir='ltr'><strong>Trecassinaa</strong></span> <span class='ocrx_word' id='word_1_416' title='bbox 1089 4043 1349 4100; x_wconf 89' lang='lat' dir='ltr'><strong>civitatis</strong></span> <span class='ocrx_word' id='word_1_417' title='bbox 1367 4043 1658 4114; x_wconf 89' lang='lat' dir='ltr'><strong>episcopo.</strong></span> <span class='ocrx_word' id='word_1_418' title='bbox 1688 4043 1983 4114; x_wconf 88' lang='lat' dir='ltr'><strong>Siquidem</strong></span> 
     </span>
    </p>
   </div>
   <div class='ocr_carea' id='block_1_67' title="bbox 339 4131 1982 4204">
    <p class='ocr_par' dir='ltr' id='par_1_67' title="bbox 339 4131 1982 4204">
     <span class='ocr_line' id='line_1_67' title="bbox 339 4131 1982 4204; baseline 0.001 -16"><span class='ocrx_word' id='word_1_419' title='bbox 339 4131 578 4190; x_wconf 71' lang='lat' dir='ltr'><strong>haeresis</strong></span> <span class='ocrx_word' id='word_1_420' title='bbox 625 4132 932 4202; x_wconf 89' lang='lat' dir='ltr'><strong>Pelagiana</strong></span> <span class='ocrx_word' id='word_1_421' title='bbox 983 4131 1153 4188; x_wconf 83' lang='lat' dir='ltr'><strong>ﬁdem</strong></span> <span class='ocrx_word' id='word_1_422' title='bbox 1195 4131 1602 4188; x_wconf 90' lang='lat' dir='ltr'><strong>Britannorum</strong></span> <span class='ocrx_word' id='word_1_423' title='bbox 1636 4131 1793 4189; x_wconf 70' lang='lat' dir='ltr'><strong>fmda</strong></span> <span class='ocrx_word' id='word_1_424' title='bbox 1821 4137 1982 4204; x_wconf 87' lang='lat' dir='ltr'><strong>peste</strong></span> 
     </span>
    </p>
   </div>
   <div class='ocr_carea' id='block_1_68' title="bbox 341 4220 1981 4292">
    <p class='ocr_par' dir='ltr' id='par_1_68' title="bbox 341 4220 1981 4292">
     <span class='ocr_line' id='line_1_68' title="bbox 341 4220 1981 4292; baseline -0.001 -13"><span class='ocrx_word' id='word_1_425' title='bbox 341 4221 886 4279; x_wconf 89' lang='lat' dir='ltr'><strong>commaculaverat.</strong></span> <span class='ocrx_word' id='word_1_426' title='bbox 921 4222 1063 4277; x_wconf 88' lang='lat' dir='ltr'><strong>Dum</strong></span> <span class='ocrx_word' id='word_1_427' title='bbox 1108 4235 1211 4292; x_wconf 91' lang='lat' dir='ltr'><strong>per</strong></span> <span class='ocrx_word' id='word_1_428' title='bbox 1266 4220 1518 4278; x_wconf 91' lang='lat' dir='ltr'><strong>medium</strong></span> <span class='ocrx_word' id='word_1_429' title='bbox 1568 4220 1775 4292; x_wconf 90' lang='lat' dir='ltr'><strong>sinum,</strong></span> <span class='ocrx_word' id='word_1_430' title='bbox 1810 4235 1924 4292; x_wconf 91' lang='lat' dir='ltr'><strong>quo</strong></span> <span class='ocrx_word' id='word_1_431' title='bbox 1952 4237 1981 4278; x_wconf 87' lang='lat' dir='ltr'><strong>a</strong></span> 
     </span>
    </p>
   </div>
   <div class='ocr_carea' id='block_1_69' title="bbox 340 4309 1984 4380">
    <p class='ocr_par' dir='ltr' id='par_1_69' title="bbox 340 4309 1984 4380">
     <span class='ocr_line' id='line_1_69' title="bbox 340 4309 1984 4380; baseline 0.002 -14"><span class='ocrx_word' id='word_1_432' title='bbox 340 4309 559 4367; x_wconf 88' lang='lat' dir='ltr'><strong>Gallico</strong></span> <span class='ocrx_word' id='word_1_433' title='bbox 583 4309 914 4366; x_wconf 87' lang='lat' dir='ltr'><strong>Britannias</strong></span> <span class='ocrx_word' id='word_1_434' title='bbox 941 4323 1125 4380; x_wconf 92' lang='lat' dir='ltr'><strong>usque</strong></span> <span class='ocrx_word' id='word_1_435' title='bbox 1148 4310 1432 4380; x_wconf 88' lang='lat' dir='ltr'><strong>tenditur,</strong></span> <span class='ocrx_word' id='word_1_436' title='bbox 1451 4309 1726 4368; x_wconf 90' lang='lat' dir='ltr'><strong>secundis</strong></span> <span class='ocrx_word' id='word_1_437' title='bbox 1747 4311 1984 4368; x_wconf 81' lang='lat' dir='ltr'><strong>flatibus</strong></span> 
     </span>
    </p>
   </div>
   <div class='ocr_carea' id='block_1_70' title="bbox 340 4397 1982 4470">
    <p class='ocr_par' dir='ltr' id='par_1_70' title="bbox 340 4397 1982 4470">
     <span class='ocr_line' id='line_1_70' title="bbox 340 4397 1982 4470; baseline 0 -14"><span class='ocrx_word' id='word_1_438' title='bbox 340 4400 614 4470; x_wconf 90' lang='lat' dir='ltr'><strong>ferretur,</strong></span> <span class='ocrx_word' id='word_1_439' title='bbox 651 4398 850 4456; x_wconf 88' lang='lat' dir='ltr'><strong>subito</strong></span> <span class='ocrx_word' id='word_1_440' title='bbox 895 4398 1126 4456; x_wconf 92' lang='lat' dir='ltr'><strong>inimica</strong></span> <span class='ocrx_word' id='word_1_441' title='bbox 1175 4397 1264 4456; x_wconf 88' lang='lat' dir='ltr'><strong>vis</strong></span> <span class='ocrx_word' id='word_1_442' title='bbox 1313 4402 1621 4456; x_wconf 88' lang='lat' dir='ltr'><strong>ventorum</strong></span> <span class='ocrx_word' id='word_1_443' title='bbox 1663 4400 1982 4458; x_wconf 90' lang='lat' dir='ltr'><strong>concitavit</strong></span> 
     </span>
    </p>
   </div>
   <div class='ocr_carea' id='block_1_71' title="bbox 341 4487 1981 4562">
    <p class='ocr_par' dir='ltr' id='par_1_71' title="bbox 341 4487 1981 4562">
     <span class='ocr_line' id='line_1_71' title="bbox 341 4487 1981 4562; baseline 0.001 -16"><span class='ocrx_word' id='word_1_444' title='bbox 341 4488 646 4562; x_wconf 90' lang='lat' dir='ltr'><strong>procellas,</strong></span> <span class='ocrx_word' id='word_1_445' title='bbox 671 4487 882 4546; x_wconf 87' lang='lat' dir='ltr'><strong>coelum</strong></span> <span class='ocrx_word' id='word_1_446' title='bbox 907 4488 1177 4558; x_wconf 89' lang='lat' dir='ltr'><strong>diemque</strong></span> <span class='ocrx_word' id='word_1_447' title='bbox 1202 4501 1314 4543; x_wconf 91' lang='lat' dir='ltr'><strong>nox</strong></span> <span class='ocrx_word' id='word_1_448' title='bbox 1340 4487 1578 4545; x_wconf 89' lang='lat' dir='ltr'><strong>nubium</strong></span> <span class='ocrx_word' id='word_1_449' title='bbox 1603 4489 1905 4560; x_wconf 89' lang='lat' dir='ltr'><strong>subduxit,</strong></span> <span class='ocrx_word' id='word_1_450' title='bbox 1922 4494 1981 4547; x_wconf 89' lang='lat' dir='ltr'><strong>et</strong></span> 
     </span>
    </p>
   </div>
   <div class='ocr_carea' id='block_1_72' title="bbox 337 4575 1982 4650">
    <p class='ocr_par' dir='ltr' id='par_1_72' title="bbox 337 4575 1982 4650">
     <span class='ocr_line' id='line_1_72' title="bbox 337 4575 1982 4650; baseline 0 -14"><span class='ocrx_word' id='word_1_451' title='bbox 337 4592 479 4636; x_wconf 90' lang='lat' dir='ltr'><strong>casu</strong></span> <span class='ocrx_word' id='word_1_452' title='bbox 510 4578 636 4650; x_wconf 90' lang='lat' dir='ltr'><strong>ipse</strong></span> <span class='ocrx_word' id='word_1_453' title='bbox 669 4577 931 4650; x_wconf 81' lang='lat' dir='ltr'><strong>pontifex</strong></span> <span class='ocrx_word' id='word_1_454' title='bbox 973 4579 1193 4635; x_wconf 87' lang='lat' dir='ltr'><strong>fractus</strong></span> <span class='ocrx_word' id='word_1_455' title='bbox 1233 4590 1500 4648; x_wconf 72' lang='lat' dir='ltr'><strong>corpore,</strong></span> <span class='ocrx_word' id='word_1_456' title='bbox 1538 4575 1886 4635; x_wconf 86' lang='lat' dir='ltr'><strong>lassitudine</strong></span> <span class='ocrx_word' id='word_1_457' title='bbox 1915 4595 1982 4636; x_wconf 88' lang='lat' dir='ltr'><strong>ac</strong></span> 
     </span>
    </p>
   </div>
   <div class='ocr_carea' id='block_1_73' title="bbox 341 4665 1982 4744">
    <p class='ocr_par' dir='ltr' id='par_1_73' title="bbox 341 4665 1982 4744">
     <span class='ocr_line' id='line_1_73' title="bbox 341 4665 1982 4744; baseline 0.001 -20"><span class='ocrx_word' id='word_1_458' title='bbox 341 4681 550 4742; x_wconf 87' lang='lat' dir='ltr'><strong>scpore</strong></span> <span class='ocrx_word' id='word_1_459' title='bbox 580 4665 898 4737; x_wconf 89' lang='lat' dir='ltr'><strong>resolutus,</strong></span> <span class='ocrx_word' id='word_1_460' title='bbox 936 4681 1080 4723; x_wconf 90' lang='lat' dir='ltr'><strong>nave</strong></span> <span class='ocrx_word' id='word_1_461' title='bbox 1105 4667 1358 4736; x_wconf 90' lang='lat' dir='ltr'><strong>jacebat.</strong></span> <span class='ocrx_word' id='word_1_462' title='bbox 1385 4667 1522 4744; x_wconf 79' lang='lat' dir='ltr'><strong>Tum</strong></span> <span class='ocrx_word' id='word_1_463' title='bbox 1556 4666 1764 4723; x_wconf 88' lang='lat' dir='ltr'><strong>beatus</strong></span> <span class='ocrx_word' id='word_1_464' title='bbox 1789 4669 1982 4739; x_wconf 89' lang='lat' dir='ltr'><strong>Lupus</strong></span> 
     </span>
    </p>
   </div>
   <div class='ocr_carea' id='block_1_74' title="bbox 2009 3417 3746 3492">
    <p class='ocr_par' dir='ltr' id='par_1_74' title="bbox 2009 3417 3746 3492">
     <span class='ocr_line' id='line_1_74' title="bbox 2009 3417 3746 3492; baseline -0.001 -12"><span class='ocrx_word' id='word_1_465' title='bbox 2009 3417 2060 3480; x_wconf 88' lang='lat' dir='ltr'><strong>C</strong></span> <span class='ocrx_word' id='word_1_466' title='bbox 2091 3421 2410 3476; x_wconf 88' lang='lat' dir='ltr'><strong>Germanus</strong></span> <span class='ocrx_word' id='word_1_467' title='bbox 2442 3419 2712 3478; x_wconf 88' lang='lat' dir='ltr'><strong>invocato</strong></span> <span class='ocrx_word' id='word_1_468' title='bbox 2735 3421 2994 3492; x_wconf 87' lang='lat' dir='ltr'><strong>Domino,</strong></span> <span class='ocrx_word' id='word_1_469' title='bbox 3019 3422 3414 3478; x_wconf 76' lang='lat' dir='ltr'><strong>adhaerentem</strong></span> <span class='ocrx_word' id='word_1_470' title='bbox 3438 3419 3610 3478; x_wconf 87' lang='lat' dir='ltr'><strong>lateri</strong></span> <span class='ocrx_word' id='word_1_471' title='bbox 3634 3435 3746 3480; x_wconf 90' lang='lat' dir='ltr'><strong>suo</strong></span> 
     </span>
    </p>
   </div>
   <div class='ocr_carea' id='block_1_75' title="bbox 2093 3507 3746 3580">
    <p class='ocr_par' dir='ltr' id='par_1_75' title="bbox 2093 3507 3746 3580">
     <span class='ocr_line' id='line_1_75' title="bbox 2093 3507 3746 3580; baseline 0.001 -15"><span class='ocrx_word' id='word_1_472' title='bbox 2093 3507 2388 3580; x_wconf 88' lang='lat' dir='ltr'><strong>capsulam</strong></span> <span class='ocrx_word' id='word_1_473' title='bbox 2437 3524 2566 3566; x_wconf 93' lang='lat' dir='ltr'><strong>cum</strong></span> <span class='ocrx_word' id='word_1_474' title='bbox 2615 3512 2951 3566; x_wconf 90' lang='lat' dir='ltr'><strong>sanctorum</strong></span> <span class='ocrx_word' id='word_1_475' title='bbox 2994 3509 3261 3580; x_wconf 89' lang='lat' dir='ltr'><strong>reliquiis</strong></span> <span class='ocrx_word' id='word_1_476' title='bbox 3292 3508 3446 3566; x_wconf 92' lang='lat' dir='ltr'><strong>collo</strong></span> <span class='ocrx_word' id='word_1_477' title='bbox 3479 3508 3746 3568; x_wconf 86' lang='lat' dir='ltr'><strong>avulsam</strong></span> 
     </span>
    </p>
   </div>
   <div class='ocr_carea' id='block_1_76' title="bbox 2097 3597 3750 3671">
    <p class='ocr_par' dir='ltr' id='par_1_76' title="bbox 2097 3597 3750 3671">
     <span class='ocr_line' id='line_1_76' title="bbox 2097 3597 3750 3671; baseline 0.002 -19"><span class='ocrx_word' id='word_1_478' title='bbox 2097 3597 2362 3654; x_wconf 90' lang='lat' dir='ltr'><strong>manibus</strong></span> <span class='ocrx_word' id='word_1_479' title='bbox 2410 3598 2876 3670; x_wconf 89' lang='lat' dir='ltr'><strong>comprehendit,</strong></span> <span class='ocrx_word' id='word_1_480' title='bbox 2909 3612 3152 3669; x_wconf 90' lang='lat' dir='ltr'><strong>eamque</strong></span> <span class='ocrx_word' id='word_1_481' title='bbox 3183 3599 3238 3654; x_wconf 91' lang='lat' dir='ltr'><strong>in</strong></span> <span class='ocrx_word' id='word_1_482' title='bbox 3271 3602 3594 3671; x_wconf 89' lang='lat' dir='ltr'><strong>conspectu</strong></span> <span class='ocrx_word' id='word_1_483' title='bbox 3628 3614 3750 3656; x_wconf 88' lang='lat' dir='ltr'><strong>om-</strong></span> 
     </span>
    </p>
   </div>
   <div class='ocr_carea' id='block_1_77' title="bbox 2096 3686 3750 3760">
    <p class='ocr_par' dir='ltr' id='par_1_77' title="bbox 2096 3686 3750 3760">
     <span class='ocr_line' id='line_1_77' title="bbox 2096 3686 3750 3760; baseline 0.002 -18"><span class='ocrx_word' id='word_1_484' title='bbox 2096 3687 2251 3744; x_wconf 91' lang='lat' dir='ltr'><strong>nium</strong></span> <span class='ocrx_word' id='word_1_485' title='bbox 2285 3686 2496 3760; x_wconf 70' lang='lat' dir='ltr'><strong>puellm</strong></span> <span class='ocrx_word' id='word_1_486' title='bbox 2517 3686 2706 3744; x_wconf 90' lang='lat' dir='ltr'><strong>oculis</strong></span> <span class='ocrx_word' id='word_1_487' title='bbox 2729 3687 3034 3760; x_wconf 89' lang='lat' dir='ltr'><strong>applicuit,</strong></span> <span class='ocrx_word' id='word_1_488' title='bbox 3061 3703 3189 3760; x_wconf 65' lang='lat' dir='ltr'><strong>quae</strong></span> <span class='ocrx_word' id='word_1_489' title='bbox 3212 3687 3412 3745; x_wconf 91' lang='lat' dir='ltr'><strong>statim</strong></span> <span class='ocrx_word' id='word_1_490' title='bbox 3438 3686 3636 3744; x_wconf 88' lang='lat' dir='ltr'><strong>lumen</strong></span> <span class='ocrx_word' id='word_1_491' title='bbox 3658 3703 3750 3745; x_wconf 87' lang='lat' dir='ltr'><strong>re-</strong></span> 
     </span>
    </p>
   </div>
   <div class='ocr_carea' id='block_1_78' title="bbox 2095 3775 3748 3848">
    <p class='ocr_par' dir='ltr' id='par_1_78' title="bbox 2095 3775 3748 3848">
     <span class='ocr_line' id='line_1_78' title="bbox 2095 3775 3748 3848; baseline 0.001 -15"><span class='ocrx_word' id='word_1_492' title='bbox 2095 3776 2273 3848; x_wconf 90' lang='lat' dir='ltr'><strong>cepit.</strong></span> <span class='ocrx_word' id='word_1_493' title='bbox 2301 3777 2516 3833; x_wconf 90' lang='lat' dir='ltr'><strong>Beatus</strong></span> <span class='ocrx_word' id='word_1_494' title='bbox 2542 3781 2826 3848; x_wconf 70' lang='lat' dir='ltr'><strong>praeterea</strong></span> <span class='ocrx_word' id='word_1_495' title='bbox 2848 3777 2940 3832; x_wconf 91' lang='lat' dir='ltr'><strong>vir</strong></span> <span class='ocrx_word' id='word_1_496' title='bbox 2961 3777 3095 3834; x_wconf 90' lang='lat' dir='ltr'><strong>dum</strong></span> <span class='ocrx_word' id='word_1_497' title='bbox 3119 3775 3455 3848; x_wconf 89' lang='lat' dir='ltr'><strong>aliquandiu</strong></span> <span class='ocrx_word' id='word_1_498' title='bbox 3478 3792 3595 3834; x_wconf 89' lang='lat' dir='ltr'><strong>uno</strong></span> <span class='ocrx_word' id='word_1_499' title='bbox 3617 3776 3748 3834; x_wconf 90' lang='lat' dir='ltr'><strong>loco</strong></span> 
     </span>
    </p>
   </div>
   <div class='ocr_carea' id='block_1_79' title="bbox 2097 3864 3750 3938">
    <p class='ocr_par' dir='ltr' id='par_1_79' title="bbox 2097 3864 3750 3938">
     <span class='ocr_line' id='line_1_79' title="bbox 2097 3864 3750 3938; baseline 0.002 -18"><span class='ocrx_word' id='word_1_500' title='bbox 2097 3864 2456 3922; x_wconf 90' lang='lat' dir='ltr'><strong>inﬁrmitatis</strong></span> <span class='ocrx_word' id='word_1_501' title='bbox 2489 3865 2846 3922; x_wconf 87' lang='lat' dir='ltr'><strong>necessitate</strong></span> <span class='ocrx_word' id='word_1_502' title='bbox 2873 3869 3182 3923; x_wconf 75' lang='lat' dir='ltr'><strong>teneretur</strong></span> <span class='ocrx_word' id='word_1_503' title='bbox 3205 3865 3260 3922; x_wconf 92' lang='lat' dir='ltr'><strong>in</strong></span> <span class='ocrx_word' id='word_1_504' title='bbox 3285 3865 3471 3923; x_wconf 91' lang='lat' dir='ltr'><strong>vicina</strong></span> <span class='ocrx_word' id='word_1_505' title='bbox 3499 3881 3614 3938; x_wconf 88' lang='lat' dir='ltr'><strong>qua</strong></span> <span class='ocrx_word' id='word_1_506' title='bbox 3637 3880 3750 3924; x_wconf 86' lang='lat' dir='ltr'><strong>ma-</strong></span> 
     </span>
    </p>
   </div>
   <div class='ocr_carea' id='block_1_80' title="bbox 2096 3954 3748 4028">
    <p class='ocr_par' dir='ltr' id='par_1_80' title="bbox 2096 3954 3748 4028">
     <span class='ocr_line' id='line_1_80' title="bbox 2096 3954 3748 4028; baseline 0.001 -18"><span class='ocrx_word' id='word_1_507' title='bbox 2096 3955 2267 4010; x_wconf 90' lang='lat' dir='ltr'><strong>nebat</strong></span> <span class='ocrx_word' id='word_1_508' title='bbox 2293 3954 3098 4024; x_wconf 89' lang='lat' dir='ltr'><strong>casula,exarsitincendium</strong></span> <span class='ocrx_word' id='word_1_509' title='bbox 3119 3955 3253 4022; x_wconf 88' lang='lat' dir='ltr'><strong>;sed</strong></span> <span class='ocrx_word' id='word_1_510' title='bbox 3267 3955 3590 4028; x_wconf 90' lang='lat' dir='ltr'><strong>hospitium</strong></span> <span class='ocrx_word' id='word_1_511' title='bbox 3616 3971 3748 4012; x_wconf 90' lang='lat' dir='ltr'><strong>sau-</strong></span> 
     </span>
    </p>
   </div>
   <div class='ocr_carea' id='block_1_81' title="bbox 2092 4042 3744 4116">
    <p class='ocr_par' dir='ltr' id='par_1_81' title="bbox 2092 4042 3744 4116">
     <span class='ocr_line' id='line_1_81' title="bbox 2092 4042 3744 4116; baseline 0.001 -16"><span class='ocrx_word' id='word_1_512' title='bbox 2092 4042 2172 4100; x_wconf 92' lang='lat' dir='ltr'><strong>cti</strong></span> <span class='ocrx_word' id='word_1_513' title='bbox 2212 4043 2323 4098; x_wconf 90' lang='lat' dir='ltr'><strong>viri</strong></span> <span class='ocrx_word' id='word_1_514' title='bbox 2374 4057 2771 4114; x_wconf 89' lang='lat' dir='ltr'><strong>expavescens</strong></span> <span class='ocrx_word' id='word_1_515' title='bbox 2823 4043 3070 4114; x_wconf 85' lang='lat' dir='ltr'><strong>ﬂamma,</strong></span> <span class='ocrx_word' id='word_1_516' title='bbox 3102 4043 3550 4116; x_wconf 90' lang='lat' dir='ltr'><strong>haudquaquam</strong></span> <span class='ocrx_word' id='word_1_517' title='bbox 3602 4059 3744 4103; x_wconf 89' lang='lat' dir='ltr'><strong>ausa</strong></span> 
     </span>
    </p>
   </div>
   <div class='ocr_carea' id='block_1_82' title="bbox 2093 4131 3748 4202">
    <p class='ocr_par' dir='ltr' id='par_1_82' title="bbox 2093 4131 3748 4202">
     <span class='ocr_line' id='line_1_82' title="bbox 2093 4131 3748 4202; baseline 0.002 -15"><span class='ocrx_word' id='word_1_518' title='bbox 2093 4135 2335 4201; x_wconf 77' lang='lat' dir='ltr'><strong>tangere</strong></span> <span class='ocrx_word' id='word_1_519' title='bbox 2353 4131 2693 4202; x_wconf 88' lang='lat' dir='ltr'><strong>transilivit,</strong></span> <span class='ocrx_word' id='word_1_520' title='bbox 2709 4135 2767 4188; x_wconf 90' lang='lat' dir='ltr'><strong>et</strong></span> <span class='ocrx_word' id='word_1_521' title='bbox 2792 4132 3168 4202; x_wconf 88' lang='lat' dir='ltr'><strong>interglobos</strong></span> <span class='ocrx_word' id='word_1_522' title='bbox 3183 4132 3535 4191; x_wconf 86' lang='lat' dir='ltr'><strong>ﬂammantis</strong></span> <span class='ocrx_word' id='word_1_523' title='bbox 3550 4134 3748 4192; x_wconf 89' lang='lat' dir='ltr'><strong>incen-</strong></span> 
     </span>
    </p>
   </div>
   <div class='ocr_carea' id='block_1_83' title="bbox 2095 4219 3744 4294">
    <p class='ocr_par' dir='ltr' id='par_1_83' title="bbox 2095 4219 3744 4294">
     <span class='ocr_line' id='line_1_83' title="bbox 2095 4219 3744 4294; baseline 0.002 -17"><span class='ocrx_word' id='word_1_524' title='bbox 2095 4220 2172 4277; x_wconf 91' lang='lat' dir='ltr'><strong>dii</strong></span> <span class='ocrx_word' id='word_1_525' title='bbox 2197 4219 2485 4277; x_wconf 90' lang='lat' dir='ltr'><strong>incolume</strong></span> <span class='ocrx_word' id='word_1_526' title='bbox 2510 4221 2971 4294; x_wconf 88' lang='lat' dir='ltr'><strong>tabernaculum,</strong></span> <span class='ocrx_word' id='word_1_527' title='bbox 2989 4221 3144 4294; x_wconf 91' lang='lat' dir='ltr'><strong>quod</strong></span> <span class='ocrx_word' id='word_1_528' title='bbox 3158 4222 3456 4280; x_wconf 89' lang='lat' dir='ltr'><strong>habitator</strong></span> <span class='ocrx_word' id='word_1_529' title='bbox 3478 4223 3744 4283; x_wconf 90' lang='lat' dir='ltr'><strong>inclusus</strong></span> 
     </span>
    </p>
   </div>
   <div class='ocr_carea' id='block_1_84' title="bbox 2094 4309 3744 4386">
    <p class='ocr_par' dir='ltr' id='par_1_84' title="bbox 2094 4309 3744 4386">
     <span class='ocr_line' id='line_1_84' title="bbox 2094 4309 3744 4386; baseline 0.001 -20"><span class='ocrx_word' id='word_1_530' title='bbox 2094 4309 2388 4380; x_wconf 85' lang='lat' dir='ltr'><strong>servabat,</strong></span> <span class='ocrx_word' id='word_1_531' title='bbox 2420 4309 2677 4366; x_wconf 87' lang='lat' dir='ltr'><strong>emicuit.</strong></span> <span class='ocrx_word' id='word_1_532' title='bbox 2706 4311 2772 4366; x_wconf 86' lang='lat' dir='ltr'><strong>Et</strong></span> <span class='ocrx_word' id='word_1_533' title='bbox 2800 4325 2930 4368; x_wconf 87' lang='lat' dir='ltr'><strong>cum</strong></span> <span class='ocrx_word' id='word_1_534' title='bbox 2961 4311 3116 4368; x_wconf 90' lang='lat' dir='ltr'><strong>idem</strong></span> <span class='ocrx_word' id='word_1_535' title='bbox 3151 4311 3275 4383; x_wconf 90' lang='lat' dir='ltr'><strong>ipse</strong></span> <span class='ocrx_word' id='word_1_536' title='bbox 3316 4311 3458 4367; x_wconf 89' lang='lat' dir='ltr'><strong>nihil</strong></span> <span class='ocrx_word' id='word_1_537' title='bbox 3499 4312 3744 4386; x_wconf 85' lang='lat' dir='ltr'><strong>remedii</strong></span> 
     </span>
    </p>
   </div>
   <div class='ocr_carea' id='block_1_85' title="bbox 2095 4397 3736 4472">
    <p class='ocr_par' dir='ltr' id='par_1_85' title="bbox 2095 4397 3736 4472">
     <span class='ocr_line' id='line_1_85' title="bbox 2095 4397 3736 4472; baseline 0.004 -18"><span class='ocrx_word' id='word_1_538' title='bbox 2095 4397 2386 4454; x_wconf 89' lang='lat' dir='ltr'><strong>debilitati</strong></span> <span class='ocrx_word' id='word_1_539' title='bbox 2404 4413 2526 4456; x_wconf 79' lang='lat' dir='ltr'><strong>suae</strong></span> <span class='ocrx_word' id='word_1_540' title='bbox 2540 4403 2845 4472; x_wconf 89' lang='lat' dir='ltr'><strong>pateretur</strong></span> <span class='ocrx_word' id='word_1_541' title='bbox 2857 4399 3143 4470; x_wconf 90' lang='lat' dir='ltr'><strong>adhiberi,</strong></span> <span class='ocrx_word' id='word_1_542' title='bbox 3171 4400 3418 4471; x_wconf 87' lang='lat' dir='ltr'><strong>quadam</strong></span> <span class='ocrx_word' id='word_1_543' title='bbox 3437 4406 3614 4459; x_wconf 90' lang='lat' dir='ltr'><strong>nocte</strong></span> <span class='ocrx_word' id='word_1_544' title='bbox 3628 4417 3736 4460; x_wconf 87' lang='lat' dir='ltr'><strong>can</strong></span> 
     </span>
    </p>
   </div>
   <div class='ocr_carea' id='block_1_86' title="bbox 2094 4487 3740 4563">
    <p class='ocr_par' dir='ltr' id='par_1_86' title="bbox 2094 4487 3740 4563">
     <span class='ocr_line' id='line_1_86' title="bbox 2094 4487 3740 4563; baseline 0.002 -19"><span class='ocrx_word' id='word_1_545' title='bbox 2094 4487 2326 4544; x_wconf 90' lang='lat' dir='ltr'><strong>dentem</strong></span> <span class='ocrx_word' id='word_1_546' title='bbox 2357 4488 2544 4546; x_wconf 89' lang='lat' dir='ltr'><strong>niveis</strong></span> <span class='ocrx_word' id='word_1_547' title='bbox 2577 4489 2845 4547; x_wconf 90' lang='lat' dir='ltr'><strong>vestibus</strong></span> <span class='ocrx_word' id='word_1_548' title='bbox 2867 4488 3009 4545; x_wconf 90' lang='lat' dir='ltr'><strong>vidit</strong></span> <span class='ocrx_word' id='word_1_549' title='bbox 3045 4489 3158 4546; x_wconf 88' lang='lat' dir='ltr'><strong>sibi</strong></span> <span class='ocrx_word' id='word_1_550' title='bbox 3183 4490 3386 4548; x_wconf 88' lang='lat' dir='ltr'><strong>adesse</strong></span> <span class='ocrx_word' id='word_1_551' title='bbox 3411 4504 3740 4563; x_wconf 83' lang='lat' dir='ltr'><strong>personam,</strong></span> 
     </span>
    </p>
   </div>
   <div class='ocr_carea' id='block_1_87' title="bbox 2095 4572 3740 4659">
    <p class='ocr_par' dir='ltr' id='par_1_87' title="bbox 2095 4572 3740 4659">
     <span class='ocr_line' id='line_1_87' title="bbox 2095 4572 3740 4659; baseline 0.003 -26"><span class='ocrx_word' id='word_1_552' title='bbox 2095 4591 2222 4659; x_wconf 70' lang='lat' dir='ltr'><strong>quae</strong></span> <span class='ocrx_word' id='word_1_553' title='bbox 2268 4592 2438 4635; x_wconf 90' lang='lat' dir='ltr'><strong>manu</strong></span> <span class='ocrx_word' id='word_1_554' title='bbox 2479 4582 2744 4648; x_wconf 89' lang='lat' dir='ltr'><strong>extensa,</strong></span> <span class='ocrx_word' id='word_1_555' title='bbox 2769 4577 3058 4648; x_wconf 89' lang='lat' dir='ltr'><strong>jacentem</strong></span> <span class='ocrx_word' id='word_1_556' title='bbox 3098 4577 3412 4638; x_wconf 88' lang='lat' dir='ltr'><strong>videbatur</strong></span> <span class='ocrx_word' id='word_1_557' title='bbox 3442 4572 3740 4650; x_wconf 88' lang='lat' dir='ltr'><strong>attollere,</strong></span> 
     </span>
    </p>
   </div>
   <div class='ocr_carea' id='block_1_88' title="bbox 2091 4666 3740 4741">
    <p class='ocr_par' dir='ltr' id='par_1_88' title="bbox 2091 4666 3740 4741">
     <span class='ocr_line' id='line_1_88' title="bbox 2091 4666 3740 4741; baseline 0.004 -20"><span class='ocrx_word' id='word_1_558' title='bbox 2091 4679 2340 4738; x_wconf 91' lang='lat' dir='ltr'><strong>eumque</strong></span> <span class='ocrx_word' id='word_1_559' title='bbox 2367 4667 2694 4725; x_wconf 88' lang='lat' dir='ltr'><strong>consistere</strong></span> <span class='ocrx_word' id='word_1_560' title='bbox 2726 4666 2908 4723; x_wconf 87' lang='lat' dir='ltr'><strong>ﬁrmis</strong></span> <span class='ocrx_word' id='word_1_561' title='bbox 2930 4667 3203 4738; x_wconf 85' lang='lat' dir='ltr'><strong>vestigiis</strong></span> <span class='ocrx_word' id='word_1_562' title='bbox 3225 4667 3572 4741; x_wconf 88' lang='lat' dir='ltr'><strong>imperabat.</strong></span> <span class='ocrx_word' id='word_1_563' title='bbox 3599 4671 3740 4727; x_wconf 86' lang='lat' dir='ltr'><strong>Post</strong></span> 
     </span>
    </p>
   </div>
   <div class='ocr_carea' id='block_1_89' title="bbox 338 4754 3740 4833">
    <p class='ocr_par' dir='ltr' id='par_1_89' title="bbox 338 4754 3740 4833">
     <span class='ocr_line' id='line_1_89' title="bbox 338 4754 3740 4833; baseline 0.001 -20"><span class='ocrx_word' id='word_1_564' title='bbox 338 4771 656 4829; x_wconf 87' lang='lat' dir='ltr'><strong>omnesque</strong></span> <span class='ocrx_word' id='word_1_565' title='bbox 681 4754 1198 4824; x_wconf 88' lang='lat' dir='ltr'><strong>turbati,excitant</strong></span> <span class='ocrx_word' id='word_1_566' title='bbox 1217 4754 1648 4821; x_wconf 87' lang='lat' dir='ltr'><strong>seniorem.Qui</strong></span> <span class='ocrx_word' id='word_1_567' title='bbox 1672 4757 1980 4814; x_wconf 87' lang='lat' dir='ltr'><strong>confestim</strong></span> <span class='ocrx_word' id='word_1_568' title='bbox 2013 4774 2064 4833; x_wconf 83' lang='lat' dir='ltr'>D</span> <span class='ocrx_word' id='word_1_569' title='bbox 2095 4755 2296 4812; x_wconf 90' lang='lat' dir='ltr'><strong>horam</strong></span> <span class='ocrx_word' id='word_1_570' title='bbox 2329 4756 2547 4827; x_wconf 89' lang='lat' dir='ltr'><strong>itaque,</strong></span> <span class='ocrx_word' id='word_1_571' title='bbox 2576 4755 2790 4826; x_wconf 86' lang='lat' dir='ltr'><strong>fugatis</strong></span> <span class='ocrx_word' id='word_1_572' title='bbox 2822 4755 3148 4827; x_wconf 91' lang='lat' dir='ltr'><strong>doloribus,</strong></span> <span class='ocrx_word' id='word_1_573' title='bbox 3175 4757 3396 4829; x_wconf 91' lang='lat' dir='ltr'><strong>recepit</strong></span> <span class='ocrx_word' id='word_1_574' title='bbox 3433 4757 3740 4830; x_wconf 86' lang='lat' dir='ltr'><strong>pristinam</strong></span> 
     </span>
    </p>
   </div>
   <div class='ocr_carea' id='block_1_90' title="bbox 341 4843 1986 4917">
    <p class='ocr_par' dir='ltr' id='par_1_90' title="bbox 341 4843 1986 4917">
     <span class='ocr_line' id='line_1_90' title="bbox 341 4843 1986 4917; baseline 0.002 -16"><span class='ocrx_word' id='word_1_575' title='bbox 341 4845 635 4904; x_wconf 88' lang='lat' dir='ltr'><strong>Christum</strong></span> <span class='ocrx_word' id='word_1_576' title='bbox 667 4845 915 4913; x_wconf 89' lang='lat' dir='ltr'><strong>invocat,</strong></span> <span class='ocrx_word' id='word_1_577' title='bbox 941 4846 999 4901; x_wconf 90' lang='lat' dir='ltr'><strong>et</strong></span> <span class='ocrx_word' id='word_1_578' title='bbox 1023 4847 1386 4917; x_wconf 90' lang='lat' dir='ltr'><strong>assumptum</strong></span> <span class='ocrx_word' id='word_1_579' title='bbox 1419 4843 1475 4900; x_wconf 92' lang='lat' dir='ltr'><strong>in</strong></span> <span class='ocrx_word' id='word_1_580' title='bbox 1507 4843 1734 4900; x_wconf 90' lang='lat' dir='ltr'><strong>nomine</strong></span> <span class='ocrx_word' id='word_1_581' title='bbox 1766 4849 1986 4904; x_wconf 78' lang='lat' dir='ltr'><strong>sanctas</strong></span> 
     </span>
    </p>
   </div>
   <div class='ocr_carea' id='block_1_91' title="bbox 336 4932 1984 5004">
    <p class='ocr_par' dir='ltr' id='par_1_91' title="bbox 336 4932 1984 5004">
     <span class='ocr_line' id='line_1_91' title="bbox 336 4932 1984 5004; baseline 0.003 -15"><span class='ocrx_word' id='word_1_582' title='bbox 336 4933 637 4992; x_wconf 88' lang='lat' dir='ltr'><strong>Trinitatis</strong></span> <span class='ocrx_word' id='word_1_583' title='bbox 658 4935 846 4992; x_wconf 87' lang='lat' dir='ltr'><strong>oleum</strong></span> <span class='ocrx_word' id='word_1_584' title='bbox 871 4932 1028 4990; x_wconf 90' lang='lat' dir='ltr'><strong>misit</strong></span> <span class='ocrx_word' id='word_1_585' title='bbox 1053 4933 1106 4988; x_wconf 90' lang='lat' dir='ltr'><strong>in</strong></span> <span class='ocrx_word' id='word_1_586' title='bbox 1124 4948 1302 5004; x_wconf 90' lang='lat' dir='ltr'><strong>mare,</strong></span> <span class='ocrx_word' id='word_1_587' title='bbox 1320 4933 1650 5004; x_wconf 82' lang='lat' dir='ltr'><strong>fluctusque</strong></span> <span class='ocrx_word' id='word_1_588' title='bbox 1672 4933 1984 4993; x_wconf 61' lang='lat' dir='ltr'><strong>saevientes</strong></span> 
     </span>
    </p>
   </div>
   <div class='ocr_carea' id='block_1_92' title="bbox 336 5020 1986 5095">
    <p class='ocr_par' dir='ltr' id='par_1_92' title="bbox 336 5020 1986 5095">
     <span class='ocr_line' id='line_1_92' title="bbox 336 5020 1986 5095; baseline 0.003 -19"><span class='ocrx_word' id='word_1_589' title='bbox 336 5022 634 5095; x_wconf 78' lang='lat' dir='ltr'><strong>Opprimit,</strong></span> <span class='ocrx_word' id='word_1_590' title='bbox 651 5039 717 5082; x_wconf 92' lang='lat' dir='ltr'><strong>ac</strong></span> <span class='ocrx_word' id='word_1_591' title='bbox 739 5020 1113 5093; x_wconf 89' lang='lat' dir='ltr'><strong>tranquillam</strong></span> <span class='ocrx_word' id='word_1_592' title='bbox 1137 5021 1514 5078; x_wconf 87' lang='lat' dir='ltr'><strong>serenitatem</strong></span> <span class='ocrx_word' id='word_1_593' title='bbox 1539 5021 1752 5079; x_wconf 88' lang='lat' dir='ltr'><strong>reddit.</strong></span> <span class='ocrx_word' id='word_1_594' title='bbox 1768 5025 1986 5081; x_wconf 87' lang='lat' dir='ltr'><strong>Decur-</strong></span> 
     </span>
    </p>
   </div>
   <div class='ocr_carea' id='block_1_93' title="bbox 337 5109 1984 5184">
    <p class='ocr_par' dir='ltr' id='par_1_93' title="bbox 337 5109 1984 5184">
     <span class='ocr_line' id='line_1_93' title="bbox 337 5109 1984 5184; baseline 0.004 -20"><span class='ocrx_word' id='word_1_595' title='bbox 337 5109 420 5165; x_wconf 88' lang='lat' dir='ltr'><strong>sis</strong></span> <span class='ocrx_word' id='word_1_596' title='bbox 442 5124 584 5168; x_wconf 89' lang='lat' dir='ltr'><strong>vero</strong></span> <span class='ocrx_word' id='word_1_597' title='bbox 606 5111 815 5184; x_wconf 88' lang='lat' dir='ltr'><strong>spatiis</strong></span> <span class='ocrx_word' id='word_1_598' title='bbox 835 5109 1044 5183; x_wconf 89' lang='lat' dir='ltr'><strong>pelagi,</strong></span> <span class='ocrx_word' id='word_1_599' title='bbox 1073 5110 1259 5182; x_wconf 89' lang='lat' dir='ltr'><strong>cptati</strong></span> <span class='ocrx_word' id='word_1_600' title='bbox 1283 5109 1502 5168; x_wconf 85' lang='lat' dir='ltr'><strong>littoris</strong></span> <span class='ocrx_word' id='word_1_601' title='bbox 1525 5111 1867 5170; x_wconf 89' lang='lat' dir='ltr'><strong>sacerdotes</strong></span> <span class='ocrx_word' id='word_1_602' title='bbox 1881 5113 1984 5170; x_wconf 90' lang='lat' dir='ltr'><strong>Dei</strong></span> 
     </span>
    </p>
   </div>
   <div class='ocr_carea' id='block_1_94' title="bbox 337 5197 1985 5274">
    <p class='ocr_par' dir='ltr' id='par_1_94' title="bbox 337 5197 1985 5274">
     <span class='ocr_line' id='line_1_94' title="bbox 337 5197 1985 5274; baseline 0.003 -21"><span class='ocrx_word' id='word_1_603' title='bbox 337 5197 534 5270; x_wconf 89' lang='lat' dir='ltr'><strong>quiete</strong></span> <span class='ocrx_word' id='word_1_604' title='bbox 558 5199 883 5272; x_wconf 87' lang='lat' dir='ltr'><strong>potiuntur,</strong></span> <span class='ocrx_word' id='word_1_605' title='bbox 902 5215 969 5258; x_wconf 88' lang='lat' dir='ltr'><strong>ac</strong></span> <span class='ocrx_word' id='word_1_606' title='bbox 991 5215 1126 5258; x_wconf 89' lang='lat' dir='ltr'><strong>mox</strong></span> <span class='ocrx_word' id='word_1_607' title='bbox 1147 5199 1554 5256; x_wconf 90' lang='lat' dir='ltr'><strong>Britannorum</strong></span> <span class='ocrx_word' id='word_1_608' title='bbox 1579 5200 1847 5273; x_wconf 90' lang='lat' dir='ltr'><strong>insulam,</strong></span> <span class='ocrx_word' id='word_1_609' title='bbox 1863 5203 1985 5274; x_wconf 85' lang='lat' dir='ltr'><strong>opi-</strong></span> 
     </span>
    </p>
   </div>
   <div class='ocr_carea' id='block_1_95' title="bbox 337 5287 1982 5361">
    <p class='ocr_par' dir='ltr' id='par_1_95' title="bbox 337 5287 1982 5361">
     <span class='ocr_line' id='line_1_95' title="bbox 337 5287 1982 5361; baseline 0.002 -17"><span class='ocrx_word' id='word_1_610' title='bbox 337 5287 524 5350; x_wconf 82' lang='lat' dir='ltr'><strong>nione.</strong></span> <span class='ocrx_word' id='word_1_611' title='bbox 543 5289 980 5361; x_wconf 76' lang='lat' dir='ltr'><strong>praedicatione,</strong></span> <span class='ocrx_word' id='word_1_612' title='bbox 1002 5288 1444 5360; x_wconf 88' lang='lat' dir='ltr'><strong>virtutibusque</strong></span> <span class='ocrx_word' id='word_1_613' title='bbox 1467 5287 1880 5361; x_wconf 84' lang='lat' dir='ltr'><strong>impleverunt,</strong></span> <span class='ocrx_word' id='word_1_614' title='bbox 1901 5291 1982 5348; x_wconf 88' lang='lat' dir='ltr'><strong>ita</strong></span> 
     </span>
    </p>
   </div>
   <div class='ocr_carea' id='block_1_96' title="bbox 340 5376 1986 5450">
    <p class='ocr_par' dir='ltr' id='par_1_96' title="bbox 340 5376 1986 5450">
     <span class='ocr_line' id='line_1_96' title="bbox 340 5376 1986 5450; baseline 0.002 -17"><span class='ocrx_word' id='word_1_615' title='bbox 340 5379 402 5433; x_wconf 89' lang='lat' dir='ltr'><strong>ut</strong></span> <span class='ocrx_word' id='word_1_616' title='bbox 435 5376 649 5448; x_wconf 87' lang='lat' dir='ltr'><strong>passim</strong></span> <span class='ocrx_word' id='word_1_617' title='bbox 671 5379 734 5432; x_wconf 86' lang='lat' dir='ltr'><strong>et</strong></span> <span class='ocrx_word' id='word_1_618' title='bbox 754 5376 958 5435; x_wconf 86' lang='lat' dir='ltr'><strong>ﬁdeles</strong></span> <span class='ocrx_word' id='word_1_619' title='bbox 978 5378 1249 5437; x_wconf 90' lang='lat' dir='ltr'><strong>catholici</strong></span> <span class='ocrx_word' id='word_1_620' title='bbox 1276 5378 1668 5448; x_wconf 88' lang='lat' dir='ltr'><strong>ﬁrmarentur,</strong></span> <span class='ocrx_word' id='word_1_621' title='bbox 1695 5383 1754 5434; x_wconf 91' lang='lat' dir='ltr'><strong>et</strong></span> <span class='ocrx_word' id='word_1_622' title='bbox 1778 5377 1986 5450; x_wconf 90' lang='lat' dir='ltr'><strong>depra-</strong></span> 
     </span>
    </p>
   </div>
   <div class='ocr_carea' id='block_1_97' title="bbox 338 5465 1980 5539">
    <p class='ocr_par' dir='ltr' id='par_1_97' title="bbox 338 5465 1980 5539">
     <span class='ocr_line' id='line_1_97' title="bbox 338 5465 1980 5539; baseline 0.001 -19"><span class='ocrx_word' id='word_1_623' title='bbox 338 5465 455 5521; x_wconf 90' lang='lat' dir='ltr'><strong>vati</strong></span> <span class='ocrx_word' id='word_1_624' title='bbox 489 5465 636 5522; x_wconf 91' lang='lat' dir='ltr'><strong>viam</strong></span> <span class='ocrx_word' id='word_1_625' title='bbox 655 5465 1041 5524; x_wconf 85' lang='lat' dir='ltr'><strong>correctionis</strong></span> <span class='ocrx_word' id='word_1_626' title='bbox 1063 5471 1468 5539; x_wconf 86' lang='lat' dir='ltr'><strong>agnoscerent.</strong></span> <span class='ocrx_word' id='word_1_627' title='bbox 1495 5469 1723 5524; x_wconf 88' lang='lat' dir='ltr'><strong>Interea</strong></span> <span class='ocrx_word' id='word_1_628' title='bbox 1749 5465 1980 5538; x_wconf 88' lang='lat' dir='ltr'><strong>quidam</strong></span> 
     </span>
    </p>
   </div>
   <div class='ocr_carea' id='block_1_98' title="bbox 343 5554 1981 5628">
    <p class='ocr_par' dir='ltr' id='par_1_98' title="bbox 343 5554 1981 5628">
     <span class='ocr_line' id='line_1_98' title="bbox 343 5554 1981 5628; baseline 0.001 -18"><span class='ocrx_word' id='word_1_629' title='bbox 343 5554 662 5612; x_wconf 62' lang='lat' dir='ltr'><strong>tribunitiae</strong></span> <span class='ocrx_word' id='word_1_630' title='bbox 695 5555 1010 5628; x_wconf 89' lang='lat' dir='ltr'><strong>potestatis</strong></span> <span class='ocrx_word' id='word_1_631' title='bbox 1041 5555 1216 5614; x_wconf 86' lang='lat' dir='ltr'><strong>ﬁliam</strong></span> <span class='ocrx_word' id='word_1_632' title='bbox 1240 5558 1439 5615; x_wconf 91' lang='lat' dir='ltr'><strong>decem</strong></span> <span class='ocrx_word' id='word_1_633' title='bbox 1464 5572 1743 5615; x_wconf 89' lang='lat' dir='ltr'><strong>annorum</strong></span> <span class='ocrx_word' id='word_1_634' title='bbox 1767 5571 1981 5614; x_wconf 65' lang='lat' dir='ltr'><strong>caecam</strong></span> 
     </span>
    </p>
   </div>
   <div class='ocr_carea' id='block_1_99' title="bbox 342 5643 1982 5720">
    <p class='ocr_par' dir='ltr' id='par_1_99' title="bbox 342 5643 1982 5720">
     <span class='ocr_line' id='line_1_99' title="bbox 342 5643 1982 5720; baseline 0.002 -19"><span class='ocrx_word' id='word_1_635' title='bbox 342 5643 748 5702; x_wconf 87' lang='lat' dir='ltr'><strong>sacerdotibus</strong></span> <span class='ocrx_word' id='word_1_636' title='bbox 791 5644 1108 5702; x_wconf 87' lang='lat' dir='ltr'><strong>curandam</strong></span> <span class='ocrx_word' id='word_1_637' title='bbox 1157 5645 1349 5704; x_wconf 82' lang='lat' dir='ltr'><strong>otl‘ert.</strong></span> <span class='ocrx_word' id='word_1_638' title='bbox 1392 5648 1510 5705; x_wconf 88' lang='lat' dir='ltr'><strong>Nec</strong></span> <span class='ocrx_word' id='word_1_639' title='bbox 1559 5661 1739 5720; x_wconf 87' lang='lat' dir='ltr'><strong>mora,</strong></span> <span class='ocrx_word' id='word_1_640' title='bbox 1775 5647 1982 5704; x_wconf 88' lang='lat' dir='ltr'><strong>beatus</strong></span> 
     </span>
    </p>
   </div>
   <div class='ocr_carea' id='block_1_100' title="bbox 2097 4843 3742 4916">
    <p class='ocr_par' dir='ltr' id='par_1_100' title="bbox 2097 4843 3742 4916">
     <span class='ocr_line' id='line_1_100' title="bbox 2097 4843 3742 4916; baseline 0.001 -16"><span class='ocrx_word' id='word_1_641' title='bbox 2097 4843 2406 4900; x_wconf 89' lang='lat' dir='ltr'><strong>sanitatem</strong></span> <span class='ocrx_word' id='word_1_642' title='bbox 2437 4847 2522 4914; x_wconf 90' lang='lat' dir='ltr'><strong>ut,</strong></span> <span class='ocrx_word' id='word_1_643' title='bbox 2548 4844 2642 4901; x_wconf 91' lang='lat' dir='ltr'><strong>die</strong></span> <span class='ocrx_word' id='word_1_644' title='bbox 2673 4844 2920 4916; x_wconf 83' lang='lat' dir='ltr'><strong>reddito,</strong></span> <span class='ocrx_word' id='word_1_645' title='bbox 2956 4845 3187 4903; x_wconf 88' lang='lat' dir='ltr'><strong>itineris</strong></span> <span class='ocrx_word' id='word_1_646' title='bbox 3219 4845 3477 4902; x_wconf 87' lang='lat' dir='ltr'><strong>laborem</strong></span> <span class='ocrx_word' id='word_1_647' title='bbox 3511 4847 3742 4904; x_wconf 86' lang='lat' dir='ltr'><strong>subiret</strong></span> 
     </span>
    </p>
   </div>
   <div class='ocr_carea' id='block_1_101' title="bbox 2094 4931 3742 5009">
    <p class='ocr_par' dir='ltr' id='par_1_101' title="bbox 2094 4931 3742 5009">
     <span class='ocr_line' id='line_1_101' title="bbox 2094 4931 3742 5009; baseline 0.003 -22"><span class='ocrx_word' id='word_1_648' title='bbox 2094 4931 2442 5002; x_wconf 89' lang='lat' dir='ltr'><strong>intrepidus.</strong></span> <span class='ocrx_word' id='word_1_649' title='bbox 2474 4933 2584 4990; x_wconf 92' lang='lat' dir='ltr'><strong>Sed</strong></span> <span class='ocrx_word' id='word_1_650' title='bbox 2625 4937 2684 4990; x_wconf 92' lang='lat' dir='ltr'><strong>et</strong></span> <span class='ocrx_word' id='word_1_651' title='bbox 2726 4933 2963 5005; x_wconf 90' lang='lat' dir='ltr'><strong>bellum,</strong></span> <span class='ocrx_word' id='word_1_652' title='bbox 2999 4935 3286 4992; x_wconf 89' lang='lat' dir='ltr'><strong>Saxonum</strong></span> <span class='ocrx_word' id='word_1_653' title='bbox 3327 4935 3742 5009; x_wconf 87' lang='lat' dir='ltr'><strong>Pictorumque</strong></span> 
     </span>
    </p>
   </div>
   <div class='ocr_carea' id='block_1_102' title="bbox 2093 5019 3740 5098">
    <p class='ocr_par' dir='ltr' id='par_1_102' title="bbox 2093 5019 3740 5098">
     <span class='ocr_line' id='line_1_102' title="bbox 2093 5019 3740 5098; baseline 0.004 -22"><span class='ocrx_word' id='word_1_654' title='bbox 2093 5019 2166 5076; x_wconf 92' lang='lat' dir='ltr'><strong>ad</strong></span> <span class='ocrx_word' id='word_1_655' title='bbox 2198 5019 2468 5077; x_wconf 89' lang='lat' dir='ltr'><strong>Britones</strong></span> <span class='ocrx_word' id='word_1_656' title='bbox 2497 5037 2569 5078; x_wconf 91' lang='lat' dir='ltr'><strong>eo</strong></span> <span class='ocrx_word' id='word_1_657' title='bbox 2603 5023 3102 5094; x_wconf 89' lang='lat' dir='ltr'><strong>temporejunctis</strong></span> <span class='ocrx_word' id='word_1_658' title='bbox 3123 5024 3371 5097; x_wconf 86' lang='lat' dir='ltr'><strong>viribus,</strong></span> <span class='ocrx_word' id='word_1_659' title='bbox 3398 5031 3740 5098; x_wconf 88' lang='lat' dir='ltr'><strong>susceptum</strong></span> 
     </span>
    </p>
   </div>
   <div class='ocr_carea' id='block_1_103' title="bbox 2092 5107 3744 5186">
    <p class='ocr_par' dir='ltr' id='par_1_103' title="bbox 2092 5107 3744 5186">
     <span class='ocr_line' id='line_1_103' title="bbox 2092 5107 3744 5186; baseline 0.004 -21"><span class='ocrx_word' id='word_1_660' title='bbox 2092 5107 2284 5165; x_wconf 91' lang='lat' dir='ltr'><strong>divina</strong></span> <span class='ocrx_word' id='word_1_661' title='bbox 2316 5108 2536 5166; x_wconf 91' lang='lat' dir='ltr'><strong>virtute</strong></span> <span class='ocrx_word' id='word_1_662' title='bbox 2568 5110 2930 5183; x_wconf 88' lang='lat' dir='ltr'><strong>retunditur,</strong></span> <span class='ocrx_word' id='word_1_663' title='bbox 2951 5127 3080 5169; x_wconf 89' lang='lat' dir='ltr'><strong>cum</strong></span> <span class='ocrx_word' id='word_1_664' title='bbox 3113 5113 3434 5172; x_wconf 89' lang='lat' dir='ltr'><strong>Germanus</strong></span> <span class='ocrx_word' id='word_1_665' title='bbox 3467 5113 3596 5186; x_wconf 91' lang='lat' dir='ltr'><strong>ipse</strong></span> <span class='ocrx_word' id='word_1_666' title='bbox 3625 5115 3744 5174; x_wconf 85' lang='lat' dir='ltr'><strong>dux</strong></span> 
     </span>
    </p>
   </div>
   <div class='ocr_carea' id='block_1_104' title="bbox 2094 5196 3739 5275">
    <p class='ocr_par' dir='ltr' id='par_1_104' title="bbox 2094 5196 3739 5275">
     <span class='ocr_line' id='line_1_104' title="bbox 2094 5196 3739 5275; baseline 0.005 -21"><span class='ocrx_word' id='word_1_667' title='bbox 2094 5196 2232 5254; x_wconf 90' lang='lat' dir='ltr'><strong>belli</strong></span> <span class='ocrx_word' id='word_1_668' title='bbox 2247 5199 2458 5269; x_wconf 89' lang='lat' dir='ltr'><strong>factus,</strong></span> <span class='ocrx_word' id='word_1_669' title='bbox 2475 5200 2758 5256; x_wconf 69' lang='lat' dir='ltr'><strong>nontubze</strong></span> <span class='ocrx_word' id='word_1_670' title='bbox 2772 5199 3182 5272; x_wconf 88' lang='lat' dir='ltr'><strong>clangore,sed</strong></span> <span class='ocrx_word' id='word_1_671' title='bbox 3195 5203 3452 5261; x_wconf 89' lang='lat' dir='ltr'><strong>clamore</strong></span> <span class='ocrx_word' id='word_1_672' title='bbox 3467 5203 3739 5275; x_wconf 83' lang='lat' dir='ltr'><strong>Alleluia,</strong></span> 
     </span>
    </p>
   </div>
   <div class='ocr_carea' id='block_1_105' title="bbox 2092 5287 3743 5365">
    <p class='ocr_par' dir='ltr' id='par_1_105' title="bbox 2092 5287 3743 5365">
     <span class='ocr_line' id='line_1_105' title="bbox 2092 5287 3743 5365; baseline 0.004 -21"><span class='ocrx_word' id='word_1_673' title='bbox 2092 5287 2276 5346; x_wconf 90' lang='lat' dir='ltr'><strong>totius</strong></span> <span class='ocrx_word' id='word_1_674' title='bbox 2307 5287 2602 5346; x_wconf 87' lang='lat' dir='ltr'><strong>exercitus</strong></span> <span class='ocrx_word' id='word_1_675' title='bbox 2631 5303 2772 5346; x_wconf 88' lang='lat' dir='ltr'><strong>voce</strong></span> <span class='ocrx_word' id='word_1_676' title='bbox 2803 5291 2875 5348; x_wconf 90' lang='lat' dir='ltr'><strong>ad</strong></span> <span class='ocrx_word' id='word_1_677' title='bbox 2906 5291 3100 5349; x_wconf 88' lang='lat' dir='ltr'><strong>sidera</strong></span> <span class='ocrx_word' id='word_1_678' title='bbox 3134 5292 3346 5365; x_wconf 88' lang='lat' dir='ltr'><strong>levata,</strong></span> <span class='ocrx_word' id='word_1_679' title='bbox 3377 5294 3607 5351; x_wconf 90' lang='lat' dir='ltr'><strong>hostem</strong></span> <span class='ocrx_word' id='word_1_680' title='bbox 3643 5295 3743 5350; x_wconf 86' lang='lat' dir='ltr'><strong>im-</strong></span> 
     </span>
    </p>
   </div>
   <div class='ocr_carea' id='block_1_106' title="bbox 2093 5377 3738 5456">
    <p class='ocr_par' dir='ltr' id='par_1_106' title="bbox 2093 5377 3738 5456">
     <span class='ocr_line' id='line_1_106' title="bbox 2093 5377 3738 5456; baseline 0.004 -22"><span class='ocrx_word' id='word_1_681' title='bbox 2093 5392 2316 5436; x_wconf 91' lang='lat' dir='ltr'><strong>manem</strong></span> <span class='ocrx_word' id='word_1_682' title='bbox 2340 5377 2395 5434; x_wconf 91' lang='lat' dir='ltr'><strong>in</strong></span> <span class='ocrx_word' id='word_1_683' title='bbox 2425 5378 2614 5450; x_wconf 90' lang='lat' dir='ltr'><strong>fugam</strong></span> <span class='ocrx_word' id='word_1_684' title='bbox 2647 5382 2957 5440; x_wconf 89' lang='lat' dir='ltr'><strong>convertit.</strong></span> <span class='ocrx_word' id='word_1_685' title='bbox 2988 5383 3321 5456; x_wconf 90' lang='lat' dir='ltr'><strong>Composita</strong></span> <span class='ocrx_word' id='word_1_686' title='bbox 3352 5397 3493 5441; x_wconf 90' lang='lat' dir='ltr'><strong>vero</strong></span> <span class='ocrx_word' id='word_1_687' title='bbox 3525 5383 3738 5454; x_wconf 89' lang='lat' dir='ltr'><strong>insula,</strong></span> 
     </span>
    </p>
   </div>
   <div class='ocr_carea' id='block_1_107' title="bbox 2092 5467 3737 5545">
    <p class='ocr_par' dir='ltr' id='par_1_107' title="bbox 2092 5467 3737 5545">
     <span class='ocr_line' id='line_1_107' title="bbox 2092 5467 3737 5545; baseline 0.004 -21"><span class='ocrx_word' id='word_1_688' title='bbox 2092 5467 2343 5526; x_wconf 90' lang='lat' dir='ltr'><strong>reditum</strong></span> <span class='ocrx_word' id='word_1_689' title='bbox 2384 5467 2706 5528; x_wconf 91' lang='lat' dir='ltr'><strong>moliuntur</strong></span> <span class='ocrx_word' id='word_1_690' title='bbox 2751 5473 3080 5545; x_wconf 87' lang='lat' dir='ltr'><strong>pontiﬁces,</strong></span> <span class='ocrx_word' id='word_1_691' title='bbox 3116 5473 3298 5544; x_wconf 88' lang='lat' dir='ltr'><strong>ﬁtque</strong></span> <span class='ocrx_word' id='word_1_692' title='bbox 3329 5475 3390 5530; x_wconf 89' lang='lat' dir='ltr'><strong>ut</strong></span> <span class='ocrx_word' id='word_1_693' title='bbox 3422 5473 3737 5544; x_wconf 87' lang='lat' dir='ltr'><strong>tranquilla</strong></span> 
     </span>
    </p>
   </div>
   <div class='ocr_carea' id='block_1_108' title="bbox 2091 5557 3740 5629">
    <p class='ocr_par' dir='ltr' id='par_1_108' title="bbox 2091 5557 3740 5629">
     <span class='ocr_line' id='line_1_108' title="bbox 2091 5557 3740 5629; baseline 0.004 -16"><span class='ocrx_word' id='word_1_694' title='bbox 2091 5557 2461 5629; x_wconf 90' lang='lat' dir='ltr'><strong>navigatione</strong></span> <span class='ocrx_word' id='word_1_695' title='bbox 2475 5575 2712 5619; x_wconf 90' lang='lat' dir='ltr'><strong>suorum</strong></span> <span class='ocrx_word' id='word_1_696' title='bbox 2727 5561 3041 5624; x_wconf 82' lang='lat' dir='ltr'><strong>desideriis</strong></span> <span class='ocrx_word' id='word_1_697' title='bbox 3065 5561 3202 5620; x_wconf 88' lang='lat' dir='ltr'><strong>felix</strong></span> <span class='ocrx_word' id='word_1_698' title='bbox 3222 5562 3420 5621; x_wconf 82' lang='lat' dir='ltr'><strong>carina</strong></span> <span class='ocrx_word' id='word_1_699' title='bbox 3442 5575 3547 5621; x_wconf 84' lang='lat' dir='ltr'><strong>eos</strong></span> <span class='ocrx_word' id='word_1_700' title='bbox 3567 5563 3740 5622; x_wconf 88' lang='lat' dir='ltr'><strong>resti-</strong></span> 
     </span>
    </p>
   </div>
   <div class='ocr_carea' id='block_1_109' title="bbox 2090 5649 3738 5728">
    <p class='ocr_par' dir='ltr' id='par_1_109' title="bbox 2090 5649 3738 5728">
     <span class='ocr_line' id='line_1_109' title="bbox 2090 5649 3738 5728; baseline 0.004 -25"><span class='ocrx_word' id='word_1_701' title='bbox 2090 5649 2286 5705; x_wconf 90' lang='lat' dir='ltr'><strong>tueret</strong></span> <span class='ocrx_word' id='word_1_702' title='bbox 2303 5663 2318 5718; x_wconf 90' lang='lat'><strong>;</strong></span> <span class='ocrx_word' id='word_1_703' title='bbox 2333 5662 2441 5708; x_wconf 90' lang='lat' dir='ltr'><strong>nec</strong></span> <span class='ocrx_word' id='word_1_704' title='bbox 2456 5649 2640 5708; x_wconf 91' lang='lat' dir='ltr'><strong>multo</strong></span> <span class='ocrx_word' id='word_1_705' title='bbox 2664 5651 3017 5724; x_wconf 89' lang='lat' dir='ltr'><strong>interposito</strong></span> <span class='ocrx_word' id='word_1_706' title='bbox 3040 5655 3324 5728; x_wconf 87' lang='lat' dir='ltr'><strong>tempore,</strong></span> <span class='ocrx_word' id='word_1_707' title='bbox 3341 5651 3649 5712; x_wconf 87' lang='lat' dir='ltr'><strong>nuntiatur</strong></span> <span class='ocrx_word' id='word_1_708' title='bbox 3667 5667 3738 5712; x_wconf 82' lang='lat' dir='ltr'><strong>ex</strong></span> 
     </span>
    </p>
   </div>
  </div>
