3992 6170
328 249 432 300 375

1368 243 1420 301 8.
1467 243 1728 300 ADONIS
1766 240 2202 300 ARCHIEPISC.
2247 236 2678 298 VIENNENSIS.

3609 240 3710 292 376

397 367 561 440 Apud
613 364 964 436 Eumeniam,
1003 364 1156 422 beati
1187 365 1452 423 Thrasea
1501 366 1758 438 episcOpi
1811 365 1963 438 apud
1994 365 2051 425 A
2081 364 2292 424 iterum
2336 365 2511 438 jussit
2560 365 2614 421 in
2681 361 2950 421 custodia
2999 359 3200 432 recipi,
3246 359 3529 417 Bacchum
3572 375 3712 419 vero

329 458 621 525 Smyrnam
659 453 938 524 martyrio
971 455 1374 524 consummati,
1412 455 1507 526 qui
1542 461 1690 512 unus
1720 470 1792 511 ex
1824 453 1970 511 anti-

329 544 475 614 quis,
513 542 674 618 quasi
699 558 772 598 ex
794 543 1110 600 traditione
1134 545 1390 616 priorum
1413 560 1476 600 sc
1499 543 1794 616 accepisse
1819 557 1970 600 assc-

327 631 441 688 ruit
471 651 482 684 :
519 631 878 688 Salvatorem
913 633 1258 704 prmccpisse
1283 633 1563 704 apostolis
1584 632 1720 703 suis,
1748 635 1809 689 ut
1834 635 1968 688 ante

333 719 738 776 duodecimum
764 736 971 777 annum
997 723 1069 776 ab
1089 721 1460 788 Jcrosolymis
1484 737 1553 777 ne
1577 720 1964 778 discederent.

641 811 696 864 Ρ.
743 811 978 866 PRIDIE
1018 811 1252 866 NONAS
1293 811 1654 867 OCTOBRIS.

1029 903 1085 965 (6
1117 899 1264 968 Oct.)

395 999 422 1026 ιι
480 989 645 1060 Apud
697 990 968 1060 Capuam,
1023 989 1232 1045 natalis
1301 991 1632 1046 sanctorum
1691 985 1964 1056 Marcelli,

213 1085 219 1098 ‘
329 1078 504 1148 Casti,
538 1077 768 1133 zEmiliii
801 1081 858 1133 et
891 1078 1205 1134 Saturnini.

398 1167 460 1222 In
493 1166 958 1237 Galliis,eivjtate
989 1169 1245 1237 Agenno,
1282 1166 1492 1223 natalis
1536 1169 1750 1223 sanctae
1790 1164 1960 1234 Fldis,

325 1253 570 1323 virginis
599 1260 656 1310 ct
691 1256 980 1326 martyris,
1014 1257 1182 1326 cujus
1219 1255 1486 1327 exemplo
1520 1257 1725 1312 beatus
1757 1255 1965 1325 Capra-

330 1342 450 1398 sius
481 1342 550 1398 ad
585 1359 823 1413 agonem
861 1344 1122 1416 martyrii
1157 1344 1444 1401 animatus
1473 1348 1581 1400 est.

397 1432 608 1488 Eodem
643 1433 754 1504 die,
791 1433 946 1490 beati
989 1433 1236 1504 Sagaris,
1280 1433 1554 1504 martyris
1601 1437 1660 1488 et
1709 1431 1966 1504 episcopi

328 1521 714 1592 Laodicensis,
759 1523 856 1594 qui
888 1538 1038 1580 unus
1069 1521 1174 1579 fuit
1209 1522 1280 1578 de
1312 1522 1568 1594 antiquis
1588 1521 1771 1579 sancti
1805 1519 1964 1577 Pauli

331 1609 576 1680 apostoli
611 1611 932 1682 discipulis.

780 1701 842 1755 G.
886 1699 1120 1755 NONAS
1159 1699 1521 1756 OCTOBRIS.

401 1886 614 1954 Romae,
651 1885 739 1940 via
767 1885 966 1956 Appia,
1003 1797 1297 1943 nthlfstS.
1323 1886 1516 1956 Marci,
1553 1899 1716 1957 papae
1747 1888 1806 1940 et
1837 1899 1969 1941 cou-

330 1973 583 2043 fessoris,
629 1973 724 2044 qui
757 1974 906 2030 sedit
941 1975 993 2029 in
1029 1975 1369 2046 episcopatu
1401 1990 1580 2032 annos
1611 1975 1774 2044 duos,
1812 1988 1965 2029 men-

326 2076 420 2117 scs
469 2077 691 2132 novem,
735 2063 860 2118 dies
914 2063 1140 2132 viginti.
1196 2064 1474 2136 Sepultus
1517 2065 1573 2121 in
1627 2063 1966 2120 coemeterio

299 2149 600 2222 ’Balbinae,
635 2151 724 2207 via
769 2151 1104 2223 Ardeatina,
1143 2153 1294 2224 quod
1336 2151 1459 2225 ipse
1501 2153 1776 2210 insistens
1808 2153 1962 2210 fecit.

397 2239 609 2296 Eodem
663 2239 755 2295 die
805 2241 999 2297 natale
1048 2245 1379 2299 sanctorum
1422 2247 1740 2313 martyrum
1771 2241 1962 2312 Iulias,

301 2361 303 2364 ‹
329 2327 512 2397 Sergii
537 2331 595 2384 et
627 2329 854 2400 Bacchi,
889 2331 998 2386 sub
1028 2330 1369 2387 Maximiano
1392 2330 1764 2402 imperatore.
1793 2330 1968 2401 Cujus

327 2416 646 2474 honoribus
676 2417 994 2488 sublimati,
1023 2419 1075 2472 in
1111 2418 1329 2490 palatio
1358 2421 1484 2490 ejus
1513 2419 1654 2475 clari
1679 2419 1968 2475 habeban-

326 2512 442 2562 tur.
478 2507 614 2562 Nam
649 2505 886 2575 Sergius
931 2509 1057 2562 erat
1107 2506 1494 2577 primicerius,
1531 2507 1788 2564 Bacchus
1829 2521 1966 2563 vero

325 2594 762 2654 secundicerius
791 2593 1002 2651 scholas
1032 2595 1356 2664 gentilium.
1392 2597 1437 2651 A
1459 2594 1803 2667 quibusdam
1826 2611 1967 2666 ergo

325 2685 476 2757 apud
501 2685 910 2754 imperatorem
934 2683 1210 2754 accusati,
1239 2684 1388 2755 quod
1412 2688 1607 2741 essent
1631 2684 1961 2757 Christiani,

324 2773 516 2830 vocati
547 2777 681 2828 sunt
705 2772 776 2828 ab
811 2773 1182 2843 imperatore,
1210 2777 1272 2830 ut
1305 2772 1705 2830 sacriﬁcantes
1723 2773 1868 2845 Jovi,
1894 2773 1965 2830 de

325 2860 626 2919 sacriﬁciis
664 2860 878 2919 oblatis
921 2877 1052 2919 cum
1091 2876 1161 2918 eo
1211 2862 1610 2932 dcgustarent.
1663 2863 1967 2933 Ingressus

327 2951 645 3024 imperator
679 2951 978 3024 templum,
1011 2951 1268 3022 gustavit
1300 2952 1372 3008 de
1411 2951 1730 3022 sacriﬁciis,
1765 2957 1825 3008 et
1856 2953 1965 3009 cir-

2081 462 2384 514 extensum
2435 455 2630 511 nervis
2683 452 2884 510 crudis
2928 456 3046 506 tam
3094 449 3192 506 diu
3223 448 3368 506 cadi
3418 463 3712 522 quousque

2080 547 2375 605 caedentes
2398 544 2531 601 lassi
2557 543 2892 600 deﬁcerent.
2912 542 2980 596 Et
3001 538 3254 596 vicissim
3271 537 3716 597 succedentibus

2083 636 2191 694 sibi
2237 634 2574 703 censoribus,
2627 635 2846 702 martyr
2903 627 3192 700 gloriosus
3249 627 3304 682 in
3360 625 3715 684 confessione

2083 725 2316 794 Christi,
2353 727 2516 779 totus
2545 734 2792 793 corpore
2813 718 3112 787 discissus,
3136 715 3326 772 emisit
3351 714 3636 786 spiritum,
3659 720 3717 772 et

2082 813 2290 870 relicto
2318 825 2564 884 corpore
2595 809 2801 866 avibus
2830 813 2886 864 et
2917 807 3074 876 feris,
3109 805 3251 860 abiit
3285 804 3622 860 Antiochus.
3650 807 3716 860 At

2082 901 2396 960 Christiani
2428 900 2626 958 furtim
2665 898 2972 954 venientes
3010 894 3274 952 tulerunt
3322 890 3539 965 corpus
3579 907 3720 948 mar-

2079 993 2248 1064 tyris,
2281 997 2338 1048 et
2375 991 2430 1046 in
2463 989 2740 1062 spelunca
2773 985 3020 1058 quadam
3041 983 3418 1056 sepelierunt.
3446 981 3720 1054 Sequenti

2080 1097 2221 1140 vero
2243 1081 2335 1138 die
2369 1081 2579 1138 beatus
2609 1077 2845 1148 Sergius
2875 1075 3124 1132 eductus
3155 1073 3226 1129 de
3256 1070 3543 1142 custodia,
3579 1083 3720 1143 prae-

2081 1175 2348 1230 sentatur
2380 1167 2696 1234 Antiocho;
2720 1165 2818 1236 qui
2841 1179 2971 1220 cum
2994 1162 3192 1220 verbis
3211 1176 3343 1218 eum
3359 1161 3598 1217 ﬂectere
3610 1173 3717 1215 non

2079 1263 2296 1333 posset,
2323 1259 2510 1331 primo
2531 1256 2851 1313 cothurnos
2875 1252 3134 1310 conﬁxos
3153 1249 3334 1307 clavis
3355 1248 3560 1306 vestiri
3592 1262 3718 1304 eum

2083 1350 2306 1419 fecit,et
2330 1361 2533 1404 novem
2559 1344 2816 1400 millibus
2837 1347 2971 1400 ante
2993 1356 3054 1399 se
3077 1335 3718 1397 currere.Postmodum

2080 1440 2134 1494 in
2169 1437 2458 1495 sententia
2492 1435 2666 1492 fixum
2701 1447 2933 1490 manere
2963 1431 3188 1500 videns,
3215 1425 3489 1486 decollari
3517 1425 3717 1496 jussit,

2080 1543 2248 1600 quem
2291 1533 2430 1583 tunc
2481 1523 2791 1580 Christiani
2831 1521 2888 1576 in
2928 1520 3130 1576 eodem
3175 1519 3300 1574 loco
3338 1515 3718 1588 sepelierunt.

2078 1619 2264 1674 Parvo
2295 1619 2485 1672 autem
2519 1618 2783 1684 tempore
2815 1609 3180 1680 interposito,
3217 1608 3450 1663 beatum
3490 1617 3722 1676 quoque

1997 1707 2051 1768 B
2083 1706 2370 1762 Bacchum
2413 1719 2440 1760 a
2484 1703 2612 1758 loco
2656 1716 2770 1772 quo
2811 1697 3134 1757 tumulatus
3169 1697 3360 1753 fuerat
3399 1693 3720 1763 elevantes,

2077 1793 2403 1852 honorabili
2427 1791 2778 1862 Martyribus
2812 1789 2938 1845 loco
2962 1787 3128 1858 juxta
3163 1787 3427 1842 sanctum
3458 1781 3722 1852 Sergium

2079 1885 2550 1956 composuerunt.
2575 1880 2682 1938 Ubi
2705 1883 2764 1934 et
2786 1877 2952 1947 virgo
2971 1875 3142 1945 Julia,
3169 1888 3298 1945 quae
3321 1873 3429 1930 sub
3442 1870 3724 1926 Martiano

2080 1973 2326 2046 praeside
2359 1969 2698 2042 martyrium
2731 1963 3171 2034 consummavit,
3207 1961 3423 2018 sociata
3459 1958 3726 2031 Martyri-

2081 2065 2188 2121 bus
2218 2059 2450 2134 sepulta
2481 2057 2751 2130 quiescit.
3744 2050 3749 2055 '

2147 2151 2363 2208 Eodem
2386 2149 2499 2220 die,
2525 2151 2858 2205 sanctorum
2884 2148 3202 2214 martyrum
3215 2136 3546 2196 Marcelliet
3567 2137 3733 2209 Apu-

2079 2241 2174 2312 lei,
2192 2240 2290 2312 qui
2308 2238 2540 2311 quidem
2567 2237 2752 2308 primo
2775 2234 3144 2290 adhaeserunt
3169 2227 3382 2286 Simoni
3407 2240 3612 2296 mago;
3631 2223 3726 2280 sed

2077 2331 2346 2388 videntes
2393 2325 2680 2384 mirabilia
2733 2337 2862 2395 quae
2910 2320 3185 2377 Dominus
3223 2317 3588 2390 cperabatur
3630 2327 3729 2386 per

2078 2418 2403 2492 apostolum
2437 2430 2604 2473 suum
2634 2415 2895 2481 Petrum,
2922 2408 3130 2466 relicto
3163 2407 3412 2476 Simone,
3438 2401 3726 2460 doctrina:

2077 2507 2412 2581 apostolicae
2437 2519 2496 2563 sc
2527 2501 2920 2560 tradiderunt.
2957 2500 3021 2556 Et
3054 2501 3181 2570 post
3216 2492 3558 2564 martyrium
3595 2506 3728 2564 apo-

2077 2598 2382 2666 stolorum,
2397 2592 2762 2652 confessione
2785 2588 3001 2646 Christi
3023 2592 3082 2644 et
3106 2585 3218 2659 ipsi
3242 2582 3522 2651 decorati,
3540 2583 3724 2638 Aure-

2073 2683 2532 2746 lianoconsulari
2547 2682 2673 2739 viro
2696 2678 3048 2736 sententiam
3072 2677 3316 2743 ferente,
3340 2669 3610 2742 martyrii
3633 2683 3724 2725 co-

2075 2792 2273 2835 ronam
2288 2767 2920 2848 reportarunt.Sepulti
2935 2781 3043 2824 non
3061 2765 3230 2835 longe
3253 2763 3326 2819 ab
3348 2763 3492 2818 urbe
3513 2759 3716 2816 Roma.

2485 2865 2548 2919 A.
2592 2861 2714 2917 VIII
2753 2858 2913 2914 IDUS
2953 2853 3314 2912 OCTOBRIS.

2764 2951 2822 3017 (8
2863 2945 3010 3014 Oct.)

322 3041 728 3112 cumspiciens,
747 3057 859 3098 non
881 3041 1024 3097 vidit
1051 3042 1312 3112 Sergium
1337 3045 1395 3097 et
1419 3042 1702 3098 Bacchum
1728 3061 1740 3096 ε
1777 3055 1963 3111 neque
1995 3061 2044 3124 α
2144 3053 2168 3083 ο
2200 3043 2366 3116 Apud
2399 3042 2650 3109 Cretam,
2677 3039 2822 3095 urbe
2844 3034 3118 3124 Gortinaa,
3146 3029 3300 3124 beati
3323 3025 3578 3124 Philippi
3605 3024 3724 3124 api:

323 3129 474 3184 enim
507 3129 754 3198 ingressi
787 3129 1014 3185 fuerant
1049 3129 1350 3200 templum.
1386 3129 1620 3185 Mittens
1657 3129 1836 3198 igitur
1867 3129 1966 3184 mi-

325 3216 460 3272 lites
491 3216 562 3272 de
593 3216 964 3273 adstantibus
985 3215 1094 3272 sibi
1120 3215 1456 3287 imperator,
1479 3217 1650 3288 jussit
1675 3231 1774 3273 eos
1797 3217 1968 3272 intro-

325 3304 478 3360 duci.
507 3303 730 3370 Quibus
757 3308 816 3360 et
839 3303 986 3360 dixit
1013 3322 1025 3358 :
1059 3305 1130 3360 Ut
1157 3303 1346 3374 video,
1383 3303 1521 3360 facti
1551 3304 1695 3362 estis
1725 3305 1962 3362 deorum

325 3391 558 3449 inimici.
588 3392 860 3449 Accedite
892 3392 960 3448 ad
996 3405 1152 3446 aram
1201 3391 1360 3448 Jovis
1401 3393 1611 3463 magni,
1651 3397 1708 3448 et
1751 3392 1966 3450 sacriﬁ-

323 3485 473 3551 cate,
500 3494 568 3537 ac
590 3481 660 3536 de
685 3479 987 3538 sacriﬁciis
1005 3481 1132 3550 ejus
1144 3479 1292 3537 sicut
1308 3484 1366 3536 et
1382 3481 1581 3537 caeteri
1597 3482 1960 3539 manducate.

323 3569 771 3642 Responderunt
796 3569 948 3625 beati
983 3569 1220 3640 Sergius
1249 3573 1304 3625 et
1341 3570 1598 3627 Bacchus
1632 3590 1644 3624 :
1679 3572 1968 3628 Habemus

326 3673 519 3729 regem
561 3673 760 3714 verum
811 3662 1092 3714 aeternum
1128 3659 1182 3713 in
1231 3659 1412 3729 caelis,
1445 3660 1638 3716 Jesum
1674 3661 1964 3718 Christum

325 3748 526 3806 Filium
559 3747 677 3804 Dei.
713 3746 855 3803 Huic
889 3762 992 3818 per
1031 3746 1294 3818 singulos
1333 3747 1457 3804 dies
1497 3748 1794 3807 oﬁ'erimus
1840 3765 1967 3806 san-

321 3841 478 3894 ctum
504 3836 814 3907 vivumque
834 3835 1202 3906 sacriﬁcium,
1222 3841 1397 3908 atque
1421 3837 1824 3894 rationabilem
1846 3837 1967 3895 cul-

323 3930 543 3982 turam:
575 3923 801 3996 lapides
833 3929 1026 3980 autem
1059 3929 1118 3980 et
1169 3924 1321 3994 ligna
1355 3941 1466 3982 non
1499 3925 1826 3984 adoramus.
1862 3929 1968 3982 Im-

325 4017 560 4084 perator
592 4017 731 4067 tunc
763 4012 1288 4082 indignatusjussit
1319 4017 1528 4070 exutos
1549 4013 1851 4085 chlamyde
1885 4016 1968 4071 in-

323 4101 419 4155 dui
450 4114 550 4156 eos
579 4098 851 4154 muliebri
882 4097 1130 4167 colobio,
1165 4102 1224 4152 et
1256 4113 1359 4168 per
1391 4101 1634 4156 mediam
1667 4101 1966 4159 civitatem

323 4188 394 4244 ad
428 4187 704 4258 palatium
739 4186 1018 4257 pertrahi,
1045 4187 1269 4243 catenis
1301 4187 1352 4242 in
1387 4189 1716 4246 cervicibus
1739 4191 1960 4262 positis.

323 4275 391 4330 Et
423 4289 564 4357 cum.
585 4273 986 4344 pervenissent
1019 4275 1089 4330 ad
1124 4274 1422 4346 palatium,
1461 4276 1604 4332 dixit
1657 4278 1742 4335 eis
1773 4279 1968 4352 impc-

2079 3111 2264 3204 scopi,
2298 3129 2520 3200 magnis
2551 3127 2876 3184 virtutibus
2899 3128 2957 3180 et
2981 3120 3220 3194 optimis
3248 3116 3463 3175 studiis
3484 3111 3721 3188 prediti

2075 3239 2206 3280 vm.

2144 3308 2589 3377 Thessalonica,
2625 3307 2662 3362 S
2715 3301 2988 3362 Demetrii
3024 3297 3313 3370 martyris.

2145 3402 2211 3456 Et
2244 3396 2562 3454 beatistimi
2595 3394 2755 3450 senis
2787 3390 3086 3449 Simeonis.

2488 3486 2548 3540 Β.
2593 3484 2688 3538 VII
2731 3481 2890 3538 IDUS
2929 3477 3288 3536 OCTOBRIS.

2771 3574 2826 3636 (9
2863 3569 3012 3636 Oct.)

2150 3664 2392 3721 Abrahaa
2423 3661 2800 3718 Patriarchaa.

2148 3754 2311 3826 Apud
2335 3751 2638 3817 Parisi'im,
2665 3745 2878 3804 natalis
2902 3747 3233 3802 sanctorum
3259 3743 3580 3826 martyrum
3595 3734 3726 3826 Dio-

2076 3823 2223 3914 nysii
2239 3840 2520 3913 episcopi,
2549 3835 2866 3894 Eleutherii
2893 3831 3243 3906 presbyteri,
3267 3832 3325 3885 et
3349 3823 3579 3883 Rustici
3606 3823 3728 3914 dia:-

2073 3911 2202 3988 coni
2237 3951 2248 3985 :
2279 3911 2382 4000 qui
2417 3911 2623 3984 beatus
2652 3925 2963 3996 episcopus
2993 3937 3022 3977 a
3057 3918 3328 3993 pontiﬁce
3357 3917 3622 4000 Romano
3655 3911 3725 3968 ad

2076 4019 2290 4076 Gallias
2306 3999 2592 4084 directus,
2623 4018 2681 4070 ut
2708 4009 3142 4084 praedicationis
3162 4019 3398 4079 Operam
3424 3999 3663 4075 populis
3693 4015 3721 4055 a

2075 4107 2188 4163 ﬁde
2220 4104 2432 4162 Christi
2465 4101 2672 4158 alienis
2715 4100 3041 4168 exhiberet,
3086 4095 3318 4152 tandem
3359 4089 3723 4148 Parisiorum

2073 4196 2368 4253 civitatem
2420 4191 2674 4260 devenit,
2723 4193 2782 4246 et
2826 4203 2928 4260 per
2970 4187 3190 4258 aliquot
3233 4196 3412 4240 annos
3451 4183 3723 4237 sanctum

2075 4299 2221 4356 opus
2243 4281 2494 4338 ﬁdeliter
2515 4283 2572 4336 et
2599 4278 2874 4335 ardenter
2894 4279 3226 4342 exsecutus,
3252 4287 3282 4330 a
3317 4269 3598 4342 praefecto
3625 4267 3727 4322 Fe-

324 4366 486 4419 rator
505 4382 525 4462 5
549 4361 1012 4462 Sceleratissimi,
1039 4363 1204 4420 scitis
1227 4365 1356 4435 quia
1383 4380 1553 4437 quem
1585 4365 1780 4426 colitis
1803 4369 1961 4424 Chri-
1991 4402 2042 4462 Β
2075 4371 2352 4429 scennino
2374 4367 2622 4426 Sisinnio
2643 4365 3116 4438 comprehensus,
3143 4366 3354 4418 etcum
3374 4373 3444 4414 eo
3475 4360 3723 4415 sanctus

323 4456 475 4508 stum
502 4450 646 4507 fabri
671 4451 824 4508 ﬁlius
847 4451 972 4520 fuit,
1007 4456 1066 4508 et
1099 4455 1408 4524 antequam
1433 4454 1652 4526 nuptiae
1683 4454 1959 4526 legitimae
1992 4443 2040 4462 ⁵³
2071 4461 2385 4532 presbyter
2415 4456 2786 4514 Eleutherius
2813 4459 2870 4512 et
2903 4453 3180 4512 Rusticus
3201 4450 3496 4517 diaconus,
3521 4443 3724 4518 gladio

325 4539 552 4610 ﬁerent,
587 4539 659 4596 de
690 4539 983 4597 adulterio
1015 4541 1168 4598 facto
1202 4548 1386 4598 mater
1425 4557 1556 4600 eum
1589 4546 1964 4617 procreavit?

327 4628 427 4686 Cui
444 4627 660 4685 milites
673 4628 884 4685 Christi
901 4629 1328 4700 responderunt
1355 4651 1368 4686 :
1393 4633 1584 4704 Erras,
1611 4632 1958 4706 imperator;

322 4731 448 4773 nam
480 4731 648 4789 quem
669 4717 916 4776 colimus
937 4719 1088 4776 Deus
1115 4733 1293 4777 verus
1310 4724 1420 4790 est,
1455 4724 1513 4775 et
1547 4721 1666 4778 vita
1716 4725 1954 4791 aeterna,

322 4805 416 4875 qui
443 4805 577 4862 fecit
601 4805 809 4863 caelum
841 4811 900 4862 et
942 4811 1156 4863 terram
1190 4813 1249 4863 et
1281 4823 1410 4880 quas
1442 4808 1497 4863 in
1521 4809 1607 4866 eis
1637 4813 1791 4866 sunt.
1832 4812 1959 4865 Am-

325 4893 473 4964 plius
503 4894 682 4966 igitur
704 4895 858 4953 veris
879 4895 1392 4966 prosecutionibus
1414 4910 1614 4953 eorum
1641 4897 1828 4955 iratus
1850 4899 1960 4954 Ma-

320 4981 622 5054 ximianus,
651 4983 824 5052 jussit
849 4997 950 5040 eos
990 4983 1296 5040 Antiochio
1327 4983 1459 5041 duci
1501 4984 1675 5054 tradi,
1725 4988 1785 5040 ut
1825 5001 1960 5042 con-

319 5069 632 5140 stringeret
655 5086 757 5129 eos
778 5071 832 5126 in
857 5071 1047 5142 cippo.
1075 5072 1142 5127 Et
1172 5071 1322 5128 facto
1347 5085 1530 5140 mane,
1557 5071 1707 5128 sedit
1733 5073 1788 5130 in
1813 5089 1959 5145 prae-

317 5156 596 5213 torio.'Et
627 5159 864 5234 adducti
902 5163 1036 5218 sunt
1078 5163 1213 5214 ante
1246 5158 1407 5216 illum
1451 5160 1688 5230 Sergius
1726 5167 1784 5218 et
1822 5164 1958 5220 Bac-

319 5244 481 5300 chus.
517 5246 585 5300 Et
617 5261 745 5303 cum
777 5264 884 5306 nec
916 5247 1232 5316 blanditiis,
1269 5263 1376 5305 nec
1408 5249 1578 5306 minis
1625 5265 1727 5308 eos
1755 5267 1784 5308 a
1828 5269 1958 5324 pro-

323 5332 512 5404 posito
550 5331 854 5391 incurvare
885 5340 1103 5408 posset,
1140 5337 1373 5394 beatum
1417 5337 1650 5408 quidem
1693 5340 1954 5410 Sergium

393 5439 684 5512 PEuseb.,
721 5446 770 5495 1.
803 5457 854 5512 v,
889 5457 938 5498 c.
973 5448 1058 5501 24.
1093 5444 1242 5501 Ruﬂ‘.

393 5509 420 5546 δ
445 5508 736 5582 Pontiﬁc.,
770 5523 821 5568 c.
841 5508 940 5568 '35.

2073 4547 2462 4606 animadversi
2495 4545 2835 4616 martyrium
2867 4541 3329 4614 compleverunt.

2501 4638 2560 4692 C.
2602 4635 2672 4690 VI
2712 4633 2874 4690 IDUS
2912 4629 3272 4688 OCTOBRIS.

2759 4727 2808 4780 (4
2817 4729 2848 4777 0
2879 4721 3026 4789 Oct.)

2144 4815 2308 4886 Apud
2361 4811 2651 4870 Coloniam
2703 4808 3097 4882 Agrippinam,
3139 4805 3333 4864 natale
3374 4808 3718 4861 sanctorum

2070 4905 2389 4972 martyrum
2413 4899 2707 4968 Cerconis,
2734 4903 2792 4954 et
2809 4897 3051 4954 aliorum
3066 4897 3464 4952 trecentorum
3478 4891 3718 4950 octode-

2067 4990 2198 5059 cim,
2233 5003 2377 5060 quos
2402 4988 2592 5044 ferunt
2612 4987 2890 5044 Thebaeos
2914 4985 3108 5054 fuisse,
3129 4989 3338 5040 etcum
3362 4981 3592 5052 legione
3614 4978 3715 5035 illa

2071 5077 2224 5133 beati
2251 5075 2522 5146 Mauritii,
2549 5074 2871 5146 indejussu
2897 5072 3218 5130 Maximiani
3252 5069 3628 5144 imperatoris
3657 5069 3715 5123 in

2068 5163 2282 5221 Gallias
2308 5163 2622 5222 transitum
2647 5163 2872 5234 fecisse,
2902 5166 3078 5234 atque
3106 5161 3263 5218 circa
3297 5159 3480 5218 Rheni
3509 5159 3715 5215 littora

2065 5253 2492 5324 consedisse,et
2506 5253 2801 5309 funestum
2813 5251 3042 5322 tyranni
3059 5251 3363 5323 imperium
3379 5247 3715 5320 respuendo

2071 5357 2174 5414 pro
2193 5356 2330 5399 vera
2365 5342 2585 5414 pietate
2613 5341 2762 5398 colla
2795 5341 3090 5412 patienter
3119 5339 3330 5412 gladiis
3353 5337 3710 5398 subdidisse.

2136 5455 2161 5486 ο
2191 5449 2268 5505 De
2300 5449 2405 5520 hoc
2437 5462 2612 5520 supra
2645 5453 2704 5504 11
2744 5450 2880 5520 Apr.
2917 5449 3072 5506 Hier.
3108 5449 3180 5506 de
3212 5451 3331 5506 Scr.
3369 5446 3545 5518 Eccl.,
3576 5461 3707 5518 cap.

2067 5524 2152 5576 30.
2192 5519 2332 5576 Vide
2363 5519 2462 5576 lib.
2498 5519 2570 5578 de
2600 5521 2751 5576 Fest.
2789 5519 2986 5592 Apost.
