4004 6168
260 242 346 295 377
994 228 1594 292 MARTYROLOGIUM
1635 232 1775 291 CUM
1818 230 2343 291 ADDITAMENTIS.
2383 264 2453 277 -
2491 235 2693 293 MENS.
2738 236 2886 295 OCT.

323 365 471 422 Loth
508 362 830 436 prepbetae.

314 457 483 530 Apud
519 457 770 522 Cretam,
795 449 949 507 beati
982 449 1193 520 Pinyti,
1218 449 1371 504 inter
1402 447 1707 520 episcopos
1727 448 1888 505 nobi-

256 547 472 616 lissimi,
509 556 537 584 δ
570 544 668 615 qui
701 543 756 597 in
790 539 1030 611 scriptis
1063 538 1186 595 suis
1218 538 1376 595 velut
1407 538 1461 593 in
1487 538 1733 610 quodam
1764 553 1890 610 spe-

253 637 375 694 culo
406 635 706 691 viventem
740 629 828 685 sui
864 628 1100 700 reliquit
1134 627 1457 697 imaginem.

307 728 459 781 Item
493 721 645 795 apud
680 719 1160 791 Agrippinensem
1187 716 1639 786 urbem,natalis
1662 720 1890 773 sancto-

246 830 361 872 rum
396 814 720 882 martyrum
753 807 974 864 Mallosi
1004 812 1063 863 et
1094 805 1347 863 Victoris
1381 825 1392 860 :
1425 820 1670 876 quorum
1705 805 1884 877 prior,

241 918 362 962 cum
380 902 559 971 longo
573 903 837 970 tempore
852 897 1082 953 ubinam
1101 894 1368 967 sepultus
1392 895 1565 952 fuerit
1589 894 1882 965 latuisset,

241 996 448 1050 sancto
476 989 755 1062 episcopo
785 985 1169 1056 ejusdemloci
1200 1000 1274 1040 ex
1302 985 1494 1041 divina
1529 984 1885 1042 revelatione

238 1080 774 1139 manifestatusest.
793 1076 1274 1147 Cumquecorpus
1296 1074 1422 1144 ejus
1443 1089 1514 1130 ex
1533 1073 1662 1131 loco
1686 1074 1885 1131 abdito

233 1171 554 1237 levaretur,
593 1169 754 1223 tanta
795 1164 995 1220 odoris
1038 1164 1297 1220 suavitas
1336 1163 1646 1233 emanavit,
1692 1167 1755 1219 ut
1794 1177 1883 1219 as-

230 1263 432 1314 tantes
484 1255 691 1311 ﬁdeles
739 1253 900 1311 velut
946 1253 1206 1309 immensi
1251 1252 1532 1308 aromatis
1565 1252 1879 1323 fragrantia

230 1346 626 1419 replerentur.

292 1438 387 1492 Ita
409 1430 1489 1504 Britannia,bsanctiPauliniepiscopi
1506 1431 1876 1502 Eboraci,qui

228 1525 546 1582 ordinatus
568 1523 883 1594 episcnpus
907 1536 936 1576 a
961 1521 1132 1577 beato
1153 1522 1341 1590 Iusto,
1367 1520 1464 1590 qui
1489 1532 1516 1576 a
1542 1525 1746 1577 sancto
1771 1524 1880 1578 Au-

225 1614 493 1685 gustino,
528 1627 698 1684 quem
733 1612 942 1667 beatus
982 1609 1293 1679 Gregorius
1332 1609 1402 1665 ad
1444 1609 1875 1681 praedicandum

3541 249 3645 304 378

1918 359 1971 419 Α
1996 361 2161 431 jussu
2193 362 2507 419 Hunnerici
2541 364 2695 433 regis
2719 363 2935 425 Ariani.
2956 379 3061 435 pro
3084 365 3421 424 defensione
3443 369 3643 426 catho-

2000 454 2128 511 lica:
2151 453 2441 517 veritatis,
2463 455 2515 509 in
2547 452 2846 509 horribilis
2878 454 3055 508 eremi
3087 456 3356 511 exsilium
3380 458 3553 527 trusi,
3580 462 3640 513 et

1999 544 2152 601 inter
2171 547 2398 601 Mauros
2423 544 2818 600 ferocissimos
2842 544 3106 614 deputati
3133 548 3266 605 sunt
3285 562 3300 609 ;
3321 545 3472 600 inter
3494 560 3641 615 quos

1999 638 2167 689 erant
2200 634 2521 705 Cyprianus
2544 638 2601 688 et
2637 632 2795 687 Felix
2828 632 3103 704 praecipui
3129 632 3347 687 Domini
3373 632 3641 690 sacerdo-

1996 728 2108 779 tes.
2127 725 2169 779 E
2195 725 2408 793 quibus
2434 723 2665 794 plurimi
2686 737 2816 779 cum
2839 721 3162 778 crudeliter
3185 722 3562 789 minarentur,
3579 727 3636 777 et

1997 814 2295 870 hastilium
2327 814 2674 885 cuspidibus
2724 813 2794 868 ad
2839 810 3192 868 currendum
3232 825 3296 866 ac
3346 809 3639 881 lapidibus

1994 904 2408 973 tunderentur,
2441 903 2563 959 sive
2596 902 2793 971 ligatis
2827 900 3095 972 pedibus,
3142 899 3301 954 velut
3354 898 3638 955 cadavera

1996 1010 2100 1066 per
2135 995 2278 1050 dura
2311 999 2369 1049 et
2401 1008 2607 1064 aspera
2641 990 2766 1047 loca
2792 990 3187 1057 traherentur,
3213 991 3331 1043 tam
3357 990 3485 1043 atro
3505 1001 3640 1058 sup-

1996 1083 2168 1155 plicio
2202 1097 2303 1153 per
2337 1080 2563 1152 singula
2600 1080 2853 1135 membra
2889 1077 3193 1148 discerpti,
3218 1077 3351 1132 dum
3388 1090 3491 1148 per
3519 1074 3641 1145 gla-

1994 1174 2122 1229 dios
2138 1176 2344 1228 acutos
2370 1174 2664 1241 petrarum
2693 1168 2827 1225 huic
2851 1170 3028 1238 caput
3051 1165 3488 1233 conterebatur,
3507 1163 3637 1220 aliis

1992 1262 2177 1317 latera
2196 1260 2585 1328 ﬁndebantur,
2604 1260 2756 1313 intcr
2773 1272 2975 1312 manus
2991 1254 3345 1311 trahentium
3363 1253 3634 1325 spiritum

1991 1350 2363 1407 exhalabant.
2401 1350 2606 1403 Exstat
2642 1361 2745 1417 per
2774 1351 2963 1401 to'um
3007 1359 3274 1413 aggerem
3315 1341 3630 1413 publicum,
3696 1370 3699 1373 <

1990 1438 2234 1496 tumulis
2292 1437 2688 1509 loquentibus,
2724 1435 2868 1490 visis
2921 1433 3227 1503 sepultura
3271 1435 3627 1487 sanctorum.

2416 1530 2471 1585 F.
2516 1529 2591 1583 III
2632 1527 2792 1583 IDUS
2835 1522 3199 1581 OCTOBRIS.

2666 1620 2757 1679 (43
2809 1616 2955 1683 Oct.)

220 1703 552 1773 Anglorum
601 1700 760 1771 genti
803 1699 1119 1769 direxerat:
1147 1702 1528 1755 consecratus
1561 1698 1877 1770 episcopus
1908 1717 1961 1777 Β
2063 1707 2285 1764 Natalis
2300 1706 2455 1763 beati
2481 1703 2963 1778 Carpi,discipuli
2995 1696 3628 1774 ApostoliPauli,apud

225 1793 443 1861 fuerat,
494 1794 726 1862 gentem
775 1788 1409 1857 Nordanhumbrorum,
1459 1788 1568 1844 hoc
1613 1790 1704 1843 est
1751 1802 1875 1844 eam

222 1882 527 1938 nationem
549 1878 882 1950 Anglorum,
907 1892 1035 1948 quae
1067 1876 1136 1932 ad
1170 1875 1495 1947 aquilonem
1535 1877 1732 1933 Umbri
1776 1878 1877 1934 ﬂu-

223 1970 398 2027 minis
428 1969 761 2038 habitabat,
778 1983 908 2025 cum
932 1981 1068 2037 rege
1090 1982 1196 2023 suo
1219 1966 1460 2035 Eduino,
1476 1967 1717 2023 verbum
1741 1968 1873 2024 fidei

223 2058 610 2130 praedicando
639 2057 952 2114 convertit.
990 2058 1057 2112 Et
1088 2055 1283 2113 clarus
1320 2056 1460 2125 vita,
1495 2056 1782 2126 doctrina,
1816 2061 1876 2113 et

222 2147 552 2217 miraculis,
588 2162 642 2202 vr
672 2145 807 2202 ldus
838 2145 1111 2202 Octobris
1160 2145 1217 2200 in
1263 2159 1403 2216 pace
1450 2146 1691 2217 quievit.

694 2235 756 2290 D.
782 2236 826 2290 V
858 2235 1016 2291 IDUS
1047 2234 1407 2290 OCTOBRIS.

914 2326 998 2389 (Μ
1051 2323 1199 2391 Oct.)

296 2412 471 2486 Apud
494 2414 731 2470 Tarsum
756 2411 1121 2483 metropolim
1146 2410 1381 2481 Ciliciae,
1399 2409 1592 2468 natale
1607 2411 1873 2469 beatissi-

225 2517 452 2560 morum
485 2506 803 2573 martyrum
831 2500 1093 2569 Tharaci,
1120 2499 1292 2555 Probi
1317 2503 1378 2555 et
1410 2499 1721 2557 Andronici
1742 2520 1754 2554 :
1773 2501 1869 2571 qui

230 2593 640 2665 persecutione
662 2589 981 2648 Diocletani
1010 2589 1118 2645 sub
1141 2589 1384 2645 Maximo
1406 2589 1674 2660 praeside,
1700 2589 1871 2660 longo

238 2688 495 2755 tempore
513 2680 830 2739 carceralis
853 2679 1093 2751 qualore
1118 2678 1334 2749 afﬂicti,
1350 2682 1406 2734 et
1435 2679 1609 2735 tertio
1624 2678 1871 2736 diversis

243 2770 538 2826 tormentis
552 2773 609 2826 et
626 2768 931 2841 suppliciis
943 2766 1343 2838 examinati,in
1358 2767 1723 2825 confessione
1737 2768 1869 2824 fidei

251 2858 587 2930 triumphum
617 2858 822 2929 gloriae
856 2857 1050 2928 adepti
1084 2861 1240 2912 sunt.
1276 2857 1415 2912 Nam
1448 2858 1645 2913 nervis
1668 2858 1869 2914 crudis

256 2947 490 3015 graviter
517 2946 677 3016 caesi,
701 2951 759 3003 et
793 2945 965 3002 testis
997 2944 1336 3016 asperrimis
1367 2944 1660 3015 defricati,
1693 2945 1868 3001 etiam

260 3048 455 3105 papyro
484 3034 710 3091 ardenti
745 3034 900 3091 circa
930 3037 1191 3089 ventrem
1211 3037 1267 3089 et
1292 3032 1476 3090 latera
1501 3034 1716 3104 adusti,
1735 3039 1871 3105 post

260 3122 593 3179 maxillarum
606 3123 1084 3191 contractionem,
1104 3125 1236 3194 post
1263 3126 1549 3178 tormenta
1570 3122 1868 3192 tibiarum,

263 3217 374 3281 post
396 3212 540 3269 aceti
573 3216 633 3267 et
661 3211 884 3282 sinapis
916 3211 1155 3266 naribus
1189 3210 1709 3282 infusionem,post
1738 3212 1872 3267 obe-

259 3298 411 3357 liscos
442 3300 680 3371 ignitos,
725 3302 855 3372 post
889 3299 1271 3355 conﬁxionem
1322 3299 1634 3369 digitorum
1686 3300 1870 3357 clavis

261 3388 603 3458 acutissimis,
620 3392 752 3460 post
776 3387 1076 3444 oculorum
1099 3388 1654 3459 transpunctionem,
1675 3403 1741 3444 ac
1763 3387 1870 3444 lin-

260 3490 365 3547 guze
387 3477 826 3546 abscissionem,
842 3476 1155 3532 novissime
1179 3477 1234 3531 in
1258 3476 1687 3548 amphitheatro
1709 3478 1867 3534 ursis

261 3570 309 3620 et
332 3565 585 3624 leonibus
617 3564 862 3639 projecti
894 3569 1049 3622 sunt.
1075 3566 1184 3622 Sed
1212 3581 1341 3622 cum
1374 3564 1530 3621 nulla
1563 3580 1632 3621 ex
1658 3567 1868 3623 bestiis

260 3661 561 3713 sanctorum
590 3642 838 3726 corpora
871 3654 1112 3710 auderet
1139 3654 1765 3725 attingere,Maximus,
1784 3656 1868 3711 ira

260 3757 531 3815 accensus,
561 3744 735 3814 jussit
769 3758 872 3799 eos
906 3742 1099 3812 gladio
1124 3742 1380 3813 jugulari
1412 3747 1471 3799 et
1497 3759 1745 3816 corpora
1777 3759 1871 3800 eo-

258 3845 363 3887 rum
384 3832 530 3889 intcr
549 3847 799 3904 corpora
821 3831 1211 3902 gladiatorum
1230 3832 1454 3902 projici.
1473 3834 1659 3889 Noctu
1673 3836 1868 3889 autem

254 3921 524 3978 venientes
555 3920 779 3990 ﬁdeles,
811 3923 869 3975 et
911 3920 1298 3991 deprecantes
1330 3920 1632 3977 Dominum
1678 3924 1738 3977 ut
1782 3922 1871 3978 eis

255 4009 563 4066 ostenderet
588 4013 924 4065 sanctorum
948 4007 1243 4078 reliquias,
1262 4008 1532 4066 viderunt
1559 4009 1753 4066 subito
1775 4025 1870 4067 ve-

256 4094 326 4151 lut
336 4097 551 4155 stellam
566 4096 930 4169 splendidam
946 4096 1016 4152 de
1030 4096 1179 4153 coelo
1196 4097 1432 4153 missam
1448 4113 1625 4169 super
1639 4099 1867 4168 singula

253 4191 564 4244 sanctorum
594 4199 841 4257 corpora
870 4184 1245 4241 residentem.
1266 4187 1471 4257 Sicque
1492 4202 1621 4243 cum
1647 4187 1866 4257 ingenti

249 4275 437 4342 gaudio
468 4276 767 4348 rapientes
798 4288 886 4343 ea,
914 4275 1281 4346 pracedente
1305 4291 1367 4331 se
1392 4275 1651 4345 ejusdem
1678 4276 1869 4335 stellae

247 4362 555 4436 splendore,
579 4363 875 4435 gloriosos
894 4364 1113 4421 Christi
1135 4363 1388 4420 athletas
1410 4363 1538 4422 loco
1556 4366 1867 4437 aptissimo

244 4453 633 4512 condiderunt.

647 4544 708 4599 E.
743 4544 815 4599 IV
866 4542 1025 4599 IDUS
1073 4540 1432 4598 OCTOBRIS.

900 4632 953 4701 (4
961 4637 995 4686 2
1045 4630 1193 4699 Oct.)

304 4722 460 4793 Apud
497 4724 829 4778 Ravennam
869 4720 960 4776 via
1011 4721 1380 4791 Laurentina,
1416 4720 1628 4777 natalis
1679 4722 1865 4779 sancti

240 4806 445 4866 Edistii.

305 4899 459 4970 Apud
484 4898 759 4969 Africam,
775 4906 801 4936 ο
813 4903 1148 4955 sanctorum
1166 4898 1569 4955 confessorum
1585 4902 1641 4955 et
1656 4902 1868 4969 marty-

240 4996 355 5041 rum
375 4993 627 5058 quatuor
650 4986 889 5043 millium
916 4978 1335 5058 nongentor‘um
1352 4987 1720 5059 septuaginta
1739 5003 1862 5058 sex,

239 5075 325 5143 qui
369 5075 781 5148 persecutione
820 5077 1153 5145 Vandalica,
1203 5077 1354 5147 apud
1409 5076 1682 5145 Africam,
1734 5092 1865 5133 cum

237 5171 420 5222 essent
449 5164 835 5223 ecclesiarum
867 5166 965 5223 Dei
993 5166 1275 5237 episeOpi,
1300 5165 1625 5238 presbyteri
1657 5170 1713 5221 et
1749 5165 1869 5221 dia-

234 5262 419 5325 cones,
453 5254 768 5312 associatis
820 5255 927 5312 sibi
959 5254 1150 5313 turbis
1184 5254 1440 5311 ﬁdelium
1497 5254 1861 5326 populorum,

295 5386 331 5453 ξ
353 5378 614 5453 Hieride
645 5377 1133 5453 _S_crip_t._F.ccles.,
1170 5393 1296 5451 cap.
1349 5383 1435 5436 28.

225 5518 248 5573 ι
297 5449 446 5578 ξθὲθ
468 5449 836 5579 1[iistrAngL
872 5450 914 5506 Ι.
966 5455 1018 5521 2,
1051 5465 1101 5508 c.
1142 5453 1194 5520 9,
1244 5449 1334 5521 14,
1383 5453 1469 5520 16,
1526 5455 1610 5520 17,
1656 5454 1754 5516 20;
1806 5453 1863 5506 et

251 5560 265 5575 .
337 5562 353 5590 ,
420 5562 433 5576 .
544 5564 557 5577 .

1985 1796 2285 1853 Troadam.

2059 1886 2222 1958 Apud
2249 1885 2630 1955 Antiochiam,
2669 1883 2822 1940 beati
2852 1878 3285 1952 Theophili,qui
3320 1879 3525 1934 sextus
3557 1875 3629 1931 ab

1986 1975 2272 2047 apostolis
2305 1974 2583 2032 Ecclesiae
2617 1971 3017 2045 pontificatum
3049 1969 3262 2038 tenuit,
3296 1966 3404 2021 viri
3436 1963 3628 2021 erudi-

1983 2066 2196 2123 tissimi
2226 2066 2274 2122 τι.

2337 2159 2396 2213 C:
2430 2156 2668 2213 PRIDIE
2711 2154 2866 2209 IDUS
2907 2147 3267 2207 OCTOBRIS.

2430 2250 2438 2257 ”
2576 2252 2585 2263 ‘
2668 2247 2760 2307 (44
2790 2243 2938 2308 Oct.)

2053 2339 2275 2395 Natalis
2308 2337 2494 2394 sancti
2527 2332 2752 2392 Callisti
2779 2346 2960 2403 papae,
2984 2342 3004 2366 ο
3028 2329 3124 2400 qui
3150 2326 3303 2383 sedit
3328 2326 3381 2380 in
3404 2326 3628 2396 episco-

1983 2433 2119 2501 patu
2146 2442 2325 2484 annos
2350 2430 2595 2497 septem,
2612 2435 2843 2478 menses
2858 2421 3024 2488 duos,
3048 2417 3175 2474 dies
3199 2416 3420 2485 decem,
3437 2419 3489 2472 et
3516 2416 3626 2471 sub

1982 2517 2393 2590 persecutione
2429 2511 2740 2570 Alexandri
2774 2506 3145 2580 imperatoris
3200 2504 3461 2573 martyrii
3507 2503 3628 2573 glo-

1982 2607 2122 2662 riam
2151 2605 2401 2675 adeptus
2424 2606 2536 2658 est.
2558 2603 2874 2669 Postquam
2897 2597 3047 2652 enim
3071 2593 3463 2651 Palmachium
3498 2608 3628 2664 pro-

1979 2693 2299 2759 consulem,
2327 2706 2456 2747 cum
2489 2687 2640 2745 omni
2674 2687 2841 2743 domo
2873 2700 2976 2740 sua
3012 2681 3351 2754 baptizavit,
3377 2685 3434 2736 et
3461 2695 3625 2737 sena-

1980 2787 2169 2840 torem
2206 2778 2555 2850 Simplicium
2590 2775 2660 2832 ad
2694 2775 2925 2830 domum
2957 2772 3105 2840 ejus,
3132 2776 3190 2826 et
3215 2770 3460 2826 Felieem
3491 2783 3621 2825 cum

1981 2885 2162 2928 uxore
2187 2868 2423 2936 Blanda,
2443 2879 2611 2936 quam
2636 2878 2663 2918 a
2690 2861 2940 2934 paralysi
2962 2859 3210 2927 curavit,
3228 2862 3286 2913 et
3312 2857 3483 2912 iidem
3509 2856 3621 2927 ipsi

1980 2960 2051 3016 ab
2082 2957 2413 3014 Alexandro
2436 2951 2690 3008 universi
2715 2948 2914 3018 occisi,
2940 2947 3182 3017 gloriam
3208 2944 3467 3015 martyrii
3490 2959 3623 3000 con-

1901 3058 1950 3121 c
1983 3048 2167 3105 secuti
2201 3049 2373 3110 sunt;
2407 3041 2506 3098 sed
2528 3044 2585 3096 et
2612 3044 2919 3111 postquam
2944 3034 3292 3106 Calepodius
3313 3033 3623 3121 presbyter

1979 3138 2107 3208 ejus
2121 3134 2314 3205 gladio
2330 3129 2668 3199 martyrium
2685 3126 2956 3198 sumpsit,
2974 3127 3175 3180 tentus
3188 3125 3278 3178 est
3296 3123 3366 3176 ab
3383 3120 3624 3176 Alexan-

1980 3227 2105 3296 dro,
2132 3228 2190 3281 et
2214 3220 2546 3279 diutissime
2570 3218 2716 3273 fame
2740 3214 3060 3282 cruciatus,
3087 3216 3142 3267 et
3170 3210 3432 3281 quotidie
3458 3209 3624 3265 fusti-

1985 3316 2093 3371 bus
2124 3324 2317 3369 caesus
2345 3328 2359 3376 ;
2386 3313 2560 3378 atque
2594 3303 2950 3377 prohibitum
2985 3300 3090 3356 fuit
3124 3314 3194 3355 ne
3226 3298 3358 3369 quis
3389 3297 3459 3353 ad
3491 3312 3622 3353 cum

1982 3402 2206 3459 veniret
2235 3420 2250 3467 ;
2284 3399 2332 3455 si
2363 3411 2504 3454 vero
2536 3393 2748 3465 aliquis
2770 3391 2971 3447 venire
2995 3392 3168 3445 noctu
3190 3388 3625 3455 auderet,com-

1983 3490 2332 3562 prehensum
2349 3485 2710 3542 occiderent.
2728 3480 2834 3547 Qui
2854 3494 2984 3536 cum
3010 3475 3210 3532 multis
3232 3474 3441 3530 diebus
3460 3476 3622 3529 esset

1980 3561 2033 3633 in
2066 3576 2355 3643 custodia,
2382 3573 2541 3630 venit
2564 3572 2635 3628 ad
2659 3585 2789 3626 eum
2814 3562 3022 3625 beatus
3046 3563 3397 3635 Calepodius
3419 3576 3523 3634 per
3545 3561 3624 3617 vi-

1980 3683 2127 3737 sum,
2162 3671 2221 3721 et
2260 3662 2677 3720 consolabatur
2724 3672 2875 3725 eum,
2911 3655 3113 3710 dicens
3147 3672 3160 3707 :
3196 3652 3421 3707 Firmus
3469 3654 3619 3720 esto,

1980 3760 2166 3829 pater,
2204 3752 2337 3822 quia
2377 3763 2589 3807 corona
2630 3750 2730 3802 tua
2767 3746 2883 3814 jam
2924 3743 3184 3814 perfecta
3224 3742 3337 3829 est.
3372 3740 3511 3794 Erat
3544 3737 3622 3829 ibi
3666 3756 3675 3759 -

1979 3825 2146 3900 miles
2162 3841 2393 3912 quidam
2409 3836 2637 3894 nomine
2651 3834 2943 3901 Privatus,
2962 3830 3261 3886 ulceribus
3277 3826 3506 3899 plenus,
3524 3825 3621 3896 qui

1978 3932 2280 3989 doloribus
2331 3924 2624 3985 continuis
2670 3921 3065 3980 cruciabatur.
3099 3917 3201 3973 llic
3236 3916 3391 3972 misit
3440 3929 3505 3971 se
3551 3914 3621 3970 ad

1979 4022 2160 4094 pedes
2180 4018 2365 4076 sancti
2384 4015 2630 4083 Callisti,
2649 4014 2936 4083 rogansut
2957 4010 3191 4065 sanaret
3217 4021 3347 4063 eum
3371 4006 3443 4061 ab
3466 4004 3623 4094 ulce-

1978 4093 2142 4167 ribus
2164 4113 2221 4166 et
2246 4106 2551 4165 doloribus
2575 4103 2699 4160 suis
2719 4114 2918 4171 ;quem
2942 4112 3072 4154 mox
3097 4098 3338 4153 sanctus
3362 4093 3624 4165 pontifex

1978 4203 2049 4257 ab
2081 4200 2340 4257 ulcerum
2374 4196 2574 4252 dolore
2599 4209 2665 4248 ac
2699 4190 2980 4258 foeditate,
3007 4186 3176 4243 simul
3200 4189 3259 4241 et
3283 4186 3354 4241 ab
3379 4182 3624 4257 infideli-

1977 4294 2099 4346 tate
2132 4290 2185 4343 in
2220 4286 2448 4342 nomine
2499 4279 2886 4338 sanctissima
2924 4274 3227 4332 Trinitatis
3260 4272 3621 4344 baptizatum

1978 4377 2226 4436 curavit.
2244 4373 2408 4441 Quod
2430 4371 2673 4428 audiens
2690 4365 3035 4434 Alexander,
3055 4364 3242 4436 ipsum
3267 4360 3498 4431 quidem
3522 4360 3624 4415 mi-

1980 4467 2141 4523 litem
2177 4465 2310 4521 l‘ecit
2345 4460 2663 4534 plumbatis
2696 4457 2979 4523 deiicere;
3014 4456 3247 4510 beatum
3276 4465 3418 4506 vero
3455 4449 3622 4506 Calli-

1979 4560 2135 4613 stum
2171 4569 2274 4627 per
2306 4554 2429 4609 fenc
2441 4556 2621 4609 stram
2643 4550 2848 4606 domus
2868 4540 3244 4617 praecipitari,
3267 4543 3326 4595 et
3348 4539 3526 4609 ligato
3549 4537 3618 4593 ad

1979 4645 2191 4703 collum
2224 4643 2352 4714 ejus
2380 4657 2538 4710 saxo,
2562 4640 2616 4695 in
2642 4641 2880 4709 puteum
2904 4630 3181 4701 demergi,
3207 4633 3263 4685 et
3290 4628 3345 4683 in
3368 4642 3497 4683 eum
3518 4639 3620 4697 per

1980 4733 2191 4790 rudera
2227 4728 2532 4788 cumulari.
2567 4729 2706 4782 Post
2737 4724 2815 4779 dli
2837 4737 2865 4778 s
2897 4734 3036 4777 vero
3069 4719 3271 4775 decem
3303 4720 3360 4771 et
3393 4716 3617 4783 septem

1980 4823 2292 4892 presbyter
2314 4819 2442 4888 ejus
2464 4814 2733 4873 Asterius
2750 4827 2879 4870 cum
2902 4809 3138 4868 clericis
3160 4810 3335 4864 noctu
3354 4801 3614 4892 veniens,

1979 4885 2191 4964 levavit
2225 4885 2440 4979 corpus
2464 4894 2611 4976 ejus,
2633 4910 2693 4959 et
2713 4900 2983 4972 sepelivit
3018 4899 3071 4953 in
3102 4890 3437 4952 cmmeterio
3460 4885 3619 4943 Cale-

1980 4996 2153 5068 podii,
2188 4996 2279 5051 via
2313 4994 2566 5063 Aurelia,
2602 4991 2788 5064 pridie
2824 4990 2959 5045 ldus
3002 4983 3293 5042 Octobris.

2049 5064 2259 5141 Eodem
2290 5084 2402 5154 die,
2430 5082 2719 5139 trans'tus
2752 5078 2939 5136 sancti
2969 5074 3120 5132 Justi
3155 5073 3209 5126 in
3241 5080 3438 5123 eremo
3469 5084 3481 5121 :
3518 5064 3617 5138 qui

1975 5188 2105 5231 cum
2121 5172 2340 5243 aliquot
2357 5172 2522 5228 annis
2543 5172 2597 5226 in
2616 5185 2811 5228 eremo
2831 5164 3160 5235 Angelicam
3180 5156 3399 5228 egisset
3414 5154 3613 5227 vitam,

1976 5260 2260 5331 etdignus
2275 5250 2510 5319 adesset
2529 5250 3182 5330 ﬁnis,tantislaboribus
3197 5260 3437 5317 regnum
3453 5260 3620 5319 spon-

2046 5393 2071 5422 °
2098 5384 2245 5442 Vict.
2283 5386 2419 5441 Afr.
2453 5385 2488 5439 l.
2526 5398 2583 5438 ιι.

2045 5456 2075 5495 ά
2105 5457 2259 5513 Hier.
2296 5456 2366 5511 de
2398 5452 2611 5523 Script.
2645 5449 2796 5507 Eccl.
2831 5463 2957 5521 cap.
2993 5448 3079 5504 25.
3118 5519 3143 5523 ,μ

2046 5535 2071 5565 θ
2102 5528 2335 5598 Ροηιὶΐε,
2372 5540 2499 5595 cap.
2536 5527 2621 5579 17.
