4004 6168
379 220 485 276 379

1421 216 1480 273 8.
1524 212 1782 271 ADONIS
1821 207 2258 270 ARCHEPISC.
2301 209 2718 268 VIENNENSIS
3663 211 3758 266 »θθο

382 341 526 400 deus
546 338 828 398 caelorum
852 342 1030 410 atque
1052 338 1172 398 illis
1183 338 1300 411 jam
1323 339 1606 398 extremis
1629 343 1850 397 sanctae
1869 352 2022 395 com-
2051 333 2106 394 A
2135 333 2358 390 animas
2387 334 2656 391 emisere.
2680 333 2786 392 Ubi
2811 347 2996 405 usque
3028 332 3086 390 in
3114 330 3461 390 hodiernum
3483 329 3643 390 diem
3666 345 3755 389 non

381 427 684 500 migrantis
699 427 923 498 animae,
942 429 1089 487 ﬂens
1106 434 1594 487 etconsternatus
1612 435 1804 486 mente
1823 429 2023 485 Viator
2133 421 2350 478 desinit
2379 423 2635 494 ingentia
2669 423 2954 480 mirabilia
2981 423 3156 479 Iesus
3187 420 3461 478 Christus
3501 419 3757 477 Dominus

379 519 601 573 astaret
619 516 822 573 dicens
839 537 851 571 :
869 518 984 574 Cur
997 517 2024 590 me,Domine,derelinquis?respon-

380 604 542 661 disse
556 601 1521 677 dicitur,neconturbareturquasi
1542 608 1867 664 destitutus
1881 606 2026 664 sola-

379 692 482 763 tio,
501 693 634 763 quia
657 694 819 750 brevi
843 709 905 750 se
925 694 1026 752 illo
1049 710 1280 766 quoque
1305 696 1430 768 ipse
1453 701 1819 768 sequeretur.
1843 695 2022 762 Quam

383 781 588 852 utique
621 783 983 854 prophetiam
1024 799 1089 840 ac
1139 783 1552 842 revelationem
1606 785 1724 842 cito
1767 785 2022 842 transitu

383 870 743 928 sanctissimi
776 871 1000 930 invenis
1045 873 1295 930 ministri
1333 874 1461 944 ejus
1493 874 1588 945 qui
1621 874 1785 932 solus
1815 875 2024 931 ardore

385 958 518 1015 fidei
551 973 682 1015 eam
712 961 1113 1032 episcopatum
1148 963 1462 1032 fugientem
1493 969 1551 1019 et
1584 963 1770 1020 latere
1791 963 2026 1034 cupien-

384 1051 504 1104 tem
537 1053 776 1106 secutus
808 1051 1018 1120 fuerat,
1051 1056 1282 1108 constat
1327 1053 1510 1111 fuisse
1548 1053 1915 1126 completam.

845 1140 908 1195 A.
945 1139 1176 1195 IDIBUS
1216 1141 1573 1197 OCTOBRIS.

1063 1232 1155 1294 (48
1199 1231 1347 1298 Oct.)

2131 511 2382 583 cperari.

2453 584 2512 639 C.
2546 584 2664 640 XVI
2695 582 2991 639 KALEND.
3026 579 3454 637 NOV‘EMBRIS.

2817 675 2909 737 (47
2942 670 3090 739 Oct.)

2205 769 2440 831 Marthae
2471 764 2694 824 sororis
2734 759 2954 818 Lazari.

2203 865 2346 919 item
2367 856 2522 915 beati
2547 849 2860 920 Aristonis,
2886 847 2984 920 qui
3009 846 3113 906 fuit
3139 860 3291 903 unus
3308 845 3379 902 de
3402 842 3764 916 septuaginta

2135 951 2350 1010 Christi
2383 943 2690 1016 discipulis
2730 949 2773 997 °.

2206 1041 2346 1096 item
2375 1035 2527 1092 beati
2548 1030 2808 1100 ileronis,
2827 1029 2898 1084 de
2918 1042 3030 1098 quo
3050 1019 3648 1093 beatissimoignatio
3664 1033 3770 1092 per-

2133 1129 2293 1201 genti
2327 1126 2398 1182 ad
2427 1123 2761 1197 passionem
2793 1116 3115 1174 revelatum
3147 1118 3239 1170 est
3273 1112 3428 1184 quod
3473 1109 3772 1201 Antioche-

2136 1197 2264 1274 nam
2299 1219 2430 1288 post
2464 1227 2594 1268 eum
2629 1213 2904 1266 recturus
2926 1207 3087 1262 esset
3111 1201 3439 1260 ecclesiam.
3467 1201 3614 1256 Erat
3637 1197 3771 1254 enim

459 1315 519 1368 In
535 1312 963 1388 Galliis,ﬁapud
979 1289 1271 1374 Coloniam
1287 1289 2026 1390 Agrippinam,sanctorum
2137 1307 2227 1361 hic
2263 1292 3400 1392 ῠθειίίιηθνιδννίβιςξιθξίίιιξηιξμάίιθοοηυε
3429 1289 3773 1392 ξξΞΡίείξίξρυξ

389 1402 712 1460 Maurorum
746 1405 818 1461 de
849 1405 1132 1463 militibus
1165 1407 1218 1463 S.
1255 1407 1552 1464 Cerconis.
1579 1408 1685 1474 Qui
1709 1423 1781 1463 ex
1805 1408 2027 1479 legione

2154 1395 2350 1463 'actus,
2384 1391 2532 1446 viam
2557 1385 2821 1456 magistri
2847 1384 2980 1456 pius
3005 1382 3262 1438 imitator
3285 1379 3581 1479 sequitur,
3606 1379 3667 1432 et
3687 1389 3774 1448 pro

389 1504 553 1546 sacra
584 1491 979 1565 Thebaeorum,
1007 1511 1136 1552 cum
1159 1500 1362 1552 essent
1385 1511 1624 1552 numero
1649 1497 2029 1566 quinquagin-

388 1580 469 1647 ta,
504 1580 656 1650 apud
687 1580 947 1638 eamdem
992 1585 1192 1639 urbem
1245 1585 1582 1654 martyrium
1630 1599 2031 1641 consumman-

2138 1479 2540 1540 commendato
2570 1489 2747 1546 grege
2778 1476 3003 1531 amator
3043 1469 3261 1526 Christi
3299 1466 3607 1525 occubuit.

2209 1573 2271 1626 In
2303 1567 2519 1638 Falliis,
2546 1565 2784 1622 civitate
2811 1560 3112 1628 Arausica,
3135 1557 3324 1616 sancti
3357 1553 3641 1611 Florentii
3671 1553 3778 1626 epi-

391 1641 505 1734 tes,
536 1641 756 1724 conditi
789 1673 926 1726 sunt
959 1671 1013 1725 in
1045 1671 1306 1741 basilica,
1335 1641 1462 1743 quae
1493 1672 1817 1729 admirabili
1849 1687 2028 1746 opere
2056 1678 2110 1740 B
2142 1659 2325 1732 δουρί,
2359 1657 2457 1728 (ἰαί
2485 1653 2689 1714 munis
2717 1651 2915 1709 Clarus
2947 1647 3268 1704 νίνιυιίδυθ
3296 1645 3349 1700 in
3374 1659 3518 1746 ρξὀθ
3544 1641 3778 1716 (Ιιιίθνίιο

390 1756 693 1814 exmusivo
723 1759 1144 1828 quodammodo
1173 1760 1450 1818 deaurata
1475 1761 1812 1832 resplendet
1839 1781 1854 1830 ;
1879 1763 2032 1820 unde

389 1845 450 1900 et
473 1843 676 1901 incola
696 1853 933 1904 sanctos
954 1863 1165 1906 aureos
1187 1864 1288 1904 eos
1303 1850 1560 1907 vocitare
1575 1845 2026 1908 consueverunt.

461 1932 673 1989 Eodem
699 1935 790 1991 die
813 1937 966 2006 apud
991 1937 1350 2008 Lugdunum,
1369 1939 1561 1996 natale
1587 1940 1740 1995 beati
1764 1939 2029 1997 Antiochi

389 2019 672 2092 episcopi,
710 2023 805 2094 qui
853 2039 982 2084 cum
1029 2026 1218 2082 adhuc
1269 2029 1580 2098 presbyter
1630 2028 2031 2097 Lugdunensis

370 2112 572 2178 .esset,
602 2109 696 2180 pio
727 2110 1006 2170 incitatus
1027 2114 1234 2184 omcio,
1262 2116 1536 2186 usquead
1560 2116 1858 2172 visendum
1880 2117 2034 2188 epis-

392 2211 600 2267 copum
633 2212 826 2269 suum,
863 2201 918 2256 in
950 2217 1146 2259 eremo
1171 2203 1288 2273 jam
1322 2205 1678 2274 morabatur,
1707 2205 1934 2260 nomine
1971 2210 2030 2261 et

392 2285 620 2341 actione
645 2303 782 2342 vere
794 2289 1017 2358 Justus,
1039 2305 1284 2361 pergere
1304 2291 1492 2348 animo
1517 2293 1786 2350 intendit.
1805 2294 1904 2349 Vir
1917 2293 2033 2349 dis-

390 2372 666 2430 trictione
699 2377 1053 2448 przecipuus,
1071 2384 1130 2434 et
1162 2381 1258 2450 qui
1296 2395 1406 2435 non
1440 2381 1748 2448 immerito,
1767 2386 2032 2452 tempore

391 2459 704 2531 interjecto
728 2465 796 2520 ad
821 2464 1083 2534 ejusdem
1123 2467 1402 2538 pontificii
1435 2467 1662 2525 culmen
1693 2474 2034 2540 assumptus

391 2550 502 2606 est.
543 2549 668 2617 Quo
709 2557 951 2610 strenue
1007 2554 1437 2626 administrate,
1490 2570 1729 2625 regnum
1792 2555 2033 2614 caeleste

391 2638 641 2710 adeptus
673 2644 786 2696 est.
814 2641 1092 2712 Sepultus
1119 2643 1173 2698 in
1196 2643 1443 2702 ecclesia
1469 2648 1786 2716 martyrum
1815 2645 2034 2702 Macha-

392 2727 733 2798 baeorum,in
749 2743 857 2800 qua
872 2736 929 2786 et
946 2734 1405 2790 sanctuslustus
1420 2731 1745 2790 tumulatus
1760 2733 2030 2804 quiescit.

748 2819 806 2873 Β.
858 2820 1001 2876 XVII
1053 2822 1329 2878 KALEND
1369 2823 1676 2880 NOVEMB.

1077 2912 1170 2974 (46
1200 2911 1349 2979 Oct.)

2460 1757 2524 1812 D.
2565 1753 2656 1809 XV
2704 1749 3001 1806 KALEND.
3033 1743 3458 1803 NOVEMBRIS.

2821 1840 2913 1903 (I8
2955 1836 3102 1904 Oct.)

2212 1931 2435 1992 Natalis
2475 1930 2529 1987 S.
2566 1930 2734 1985 Lucas
2767 1923 3174 1996 Evangelistaa.

2212 2022 2424 2080 Eodem
2455 2020 2548 2077 die
2575 2017 2623 2087 ἀ,
2657 2015 2841 2073 sancti
2887 2011 3250 2085 Asclepiadis
3286 2009 3643 2069 Antiocheni
3675 2009 3785 2082 epi-

2141 2111 2320 2182 scopi,
2357 2109 2453 2180 qui
2487 2122 2635 2164 unus
2665 2105 2771 2162 fuit
2802 2119 2874 2160 ex
2907 2101 3190 2174 praeclaro
3238 2099 3651 2158 confessorum
3691 2114 3786 2158 nu-

2143 2215 2321 2268 mero,
2357 2197 2453 2268 qui
2488 2196 2598 2252 sub
2628 2193 2802 2250 Decio
2830 2191 3088 2262 gloriose
3119 2189 3274 2262 passi
3305 2193 3464 2246 sunt.

2214 2290 2354 2344 Item
2378 2288 2574 2341 Roma)
2597 2299 2654 2339 sa
2665 2287 2814 2339 nctaa
2833 2279 3194 2351 Triphoniaa"
3209 2277 3410 2334 uxoris
3425 2276 3586 2334 Decii
3605 2278 3790 2333 Cassa-

2141 2378 2245 2436 ris.
2264 2376 2422 2444 Quae,
2440 2374 2564 2429 viro
2579 2387 2684 2430 suo
2702 2377 2832 2443 post
2848 2367 3316 2426 interfectionem
3337 2367 3648 2423 beatorum
3672 2365 3791 2422 Six-

2142 2467 2184 2523 ti
2207 2470 2265 2522 et
2285 2462 2576 2520 Laurentii
2601 2460 2884 2518 divinitus
2908 2457 3129 2530 punito,
3150 2456 3316 2530 petiit
3343 2454 3787 2527 baptizaricum

2144 2554 2260 2611 filia
2285 2552 2439 2610 Decii
2473 2549 2707 2622 Cyrilla,
2735 2565 2766 2605 a
2796 2546 3028 2604 Iustino
3058 2547 3516 2618 presbytero;et
3551 2541 3668 2601 alia
3700 2543 3790 2600 die

2143 2644 2417 2702 defuncta
2451 2645 2566 2711 est,
2587 2654 2654 2696 ac
2676 2639 2842 2710 juxta
2877 2640 3141 2694 sanctum
3174 2631 3552 2706 Hippolytum
3588 2633 3644 2690 in
3676 2648 3795 2706 cry-

2145 2738 2241 2806 pta
2293 2729 2547 2804 sepulta,
2580 2728 2785 2800 quinto
2818 2725 3045 2782 decimo
3085 2723 3208 2780 Kal.
3243 2720 3612 2779 Novembris.

2424 2829 2488 2884 D.
2549 2827 2670 2882 XIV
2727 2823 3024 2880 KALEND.
3077 2818 3501 2877 NOVEMBRIS.

2821 2916 2914 2979 (49
2961 2911 3111 2980 Oct.)

461 2995 521 3086 in
557 2994 747 3053 Africa
778 2995 824 3066 δ,
859 2997 1052 3055 natale
1085 3003 1418 3058 sanctorum
1452 3005 1771 3072 martyrum
1812 3001 2033 3059 CCLXX
2064 3023 2114 3086 ο
2215 3005 2381 3080 Apud
2415 3002 2779 3062 Antiochiam
2799 3000 2977 3072 Syriae
3004 2998 3045 3070 ι,
3081 2996 3294 3056 natalis
3315 2999 3660 3054 sanctorum
3692 2996 3792 3053 Be-

393 3083 612 3154 pariter
642 3089 1052 3142 coronatorum
1083 3091 1141 3143 et
1175 3093 1510 3146 sanctorum
1544 3095 1860 3161 martyrum
1893 3091 2036 3147 Mar-

390 3171 535 3228 tiani
566 3176 624 3228 et
658 3173 966 3244 Satyriani,
995 3190 1124 3231 cum
1159 3176 1389 3234 duobus
1424 3178 1706 3234 fratribus
1737 3183 2032 3249 eorum,et

390 3259 644 3331 egregia:
679 3260 897 3319 Christi
931 3261 1159 3320 ancilla:
1191 3265 1449 3322 Maxima:
1481 3265 1742 3336 virginis.
1762 3265 1867 3332 Qui
1891 3269 2036 3322 tem-

391 3363 532 3419 pore
561 3350 910 3408 Wandalij
944 3353 1394 3423 persecutionis,
1424 3355 1534 3411 sub
1565 3354 1873 3412 Genserico
1897 3370 2034 3426 rege

391 3436 624 3507 Ariano,
651 3453 758 3510 pro
786 3441 1116 3496 constantia
1151 3439 1282 3496 fidei
1321 3441 1634 3498 Catholicae
1667 3443 1912 3514 primum
1937 3458 2036 3500 no-

390 3525 553 3584 dosis
585 3527 843 3584 fustibus
873 3529 1031 3599 carsi,
1065 3534 1122 3586 et
1159 3544 1345 3602 usque
1375 3532 1445 3588 ad
1478 3546 1613 3588 ossa
1648 3532 1866 3602 laniati,
1901 3549 2032 3590 cum

391 3614 574 3674 multo
591 3618 996 3690 temporetalia
1022 3623 1386 3692 paterentur,
1407 3621 1676 3693 sequenti
1694 3621 1786 3677 die
1801 3636 2034 3694 semper

391 3705 714 3765 incolumes
748 3709 1164 3768 reddebantur.
1200 3711 1340 3768 Post
1385 3711 1558 3768 etiam
1601 3711 1744 3768 dura
1775 3712 2034 3770 carceris

389 3799 660 3858 custodia
695 3800 971 3872 damnati,
996 3816 1127 3858 cum
1161 3802 1413 3860 fuissent
1437 3802 1646 3858 arctati
1680 3801 1736 3858 in
1769 3817 2029 3875 nervum,

389 3889 532 3946 mira
563 3889 665 3947 Dei
696 3890 937 3960 virtute,
975 3891 1294 3962 ingentium
1346 3891 1631 3961 lignorum
1684 3897 2033 3962 putrescens

389 3978 584 4034 soluta
615 3983 705 4034 est
742 3980 1042 4035 fortitudo.
1081 3980 1163 4034 Ad
1215 3981 1365 4048 quod
1409 3979 1750 4037 miraculum
1793 3982 2033 4038 Maxima

390 4065 608 4120 Christi
635 4066 846 4121 famula
873 4080 997 4122 suae
1018 4066 1278 4121 libertati
1303 4066 1564 4136 dimissa,
1583 4071 1768 4123 mater
1783 4073 2034 4140 postmo-

389 4151 526 4209 dum
560 4151 873 4209 multarum
906 4153 1190 4222 virginum
1239 4153 1337 4209 Dei
1390 4154 1616 4226 effecta,
1654 4155 1709 4210 in
1761 4157 2031 4214 veritatis

387 4239 754 4297 confessione
783 4240 1040 4312 gloriosa
1071 4243 1401 4300 consenuit.
1435 4243 1663 4315 Reliqui
1697 4244 1850 4300 inter
1885 4245 2032 4301 fero-

385 4328 656 4386 cissimos
681 4330 910 4386 Mauros
931 4327 1140 4386 exsilio
1163 4330 1428 4401 relegati,
1455 4348 1584 4390 cum
1609 4332 2026 4405 praedicatione

386 4431 492 4474 sua
525 4416 955 4475 multitudinem
987 4418 1370 4475 barbarorum
1403 4419 1635 4478 Christo
1666 4423 1904 4480 Domino
1944 4422 2030 4480 lu-

385 4505 534 4562 crati
561 4505 1008 4578 fuissent,jussu
1032 4507 1190 4579 impii
1215 4507 1738 4580 Genserici,ligatis
1755 4511 2026 4584 pedibus,

387 4600 520 4668 post
550 4599 716 4666 terga
748 4597 1010 4654 currenti
1059 4612 1110 4653 m
1143 4596 1578 4669 quadrigarum,
1607 4597 1759 4654 inter
1791 4600 2028 4670 spinosa

387 4687 514 4746 loca
556 4685 832 4743 silvarum
877 4687 1098 4757 pariter
1121 4686 1270 4755 jussi
1303 4689 1440 4742 sunt
1473 4685 1735 4742 interire.
1773 4689 2028 4758 Cumque

387 4777 564 4836 ducta
583 4779 760 4846 atque
779 4773 1023 4831 reducta
1047 4775 1308 4832 dumosis
1336 4775 1617 4846 lignorum
1634 4775 1856 4831 aculeis
1873 4775 2030 4832 inno-

388 4867 641 4925 centium
662 4879 906 4937 corpora
922 4870 1328 4936 carperentur,
1347 4864 1535 4922 vicino
1555 4865 1934 4923 currentibus
1949 4866 2030 4922 in-

389 4954 623 5014 domitis
644 4955 833 5028 equis,
849 4953 978 5010 vale
1001 4953 1113 5010 sibi
1134 4953 1379 5011 invicem
1401 4954 1490 5011 his
1504 4954 1702 5012 verbis
1717 4955 2026 5014 dicebant:

386 5041 608 5115 Frater,
634 5060 734 5102 ora
767 5059 872 5118 pro
904 5057 1032 5110 me;
1067 5043 1327 5116 implevit
1361 5045 1512 5100 Deus
1545 5043 1900 5104 desiderium
1933 5062 2031 5104 no-

389 5132 598 5186 strum.
613 5134 830 5190 Taliter
853 5131 1194 5206 pervenitur
1224 5132 1294 5188 ad
1329 5145 1568 5201 regnum
1591 5133 1892 5192 caelorum.
1914 5135 2030 5193 Sic-

389 5229 502 5287 que
524 5221 744 5278 orando
764 5227 822 5280 et
857 5220 1180 5296 psallendo,
1204 5219 1600 5292 gaudentibus
1631 5223 1874 5296 angelis,
1902 5225 2030 5297 pias

455 5338 911 5420 {gr-egeru’l‘ur.
945 5349 1018 5406 de
1063 5345 1218 5404 Glor.
1263 5359 1360 5418 m.,
1411 5359 1462 5403 c.
1513 5348 1600 5402 62.

455 5409 484 5448 δ
513 5409 664 5475 Vict.
699 5415 818 5469 Afr.
854 5414 951 5472 lib.
987 5433 1026 5475 ι.

457 5487 483 5520 ο
509 5461 1120 5556 Είιὶόῠῖῖ.ἰὗξ”οῖ’3ο.
1170 5461 1356 5560 ignat.
1395 5487 1569 5562 epist.
1621 5491 1708 5546 10.

2149 3095 2350 3165 ronici,
2387 3092 2655 3162 Pelagire,
2688 3093 2746 3147 et
2779 3085 3024 3147 aliorum
3066 3085 3452 3160 quadraginta
3485 3099 3718 3144 novem.

2219 3185 2359 3240 Item
2391 3181 2516 3254 ipsa
2551 3180 2663 3250 die,
2699 3177 2854 3236 beati
2883 3175 3204 3247 Ptolomaei,
3228 3175 3332 3233 sed
3360 3179 3419 3230 et
3447 3173 3608 3231 beati
3630 3174 3792 3232 Lucii

2145 3277 2486 3341 martyrum.
2509 3269 2616 3336 Qui
2641 3269 2852 3325 beatus
2872 3265 3246 3336 Ptolomaeus,
3273 3263 3742 3336 comprehensus
3765 3278 3795 3320 a

2145 3375 2259 3432 quo
2271 3361 2393 3416 iam
2426 3357 2788 3427 centurione,
2816 3357 3213 3426 interrogatur
3236 3352 3285 3410 si
3309 3352 3685 3410 Christianus
3707 3367 3800 3410 es-

2143 3433 3035 3516 set.ilocPtolomaaustanquam
3050 3445 3273 3500 amator
3284 3441 3801 3514 veritatis,nequao

2144 3552 2315 3609 quam
2349 3535 2589 3608 gloriam
2624 3527 2748 3592 suae
2779 3531 3160 3606 professionis
3187 3530 3516 3600 occultans,
3549 3544 3799 3603 percon-

2141 3627 2292 3683 tanti
2321 3624 2712 3682 Christianum
2746 3637 2811 3680 se
2842 3636 2974 3680 esse
2996 3621 3443 3679 confessusest.
3471 3621 3636 3678 Hunc
3659 3634 3798 3677 con-

2145 3716 2308 3772 tinuo
2331 3709 2598 3771 centurio
2618 3713 2671 3769 in
2691 3711 2924 3769 vincula
2948 3709 3223 3780 conjecit,
3239 3712 3297 3766 et
3321 3707 3508 3766 multo
3521 3712 3798 3782 tempore

2144 3804 2422 3877 squalore
2437 3801 2698 3860 carceris
2717 3803 3072 3858 maceratum
3089 3798 3162 3855 ad
3189 3817 3212 3844 ιι
3225 3797 3452 3854 ltimum
3465 3797 3802 3868 Urbicioju—

2144 3893 2258 3951 dici
2281 3891 2517 3950 obtulit.
2543 3894 2586 3946 A
2604 3905 2718 3962 quo
2740 3888 2915 3947 simili
2942 3887 3110 3945 modo
3129 3887 3234 3944 hoc
3257 3885 3442 3944 solum
3469 3885 3801 3959 interroga-

2142 3985 2240 4039 tus
2271 3986 2363 4038 est
2397 3980 2446 4036 si
2477 3982 2637 4036 esset
2669 3977 3074 4044 Christianus;
3106 3976 3204 4048 qui
3229 3989 3462 4032 rursum
3485 3975 3638 4032 tanti
3659 3975 3796 4032 boni

2143 4069 2255 4126 sibi
2278 4067 2574 4137 conscius,
2591 4065 2842 4122 divinam
2867 4063 3206 4135 religionem
3225 4079 3345 4136 prae
3368 4077 3432 4120 se
3449 4062 3611 4133 tulit,
3636 4069 3696 4121 et
3723 4065 3798 4122 de

2142 4155 2358 4212 Christi
2392 4153 2730 4224 magisterio
2752 4168 2817 4210 ac
2835 4153 3018 4210 totius
3039 4153 3170 4210 boni
3197 4152 3672 4210 institutionibus
3695 4168 3798 4225 pu-

2141 4244 2292 4302 blica
2313 4243 2644 4301 confession
2669 4263 2678 4278 -
2702 4247 2963 4299 testatus
2987 4246 3099 4298 est.
3127 4241 3233 4310 Qui
3257 4241 3410 4297 enim
3432 4245 3612 4312 negat
3635 4241 3796 4313 quod

2140 4337 2230 4390 est
2266 4333 2392 4390 sine
2423 4331 2600 4390 dubio
2629 4330 2946 4403 culpabile,
2974 4330 3198 4402 judicat
3229 4343 3364 4387 esse
3405 4329 3558 4400 quod
3593 4334 3793 4402 negat.

2143 4422 2427 4478 Continuo
2449 4435 2588 4491 ergo
2608 4425 2739 4493 post
2765 4420 3190 4477 confessionem
3215 4419 3288 4474 ab
3309 4419 3546 4476 Urbicio
3557 4419 3696 4476 duci
3705 4419 3800 4490 ju-

2141 4513 2332 4569 betur.
2355 4511 2564 4569 Lucius
2588 4515 2782 4568 autem
2807 4509 3040 4580 quidam
3060 4507 3429 4567 Christianus
3452 4507 3560 4578 vir,
3582 4507 3798 4566 videns

2139 4606 2254 4658 tam
2313 4606 2532 4658 temere
2585 4599 2758 4655 latam
2809 4597 3177 4666 sententiam,
3211 4595 3290 4652 ait
3333 4595 3403 4652 ad
3439 4595 3742 4654 l'rbicium
3777 4617 3791 4652 :

2141 4690 2308 4761 Quid,
2337 4703 2554 4762 quaeso,
2576 4702 2768 4744 causae
2789 4692 2904 4770 est,
2931 4687 3082 4758 quod
3110 4699 3298 4757 neque
3321 4683 3678 4756 adulterum,
3694 4701 3794 4742 ne-

2141 4793 2253 4850 que
2301 4781 2726 4849 corruptorem,
2779 4781 2876 4832 aut
2927 4775 3292 4846 homicidam,
3339 4774 3432 4831 vel
3477 4773 3791 4847 latronem,

2141 4871 2529 4939 raptoremve,
2545 4869 2644 4921 aut
2668 4864 2916 4922 alterius
2937 4865 3108 4936 cujus
3132 4863 3273 4922 libet
3301 4863 3576 4922 facinoris
3599 4877 3789 4934 reum,

2140 4955 2244 5012 sed
2277 4959 2499 5010 tantum
2534 4968 2638 5026 pro
2669 4953 2896 5010 nomine
2919 4953 3266 5024 Christiano,
3289 4952 3442 5024 quod
3464 4951 3575 5009 hoc
3598 4967 3665 5010 se
3697 4967 3799 5010 vo-

2140 5043 2350 5101 cabulo
2362 5057 2468 5099 con
2479 5043 2668 5099 fessus
2680 5046 2770 5098 est
2786 5041 3128 5113 nuncupari,
3147 5041 3217 5098 ad
3233 5045 3478 5099 mortem
3493 5041 3797 5099 hominem

2139 5131 2273 5190 duci
2298 5131 2633 5203 praecepisti
2647 5131 2802 5187 iNon
2816 5133 2948 5186 sunt
2970 5130 3092 5188 haec
3106 5130 3277 5203 digna
3294 5130 3389 5204 pio
3405 5129 3796 5204 imperatore,

2139 5236 2244 5279 nec
2269 5219 2706 5292 sapientissimo
2727 5233 2911 5291 puero
2933 5218 3052 5276 filio
3072 5219 3220 5291 ejus,
3239 5234 3428 5292 neque
3442 5233 3616 5277 sacro
3631 5233 3805 5280 sena-

2209 5345 2238 5385 ά
2270 5344 2412 5417 Vide
2443 5342 2942 5417 librum‘degFest.
2979 5346 3182 5417 Apost.
3218 5345 3429 5402 Euseb.
3461 5344 3505 5401 Ῑ.
3532 5358 3608 5415 vr,
3643 5359 3698 5402 c.
3741 5350 3803 5402 9.

2211 5424 2238 5456 ο
2267 5416 2346 5474 De
2375 5429 2441 5472 ea
2467 5413 2522 5487 in
2556 5413 2718 5472 Actis
2749 5415 2804 5471 S.
2837 5413 3134 5487 Laurent"
3179 5419 3248 5472 10
3279 5416 3424 5487 Aug.

2209 5488 2234 5528 τ
2263 5487 2474 5546 Euseb.
2507 5486 2550 5543 Ι.
2585 5500 2658 5557 Iv,
2691 5501 2744 5544 c.
2776 5489 2865 5544 16.
2896 5483 3044 5544 Rufi‘.
3087 5487 3172 5540 17.
