3992 6170
236 182 339 244 ’381
992 167 1598 232 MARTYROLOGIUM
1639 164 1781 223 CUM
1820 157 2348 220 ADDITAMENTIS.
2388 187 2460 199 —
2495 152 2697 213 MENS.
2742 150 2893 207 OCT.

3539 148 3647 205 382

238 317 306 371 tu
336 325 473 384 qua
503 306 645 379 agis,
680 302 895 363 Urbici.
920 300 1097 357 Atille
1120 296 1260 356 nihil
1285 294 1441 354 aliud
1464 290 1782 364 inquirens,
1809 292 1887 344 ait
1918 288 1973 349 A
2005 285 2077 340 ad
2106 282 2441 353 vigesimum
2474 277 2667 335 aetatis
2698 290 2819 332 sum
2850 286 3081 345 annum,
3117 278 3297 332 aestus
3324 278 3383 331 et
3416 274 3644 347 pluvias

238 403 313 461 ad
354 383 623 459 Lucium:
675 393 903 451 Videris
942 389 1077 448 mihi
1114 392 1172 445 et
1213 392 1277 443 tu
1329 383 1691 441 Christianus
1736 394 1882 437 esse.

240 493 504 560 Cumque
530 484 739 543 Lucius
760 478 1183 552 respondisset:
1207 477 1323 532 Hoc
1348 473 1516 545 plane
1541 488 1685 540 sum,
1712 472 1885 527 etiam

238 582 432 653 ipsum
467 575 601 634 duci
627 572 797 644 jussit
841 564 913 626 ad
946 571 1209 625 mortem.
1242 564 1368 653 Ille,
1401 563 1640 633 gratias,
1676 561 1883 631 inquit,

243 649 373 740 ago,
410 664 571 738 quod
616 676 706 718 me
752 655 1119 729 aequissimis
1159 652 1406 711 dominis
1446 650 1775 707 absolutum
1817 649 1887 706 ad

240 739 460 815 bonum
502 757 559 811 et
591 751 872 823 optimum
904 748 1157 813 Patrem,
1182 746 1241 798 et
1271 743 1484 811 Regem
1508 739 1761 796 omnium
1784 740 1890 795 Do-

239 846 461 903 minum
495 839 765 899 remittis.
801 836 910 893 Sed
951 838 1009 892 et
1042 832 1256 891 tertius
1277 830 1530 902 quidam,
1566 828 1690 902 pari
1722 827 1890 885 modo

239 935 526 991 libertate
556 945 716 997 usus,
752 926 875 999 pari
919 937 1148 995 quoque
1189 920 1477 979 sententia
1511 918 1747 991 punitus
1776 920 1885 974 est.

240 1024 405 1081 Passi
434 1024 572 1079 sunt
605 1022 798 1075 autem
830 1016 938 1072 sub
980 1012 1248 1082 Antonio,
1281 1013 1664 1080 cognomento
1685 1008 1805 1079 Pio,
1830 1012 1889 1064 et

240 1113 361 1170 ﬁilo
383 1111 533 1182 ejus,
558 1108 616 1163 hi
641 1105 797 1164 beati
824 1107 1128 1174 martyres,
1153 1105 1211 1157 et
1236 1098 1450 1172 sepulti
1473 1099 1625 1171 apud
1648 1097 1892 1155 Alexan-

241 1202 429 1259 driam
462 1194 835 1267 metrOpolim
867 1190 1116 1263 Egypti.

646 1305 703 1359 F.
747 1300 839 1357 XII
880 1299 1032 1355 KAL.
1078 1294 1500 1354 NOVEMBRIS.

930 1392 1020 1454 (20
1063 1385 1210 1458 Oct.)

306 1498 369 1551 In
405 1490 633 1560 Galliis,
667 1488 910 1546 civitate
946 1487 1202 1556 Agenno,
1238 1481 1423 1540 sancti
1457 1480 1713 1552 Caprasii
1746 1495 1893 1538 mar-

240 1583 386 1655 tyris
412 1600 426 1636 :
454 1580 557 1652 qui
582 1593 713 1636 cum
737 1575 955 1633 rabiem
982 1571 1407 1646 persecutionis
1426 1569 1725 1628 declinans
1751 1569 1894 1626 late-

242 1675 326 1729 ret
350 1672 408 1728 in
425 1667 732 1742 spelunca,
754 1665 997 1723 audiens
1012 1665 1242 1719 beatam
1259 1660 1450 1717 Fidem
1465 1658 1748 1729 virginem
1756 1674 1894 1732 pro-

242 1761 474 1818 Christo
500 1756 734 1815 fortiter
757 1753 1085 1825 agonizare,
1111 1750 1399 1807 animatus
1421 1748 1491 1805 ad
1516 1747 1886 1805 tolerantiam

243 1851 602 1925 passionum,
630 1845 816 1904 oravit
842 1845 913 1901 ad
936 1842 1237 1899 Dominum
1270 1842 1334 1896 ut
1367 1839 1412 1894 si
1437 1854 1542 1910 pro
1570 1844 1734 1895 certo
1757 1852 1886 1895 eum

240 1939 479 2011 dignum
502 1936 690 2009 gloria
714 1932 975 2004 martyrii
1003 1930 1315 2002 judicaret,
1340 1942 1415 1984 ex
1443 1927 1636 1999 lapide
1659 1926 1888 1999 spelun-

238 2044 318 2087 ca
340 2028 507 2086 illius
527 2040 677 2099 aqua
700 2021 1101 2095 limpidissima
1121 2021 1437 2076 emanaret.
1457 2016 1617 2084 Quod
1631 2033 1760 2073 cum
1784 2019 1890 2074 Do-

240 2118 433 2176 minus
458 2116 741 2174 continuo
772 2110 1165 2185 praestitisset,
1192 2105 1290 2162 ille
1318 2120 1561 2163 securus
1590 2105 1659 2161 ad
1695 2120 1887 2163 aream

237 2205 582 2265 certaminis
622 2201 977 2276 properavit,
1002 2204 1058 2254 et
1096 2195 1339 2270 palmam
1372 2194 1633 2265 martyrii
1657 2195 1888 2252 fortiter

238 2294 571 2353 dimicando
601 2289 945 2365 promeruit.

589 2400 652 2455 G.
695 2398 810 2454 XII.
852 2393 1150 2452 KALEND.
1185 2390 1607 2447 NOVEMBRIS.

929 2488 1015 2549 (24
1053 2480 1203 2551 Oct.)

307 2588 481 2663 Apud
512 2583 924 2653 Nicomediam,
968 2579 1180 2639 natalis
1219 2579 1312 2636 SS.
1356 2581 1677 2649 martyrum
1709 2578 1880 2647 Dasii,

235 2680 440 2749 Zotici,
471 2676 612 2747 Caii,
645 2690 775 2732 cum
805 2671 1109 2730 duodecim
1144 2668 1444 2726 militibus.

310 2768 527 2826 Eodem
558 2766 673 2834 die,
705 2763 889 2822 sancti
917 2762 1101 2834 patris
1131 2758 1314 2816 nostri
1356 2756 1686 2826 Hilarionis,
1717 2756 1884 2827 cujus

235 2859 419 2915 vitam
442 2857 826 2927 Hieronymus
853 2851 1175 2910 virtutibus
1204 2848 1431 2922 plenam
1464 2845 1666 2905 scribit
1699 2856 1745 2901 α.
1782 2846 1882 2902 Hic

234 2951 407 3007 ortus
433 2946 563 3004 vico
598 2944 876 3014 Thabata,
922 2940 1019 3012 qui
1057 2938 1295 2997 circiter
1334 2936 1590 3008 quinque
1628 2933 1808 2991 millia
1851 2948 1883 2990 a

232 3039 386 3096 Gaza
410 3039 560 3095 urbe
580 3007 906 3093 Palmstinaa
930 3007 1001 3089 ad
1026 3033 1299 3087 Austrum
1323 3007 1473 3085 situs
1493 3030 1602 3095 est,
1627 3040 1757 3083 cum
1789 3039 1887 3097 pa-
1915 3007 1965 3071 Ο

234 3131 439 3184 rentes
468 3127 715 3183 haberet
755 3121 927 3179 idolis
957 3119 1208 3188 deditos,
1242 3132 1394 3187 rosa,
1437 3120 1500 3173 ut
1533 3116 1767 3184 dicitur,
1812 3113 1884 3170 de

232 3217 421 3290 spinis
450 3213 672 3272 ﬂoruit.
701 3215 745 3268 A
772 3211 984 3283 quibus
1011 3209 1222 3265 missus
1244 3204 1672 3275 Alexandriam,
1697 3218 1885 3272 gram-

232 3305 451 3363 matico
483 3303 743 3360 traditus
771 3304 882 3370 est,
909 3299 1105 3369 ibique
1129 3298 1406 3367 quantum
1431 3293 1527 3350 illa
1552 3292 1886 3365 patiebatur

231 3401 398 3461 astas,
437 3406 645 3464 magna
670 3384 884 3460 ingenii
915 3392 971 3444 et
999 3400 1219 3443 morum
1243 3384 1587 3441 documenta
1612 3381 1879 3454 praebuit.

233 3484 429 3550 Brevi,
461 3482 678 3540 eharus
723 3477 1010 3547 omnibus,
1052 3479 1112 3532 et
1154 3472 1429 3545 loquendi
1470 3475 1596 3528 arte
1634 3487 1883 3542 gnarus;

231 3574 512 3647 quodque
535 3571 626 3628 his
643 3569 827 3640 majus
843 3571 932 3625 est
966 3565 1251 3633 omnibus,
1276 3563 1522 3621 credens
1562 3561 1619 3617 in
1647 3560 1883 3617 Domino

227 3665 364 3721 Iesu
384 3665 540 3731 ;tota
565 3660 647 3717 illi
673 3657 943 3719 voluntas
965 3657 1019 3712 in
1034 3653 1308 3712 Ecclesiae
1330 3650 1880 3721 congregationibus

228 3758 382 3811 erat.
423 3749 682 3807 Audiens
713 3750 905 3804 autem
937 3744 1171 3802 celebre
1203 3756 1407 3799 nomen
1440 3740 1693 3809 Antonii,
1727 3739 1881 3811 quod

227 3857 327 3915 per
363 3853 569 3898 omnes
596 3836 824 3908 Egypti
867 3834 1113 3907 populos
1152 3833 1473 3901 ferebatur,
1510 3830 1779 3886 incensus
1805 3827 1886 3885 vi-

229 3929 402 3988 sendi
432 3943 565 3985 eum
581 3926 796 3995 studio,
824 3922 1087 3997 perrexit
1113 3937 1177 3978 ac
1200 3934 1489 3985 eremum;
1515 3923 1571 3974 et
1597 3918 1795 3975 statim
1822 3922 1883 3975 ut

229 4034 361 4077 eum
385 4017 552 4085 vidit,
580 4020 803 4072 mutato
828 4011 1072 4086 pristino
1088 4010 1311 4079 habitu,
1337 4009 1566 4064 duobus
1590 4007 1885 4065 mensibus

226 4107 398 4178 juxta
421 4121 555 4164 eum
588 4103 815 4171 mansit,
849 4099 1270 4171 comtemplans
1289 4098 1549 4155 ordinem
1574 4097 1709 4152 vita)
1737 4096 1883 4169 ejus,

234 4209 581 4267 morumque
619 4193 1002 4264 gravitatem;
1047 4204 1217 4260 quam
1256 4189 1464 4244 creber
1504 4186 1560 4242 in
1597 4188 1880 4258 oratione,

232 4300 412 4357 quam
446 4282 685 4340 humilis
715 4282 768 4337 in
802 4277 1189 4352 suspiciendis
1225 4275 1524 4347 fratribus,
1559 4290 1797 4332 severus
1828 4275 1882 4331 in

1999 375 2193 433 brevis
2248 369 2665 442 tuguriunculo
2730 365 3062 435 declinavit,
3136 366 3289 437 quod
3350 365 3526 435 junco
3581 372 3641 426 et

1996 465 2187 522 carice
2216 467 2466 519 texerat.
2494 463 2723 519 Structa
2758 457 3035 527 deinceps
3061 455 3219 512 brevi
3247 454 3476 525 cellula,
3513 471 3641 527 quae

1998 569 2181 625 usque
2212 553 2383 609 hodie
2420 554 2737 624 permanet,
2773 546 3085 605 latitudine
3129 545 3336 616 pedum
3368 549 3636 615 quatuor,

1999 642 2308 699 altitudine
2332 641 2541 713 pedum
2558 640 2834 709 quinque,
2853 637 2959 692 hoc
2985 639 3074 691 est
3094 636 3317 689 statura
3335 647 3437 687 sua
3460 632 3641 689 humi-

1999 730 2162 801 liore,
2199 746 2371 803 porro
2403 726 2765 798 longitudine
2798 723 2971 797 paulo
3000 720 3278 793 ampliore
3312 734 3480 790 quam
3514 720 3640 789 ejus

1998 818 2407 892 corpusculum
2434 817 2785 890 patiebatur,
2812 818 2872 870 ut
2897 810 3229 883 sepulcrum
3253 807 3446 880 potius
3468 821 3638 877 quam

2000 910 2231 965 domum
2253 907 2543 963 crederes.
2571 903 2824 974 Capillos
2847 899 3093 958 semelin
3119 913 3266 955 anno
3291 896 3524 953 Paschae
3547 894 3642 952 die

2000 997 2271 1055 totondit.
2334 996 2518 1067 Super
2575 993 2787 1050 nudam
2828 991 3062 1047 humum
3105 987 3158 1042 in
3208 989 3398 1042 stratu
3433 984 3643 1054 junceo

2000 1102 2184 1157 usque
2225 1086 2293 1142 ad
2336 1089 2581 1141 mortem
2622 1080 2927 1138 cubitavit.
2973 1077 3213 1133 Saccum
3256 1088 3425 1142 quem
3467 1071 3643 1129 semel

2003 1177 2191 1232 fuerat
2227 1175 2482 1243 indutus,
2526 1184 2835 1241 numquam
2878 1168 3109 1231 lavans;
3152 1178 3256 1218 nec
3290 1162 3532 1218 mutavit
3568 1160 3647 1216 al-

2001 1279 2158 1320 eram
2194 1263 2468 1332 tunicam,
2494 1261 2599 1317 nisi
2633 1275 2762 1315 cum
2798 1257 2958 1329 prior
2990 1253 3226 1326 penitus
3258 1250 3440 1308 scissa
3464 1253 3640 1306 esset.

2002 1353 2361 1424 Scripturam
2380 1364 2609 1421 quoque
2636 1351 2894 1404 sanctam
2913 1341 3250 1399 memoriter
3268 1345 3492 1408 tenens,
3515 1341 3644 1410 post

1926 1647 1976 1707 Β
2003 1618 2194 1676 tribus
2217 1617 2379 1673 annis
2404 1615 2704 1673 dimidium
2726 1608 3231 1669 lentissextarium
3254 1604 3644 1662 madefactum

2005 1722 2154 1778 aqua
2187 1705 2393 1775 frigida
2437 1703 2721 1765 comedit;
2764 1700 2892 1757 aliis
2923 1698 3137 1767 tribus,
3178 1708 3386 1768 panem
3419 1692 3644 1749 aridum

1998 1811 2127 1853 cum
2156 1794 2278 1851 sale
2308 1798 2367 1851 et
2398 1808 2565 1864 aqua.
2600 1794 2783 1848 Porro
2815 1805 2845 1846 a
2876 1787 3155 1857 vigesimo
3183 1783 3433 1856 septimo
3458 1793 3644 1851 usque

1999 1884 2068 1941 ad
2110 1884 2495 1955 trigesimum,
2548 1880 2745 1937 herbis
2794 1876 3127 1947 agrestibus
3177 1876 3235 1929 et
3284 1869 3640 1955 vigultornm

1999 1954 2360 2044 quorundam
2387 1970 2684 2026 radicibus
2713 1966 2912 2023 crudis
2941 1965 3307 2021 sustentatus
3335 1963 3443 2016 est.
3471 1960 3516 2012 A
3538 1954 3639 2011 tri-

1997 2062 2214 2118 cesimo
2245 2064 2439 2118 autem
2473 2059 2660 2130 primo
2679 2069 2863 2126 usque
2897 2050 2966 2109 ad
2994 2049 3348 2107 tricesimum
3375 2046 3639 2117 quintum

1998 2165 2097 2207 sex
2140 2149 2342 2206 uncias
2398 2145 2704 2203 hordeacei
2749 2143 2935 2216 panis,
2980 2145 3040 2196 et
3079 2143 3311 2195 coctum
3352 2134 3639 2191 modicum

1997 2238 2126 2295 olus
2166 2238 2389 2307 absque
2430 2235 2557 2291 oleo
2599 2234 2653 2288 in
2688 2232 2820 2289 ciho
2872 2228 3094 2286 habuit.
3140 2224 3410 2282 Sentiens
3450 2227 3643 2278 autem

1996 2327 2251 2398 caligare
2265 2326 2465 2383 oculos
2487 2329 2544 2379 et
2569 2327 2757 2379 totum
2779 2314 3349 2390 corpusimpetigine
3376 2316 3433 2369 et
3467 2309 3647 2382 pumi-

1994 2430 2095 2473 cea
2128 2416 2372 2488 quadam
2403 2411 2780 2472 scrahredine
2822 2406 3120 2477 contrahi,
3164 2403 3233 2461 ad
3276 2399 3642 2473 superiorem

1993 2506 2211 2562 victum
2237 2503 2446 2574 adjecit
2473 2502 2685 2566 oleum,
2709 2503 2765 2555 et
2791 2511 2975 2569 usque
2995 2496 3063 2552 ad
3090 2491 3644 2562 sexagesimumter-

1996 2595 2138 2651 tium
2179 2595 2315 2650 vitae
2361 2607 2481 2649 suae
2531 2604 2762 2659 annum,
2807 2588 2919 2643 hoc
2960 2582 3338 2642 continentiae
3378 2579 3641 2637 cucurrit

1993 2682 2200 2753 gradu,
2245 2680 2388 2737 nihil
2427 2679 2798 2736 extrinsecus
2837 2678 2935 2730 aut
2980 2685 3300 2745 pomorum,
3344 2672 3442 2724 aut
3484 2667 3642 2737 legu-

1998 2772 2186 2841 minis,
2221 2773 2320 2827 aut
2350 2768 2665 2838 cujuslibet
2700 2764 2782 2821 rei
2814 2766 3075 2834 gustans.
3112 2760 3253 2816 Hinc
3283 2772 3414 2815 cum
3455 2771 3531 2814 se-
3559 2754 3643 2811 vi-

1998 2860 2163 2917 deret
2195 2872 2444 2930 corpore
2477 2854 2957 2925 defatigatum,et
2988 2849 3371 2922 propinquam
3404 2847 3640 2918 putaret

1994 2949 2292 3004 imminere
2320 2949 2585 3015 mortem,
2609 2959 2639 3000 a
2662 2941 3023 3012 sexagesimo
3047 2940 3256 3009 quarto
3284 2948 3433 2991 anno
3458 2947 3641 3003 usque

1995 3037 2065 3094 ad
2100 3035 2518 3107 octogesimum
2553 3046 2697 3105 pane
2730 3029 3033 3099 abstinuit,
3067 3022 3394 3083 incredibili
3427 3021 3647 3079 mentis

1998 3127 2244 3193 fervore,
2288 3127 2350 3181 ut
2396 3138 2465 3180 eo
2505 3126 2772 3193 tempore
2807 3118 2969 3191 quasi
3012 3129 3197 3172 novus
3234 3112 3541 3171 accederet
3583 3111 3639 3167 in

1995 3215 2337 3273 servitutem
2372 3211 2594 3268 Domini
2630 3226 2743 3281 quo
2774 3208 2963 3265 solent
3000 3204 3199 3262 cazteri
3233 3201 3532 3260 remissius
3560 3200 3642 3256 vi-

1995 3320 2151 3362 vere.
2185 3304 2382 3359 Flebat
2416 3306 2607 3359 autem
2631 3299 2682 3355 ei
2715 3299 2786 3356 de
2812 3297 2993 3354 farina
3017 3299 3072 3351 et
3105 3292 3459 3351 comminuto
3480 3290 3640 3346 olere

1999 3391 2450 3462 sorbitiuncula,
2475 3390 2606 3447 cibo
2620 3392 2677 3445 et
2702 3391 2840 3461 potu
2866 3387 2964 3442 vix
2993 3384 3248 3456 quinque
3274 3380 3475 3438 uncias
3505 3393 3641 3450 apo-

1996 3482 2403 3555 pendcntibus.
2442 3479 2648 3550 Sicque
2694 3474 2994 3548 complens
3031 3471 3293 3529 ordinem
3333 3469 3470 3525 vitze
3510 3483 3642 3524 nus-

1997 3587 2166 3644 quam
2199 3575 2332 3626 ante
2364 3568 2505 3626 solis
2536 3581 2828 3635 occasum,
2871 3579 2979 3619 nec
3012 3562 3065 3617 in
3101 3561 3309 3617 diebus
3339 3557 3504 3614 festis
3536 3571 3642 3614 nec

1997 3660 2051 3715 in
2082 3658 2421 3730 gravissima
2448 3654 2782 3713 valetudine
2808 3651 2976 3709 solvit
2996 3649 3298 3719 jejunium.
3337 3647 3519 3717 Igitur
3542 3661 3642 3717 po-

1993 3746 2356 3804 tentissimus
2379 3745 2434 3800 in
2457 3741 2772 3810 miraculis,
2798 3744 2854 3796 et
2879 3737 3189 3795 sanctitate
3219 3733 3638 3805 incomparabi-

1995 3836 2086 3907 lis,
2117 3834 2472 3904 octogesimo
2500 3830 2691 3889 aetatis
2723 3844 2840 3886 sum
2873 3841 3042 3896 anno,
3075 3840 3204 3880 cum
3238 3825 3448 3879 absens
3478 3825 3637 3879 esset

1996 3924 2314 3996 Hesychius
2343 3922 2463 3993 (qui
2495 3935 2626 3978 eum
2660 3933 2891 3990 semper
2928 3912 3372 3971 familiarissime
3403 3911 3635 3967 colebat

1998 4013 2160 4086 quasi
2193 4014 2248 4068 in
2281 4010 2616 4070 testamenti
2656 4009 2864 4077 vicem,
2910 4006 3145 4062 brevem
3189 4016 3355 4058 manu
3404 3999 3635 4073 prepria

1994 4102 2231 4175 scripsit
2274 4099 2602 4173 epistolam,
2648 4112 2849 4154 omnes
2886 4095 3099 4151 divitas
3135 4107 3270 4150 suas
3306 4090 3356 4148 ei
3390 4088 3642 4165 derelin-

1996 4208 2214 4264 quens:
2258 4188 2628 4259 Evangelium
2664 4186 2890 4242 scilicet
2929 4188 2988 4240 et
3027 4182 3283 4239 tunicam
3325 4179 3636 4248 saccinam,

1992 4279 2282 4338 cucullum
2302 4283 2359 4334 et
2375 4274 2692 4349 palliolum.
2710 4275 2912 4345 Itaque
2937 4271 3197 4329 modicus
3217 4268 3378 4326 calor
3400 4269 3641 4340 tepebat

231 4370 647 4446 corripiendis,
682 4370 875 4427 alacer
898 4368 954 4424 in
986 4364 1366 4424 exhortandis
1385 4369 1560 4432 esset,
1586 4369 1646 4419 et
1668 4369 1732 4420 ut
1752 4380 1885 4421 con-
1916 4372 1967 4432 D
1998 4369 2053 4425 in
2076 4372 2331 4440 pectore,
2358 4381 2464 4422 nec
2490 4368 2704 4437 praeter
2725 4376 2957 4420 sensum
2992 4360 3305 4431 quidquam
3337 4356 3452 4413 vivi
3486 4354 3637 4411 homi

234 4461 543 4520 tinentiam
573 4459 807 4530 cibique
851 4457 978 4528 ejus
1016 4454 1391 4527 asperitatem
1434 4454 1592 4510 nulla
1634 4468 1885 4525 unquam

232 4552 548 4609 inﬁrmitas
581 4550 896 4620 frangeret.
934 4548 1225 4603 Reversus
1264 4548 1457 4600 autem
1488 4558 1618 4600 cum
1650 4543 1886 4614 quihus-

236 4642 365 4698 dam
388 4639 685 4697 monachis
705 4637 775 4695 ad
803 4636 1069 4709 patriam,
1089 4632 1552 4706 parentibusjam
1568 4632 1879 4705 defunctis,

241 4734 466 4799 partem
510 4726 855 4785 substantiae
906 4722 1204 4789 fratribus,
1260 4728 1482 4793 partem
1528 4721 1883 4792 pauperibus

234 4814 485 4888 largitus
518 4819 629 4886 est,
662 4813 801 4871 nihil
836 4813 944 4872 sibi
976 4811 1208 4869 omnino
1229 4825 1487 4869 servans.
1523 4811 1656 4866 Erat
1690 4815 1880 4865 antem

233 4909 376 4964 tunc
405 4918 690 4963 annorum
714 4902 1063 4975 quindecim.
1103 4900 1192 4957 Sic
1223 4899 1415 4957 nudus
1444 4902 1502 4955 et
1534 4902 1793 4955 armatus
1824 4898 1880 4954 in

235 4995 469 5053 Christo
513 4993 892 5051 solitudinem
937 4991 1237 5062 ingressus
1275 4993 1384 5060 est,
1439 5004 1606 5046 sacco
1657 4991 1880 5045 tantum

231 5089 570 5157 coopertus,
587 5085 646 5138 et
665 5080 974 5154 pellicenm
998 5080 1218 5137 habens
1239 5078 1588 5150 ependyten,
1615 5081 1673 5134 et
1697 5082 1882 5135 tenat-

232 5176 355 5230 tem
368 5188 541 5246 quem
558 5170 641 5227 illi
667 5172 875 5229 beatus
896 5169 1186 5227 Antonius
1208 5166 1598 5241 proficiscenti
1615 5166 1878 5238 dederat,

235 5276 557 5334 sagnmque
580 5261 899 5328 rusticum;
922 5258 1252 5332 quindecim
1266 5261 1492 5314 tantum
1513 5255 1739 5313 caricas
1751 5259 1879 5327 post

234 5351 376 5410 solis
390 5364 663 5410 occasum
692 5349 1021 5408 comedens.
1038 5348 1266 5420 Igitura
1288 5345 1683 5406 sextodecimo
1696 5359 1881 5415 usque

306 5489 339 5518 ⁸
365 5479 598 5537 Hieron.
634 5486 684 5538 1.
721 5481 761 5535 l.

1996 4458 2084 4515 nis
2114 4459 2440 4530 supererat,
2472 4459 2531 4511 et
2564 4459 2753 4512 tamen
2787 4450 3006 4525 apertis
3038 4448 3222 4505 oculis
3253 4446 3633 4519 loquebatur:

1992 4547 2307 4618 Egredere,
2342 4547 2480 4618 quid
2502 4546 2716 4603 times?
2745 4541 3061 4613 Egredere,
3088 4539 3275 4595 anima
3310 4537 3446 4608 quid
3475 4533 3638 4593 dubi-

1993 4637 2126 4694 tas?
2157 4636 2534 4708 Septuaginta
2579 4647 2756 4706 prope
2798 4631 2961 4688 annis
3002 4628 3237 4688 servisti
3282 4626 3532 4695 Christo,
3577 4625 3634 4679 et

1994 4730 2237 4783 mortem
2259 4725 2472 4782 times?
2494 4725 2651 4779 Inter
2683 4723 2804 4779 haec
2827 4720 3004 4776 verba
3028 4716 3319 4776 exhalavit
3342 4713 3633 4786 spiritum,

1991 4816 2306 4887 statimque
2336 4810 2507 4870 humo
2538 4815 2803 4879 obrutus,
2841 4809 2974 4882 quia
3008 4808 3130 4880 ipse
3172 4807 3254 4864 s’c
3285 4816 3501 4869 omnes,
3539 4798 3637 4869 qui

1992 4904 2061 4960 ad
2094 4907 2472 4974 aegrotantem
2504 4905 2803 4970 venerant,
2839 4897 3127 4969 adjuravit
3170 4909 3236 4950 ne
3268 4894 3484 4964 puncto
3515 4887 3639 4959 qui-

1991 4993 2118 5049 dem
2135 4991 2290 5048 horae
2307 4994 2431 5063 post
2452 4996 2696 5046 mortem
2712 4992 3134 5045 reservaretur.
3152 4980 3313 5050 Quod
3332 4982 3636 5049 postquam

1990 5079 2299 5136 Palestina:
2342 5084 2578 5137 sanctus
2614 5077 2702 5134 vir
2735 5076 3070 5148 Haasychius
3098 5069 3341 5138 audivit,
3377 5068 3633 5139 perrexit

1993 5169 2144 5240 Cypr
2170 5183 2264 5237 :m,
2307 5172 2526 5225 etcum
2569 5166 2788 5237 ingenti
2829 5166 2965 5221 vitae
3015 5176 3133 5218 sua:
3182 5157 3463 5231 periculo,
3508 5159 3637 5229 post

1993 5257 2193 5314 decem
2220 5258 2398 5314 ferme
2429 5270 2672 5326 menses,
2699 5268 2912 5325 corpus
2932 5251 3056 5321 ejus
3081 5250 3306 5319 furatus
3336 5252 3444 5305 est.
3471 5245 3637 5314 Quod

1993 5345 2294 5418 Majumam
2322 5346 2377 5405 in
2407 5344 2715 5402 Palaestina
2740 5343 3029 5412 deferens,
3058 5338 3203 5400 totis
3225 5338 3637 5398 monachorum
