3992 6170
363 265 466 320 383

1415 256 1469 312 S.
1515 253 1774 311 ADONIS
1814 252 2251 310 ARCHIEPISC.
2294 251 2709 310 VIENNENSIS

3655 253 3754 308 38‘

362 395 419 448 et
450 387 792 461 oppidorum
818 385 1009 442 turbis
1034 385 1522 458 prosequentbus,
1552 385 1605 440 in
1631 384 1869 455 antiquo
1894 398 2008 440 mo-
2036 378 2089 438 A
2117 379 2374 460 Januarii
2406 375 2963 451 presbyterorum'et
2998 376 3394 433 Fortunatiani
3425 377 3484 434 et
3517 377 3756 449 Septimi

362 475 617 536 nasterio
638 477 932 541 condidit;
955 475 1134 533 illaesa
1150 477 1367 544 tunica,
1392 474 1626 531 cucullo
1644 479 1699 530 et
1723 474 1918 547 pallio.
1939 478 1996 529 et

359 572 486 625 toto
497 581 764 639 corpore,
783 566 944 637 quasi
961 566 1148 622 adhuc
1164 564 1409 634 viveret,
1429 563 1676 633 integro,
1706 563 2000 632 tantisque

362 658 658 727 fragrante
673 655 952 712 odoribus
975 659 1034 711 ut
1061 653 1385 709 delibutum
1412 651 1724 719 unguentis
1739 656 1995 722 putares.

431 746 642 802 Eodem
668 744 780 814 die,
807 742 1016 799 natalis
1047 741 1231 798 sancti
1258 739 1490 810 Asterii,
1528 741 1852 812 presbyteri
1879 737 2002 796 Cal-

360 834 514 903 listi;
548 835 800 905 quicum
830 847 1044 902 corpus
1077 829 1202 899 ejus
1235 829 1487 886 levatum
1521 829 1592 884 de
1625 834 1800 900 puteo
1840 843 2002 900 sepe-

358 923 546 994 lisset,
575 927 702 994 post
735 921 858 978 dies
891 935 991 978 sex
1023 918 1263 976 audiens
1285 918 1392 974 hoc
1418 917 1735 988 imperator
1759 917 2003 973 Alexan-

360 1012 484 1082 der,
520 1010 795 1083 praacepit
830 1025 960 1067 eum
994 1024 1098 1081 per
1131 1013 1360 1080 pontem
1405 1005 1782 1077 praecipitari.
1826 1005 2002 1075 Cujus

357 1114 576 1172 corpus
603 1100 898 1156 inventum
929 1103 1016 1154 est
1049 1101 1106 1152 et
1141 1111 1170 1152 a
1203 1095 1548 1167 quibusdam
1575 1093 1918 1150 Christianis
1945 1093 2000 1149 in

359 1189 562 1246 eadem
619 1188 856 1244 civitate
918 1185 1228 1258 sepultum.
1283 1183 1573 1254 Scriptum
1624 1183 1679 1238 in
1737 1181 2002 1254 passione

362 1278 546 1336 sancti
577 1277 796 1335 Callisti
831 1290 994 1347 papae
1025 1279 1114 1339 (4/:
1148 1275 1296 1342 Oct.)

430 1369 498 1423 Et
531 1367 656 1438 ipso
686 1367 799 1435 die,
831 1364 1114 1421 transitus
1153 1361 1339 1419 sancti
1383 1360 1632 1418 Viatoris
1671 1371 1698 1398 ιι
1741 1359 2000 1430 lectoris,

363 1457 418 1512 in
459 1469 656 1512 eremo
685 1455 916 1512 comitis
940 1453 1122 1508 sancti
1153 1450 1322 1508 Justi.

759 1545 822 1599 Α.
865 1543 933 1599 XI
976 1543 1129 1597 ΚΑΒ.
1167 1539 1590 1595 ΧΟνΕΜΒΗΙΞ.

1045 1633 1136 1692 (22
1177 1629 1324 1695 Oct.)

2107 470 2412 528 lectorum.
2431 469 2537 536 Qui
2557 469 2916 539 temporibus
2935 467 3299 537 Diocletiani,
3328 467 3383 522 in
3399 481 3504 523 sua
3517 467 3755 524 civitate

2111 560 2279 630 tenti,
2315 574 2344 615 a
2383 557 2762 628 Magnelliano
2802 561 3202 629 procuratore,
3237 556 3370 612 inde
3413 555 3616 613 multis
3661 556 3754 615 diu

2109 648 2358 704 vinculis
2388 651 2446 703 et
2480 646 2820 705 carceribus
2851 645 3150 715 macerati,
3181 649 3238 716 et
3275 645 3328 701 in
3362 645 3574 717 Africa,
3609 649 3667 702 et
3702 647 3753 702 in

2112 736 2573 808 Sicilia,tandem
2598 735 2652 791 in
2677 734 2967 793 occisione
2989 733 3165 803 gladii
3189 733 3572 791 consummati
3596 738 3753 792 sunt.

2113 827 2254 882 Sunt
2279 829 2471 882 autem
2497 824 2816 882 honorifice
2851 823 3233 896 sepultiinter
3265 823 3672 895 Carthaginem
3697 831 3754 880 et

2111 914 2519 971 Uticam.Felix
2534 913 2948 985 quinquaginta
2965 928 3066 970 sex
3080 926 3400 970 annnorum
3417 913 3754 984 obiitvirgo.

2489 1023 2550 1077 D.
2595 1020 2716 1077 VIII
2757 1021 2918 1077 KAL-
2959 1020 3379 1077 NOVEMBRIS.

2808 1112 2898 1174 (23
2933 1110 3080 1178 Oct.)

2184 1200 2242 1254 In
2269 1197 2747 1268 Galliis,civitate
2774 1197 3268 1266 Suessionenensi,
3296 1197 3508 1254 natalis
3529 1203 3760 1255 sancto-

2115 1305 2239 1346 rum
2275 1288 2520 1360 Crispini
2553 1291 2610 1343 et
2645 1287 3012 1358 Crispiniaui,
3051 1287 3144 1356 qui
3181 1287 3591 1358 persecutione
3633 1287 3762 1344 Dio-

2111 1377 2348 1433 cletiani
2372 1383 2432 1432 et
2463 1375 2818 1446 Maximiani,
2850 1375 2920 1430 ad
2953 1374 3250 1432 trochleas
3276 1375 3528 1446 extenti,
3561 1381 3621 1432 et
3650 1377 3762 1433 fus-

2113 1466 2274 1522 tibus
2302 1465 2457 1535 caesi,
2506 1468 2812 1536 postquam
2852 1463 3018 1534 digiti
3059 1477 3263 1520 eorum
3303 1463 3532 1521 subulis
3569 1467 3763 1522 trans-

2115 1554 2210 1610 ﬁxi
2236 1558 2388 1620 sunt,
2407 1558 2465 1609 et
2489 1555 2560 1610 de
2575 1555 2968 1610 dorsoeornm
2984 1551 3105 1608 lora
3123 1551 3384 1625 praecisa,
3401 1553 3469 1608 ad
3489 1553 3761 1610 ultimum

2112 1642 2632 1713 gladiotrucidati,
2675 1657 2946 1698 coronam
2977 1641 3560 1710 martyriiconsecuti
3601 1647 3759 1698 sunt.

429 1719 824 1793 Jerosolymis,
843 1717 1053 1775 natalis
1076 1717 1230 1773 beati
1262 1715 1434 1771 Marci
1459 1715 1580 1786 (qui
1607 1715 1828 1786 primus
1847 1716 1998 1771 Jrro-

2191 1731 2403 1787 Eodem
2447 1731 2539 1787 die
2579 1730 2986 1800 Petragoricas
3019 1729 3277 1800 civitate,
3322 1728 3535 1787 natalis
3571 1731 3760 1787 sancti

359 1810 597 1882 solymis
617 1825 688 1866 ex
713 1808 1006 1880 gentibus,
1033 1810 1164 1878 post
1187 1805 1494 1876 episcopos
1520 1819 1591 1860 ex
1620 1803 2008 1861 circumcisio-

357 1914 452 1970 ne,
484 1897 880 1956 sacerdotium
921 1895 1179 1953 civitatis
1221 1893 1379 1950 illius
1409 1892 1658 1964 accepit)
1699 1892 2008 1949 clarissimi

357 1991 417 2044 et
452 1985 770 2044 doctissimi
794 1985 924 2054 viri,
961 1999 1026 2040 ac
1059 1998 1170 2039 non
1204 1981 1387 2039 multo
1423 1984 1550 2053 post
1576 1981 1854 2053 martyrio
1877 1996 2011 2038 con-

357 2075 648 2132 summati.

430 2164 573 2220 Item
598 2163 785 2219 beatae
811 2161 1076 2229 Salomze,
1103 2175 1231 2231 quae
1256 2159 1312 2215 in
1344 2157 1653 2230 Evangelio
1679 2156 1892 2223 (Math.
1913 2173 2005 2228 xv,

361 2259 476 2321 xw)
513 2249 732 2320 legitur
762 2265 893 2306 cum
927 2249 1172 2320 reliquis
1206 2248 1426 2306 sanctis
1458 2247 1686 2304 feminis
1714 2247 1868 2303 circa
1903 2249 2010 2303 Do-

361 2340 496 2396 mini
520 2339 882 2411 sepulturam
911 2337 1184 2394 sollicita.

431 2428 598 2501 Apud
632 2425 1068 2498 Adrianopolim
1105 2425 1382 2494 Thracia,
1426 2425 1638 2482 natalis
1676 2430 2005 2508 sanctorum

359 2516 609 2590 Philippi
637 2515 917 2588 episcopi,
949 2514 1202 2583 Eusebii,
1237 2519 1294 2570 et
1327 2515 1634 2571 Hermetis.

770 2605 830 2660 B.
865 2605 928 2660 X.
973 2603 1128 2659 KAL.
1175 2603 1594 2660 NOVEMBRIS.

1047 2695 1139 2755 (25
1182 2692 1330 2761 Oct.)

428 2781 593 2853 Apud
628 2780 1033 2838 Anthiochiam
1068 2779 1264 2851 Syriae,
1301 2779 1496 2837 natale
1527 2781 1710 2838 sancti
1754 2780 2008 2838 Theodo-

359 2871 472 2928 reti
520 2869 550 2908 δ
583 2869 933 2942 presbyteri,
967 2869 1063 2940 qui
1110 2869 1522 2940 persecutione
1568 2869 1782 2926 Juliani
1824 2870 2006 2942 impii,

354 2960 464 3018 sub
495 2959 773 3032 prafecto
803 2961 861 3014 et
897 2957 1187 3015 avunculo
1220 2958 1348 3028 ejus
1383 2958 1631 3028 Juliano,
1675 2975 1804 3016 cum
1835 2959 1907 3014 ab
1941 2973 2009 3016 eo

2117 1821 2424 1877 Frontonis
2453 1819 2732 1892 episcOpi,
2768 1819 2864 1890 qui
2895 1821 3088 1876 Romae
3117 1834 3145 1874 a
3181 1819 3354 1876 beato
3394 1820 3573 1876 Petro
3607 1820 3766 1877 ordi-

2113 1914 2303 1980 natus,
2347 1925 2478 1967 cum
2521 1909 2769 1978 Georgio
2812 1909 3155 1980 presbytero
3197 1907 3267 1964 ad
3318 1907 3763 1980 praedicandum

2113 1999 2488 2070 Evangelium
2523 1997 2731 2054 missus
2764 2002 2872 2054 est.
2901 1998 3158 2069 Cumque
3196 1997 3371 2054 tertio
3401 1997 3495 2054 die
3530 1997 3767 2056 itineris

2114 2088 2264 2145 idem
2288 2087 2732 2158 Georgiusesset
2761 2093 3046 2155 mortuus,
3073 2101 3324 2144 moerens
3337 2088 3550 2144 Fronto
3567 2103 3768 2146 rever-

2111 2195 2212 2236 sus
2237 2183 2324 2234 est
2357 2179 2427 2234 ad
2463 2177 2827 2249 Apostolum,
2867 2179 3227 2248 acceptoque
3258 2176 3387 2247 ejus
3422 2176 3658 2248 baculo,
3683 2181 3767 2235 et-

2110 2283 2288 2340 super
2307 2282 2524 2338 corpus
2547 2266 3031 2338 defunctiposito,
3059 2266 3279 2323 socium
3303 2266 3374 2322 de
3397 2271 3768 2326 morterece-

2113 2357 2215 2430 pit.
2252 2357 2459 2427 Sicque
2511 2356 2578 2412 ad
2626 2356 2963 2427 praedictam
2996 2356 3293 2413 civitatem
3338 2355 3606 2428 veniens,
3653 2373 3768 2414 ma-

2109 2461 2280 2518 gnam
2313 2445 2508 2516 gentis
2540 2445 2698 2502 illius
2732 2444 3164 2501 multitudinem
3198 2445 3266 2502 ad
3303 2446 3598 2503 Christum
3629 2462 3768 2513 con-

2111 2535 2311 2605 vertit,
2346 2539 2405 2591 et
2440 2534 2638 2592 multis
2667 2535 2964 2592 miraculis
2993 2534 3206 2606 clarus,
3247 2535 3304 2591 in
3337 2550 3478 2608 pace
3509 2537 3764 2607 quievit.

2185 2625 2313 2696 Ipso
2329 2624 2422 2680 die
2444 2625 2659 2694 Romae,
2676 2623 2768 2680 via
2787 2623 3026 2693 Salaria,
3045 2619 3274 2694 natalis,
3292 2624 3692 2696 quadraginta
3707 2631 3768 2683 et

2112 2717 2248 2770 octo
2271 2712 2539 2783 militum,
2567 2727 2600 2784 q
2627 2713 2663 2767 lI
2700 2711 2873 2769 simul
2903 2713 3183 2784 baptizati
3214 2728 3243 2768 a
3279 2713 3452 2770 beato
3485 2714 3768 2786 Dionysio

2112 2805 2356 2875 papa,et
2383 2816 2532 2871 mox,
2551 2801 2795 2871 jubente
2820 2801 3078 2874 Claudio,
3106 2801 3456 2874 imperatore
3479 2803 3768 2862 deeollati

2113 2894 2265 2949 sunt.
2293 2891 2550 2958 Quorum
2571 2905 2822 2962 corpora
2846 2895 3021 2948 noctu
3042 2891 3406 2962 collegerunt
3433 2893 3650 2950 beatus
3673 2895 3770 2951 Ju-

2113 2981 2306 3037 stinus
2321 2980 2628 3052 presbyter
2641 2984 2699 3036 et
2712 2982 2980 3051 Joannes,
3005 2985 3063 3036 et
3079 2981 3440 3053 sepelierunt
3461 2981 3518 3038 in
3550 2988 3768 3055 crypta

356 3047 847 3103 Antiochenorum
871 3045 1118 3102 ecclesia
1143 3045 1410 3115 spoliata,
1428 3049 1485 3100 et
1511 3045 1764 3116 religiosi
1791 3047 1998 3116 quique

2127 3085 2244 3126 :um
2260 3045 2636 3126 multitudine
2660 3045 3216 3139 Christianorum,in
3241 3069 3328 3127 via
3353 3069 3575 3127 Salaria
3591 3045 3649 3128 in
3665 3045 3774 3129 eu-

355 3133 756 3231 ταῖδδέῗῧξθτίυδ
792 3137 1028 3231 ﬁrm”?
1061 3132 1335 3231 dispe_"3i’
1371 3133 1424 3231 i_"
1465 3133 1723 3231 Εθῆιίῗδίθ
1755 3134 2002 3231 31’0"“?
2041 3132 2085 3145 ν
2117 3173 2250 3215 vum
2275 3157 2633 3228 Cucumeris,
2659 3173 2760 3214 vm
2786 3156 2887 3214 Kal
2905 3132 3268 3230 Novembris,
3295 3159 3393 3216 ubi
3418 3159 3596 3231 positi
3621 3164 3771 3218 sunt

355 3221 562 3278 mansit
597 3219 944 3291 intrepidus,
980 3223 1078 3290 atq
1125 3233 1156 3274 e
1187 3221 1256 3274 ab
1288 3233 1358 3275 eo
1389 3221 1577 3276 teneri
1615 3220 1832 3290 jussus,
1872 3226 2002 3294 post

352 3309 588 3380 equulei
613 3323 860 3380 poenam,
889 3323 956 3365 ac
991 3307 1205 3364 multos
1227 3323 1292 3364 ac
1317 3309 1658 3366 durissimos
1679 3311 1998 3383 cruciatus,

352 3398 528 3454 etiam
553 3397 918 3469 lampadibus
947 3396 1101 3452 circa
1137 3395 1318 3451 latera
1358 3398 1657 3468 appositis,
1692 3398 2004 3456 inflamma-

353 3491 450 3542 tus
479 3488 588 3542 est.
608 3485 717 3540 Sed
749 3484 1042 3541 bisdivina
1057 3483 1276 3540 virtute
1292 3485 1759 3556 restinctis,cum
1788 3488 2003 3546 milites

357 3573 454 3646 qui
477 3588 576 3630 eas
597 3575 896 3643 tenebant,
920 3573 1255 3644 angelorum
1273 3578 1513 3646 aspectu
1537 3575 1731 3632 territi
1747 3577 2000 3634 ruissent

357 3662 412 3718 in
447 3663 670 3734 faciem,
696 3667 753 3719 et
787 3663 1100 3720 credentes
1122 3663 1177 3720 in
1203 3664 1452 3733 Christo,
1481 3664 1716 3736 impium
1744 3666 2004 3729 ministe-

356 3751 502 3830 rium
546 3755 906 3824 recusarent,
927 3751 1098 3822 jussit
1122 3767 1228 3810 eos
1253 3753 1516 3810 Julianus
1547 3753 1752 3826 pelago
1777 3755 2003 3811 immer-

353 3841 430 3913 gi.
467 3841 689 3908 Quibus
711 3843 918 3899 beatus
945 3843 1351 3900 Thoodoretus
1381 3843 1459 3898 ait
1489 3863 1500 3898 :
1530 3843 1866 3916 praecedite,
1895 3845 2004 3902 fra-

352 3933 505 3996 tres;
536 3945 644 4001 ego
675 3946 779 3988 vos
810 3945 1093 4002 superans
1130 3931 1422 3987 inimicum
1455 3947 1668 4002 sequar
1701 3932 1772 3988 ad
1821 3933 2004 3989 Domi-

355 4034 510 4075 num.
545 4019 752 4088 Sicque
782 4019 835 4072 in
865 4019 1229 4074 confessione
1254 4019 1595 4090 persistens,
1619 4025 1674 4074 et
1707 4021 2003 4092 propheti-

355 4120 426 4162 co
461 4105 671 4176 spiritu
715 4105 996 4178 repletus,
1028 4105 1257 4162 Juliano
1297 4109 1612 4178 Apostatae,
1647 4123 1816 4178 quem
1849 4111 2001 4181 apud

357 4193 655 4248 Persidem
691 4193 882 4250 divina
909 4193 1131 4250 ultione
1155 4194 1420 4266 incurrit,
1458 4195 1782 4267 praedicens
1805 4198 2004 4254 interi-

355 4285 500 4351 tum,
534 4281 823 4338 occisione
852 4282 1029 4353 gladii
1063 4283 1401 4354 martyrium
1431 4287 1871 4344 consummavit.

430 4370 490 4425 In
524 4370 834 4442 Hispaniis,
870 4371 1082 4429 natalis
1102 4378 1436 4429 sanctorum
1462 4373 1740 4430 Servandi
1772 4379 1830 4431 et
1864 4377 2000 4433 Ger-

357 4460 540 4516 mani:
569 4460 664 4531 qui
699 4465 828 4532 post
862 4463 1108 4518 verbera
1131 4461 1456 4533 squalorem
1487 4464 1760 4535 carceris,
1789 4468 1844 4520 et
1871 4463 1998 4522 sitis

358 4565 426 4608 ac
458 4549 625 4607 famis
656 4549 945 4621 injuriam,
988 4555 1045 4606 et
1088 4551 1405 4622 longissimi
1448 4553 1676 4610 itineris
1713 4553 1994 4624 laborem,

357 4654 526 4711 quem
552 4638 796 4710 jubente
820 4639 1053 4696 Viatore
1087 4641 1354 4712 praeside,
1390 4641 1546 4698 ferro
1577 4642 1767 4700 onusti
1805 4646 2000 4712 pertu-

2112 3251 2173 3303 et
2187 3246 2282 3304 alii
2299 3251 2586 3318 martyres
2597 3249 2832 3304 centum
2855 3246 3060 3317 viginti
3082 3252 3140 3304 et
3159 3263 3323 3305 unus.
3342 3249 3498 3304 Inter
3511 3261 3672 3320 quos
3687 3250 3774 3307 fn-

2113 3341 2283 3392 erunt
2308 3339 2562 3407 quatuor
2594 3334 2810 3392 milites
2843 3335 3080 3407 Christi,
3119 3335 3493 3407 Theodosius,
3519 3337 3768 3409 Lucius,

2114 3425 2342 3481 Marcus
2354 3428 2414 3480 et
2437 3425 2665 3482 Petrus.
2694 3424 2758 3480 Hi
2787 3424 3056 3482 videntes
3082 3425 3152 3482 ad
3174 3440 3236 3482 se
3258 3425 3455 3482 venire
3477 3431 3772 3498 armatos,

2114 3515 2399 3584 rogabant
2413 3517 2474 3570 ut
2491 3513 2660 3585 primi
2683 3513 3134 3572 decollarentur.
3153 3515 3442 3586 Scriptum
3467 3514 3522 3570 in
3538 3516 3777 3587 passio-

2114 3617 2184 3660 ne
2197 3606 2529 3660 sanctorum
2545 3607 2864 3674 martyrum
2879 3603 3043 3674 Sixti,
3055 3603 3346 3661 Laurentii
3359 3607 3418 3661 et
3432 3603 3772 3678 Hippolyti.

2500 3711 2560 3766 E.
2605 3710 2701 3767 VII
2741 3701 2896 3766 ΚΑΒ.
2941 3709 3362 3766 NOVEMBRIS.

2795 3802 2888 3868 (26
2927 3799 3078 3869 Oct.)

2186 3902 2351 3976 Apud
2377 3904 2646 3974 Africam,
2687 3902 2898 3960 natalis
2927 3907 3261 3960 sanctorum
3297 3906 3618 3974 martyrum
3643 3904 3780 3961 Bo-

2110 3992 2327 4063 gatiani
2363 3992 2708 4063 presbyteri,
2742 3997 2802 4047 et
2834 3991 3189 4063 Felicissimi,
3216 3991 3312 4063 qui
3346 3990 3779 4064 persecutione

2113 4081 2268 4136 Decii
2300 4085 2360 4137 et
2389 4081 2698 4149 Valeriani,
2736 4078 2956 4136 illustri
2989 4084 3128 4136 sunt
3160 4080 3438 4150 martyrio
3467 4081 3772 4138 coronati.

2114 4170 2191 4224 De
2208 4169 2418 4239 quibus
2431 4169 2604 4224 etiam
2619 4167 2826 4224 scribit
2851 4169 3060 4225 beatus
3074 4169 3394 4240 Cyprianus
3417 4167 3472 4223 in
3488 4168 3775 4239 Epistola

2113 4257 2182 4313 ad
2197 4257 2589 4326 confessores,
2615 4255 2704 4312 his
2725 4256 2952 4312 verbis:
2983 4257 3062 4313 Ut
3075 4257 3433 4328 sequamini,
3459 4256 3774 4329 inquit,“

2111 4343 2376 4402 omnibus
2392 4345 2796 4416 Rogatiauum
2795 4345 3210 4416 presbyterum
3213 4361 3256 4416 α
3264 4345 3545 4403 ωνὶοετωη
3552 4357 3776 4403 senem

2028 4436 2080 4495 D
2107 4433 2270 4490 ciam
2287 4433 2449 4490 vobis
2469 4433 2550 4490 ad
2561 4434 2826 4504 gloriam
2839 4433 3114 4506 temporis
3125 4434 3314 4491 nostri
3325 4433 3624 4505 religiosa
3643 4435 3778 4492 vir-

2111 4522 2233 4578 tute
2245 4521 2520 4578 etdioiita
2533 4522 2881 4593 diguatioue
2895 4521 3228 4592 facientem,
3244 4523 3353 4593 qui
3363 4535 3498 4579 cum
3509 4521 3780 4582 Felicis-

2105 4611 2254 4670 simo
2279 4611 2492 4684 fratre
2519 4612 2718 4670 nostra
2754 4611 2954 4682 quieto
2991 4624 3218 4684 semper
3263 4611 3326 4668 et
3355 4609 3554 4669 sobrio
3597 4613 3778 4670 exci-

359 4700 588 4793 lerunt';
624 4727 934 4786 novissime
965 4700 1226 4800 martyrii
1261 4700 1622 4802 suicursum,
1652 4700 2000 4786 ferro-caesis
2105 4700 2911 4802 "oﬁie‘ntisroﬂu"
2959 4701 3262 4802 impetf‘fm’
3589 4700 3780 4759 90m

354 4816 702 4889 cervicibus,
729 4817 1137 4889 impleverunt.
1164 4821 1244 4874 Ex
1269 4820 1479 4890 quibus
1501 4821 1821 4874 Germanus
1841 4819 2002 4874 Eme-

358 4905 486 4964 rita:
521 4906 688 4978 juxta
741 4908 968 4964 beatam
1010 4907 1289 4964 Eulaliam
1332 4923 1432 4979 sep
1480 4906 1627 4972 ltus;
1671 4907 2000 4965 Servandus

356 5009 496 5051 vero
527 4995 801 5069 Hispalim
845 4995 1188 5068 translatus,
1231 4997 1384 5053 circa
1428 4999 1659 5052 sanctas
1687 4997 1907 5052 Justam
1939 5001 1996 5053 et

359 5081 639 5141 Rufilnam
671 5085 948 5142 conditus
973 5090 1083 5142 est.

759 5175 817 5230 C.
862 5175 930 5231 IX
973 5175 1124 5231 KAL.
1168 5173 1586 5229 NOVEMBRIS.

1069 5266 1160 5328 (24
1201 5262 1327 5333 Oct)

431 5345 491 5400 In
534 5345 802 5419 Venusia,
850 5349 1090 5407 civitate
1129 5349 1371 5420 Apulize,
1417 5348 1626 5407 natalis
1666 5355 1998 5408 sanctorum

357 5433 564 5492 Felicis
583 5435 840 5510 episcOpi
864 5439 1540 5512 civitatisTubzocencis,
1565 5443 1621 5496 et
1640 5440 1918 5498 Audactis
1939 5444 1995 5497 et

425 5567 455 5599 ι
482 5560 564 5622 De
584 5559 697 5620 hoc
728 5561 786 5621 in
807 5562 938 5622 Vita
957 5564 1127 5638 Justi,
1152 5568 1188 5623 2
1215 5565 1372 5639 Sept.
1397 5567 1606 5626 Euseb.
1635 5566 1734 5626 lib.
1763 5580 1837 5638 Iv,
1867 5581 1918 5625 c.
1941 5570 1994 5624 7.

2109 4789 2434 4861 hospitium
2461 4790 2527 4845 in
2553 4800 2790 4846 carcere
2814 4789 3207 4861 preparavit,
3240 4789 3302 4845 et
3331 4789 3586 4846 metator
3617 4803 3780 4862 quo-

2107 4877 2415 4934 dammodo
2431 4879 2623 4935 vester
2648 4890 2805 4935 nunc
2831 4892 3066 4949 quoque
3090 4891 3191 4935 vos
3218 4877 3489 4935 antecedi

2181 4967 2665 5024 Commemoratio
2689 4967 2881 5038 agitur
2904 4967 3029 5040 ipsa
3053 4967 3145 5024 die
3169 4971 3506 5024 sanctorum
3529 4966 3782 5039 episeo-

2111 5069 2314 5126 porum
2355 5055 2588 5112 Vedasti
2630 5059 2688 5112 et
2730 5055 2989 5126 Amandi,
3038 5070 3284 5126 quorum
3325 5055 3446 5112 vita
3495 5059 3558 5111 et
3595 5068 3778 5113 mors

2111 5142 2377 5215 plurimis
2398 5143 2595 5200 existit
2631 5142 2928 5201 miraculis
2954 5143 3236 5214 gloriosa.

2539 5249 2594 5305 F.
2639 5249 2710 5306 VI
2749 5251 2902 5308 KAL.
2939 5249 3356 5307 NOVEMBRIS.

2792 5343 2882 5406 (27
2924 5339 3072 5409 Oct.)

2177 5446 2238 5502 In
2263 5444 2573 5518 Hispaniis,
2591 5445 2770 5502 Abela
2784 5447 3024 5504 civitate
3038 5447 3249 5505 natalis
3269 5452 3540 5504 sanctor-3
3552 5459 3604 5502 m
3621 5446 3786 5504 Vin-

2175 5568 2207 5632 .”
2239 5568 2463 5628 Sozom.
2489 5569 2588 5626 ΠΙ).
2622 5585 2675 5642 v,
2709 5585 2836 5644 cap.
2860 5575 2914 5628 7.
