4004 6168
185 276 279 331 385

932 269 1536 327 MARTYROLOGIUM
1575 270 1717 327 CUM
1758 269 2285 327 ADDITAMENTIS.
2331 302 2400 311 —
2438 271 2639 327 MENS.
2684 272 2833 328 OCT.

3481 277 3585 332 386

184 394 378 465 centii,
432 392 660 451 Sabinae
708 397 768 449 et
814 392 1153 464 Christetes,
1196 395 1292 467 qui
1344 395 1528 467 primo
1578 394 1721 452 adeo
1771 394 1827 451 in
1857 395 1970 454 Af
2006 394 2088 465 git
2122 389 2875 464 ecclesize‘multitudinem,
2908 400 2967 450 et
3019 396 3073 451 in
3125 396 3379 452 desertis
3417 362 3582 454 locis

186 484 438 555 equuleo
468 488 603 541 sunt
635 482 856 538 extenti
893 487 951 538 ut
986 498 1187 540 omnes
1216 499 1526 555 compages
1549 486 1833 539 membro;

184 590 307 632 rum
337 588 544 630 eorum
580 571 959 639 laxarentur;
994 572 1203 629 deinde
1232 573 1421 644 capita
1456 588 1656 631 eorum
1690 572 1833 644 lapi-

186 663 356 719 dibus
410 661 739 733 supposita,
788 675 972 732 usque
1023 660 1094 718 ad
1141 663 1548 719 excussionem
1600 663 1829 719 cerebri

185 751 395 809 validis
428 751 703 807 vectibus
755 754 891 807 sunt
944 755 1230 817 contusa;
1264 755 1438 821 atque
1488 751 1567 807 ita
1620 755 1832 821 marty-

188 841 331 898 rium
365 838 837 910 compleverunt,
860 842 1069 908 agente
1104 839 1353 910 praeside
1384 839 1649 896 Daciano.

254 928 471 986 Eodem
495 928 589 984 die
614 926 768 999 apud
800 928 933 997 Tyle
965 932 1245 998 castrum,
1274 929 1465 984 natale
1498 928 1686 985 sancti
1709 926 1833 984 Flo-

188 1018 357 1074 rentii
391 1016 689 1087 martyris.

252 1108 470 1176 Romae,
504 1105 755 1161 Evaristi
787 1116 814 1144 α
845 1120 1029 1178 papae,
1065 1104 1161 1176 qui
1196 1105 1347 1162 sedit
1381 1105 1434 1161 in
1486 1106 1831 1177 episcopatu

191 1209 368 1251 annos
402 1208 633 1264 novem,
668 1197 726 1250 et
763 1195 873 1251 sub
902 1193 1144 1264 Trajano
1175 1196 1453 1266 martyrio
1492 1197 1827 1265 coronatus,

192 1282 465 1355 sepultus
495 1287 590 1339 est
624 1282 680 1339 in
711 1283 1011 1340 Vaticano.

256 1373 477 1430 Eodem
511 1372 625 1443 die,
652 1371 847 1442 vigilia
873 1372 1271 1445 apostolorum
1298 1373 1543 1431 Simonis
1566 1377 1623 1430 et
1646 1372 1828 1431 Iudae.

602 1490 664 1545 G.
709 1489 948 1588 V.KAL.
1000 1489 1420 1546 NOVEMBRIS.

867 1590 959 1653 (28
1008 1587 1127 1643 Oct.
1126 1588 1158 1657 j

253 1691 478 1750 Natalis
512 1694 850 1749 sanctorum
884 1691 1129 1747 Simonis
1162 1694 1221 1746 et
1252 1691 1416 1747 Iudae
1441 1691 1487 1747 δ.

254 1784 472 1852 Romae,
509 1786 731 1838 sanctae
764 1778 1011 1853 Cyrillae,
1048 1779 1179 1836 filiae
1210 1780 1367 1835 Decii
1401 1779 1668 1850 Caesaris,
1704 1794 1831 1850 qua:

194 1873 296 1929 sub
328 1870 577 1928 Claudio
610 1870 873 1942 principe
898 1868 1165 1939 jugulata
1198 1873 1254 1924 et
1280 1872 1483 1924 necata
1505 1872 1596 1924 est
1618 1866 1831 1939 gladio,

195 1975 253 2017 ac
283 1960 520 2033 sepulta
558 1974 585 2015 a
617 1958 847 2015 Iustino
899 1959 1244 2030 presbytero
1290 1972 1418 2014 cum
1472 1961 1656 2014 matre
1706 1971 1831 2027 sua,

189 2050 345 2120 juxta
379 2052 655 2105 sanctum
688 2046 1077 2119 Hippolytum.

604 2167 667 2220 A.
703 2164 771 2219 IV
812 2163 967 2220 KAL.
1011 2162 1430 2219 NOVEMBRIS.

890 2265 979 2328 (29
1021 2261 1170 2331 Oct.)

260 2368 486 2425 Natalis
520 2368 677 2424 beati
710 2368 969 2424 Narcissi
993 2367 1527 2439 Hierosolymorum
1551 2368 1832 2441 episcopi,

198 2458 297 2513 viri
329 2458 676 2527 sanctitate,
711 2460 770 2511 et
805 2457 1106 2527 patientia,
1140 2471 1206 2513 ac
1238 2456 1349 2513 fide
1374 2455 1705 2514 laudabilis.
1734 2459 1839 2514 Ac-

203 2546 332 2604 cidit
363 2555 389 2584 °
420 2546 738 2617 aliquando
762 2545 816 2601 in
841 2545 933 2601 die
958 2544 1201 2602 solemni
1224 2544 1551 2615 vigiliarum
1576 2546 1834 2616 Paschas,

206 2634 385 2691 oleum
400 2635 612 2691 deesse
629 2633 1305 2705 luminaribus;cumque
1332 2634 1388 2689 id
1411 2650 1514 2705 per
1538 2634 1838 2691 ministros

209 2722 575 2791 innotuisset,
614 2737 830 2778 maeror
860 2722 1056 2793 populi
1094 2722 1378 2779 maximus
1404 2722 1509 2778 fuit
1536 2740 1549 2785 ;
1576 2723 1680 2778 sed
1704 2725 1841 2779 Nar-

212 2811 397 2868 cissus
427 2812 479 2866 in
512 2810 628 2866 ﬂdc
660 2810 979 2879 confidens,
1006 2811 1291 2866 ministris
1324 2811 1570 2881 imperat
1606 2812 1839 2868 haurire

216 2914 426 2969 aquam,
460 2899 692 2969 sibique
725 2899 985 2966 deferre;
1020 2914 1269 2971 cumque
1302 2900 1601 2969 tulissent,
1628 2901 1836 2971 oravit,

220 2992 271 3043 et
302 2988 590 3043 benedixit
624 3002 851 3059 aquam,
879 2992 936 3044 et
962 2988 1183 3045 infundi
1210 2988 1595 3045 luminaribus
1628 3003 1842 3059 praece-

226 3075 313 3146 pit.
342 3078 492 3133 Tunc
523 3082 767 3148 repente
801 3077 945 3132 miro
974 3083 1032 3132 et
1067 3076 1301 3133 saeculis
1334 3077 1596 3133 inaudito
1624 3091 1840 3147 genere
1872 3096 1923 3160 ο

227 3164 413 3235 virtus,
440 3170 646 3222 natura
682 3166 735 3220 in
771 3165 1177 3236 pinguedinem
1211 3165 1323 3221 olei
1356 3180 1545 3235 versa,
1571 3166 1839 3236 splendo-

231 3266 331 3307 rem
358 3254 633 3311 luminum
666 3254 842 3310 etiam
876 3253 1049 3309 solito
1081 3254 1337 3310 reddidit
1369 3254 1696 3311 clariorem.
1752 3254 1835 3310 Ad

231 3339 375 3397 fidem
404 3346 596 3399 autem
631 3342 735 3412 rei,
771 3357 802 3397 a
833 3341 1101 3413 plurimis
1140 3341 1548 3413 religiosorum
1592 3343 1836 3400 fratrum

233 3442 291 3484 ex
313 3431 501 3488 eodem
534 3430 684 3490 oleo.
711 3432 862 3502 quod
889 3445 1123 3487 versum
1147 3430 1217 3486 de
1240 3446 1386 3502 aqua
1414 3433 1623 3503 fuerat,
1651 3448 1840 3489 reser-

233 3522 398 3575 vatum
427 3526 538 3577 est.
571 3522 626 3576 ls
658 3535 904 3591 namque
935 3534 1065 3576 cum
1098 3520 1251 3576 inter
1291 3527 1502 3577 caztera
1553 3522 1837 3580 virtutum

236 3620 438 3665 suarum
474 3611 620 3667 bona
653 3614 815 3665 esset
848 3609 1015 3665 valde
1046 3611 1373 3666 constantis
1397 3611 1591 3682 animi,
1616 3614 1839 3683 etjusti

237 3698 470 3769 rectique
491 3697 990 3755 indeclinabiliter
1020 3702 1216 3765 tenax,
1244 3698 1476 3768 quidam
1506 3699 1754 3757 homunc
1783 3701 1840 3755 .li

240 3797 451 3855 nequam
485 3788 633 3844 male
668 3787 778 3843 sibi
811 3787 1051 3857 conscii,
1080 3792 1411 3844 metuentes
1436 3802 1504 3843 ne
1535 3789 1839 3845 criminum

240 3885 446 3931 suorum
478 3877 523 3933 si
556 3880 966 3946 arguerentur,
1004 3891 1113 3931 non
1147 3880 1386 3947 possent
1418 3876 1674 3946 effugere
1723 3877 1844 3932 vin-

237 3959 443 4034 dictam,
494 3965 858 4036 praeveniunt
910 3965 1263 4022 factionibus
1311 3970 1367 4020 et
1419 3965 1842 4022 circumvenire

238 4058 413 4119 parant
446 4067 596 4125 eum,
632 4054 801 4125 cujus
843 4054 1127 4124 judicium
1176 4055 1549 4111 verebantur.
1606 4055 1845 4111 Concin-

237 4145 354 4195 nant
384 4142 560 4212 igitur
590 4144 878 4200 adversus
910 4159 1039 4200 eum
1074 4144 1282 4201 infame
1315 4144 1461 4202 satis
1502 4148 1562 4200 et
1611 4144 1843 4200 noxium

238 4228 447 4286 crimen.
484 4232 845 4289 Conveniunt
878 4232 1215 4301 auditores;
1247 4236 1433 4289 testes
1460 4248 1532 4289 ex
1574 4233 1848 4305 semetip-

237 4316 306 4373 sis
331 4319 671 4392 producunt,
700 4321 794 4392 qui
830 4323 941 4378 sub
972 4323 1321 4379 sacramenti
1340 4324 1690 4394 juramento,
1719 4338 1847 4394 qum

237 4405 639 4475 objiciebantur
687 4410 1118 4468 confirmarent.
1174 4410 1428 4477 Quorum
1479 4427 1629 4469 unus
1675 4410 1848 4468 testis

238 4491 325 4565 ita,
356 4511 421 4552 ne
451 4498 565 4577 igni
598 4504 1063 4571 consumeretur,
1098 4514 1234 4555 vera
1278 4515 1338 4557 se
1372 4501 1568 4557 dicere
1602 4502 1857 4557 testaba-

238 4584 339 4638 tur.
364 4585 520 4645 Alius
549 4588 651 4658 ita,
679 4602 748 4644 ne
771 4588 932 4659 regio
963 4590 1163 4646 morbo
1194 4594 1701 4661 corrumperetur.
1724 4590 1855 4644 Ter-

239 4671 343 4729 tius
371 4675 461 4747 ita,
497 4690 567 4733 ne
601 4676 918 4734 luminibus
949 4679 1279 4735 orbaretur.
1316 4679 1381 4735 Et
1434 4678 1697 4750 quamvis
1751 4692 1854 4733 nec

234 4755 555 4827 iuramentis
587 4765 822 4836 quidem
854 4766 989 4823 istis
1021 4767 1328 4839 quisquam
1365 4767 1620 4824 fidelium
1653 4771 1712 4823 et
1752 4768 1858 4822 Do-

240 4849 430 4910 minum
460 4855 792 4911 timentium
824 4857 1116 4927 crederet,
1151 4872 1220 4914 eo
1252 4858 1405 4928 quod
1439 4858 1555 4914 vita
1597 4856 1855 4914 Narcissi

235 4941 287 4992 et
317 4940 623 5016 institutio,
659 4959 727 5001 ac
760 4945 1061 5017 pudicitia,
1089 4947 1161 5002 ab
1181 4946 1449 5004 omnibus
1472 4951 1857 5014 nosceretur;

239 5024 350 5098 ipse
378 5037 567 5090 tamen
600 5047 803 5091 eorum
836 5049 964 5107 quae
999 5040 1152 5092 mota
1187 5039 1323 5093 sunt
1358 5036 1763 5106 indignitatem
1793 5050 1861 5093 ac

240 5116 538 5180 molestiam
572 5137 685 5179 non
720 5124 935 5195 ferens,
971 5124 1143 5182 simul
1174 5130 1230 5181 et
1264 5131 1551 5183 secretam
1583 5141 1649 5182 ac
1682 5125 1865 5197 philo-

240 5208 513 5279 sopbicam
546 5212 726 5269 vitam
752 5227 983 5285 semper
1004 5214 1219 5271 habere
1243 5214 1605 5287 desiderans,
1633 5216 1865 5271 subter-

298 5336 627 5413 fguseb._l.
664 5349 747 5413 in,
783 5353 833 5413 ρ.
880 5341 966 5395 34.
1000 5339 1265 5413 Pontilie.
1300 5355 1427 5413 cap.
1460 5345 1511 5413 6.

296 5404 322 5444 δ
350 5406 486 5483 Vide
520 5410 621 5466 lib.
659 5404 742 5466 de
782 5411 933 5466 Fest.
990 5413 1188 5483 Apost.
1242 5412 1321 5468 De
1368 5404 1435 5467 ea
1488 5412 1543 5467 in
1592 5410 1863 5483 passione

234 5480 410 5553 sancti
441 5481 739 5553 Laurent.,
772 5486 843 5538 20
873 5485 1016 5553 Aug.

295 5556 320 5589 ο
345 5550 555 5611 Euseb.
592 5550 693 5611 lib.
725 5550 806 5626 si,
839 5568 890 5613 c.
923 5550 994 5613 78
1021 5556 1081 5613 et
1111 5558 1145 5612 9
1173 5550 1379 5611 Ruﬁln.

1941 489 2116 553 atque
2148 484 2352 554 agellis
2387 484 2807 541 secretioribus
2846 484 3143 540 delitescit
3194 486 3358 541 annis
3411 501 3583 556 quam
3636 488 3639 493 ’

1941 571 2229 643 plurimis.
2265 575 2334 628 At
2370 588 2478 629 non
2514 572 2611 628 ille
2646 585 2889 641 magnus
2922 572 3128 629 divinae
3178 573 3584 645 providentiim

1940 660 2148 717 oculus
2179 660 2427 731 quiescit
2464 660 2518 715 in
2551 660 2685 731 long
2713 676 2805 731 im,
2843 660 2945 717 sed
2978 660 3033 715 in
3068 661 3273 732 impios
3305 661 3583 719 ultionem

1944 764 2047 820 per
2080 764 2146 805 ea
2181 749 2304 820 ipsa
2339 765 2466 821 quae
2499 749 2607 805 sibi
2642 749 2697 805 in
2732 749 2983 820 perjuris
3033 753 3364 807 statuerant
3413 750 3586 807 male-

1943 837 2099 893 dicta
2146 838 2401 893 molitur.
2446 837 2675 894 Primus
2725 852 2970 908 namque
3020 837 3118 893 ille
3167 838 3355 909 testis,
3408 853 3585 910 parva

1943 926 2095 996 ignis
2131 925 2387 982 scintilla
2421 927 2610 983 noctis
2638 931 2902 998 tempore
2936 925 3105 983 domo
3137 941 3238 983 sua
3279 940 3581 998 succensa,

1943 1030 2072 1072 cum
2096 1015 2246 1071 omni
2270 1030 2484 1086 genere
2508 1020 2564 1070 et
2588 1015 2739 1070 omni
2768 1014 2977 1071 familia
3003 1014 3247 1071 flammis
3272 1015 3586 1073 ultricibus

1942 1104 2355 1174 conflagratur.
2393 1103 2555 1160 Alius
2587 1108 2826 1175 repente
2859 1105 2930 1160 ab
2962 1104 3092 1159 imis
3126 1103 3371 1175 pedibus
3403 1119 3587 1175 usque

1943 1192 2013 1248 ad
2041 1208 2324 1249 summum
2349 1194 2559 1265 capitis
2580 1194 2882 1264 verticem,
2902 1194 3102 1250 morbo
3126 1194 3304 1264 regio,
3333 1209 3446 1265 quo
3468 1194 3589 1251 fue-

1944 1285 2034 1338 rat
2059 1282 2433 1353 imprecatus,
2460 1282 2724 1353 repletur
2747 1287 2922 1353 atque
2954 1281 3333 1338 consumitur.
3359 1282 3589 1340 Tertius

1943 1375 2138 1428 autem
2174 1371 2430 1442 priorum
2461 1369 2703 1427 exitium
2736 1370 2957 1441 videns,
2984 1374 3043 1426 et
3075 1370 3304 1427 oculum
3329 1371 3585 1429 divinum

1944 1474 2055 1515 non
2082 1458 2329 1515 latuisse
2355 1458 2739 1530 perspiciens,
2757 1458 3006 1530 proripit
3030 1459 3085 1513 in
3111 1458 3259 1514 medi
3290 1474 3381 1530 2m,
3407 1463 3466 1515 et
3490 1473 3587 1515 au-

1945 1547 2241 1604 dientibus
2271 1550 2518 1617 cunctis,
2547 1561 2677 1603 sera
2703 1547 3064 1619 poenitentia,
3091 1548 3423 1605 universum
3454 1561 3589 1604 con-

1944 1637 2161 1693 cinnati
2188 1636 2433 1693 sceleris
2456 1637 2717 1692 ordinem
2741 1637 2961 1707 pandit.
2978 1637 3379 1695 Tantisautem
3405 1636 3590 1708 lacry-

1861 1746 1914 1806 B
1946 1725 2053 1781 mis
2085 1725 2351 1781 immanis
2383 1725 2675 1782 commissi
2709 1726 2933 1781 facinus
2965 1725 3161 1796 deflet,
3186 1730 3242 1781 et
3269 1726 3324 1781 in
3354 1729 3585 1782 tantum
3676 1780 3683 1787 .

1951 1814 2042 1869 die
2068 1819 2361 1885 noctuque
2386 1813 2665 1885 perdurat
2688 1814 2741 1868 in
2768 1813 3018 1884 ﬂetibus,
3038 1828 3340 1885 usquequo
3363 1813 3590 1871 lumini-

1948 1903 2055 1958 bus
2085 1904 2417 1959 orbaretur.
2452 1903 2517 1957 lli
2552 1902 2733 1971 igitur
2764 1903 3021 1971 figmenti
3054 1903 3140 1960 sui
3183 1902 3585 1973 hujuscemodi

1947 2007 2148 2064 poenas
2181 1992 2489 2047 dederunt.
2517 1991 2821 2047 Narcissus
2849 2005 2988 2047 vero
3020 2006 3150 2047 cum
3183 1991 3262 2046 ita
3288 1991 3584 2047 desertum

1948 2080 2239 2152 petiissct,
2266 2095 2331 2136 ac
2354 2079 2496 2135 locis
2517 2079 2935 2135 secretioribus
2958 2094 3019 2134 se
3044 2078 3383 2149 abdidisset,
3405 2081 3468 2134 ut
3487 2075 3585 2134 ubi

1939 2167 2056 2238 jam
2081 2169 2341 2238 degeret,
2360 2167 2554 2223 nullus
2576 2172 2917 2237 agnosceret
2946 2184 2960 2234 ;
2984 2167 3377 2224 necessarium
3400 2166 3585 2223 visum

1946 2261 2035 2314 est
2057 2257 2348 2329 episcopis
2369 2261 2432 2313 ut
2456 2256 2630 2313 alium
2656 2271 2759 2328 pro
2782 2257 2909 2328 ipso
2930 2256 3289 2327 ordinarent,
3307 2256 3473 2326 cujus
3492 2269 3605 2311 110--

1947 2362 2073 2403 men
2100 2351 2225 2403 erat
2253 2347 2407 2416 Dius,
2432 2346 2643 2417 cuique
2667 2346 2819 2417 (cum
2843 2360 3024 2417 parvo
3044 2350 3306 2416 tempore
3331 2344 3591 2416 praafuis-

1946 2440 2033 2492 set
2086 2436 2387 2506 Ecclesim)
2438 2435 2700 2492 succedit
2750 2435 3074 2504 Germanic,
3117 2439 3174 2490 et
3226 2433 3590 2491 Germanioni

1949 2524 2193 2581 Cordius
2219 2543 2233 2592 ;
2259 2540 2389 2581 cum
2413 2538 2549 2581 ecce
2574 2524 2770 2580 subito
2792 2523 2948 2582 velut
2982 2523 3279 2580 redivivus
3326 2522 3591 2595 coeloque

1949 2614 2218 2670 redditus
2241 2629 2313 2668 ex
2336 2613 2648 2684 improviso
2670 2612 2937 2685 apparuit
2964 2613 3370 2676 Narcissus;et
3386 2626 3593 2669 rursus

1950 2718 1980 2759 a
1998 2703 2277 2758 fratribus
2293 2703 2361 2758 ad
2380 2702 2810 2773 prsesidendum
2828 2707 3067 2773 rogatur
3078 2702 3363 2759 ecclesiae.
3379 2702 3590 2758 Verum

1950 2807 2080 2849 cum
2114 2792 2239 2863 ipse
2264 2792 2380 2862 jam
2413 2791 2575 2847 senio
2608 2793 2811 2862 fessus,
2848 2791 3222 2863 pontificatus
3273 2791 3593 2848 ministerio

1951 2880 2216 2938 sufficere
2242 2896 2350 2937 non
2380 2885 2594 2951 posset,
2621 2881 3012 2937 Alexandrum
3028 2881 3122 2950 qui
3144 2882 3260 2952 jam
3284 2880 3594 2952 episcopus

1951 2974 2105 3026 esset
2132 2970 2378 3026 alterius
2403 2970 2532 3039 loci,
2560 2969 2751 3025 divina
2778 2970 3139 3040 dispensatio
3162 2970 3217 3025 in
3241 2964 3594 3040 adjutorium

1953 3058 2109 3115 senis
2123 3058 2579 3114 cvidentissimis
2599 3057 3056 3114 revelationibus
3072 3059 3317 3114 vocavit.
3335 3056 3597 3129 Expletis

1960 3156 2154 3205 autem
2184 3153 2418 3203 centum
2451 3150 2510 3201 et
2539 3146 2830 3202 sexdecim
2863 3147 3045 3217 annis,
3082 3147 3284 3203 relicta
3318 3146 3455 3203 sede
3486 3145 3595 3218 ipsi

1961 3236 2307 3307 Alexandro,
2335 3236 2589 3292 fructum
2610 3235 2873 3291 laborum
2898 3250 3133 3292 suorum
3165 3251 3196 3292 a
3235 3235 3473 3291 Domino
3511 3246 3599 3291 re-

1958 3330 2133 3401 cepit.

2032 3421 2164 3490 lpso
2205 3418 2317 3489 die,
2353 3417 2507 3489 apud
2557 3416 2823 3473 Sidonem
2875 3416 3098 3485 urbem,
3149 3414 3362 3471 natalis
3412 3412 3599 3469 sancti

1959 3508 2191 3563 Zenobii
2222 3508 2249 3545 d
2282 3506 2636 3578 presbyteri,
2672 3505 2769 3576 qui
2801 3504 3209 3576 persecutione
3256 3500 3599 3558 Diocletiani

1962 3597 2239 3667 martyrio
2270 3599 2603 3652 coronatur.

2035 3686 2092 3738 In
2119 3683 2321 3753 Gallia,
2353 3683 2567 3738 Vienna
2590 3682 2851 3750 civitate,
2869 3679 3157 3750 depositio
3174 3678 3358 3735 sancti
3385 3692 3449 3733 ac
3473 3677 3604 3732 bea-

1962 3772 2169 3829 tissimi
2202 3770 2525 3840 Theodarii,
2553 3768 2783 3825 abbatis
2813 3772 2873 3824 et
2901 3767 3288 3832 confessoris;
3322 3769 3379 3821 et
3414 3769 3605 3820 trans-

1964 3861 2107 3917 latio
2132 3860 2314 3931 ipsius
2339 3859 2393 3913 in
2421 3858 2547 3914 loco
2574 3857 2667 3913 ubi
2694 3856 2911 3913 dicitur
2934 3855 3105 3913 vallis
3122 3854 3407 3926 Rupiana,
3425 3868 3480 3909 iv
3502 3854 3605 3908 Ka-

1964 3949 2166 4007 lendas
2193 3947 2552 4005 Novembris.

2355 4064 2415 4119 B.
2470 4064 2541 4118 Ill
2590 4063 2741 4119 ΚΑΒ.
2795 4060 3212 4119 NOVEMBRIS.

2642 4163 2734 4227 (30
2786 4160 2932 4229 Oct.)

2042 4272 2289 4331 Civitate
2301 4270 2622 4340 Tingitana,
2640 4268 2831 4339 passio
2853 4267 3038 4323 sancti
3052 4263 3612 4323 Marcellicenturio-

1971 4363 2081 4433 nis,
2101 4362 2196 4433 qui
2221 4360 2432 4431 capitis
2456 4357 2783 4415 abscisione
2810 4356 3149 4426 martyrium
3165 4353 3606 4425 consummavit,

1888 4456 1938 4515 D
1970 4452 2078 4510 sub
2111 4449 2417 4521 Agricolao
2449 4452 2657 4518 agente
2688 4447 2848 4503 vices
2878 4446 3286 4518 praefectorum
3312 4441 3605 4516 praetorio.

2039 4539 2205 4612 Apud
2240 4538 2510 4609 Africam,
2539 4536 2749 4593 natalis
2778 4539 3098 4607 martyrum
3131 4548 3371 4591 numero
3402 4532 3612 4589 ducen-

1965 4635 2156 4687 torum
2188 4632 2245 4684 et
2275 4627 2498 4699 viginti.

2039 4718 2205 4791 Apud
2250 4716 2633 4785 Antiochiam,
2670 4714 2823 4770 beati
2876 4712 3211 4786 Serapionis
3256 4721 3281 4751 θ
3328 4704 3606 4783 episcopi,

1965 4808 2184 4866 eruditi
2217 4806 2325 4865 viri
2357 4811 2415 4862 et
2452 4805 2564 4860 fide
2595 4803 2925 4861 clarissimi.

2283 4924 2341 4980 C.
2388 4922 2629 4979 PRIDIE
2667 4921 2822 4977 KAL.
2876 4916 3298 4977 NOVEMBBIS.

2656 5021 2741 5085 (34
2781 5020 2928 5089 Oct')

2043 5130 2256 5199 Romae,
2292 5126 2484 5185 natale
2516 5128 2672 5184 beati
2702 5126 2949 5184 Nemesii
2992 5121 3235 5190 diaconi,
3271 5122 3329 5174 et
3380 5116 3615 5177 Lucilla

1975 5217 2107 5275 filiae
2130 5217 2256 5288 ejus
2287 5218 2308 5257 τ
2338 5232 2483 5288 quos
2513 5222 2753 5275 sanctus
2780 5215 3040 5288 pontifex
3070 5207 3399 5281 Stephanus
3431 5207 3618 5282 bapti-

2043 5342 2071 5379 ά
2102 5341 2309 5414 Euseb.
2346 5342 2446 5399 lib.
2483 5358 2599 5414 vm,
2632 5357 2681 5399 c.
2718 5346 2804 5397 25.

2043 5421 2067 5450 ο
2099 5413 2306 5471 Euseb.
2344 5414 2441 5470 lib.
2477 5429 2530 5484 ν,
2565 5403 2615 5469 c’.
2652 5417 2720 5469 18
2750 5415 2807 5466 et
2825 5413 2926 5484 _21_.
2962 5406 3110 5464 Ruﬂ'.
3146 5411 3231 5464 19.
3267 5406 3501 5465 Hieron.
3543 5403 3616 5461 de

1974 5484 2185 5555 Script.
2222 5485 2397 5555 Eccl.,
2431 5480 2557 5554 cap.
2592 5487 2678 5552 41,
2714 5486 2773 5555 31
2799 5480 2940 5555 ρει,

2040 5556 2071 5596 δ
2098 5550 2179 5616 De
2209 5556 2301 5615 his
2327 5550 2392 5613 in'
2414 5550 2544 5613 Vita
2572 5550 2758 5613 sancti
2790 5550 3067 5627 Stephani
3095 5567 3279 5628 papas,
3313 5556 3349 5611 2
3377 5552 3522 5622 Aug.
