3992 6170
407 312 510 365 387

1444 300 1499 358 s.
1544 298 1804 359 anoms
1843 263 2281 358 ARCHIEPISC.
2325 297 2758 357 VIENNENSIS.

3694 301 3799 357 388

404 423 1364 498 zavit;QuippeipsumNemesium
1396 424 1704 483 diaconum
1729 422 2058 494 constituit,
2090 422 2146 485 A
2177 439 2409 499 semper
2423 423 2656 481 deserui
2677 420 3073 492 veritatem,et
3094 417 3270 479 effudi
3287 420 3626 492 sanguinem
3640 422 3800 479 inno-

404 514 770 587 temporibus
798 514 1086 571 Valeriani
1119 518 1176 569 et
1210 513 1451 570 Gallieni
1479 532 1494 580 ;
1528 514 1622 585 qui
1658 512 2042 570 decreverunt

402 608 463 660 ut
499 603 833 674 ubicunque
869 604 1065 660 invent
1112 617 1139 660 s
1172 602 1375 659 fuisset
1427 602 1743 673 Nemesius,
1778 602 1901 659 sine
1950 616 2048 657 au-

402 692 620 749 dientia
656 692 981 765 puniretur.
1017 690 1317 748 Nemesius
1349 695 1541 747 autem
1592 690 1806 747 Christi
1856 690 2044 760 gratia

401 781 732 852 roboratus,
760 780 1046 839 circuibat
1070 782 1323 851 eryptas,
1350 784 1406 835 et
1431 778 1674 836 concilia
1700 784 2040 849 martyrum,

397 874 461 926 ut
489 869 840 940 ubicumque
863 868 1178 940 reperisset
1195 868 1583 925 Christianum
1600 867 1850 939 aliquem
1873 880 2044 937 egen-

396 960 535 1028 tem,
556 962 748 1029 prout,
772 960 1021 1029 poterat,
1042 957 1111 1013 de
1128 955 1638 1013 facultatibussuis
1662 955 2037 1011 ministraret.

395 1046 646 1103 Veniens
674 1060 814 1103 vero
845 1045 899 1100 in
929 1045 1023 1102 via
1047 1045 1229 1116 Appia
1252 1044 1440 1101 noctis
1462 1044 1694 1102 silentio
1712 1044 1875 1114 juxta
1900 1047 2042 1099 tem-

394 1133 552 1205 plum
588 1134 806 1205 Martis,
844 1134 1127 1206 comperit
1158 1133 1524 1189 Valerianum
1555 1139 1613 1189 et
1647 1132 1950 1189 Maximum
1982 1131 2039 1188 in

394 1222 615 1295 templo
628 1222 829 1280 Martis
848 1223 1197 1280 sacrificare.
1215 1222 1407 1278 Flexis
1425 1222 1619 1294 itaque
1632 1222 1896 1292 genibus,
1913 1235 2040 1277 ora-

391 1310 476 1367 vit
501 1312 821 1383 Dominum,
851 1311 1049 1370 dicens
1077 1331 1088 1366 :
1114 1312 1371 1382 Domine,
1397 1312 1550 1368 Dens
1572 1316 1803 1367 creator
1823 1309 1955 1366 coeli
1978 1312 2037 1365 et

390 1403 589 1473 terrae,
608 1401 828 1473 dissipa
842 1401 1081 1459 consilia
1107 1402 1251 1458 artis
1276 1399 1578 1457 diabolicae
1602 1401 1657 1455 in
1684 1399 1909 1456 nomine
1934 1400 2037 1455 Do-

390 1490 528 1545 mini
561 1490 745 1547 nostri
770 1492 906 1548 Jesu
939 1490 1149 1547 Christi
1184 1489 1307 1546 Filii
1362 1489 1464 1560 tui,
1499 1504 1667 1562 quem
1720 1488 1927 1544 misisti
1980 1488 2036 1543 in

389 1576 542 1635 hunc
576 1580 872 1647 mundum,
904 1584 962 1635 ut
988 1578 1334 1650 resipiscant
1368 1579 1422 1633 hi
1456 1578 1717 1634 infelices
1744 1594 1774 1634 a
1808 1576 2033 1647 laqueis

390 1664 626 1722 diaboli.
655 1667 859 1724 Statim
893 1667 1073 1737 igitur
1104 1666 1381 1723 Maximus
1409 1666 1611 1723 consul
1638 1681 1667 1722 a
1693 1664 1922 1721 diabolo
1945 1680 2034 1722 ar-

2156 522 2405 586 centem,
2422 518 2479 571 et
2499 512 2594 583 jan
2621 511 2791 567 nimis
2812 512 3091 567 oneratus
3115 513 3291 581 atque
3312 509 3645 569 cumulatus
3670 525 3797 583 pec-

2155 605 2324 675 catis,
2362 602 2497 660 licet
2529 614 2657 659 sera
2683 596 3041 670 paenitudine
3064 597 3435 669 cognoverim
3460 598 3796 657 Creatorem

2154 710 2363 764 meum,
2388 689 2844 747 misericordiam
2866 687 3076 745 Christi
3092 686 3327 744 FiliiDei
3344 686 3594 760 adeptus
3610 706 3626 754 ;
3645 688 3796 745 hunc

2153 783 2349 852 timeo,
2401 781 2585 857 ipsum
2639 777 2835 849 adoro,
2889 776 2997 849 ipsi
3046 775 3268 833 cultum
3303 791 3443 833 mete
3489 777 3798 835 servitutis

2150 871 2362 937 offero;
2394 883 2522 925 nam
2554 866 2742 925 omnia
2775 864 2926 921 idola
2958 864 3185 937 lapidea
3218 868 3393 935 atque
3424 879 3573 922 :erea
3598 881 3796 925 manu-

2151 960 2302 1016 facta
2327 957 2554 1028 abjicio.
2574 958 2765 1013 Iratus
2789 953 3338 1024 Valerianus,jussit
3362 968 3491 1011 eum
3508 955 3563 1010 in
3580 955 3793 1028 privita

2152 1046 2419 1104 custodia
2439 1044 2755 1116 mancipari
2773 1047 2860 1105 :et
2885 1047 3014 1115 post
3040 1042 3280 1099 tertium
3305 1042 3455 1098 diem
3479 1043 3817 1113 exhibetur,

2150 1135 2454 1192 Valeriano
2476 1140 2537 1191 et
2558 1133 2834 1204 Gallieno,
2851 1136 2907 1187 et
2933 1131 3049 1187 filia
3071 1130 3199 1201 ejus
3222 1130 3439 1187 Lucilla
3463 1147 3634 1204 quam
3659 1139 3790 1191 ante

2150 1224 2335 1296 patris
2366 1222 2879 1293 interrogationem
2923 1222 3187 1277 fecerunt
3228 1221 3441 1294 puniri,
3476 1223 3790 1279 credentes

2148 1314 2299 1385 quod
2325 1314 2405 1371 sic
2432 1314 2764 1385 potuissent
2788 1311 3038 1367 animum
3060 1308 3217 1367 beati
3239 1310 3786 1369 Nemesiiemollire.

2149 1403 2256 1459 Sed
2286 1402 2427 1474 ipse,
2454 1403 2622 1473 cujus
2648 1400 2925 1456 interiora
2959 1399 3300 1471 possidebat
3341 1399 3593 1472 Spiritus
3625 1416 3791 1459 sanc-

2142 1494 2263 1560 tus,
2290 1491 2478 1547 laetior
2509 1490 2580 1545 de
2613 1489 2891 1560 martyrio
2922 1487 3057 1545 ﬁlia:
3088 1488 3298 1557 factus,
3325 1488 3380 1543 in
3421 1490 3789 1548 confessione

2145 1580 2356 1637 Christi
2381 1579 2680 1636 ardentior
2700 1578 2968 1634 eﬂicitur.
2993 1578 3060 1633 Et
3085 1574 3398 1635 cum'nullo
3420 1577 3589 1634 modo
3611 1594 3642 1635 a
3677 1579 3789 1636 fide

2144 1668 2359 1725 Christi
2393 1668 2548 1725 flecti
2580 1683 2711 1726 eum
2761 1681 2932 1739 posse
2978 1666 3268 1737 viderent,
3298 1666 3605 1738 jusserunt
3657 1682 3786 1725 eum

386 1753 623 1826 ripitur,
666 1760 724 1811 et
771 1770 975 1826 magna
1024 1769 1163 1811 voce
1211 1756 1463 1812 clamare
1512 1754 1689 1827 coepit
1732 1754 2030 1811 Nemesius
2057 1781 2111 1840 Β
2144 1757 2277 1815 duci
2303 1757 2373 1813 ad
2395 1756 2769 1829 supplicium.
2798 1755 3133 1813 Decollatus
3161 1768 3299 1813 vero
3338 1760 3425 1813 est
3469 1756 3558 1812 via
3603 1757 3787 1830 Appia

388 1841 752 1900 Christianus
797 1858 887 1900 me
942 1843 1221 1914 incendit,
1256 1844 1383 1914 ejus
1430 1843 1618 1899 oratio
1667 1858 1756 1899 me
1806 1843 2025 1914 aflligit.

385 1930 624 2002 Egressi
656 1947 797 1989 vero
829 1932 1061 2004 quidam
1093 1933 1163 1989 de
1195 1933 1431 2004 templo,
1467 1937 1783 1989 tenuerunt
1833 1934 2033 1989 Neme-

384 2018 554 2089 sium,
592 2024 648 2075 et
701 2021 837 2077 dum
887 2021 1258 2078 contumeliis
1306 2037 1435 2078 eum
1480 2021 1798 2093 aﬂlcerent,
1834 2022 2031 2078 subito

382 2107 663 2165 Maximus
686 2110 1029 2182 exspiravit.
1050 2113 1120 2166 At
1138 2109 1218 2165 illi
1234 2114 1502 2167 tenentes
1514 2111 1839 2168 Nemesium
1854 2111 2032 2168 duxe-

385 2202 521 2253 runt
536 2197 607 2253 ad
631 2197 1019 2256 Valerianum.
1038 2199 1304 2270 D.citque
1319 2199 1370 2256 ei
1384 2199 1728 2257 Valerianus
1746 2219 1759 2254 :
1777 2200 2024 2273 Nemesi,

387 2285 485 2342 ubi
507 2291 599 2343 est
624 2288 933 2359 prudentia
957 2294 1077 2360 tua,
1104 2304 1274 2360 quam
1297 2304 1527 2361 semper
1550 2290 1943 2360 cognovimus,
1969 2294 2028 2346 et

385 2374 441 2431 in
472 2376 734 2448 consilio,
769 2381 826 2433 et
861 2378 916 2432 in
948 2378 1178 2435 actibus
1199 2380 1222 2433 ?
1243 2380 1354 2435 Nos
1384 2385 1444 2434 te
1491 2380 1809 2450 hortamur,
1836 2379 2027 2449 cogita

384 2464 716 2535 veritatem,
753 2480 864 2521 non
897 2466 1137 2523 deseras
1169 2467 1309 2523 deos
1339 2481 1487 2538 quos
1520 2481 1753 2538 semper
1783 2469 1854 2524 ab
1886 2468 2029 2546 ipsis

382 2554 691 2610 cunabulis
712 2554 967 2611 coluisti.
994 2557 1295 2612 Nemesius
1315 2557 1592 2613 diaconus
1613 2556 1819 2627 plenus
1842 2557 2027 2627 lacry-

382 2642 491 2699 mis
524 2643 824 2715 respondit
860 2664 872 2700 :
908 2646 1025 2715 Ego
1056 2645 1289 2717 quidem
1318 2645 1520 2701 infelix
1552 2652 1728 2718 atque
1752 2650 2025 2718 peccator

447 2776 473 2802 ι
500 2766 736 2839 Gregor.
772 2768 980 2825 Turon.
1012 2769 1084 2826 de
1115 2768 1269 2827 Glor.
1304 2774 1644 2842 martyrum,
1675 2785 1725 2827 c.
1760 2775 1848 2827 73.

2142 1850 2276 1904 ante
2289 1845 2569 1918 templum
2583 1846 2797 1917 Martis,
2814 1860 2915 1902 vm
2929 1844 3216 1902 Kalendas
3232 1844 3619 1918 Septembris;
3635 1846 3792 1916 ejus-

2143 1949 2255 2006 que
2273 1948 2489 2007 corpus
2513 1950 2543 1992 a
2565 1936 2735 1992 beato
2754 1934 2986 2007 quidem
3011 1934 3303 2006 Stephano
3324 1948 3472 2007 papa
3496 1934 3553 1990 in
3580 1934 3787 1992 eodem

2142 2022 2271 2080 loco
2304 2024 2620 2095 sepultum,
2657 2023 2760 2079 sed
2795 2038 2824 2079 a
2859 2024 3030 2080 beato
3060 2022 3222 2080 Sixto
3253 2022 3528 2096 pontifice
3580 2028 3786 2095 postea

2142 2111 2417 2183 levatum,
2447 2112 2632 2184 pridie
2664 2111 2951 2170 Kalendas
2974 2111 3497 2181 Novembrisjuxta
3521 2112 3787 2169 eamdem

2138 2201 2289 2258 viam
2324 2202 2565 2273 Appiam
2599 2202 2653 2257 in
2687 2205 2892 2273 crypta
2925 2200 3318 2259 venerabilius
3346 2206 3639 2259 curatum.

2210 2301 2237 2329 ιι
2268 2291 2329 2346 In
2351 2289 2573 2361 Galliis,
2598 2290 2813 2363 Oppido
2833 2289 3260 2362 Virmandensi,
3286 2290 3498 2347 natalis
3521 2290 3785 2357 Quintini

2138 2379 2413 2449 martyris
2439 2399 2450 2433 :
2479 2379 2575 2451 qui
2600 2380 2707 2437 sub
2720 2379 3424 2451 Maximianoimperatore
3440 2378 3785 2450 martyrium

2139 2480 2352 2538 passus
2375 2472 2466 2524 est
2493 2485 2507 2535 ;
2530 2471 2588 2523 et
2614 2471 2746 2541 post
2770 2482 2951 2524 annos
2976 2468 3396 2540 quinquaginta
3418 2467 3680 2539 quinque
3704 2468 3789 2525 in-

2134 2561 2372 2613 ventum
2404 2560 2517 2627 est,
2544 2556 2842 2613 revelante
2863 2557 3088 2630 angelo,
3117 2572 3332 2631 corpus
3353 2556 3483 2627 ejus
3504 2560 3565 2613 et
3588 2555 3787 2629 sepul-

2133 2650 2256 2702 tum
2288 2649 2496 2703 oetavo
2526 2644 2813 2703 Kalendas
2841 2646 3045 2704 Iulias.

1707 3081 2004 3139 LITANLE
2044 3084 2441 3141 INDICENDE

1586 3233 1949 3309 MENSIS
2027 3234 2572 3312 NOVEMBER

1418 3404 1620 3456 RABRT
1672 3406 1813 3457 DIES
1863 3408 2028 3471 XXX;
2084 3408 2249 3459 LUNA
2298 3409 2495 3474 VERO,
2551 3413 2715 3465 XXX.

813 3665 875 3721 D.
920 3665 1075 3721 KAL.
1120 3664 1540 3724 NOVEMBRIS.

1057 3758 1108 3823 (4
1141 3755 1316 3827 Nov.)

433 3840 750 3900 Festivitas
781 3847 1117 3901 sanctorum
1146 3845 1418 3903 omnium.
1463 3845 1711 3903 Petente
1760 3861 2009 3921 namque

360 3942 508 4001 papa
532 3931 842 4001 Bonifacio,
863 3932 1035 4001 jussit
1060 3933 1280 3989 Phocas
1303 3935 1620 4005 imperator
1641 3936 1697 3991 in
1720 3938 1906 3995 veteri
1931 3940 2009 3995 fa-

359 4028 453 4086 no,
491 4018 642 4087 quod
674 4019 971 4075 Pantheon
993 4022 1335 4092 vocabatur,
1361 4027 1419 4077 et
1443 4037 1473 4077 a
1496 4024 1818 4081 Domitiano
1838 4027 2005 4096 prius

360 4102 576 4161 factum
599 4110 747 4177 erat,
764 4105 979 4165 ablatis
1004 4108 1352 4166 idololatriae
1374 4110 1668 4183 sordibus,
1696 4115 2001 4171 ecclesiam

359 4191 545 4249 beata:
570 4209 798 4266 semper
819 4196 1064 4267 virginis
1086 4198 1295 4269 Mariae,
1321 4202 1380 4255 et
1404 4200 1656 4258 omnium
1681 4207 2000 4274 martyrum

356 4278 481 4336 fieri
515 4301 527 4335 :
560 4286 621 4338 ut
653 4283 750 4339 ubi
791 4286 1077 4355 quondam
1127 4288 1400 4360 omnium,
1440 4304 1551 4346 non
1602 4289 1861 4364 deorum,
1895 4293 1998 4349 sed

355 4366 769 4429 daemoniorum
791 4372 989 4432 cultus
1010 4377 1311 4448 agebatur,
1340 4378 1417 4434 ibi
1442 4378 1721 4453 deinceps
1742 4382 1995 4439 omnium

352 4455 520 4515 fleret
570 4463 842 4519 memoria
893 4468 1429 4539 sanctorum;quae
1466 4470 1537 4525 ab
1586 4469 1685 4527 illo
1735 4475 1995 4544 tempore

350 4546 624 4608 Kalendis
656 4552 996 4611 Novembris
1019 4554 1073 4610 in
1100 4557 1243 4612 urbe
1272 4557 1448 4614 Roma
1467 4558 1719 4616 celebris
1742 4563 1799 4616 et
1822 4575 1995 4632 gene-

347 4635 487 4694 ralis
516 4640 729 4710 agitur.
768 4642 877 4699 Sed
906 4648 965 4699 et
998 4644 1051 4699 in
1078 4645 1295 4717 Galliis,
1329 4653 1600 4704 monente
1636 4654 1855 4706 sancta:
1905 4665 1993 4706 re-

344 4727 703 4788 cordationis
725 4732 1002 4803 Gregorio
1025 4734 1316 4806 pontifice,
1345 4737 1638 4808 piissimus
1663 4737 1989 4796 Ludovicus

2046 3669 2097 3733 C
2126 3671 2405 3745 episcopo
2433 3672 2774 3749 Polycarpo.
2811 3678 2988 3750 Cujus
3011 3682 3429 3753 praedicatione
3451 3699 3655 3746 comes
3676 3690 3781 3747 Te-

2122 3762 2350 3819 rentius
2381 3771 2700 3838 comperta,
2734 3766 2992 3825 vinctum
3023 3785 3155 3828 eum
3205 3776 3263 3828 et
3312 3788 3529 3834 caesum
3581 3776 3661 3833 ad
3712 3792 3779 3837 se

2121 3850 2333 3909 adduci
2365 3856 2667 3927 praecepit.
2703 3856 2771 3913 Et
2804 3872 3037 3915 rursum
3061 3860 3259 3919 audita
3281 3876 3613 3922 sermonum
3637 3868 3777 3938 ejus

2116 3942 2473 4013 constantia,
2509 3945 2706 4001 nervis
2739 3946 3074 4005 durissimis
3109 3950 3254 4007 cadi
3280 3952 3437 4010 fecit.
3463 3954 3606 4011 Post
3630 3954 3775 4015 hac

2115 4029 2187 4084 ad
2219 4030 2513 4090 trochleas
2541 4039 2826 4091 extensus
2858 4040 2917 4092 et
2949 4051 3161 4111 caesus,
3187 4054 3255 4097 ac
3277 4055 3513 4099 rursum
3534 4046 3773 4104 carceri

2112 4118 2499 4193 mancipatus,
2517 4136 2682 4179 mane
2704 4123 2859 4182 idola
2884 4127 3104 4184 orando
3126 4128 3449 4202 dextruxit,
3475 4137 3534 4188 et
3554 4133 3775 4193 reduc-

2109 4209 2209 4264 tus
2237 4212 2330 4263 est
2362 4208 2418 4265 in
2449 4225 2767 4271 carcerem.
2794 4214 2896 4272 Cui
2928 4216 3172 4274 subulas
3195 4220 3393 4277 decem
3414 4220 3691 4283 calentes
3713 4222 3775 4284 in

2109 4296 2377 4385 manibus
2404 4298 2739 4375 infixerunt,
2773 4308 2832 4360 et
2864 4320 2993 4362 cum
3027 4306 3264 4378 plumbo
3294 4310 3547 4368 remisso
3580 4314 3771 4385 pedes

2110 4385 2165 4441 in
2202 4384 2396 4459 lapide
2430 4391 2728 4462 perforato
2754 4393 3027 4467 ﬁxerunt,
3054 4401 3112 4453 et
3136 4412 3314 4455 canes
3344 4384 3665 4460 duodecim
3691 4403 3774 4461 fe-

2111 4490 2279 4535 roees
2310 4493 2440 4536 cum
2472 4495 2541 4537 eo
2575 4480 2942 4543 incluserunt
2975 4500 3080 4557 per
3110 4500 3216 4545 sex
3246 4487 3373 4545 dies
3399 4506 3416 4556 ;
3445 4493 3506 4545 et
3555 4492 3771 4550 attulit

2104 4565 2156 4623 ei
2179 4567 2422 4638 angelus
2445 4585 2649 4641 panem
2673 4572 2993 4646 ccelestem,
3009 4576 3252 4633 subulas
3265 4577 3529 4649 abstulit,
3547 4584 3614 4637 et
3628 4596 3771 4639 eum

2101 4654 2174 4712 de
2197 4658 2434 4730 plumbo
2455 4675 2523 4717 ac
2547 4660 2701 4717 ferro
2721 4662 2959 4734 eripuit.
2985 4664 3071 4722 Ad
3096 4665 3361 4724 ultimum
3382 4667 3605 4727 collum
3629 4670 3769 4741 ejus

2100 4750 2266 4803 vecte
2299 4748 2490 4806 ferreo
2521 4748 2708 4821 tundi,
2741 4755 2798 4807 et
2824 4766 3039 4826 corpus
3062 4754 3262 4812 lancea
3286 4755 3462 4813 forari
3480 4757 3763 4829 jubetur.

343 4822 985 4917 imperator,_omnibus
1018 4823 1179 4917 regni
1207 4828 1264 4881 et
1299 4825 1536 4917 imperii
1566 4826 1655 4881 sui
1696 4826 1991 4917 episcopis
2100 4832 2224 4901 Quo
2255 4834 2429 4908 facto,
2463 4836 2731 4896 columba
2763 4822 2945 4898 nivea—
2980 4843 3053 4901 de
3101 4859 3361 4917 carcere,
3397 4822 3766 4908 Christianis

340 4907 864 5004 consentientibus,
918 4912 1127 5004 statuit
1185 4917 1253 5004 ut
1297 4912 1637 5004 solemniter
1695 4916 1988 4975 festivitas
2097 4923 2542 4998 aspicientibus,
2566 4928 2637 4985 ad
2671 4928 2853 4987 ccelos
2886 4933 3172 5004 ascendit,
3197 4937 3255 4991 et
3287 4907 3437 4993 odor
3464 4907 3766 4997 suavissi§

338 4997 591 5097 omnium
621 5004 956 5097 sanctoruAm
990 5000 1044 5055 in
1073 5002 1355 5072 praedicta
1389 5002 1481 5059 die
1513 5004 1809 5097 annuatim
1855 5020 1983 5078 per-
2015 5034 2067 5097 Ι)
2100 5026 2230 5070 mus
2262 5014 2429 5085 quasi
2462 4997 2719 5089 paradisi
2753 5025 2996 5079 secutus
3018 5026 3132 5081 est.
3157 4997 3327 5082 Venit
3350 5028 3547 5083 autem
3575 5027 3764 5087 beata

338 5085 844 5189 Betuo‘ageretur.
880 5087 1071 5189 Quam.
1095 5097 1369 5189 sanctam
1386 5092 1865 5189 constitutionem
1896 5110 1986 5153 re-
2016 5085 2061 5097 ”
2095 5102 2370 5175 Leonilla,
2405 5085 2478 5162 et.
2496 5106 2793 5167 conditum
2817 5112 3180 5173 aromatibus
3198 5128 3415 5188 corpus
3436 5129 3552 5173 non
3577 5085 3769 5189 longe

338 5175 579 5271 vere-nti.
595 5189 789 5235 amore
820 5179 1080 5271 suscepit
1111 5179 1311 5271 omnis!
1327 5181 1606 5271 Ecclesia.
2094 5196 2167 5253 ab
2196 5194 2327 5266 ipso
2358 5208 2597 5253 carcere
2627 5198 2921 5271 sepelivit.

408 5259 621 5366 Et‘in
649 5272 844 5366 castro
870 5268 1126 5366 Divione,
1159 5269 1353 5325 natale
1475 5271 1710 5343 Benigni
1744 5273 1983 5366 presby-
2164 5259 2375 5342 Eodem
2407 5285 2520 5357 die,
2556 5259 2754 5344 natate
2786 5290 2975 5347 sancti
3010 5291 3244 5349 Czesarii
3278 5293 3527 5366 diaconi,
3559 5300 3627 5350 et
3659 5296 3766 5355 Ju-

642 5366 771 5454 cum
804 5358 1115 5458 Andochiq
1133 5359 1632 5458 compresbytero,
1665 5366 1723 5419 et
1761 5362 1982 5435 Thyrso
2092 5372 2228 5432 liani
2260 5347 2613 5448 presbyteri.
2665 5375 2773 5445 Qui
2820 5347 3094 5439 videlicet
3115 5347 3764 5458 Caesarius

337 5434 600 5514 diacono,
634 5443 844 5502 missus
868 5452 957 5504 est
987 5449 1046 5508 in
1077 5449 1318 5511 Galliam
1346 5453 1419 5512 ab
1441 5451 1701 5527 Oriente,
1722 5468 1754 5512 a
1776 5434 1983 5514 sancto
2093 5434 2317 5522 Claudii
2349 5434 2593 5525 veniens
2614 5434 3769 5548 ewafrica

404 5570 434 5605 ι
458 5563 701 5643 Grcgor.
733 5566 965 5648 Turon.,
1000 5572 1074 5633 de
1102 5572 1259 5636 Glor.
1290 5580 1461 5638 mart.
