3992 6170
170 308 271 364 389

172 514 434 589 publico,
465 518 667 570 tentus
693 517 781 570 est
806 528 834 569 a
857 513 1108 570 Firmino
1140 513 1433 586 pontiﬁce,
1468 519 1525 570 et
1552 516 1606 585 in
1629 521 1827 572 custo-

172 604 326 661 diam
355 603 650 661 reclusus.
672 602 999 659 L‘bidiebus
1024 602 1223 659 multis
1248 607 1595 673 maceratus,
1614 604 1824 660 deinde

174 693 441 750 traditus
463 697 553 749 est
578 691 815 748 Leontio
836 691 1127 748 consulari
1153 692 1495 763 Campania.
1523 692 1701 758 Quem
1728 692 1825 747 ille

170 797 301 839 cum
317 781 523 837 verbis
536 794 817 852 superare
833 779 1307 850 nequiret,jussit
1324 785 1457 836 ante
1482 783 1824 852 carpentum

174 885 347 928 suum
374 869 532 939 duci,
560 868 778 939 ligatus
803 868 1089 938 manibus,
1107 869 1383 939 vinctum,
1409 873 1467 925 et
1491 868 1707 925 nudum
1732 884 1828 924 us-

175 974 285 1032 que
317 958 393 1015 ad
444 957 725 1030 templum
759 957 1062 1029 Apollinis.
1100 956 1222 1023 Quo
1252 973 1382 1013 cum
1434 957 1821 1028 pervenisset.

178 1048 245 1105 ad
282 1047 613 1105 orationem
638 1046 767 1116 ejus
787 1046 1011 1102 corruit
1040 1046 1340 1117 templum,
1367 1050 1425 1101 et
1450 1045 1665 1102 occidit
1691 1060 1829 1117 pon-

174 1136 403 1193 tiﬁcem
445 1134 779 1191 Firminum.
811 1136 950 1190 Post
1001 1135 1109 1190 hoc
1142 1134 1409 1190 reclusus
1442 1134 1496 1189 in
1528 1148 1764 1190 carcere
1797 1149 1826 1190 a

180 1225 442 1281 Luxurio
471 1223 656 1295 primo
685 1222 965 1292 civitatis,
993 1220 1101 1278 fuit
1131 1222 1208 1278 ibi
1241 1237 1389 1279 anno
1420 1237 1553 1293 uno,
1588 1226 1646 1279 et
1677 1237 1830 1278 men-

181 1327 245 1369 se
278 1327 416 1369 uno.
452 1311 670 1368 Deinde
698 1311 953 1368 eductus
984 1310 1039 1366 in
1088 1311 1272 1367 forum
1306 1312 1377 1367 ab
1416 1326 1504 1381 eo,
1538 1311 1672 1367 dum
1704 1326 1830 1367 ora-

183 1406 294 1471 ret,
325 1399 561 1457 calesti
593 1406 686 1457 est
716 1399 847 1456 luce
873 1398 1293 1470 circumdatus,
1318 1399 1395 1455 ita
1420 1404 1483 1456 ut
1508 1399 1634 1470 ipse
1656 1399 1832 1455 Leon-

188 1490 304 1547 tius
355 1489 654 1559 crederet,
698 1492 757 1545 et
810 1488 1120 1545 Casarium
1154 1487 1251 1558 qui
1301 1492 1427 1543 erat
1480 1488 1690 1558 nudus,
1726 1502 1831 1544 sua

186 1576 494 1648 chlamyde
524 1577 816 1647 indueret,
849 1581 908 1632 et
941 1577 1013 1633 ab
1041 1590 1114 1632 eo
1162 1575 1583 1647 baptizaretur,
1618 1581 1679 1631 et
1708 1590 1834 1632 cor-

191 1681 298 1738 pus
329 1670 392 1722 et
425 1665 767 1735 sanguinem
818 1664 1041 1721 Domini
1073 1664 1366 1735 acciperet
1407 1664 1478 1720 de
1528 1679 1698 1721 manu
1739 1666 1835 1721 Ju-

922 301 1526 361 MARTYROLOGIUM
1566 303 1708 362 CUM
1750 300 2279 360 ADDITAMENTIS.
2318 334 2390 346 —
2427 303 2628 362 MENS.
2674 304 2822 362 OCT.

169 426 497 495 civitatem,
531 424 668 482 dum
707 428 912 482 contra
951 424 1292 482 idolalatras
1325 424 1713 498 proclamaret
1762 425 1816 482 in
1850 429 1903 488 Α

3471 313 3577 369 390

2224 425 2286 483 G.
2328 427 2566 484 PRIDIE
2603 426 2840 483 NONAS
2874 427 3293 486 NOVEMBRIS.

2629 519 2684 582 (4
2712 517 2886 585 Nov.)

2003 623 2031 661 δ
2078 622 2241 695 Apud
2296 620 2721 690 Alexandriam,
2782 621 2936 678 beati
2987 622 3164 678 Hierii
3219 624 3570 695 presbyteri,

1935 710 2043 766 viri
2068 712 2222 767 acris
2247 710 2480 780 ingenii,
2500 711 2554 765 in
2579 710 2791 764 divinis
2805 710 3127 781 Scripturis
3147 712 3425 768 nobiliter
3447 726 3577 769 eru-

1937 798 2063 869 diti,
2101 799 2215 855 vita
2250 798 2566 870 purissimi,
2596 803 2771 867 atque
2804 799 2873 854 ad
2909 798 3291 876 Christianam
3326 798 3580 871 philoso-

1937 886 2127 958 phiam
2161 886 2299 943 nudi
2337 886 2567 957 penitus
2594 891 2651 941 et
2686 886 2967 957 expediti,
3005 886 3267 944 doctoris
3298 886 3578 945 Ecclesia

1938 974 2430 1046 incomparabilis,
2458 974 2728 1047 privatim
2752 978 2809 1029 et
2837 973 3070 1045 publice
3095 975 3444 1032 mirabiliter
3467 976 3583 1032 dis-

1939 1064 2216 1135 putantis.
2252 1063 2353 1119 Hic
2376 1063 2595 1133 quievit
2620 1066 2885 1133 tempore
2908 1063 3158 1135 Philippi
3188 1064 3577 1136 imperatoris.

2010 1154 2070 1206 In
2118 1151 2339 1221 Galliis,
2371 1151 2612 1207 civitate
2661 1152 2943 1221 Rotenus,
2977 1152 3191 1207 natalis
3240 1154 3293 1208 8.
3330 1152 3581 1209 Amantii

1938 1240 2223 1312 episcOpi,
2248 1240 2418 1310 cujus
2437 1240 2557 1295 vita
2589 1238 2906 1295 sanctitate
2938 1247 2995 1295 et
3027 1239 3322 1297 miraculis
3350 1240 3582 1297 exstitit

1938 1328 2212 1399 gloriosa.

2375 1400 2441 1456 A.
2484 1398 2693 1455 NONIS
2732 1398 3151 1455 NOVEMBRIS.

2628 1488 2687 1558 (5
2722 1488 2896 1556 Non.)

2012 1592 2304 1649 Zacharia
2335 1593 2657 1664 prephcta,
2692 1593 2876 1664 patris
2903 1592 3138 1649 Joannis
3169 1592 3466 1665 Baptista.

2016 1689 2041 1718 ο
2070 1683 2129 1736 In
2180 1682 2509 1751 Terracina,
2560 1681 2801 1737 civitate
2849 1682 3194 1753 Campania,
3230 1680 3444 1739 natalis
3485 1682 3582 1738 SS.

193 1754 327 1810 liani
362 1754 717 1826 presbyteri
753 1755 869 1811 Nec
896 1768 1074 1823 mora,
1110 1753 1268 1842 dicta
1319 1766 1498 1842 super
1545 1768 1675 1809 eum
1708 1767 1834 1842 οιξε-
1861 1777 1916 1836 Β
1948 1768 2155 1825 Felicis
2180 1769 2532 1841 presbyteri,
2559 1772 2617 1824 et
2648 1768 2880 1826 Eusebii
2915 1769 3198 1839 monachi,
3224 1770 3589 1842 temporibus

190 1842 365 1913 tione,
401 1842 647 1899 tradidit
693 1842 965 1913 spiritum
1018 1855 1080 1898 III
1128 1840 1418 1897 Kalendas
1466 1840 1828 1897 Novembris.

188 1932 338 1988 Tunc
394 1930 686 1987 Luxurius
709 1930 890 2000 jussit
918 1929 1210 1987 Iulianum
1238 1934 1294 1984 ct
1329 1930 1642 1986 Casarium
1683 1929 1833 1984 mitti

190 2020 243 2075 in
266 2034 507 2076 saccum
530 2023 588 2075 et
615 2017 968 2090 pracipitari
1003 2018 1057 2073 in
1092 2033 1268 2075 mare.
1296 2018 1401 2084 Qui
1426 2032 1495 2073 eo
1513 2017 1606 2074 die
1630 2016 1833 2087 rejecti

194 2112 328 2166 sunt
380 2108 453 2164 ad
508 2106 699 2177 littus,
739 2111 798 2162 et
828 2106 1042 2178 sepulti
1092 2107 1164 2163 ab
1193 2106 1451 2178 Eusebio
1495 2121 1667 2163 servo
1712 2106 1833 2177 Dei,

186 2195 350 2266 juxta
385 2197 592 2253 urbem
623 2194 1008 2251 Terracinam.
1036 2196 1103 2251 Et
1133 2194 1286 2251 idem
1312 2196 1601 2252 Eusebius
1636 2201 1836 2266 postea

193 2284 536 2356 martyrium
572 2298 785 2356 passus
815 2287 907 2340 est
938 2298 1070 2340 cum
1102 2283 1292 2340 Felice
1324 2285 1691 2356 presbytero.
1744 2326 1749 2331 .

259 2374 405 2430 Item
444 2372 648 2429 eodem
682 2372 794 2442 die,
828 2371 1121 2444 depositio
1150 2372 1202 2429 S.
1238 2372 1496 2429 Severini
1550 2372 1834 2444 monachi,

196 2461 264 2518 de
292 2461 601 2518 Tiburtina
625 2461 884 2518 civitate.

264 2551 409 2607 Item
439 2549 635 2606 natale
670 2550 724 2605 S.
762 2549 953 2605 Maria
998 2548 1286 2620 virginis:
1323 2565 1451 2620 qua
1497 2565 1627 2607 cum
1677 2555 1839 2607 esset

197 2637 429 2710 ancilla,
454 2642 514 2694 et
539 2638 633 2694 die
664 2637 879 2695 natalis
911 2637 1014 2693 ﬁlii
1045 2637 1259 2694 domini
1284 2638 1373 2694 sui
1397 2637 1710 2709 jejunaret,
1738 2654 1843 2695 nec

196 2726 316 2785 ullo
345 2727 519 2784 modo
549 2727 706 2785 ﬁecti
740 2727 1032 2799 potuisset
1066 2731 1127 2783 ut
1160 2726 1537 2783 manducaret
1564 2727 1634 2783 de
1664 2726 1844 2783 idolo-

197 2815 618 2889 thytis;primo
643 2815 807 2872 duris
826 2815 1173 2872 verberibus
1196 2815 1424 2887 aﬁlicta,
1442 2816 1651 2872 deinde
1674 2814 1843 2886 longa

200 2905 463 2963 carceris
508 2904 801 2975 custodia,
835 2904 1069 2976 equulei
1116 2904 1474 2974 extensione,
1506 2913 1565 2961 et
1606 2904 1846 2975 ungula-

200 3008 329 3051 rum
378 2992 697 3052 laniatione
745 2997 974 3064 vexata,
1009 2993 1349 3064 martyrium
1396 2993 1841 3050 consummavit.

569 3102 630 3157 E.
673 3100 744 3157 IV
784 3099 1020 3157 NONAS
1057 3099 1478 3157 NOVEMBRIS.

896 3201 954 3265 (2
990 3199 1163 3266 Nov.)

280 3315 309 3343 ι
341 3304 569 3362 Natalis
592 3304 781 3363 sancti
803 3304 1106 3375 Victorini,
1122 3302 1551 3361 Pitabioncnsis
1564 3303 1847 3376 episcopi,

204 3394 300 3467 qui
320 3395 735 3467 persecutione
754 3392 1096 3450 Diocletiani
1113 3393 1391 3465 martyrio
1404 3398 1719 3451 coronatus
1734 3398 1846 3451 est.

282 3484 455 3555 Apud
486 3484 834 3554 Laodiciam,
862 3482 1054 3539 natale
1087 3483 1240 3539 beati
1263 3483 1543 3540 Theodori
1565 3484 1848 3557 epis00pi,

205 3572 316 3629 viri
352 3586 462 3629 non
496 3570 685 3629 solum
715 3571 932 3643 verbis,
969 3571 1071 3627 sed
1120 3572 1295 3628 etiam
1326 3573 1502 3629 rebus
1533 3577 1591 3629 et
1623 3573 1854 3630 virtuti-

210 3661 345 3732 bus,
381 3660 593 3717 ornati.
627 3661 730 3716 Hic
761 3664 887 3717 arte
918 3658 1176 3717 medicus
1224 3661 1455 3732 quidem
1489 3661 1614 3732 fuit,
1650 3661 1753 3717 sed
1783 3659 1855 3717 ad

210 3750 538 3807 animarum
586 3765 615 3805 a
664 3749 902 3806 Domino
969 3748 1297 3806 translatus
1346 3754 1436 3805 est
1488 3750 1850 3806 medicinam.

214 3838 364 3895 Vere
406 3837 902 3911 incomparabilis,
938 3838 1035 3909 qui
1069 3853 1247 3910 super
1274 3838 1475 3895 o'mnes
1509 3852 1652 3910 pene
1680 3838 1857 3894 homi-

210 3941 314 3984 nes
382 3927 516 3999 ﬁde,
570 3927 992 3998 misericordia,
1043 3927 1258 3997 studio,
1311 3926 1629 3997 vigilantia,
1682 3932 1857 3997 atque

208 4016 487 4075 omnibus
517 4016 755 4089 Optimis
806 4015 1276 4072 institutionibus
1317 4014 1550 4085 claruit,
1582 4016 1643 4070 In
1673 4015 1860 4087 Scrip-

210 4105 368 4162 turis
400 4118 629 4177 quoque
661 4104 874 4161 divinis
923 4103 1179 4161 laborem
1214 4103 1701 4176 quamplurimum
1731 4118 1861 4175 ges-

212 4194 325 4262 sit;
360 4195 583 4267 quievit
616 4197 810 4251 autem
845 4194 901 4249 in
929 4196 1233 4251 senectute
1265 4195 1430 4249 bona.

286 4284 506 4341 Eodem
550 4283 664 4355 die,
700 4281 893 4341 natale
932 4284 986 4339 S.
1032 4282 1341 4352 Ambrosii,
1377 4281 1609 4339 abbatis
1642 4297 1863 4340 monas-

211 4372 354 4446 terii
381 4372 769 4443 Agaunensis,
797 4372 891 4443 qui
918 4371 1079 4444 prius
1102 4371 1254 4443 apud
1277 4371 1616 4441 Lugdunum
1640 4386 1864 4430 monas-

1943 1858 2165 1914 Claudii
2199 1858 2591 1929 imperatoris.
2628 1857 2735 1923 Qui
2786 1857 3060 1915 videlicet
3112 1859 3422 1929 Eusebius,
3456 1872 3588 1915 cum

1942 1946 2255 2017 sepelisset
2272 1952 2508 2003 sanctos
2528 1951 2817 2017 martyres
2832 1946 3142 2017 Iulianum,
3165 1952 3221 2003 et
3249 1946 3583 2016 Casarium,

1944 2038 2001 2089 et
2033 2034 2103 2091 ad
2154 2033 2422 2106 sepulcra
2472 2050 2670 2091 eorum
2720 2049 2894 2091 orans
2943 2039 3001 2089 et
3048 2034 3318 2105 jejunaus
3372 2032 3589 2091 multos
3638 2042 3653 2055 ’

1946 2127 2319 2179 converteret
2351 2122 2422 2178 ad
2462 2122 2651 2191 ﬁdem,
2689 2137 2834 2193 quos
2869 2122 3028 2178 Felix
3060 2123 3372 2193 presbyter
3405 2121 3591 2193 bapti-

1952 2211 2142 2281 zabat,
2173 2211 2319 2267 tenti
2350 2216 2487 2267 sunt
2516 2212 2685 2267 ambo
2714 2226 2743 2266 a
2779 2210 3016 2267 Leontio
3046 2210 3163 2267 ﬁlio
3210 2209 3432 2266 Leontii
3455 2222 3591 2266 con-

1948 2298 2181 2369 sularis,
2208 2300 2282 2356 ob
2313 2314 2439 2355 eam
2474 2299 2718 2355 maxime
2747 2313 2982 2355 causam
3013 2298 3146 2369 quia
3179 2298 3470 2355 Casarius
3500 2311 3598 2369 pa-

1951 2393 2097 2444 trem
2129 2387 2258 2458 ejus
2291 2388 2683 2445 Christianum
2739 2387 2990 2443 fecisset.
3026 2388 3094 2443 Et
3128 2388 3199 2443 ad
3253 2388 3437 2443 forum
3466 2385 3596 2456 ejus

1950 2476 2132 2547 ducti,
2170 2491 2276 2533 nec
2309 2477 2592 2548 superati,
2630 2476 2763 2531 inde
2795 2489 3033 2532 carcere
3063 2474 3299 2546 reclusi,
3334 2478 3391 2530 et
3426 2478 3597 2531 nocte

1948 2565 2173 2636 eadem,
2208 2582 2337 2622 cum
2383 2565 2717 2622 sacriﬁcare
2747 2563 2987 2634 nollent,
3020 2563 3292 2621 decollati
3322 2568 3479 2634 sunt,
3515 2566 3600 2619 at-

1952 2669 2063 2725 que
2093 2654 2147 2709 in
2196 2654 2430 2711 ﬂuvium
2460 2654 2664 2724 jactati
2691 2695 2706 2709 .
2733 2653 2988 2720 Quorum
3033 2667 3279 2725 corpora
3313 2657 3597 2709 venerunt

1952 2756 2138 2814 usque
2167 2742 2238 2799 ad
2271 2756 2447 2812 mare,
2480 2746 2537 2798 et
2589 2742 2808 2812 rejecta
2843 2745 2974 2798 sunt
3010 2741 3081 2798 ad
3132 2741 3321 2812 littus,
3358 2747 3534 2811 atque
3566 2754 3597 2797 a

1954 2832 2302 2903 presbytero
2317 2830 2563 2902 quodam
2581 2830 2651 2886 de
2670 2831 2882 2901 Capua,
2901 2830 3128 2886 nomine
3146 2830 3387 2899 Quarto,
3404 2829 3601 2885 inven-

1950 2922 2031 2976 ta.
2067 2919 2173 2985 Qui
2205 2934 2272 2975 ea
2305 2934 2437 2974 mox
2465 2918 2735 2989 imposita
2767 2918 3034 2975 vehiculo
3084 2918 3249 2974 duxit
3300 2918 3356 2972 in
3404 2930 3599 2973 casam

1954 3023 2135 3078 suam,
2161 3011 2219 3064 et
2248 3007 2484 3065 curiose
2508 3021 2778 3077 quarens
2797 3006 2972 3063 etiam
3005 3006 3197 3079 capita
3228 3005 3478 3071 invenit;
3505 3004 3603 3062 ad-

1876 3127 1927 3191 C
1948 3094 2268 3167 junctaque
2297 3096 2645 3167 corporibus
2676 3095 2946 3167 sepelivit
2972 3094 3141 3165 juxta
3174 3095 3227 3151 S.
3265 3093 3596 3153 Casarium.

2342 3204 2401 3258 Β.
2438 3203 2560 3261 VIII
2600 3203 2761 3258 IDUS
2798 3200 3220 3257 NOVEMBRIS.

2647 3294 2704 3361 (6
2738 3291 2914 3361 Nov.)

2031 3400 2217 3455 Tonza
2250 3397 2464 3470 Africa,
2500 3395 2714 3453 natalis
2741 3398 2793 3451 S.
2830 3395 3059 3453 Felicis.
3094 3397 3154 3451 In
3186 3394 3359 3466 hujus
3404 3393 3607 3452 solem-

1963 3487 2147 3543 nitate
2174 3486 2477 3558 quemdam
2504 3486 2787 3558 psalmum
2813 3486 3022 3542 beatus
3056 3484 3420 3555 Augustinus
3453 3482 3609 3541 vide-

1964 3580 2062 3634 tur
2075 3591 2367 3649 exponere
2382 3568 2451 3633 ad
2471 3576 2746 3647 populum
2763 3576 2954 3647 (Psal.
2972 3576 3204 3646 cxxvu),
3224 3574 3321 3631 ubi
3336 3574 3610 3630 interca-

1966 3665 2193 3736 tera,de
2208 3665 2336 3735 ejus
2348 3666 2614 3736 passione
2632 3664 3120 3734 loquitur,dicens
3138 3682 3149 3716 :
3166 3662 3610 3734 Felizmartyr,

1963 3767 2098 3810 vere
2111 3753 2284 3826 felix
2304 3752 2365 3808 et
2389 3753 2624 3808 nomine
2645 3754 2701 3807 el
2719 3752 3143 3822 eorona,eujus
3160 3750 3336 3805 hodie
3355 3751 3482 3806 dies
3502 3749 3608 3805 est.

1966 3842 2268 3901 Noveritis
2290 3841 2510 3910 autem,
2520 3841 2783 3913 fratres,
2805 3853 2922 3895 non
2951 3852 3082 3894 eum
3097 3851 3349 3910 passum
3368 3837 3616 3893 mortem

1970 3944 2152 4003 quam
2181 3930 2297 3986 alii
2324 3929 2626 4000 martyres
2653 3928 2830 4000 passi
2876 3927 3020 3984 sunt
3043 3945 3063 3982 .-
3093 3926 3398 4000 confessus
3434 3924 3613 3997 enim,

1970 4019 2200 4076 dilatus
2228 4019 2319 4077 est
2343 4018 2426 4074 ad
2446 4018 2770 4087 tormenta;
2797 4017 2919 4074 alio
2940 4015 3038 4072 die
3057 4015 3361 4071 inventum
3380 4014 3471 4072 est
3493 4026 3619 4071 cor-

1966 4123 2080 4180 pus
2115 4109 2243 4180 ejus
2284 4108 2577 4164 eaanime.
2620 4106 2985 4165 C'lauserant
3006 4107 3164 4162 enim
3192 4105 3293 4162 illi
3323 4116 3621 4163 carcerem

1972 4198 2224 4269 corpori,
2264 4211 2381 4252 non
2426 4196 2729 4268 spiritui;
2757 4210 2932 4268 quem
2979 4196 3115 4253 illic
3148 4194 3464 4267 parabant
3505 4193 3621 4251 tor-

1971 4300 2153 4359 quere
2190 4286 2507 4357 carni/tces
2546 4285 2844 4343 absentem
2891 4285 3248 4342 invenerunt
3284 4303 3305 4340 :
3341 4281 3623 4357 perdide-

1971 4376 2118 4434 runt
2135 4375 2431 4433 saevitiam
2448 4387 2639 4433 suam.
2664 4374 2919 4432 Jacebat
2935 4374 3256 4445 exanimis,
3274 4374 3405 4431 sine
3421 4386 3623 4445 sensu,

213 4461 353 4519 terii
405 4460 612 4518 insula
659 4462 929 4518 Barbara
979 4466 1165 4533 pater,
1230 4463 1287 4516 et
1342 4460 1565 4530 magnis
1628 4461 1863 4517 virtuti-
1894 4484 1949 4546 D
1978 4466 2108 4522 illis
2151 4476 2224 4520 ne
2271 4464 2675 4535 torqueretur;
2701 4478 2834 4521 cum
2860 4477 3037 4522 sensu
3074 4461 3237 4536 apud
3280 4462 3621 4533 Dominum,

217 4551 332 4609 bus
352 4549 576 4622 clarus,
603 4565 733 4607 cum
758 4548 895 4607 illuc
917 4550 991 4606 ob
1016 4548 1317 4619 religionis
1339 4548 1590 4619 egregia
1612 4564 1867 4607 normam
1977 4555 2048 4612 ut
2072 4552 2474 4610 coronaretur.

214 4639 551 4698 translatus
573 4640 701 4711 fuit,
725 4640 898 4696 beato
930 4637 1040 4694 ﬁne
1064 4643 1198 4695 ante
1222 4637 1275 4692 in
1301 4637 1539 4694 Domino
1558 4638 1866 4709 requievit.

592 4746 650 4802 Γ.
695 4746 768 4802 ΙΙΙ
808 4743 1044 4802 NONAS
1081 4744 1504 4802 NOVEMBRIS.

912 4844 972 4909 (5
1008 4842 1182 4910 Noe.)

293 4947 523 5008 Natalis
555 4949 611 5005 S.
648 4948 872 5021 Quarti,
905 4947 1182 5021 discipuli
1214 4946 1633 5020 apostolorum.

295 5038 472 5111 Apud
523 5039 845 5095 Caesaream
897 5036 1297 5109 Cappadocia,
1352 5036 1566 5093 natalis
1612 5034 1706 5092 SS.
1742 5036 1879 5093 Ger-

218 5128 402 5199 mani,
455 5125 773 5199 Theophili,
825 5125 1080 5196 Casarii,
1129 5130 1187 5182 et
1220 5125 1428 5182 Vitalis
1462 5145 1475 5181 :
1512 5124 1609 5196 qui
1660 5124 1878 5197 Optime

219 5215 527 5274 duxerunt
580 5216 942 5287 martyrium,
988 5216 1099 5272 sub
1147 5215 1396 5271 Deciana
1448 5214 1876 5285 persecutione.

294 5304 519 5362 Eodem
550 5304 670 5377 die,
702 5304 997 5378 depositio
1028 5305 1082 5360 S.
1117 5302 1362 5360 Huberti
1390 5302 1672 5375 episcOpi.

294 5438 329 5469 ι
356 5429 595 5487 Hieron.
651 5430 722 5503 de
773 5429 983 5503 Script.
1027 5427 1277 5501 Eccles.,
1309 5443 1361 5486 c.
1396 5432 1497 5497 74;
1527 5428 1740 5486 Euseb.
1776 5424 1879 5483 lib.

216 5515 332 5613 νηί
750 5587 847 5645 vn,
879 5586 930 5632 c.
963 5575 1033 5633 29
1060 5568 1210 5629 Ruﬂ‘.
1241 5568 1378 5628 Hier
1407 5568 1480 5628 de
1509 5567 1723 5645 Script.

2051 4643 2110 4698 In
2143 4641 2401 4713 Oriente,
2436 4641 2677 4698 civitate
2703 4636 3020 4711 Theophili,
3054 4637 3149 4695 SS.
3185 4637 3383 4696 decem
3413 4620 3626 4708 marty-

1983 4747 2129 4802 rum,
2165 4730 2263 4802 qui
2297 4731 2408 4787 sub
2438 4728 2776 4787 Sarracenis
2826 4727 2987 4801 passi
3037 4726 3314 4799 leguntur
3344 4728 3400 4784 in
3438 4724 3626 4798 gestis

1984 4824 2320 4877 sanctorum
2352 4818 2758 4891 quadraginta.

2376 4924 2434 4979 C.
2480 4925 2574 4980 VII
2614 4921 2775 4980 IDUS
2811 4921 3235 4980 NOVEMBRIS.

2622 5013 2635 5025 ’
2696 5017 2753 5079 (7
2788 5013 2965 5081 Non.)

2060 5119 2089 5158 ει
2120 5117 2286 5191 Apud
2336 5116 2768 5200 Alexandriam,
2820 5115 3061 5175 Achilla
3105 5112 3384 5187 episcopi,
3437 5110 3632 5172 erudi-

1989 5207 2167 5278 tione,
2204 5205 2337 5277 ﬁde,
2368 5209 2837 5278 conversatione,
2873 5213 2932 5263 et
2963 5204 3225 5261 moribus
3257 5202 3520 5275 insignis.

2061 5295 2276 5352 Eodem
2307 5295 2407 5353 die
2425 5298 2636 5355 natalis
2658 5297 2711 5353 S.
2730 5294 3025 5353 Amaranti
3049 5292 3340 5367 martyris,
3357 5293 3455 5368 qui
3477 5292 3635 5371 apud

1990 5420 2235 5493 Eccles.,
2269 5437 2321 5480 c.
2353 5427 2441 5479 76.

2062 5503 2087 5534 ο
2111 5495 2192 5552 De
2220 5490 2311 5554 his
2340 5491 2556 5565 inVita
2588 5490 2773 5548 sancti
2807 5490 3067 5565 Casarii,
3101 5496 3127 5551 1
3162 5494 3304 5554 Nov.

2062 5574 2092 5607 ι
2117 5567 2330 5629 Euseb.
2358 5563 2462 5624 lib.
2495 5576 2595 5637 vn,
2627 5576 2736 5640 cap
2766 5566 2857 5625 29.
2884 5561 3039 5626 Ruth
