4004 6168
399 281 493 334 391
1433 274 1487 329 8.
1535 273 1792 330 ADONIS
1832 270 2269 329 ARCHIEPISC.
2312 267 2744 327 VIENNENSIS.
3697 271 3793 325 392

398 398 768 467 Albigensem
816 398 1041 467 urbem,
1090 400 1297 453 exacto
1348 398 1550 467 agoais
1600 398 1788 456 fidelis
1834 389 2031 472 cursu,
2070 402 2111 460 Α
2144 393 2459 466 Ᾱέεουὶειρὶἰ
2509 393 2726 450 ictibus
2776 388 3208 463 plumbatal‘um
3253 388 3391 446 0598i
3446 388 3791 448 deﬁcerent.

395 485 662 556 sepultus
692 486 832 542 vivit
867 486 919 542 in
951 485 1155 556 gloria.
1193 486 1368 556 Cujus
1410 502 1638 544 sacrum
1678 489 2032 562 sepulcrum,

393 572 612 630 virtute
645 574 880 643 Christi,
915 573 1209 630 miraculis
1239 575 1646 645 frequentibus
1676 576 2030 636 illustratur.

463 671 491 699 α
521 661 687 732 Apud
720 661 1057 718 Perusinam
1092 661 1274 718 Italiae
1305 664 1527 734 urbem,
1563 664 1774 722 natalis
1807 668 1861 722 S.
1898 667 2035 724 Her-

391 747 604 818 culani,
639 749 895 821 episcopi
927 753 984 805 et
1019 750 1310 821 martyris.

794 892 855 947 D.
898 890 969 946 VI
1010 891 1167 948 IDUS
1206 891 1628 949 NOVEMBRIS.

1080 1011 1136 1072 (8
1174 1006 1348 1076 Nov.)

463 1126 674 1193 Romae,
701 1121 913 1178 natalis
942 1122 1034 1178 SS.
1070 1126 1389 1193 martyrum
1419 1121 1661 1194 Claudii,
1697 1124 2030 1197 Nicostrati,

396 1210 853 1283 Symphroniani,
889 1211 1153 1282 Castorii,
1190 1216 1248 1267 et
1280 1212 1579 1283 Simplicii,
1614 1213 2037 1285 imperantibus

392 1300 752 1356 Diocletiano
783 1304 841 1355 et
871 1299 1229 1356 Maximiano.
1267 1299 1332 1355 Hi
1364 1315 1494 1356 cum
1527 1305 1727 1357 essent
1775 1301 2035 1360 artifices

390 1387 787 1457 insignissimi,
824 1390 882 1443 et
922 1402 1268 1444 marmorum
1314 1402 1568 1445 caesores
1616 1391 2029 1465 probatissimi,

390 1474 730 1547 imperatori
752 1475 1110 1532 Diocletiano
1124 1475 1291 1533 valde
1317 1477 1453 1533 facti
1473 1481 1605 1534 sunt
1631 1480 1876 1552 accepti.
1895 1482 2032 1538 Cum

388 1563 585 1636 itaque
618 1568 879 1636 tempore
904 1565 1150 1635 quodam
1175 1568 1370 1622 essent
1394 1566 1770 1637 quadraturis
1793 1583 2034 1626 marmo-

388 1667 515 1710 rum
546 1652 776 1723 intenti,
801 1658 859 1709 et
893 1658 1076 1709 artem
1107 1668 1264 1711 suam
1297 1654 1462 1723 signo
1493 1655 1686 1710 crucis
1719 1657 2028 1729 munirent,

2150 485 2676 561 Quorumcorpora
2702 481 2881 550 jussit
2906 480 2960 535 in
2986 479 3178 550 platea
3207 479 3453 536 canibus
3476 478 3714 549 jactari,
3737 485 3791 537 et

2141 577 2452 643 jacuerunt
2496 571 2574 628 ibi
2604 570 2813 627 diebus
2847 569 3121 640 quinque.
3154 568 3309 624 Tunc
3358 567 3437 639 pii
3480 567 3791 626 Christiani

2145 666 2454 732 venerunt,
2485 659 2814 717 etcollecta
2866 672 3111 731 corpora
3162 655 3549 730 sepellierunt
3606 656 3663 714 in
3707 658 3791 716 via

2147 750 2449 815 Lavicana,
2498 748 2771 805 milliario
2819 749 2892 804 ab
2942 749 3088 805 urbe
3144 747 3340 817 tertio,
3395 746 3454 804 in
3502 748 3788 818 arenario,

2141 838 2308 908 juxta
2337 853 2584 910 corpora
2619 842 2951 894 sanctorum
2995 840 3312 907 martyrum
3349 835 3599 906 Claudii,
3633 836 3793 893 Nico-

2146 927 2339 997 strati,
2394 924 2854 997 Symphroniani,
2910 924 3155 981 Castorii
3200 929 3260 980 et
3305 924 3588 995 Simplici.
3634 924 3792 984 Passi

2145 1018 2279 1071 sunt
2308 1019 2501 1071 autem
2532 1019 2701 1070 sexto
2731 1014 2865 1070 Idus
2894 1012 3251 1082 Novembris,
3269 1017 3402 1084 post
3425 1011 3580 1071 duos
3602 1018 3790 1072 tamen

2145 1118 2325 1160 annos
2375 1103 2665 1175 passionis
2713 1105 2918 1159 horum
2972 1102 3227 1173 quinque
3272 1106 3617 1172 martyrum.
3658 1103 3793 1160 Cum

2145 1196 2339 1248 autem
2371 1192 2598 1248 nomina
2631 1206 2834 1248 eorum
2866 1190 3097 1247 minime
3130 1189 3557 1262 reperirentur,
3582 1193 3793 1249 statuit

2145 1281 2353 1338 beatus
2380 1280 2731 1338 Melchiades
2760 1280 3077 1352 episcopus
3107 1284 3170 1336 ut
3203 1279 3607 1336 anniversaria
3659 1295 3793 1352 qua-

2147 1373 2279 1426 tuor
2311 1371 2729 1427 Coronatorum
2762 1369 2889 1425 dies
2918 1370 3027 1425 sub
3072 1368 3404 1426 nominibus
3450 1373 3791 1426 sanctorum

2145 1459 2400 1532 quinque
2448 1464 2767 1529 martyrum
2816 1457 3200 1515 recoleretur.
3245 1459 3786 1515 Intercurrentibus

2143 1553 2335 1604 tamen
2367 1548 2550 1617 annis,
2576 1547 2805 1603 cuidam
2834 1550 3041 1623 saneto
3070 1546 3198 1602 viro
3229 1545 3403 1602 etiam
3435 1547 3670 1603 nomina
3702 1563 3783 1603 eo-

2144 1652 2268 1694 rum
2294 1636 2551 1694 revelata
2573 1639 2728 1692 sunt.
2749 1635 3057 1692 Festivitas
3074 1649 3214 1691 vero
3239 1639 3301 1691 ut
3322 1634 3517 1691 fuerat
3541 1640 3779 1706 statuta,

387 1744 446 1797 et
480 1741 550 1798 ad
583 1740 944 1798 voluntatem
977 1742 1233 1813 ipsorum
1266 1741 1577 1798 artificium
1609 1742 1796 1815 fieret,
1829 1724 2020 1803 horum

2144 1727 2396 1784 celebris
2435 1726 2492 1782 in
2524 1725 2768 1782 aliorum
2801 1728 3119 1796 martyrum
3151 1724 3474 1781 festivitate
3528 1739 3784 1796 perman-

388 1844 540 1887 unus
580 1830 1045 1902 Simplicius,qui
1082 1830 1272 1888 adhuc
1305 1846 1526 1902 pagano
1564 1846 1764 1889 errore
1796 1837 2032 1892 teneba-

387 1919 661 1988 tur,dixit
688 1918 759 1974 ad
788 1923 1039 1989 quatuor
1063 1919 1348 1990 reliquos:
1367 1920 1585 1990 Adjuro
1607 1936 1710 1977 vos
1735 1938 1839 1994 per
1861 1923 2031 1981 deum

385 2004 667 2077 Solem,ut
702 2022 833 2078 quis
885 2006 998 2063 iste
1030 2008 1184 2064 Deus
1215 2008 1289 2064 sit
1328 2008 1537 2066 dicatis
1568 2009 1724 2081 mihi,
1760 2011 1814 2067 in
1865 2012 2032 2082 cujus

385 2095 615 2152 nomine
648 2111 751 2152 vos
780 2101 898 2151 tam
945 2096 1091 2153 bene
1123 2097 1462 2168 operamini.
1499 2098 1601 2154 Cui
1629 2098 2032 2172 Symphronia-

386 2198 497 2240 nus
532 2204 544 2238 :
582 2185 636 2238 Si
668 2188 836 2255 potes
868 2185 1133 2256 credere,
1159 2185 1420 2244 dicemus
1451 2186 1578 2257 tibi,
1602 2192 1658 2243 et
1692 2203 1822 2246 mox
1846 2194 2030 2246 artem

388 2272 773 2342 consequeris
805 2273 904 2328 sed
938 2277 995 2328 et
1025 2273 1204 2330 vitam
1232 2279 1509 2331 aeternam
1551 2275 1813 2334 habebis.
1850 2278 2029 2345 Quem

383 2373 513 2414 cum
546 2359 601 2413 in
632 2360 743 2414 fide
774 2361 1058 2418 sociatum
1092 2363 1264 2418 beato
1298 2363 1513 2432 Cyrillo
1542 2365 1816 2437 episcopo
1846 2368 2031 2423 consi-

382 2452 688 2517 gnassent,
705 2447 887 2503 isdem
902 2448 1214 2520 episcopus
1231 2451 1547 2520 baptizavit
1561 2458 1778 2522 eum,et
1799 2454 2028 2511 Christo

383 2534 880 2592 Dominocredere
904 2536 1256 2593 informavit.
1277 2539 1395 2594 Non
1417 2539 1598 2595 multo
1612 2547 1741 2611 post
1768 2543 2027 2598 accusati

382 2637 413 2679 a
437 2623 801 2696 philosophis
825 2626 977 2696 quod
1013 2626 1323 2683 Christiani
1355 2634 1572 2698 essent,
1599 2634 1655 2685 et
1682 2631 1834 2700 quod
1858 2632 2026 2688 deum

377 2710 773 2784 Esculapium
800 2714 1037 2785 fingere,
1055 2715 1205 2772 sicut
1231 2724 1590 2789 praeceperat
1614 2718 2028 2790 imperator,ex

381 2815 668 2858 marmore
685 2803 1096 2875 porphyretico
1110 2811 1165 2860 et
1189 2805 1533 2876 proconisso
1550 2806 2027 2879 noluissent,Dio-

380 2889 670 2947 cletianus
694 2891 869 2962 jussit
904 2892 1134 2949 cuidam
1169 2894 1406 2950 tribuno
1439 2895 1667 2952 nomine
1693 2897 2019 2970 Lampadio,

379 2979 489 3036 sub
513 2980 911 3038 moderatione
935 2983 1242 3041 verborum
1265 2998 1365 3040 eos
1388 2985 2022 3052 audiri.Quibusisdem

383 3065 887 3168 Lampadiusdixit
909 3090 920 3124 :
939 3071 1125 3168 Adora
1139 3076 1192 3127 te
1216 3071 1384 3168 deum
1402 3073 1679 3168 Solem,ut
1698 3076 2023 3133 destruatis
2053 3105 2102 3168 α

381 3156 686 3213 consilium
723 3157 1216 3229 phiIOSOphorum.
1253 3160 1359 3225 Qui
1404 3162 1825 3232 respondentes
1866 3164 2027 3220 dixe-

378 3248 518 3302 runt
561 3264 572 3298 :
608 3247 721 3302 Nos
752 3260 1043 3318 nunquam
1075 3248 1384 3305 adoramus
1427 3249 1710 3306 facturam
1753 3266 2023 3309 manuum

376 3334 843 3404 nostrarum,sed
859 3335 1171 3391 adoramus
1191 3337 1511 3393 Deuincmli
1528 3342 1586 3393 et
1608 3341 1907 3410 ιδῃ-ω,ᾳυὶ
1927 3342 2025 3397 im-

377 3426 544 3493 perat
562 3423 613 3477 in
630 3425 1137 3493 aeternumJesum
1154 3424 1447 3482 Christum
1467 3426 1666 3483 Filium
1681 3427 1801 3483 Dei.
1822 3428 2024 3486 Reclu-

376 3509 425 3566 si
450 3513 584 3566 sunt
614 3510 792 3581 igitur
817 3513 872 3567 in
896 3512 1163 3570 custodia
1180 3514 1432 3585 publica.
1453 3515 1589 3571 [nde
1612 3532 1741 3573 cum
1759 3519 1971 3574 mutari
1991 3534 2021 3574 a

376 3597 489 3654 fide
514 3599 726 3657 Christi
762 3614 872 3657 non
897 3607 1153 3673 possent,
1175 3602 1419 3673 jubente
1447 3604 1776 3677 Lampadio,
1815 3620 2023 3680 exspo-

374 3686 614 3760 liantur,
649 3694 705 3746 et
735 3691 1144 3763 scorpionibus
1165 3693 1507 3764 gravissime
1529 3696 1866 3764 caeduntur;
1892 3714 2023 3754 mox

374 3777 719 3851 Lampadius
749 3795 778 3837 a
831 3782 1115 3841 daemonio
1164 3790 1478 3858 correptus
1524 3786 1797 3858 exspirav
1828 3792 1867 3843 t.
1902 3789 2019 3845 Hoc

374 3865 591 3925 factum
643 3885 772 3927 cum
821 3873 1087 3931 audisset
1135 3873 1553 3945 Diocletianus,
1594 3876 1768 3932 nimio
1818 3877 2019 3934 furore

371 3954 580 4027 plenus
621 3958 798 4027 jussit
831 3962 1061 4017 cuidam
1094 3963 1320 4020 Nicetio
1372 3969 1573 4034 togato
1604 3968 1661 4022 ut
1712 3965 1768 4020 in
1808 3965 2019 4023 loculis

369 4041 660 4113 plumbeis
673 4045 1266 4119 viviincluderentur,
1284 4064 1350 4106 ac
1373 4051 1456 4107 sic
1480 4052 1536 4106 in
1562 4052 1796 4108 fluvium
1815 4056 2018 4125 praeci-

370 4129 721 4200 pitarentur.
748 4135 885 4189 Post
911 4135 1038 4191 dies
1060 4140 1254 4192 autem
1278 4139 1664 4209 quadraginta
1688 4142 1835 4198 duos
1859 4144 2013 4199 venit

369 4216 602 4288 quidam
627 4220 975 4278 Nicodemus
1001 4223 1381 4298 Christianus,
1397 4232 1455 4284 et
1481 4226 1695 4286 levavit
1717 4245 1845 4286 cum
1872 4232 2015 4303 ipsis

367 4304 577 4365 loculis
608 4324 854 4383 corpora
889 4316 1226 4387 martyrum,
1260 4321 1317 4372 et
1353 4318 1405 4373 in
1442 4320 1609 4376 domo
1642 4335 1747 4377 sua
1782 4321 2015 4379 honori-

366 4395 473 4454 fice
506 4400 718 4470 posuit.
755 4401 921 4457 Passi
950 4417 1090 4459 vero
1122 4409 1260 4460 sunt
1289 4420 1343 4463 vi
1373 4409 1508 4466 Idus
1534 4397 1896 4468 Novembris.

435 4462 651 4543 Eodem
680 4488 794 4559 die,
827 4488 1019 4546 natale
1052 4462 1383 4549 sanctorum
1408 4462 2009 4565 iqu‘atu'o‘r'Coronato-
2040 4462 2093 4522 D

364 4589 510 4647 rum,
546 4575 603 4632 id
631 4582 722 4634 est
759 4580 977 4650 Severi,
1031 4581 1347 4653 Severiani,
1402 4584 1757 4656 Carpophori
1810 4593 1870 4642 et
1919 4588 2009 4643 Vi-

362 4665 593 4722 ctorini.
630 4667 696 4722 Hi
746 4682 876 4723 cum
926 4668 1368 4740 impellerentur
1419 4673 1486 4729 ad
1539 4674 2004 4748 sacrificandum,

363 4746 744 4828 reluctantes,
775 4771 882 4814 nec
913 4773 1257 4817 consensum
1290 4761 1480 4833 impiis
1511 4763 1864 4835 praebentes,
1881 4746 2008 4835 per-

363 4844 647 4903 stiterunt
676 4844 732 4901 in
766 4844 897 4901 fide.
930 4846 1269 4904 Nuntiatum
1308 4854 1398 4906 est
1431 4855 1621 4907 autem
1650 4849 2008 4910 Diocletiano

363 4928 723 5005 imperatori,
776 4933 873 5005 qui
923 4933 1084 4992 illico
1128 4935 1303 5006 jussit
1356 4943 1418 4996 ut
1451 4943 1586 4995 ante
1631 4939 2006 4999 simulacrum

430 5045 458 5114 ξ
487 5040 655 5114 Creg.
692 5041 791 5098 lib.
830 5057 890 5098 ιιι
922 5042 1088 5114 Dial.,
1123 5059 1173 5101 c.
1207 5050 1295 5102 13.

403 5100 1700 5202 3.:13a‘worilioiséitw-Vulgati.~rud@ci
1721 5118 2006 5202 ειροραιρ

359 5174 617 5257 sistite”.
636 5174 1021 5257 Quis‘vulgata
1041 5174 1530 5257 legens,er?ore'm
1544 5174 2006 5249 sabéséé‘iufséét

360 5255 732 5326 suspicatus?
752 5255 931 5315 Recte
956 5272 1090 5315 mss.
1104 5255 1326 5315 nomen
1345 5258 1563 5326 judicis
1586 5263 1891 5334 Popilium
1910 5276 2009 5318 ex-

361 5315 583 5390 hibent,
619 5336 787 5390 quem
835 5329 1259 5390 Metaphrastes
1279 5330 1548 5390 judice-2n
1595 5334 1654 5388 et
1697 5333 2008 5390 praesidem

362 5343 583 5400 uincti},
619 5343 787 5390 quem
835 5343 1259 5402 metaphrasws
1278 5343 1548 5401 Juawe-m
1595 5343 1654 5388 et
1687 5343 2008 5406 praesidem

361 5386 855 5476 ξᾳᾷζιῃηχοοωτ.
873 5401 1017 5476 Acta
1042 5417 1179 5476 mss.
1196 5416 1323 5474 quae
1343 5407 1549 5460 nactus
1564 5417 1690 5476 sum
1712 5418 1784 5462 ex
1801 5405 2008 5461 biblio-

364 5458 530 5546 theca
559 5460 832 5546 Fuldensi
865 5486 878 5523 :
915 5488 943 5546 ς
975 5458 1274 5531 Cronides.
1310 5458 1448 5530 vero
1488 5458 2005 5546 tabulariumcum

365 5534 736 5606 cognovisset
769 5534 882 5594 hoc
913 5539 1333 5617 factum,.metu
1363 5534 2007 5624 perterrituscoinpreé

2144 1816 2241 1888 sit,
2276 1830 2343 1873 ac
2367 1815 2532 1873 locus
2553 1819 2806 1887 quatuor
2827 1814 3245 1871 Coronatorum
3268 1812 3497 1870 nomine
3516 1813 3778 1884 insignis.

2555 1914 2615 1969 E.
2659 1913 2704 1967 V
2744 1913 2905 1969 IDUS
2943 1911 3363 1970 NOVEMBRJS.

2831 2004 2886 2069 (9
2923 2000 3100 2070 Nov.)

2210 2088 2412 2146 Natale
2436 2088 2619 2146 sancti
2632 2088 2914 2151 Theodori
2929 2088 3221 2160 martyris,
3239 2086 3607 2160 temporibus
3617 2088 3786 2144 Maxi-

2140 2179 2312 2235 miani
2363 2182 2423 2234 et
2467 2178 2755 2234 Maximini
2802 2176 3237 2250 imperatorum.
3288 2177 3397 2245 Qui
3443 2192 3577 2234 cum
3628 2184 3784 2234 esset

2140 2267 2327 2339 miles,
2345 2273 2405 2325 et
2426 2282 2564 2325 vere
2596 2267 2980 2339 Christianus,
2998 2268 3286 2325 adductus
3305 2272 3399 2324 est
3420 2267 3492 2324 ad
3516 2267 3784 2325 Brincam

2140 2358 2522 2429 praepositum
2572 2358 2840 2429 legionis,
2874 2373 2904 2414 a
2934 2372 3047 2428 quo
3099 2357 3380 2414 dilatione
3429 2363 3677 2430 accepta
3727 2362 3783 2414 ut

2139 2446 2429 2503 sententia
2462 2446 2930 2503 irrevocabiliter
2980 2452 3368 2519 permaneret,
3398 2447 3635 2517 t>judici
3684 2448 3787 2502 Po-

2139 2535 2278 2606 pilio
2306 2536 2556 2606 sistitur,
2593 2537 2690 2606 qui
2717 2536 2898 2607 jussit
2928 2551 3060 2593 eum
3098 2536 3251 2591 mitti
3283 2536 3339 2590 in
3372 2550 3695 2606 carcerem,
3729 2542 3787 2593 et

2138 2623 2357 2694 signari
2388 2625 2598 2682 ostium
2626 2625 2913 2701 carceris;
2939 2625 3036 2682 ubi
3060 2624 3252 2699 divina
3276 2623 3623 2682 consolatur
3653 2625 3787 2681 visi-

2137 2714 2378 2770 tatione.
2414 2716 2551 2770 Post
2600 2713 2821 2785 aliquot
2872 2715 2998 2771 dies
3047 2715 3257 2771 iterum
3305 2714 3600 2771 adductus
3649 2718 3785 2771 ante

2137 2803 2462 2874 praisidem,
2491 2819 2809 2876 suspensus
2830 2809 2922 2860 est
2945 2804 2998 2859 in
3026 2803 3202 2874 ligno,
3228 2807 3288 2859 et
3316 2803 3554 2874 ungulis
3579 2803 3786 2860 ferreis

2137 2890 2317 2948 latera
2342 2892 2469 2962 ejus
2493 2907 2638 2963 rasa,
2666 2906 2968 2964 quousque
2988 2898 3167 2949 costae
3190 2891 3373 2964 ipsius
3393 2892 3779 2949 nudarentur.

2134 2981 2350 3038 Deinde
2374 2982 2619 3038 dictavit
2638 2981 3218 3052 sententiam,dicens
3242 3001 3255 3036 :
3281 2982 3644 3039 Theodorum
3670 2997 3782 3040 non

2133 3072 2636 3141 obtemperantem
2660 3070 2972 3142 praeceptis
2993 3070 3509 3128 invictissimorum
3533 3071 3786 3143 impera-

2135 3163 2348 3229 torum,
2367 3160 2743 3230 potentiaque
2776 3159 3035 3230 deorum,
3053 3159 3390 3217 credentem
3410 3174 3553 3216 vero
3582 3161 3799 3238 Jesum'

2135 3247 2428 3304 Christum
2476 3247 2841 3319 crucifixum,
2868 3246 3049 3316 jubeo
3096 3247 3329 3318 ignibus
3377 3247 3554 3304 tradi.
3593 3249 3787 3319 Igitur

2134 3337 2341 3392 beatus
2395 3340 2615 3407 martyr
2645 3336 2944 3405 signaculo
2974 3337 3168 3393 crucis
3200 3337 3477 3407 munitus,
3510 3338 3785 3396 manibus

2134 3428 2265 3495 post
2297 3428 2524 3494 tergum
2549 3424 2766 3496 ligatis,
2792 3425 2847 3481 in
2873 3425 3035 3481 focos
3056 3425 3427 3497 propellitur.
3456 3426 3525 3481 Et
3551 3427 3783 3498 prospi-

2132 3513 2292 3569 ciens
2323 3513 2485 3570 videt
2516 3513 2572 3569 in
2621 3515 2794 3570 turba
2841 3513 3255 3585 lacrymantem
3291 3513 3644 3585 Cleonicum,
3682 3515 3781 3587 qui

2131 3616 2259 3659 cum
2292 3617 2360 3658 eo
2388 3606 2518 3673 tyro
2545 3603 2834 3660 adductus
2866 3604 3074 3660 fuerat.
3110 3604 3181 3659 Et
3209 3601 3545 3660 exclamans
3577 3603 3727 3660 dixit
3764 3625 3779 3679 :y

2132 3690 2420 3762 Cleonice,
2453 3696 2735 3763 exspecto
2770 3697 2854 3758 te;
2909 3692 3140 3763 festina,
3176 3698 3235 3748 et
3267 3706 3516 3763 sequere
3562 3706 3676 3748 me.
3710 3693 3779 3749 Et

2130 3795 2259 3837 cum
2300 3779 2416 3851 jam
2470 3781 2828 3838 flammarum
2886 3780 3080 3852 globis
3137 3781 3393 3852 undique
3453 3780 3781 3840 vallaretur

2130 3870 2337 3927 beatus
2375 3874 2612 3941 martyr,
2648 3870 2971 3926 orationem
3015 3869 3182 3940 fudit,
3219 3869 3465 3928 laudans
3495 3874 3557 3926 et
3597 3869 3780 3941 glori-

2129 3958 2310 4015 ﬁcans
2358 3960 2611 4030 Patrem,
2663 3964 2720 4016 et
2752 3959 2976 4031 Filium,
3030 3964 3091 4016 et
3146 3959 3421 4031 Spiritum
3481 3964 3775 4017 sanctum.

2127 4047 2334 4118 Sicque
2381 4051 2640 4104 sanetam
2691 4047 2937 4104 animam
2989 4048 3223 4105 Christo
3274 4048 3593 4106 reddiditv
3643 4049 3782 4107 Idus

2126 4135 2487 4193 Novembris.
2532 4136 2805 4202 Quasdam
2853 4140 3048 4193 autem
3091 4136 3318 4209 mulier,
3370 4137 3624 4195 Eusebia
3674 4151 3778 4195 no-

2126 4223 2296 4293 mine,
2329 4223 2569 4294 collegit
2600 4239 2818 4296 corpus
2865 4225 3009 4298 ejus,
3040 4231 3101 4282 et
3148 4225 3395 4283 sindone
3426 4226 3643 4284 munda
3694 4228 3778 4284 in-

2122 4311 2365 4370 volvens
2393 4313 2701 4371 transtulit
2730 4314 2785 4369 in
2818 4316 3247 4387 possessionem
3278 4329 3463 4386 suam,
3488 4315 3548 4372 in
3582 4315 3777 4375 locum

2123 4401 2221 4473 qui
2253 4401 2585 4473 appellatur
2614 4404 2911 4461 Euchaita.
3702 4410 3713 4417 ’

2194 4500 2218 4529 ο
2246 4492 2388 4547 Item
2434 4492 2636 4549 eodem
2683 4493 2777 4549 die
2824 4493 2978 4564 apud
3032 4493 3343 4565 Bituricas,
3385 4494 3440 4549 S.
3491 4495 3772 4567 Ursicini,

2119 4579 2217 4651 qui
2247 4582 2441 4639 Romae
2475 4582 2781 4638 ordinatus
2814 4597 2843 4638 a
2874 4583 3320 4640 successoribus
3361 4582 3774 4655 apostolorum

2119 4671 2342 4742 primus
2371 4671 2559 4728 eidem
2588 4669 2718 4727 urbi
2749 4670 3078 4727 destinatur
3109 4672 3445 4744 episcopus.

2524 4768 2581 4823 F.
2625 4768 2695 4825 IV
2734 4768 2894 4824 IDUS
2933 4767 3354 4824 NOVEMBRIS.

2188 4947 2247 5001 In
2274 4944 2576 5002 territorio
2608 4856 3410 5018 Agathgifsixfivgessatione,
3427 4944 3646 5004 natalis
3669 4947 3764 5004 SS.

2115 5049 2321 5127 hendit
2346 5053 2409 5127 _B.
2434 5051 2817 5127 Theodorum,
2843 5058 2901 5127 et
2930 5054 3144 5127 obtulit
3177 5068 3309 5112 eum
3340 5052 3589 5127 Populio
3622 5068 3770 5127 prte-

2117 5122 2256 5198 sidi.
2285 5144 2312 5174 ι)
2339 5124 2426 5198 _Ita
2460 5124 2607 5198 etin
2651 5122 2916 5182 historiis
2967 5125 3351 5198 plurimorum
3392 5122 3766 5198 sanctorum,

2114 5194 2571 5269 editis_L9vanii
2617 5210 2769 5269 anno
2800 5194 2982 5269 _1485."
3006 5198 3148 5253 Male
3180 5199 3332 5269 apud
3373 5194 3771 5254 Membritium

2115 5268 2253 5339 tom.
2271 5266 2338 5335 II,
2355 5267 2576 5338 Populi
2592 5267 2858 5339 praesidi.
2878 5270 3116 5327 Rectius
3133 5266 3288 5339 apud
3314 5269 3572 5327 Adonem
3587 5269 3772 5339 Popi-

2117 5336 2255 5419 tius,
2288 5336 2458 5466 quam
2489 5352 2558 5410 ap
2571 5336 2643 5396 u'd
2674 5338 2821 5422 alios
2846 5336 3496 5415 Populius.Notissimo
3516 5336 3775 5414 Popﬂia

2117 5413 2273 5466 inter.
2351 5423 2591 5466 omanas
2622 5409 2885 5466 familias.

2116 5409 2273 5467 inter.
2302 5409 2591 5468 Romanas
2622 5409 2885 5473 familias.

2186 5489 2211 5520 ο
2240 5482 2481 5555 Gregor.
2514 5483 2724 5542 Turon.
2759 5482 2832 5540 de
2864 5483 3018 5542 Glor.
3051 5484 3334 5558 confess.,
3368 5499 3421 5543 e.
3455 5487 3543 5544 80.
