3992 6170
265 252 368 306 393

1007 246 1609 311 MARTYROLOGIUI
1649 249 1793 315 CUM
1835 250 2362 319 ADDITAMENTIS.
2402 284 2473 296 —
2513 256 2712 313 MENS.
2758 258 2919 317 NOV.

3559 273 3663 327 394

266 376 586 443 martyrum
627 372 859 442 Tiberii,
901 377 960 430 et
1001 374 1261 445 Modesti,
1304 379 1361 432 et
1406 376 1714 433 Florentize
1750 395 1761 431 :
1808 376 1906 448 qui
1938 378 1992 439 Α
2024 376 2208 435 ditum
2232 378 2429 437 debita
2461 381 2836 438 veneratione
2869 384 2923 439 in
2947 388 3282 446 coemeterio
3316 405 3377 447 ιιι
3402 391 3532 449 idus
3551 394 3661 449 No-

265 466 533 534 tempore
562 461 903 519 Diocletiani
926 464 1103 521 variis
1131 465 1444 522 tormentis
1463 466 1730 535 cruciati,
1768 481 1915 523 mar-

261 551 482 621 tyrium
512 550 977 622 compleverunt.

333 640 478 695 item
519 639 724 696 eodem
755 639 848 695 die
888 640 941 695 S.
988 641 1215 699 Martini
1258 656 1456 714 papae:
1490 643 1587 713 qui
1625 644 1699 700 ob
1743 643 1911 700 fidem

259 726 636 798 catholicam,
676 729 749 784 ah
788 728 1140 800 imperatore
1190 731 1567 788 Constantino
1611 732 1907 802 hzeretico,

262 829 371 887 per
406 815 769 872 Theodorum
815 818 1129 875 exarchum
1172 818 1242 875 de
1274 819 1530 875 ecclesia
1577 825 1799 890 raptus,
1844 834 1911 876 ac

260 904 590 976 perductus
619 905 1196 976 Constantinopolim,
1233 907 1529 978 relegatus
1552 908 1705 979 apud
1740 909 1913 964 Cher-

258 1006 465 1049 sonam
497 993 681 1063 Lyciae
712 993 1043 1066 provinciae,
1080 994 1292 1051 ibidem
1318 995 1492 1052 vitam
1526 996 1730 1065 finivit,
1769 996 1913 1053 mul-

260 1082 345 1138 tis
394 1082 450 1138 in
499 1082 702 1139 eodem
752 1081 884 1139 loco
942 1083 1227 1140 virtutum
1276 1084 1457 1153 signis
1501 1099 1708 1156 usque
1738 1085 1909 1141 hodie

265 1169 583 1239 refulgens.

677 1259 738 1313 ϐ.
774 1259 847 1313 ΙΙΙ
880 1259 1037 1315 IDUS
1069 1260 1488 1316 NOVEMBRIS.

943 1373 1029 1442 (Η
1063 1374 1237 1442 Nov.)

332 1492 397 1546 in
427 1488 647 1560 Galliis,
678 1488 923 1547 Turonis
950 1489 1212 1561 civitate,
1248 1490 1459 1547 natalis
1489 1491 1676 1548 sancti
1718 1493 1910 1549 Marti-

260 1580 317 1636 ni
353 1575 618 1649 episc0pi
646 1582 704 1633 et
736 1576 1106 1635 confessoris.

328 1666 550 1723 Eodem
581 1666 673 1723 die
715 1666 771 1723 in
804 1666 1056 1737 Scythia,
1102 1667 1410 1739 metropoli
1454 1668 1717 1740 Phrygiae
1751 1668 1911 1727 Salu-

260 1754 449 1824 tariae,
479 1754 671 1827 passio
701 1755 887 1812 sancti
919 1756 1135 1812 Menum
1170 1756 1477 1827 martyris:
1514 1756 1608 1827 qui
1644 1772 1912 1828 persecu-

257 1843 423 1901 tione
472 1842 814 1899 DiJcletiani
867 1847 922 1899 et
969 1842 1322 1913 Maximiani,
1376 1860 1504 1901 cum
1555 1848 1708 1901 esset
1754 1846 1918 1902 miles

256 1931 443 1989 nobili
498 1946 736 2002 genere,
789 1947 861 1988 ex
912 1932 1305 2005 .Egyptiorum
1360 1933 1656 2005 provincia
1727 1940 1911 2005 ortus,
1987 1967 2011 1984 .

255 2020 948 2077 abrenuntiansterrente
975 2019 1215 2089 militiae,
1246 2019 1491 2093 primum
1523 2021 1748 2079 caelesti
1776 2023 1914 2093 Regi

254 2112 488 2166 secreta
533 2100 978 2166 conversatione
1032 2108 1086 2164 in
1127 2124 1324 2165 eremo
1366 2109 1655 2166 militavit.
1698 2110 1914 2167 Deinde

259 2195 556 2253 natalitiis
595 2196 969 2267 praefatorum
1022 2197 1438 2269 imperatorum
1481 2198 1804 2269 procedens
1843 2198 1914 2254 ad

258 2283 588 2356 publicum,
642 2299 709 2341 ac
759 2300 819 2341 se
867 2285 1253 2343 Christianum
1302 2284 1485 2342 libera
1537 2301 1731 2343 coram
1775 2286 1917 2359 ipsis

253 2388 399 2430 voce
438 2372 769 2444 declarans,
808 2374 1062 2431 traditus
1091 2378 1179 2432 est
1222 2374 1443 2445 Pyrrho
1476 2374 1607 2431 duci
1640 2378 1916 2447 torquen-

255 2461 397 2528 dus;
424 2461 708 2534 quijussit
733 2475 864 2518 eum
887 2461 942 2517 in
958 2477 1253 2518 carcerem
1278 2461 1516 2533 includi,
1536 2464 1790 2534 quandiu
1815 2464 1915 2520 im-

254 2555 598 2621 peratorum
644 2549 905 2606 natalitia
945 2549 1410 2606 celebrarentur.
1436 2552 1683 2607 Peracta
1738 2552 1914 2622 igitur

256 2638 607 2709 festivitate,
644 2654 709 2696 ac
739 2638 981 2696 sedente
1020 2654 1090 2695 eo
1124 2654 1229 2712 pro
1260 2638 1537 2709 tribunal,
1577 2640 1749 2711 jussit
1782 2655 1912 2696 eum

2019 467 2276 525 vemhris
2316 473 2602 525 curatum.
2657 470 2833 541 Cujus
2891 472 2961 528 de
3003 474 3134 531 inde
3173 492 3400 536 sacrum
3442 494 3658 553 corpus

2022 556 2580 628 ConstantinOpolim
2618 559 2982 631 translatum,
3011 563 3249 620 civitate
3291 568 3447 635 regia
3481 567 3656 638 digno

2021 642 2239 699 honore
2261 649 2595 701 veneratur.

2092 733 2229 788 Item
2266 734 2544 803 Lugduni,
2579 734 2765 791 sancti
2799 737 3005 792 Verani
3040 738 3319 810 episcopi,
3354 756 3521 810 cujus
3544 743 3658 799 vita

2021 820 2153 876 fidei
2185 825 2241 875 et
2276 822 2556 879 virtutum
2588 823 2812 880 meritis
2845 824 3094 881 illustris
3125 826 3248 883 fuit.

2413 930 2473 984 Α.
2509 929 2745 984 PRIDIE
2776 930 2933 985 IDUS
2962 930 3269 989 NOVEMB.

2651 1020 2743 1079 κη
2764 1019 3032 1088 Novem.)

2092 1120 2117 1148 α
2176 1111 2339 1183 Apud
2382 1112 2653 1181 Africam,
2715 1116 3193 1172 commemoratio
3254 1119 3347 1173 SS.
3408 1120 3659 1185 Arcadii,

2024 1199 2215 1269 Probi,
2268 1201 2562 1257 Paschasii
2613 1207 2671 1257 et
2723 1204 3063 1272 Eutychiani
3093 1223 3106 1269 ;
3141 1205 3237 1276 qui
3270 1221 3343 1261 ex
3393 1207 3662 1278 Hispania

2022 1287 2273 1357 oriundi,
2315 1304 2445 1345 cum
2489 1288 2640 1360 apud
2684 1290 3004 1360 Sigericum
3032 1292 3059 1329 δ
3095 1294 3219 1365 [al.,
3258 1294 3662 1368 Gcisericum,]
3714 1304 3721 1309 ’

2023 1375 2431 1434 Wandalorum
2458 1392 2649 1448 regem
2688 1379 2896 1434 merito
2932 1381 3234 1452 sapientiae
3266 1387 3323 1439 et
3350 1383 3537 1442 fidelis
3566 1388 3666 1442 ob-

2022 1464 2206 1535 sequii
2244 1464 2403 1522 chari
2446 1465 2707 1537 clarique
2741 1468 3117 1541 haberentur,
3162 1485 3267 1527 nec
3301 1471 3356 1528 in
3400 1473 3665 1532 Arianam

2024 1552 2348 1623 perfidiam,
2375 1554 2467 1610 cui
2496 1555 2618 1626 ipse
2636 1556 2873 1613 deditus
2896 1562 3043 1628 erat,
3073 1558 3364 1616 ullatenus
3385 1561 3666 1619 declinari

2021 1645 2385 1710 paterentur,
2410 1642 2670 1699 excitato
2694 1643 2747 1698 in
2774 1644 3193 1701 rabidissimam
3226 1647 3365 1703 iram
3393 1649 3664 1721 barbaro,

1946 1725 1996 1783 Β
2030 1729 2276 1813 primum
2330 1731 2666 1804 proscripti,
2721 1733 2928 1789 deinde
2968 1734 3021 1789 in
3056 1735 3321 1793 exsilium
3373 1737 3508 1808 acti,
3546 1742 3667 1795 tum

2029 1818 2411 1875 atrocissimis
2425 1819 3464 1896 suppliciisexcruciati,postmodum
3481 1826 3669 1883 diver-

2029 1905 2111 1962 sis
2134 1907 2421 1965 mortihus
2447 1909 2803 1982 interempti,
2833 1910 3047 1968 illustri
3084 1913 3361 1984 martyrio
3394 1915 3668 1972 mirabili-

2030 1998 2119 2049 ter
2141 1997 2727 2054 occuhueruut.Puer
2751 2002 2942 2055 autem
2969 2000 3252 2058 Paulillus
3274 2003 3520 2073 nomine,
3558 2003 3667 2060 fra-

2026 2087 2120 2138 tcr
2149 2085 2490 2155 Eutychiani
2522 2092 2582 2141 et
2614 2086 2925 2158 Paschasii,
2961 2102 3090 2145 cum
3124 2105 3153 2144 a
3198 2091 3555 2161 professione
3585 2097 3668 2147 at-

2028 2187 2137 2242 que
2153 2187 2348 2229 amore
2362 2174 2664 2231 catholicze
2687 2175 2820 2232 fidei
2837 2176 3012 2233 nullis
3025 2177 3193 2235 minis
3214 2178 3514 2236 deturbari
3542 2196 3668 2252 pos-

2025 2266 2136 2331 set,
2164 2262 2415 2319 fustibus
2455 2263 2551 2320 diu
2585 2279 2791 2335 cmsus,
2835 2269 2893 2321 et
2928 2266 2999 2321 ad
3042 2266 3291 2323 infimam
3324 2268 3667 2326 servitutem

2026 2349 2334 2408 damnatus
2364 2357 2483 2419 est;
2517 2353 2667 2423 ideo,
2701 2356 2764 2410 ut
2788 2358 3053 2425 apparet,
3088 2369 3199 2412 non
3230 2356 3478 2425 occisus,
3503 2361 3564 2413 ut
3598 2358 3668 2413 de

2027 2443 2299 2510 snperata
2323 2440 2544 2497 saevitia
2571 2440 2918 2513 impiietiam
2944 2442 3040 2499 illa
3065 2443 3597 2514 :etasgloriaretur.

2097 2527 2309 2584 Eodem
2336 2528 2448 2600 die,
2467 2529 2651 2586 sancti
2668 2530 2915 2601 Melanii,
2944 2532 3250 2589 lledonicae
3274 2532 3531 2591 civitatis
3552 2533 3672 2607 epi-

2025 2617 2223 2689 scopi:
2277 2617 2373 2687 qui
2416 2621 2545 2689 post
2598 2618 3105 2676 innumerabilium
3158 2620 3318 2690 signa
3362 2622 3666 2694 virtutum,

255 2728 376 2784 suis
405 2704 749 2799 aspectibus
782 2704 1161 2800 praesentari;
1193 2727 1287 2784 cui
1318 2730 1377 2783 et
1410 2704 1597 2794 dixit;
1630 2729 1911 2786 Hesterna
2016 2704 2237 2775 Ῑυείίθν
2269 2705 2529 2761 intentus
2556 2706 2728 2777 θοθ¹οθ
2761 2707 3065 2777 emigra“
3099 2712 3128 2765 ³
3163 2708 3393 2767 saculo-

262 2815 626 2872 dieinfauste
639 2820 697 2873 et
715 2815 1021 2873 temerarie
1046 2831 1222 2873 ausus
1238 2815 1608 2872 estbeatrum
1643 2816 1908 2887 introire,

258 2908 318 2959 et
359 2903 710 2973 vanissimis,
756 2904 952 2962 nescio
999 2904 1230 2975 quibus,
1282 2903 1530 2974 eloquiis
1582 2904 1907 2975 profanare,

254 2990 507 3047 maxime
541 3007 671 3049 cum
704 2991 847 3049 dete
878 2996 1176 3049 asseratur
1200 2997 1415 3049 nostr.e
1442 2990 1619 3048 fuisse
1654 2990 1907 3049 malitiae.

2512 2813 2570 2867 Β.
2616 2813 2845 2869 IDIBUS
2876 2814 3180 2870 NOVEMB.

2713 2904 2805 2965 (43
2834 2908 2992 2971 που.)

2093 2988 2400 3058 Ravennae,
2435 2988 2645 3046 natalis
2675 2987 2767 3044 SS.
2805 2990 3117 3062 Martyrum
3161 2989 3469 3062 Valentini,
3506 2992 3669 3050 Solu-

256 3078 536 3137 Sacrifica
568 3079 698 3151 diis,
744 3084 806 3137 ut
838 3080 1025 3137 omnia
1070 3080 1174 3135 tibi
1206 3095 1334 3152 quze
1370 3094 1474 3151 per
1524 3078 1907 3151 ignorantiam
1940 3074 1989 3138 C
2020 3064 2189 3146 toris,
2214 3080 2271 3132 et
2295 3075 2565 3133 Victoris.

251 3168 492 3236 gessisti
556 3167 951 3239 ignoscantur,
1011 3172 1070 3224 et
1128 3168 1198 3225 ad
1254 3167 1529 3224 honorem
1603 3166 1912 3238 pristinum
2094 3164 2358 3234 Turonis,
2395 3165 2448 3220 S.
2477 3164 2673 3221 Brictii
2704 3164 2980 3239 episcopi.

254 3256 620 3314 reformeris.
658 3256 738 3313 Ad
774 3257 897 3313 hac
931 3256 1139 3312 beatus
1173 3256 1404 3312 Mennas
1430 3270 1562 3311 cum
1587 3254 1917 3327 respondis-
2096 3253 2157 3309 lu
2184 3252 2507 3323 Provincia,
2541 3253 2690 3325 apud
2714 3252 3012 3312 civitatem
3036 3255 3232 3327 Aquis,
3266 3256 3324 3312 Β.
3361 3255 3532 3314 Mitrii
3555 3257 3669 3315 cla-

251 3348 345 3401 set
373 3345 528 3415 :Ego
544 3344 654 3401 hoc
668 3344 1108 3402 saeculihonore
1133 3359 1241 3400 non
1258 3342 1541 3414 delector,
1576 3344 1677 3401 sed
1701 3343 1915 3400 Christi
2026 3340 2242 3399 rissimi
2267 3341 2539 3414 martyris

250 3432 483 3489 Domini
510 3432 836 3505 discipulus
856 3433 1003 3490 emci
1025 3433 1199 3505 cupio
1226 3432 1493 3503 ;juhente
1520 3432 1691 3503 duce,
1716 3437 1911 3490 exten-

2454 3451 2514 3506 (Σ.
2548 3450 2717 3507 XVIII
2750 3451 2904 3506 ΚΑΒ.
2941 3450 3237 3508 DECEMB.

253 3536 376 3589 sus,
401 3524 462 3577 et
488 3521 689 3609 nervis
713 3520 947 3578 bubulis
971 3522 1237 3579 manibus
1258 3520 1492 3591 ligatus,
1528 3521 1729 3578 tandiu
1750 3536 1792 3609 7a
1817 3521 1918 3576 mi-
2675 3543 2768 3609 (44
2798 3540 2973 3608 N09,)

252 3608 659 3707 ξίίίδυδνίῖείδ
679 3624 867 3707 9333"}
888 3610 1191 3707 εῗείτὼξηθο
1206 3609 1485 3707 δθῐξευίηθ
1510 3609 1693 3707 ips”?
1709 3608 1917 3707 913m“?
2098 3635 2267 3707 Apud
2295 3634 2612 3703 Thraciam,
2662 3634 2903 3692 civitate
2948 3632 3241 3707 Heraclea,
3288 3636 3500 3693 natalis
3535 3638 3671 3694 San-

255 3697 426 3793 !°°“3
448 3696 1037 3793 νῇρίθτθῗυτοθθξηέίθ
1060 3697 1114 3753 in
1139 3697 1391 3793 θξὶυξιίθο
1413 3696 1831 3793 θῇ⁰ἷ¹ἕ¹¹¹³ιιξθ
1858 3702 1914 3754 et
2029 3696 2259 3780 ctorum
2292 3696 2609 3793 martyrum
2641 3722 3006 3793 Clementini,
3048 3696 3332 3793 Theoditi,
3375 3728 3433 3781 et
3478 3723 3672 3781 Philu-

253 3784 634 3857 lampadibus
655 3786 1086 3844 circum-latera
1111 3785 1376 3855 adustus,
1402 3784 1709 3855 cilicioque
1734 3784 1917 3856 plagae
2030 3810 2201 3868 mani.

252 3889 284 3931 a
310 3873 603 3932 militibus
617 3875 858 3945 fricatae,
883 3879 943 3931 et
965 3875 1252 3933 carbones
1267 3874 1417 3944 ignis
1439 3873 1920 3947 supereasimpo—

287 3898 858 3974 ,ιιξιιιιιυυδιῖιυῗιᾶδ
883 3898 943 3931 υι
965 3898 1252 3933 631⁷001165
1267 3898 1417 3974 ιίξιιιδ
1439 3898 1920 3974 superatis-rumu-
2098 3907 2123 3937 ο
2337 3898 2764 3967 Alexandriam,
2793 3899 2946 3955 beati
2971 3899 3320 3970 Serapionis,
3348 3913 3517 3970 quem
3542 3913 3669 3970 per-

253 3962 382 4031 siti,
427 3977 533 4035 per
573 3961 826 4021 tribulos
864 3978 1096 4036 quoque
1129 3969 1187 4020 et
1220 3963 1396 4021 sudes
1438 3964 1679 4033 ferreas,
1725 3962 1920 4033 ligatis

2028 3992 2334 4045 secutores
2364 3988 2472 4044 sub
2508 3986 2698 4057 Decio,
2733 3986 2787 4042 in
2830 3986 2999 4044 domo
3035 4002 3139 4045 sua
3183 3992 3499 4058 repertum,
3541 4001 3672 4043 cru-

255 4051 535 4110 manibus
564 4065 630 4108 ac
658 4051 921 4124 pedibus,
947 4058 1195 4124 tractus,
1224 4052 1547 4125 plumbatis
1566 4052 1739 4107 etiam
1763 4050 1919 4107 collo

257 4146 319 4198 et
339 4140 593 4198 maxillis
611 4140 873 4212 graviter
885 4146 1189 4212 contusus,
1229 4142 1282 4198 in
1299 4140 1471 4197 lauJe
1485 4144 1541 4196 et
1556 4138 1921 4196 confessione

262 4228 689 4301 omnipotentis
727 4229 827 4286 Dei
869 4229 1185 4287 immobilis
1224 4228 1564 4301 permansit.
1601 4227 1922 4284 Novissime

260 4318 528 4388 Pyrrhus
558 4317 678 4375 dux
710 4317 1061 4375 sententiam
1094 4332 1167 4374 ex
1195 4317 1413 4374 tabella
1440 4316 1674 4374 recitari
1710 4331 1924 4389 praece-

262 4405 387 4478 pit:
407 4406 728 4463 Mennatem
752 4421 825 4463 ex
848 4406 1030 4464 milite
1053 4407 1307 4464 omnium
1332 4405 1795 4463 Christianorum
1815 4419 1921 4461 auc
1953 4429 2006 4488 Β

262 4498 482 4563 torem,
516 4493 812 4551 nolentem
838 4496 1210 4568 acquiescere
1256 4494 1571 4567 praeceptis
1613 4494 1924 4566 imperato-

265 4596 401 4639 rum
424 4596 612 4655 neque
628 4582 919 4640 volentem
943 4583 1275 4642 sacriﬁcare
1298 4582 1636 4653 diis,gladio
1670 4580 1926 4637 animad-

266 4669 424 4727 verti
454 4670 667 4743 placet,
698 4676 756 4727 et
788 4686 1005 4745 corpus
1035 4672 1163 4744 ejus
1193 4686 1224 4728 e
1257 4671 1447 4729 medio
1476 4670 1624 4741 ignis
1656 4672 1922 4741 ereptum

268 4761 387 4827 est,
422 4762 483 4815 et
522 4759 754 4817 mundis
796 4759 1235 4817 linteaminibus
1276 4760 1748 4830 aromatihusque
1791 4772 1925 4814 con-

342 4890 374 4919 ⁸
400 4882 656 4942 Prosner
686 4883 742 4939 in
778 4884 1027 4942 Chronic
1058 4899 1208 4941 anno
1232 4888 1354 4941 437.

344 4951 376 4989 δ
397 4951 574 5024 Apud
590 4954 965 5028 Sigei-tcum”
977 4955 1399 5028 Wandalorum
1415 4968 1634 5028 regem.
1650 4957 1749 5028 Alta
1783 4971 1923 5014 con-

269 5023 506 5097 stanter
530 5023 872 5097 mssivulgo
914 5023 1313 5097 Gemeﬁcum,
1338 5026 1449 5086 vel.
1479 5023 1540 5082 ut
1564 5025 1659 5081 alii
1692 5033 1925 5084 vocant.

268 5092 669 5168 Geiseﬁpugn,
695 5092 845 5168 forte
870 5096 1091 5153 rectius
1118 5116 1131 5151 :
1159 5092 1338 5168 quare
1361 5102 1420 5152 et
1449 5097 1557 5153 hoc
1591 5097 1644 5151 in
1670 5098 1928 5167 margine

267 5166 555 5253 apposui.
572 5166 867 5253 Existimo
877 5182 1137 5250 errorem
1160 5166 1234 5224 ex
1259 5168 1585 5253 litterarum
1612 5166 1932 5253 transposi-

271 5237 438 5291 tione
468 5242 701 5309 prtum,
722 5243 787 5294 ut
814 5238 1158 5309 Sigericum
1188 5238 1539 5309 scripserint
1572 5253 1676 5309 pro
1710 5237 1933 5297 Gise'ri-

455 5280 1933 5379 ὅὲῦῖῖὸεῖἇὶἔῶξῖἧέἣᾶΞίὁῗ-ῖιῖιὶἰῖ’ἑχ¹ἳιι“ἶιζίἰῖ”ύᾶ-

272 5376 559 5451 ᾔθελερυᾷ
585 5379 936 5449 Prosperum
962 5376 1018 5435 in
1043 5379 1350 5450 Chronico,
1377 5394 1528 5436 anno
1560 5376 1773 5436 Chriéti
1807 5384 1929 5451 457,

270 5448 335 5504 in
379 5447 490 5523 hac
530 5448 654 5523 ipsa
696 5447 1014 5523 martyrum
1054 5447 1390 5523 narratione
1420 5466 1495 5506 ex
1524 5465 1640 5523 quo
1674 5447 1935 5523 Adode-

272 5519 495 5589 sumpit
521 5518 884 5593 {Stratonis
914 5535 1056 5578 vero
1088 5520 1404 5577 Gothorum
1437 5518 1725 5593 rex'apud
1756 5518 1934 5577 Isido-

602 5616 866 5679 PATROL.
916 5617 1193 5679 CXXIII.

2030 4075 2343 4133 delissimis
2393 4075 2710 4132 affecerunt
2760 4074 3082 4147 suppliciis,
3135 4076 3213 4132 ita
3264 4080 3327 4132 ut
3375 4088 3573 4131 omnes
3618 4074 3672 4131 ei

2026 4165 2334 4237 juncturas
2381 4164 2770 4221 membrorum
2813 4163 2974 4235 prius
3021 4162 3335 4233 solventes,
3386 4163 3458 4220 de
3506 4177 3675 4235 supe-

2032 4252 2285 4309 rioribus
2324 4266 2454 4308 eum
2496 4251 2957 4323 praecipitarent,
3001 4267 3064 4309 ac
3098 4252 3179 4309 sic
3212 4250 3425 4308 Christi
3457 4256 3676 4321 martyr

2031 4340 2385 4397 efficeretur.

2487 4409 2705 4466 D.XVII
2736 4410 2890 4467 ΚΑΒ.
2924 4411 3218 4467 DELEMB.

2720 4500 2786 4555 '18
2815 4500 2940 4555 Νου

2751 4505 2786 4553 3

2104 4585 2326 4643 Natalis
2353 4586 2539 4644 sancti
2567 4500 2773 4643 Felicis
2802 4500 3080 4658 3351px
3117 4585 3213 4658 qui
3246 4601 3275 4643 a
3312 4586 3676 4657 quindecimo

2034 4675 2228 4733 aetatis
2258 4690 2379 4734 sua:
2410 4690 2558 4732 anno
2599 4673 3011 4732 miraculorum
3051 4674 3237 4745 gloria
3272 4675 3513 4745 insignis
3543 4672 3669 4741 fuit,

2034 4769 2092 4821 et
2125 4764 2403 4820 Martiano
2435 4762 2701 4834 praeside,
2731 4776 2860 4819 cum
2894 4759 3025 4819 aliis
3054 4762 3294 4833 triginta
3336 4758 3671 4831 martyrium

2038 4902 2162 4944 rum
2196 4887 2251 4942 in
2284 4884 2567 4957 Chronico
2597 4886 2911 4957 Gothorum
2943 4901 3059 4943 aera
3089 4890 3209 4957 454,
3246 4900 3393 4957 anno
3432 4899 3508 4939 vu
3536 4883 3675 4957 The-

2037 4956 2219 5038 odosii
2264 4955 2543 5038 _junioris.
2610 4955 2771 5038 Quod
2813 4970 2953 5038 v_ero
2989 4954 3216 5038 Victor'_
3254 4954 3558 5011 Africanus
3616 4954 3670 5010 in

2035 5025 2369 5084 Wandalica
2405 5025 2808 5097 persccutime
2840 5027 3043 5084 horum
3080 5031 3393 5096 martyrum
3426 5038 3537 5081 non
3564 5039 3676 5081 me-

2040 5097 2291 5166 minerit,
2322 5112 2552 5154 causam
2587 5097 2882 5155 existimat
2946 5097 3221 5156 Baronius
3259 5100 3397 5151 tom.
3433 5097 3497 5164 V,
3529 5110 3677 5153 anno

2040 5168 2253 5225 Christi
2288 5172 2408 5229 437.
2453 5168 2605 5238 quod
2636 5169 3002 5226 Wandalicas
3040 5166 3320 5238 cladesin
3356 5167 3676 5225 Numidiam

2041 5239 2304 5321 aliasque
2350 5238 2440 5321 illi
2472 5236 2775 5321 'pro‘xi‘mas
2822 5238 3155 5321 provincias
3198 5236 3678 5321 illatasscribere

2041 5307 2543 5366 haud—admodum
2585 5307 2884 5375 laborarit,
2930 5307 3368 5365 rebus'tantum
3408 5308 3679 5367 Ecclesia:

2044 5379 2533 5451 Carthaginensis,
2560 5378 2659 5435 ubi
2683 5380 3216 5451 agebat,intcntus.

2115 5458 2139 5488 ο
2167 5449 2374 5510 Euseb.
2409 5449 2507 5505 lib.
2544 5464 2616 5517 vr,
2643 5463 2768 5518 cap.
2807 5452 2893 5519 34,
2925 5450 3070 5507 Rufl‘.
3108 5454 3192 5507 3t.

3290 5620 3363 5677 13
