3992 6170
279 267 444 344 ,398

342 474 488 536 lensi
515 467 758 532 ecclesia
781 464 1070 540 sepelivit.

785 577 846 633 E.
881 573 1000 633 XVI
1045 569 1200 627 KAL.
1233 565 1529 625 DECEMB.

1021 681 1112 744 (46
1139 677 1316 744 Nov.)

417 791 642 851 Natalis
673 791 727 847 S.
761 785 1031 846 Eucherii
1063 779 1464 852 Lugdunensis
1490 775 1769 850 episcopi,
1804 771 1982 831 admi-

349 881 545 940 randa
574 879 728 949 fidei,
761 877 897 934 vita
935 878 992 931 et
1023 869 1303 930 doctrina
1341 867 1471 924 viri.
1505 865 1613 934 Qui
1645 879 1719 920 ex
1748 861 1984 949 nobilis-

349 971 496 1028 simo
533 948 867 1025 senatorum
899 961 1103 1020 ordine
1145 959 1215 1016 ad
1256 957 1584 1027 religiosam
1614 952 1792 1009 vitam
1825 948 1984 1006 habi-

345 1065 587 1129 tumque
613 1067 950 1123 conversus,
985 1049 1082 1108 diu
1113 1049 1170 1105 in
1199 1061 1336 1118 agro
1357 1059 1464 1102 suo
1494 1055 1672 1114 super
1700 1037 1936 1098 ﬂuvium
1956 1045 1984 1076 α

346 1126 682 1206 Druentiam
714 1143 866 1199 intra
898 1143 1060 1211 septa
1094 1135 1386 1210 spelunca
1417 1135 1623 1204 sponte
1653 1126 1982 1196 conclusus,

348 1235 581 1294 Christo
607 1231 869 1300 servivit,
889 1225 1126 1300 jejuniis
1147 1230 1205 1281 et
1237 1221 1598 1280 orationibus
1628 1230 1860 1274 vacans.
1887 1215 1989 1270 De-

352 1327 549 1384 functo
597 1326 790 1380 autem
843 1315 1112 1390 pontiﬁce
1137 1309 1525 1384 Lugdunensi,
1557 1321 1688 1365 cum
1713 1303 1987 1364 universa

347 1411 603 1472 Ecclesia
625 1409 794 1480 juxta
826 1419 1042 1466 morem
1077 1419 1108 1462 a
1135 1417 1195 1460 se
1237 1397 1562 1471 antiquitus
1592 1395 1986 1461 observatum,

347 1499 638 1560 triduanis
663 1496 900 1568 jejuniis
929 1498 986 1552 et
1019 1487 1544 1556 obsecrationibus,
1579 1483 1676 1554 qui
1706 1481 1992 1553 guberna-

347 1591 564 1648 tionem
596 1586 857 1660 ejusdem
879 1581 1142 1641 eeclesia
1171 1576 1469 1648 suscipere
1493 1568 1874 1640 deberet,sibi
1898 1581 1994 1639 po-

1383 245 1440 302 s.
1483 237 1742 299 ADONlS
1783 225 2217 294 ARCHIEPISC.
2253 224 2666 288 VIENNENSIS
2857 307 2864 313 ι

340 381 670 458 complevit.
715 380 940 451 Corpus
969 374 1098 453 ejus
1133 367 1396 446 Elpidius
1435 365 1746 442 presbyter
1781 359 1838 420 in
1867 360 1972 420 No-
1999 355 2058 421 Α
2085 361 2278 458 autem
2310 364 2654 458 nequeje‘sse
2685 347 3084 458 ξεῗίξξζιῐξθει-ιξξ
3098 342 3344 458 ξάιρξξ-ιξ
3372 340 3732 458 “ds-ligati“

2086 449 2343 505 castrum
2373 441 2661 514 quoddam
2693 436 2931 508 deserti,
2975 433 3127 508 quod
3173 433 3342 490 Cel‘ro
3371 429 3727 504 appellatur,

2087 535 2144 592 in
2191 531 2462 592 exsilium
2511 527 2792 596 truditur,
2845 527 2918 582 ob
2973 524 3081 581 hoc
3132 521 3426 596 praecipue
3470 519 3728 578 electum

2089 622 2244 696 quod
2265 620 2374 678 loci
2399 617 2602 676 incola
2623 614 2876 688 gentiles
2905 617 3092 682 erant,
3125 616 3186 668 et
3211 608 3498 696 idolorum
3529 621 3736 696 super-

2090 695 2432 768 stitionibus
2479 707 2623 776 satis
2674 703 2876 762 dediti.
2931 700 3038 768 Qui
3089 697 3350 757 exsulem
3399 695 3736 768 Dionysium

2093 799 2278 871 primo
2309 795 2506 854 hostili
2539 794 2728 852 animo
2757 797 2816 850 et
2856 789 2998 849 satis
3029 789 3274 847 adversa
3312 788 3507 842 mente
3548 783 3735 842 susci-

2093 880 2290 960 piunt;
2323 889 2453 958 post
2486 898 2627 941 vero
2643 897 2772 939 cum
2798 878 3074 952 paulatim
3101 891 3202 950 per
3237 873 3462 932 Domini
3485 872 3733 944 gratiam

2092 959 2335 1034 verbum
2373 973 2474 1030 Dei
2517 971 2606 1029 his
2649 970 2935 1030 seminare
2978 965 3274 1038 coepisset,
3313 977 3448 1037 pars
3488 959 3732 1018 maxima

2092 1063 2284 1122 trucis
2305 1067 2365 1120 et
2387 1059 2619 1119 barbari
2645 1057 2862 1132 populi,
2890 1054 3120 1114 relictis
3141 1051 3624 1122 idolis,conversa
3647 1053 3736 1106 est

2097 1153 2165 1210 ad
2182 1153 2360 1208 Deum
2375 1147 2956 1219 verum,Christoque
2970 1141 3254 1214 subjecta.
3272 1139 3396 1208 Quo
3410 1142 3733 1211 comperto,

2098 1253 2308 1298 rursus
2351 1253 2482 1297 eum
2553 1235 2624 1294 ad
2684 1235 2858 1293 alium
2919 1233 3134 1302 locum,
3189 1228 3442 1288 vicinum
3503 1225 3736 1298 quidem

2101 1326 2489 1394 Alexandria,
2507 1323 2608 1382 sed
2633 1320 2844 1380 incolis
2873 1321 3266 1389 desertum,ac
3290 1330 3435 1389 pene
3456 1315 3740 1371 habitato-

2101 1416 2266 1472 ribus
2317 1428 2564 1472 vacuum
2595 1409 3048 1469 transtulerunt.
3093 1407 3203 1465 Sed
3253 1411 3310 1464 et
3340 1404 3421 1462 ibi
3465 1418 3598 1462 cum
3633 1417 3738 1475 pro

2105 1504 2268 1561 urbis
2289 1503 2592 1560 vicinitate
2617 1505 2952 1558 nostrorum
2984 1493 3236 1569 populus
3255 1507 3384 1550 eum
3411 1493 3743 1562 frequenta-

2105 1595 2215 1663 ret,
2239 1596 2300 1649 et
2322 1595 2597 1662 tanquam
2621 1593 2859 1662 pastore
2880 1587 3123 1659 recepto
3143 1598 3291 1656 grex
3312 1581 3504 1640 latior
3525 1584 3583 1636 et
3609 1593 3744 1638 con-

349 1682 544 1768 “elei
577 1691 606 1734 ³
641 1663 1995 1768 “Mli”_“e"‘?‘%’i’_°!’idf{'{_Eueff"ﬁpga'fgs
2026 1707 2080 1768 Β
2109 1681 2364 1739 stantior
2394 1679 2680 1751 agonibus
2719 1677 3089 1745 redderetur,
3123 1687 3357 1732 rursum
3380 1672 3576 1730 missis
3612 1686 3743 1730 cum

354 1769 411 1828 in
441 1767 570 1824 visu
613 1762 856 1834 angelus
888 1755 1150 1816 Domini:
1181 1753 1301 1822 Est,
1343 1749 1552 1821 inquit,
1596 1749 1830 1806 senator
1871 1749 1995 1814 qui-

349 1859 501 1930 dam,
528 1851 850 1914 Eucherius
876 1845 1122 1914 nomine,
1146 1856 1323 1914 super
1347 1839 1582 1897 ﬂuvium
1617 1835 1746 1902 (aL,
1778 1835 1997 1930 Daren-

345 1921 516 2021 tiam')
539 1941 873 2004 Druentiam
898 1941 1170 1995 retrusus
1190 1932 1247 1988 in
1270 1943 1466 2002 specu,
1493 1925 1610 1998 qui,
1639 1921 1859 1982 relictis
1881 1936 2005 1978 on.-

352 2011 528 2100 nibus
567 2047 696 2108 qua
737 2025 1092 2104 possidebat,
1137 2024 1376 2080 secutus
1406 2023 1504 2108 est
1550 2015 1890 2108 Dominumi
1923 2011 1992 2068 ad

355 2129 508 2187 hunc
533 2100 939 2182 deducendum
972 2113 1217 2188 pergite,
1242 2115 1302 2166 et
1326 2107 1489 2165 vobis
1514 2108 1808 2178 pastorem
1833 2100 1994 2158 illum

357 2212 720 2281 constituite,
756 2204 1023 2280 quoniam
1047 2217 1076 2260 a
1109 2202 1225 2258 Deo
1264 2195 1489 2254 electus
1526 2198 1635 2252 est.
1671 2191 1836 2281 Quod
1857 2203 1992 2281 cum

359 2318 504 2380 puer
517 2279 848 2362 senioribus
861 2291 1100 2354 diliculo
1115 2287 1438 2355 retulisset,
1456 2279 1839 2354 omnipotenti
1854 2279 1990 2380 Deo,

355 2369 584 2456 cunctis
606 2387 885 2448 fratribus
907 2379 1264 2444 convocatis,
1297 2375 1519 2446 gratias
1548 2375 1836 2443 egerunt;
1866 2369 1995 2428 mis-

355 2490 677 2556 soquecum
691 2473 924 2536 clericis
943 2469 1014 2527 ad
1031 2469 1334 2542 prafatum
1352 2464 1537 2521 locum
1561 2459 1990 2528 archidiacono,

357 2550 457 2646 qui
483 2577 628 2629 tunc
653 2562 920 2625 ecclesia
949 2571 1148 2616 curam
1170 2553 1432 2625 gerebat,
1460 2550 1806 2646 invenerunt
1840 2561 1992 2616 eum,

357 2636 508 2722 sicut
538 2655 816 2716 Dominus
837 2647 1146 2708 revelarat.
1173 2643 1429 2714 Cumque
1449 2637 1534 2696 illi
1557 2636 1996 2695 archidiaconus

357 2765 481 2810 rem
514 2749 757 2822 prepter
788 2753 958 2812 quam
997 2736 1237 2792 venerat
1279 2728 1604 2798 retulisset,
1649 2725 1826 2798 capit
1865 2739 1995 2782 eum

349 2817 682 2914 juramento
710 2831 904 2890 dicere
927 2840 987 2886 se
1009 2820 1336 2883 voluntarie
1360 2817 1432 2875 de
1459 2831 1634 2890 specu
1664 2829 1773 2914 non
1804 2826 1997 2884 egres-

355 2902 576 2998 surum,
608 2937 714 2983 nec
733 2933 864 2980 cum
885 2931 974 2987 eo,
1009 2913 1118 2972 nisi
1145 2911 1362 2982 ligatus
1393 2907 1727 2974 duceretur,
1754 2902 1991 2960 iturum.

356 2991 614 3090 Cumque
635 3013 734 3072 diu
753 3007 896 3066 talia
919 3005 1236 3076 repeteret,
1267 2995 1728 3090 archidiaconus,
1753 2991 1997 3090 eﬂ‘racto

360 3057 536 3167 E3133
545 3057 1314 3176 speluunc'aaduxiteumﬁt
1335 3087 1500 3156 juxta
1525 3084 1688 3176 quod
1699 3057 1824 3152 ipse
1841 3081 1998 3176 jura:
2027 3057 2080 3122 C

363 3197 549 3263 verat,
579 3167 872 3246 'vinctum
913 3177 1185 3254 perduxit
1236 3174 1596 3244 Lugdunum.
1651 3168 1834 3263 Quem
1864 3167 1998 3263 pari

240 3340 251 3352 .
363 3255 572 3353 animo,
603 3288 832 3349 unoque
864 3281 1152 3329 consensu
1181 3263 1378 3320 clerus
1402 3265 1460 3317 et
1491 3257 1743 3332 populus
1765 3256 1876 3313 sibi
1899 3255 2001 3312 eli-

357 3387 506 3446 gens
525 3344 909 3432 sacerdotem,
927 3359 982 3414 in
1008 3348 1625 3446 pontiﬁcali-cathedra
1651 3344 2000 3446 solemniter

363 3435 690 3519 collocavit.
716 3451 899 3522 Hujus
927 3459 1073 3504 uxor
1103 3440 1288 3510 Galla,
1331 3439 1386 3495 in
1417 3442 1620 3495 sancto
1651 3435 1854 3492 habitu
1885 3435 2000 3491 Deo

363 3547 646 3614 serviens,
681 3538 1016 3614 speluncam
1047 3534 1173 3604 ejus
1203 3530 1482 3600 ingressa,
1517 3539 1684 3582 omne
1715 3522 1831 3580 illic
1863 3523 2000 3580 vita

362 3651 482 3696 sua
511 3610 741 3706 tempus
772 3629 828 3685 in
859 3623 1056 3684 studio
1095 3617 1395 3689 religionis
1433 3614 1646 3706 exegit.
1683 3615 1818 3668 Dua
1848 3610 2002 3706 ipsc-

363 3740 490 3786 rum
553 3699 708 3791 illia,
759 3729 1003 3790 quarum
1054 3725 1165 3768 una
1217 3703 1540 3774 Consortia,
1595 3701 1778 3759 altera
1817 3699 1999 3791 Tullia

360 3788 701 3880 vocabatur,
737 3788 1092 3877 virginitatis
1131 3796 1321 3869 gratia
1361 3799 1418 3851 et
1469 3793 1764 3862 signorum
1813 3788 1998 3860 gloria

359 3903 718 3962 claruerunt.

850 3983 908 4036 F.
942 3980 1034 4035 XV
1063 3976 1216 4032 ΚΑΒ.
1249 3971 1545 4030 DECEMB.

1032 4066 1083 4134 (4
1091 4068 1124 4119 7
1153 4062 1322 4127 Nov.)

431 4183 460 4222 δ
487 4179 654 4254 Apud
689 4171 1094 4235 Alexandriam
1119 4170 1178 4224 Β.
1216 4160 1828 4254 Dionysiiepiscopi,in
1861 4158 2002 4218 mul-

363 4273 443 4330 tis
470 4249 625 4343 sape
661 4259 1123 4325 confessionibus
1161 4255 1304 4314 satis
1331 4252 1497 4323 clari,
1542 4256 1600 4308 et
1645 4265 1747 4322 pro
1785 4249 2003 4322 passio-

365 4375 498 4418 num
537 4338 1080 4418 tormentorumque
1103 4343 1444 4402 diversitate
1470 4338 2004 4410 magniﬁci,tempo-

2106 1769 2452 1828 centurione
2481 1766 2834 1824 militaribus
2864 1764 3025 1835 viris,
3061 1763 3250 1836 ipsum
3273 1761 3636 1834 Dionysium,
3685 1766 3746 1818 et

2105 1873 2235 1917 cum
2265 1873 2334 1919 eo
2365 1857 2564 1914 Gaium
2613 1859 2672 1912 et
2716 1854 2954 1911 Petrum
3003 1851 3228 1908 catenis
3258 1851 3644 1920 constrictos,
3686 1854 3746 1906 et

2106 1947 2360 2006 diversis
2381 1943 2746 2003 cruciatibus
2770 1942 3037 2010 afﬂictos,
3063 1940 3121 1996 in
3143 1939 3440 1996 desertum
3455 1936 3747 2009 quoddam

2106 2035 2298 2107 Libya
2329 2037 2764 2108 pertraxerunt,
2789 2031 2987 2101 ibique
3017 2043 3120 2086 eos
3152 2029 3209 2084 in
3242 2027 3374 2086 loco
3413 2025 3750 2099 squallidis-

2107 2124 2274 2194 simo,
2307 2129 2365 2180 et
2397 2122 2550 2180 omni
2588 2135 2693 2178 usu
2731 2117 3113 2178 humanitatis
3141 2120 3399 2188 carente,
3430 2130 3462 2173 a
3493 2117 3754 2174 Parata-

2105 2215 2203 2271 nio
2243 2213 2418 2270 trium
2469 2211 2694 2269 dierum
2746 2209 2956 2266 itinere
2997 2208 3054 2265 in
3107 2207 3404 2265 desertum
3445 2209 3749 2278 protento,

2107 2316 2287 2359 nexos
2325 2299 2576 2358 vinculis
2616 2297 3001 2369 reliquerunt.
3054 2297 3207 2352 Tunc
3248 2295 3532 2366 temporis
3570 2293 3754 2351 etiam

2106 2389 2387 2446 Maximus
2402 2388 2730 2460 presbyter,
2747 2389 2804 2442 et
2819 2385 3156 2455 Dioscorus,
3172 2383 3501 2440 Demetrius
3516 2396 3754 2454 quoque

2105 2481 2166 2536 et
2183 2477 2648 2546 Lucius,necnon
2671 2474 2982 2532 Faustinus
3005 2478 3179 2546 atque
3203 2471 3584 2544 Aquila,satis
3603 2470 3754 2530 clari

2105 2570 2163 2622 et
2197 2563 2459 2633 insignes
2489 2561 2660 2619 titulo
2689 2561 3080 2619 confessionis
3107 2559 3300 2618 eﬂ‘ecti
3326 2564 3483 2616 sunt.
3519 2559 3752 2616 Interea

2109 2653 2318 2710 beatus
2339 2651 2650 2723 Dionysius
2673 2665 2981 2722 regressus
3006 2647 3605 2718 Alexandriam,senio
3622 2661 3757 2718 gra-

2105 2746 2280 2798 vatus
2313 2739 2535 2811 quievit
2559 2741 2614 2796 in
2649 2755 2811 2813 pace,
2845 2739 3047 2798 decem
3081 2743 3139 2796 et
3173 2741 3399 2810 septem
3431 2737 3602 2794 annis
3632 2737 3757 2793 t'un-

2107 2832 2244 2886 ctus
2279 2829 2636 2886 sacerdotio.

2179 2917 2394 2975 Eodem
2419 2917 2533 2985 die,
2567 2916 2810 2974 civitate
2835 2916 3104 2974 Corduba
3145 2915 3200 2972 in
3225 2915 3521 2988 Hispaniis
3555 2915 3757 2987 passio

2107 3011 2442 3063 sanctorum
2473 3008 2791 3076 martyrum
2822 3004 3062 3062 Asciscli
3099 3007 3160 3061 et
3189 3002 3462 3062 Victoria
3497 3023 3509 3058 :
3546 3003 3648 3060 ubi
3684 3002 3757 3060 ob

2106 3093 2667 3150 commendationem
2683 3093 2960 3164 pretiosa
2986 3092 3192 3150 mortis
3205 3106 3407 3149 eorum
3429 3090 3638 3150 eodem
3665 3091 3759 3147 die

2109 3195 2262 3238 rosa
2293 3185 2440 3238 orta
2471 3181 2752 3238 divinitus
2783 3180 3062 3238 ﬂorentes
3093 3180 3470 3250 colliguntur.

2180 3278 2204 3307 ο
2235 3269 2582 3341 Aurelianis,
2611 3269 2799 3326 sancti
2832 3268 3036 3326 Aniani
3070 3269 3352 3341 episcopi.

2563 3404 2622 3458 ϐ.
2660 3402 2777 3458 XIV
2808 3403 2964 3458 KAL;
2999 3401 3304 3460 NOVEMB.

2787 3520 2883 3586 (48
2901 3517 3076 3586 Nec.)

2179 3633 2207 3670 ά
2240 3631 2584 3702 Antiochia,
2612 3629 2805 3688 natale
2829 3631 3016 3686 sancti
3041 3631 3302 3700 Romani,
3346 3630 3441 3701 qui
3476 3633 3762 3703 tempori-

2113 3721 2222 3777 bus
2254 3718 2622 3790 Diocletiani,
2655 3735 2784 3776 cum
2820 3703 3196 3790 Asclepiades
3228 3719 3542 3791 prafectus
3573 3719 3762 3777 eccle-

2111 3808 2254 3866 siam
2302 3809 2648 3880 irrumpere,
2683 3822 2926 3879 eamque
2960 3807 3222 3864 funditus
3248 3812 3570 3864 conaretur
3600 3823 3764 3866 ever-

2111 3901 2258 3968 tere,
2285 3901 2537 3954 cateros
2563 3896 2923 3954 Christianos
2945 3897 3214 3954 hortatus
3234 3900 3324 3954 est
3348 3900 3411 3954 ut
3442 3897 3495 3952 ei
3525 3904 3766 3956 contra-

2111 3985 2395 4042 dicerent.
2425 3984 2586 4041 Unde
2610 3999 2740 4042 eum
2764 3983 3036 4057 protinus
3067 3985 3322 4044 vinctum
3354 3985 3465 4042 sibi
3489 3987 3764 4044 exhiberi

2105 4072 2303 4144 jussit,
2328 4076 2388 4128 et
2411 4071 2704 4128 Christum
2737 4072 3216 4130 constantissime
3239 4073 3627 4130 conﬁtentem
3652 4062 3766 4146 pri-

2111 4175 2264 4216 mum
2285 4159 2522 4216 extendi
2545 4158 2814 4230 equuleo,
2832 4159 3044 4216 deinde
3069 4159 3386 4232 plumbatis
3407 4161 3684 4232 graviter
3707 4163 3766 4218 et

2113 4247 2366 4304 fustibus
2398 4247 2577 4316 cadi;
2601 4252 2736 4320 post
2759 4248 2880 4306 hac
2898 4249 3074 4306 etiam
3098 4247 3379 4307 novacula
3413 4249 3764 4308 acutissima

2111 4334 2377 4392 maxillas
2419 4335 2470 4392 ei
2515 4336 2638 4393 radi
2683 4337 2823 4394 fecit
2851 4345 2894 4390 ο.
2938 4339 3091 4394 Tunc
3128 4337 3199 4395 ad
3233 4337 3582 4411 petitionem
3630 4338 3762 4408 ejus

365 4409 1298 4517 ribusimperatorum-Valeriani
1331 4435 1388 4486 et
1431 4409 1692 4486 Gallieni.
1743 4426 2000 4517 Denique
2029 4409 2082 4469 D
2112 4437 2354 4517 puerum
2377 4424 2682 4497 parvulum
2705 4425 2899 4483 induci
2921 4426 3202 4499 praecepit
3227 4409 3434 4500 {quem
3455 4425 3762 4484 Romanus

364 4515 1094 4604 refertum—insectantibus
1121 4537 1182 4580 se
1213 4519 1689 4594 persecutoribus
1716 4531 1846 4574 cum
1878 4515 2000 4588 ipse

361 4628 581 4685 astaret
611 4603 812 4694 judici,
848 4613 1254 4689 respondisse:
1286 4609 1432 4678 Quid
1464 4605 1804 4666 insectando
1843 4603 2002 4694 labo-

363 4714 550 4774 ratis?
579 4691 760 4784 Caput
787 4721 973 4764 meum
998 4718 1104 4777 pro
1133 4716 1248 4773 quo
1277 4711 1626 4770 magnopere
1659 4691 1996 4784 fatigamini,

364 4803 624 4862 avulsum
659 4780 989 4857 cervicibus
1021 4791 1234 4850 sumite
1275 4793 1333 4845 et
1367 4788 1578 4844 donum
1618 4796 1884 4852 magnum
1928 4780 1998 4837 ad

360 4896 668 4964 tyrannum
715 4892 774 4945 et
816 4886 1225 4956 imperatorem
1266 4881 1524 4934 vestrum
1559 4874 1724 4929 ferte.
1777 4871 2000 4926 Prases

363 4957 559 5038 autem
585 4974 923 5034 Emilianus
962 4972 1108 5027 erat.
1144 4968 1290 5022 Ante
1332 4977 1501 5035 quem
1535 4975 1664 5018 cum
1696 4957 2000 5029 Dionysius

361 5081 540 5125 unum
567 5065 754 5125 solum
781 5063 960 5120 Deum
996 5058 1438 5131 prosqueretur,
1474 5049 1571 5122 qui
1593 5047 1804 5108 calum
1837 5045 2000 5104 fecis-

363 5159 452 5214 set
475 5157 536 5212 et
554 5157 792 5225 terram,
813 5151 1080 5220 huncque
1110 5145 1333 5203 diceret
1357 5139 1736 5210 adorandum,
1751 5142 1999 5196 cateros

431 5286 462 5316 ι
488 5274 603 5334 Ms.
637 5273 994 5333 Durentimm.

430 5345 460 5386 δ
488 5332 724 5417 Euseb.,
757 5332 838 5402 lib
866 5361 942 5417 vr,
977 5357 1084 5416 cap
1107 5343 1194 5413 33,
1218 5335 1369 5396 Buﬂ‘.
1401 5351 1452 5393 c.
1488 5339 1575 5405 30,
1609 5337 1669 5390 et
1700 5332 1994 5405 deinceps,

360 5417 578 5480 Euseb.
605 5415 825 5474 lib.’vn.

431 5476 575 5550 ό⁷10.
608 5485 757 5548 Ruﬂ’.
785 5486 1022 5558 Grcgor,
1045 5485 1202 5554 Tur.,
1229 5480 1330 5540 lib.
1366 5493 1408 5539 ιι
1436 5476 1582 5538 Hist.
1615 5476 1815 5535 Franc.

2111 4511 2326 4568 Christi
2369 4527 2573 4570 nomen
2613 4513 2910 4584 invocans,
2963 4517 3158 4572 utrum
3209 4528 3386 4572 unum
3426 4527 3498 4570 an
3547 4514 3762 4586 plures

2111 4599 2252 4658 deos
2284 4600 2492 4659 melius
2525 4605 2683 4659 esset
2725 4601 2922 4659 colere
2965 4601 3368 4674 interrogavit,
3415 4606 3479 4660 ut
3519 4615 3598 4660 ex
3631 4605 3763 4675 ejus

2107 4691 2475 4747 confessione
2500 4690 2814 4763 praefectus
2829 4690 3302 4748 confunderetur.
3327 4691 3586 4762 Cumque
3614 4705 3766 4765 puer

2111 4793 2286 4836 unum
2315 4780 2494 4836 Deum
2535 4777 2722 4836 solum
2751 4779 3106 4836 credendum
3138 4793 3268 4836 esse
3299 4779 3569 4849 dixisset,
3613 4779 3768 4836 indi-

2107 4869 2322 4937 gnatus
2343 4865 2734 4938 Asclepiades,
2757 4871 2986 4925 catomo
3007 4867 3283 4940 suspendi
3305 4881 3436 4924 eum
3458 4881 3527 4925 ac
3547 4868 3768 4925 verbe-

2109 4955 2247 5025 rari,
2289 4959 2350 5011 et
2381 4957 2680 5028 postremo
2711 4955 2886 5013 etiam
2927 4955 3205 5014 decollari
3233 4956 3434 5028 jussit.
3477 4956 3626 5014 Erat
3667 4970 3766 5014 an-

2107 5047 2225 5100 tem
2266 5057 2478 5100 nomen
2518 5058 2699 5117 puero
2731 5044 2985 5102 Baralas.
3026 5045 3320 5102 Romanus
3359 5059 3502 5103 vero
3543 5057 3766 5103 rursus

2107 5131 2358 5204 equuleo
2379 5147 2726 5208 suspensus,
2748 5133 3102 5206 ungulisque
3123 5137 3422 5206 exaratus,
3449 5135 3522 5191 ad
3545 5146 3766 5206 rogum

2109 5262 2474 5406 cagguseb,
2509 5327 2608 5406 li_b.
2643 5343 2763 5402 vm,
2795 5343 2923 5406 cap.
2959 5336 3045 5392 12.

2181 5408 2206 5438 ο
2225 5399 2528 5471 Prudent.,
2553 5399 2857 5474 hymn,'1o.
