3992 6170
237 249 337 300 397

976 242 1582 300 MARTYROLOGIUM
1620 243 1761 300 CUM
1801 243 2324 300 ADDITAMENTIS.
2368 275 2436 286 —
2476 246 2676 301 MENS.
2720 246 2881 302 NOV.

3534 260 3636 310 398

232 366 559 436 ardentem,
587 365 643 421 in
673 380 841 437 quem
883 336 1374 439 praecipitaretur,
1404 366 1725 440 perductus
1755 372 1867 432 est.
1898 368 1955 431 Α
1983 369 2039 423 et
2091 367 2472 439 confessoris,
2506 368 2604 440 qui
2656 368 3103 440 quadragesimo
3160 371 3422 428 secundo
3477 389 3634 434 anno

233 455 370 527 Sed,
403 459 615 513 orante
645 468 734 525 eo,
768 454 926 511 venit
961 460 1202 528 repente
1247 455 1432 512 imber
1476 456 1780 527 inundans,
1824 459 1882 511 et

230 544 524 602 exstinxit
558 544 768 614 ignem.
813 544 952 600 Post
1003 544 1109 601 hoc
1155 544 1335 615 jussit
1379 543 1433 600 ei
1483 543 1736 615 linguam
1789 546 1886 602 ab-

232 633 456 691 scindi.
493 632 617 700 Quo
649 633 822 704 facto,
866 647 996 688 cum
1040 632 1331 690 Christum
1377 648 1519 690 voce
1559 633 1884 691 clarissima

225 720 621 780 collaudaret.
671 720 940 779 reclusus
990 720 1044 777 in
1092 736 1409 793 carcerem,
1453 723 1525 778 ad
1556 726 1882 780 extremum

230 807 448 880 laqueo
479 807 883 878 strangulatus
918 813 1027 865 est.

298 897 522 954 Eodem
545 896 638 953 die
660 897 715 953 in
739 897 941 954 eadem
965 897 1132 967 urbe,
1149 896 1362 954 natalis
1386 898 1573 953 sancti
1594 897 1902 968 Hesychii,

230 986 329 1059 qui
376 986 490 1043 sub
532 985 775 1057 przefato
822 985 1176 1057 imperatore
1215 1001 1345 1042 cum
1386 989 1543 1043 esset
1596 986 1783 1056 miles,
1824 989 1882 1042 ct

230 1078 598 1149 preceptum
630 1072 916 1141 audisset,
969 1078 1032 1130 ut
1075 1073 1343 1145 quisquis
1380 1089 1490 1131 non
1525 1074 1882 1132 sacrificaret

229 1162 407 1219 idolis
436 1160 735 1231 cingulum
768 1161 992 1219 militia
1026 1161 1366 1233 deponeret,
1404 1168 1646 1235 repente
1687 1163 1885 1235 cingu-

231 1251 355 1309 lum
380 1249 578 1307 solvit.
601 1248 687 1306 Ob
708 1250 856 1306 hanc
877 1264 1114 1307 causam
1140 1251 1458 1322 imperator
1476 1251 1704 1309 colobio
1723 1253 1885 1310 indu-

232 1345 377 1409 tum,
396 1338 587 1411 primo
610 1338 667 1394 in
697 1353 1016 1410 gyneceum
1048 1354 1181 1396 eum
1215 1340 1375 1396 dedit
1400 1358 1415 1406 ;
1439 1340 1670 1412 deinde,
1706 1341 1885 1412 ligato

232 1429 287 1483 in
320 1426 571 1485 dextera
594 1426 723 1496 ejus
753 1441 895 1485 saxo
928 1427 1170 1498 ingenti,
1188 1427 1242 1483 in
1267 1428 1502 1485 ﬂuvium
1529 1429 1882 1501 praecipitari

235 1516 428 1573 iussit.

227 1532 428 1587 Iussu'
650 1588 712 1641 A.
774 1586 894 1641 x111
949 1586 1104 1643 KAL.
1165 1586 1463 1643 DECEMB.

919 1677 1008 1739 (49
1037 1675 1210 1743 Nov.)

300 1783 522 1852 Romae,
538 1781 632 1838 via
650 1781 854 1853 Appia,
871 1780 1085 1837 natalis
1101 1781 1290 1839 sancti
1303 1781 1529 1837 Maximi
1555 1781 1882 1853 presbyteri

229 1877 291 1927 et
322 1869 624 1941 martyris,
661 1869 759 1940 qui
793 1869 1201 1940 persecutione
1225 1869 1510 1925 Maximini
1535 1884 1763 1941 passus,
1791 1885 1889 1942 po-

229 1958 383 2017 situs
405 1961 504 2014 est
538 1957 611 2014 ad
645 1961 909 2015 sanctum
947 1956 1190 2014 Sixtum.

302 2046 473 2119 Apud
522 2046 821 2114 Viennam,
870 2049 1207 2102 sanctorum
1242 2050 1560 2116 martyrum
1604 2048 1884 2115 Severini,

227 2134 509 2207 Exuperii
540 2138 601 2191 et
636 2133 947 2191 Feliciaui:
996 2148 1241 2204 quorum
1279 2149 1524 2205 corpora
1568 2138 1702 2207 post
1736 2135 1889 2193 mula

230 2238 519 2281 annorum
543 2221 858 2292 curricula,
879 2221 1027 2294 ipsis
1052 2221 1745 2295 revelantibus,inventa,
1775 2228 1835 2281 et
1858 2240 1888 2282 a

230 2311 514 2384 pontiﬁce
543 2309 709 2368 urbis
738 2309 898 2367 clero
931 2313 990 2367 et
1027 2309 1239 2382 populo
1270 2310 1584 2370 honoriﬁce
1631 2312 1884 2385 sublata,

230 2401 283 2456 in
316 2399 570 2457 basilica
603 2398 791 2456 sancti
825 2396 1085 2469 Romani,
1122 2414 1251 2470 quae
1274 2400 1391 2471 jam
1425 2400 1595 2464 dicta:
1627 2401 1887 2458 civitatis

227 2493 396 2561 parte
426 2487 705 2545 orientali
749 2487 863 2543 sita
906 2490 1019 2557 est,
1066 2487 1355 2557 condigno
1396 2489 1612 2546 honore
1652 2490 1886 2548 condita

235 2582 395 2635 sunt.

301 2675 332 2704 ι
358 2665 463 2721 Die
494 2664 700 2721 eodem
739 2663 933 2721 natale
964 2664 1152 2721 sancti
1187 2664 1383 2721 Fausti
1417 2666 1710 2736 martyris.
1744 2668 1886 2725 Huic

231 2757 463 2810 tantum
495 2752 726 2811 ﬁducia;
758 2755 817 2809 et
853 2752 1354 2822 magnanimitatis
1384 2769 1487 2825 per
1516 2754 1615 2810 Dei
1638 2755 1884 2825 gratiam

233 2841 437 2898 datum
469 2846 585 2911 est,
622 2844 684 2897 ut
715 2855 845 2897 cum
876 2840 945 2897 ad
974 2855 1076 2897 eos
1112 2840 1207 2912 qui
1242 2841 1297 2896 in
1337 2856 1574 2898 carcere
1611 2844 1887 2900 teneban-

149 2942 155 2946 ’
226 2934 330 2987 tur
349 2929 589 2998 fratres,
618 2944 790 2985 nemo
823 2944 1068 3000 prorsus
1093 2929 1475 2987 humanitati
1494 2934 1552 2985 et
1577 2930 1885 2988 ministerii

230 3031 408 3074 causa
437 3017 885 3089 permitteretur
909 3018 1210 3084 accedere,
1235 3017 1349 3073 iste
1374 3032 1483 3074 una
1510 3032 1639 3075 cum
1662 3018 1885 3089 collega

229 3118 343 3163 suo
365 3105 624 3162 Eusebio
648 3104 1049 3161 indesinenter
1066 3108 1126 3161 et
1148 3105 1455 3176 reviseret,
1471 3110 1529 3162 et
1554 3106 1884 3163 necessaria

234 3192 629 3250 ministraret.
681 3195 752 3249 Et
800 3208 931 3249 cum
978 3207 1082 3265 per
1133 3193 1259 3251 dies
1305 3194 1567 3264 singulos
1619 3195 1886 3266 praesidis

226 3282 393 3339 furor
420 3286 725 3339 cresceret
750 3280 1076 3352 jugulando
1108 3281 1275 3353 alios,
1313 3282 1458 3340 alios
1488 3282 1795 3355 suppliciis
1827 3287 1884 3340 et

228 3368 486 3427 diversis
513 3369 882 3427 cruciatuum
913 3369 1234 3439 generibus
1259 3370 1585 3440 aﬂligendo,
1611 3370 1885 3443 squalore

224 3458 490 3516 carceris
522 3462 581 3515 et
605 3461 947 3515 catenarum
975 3457 1331 3529 ponderibus
1362 3459 1680 3529 enecando,
1707 3463 1764 3515 et
1792 3474 1887 3516 su-

231 3559 338 3617 per
359 3546 553 3602 omnia
580 3544 977 3617 praecipiendo
1000 3560 1070 3602 ne
1096 3546 1227 3617 quis
1251 3545 1322 3603 ad
1345 3561 1448 3603 eos
1463 3561 1708 3618 prorsus
1722 3562 1886 3605 acce-

230 3632 420 3702 deret,
439 3636 505 3689 ut
529 3637 588 3694 et
617 3632 808 3689 inedia
834 3633 1003 3704 quasi
1036 3633 1192 3691 aliud
1226 3634 1500 3691 tormenti
1522 3650 1708 3705 genus
1728 3636 1886 3692 adhi-

230 3720 481 3778 beretur
517 3738 533 3788 ;
584 3721 880 3778 concessit
921 3725 1117 3778 tamen
1153 3724 1308 3779 Deus
1349 3722 1483 3780 huic
1519 3723 1780 3795 diacono,
1825 3728 1882 3780 et

231 3807 480 3879 collegre
511 3808 642 3880 ejus
688 3810 958 3881 gratiam,
1008 3814 1068 3867 ut
1116 3810 1317 3867 invitis
1357 3811 1646 3883 omnibus,
1686 3813 1772 3867 eis
1812 3813 1881 3869 ad

226 3897 608 3954 confessores
634 3897 851 3954 Christi
877 3913 986 3955 non
1019 3902 1337 3969 negaretur
1374 3914 1673 3958 accessus.
1711 3901 1885 3957 Gran-

230 3984 640 4056 daevusigitur
652 3991 711 4042 et
737 3986 946 4059 plenus
970 3986 1195 4043 dierum
1211 3987 1511 4045 confessor
1534 3987 1879 4060 perdurans,

230 4072 501 4145 perfecto
526 4074 807 4146 martyrio
828 4076 890 4132 B.
920 4075 1172 4133 Faustus
1194 4076 1641 4134 obtruncatione
1672 4077 1883 4150 capitis

227 4166 672 4220 consummatus
698 4166 811 4219 est.

670 4269 730 4325 Β.
790 4269 887 4327 XII
945 4270 1102 4325 KAL.
1165 4270 1460 4328 DECEMB.

907 4356 999 4423 (20
1035 4358 1210 4426 Nov.)

1992 456 2305 514 sacerdotii
2359 457 2451 513 sui
2488 457 2694 529 plenus
2742 456 2967 513 dierum
2999 460 3172 527 atque
3205 459 3491 519 virtutum
3529 464 3637 521 mi-

1991 545 2181 615 gravit
2214 544 2282 601 ad
2316 545 2637 603 Dominum.

2471 636 2529 691 C.
2574 634 2644 691 XI
2684 634 2839 690 KAL.
2883 634 3160 692 DECEMB

2663 726 2749 785 (2!
2791 724 2966 792 Noe.)

2065 808 2283 865 Natalis
2330 808 2652 865 beatissimi
2688 810 2834 879 Rufi,
2871 811 2942 867 de
2984 826 3100 882 quo
3142 813 3448 884 apostolus
3493 817 3635 873 Pau-

1993 896 2087 954 lus
2135 898 2205 954 ad
2253 898 2540 953 Romanos
2591 898 2798 953 scribit
2836 918 2848 952 :
2883 899 3169 957 Salutate
3215 901 3450 974 Rufum
3496 904 3636 960 elec-

1994 986 2141 1055 tam,
2165 986 2225 1042 et
2245 986 2499 1043 matrem
2529 987 2661 1057 ejus
2690 986 2751 1042 et
2772 1000 2964 1043 meam
2997 989 3185 1053 (Rom.
3222 990 3361 1059 xvr).

2065 1075 2125 1129 In
2174 1073 2359 1143 Italia,
2417 1073 2772 1131 monasterio
2823 1075 3024 1145 Bobio,
3059 1077 3247 1133 sancti
3299 1077 3632 1135 Columbani

1995 1162 2246 1232 abbatis,
2284 1162 2380 1232 qui
2435 1162 2749 1219 multorum
2800 1164 3194 1220 czenobiorum
3243 1165 3535 1236 fundator,
3578 1171 3635 1224 et

1998 1249 2507 1307 innumerabilium
2541 1254 2708 1320 pater
2747 1251 2980 1306 exstitit
3026 1253 3456 1325 monachorum,
3496 1253 3639 1313 mul-

1996 1338 2190 1408 tisque
2211 1336 2535 1394 virtutibus
2566 1336 2783 1408 clarus,
2803 1339 3024 1409 quievit
3052 1341 3106 1395 in
3132 1344 3438 1397 senectute
3465 1342 3632 1399 bona.

2492 1443 2553 1496 D.
2588 1443 2631 1498 X
2666 1442 2803 1498 KAL
2840 1444 3135 1501 DECEMB.

2668 1533 2761 1597 (22
2798 1532 2972 1602 Nov.)

2066 1619 2281 1687 Romae,
2302 1617 2513 1675 natalis
2529 1624 2749 1676 sancta
2765 1619 3012 1677 Caecilia:
3036 1620 3301 1691 virginis,
3322 1636 3450 1692 quae
3466 1638 3638 1697 spon-

1915 1718 1968 1777 B
2000 1721 2126 1762 sum
2153 1721 2322 1763 suum
2344 1705 2715 1765 Valerianum
2737 1711 2793 1764 et
2822 1708 3059 1764 fratrem
3080 1709 3541 1780 ejusTiburtium
3566 1712 3637 1770 ad

1995 1794 2349 1851 credendum
2376 1795 2605 1853 Christo
2637 1797 2964 1868 perdocuit,
2988 1813 3053 1854 ac
3081 1797 3291 1856 deinde
3322 1798 3395 1855 ad
3428 1805 3639 1873 marty-

1997 1882 2144 1939 rium
2180 1883 2465 1939 incitavit.
2490 1886 2643 1940 Hanc
2668 1884 3001 1942 Almachius
3025 1892 3157 1958 post
3183 1887 3523 1959 martyrium
3546 1904 3639 1946 co-

1996 1984 2124 2027 rum
2156 1970 2344 2027 teneri
2388 1971 2544 2042 fecit,
2578 1977 2637 2028 et
2679 1976 2739 2029 ut
2774 1973 2944 2030 thura
2987 1974 3350 2033 daemonibus
3394 1980 3636 2048 poneret

1998 2058 2236 2131 impelli.
2257 2060 2792 2131 Apparitoresvcro
2807 2063 3182 2119 attendentes
3207 2064 3442 2120 nimium
3467 2063 3638 2121 deco-

1998 2161 2116 2203 rem
2141 2152 2201 2203 et
2224 2148 2591 2219 prudentiam
2624 2150 2774 2221 ejus,
2810 2152 3095 2220 rogabant
3134 2166 3257 2208 eam
3293 2166 3362 2208 ne
3396 2152 3511 2209 tale
3542 2153 3638 2210 de-

1996 2250 2103 2292 cus
2137 2235 2521 2307 amitteret,et
2549 2242 2767 2293 tantam
2792 2238 3286 2310 pulchritudinem
3310 2240 3366 2296 in
3391 2245 3637 2299 mortem

1998 2322 2183 2379 daret.
2220 2326 2293 2379 At
2324 2323 2423 2380 illa
2465 2325 2775 2382 consilium
2829 2326 3066 2398 pietatis
3107 2327 3467 2385 sufficienter
3505 2328 3640 2386 insi-

1998 2416 2275 2482 nuans,et
2298 2413 2369 2469 de
2391 2417 2580 2484 grata
2604 2414 3023 2486 omnipotentis
3047 2416 3145 2472 Dei
3166 2431 3267 2473 eos
3294 2417 3636 2487 informans,

1995 2515 2124 2557 cum
2151 2501 2222 2558 ad
2245 2502 2600 2559 credendum
2626 2503 2858 2560 Christo
2882 2508 3479 2576 permotoscerneret,
3497 2505 3642 2563 dicit

1997 2588 2083 2656 eis
2117 2608 2129 2643 :
2164 2590 2270 2659 Ite,
2296 2589 2474 2646 dicite
2504 2590 2723 2647 infelici
2747 2590 3044 2649 Almachio
3068 2593 3219 2663 quod
3253 2609 3362 2665 ego
3395 2594 3639 2663 indicias

1997 2681 2211 2748 petam,
2250 2682 2314 2734 ut
2354 2678 2447 2733 hic
2481 2678 2634 2734 intra
2676 2678 2906 2736 domum
2955 2694 3138 2737 meam
3180 2681 3381 2739 faciam
3414 2682 3633 2755 venire,

1998 2766 2211 2842 quivos
2224 2780 2426 2822 omnes
2453 2765 3019 2825 faciatvitwaeternte
3044 2768 3637 2842 participes.Veniens

1998 2840 2347 2925 igitur’papa
2375 2858 2618 2911 sanctus
2640 2856 2930 2925 Urbanus,
2949 2857 3239 2928 haptizavi
3259 2840 3423 2930 tplus
3447 2859 3635 2916 minus

1997 2955 2164 3011 quam
2183 2942 2645 3012 quadringentos
2672 2943 2984 3013 promiscui
3003 2959 3182 3001 sexus
3195 2946 3637 3016 homines,inter

1919 3063 1965 3124 C
1997 3042 2143 3124 quos
2177 3044 2327 3124 unus
2358 3029 2721 3124 clarissimus
2750 3031 2841 3086 vir
2869 3036 3004 3124 erat
3029 3032 3256 3089 nomine
3290 3033 3629 3103 Gordianus.

1998 3117 2211 3173 lterum
2237 3117 2571 3174 Almacbius
2602 3120 2827 3175 beatam
2855 3119 3124 3176 Ceciliam
3151 3120 3262 3177 sibi
3290 3125 3634 3193 praesentari

1991 3204 2191 3275 jussit.
2208 3205 2279 3261 Et
2298 3220 2428 3262 cum
2444 3205 2893 3279 insuperabilem
2910 3222 3031 3264 eam
3048 3208 3103 3264 in
3117 3209 3481 3268 confessione
3504 3211 3634 3269 fidei

2002 3307 2339 3364 permanere
2356 3293 2606 3365 videret,
2628 3294 2794 3364 jubet
2830 3300 2890 3353 ut
2925 3297 2994 3352 ad
3028 3297 3257 3355 domum
3278 3314 3438 3355 suam
3464 3299 3635 3358 duce-

1998 3386 2162 3437 retur
2211 3387 2267 3437 et
2320 3381 2398 3437 ibi
2434 3382 2678 3439 ﬂammis
2714 3382 3084 3442 balnearibus
3133 3393 3629 3446 concremaretur.

1996 3469 2103 3525 Ubi
2123 3468 2340 3526 inclusa
2370 3469 2462 3526 die
2487 3470 2717 3541 integro
2740 3475 2798 3527 et
2820 3476 3012 3544 nocte,
3031 3474 3259 3544 quasiin
3280 3475 3409 3534 loco
3426 3476 3635 3547 frigido

1996 3556 2224 3627 integra
2252 3558 2510 3629 perstitit
2548 3559 2819 3631 sanitate,
2847 3576 2977 3618 cum
3012 3576 3244 3634 semper
3274 3563 3538 3622 incendia
3571 3564 3637 3621 li-

1994 3644 2125 3712 gnis
2153 3645 2455 3715 congestis
2489 3646 2981 3705 ministrarentur.
3009 3649 3175 3714 Quod
3198 3652 3442 3708 audiens
3472 3652 3634 3710 Alma

1993 3731 2161 3788 chius
2184 3733 2592 3802 misitquieam
2618 3734 2954 3791 decollaret.
2979 3735 3158 3801 Quam
3180 3737 3502 3809 spiculator
3522 3745 3637 3796 tcr-

1993 3820 2079 3875 tio
2114 3819 2232 3876 ictu
2257 3821 2581 3891 peucussit,
2608 3821 2710 3876 sed
2733 3826 2909 3892 caput
2928 3823 3055 3892 ejus
3078 3831 3379 3896 amputare
3401 3841 3514 3883 non
3537 3842 3635 3900 po-

1996 3907 2130 3973 tuit;
2158 3908 2483 3980 supervixit
2513 3913 2706 3965 autem
2731 3909 3116 3969 triduo.Tunc
3140 3912 3193 3968 S.
3212 3915 3478 3972 Urbanus
3510 3931 3637 3972 cor-

1996 4009 2106 4066 pus
2151 3995 2279 4066 ejus
2320 3996 2589 4052 auferens
2630 4002 2823 4066 nocte,
2858 3999 3126 4070 sepelivit
3183 4001 3337 4057 inter
3375 4002 3634 4075 collegas

1996 4098 2135 4141 suos
2152 4084 2481 4156 episcopos.
2517 4086 2693 4142 Passa
2726 4090 2813 4142 est
2847 4091 3041 4143 autem
3075 4090 3242 4146 beata
3260 4091 3427 4161 virgo
3459 4092 3629 4149 Marci

1997 4171 2216 4229 Aurelii
2247 4177 2305 4228 et
2341 4173 2653 4230 Commodo
2685 4173 3098 4247 imperatorum
3139 4179 3527 4250 temporibus.

2455 4280 2515 4334 E.
2559 4280 2629 4335 IX
2671 4280 2825 4335 KAL.
2868 4281 3165 4339 DECEMB.

2662 4370 2755 4432 (23
2792 4369 2966 4439 Noe.)

300 4446 332 4482 δ
360 4445 576 4515 Roma,
601 4443 818 4501 natalis
841 4445 1029 4502 sancti
1062 4445 1327 4502 Pontiani
1352 4461 1532 4518 papae.
1556 4448 1684 4517 Qui,
1710 4449 1881 4505 Maxi-
1911 4414 1963 4473 Β
2065 4454 2093 4491 (1
2123 4452 2347 4510 Natalis
2379 4455 2565 4511 sancti
2600 4414 3056 4529 Clementia/qui
3089 4458 3197 4514 sub
3228 4461 3633 4530 persecutione

234 4531 395 4588 mino
427 4532 712 4590 adversus
742 4532 1125 4591 ecclesiarum
1157 4535 1499 4590 sacerdotes
1528 4536 1889 4607 persecutio-

235 4633 373 4677 nem
419 4624 843 4691 commovente,
888 4636 1018 4678 cum
1075 4622 1200 4693 [al.,
1244 4621 1531 4693 Philippo]
1578 4623 1889 4697 Hippolyto

237 4707 591 4780 presbytero
622 4709 945 4766 Sardiniam
986 4709 1351 4783 deportatus,
1396 4710 1591 4781 ibique
1635 4712 1889 4770 fustibus

241 4800 555 4868 mactatus,
591 4797 932 4869 martyrium
962 4799 1405 4856 consummavit.
1444 4800 1667 4871 Corpus
1699 4800 1827 4871 ejus
1857 4816 1887 4859 a

240 4882 416 4941 beato
454 4885 707 4943 Fabiano
747 4901 894 4957 papa
940 4885 1213 4957 relatum,
1258 4893 1432 4959 atque
1463 4887 1521 4945 in
1552 4890 1889 4947 cmmeterio

238 4969 469 5028 Callisti
486 4972 784 5045 sepultum
807 4979 921 5032 est.
944 4975 1105 5031 Sedit
1130 4980 1323 5033 autem
1346 4976 1402 5033 in
1425 4978 1768 5051 episcopatu
1793 4993 1888 5035 an-

236 5072 346 5117 nos
381 5073 623 5132 novem,
643 5077 875 5120 menses
904 5064 1182 5136 quinque,
1208 5064 1334 5122 dies
1364 5066 1529 5123 duos.

310 5147 480 5227 Apud
516 5148 794 5222 Siciliam,
827 5151 1067 5210 civitate
1090 5153 1374 5224 Messana,
1401 5159 1738 5213 sanctorum
1761 5159 1888 5214 Am-

323 5234 364 5290 li
397 5241 454 5292 et
487 5237 627 5295 Caii.
1760 5290 1771 5301 .

244 5248 631 5379 “33.15336
641 5307 912 5382 bilonem,
931 5311 1256 5370 beatissimi
1281 5312 1584 5386 Sylvestri,
1602 5290 1883 5389 θρίδοόρὶ.

315 5439 344 5509 ξ
371 5429 591 5509 Euseb.
625 5429 727 5509 li_h.
761 5449 858 5506 vn,
892 5449 1019 5509 cap.
1053 5442 1140 5494 1ο.

312 5499 341 5538 δ
371 5500 734 5576 Pontiﬁcale,
766 5520 816 5564 c.
843 5499 938 5563 '19.

1994 4539 2240 4611 Trajani,
2277 4542 2557 4614 martyrio
2587 4550 2925 4601 coronatur.

2070 4631 2223 4686 Tunc
2255 4630 2429 4687 etiam
2454 4630 2855 4687 illustrissima
2873 4636 2929 4686 et
2955 4632 3287 4691 beatissima
3300 4635 3400 4691 Dei
3421 4634 3629 4692 famula

1998 4715 2190 4774 Flavia
2215 4718 2528 4788 Domitilla,
2556 4733 2684 4789 qua:
2708 4719 2812 4775 fuit
2841 4717 3014 4775 Flavii
3038 4720 3353 4778 Clementis
3372 4720 3633 4779 consulis

1996 4818 2069 4861 ex
2098 4820 2297 4863 sorore
2332 4806 2545 4877 neptis,
2572 4812 2629 4863 et
2653 4822 2683 4863 a
2718 4812 2922 4865 sancto
2957 4808 3252 4865 Clemente
3283 4824 3449 4866 sacro
3481 4806 3635 4864 vela-

2000 4894 2151 4951 mine
2183 4894 2252 4951 ad
2285 4896 2339 4951 in
2360 4894 2646 4966 .egritatis
2685 4897 3472 4968 perseverantiamtraditur
3499 4911 3635 4955 con-

1997 4988 2243 5052 secrata,
2278 4984 2355 5040 ob
2386 4983 2783 5041 testimonium
2818 4984 2972 5055 quod
3005 4985 3231 5042 Christo
3266 4983 3630 5058 perhibebat,

1998 5084 2127 5127 cum
2168 5069 2307 5128 aliis.
2330 5071 2598 5144 plurimis
2629 5073 2685 5129 in
2727 5073 2973 5131 insulam
3007 5073 3268 5130 Pontiam
3300 5071 3508 5129 exsilio
3540 5073 3635 5130 de-

1999 5162 2252 5230 portata,
2286 5159 2521 5231 longum
2554 5161 2692 5217 inibi
2725 5161 3065 5232 martyrium
3097 5160 3282 5216 duxit.

2068 5245 2280 5304 Eodem
2311 5247 2424 5320 die,
2457 5249 2648 5307 natale
2687 5254 2905 5306 sanctae
2937 5246 3276 5318 Felicitatis,
3315 5251 3518 5308 matris
3549 5266 3636 5308 se-

2072 5377 2097 5408 °
2125 5370 2293 5441 Greg.
2328 5373 2459 5429 Tur.
2494 5371 2566 5428 de
2600 5371 2793 5428 Gloria
2826 5369 3080 5429 confess.
3112 5383 3161 5426 c.
3197 5375 3265 5427 85

2069 5439 2096 5478 ἀ
2125 5439 2270 5498 Vide
2302 5440 2563 5500 libellum
2596 5442 2666 5497 de
2697 5442 2852 5497 Fest.
2888 5443 3091 5513 Apost.
