3974 6150
375 231 478 286 399

1417 221 1471 276 s.
1515 212 1772 276 ADONIS
1811 195 2248 270 ARCHIEPISD.
2292 205 2708 298 VIENIVENSIS

3671 207 3771 261 ιοο

373 357 528 426 ptem
579 347 829 408 aliorum
879 350 1217 424 martyrum,
1252 359 1379 416 quae
1423 344 1664 416 jubente
1704 339 1992 400 Antonino
2020 334 2080 398 Α
2108 331 2752 426 σὴς-ἱειὶρωξγθφερηο,
2789 325 3114 426 Anastasis.
3169 324 3328 426 Licet
3377 330 3554 426 pater
3606 340 3771 426 meus

371 438 658 498 decollata
689 442 780 496 est
816 451 918 512 pro
951 436 1201 494 Christo.
1228 435 1380 492 Idem
1405 433 1556 491 enim
1589 431 2006 505 imperatoriu-

363 526 636 598 junxerat
661 526 937 598 praefecto
957 524 1118 582 urbis
1138 523 1363 592 Publio,
1393 528 1454 581 ut
1476 537 1601 581 eam
1624 519 2002 593 compelleret

369 630 500 671 cum
550 614 686 670 filiis
733 615 854 671 suis
904 613 1143 670 deorum
1203 611 1506 669 sacrificiis
1557 610 1842 667 inclinari.
1897 608 2004 676 Qui

375 699 589 758 blando
612 699 865 770 alloquio
887 701 958 758 ad
992 699 1341 756 sacrificium
1373 713 1496 755 eam
1537 711 1878 771 provocans,
1907 697 2008 752 mi-

374 792 550 846 natur
597 801 894 860 poenarum
945 786 1264 844 interitum.
1318 786 1418 844 Cui
1471 787 1638 844 beata
1687 783 2000 842 Felicitas:

372 875 488 933 Nec
513 875 924 934 blandimentis
950 875 1065 933 tuis
1078 875 1289 933 resolvi
1313 881 1537 947 potero,
1555 889 1660 932 nec
1677 873 2006 931 terroribus

375 963 591 1034 frangi:
624 964 811 1021 habeo
843 964 992 1021 enim
1015 963 1294 1035 Spiritum
1329 969 1611 1032 sanctum,
1643 963 1740 1033 qui
1773 977 1862 1018 me
1893 976 2006 1018 non

375 1052 673 1123 permittet
704 1051 854 1108 vinci
887 1066 918 1109 a
951 1051 1278 1120 diabolo,et
1315 1050 1444 1108 ideo
1477 1065 1680 1108 secura
1713 1065 1838 1108 sum
1873 1049 2005 1121 quia

371 1139 502 1196 viva
534 1143 594 1196 te
623 1140 953 1211 superabo;
989 1144 1047 1196 et
1080 1140 1126 1217 si
1161 1140 1470 1196 interfecta
1504 1139 1684 1208 fuero,
1708 1138 1916 1194 melius
1947 1141 2006 1192 te

371 1225 597 1284 vincam
631 1227 844 1284 occisa.
877 1226 1096 1284 Deinde
1134 1226 1244 1284 alia
1293 1227 1386 1283 die
1425 1226 1579 1284 sedit
1613 1227 1924 1299 praefectus
1951 1225 2006 1281 in

376 1313 501 1371 foro
531 1313 748 1384 Martis,
779 1314 1075 1386 jussitque
1109 1329 1233 1370 eam
1277 1314 1487 1372 adduci
1518 1329 1648 1372 cum
1682 1314 1814 1370 filiis
1846 1314 2006 1376 suis;

373 1401 466 1460 cui
486 1405 546 1459 et
573 1401 720 1459 dixit
747 1420 760 1457 :
788 1402 1062 1460 Miserere
1085 1401 1220 1460 filiis
1241 1403 1380 1470 tuis,
1403 1402 1716 1474 juvenibus
1739 1403 1924 1472 bonis,
1949 1406 2006 1459 et

373 1489 516 1547 flore
551 1489 750 1563 prima;
775 1489 1103 1561 juventutis
1131 1491 1495 1548 florentibus.
1532 1493 1706 1548 Beata
1738 1490 2009 1548 Felicitas

375 1577 710 1650 respondit:
735 1573 1130 1637 Misericordia
1165 1584 1263 1636 tua
1296 1579 1566 1652 impietas
1595 1584 1708 1649 est,
1723 1583 1785 1636 et
1803 1579 2010 1636 exhor-

2111 420 2306 479 cultor
2327 420 2503 478 fuerit
2519 418 3020 486 idolorum,mater
3037 421 3232 472 tamen
3247 415 3464 472 Fausta
3488 413 3771 473 Christia-

2113 509 2350 566 nissima
2383 521 2614 579 semper
2644 504 2865 562 vixisse
2897 504 3180 575 probatur
3209 507 3268 559 et
3303 507 3488 560 casta.
3525 503 3664 560 Haec
3685 518 3770 562 me

2113 597 2266 654 inter
2282 597 2406 668 ipsa
2419 593 2706 653 cunabula
2723 593 2860 651 fecit
2877 591 3002 648 fieri
3015 590 3579 648 Cbristianam.Post
3603 592 3770 664 cujus

2113 697 2327 742 excess
2339 699 2425 740 am
2451 681 2724 752 sacrilegi
2733 682 2935 753 jugum
2951 680 3147 736 mariti
3162 679 3423 750 suscepi.
3441 679 3768 750 Cujus,Deo

2117 773 2452 841 miserante,
2487 771 2718 827 thorum
2751 768 2992 825 mentita
3045 766 3386 823 infirmitate
3439 766 3766 838 declinans,

2115 859 2208 916 die
2242 864 2534 930 noctuque
2565 856 2787 914 Domini
2821 855 3010 913 nostri
3039 855 3178 912 Jesu
3200 853 3420 910 Christi
3443 853 3771 926 amplector

2115 947 2382 1018 vestigia.
2445 947 2584 1003 Cum
2641 945 2754 1000 iste
2805 943 3214 1014 patrimonium
3267 957 3478 1012 meum,
3531 957 3613 1000 ex
3660 957 3771 1014 quo

2117 1036 2470 1103 illustratur,
2515 1047 2646 1091 cum
2697 1031 2952 1102 indignis
3000 1035 3057 1087 et
3107 1029 3384 1102 turpibus
3433 1029 3768 1088 idololatria

2117 1123 2443 1191 exhauriat,
2473 1136 2560 1178 me
2583 1134 2814 1192 quoque
2838 1118 3017 1176 veluti
3042 1132 3304 1188 magnam
3326 1122 3506 1188 atque
3531 1118 3771 1176 sacrile-

2115 1223 2246 1282 gam
2269 1209 2554 1268 custodiae
2579 1214 2694 1265 tam
2715 1207 3080 1278 gravissimas
3103 1206 3476 1277 mancipavit,
3501 1209 3566 1262 ut
3592 1206 3766 1264 vitam

2117 1315 2206 1355 me
2228 1298 2590 1370 corporalem
2615 1297 2884 1353 amittere
2903 1294 3194 1366 suspicer.
3212 1293 3364 1350 Nihil
3384 1294 3542 1350 enim
3565 1308 3769 1366 super-

2117 1393 2226 1456 est,
2271 1387 2381 1443 nisi
2424 1390 2506 1456 ut,
2543 1385 2760 1442 emisso
2809 1383 3044 1456 spiritu,
3079 1383 3494 1448 succumbam;
3548 1384 3604 1438 in
3661 1397 3767 1454 qua

2119 1479 2306 1531 morte
2329 1475 2466 1531 licet
2488 1473 2706 1544 glorier
2729 1473 2800 1529 de
2822 1486 2930 1530 con
2957 1472 3193 1528 essione
3215 1471 3438 1528 Domini
3462 1471 3654 1529 nostri
3683 1474 3769 1528 .le-

2119 1579 2188 1621 su
2220 1563 2454 1633 Christi,
2482 1568 2672 1618 tamen
2708 1561 2762 1616 in
2795 1576 2865 1618 eo
2887 1574 3050 1616 mens
3071 1573 3195 1616 mea
3218 1557 3388 1616 valde
3411 1560 3766 1631 conteritur,

375 1649 520 1722 tatio
551 1669 650 1724 tua
683 1665 1007 1724 crudelitas
1035 1668 1236 1724 est.Et
1265 1649 1548 1724 conversa
1582 1667 1651 1723 ad
1687 1666 1836 1722 filios
1870 1680 2010 1724 suos
2036 1679 2091 1740 Β
2124 1652 2451 1740 ίιυοάίορεξ
2478 1665 2638 1720 mea,
2674 1663 2820 1721 quas
2849 1663 2958 1740 ego
3003 1662 3078 1740 (ἢκ
3122 1661 3257 1740 αδδς)
3305 1649 3766 1740 υεο-νογφιῖεω,

374 1751 524 1810 dixit
555 1772 568 1808 :
602 1753 832 1825 Videte,
867 1753 990 1824 filii,
1024 1753 1257 1826 coelum,
1291 1761 1352 1812 et
1382 1769 1612 1812 sursum
1635 1755 1880 1828 aspicite
1913 1755 2010 1812 ubi

375 1854 481 1898 vos
513 1847 822 1915 exspectat
858 1841 1128 1901 Christus
1158 1840 1288 1900 cuin
1325 1845 1548 1901 sanctis
1579 1844 1720 1901 suis.
1755 1845 2015 1914 Pugnate

377 1941 483 1998 pro
504 1929 809 1988 animabus
832 1931 1139 2002 vestris,et
1155 1931 1360 1990 fideles
1383 1947 1486 1990 vos
1507 1933 1561 1988 in
1579 1946 1775 1990 amore
1797 1931 2013 1988 Christi

371 2014 665 2074 exhibete.
703 2018 958 2076 Audiens
1004 2019 1114 2076 hoc
1147 2019 1406 2088 Publius,
1435 2021 1619 2091 jussit
1665 2035 1789 2078 eam
1829 2019 2014 2092 alapis

373 2103 712 2162 caedi.Tunc
735 2120 1067 2164 convocans
1091 2107 1239 2166 filios
1251 2109 1569 2181 ejuscoepit
1588 2123 1718 2166 cum
1740 2108 1828 2165 eis
1841 2122 2015 2180 agere

375 2191 869 2251 utsacrificarent.
885 2196 1196 2254 Ianuarius
1208 2197 1544 2269 reSpondit:
1567 2197 1754 2254 Stulta
1779 2197 2010 2267 suades,

375 2280 504 2336 nam
529 2281 812 2352 sapientia
828 2283 1050 2339 Domini
1067 2298 1154 2340 me
1173 2290 1508 2355 conservat,
1525 2289 1582 2341 et
1609 2285 1778 2342 faciet
1797 2299 1884 2342 me
1898 2300 2016 2341 om-

373 2367 468 2424 nia
497 2370 784 2427 tormenta
805 2372 1329 2442 superare.Statim
1347 2372 1721 2442 judexjussit
1745 2387 1875 2429 eum
1901 2373 2015 2428 vir-

369 2453 463 2525 gis
487 2455 654 2526 caedi,
670 2461 731 2514 et
755 2457 810 2513 in
829 2472 1124 2515 carcerem
1150 2459 1518 2530 recipi.Felix
1541 2461 1691 2516 dixit
1710 2479 1722 2514 :
1740 2461 1896 2516 Unus
1919 2467 2010 2518 est

370 2543 546 2614 Deus,
563 2558 732 2616 quem
757 2545 1026 2617 colimus,
1052 2547 1146 2604 cui
1170 2547 1526 2605 sacrificium
1550 2547 1660 2620 piae
1683 2549 2013 2606 devotionis

372 2629 672 2690 offerimus
706 2653 719 2688 :
754 2636 906 2692 unde
942 2639 1001 2692 tu
1035 2649 1106 2692 ne
1136 2636 1478 2706 credas,aut
1509 2651 1598 2692 me
1629 2643 1730 2694 aut
1761 2638 2011 2708 aliquem

371 2719 618 2778 fratrum
642 2735 898 2780 meorum
930 2737 960 2779 a
983 2723 1206 2780 Domini
1230 2725 1368 2781 .lesu
1394 2725 1612 2781 Christi
1635 2740 1831 2783 amore
1855 2740 2015 2783 rece-

372 2807 551 2876 dere;
582 2813 639 2866 et
691 2811 741 2866 si
791 2810 1128 2869 immineant
1173 2815 1438 2882 verbera,
1476 2813 1623 2870 fides
1675 2819 1871 2872 nostra
1906 2829 2013 2872 nec

372 2897 526 2954 vinci
567 2903 760 2970 potest
801 2912 908 2956 nec
957 2900 1188 2957 mutari.
1225 2900 1531 2974 Philippus
1573 2902 1724 2958 dixit
1757 2923 1768 2957 :
1805 2903 1907 2960 [sti
1941 2905 2011 2960 de

373 2985 585 3057 quibus
616 2985 766 3043 dicis
807 3001 914 3062 nec
945 2989 1025 3044 dii
1068 2997 1222 3056 sunt,
1257 3003 1364 3046 nec
1395 2990 1865 3062 omnipotentes;
1909 2991 2010 3048 sed

373 3079 513 3130 sunt
533 3073 847 3132 simulacra
871 3089 1013 3132 vana
1036 3080 1092 3131 et
1117 3077 1327 3132 misera
1352 3082 1410 3132 et
1427 3078 1815 3148 iusensibilia,
1839 3085 1895 3136 et
1914 3081 2009 3151 qui

371 3161 458 3218 eis
488 3161 824 3219 sacrificare
854 3162 1110 3220 voluerit
1142 3164 1196 3219 in
1231 3168 1512 3221 mternum
1548 3167 1782 3236 peribit.
1821 3167 2014 3238 Sylva-

372 3263 483 3308 nus
515 3249 661 3306 dixit
699 3269 712 3306 :
743 3251 887 3321 Nos,
915 3251 965 3306 si
1000 3252 1404 3309 transitorium
1437 3253 1805 3310 timuerimus
1838 3255 2013 3312 inter-

373 3338 538 3409 itum,
555 3341 839 3395 mternum
864 3339 1232 3396 incurremus
1254 3339 1638 3412 supplicium;
1659 3348 1719 3398 et
1742 3345 2012 3414 quoniam

373 3440 510 3483 vere
550 3427 819 3483 novimus
867 3442 995 3498 quae
1037 3429 1271 3498 praemia
1321 3434 1456 3486 sunt
1489 3435 1687 3500 parata
1723 3431 1921 3500 justis,
1954 3437 2015 3489 et

373 3527 500 3585 quae
533 3528 698 3586 poena
731 3515 809 3570 sit
839 3515 1162 3573 constituta
1189 3518 1620 3588 peccatoribus,
1657 3519 1878 3578 idcirco
1907 3521 2015 3578 Ro-

372 3608 570 3660 manas
613 3603 770 3674 leges
807 3605 1258 3677 contemnimus,
1301 3611 1362 3663 ut
1397 3606 1562 3676 jussa
1598 3607 1791 3666 divina
1823 3625 2013 3667 serve-

373 3705 516 3750 mus.
545 3693 870 3751 Alexander
893 3695 1039 3751 dixit
1067 3714 1080 3750 :
1106 3696 1224 3766 Ego
1247 3710 1456 3753 servus
1480 3697 1693 3754 Christi
1718 3714 1844 3755 sum
1873 3717 1887 3768 ;
1913 3715 2013 3756 ore

371 3780 660 3839 confiteor
711 3782 892 3855 illum,
927 3784 1106 3842 corde
1152 3788 1345 3855 teneo,
1391 3785 1758 3842 incessanter
1809 3788 2008 3845 adoro.

376 3869 604 3928 lnflrma
625 3877 772 3930 atas
794 3887 964 3942 quam
989 3873 1175 3944 vides,
1193 3889 1392 3931 canam
1419 3873 1596 3931 habet
1618 3876 2008 3947 prudentiam.

369 3955 580 4014 Vitalis
613 3959 760 4014 dixit
793 3979 806 4013 :
839 3960 1043 4017 Melius
1074 3961 1218 4016 vivit
1251 3962 1348 4030 qui
1393 3969 1593 4018 verum
1628 3965 1803 4020 Deum
1847 3965 2009 4035 colit,

371 4056 540 4112 quam
575 4044 672 4115 qui
701 4044 982 4102 daemonia
1011 4052 1177 4116 optat
1204 4047 1418 4103 habere
1443 4050 2012 4120 propitia.Martialis

371 4127 563 4184 dixit:
597 4131 809 4188 Omnes
861 4133 956 4202 qui
1011 4147 1123 4189 non
1173 4133 1534 4194 confitentur
1585 4152 1784 4194 verum
1833 4141 2012 4197 Deum

369 4227 522 4286 esse,
557 4216 614 4272 in
663 4222 947 4276 aeternum
993 4220 1320 4280 incendium
1372 4230 1564 4282 erunt.
1616 4225 1802 4282 Iudex
1847 4231 2011 4297 gesta

369 4304 558 4360 omnia
591 4305 827 4377 scriptis
867 4307 1160 4365 Antonino
1193 4311 1466 4369 innotuit.
1502 4313 1660 4380 Quos
1704 4314 1800 4371 ille
1827 4315 2009 4386 jussit

2127 1739 2334 1796 alienis
2365 1754 2394 1795 a
2437 1739 2552 1794 Deo
2599 1743 2657 1794 et
2707 1737 2982 1809 turpibus
3028 1736 3372 1792 inserviunt.
3425 1736 3494 1791 Et
3547 1736 3770 1794 idcirco

2127 1829 2409 1900 deprecor
2439 1831 2518 1897 te,
2555 1827 2722 1884 homo
2752 1827 2873 1896 Dei,
2909 1831 2972 1882 ut
3009 1828 3294 1882 .nstanter
3325 1824 3632 1881 Dominum
3677 1824 3772 1882 de-

2128 1916 2408 1988 preceris,
2448 1919 2506 1970 ut
2530 1919 2650 1984 aut,
2676 1915 2746 1971 ad
2772 1913 2940 1970 fidem
2965 1927 3128 1970 suam
3153 1915 3464 1970 venturum
3490 1913 3540 1968 si
3564 1912 3772 1984 pravi-

2126 2004 2223 2060 det
2257 2003 2546 2073 Publium,
2581 2003 2734 2058 sinat
2764 2001 2964 2057 vivere
2990 2019 3005 2066 ;
3029 2006 3149 2070 aut,
3176 2001 3225 2057 si
3251 1999 3536 2072 praevidet
3557 2015 3693 2058 eum
3715 2001 3770 2056 in

2127 2091 2234 2149 hac
2264 2089 2698 2148 incredulitatis
2739 2090 3130 2162 perversitate
3179 2102 3539 2160 mansurum,
3565 2088 3768 2160 jubeat

2125 2195 2256 2236 eum
2281 2180 2421 2236 dare
2444 2179 2637 2237 locum
2661 2179 2784 2236 suis
2803 2179 3154 2236 cultoribus.
3181 2176 3386 2234 Melius
3407 2181 3501 2232 est
3531 2177 3690 2234 enim
3716 2177 3770 2234 ei

2126 2269 2402 2325 exhalare
2425 2269 2697 2340 spiritum
2721 2282 2891 2338 quam
2913 2267 3014 2322 Dei
3042 2267 3246 2323 Filium
3261 2266 3626 2336 denegareet
3641 2279 3771 2322 eum

2125 2357 2478 2413 confitentes
2501 2356 2802 2428 impedire.
2829 2355 3056 2412 Etenim
3085 2353 3456 2425 omnipotens
3475 2353 3660 2410 testis
3680 2357 3772 2411 est

2125 2445 2411 2516 Christus,
2432 2447 2720 2516 quoniam,
2737 2445 2788 2500 si
2808 2445 3054 2501 liberata
3079 2443 3262 2513 fuero,
3287 2446 3625 2500 sanctorum
3646 2456 3777 2508 ves-

2124 2534 2286 2604 tig.is
2311 2534 2638 2604 adhaerebo,
2655 2532 3167 2590 etcurasomnium
3181 2531 3436 2588 sollicite
3457 2531 3770 2599 exercebo,

2126 2627 2186 2678 ut
2219 2635 2532 2692 coeperam.
2565 2622 2722 2691 Vale,
2758 2621 2846 2676 vir
2873 2621 2995 2690 Dei,
3020 2626 3078 2676 et
3104 2624 3394 2676 memento
3416 2619 3548 2676 mei.
3573 2638 3604 2671 ι
3630 2619 3774 2676 Cum

2125 2711 2272 2766 hanc
2301 2709 2611 2781 epistolam
2643 2709 2886 2779 legisset
2910 2709 3343 2780 Chrysogonus,
3367 2709 3640 2765 oratione
3665 2710 3777 2766 fac-

2124 2802 2183 2854 ta
2205 2813 2336 2854 cum
2363 2799 2564 2855 multis
2587 2799 3046 2868 confessoribus,
3075 2797 3152 2853 ita
3177 2797 3486 2869 rescripsit
3514 2816 3527 2851 :
3557 2817 3586 2848 α
3608 2797 3774 2854 Fluc-

2122 2888 2314 2944 tuanti
2345 2888 2454 2944 tibi
2488 2887 2642 2946 inter
2673 2885 2961 2959 procellas
2989 2891 3047 2942 et
3079 2886 3348 2942 turbines
3397 2886 3620 2956 mundi,
3653 2886 3774 2943 cito

2124 2989 2304 3048 super
2334 2977 2520 3032 undas
2551 2975 2930 3032 deambulans
2961 2974 3230 3031 Christus
3251 2975 3545 3046 adveniet,
3570 2979 3632 3030 et
3653 2973 3774 3030 dia-

2125 3063 2240 3119 boli
2265 3065 2574 3120 adversum
2598 3069 2655 3118 te
2678 3065 2911 3119 flantem
2932 3061 3206 3133 spiritum
3219 3063 3634 3134 unojnssionis
3649 3076 3772 3120 sum

2124 3165 2392 3208 sermone
2423 3159 2780 3223 compescet.
2817 3153 3135 3220 Patienter,
3169 3158 3227 3206 et
3259 3151 3427 3222 quasi
3473 3152 3530 3207 in
3581 3153 3778 3208 medio

2124 3243 2266 3296 mari
2300 3241 2510 3312 posita,
2545 3240 2720 3296 crede
2751 3239 2822 3296 ad
2853 3243 2914 3296 te
2943 3239 3234 3296 Christum
3267 3255 3395 3297 esse
3435 3245 3770 3310 venturum,

2122 3333 2180 3382 et
2204 3330 2276 3384 ad
2301 3329 2499 3384 temeti
2508 3343 2668 3400 psam
2693 3343 2996 3398 conversa,
3022 3328 3283 3384 exclama
3305 3342 3436 3385 cum
3459 3329 3770 3400 prepbeta,

2123 3417 2555 3484 dicenszquare
2567 3418 2763 3476 tristris
2783 3431 2842 3474 es
2861 3419 3068 3474 anima
3085 3431 3238 3487 mea,
3251 3419 3315 3474 at
3326 3431 3518 3488 gnara
3536 3419 3774 3476 cantur-

2125 3505 2227 3563 bas
2237 3507 2571 3578 me?Spera
2581 3507 2648 3562 in
2657 3508 3090 3578 Deo,qu0m‘a—m
3099 3505 3628 3578 adhucconﬂtsbor
3639 3507 3773 3564 illi:

2121 3595 2393 3652 salutare
2401 3595 2748 3664 vultusmei,
2761 3597 2820 3650 et
2829 3597 2986 3652 Deus
2999 3608 3164 3652 meus
3175 3595 3299 3664 (Ps.
3317 3595 3454 3666 xu.)
3469 3595 3670 3650 Gemin
3681 3609 3772 3652 um

2125 3683 2301 3740 divini
2317 3683 2574 3741 numeris
2590 3683 3321 3755 probaturindiciui‘n,cum
3337 3684 3518 3740 tibiet
3536 3689 3773 3740 terrena

2125 3774 2467 3843 reddentur,
2483 3777 2542 3829 et
2557 3775 2931 3830 donabantur
2943 3773 3227 3829 coelestia.
3244 3773 3400 3828 Deus
3418 3774 3576 3828 enim
3601 3775 3775 3830 bene-

2132 3861 2329 3918 ficium
2352 3877 2518 3919 suum
2543 3867 2611 3918 ad
2628 3861 2737 3918 hoc
2759 3860 3236 3918 extremitatibus
3249 3862 3558 3933 protrahit,
3577 3868 3774 3919 utnon

2125 3951 2200 4007 sit
2227 3953 2395 4008 nobis
2425 3951 2539 4006 vile
2570 3952 2724 4021 quod
2749 3955 3012 4022 praestat.
3039 3949 3181 4006 Vide
3205 3965 3275 4008 ne
3297 3951 3562 4008 turberis
3583 3952 3640 4007 in
3663 3952 3776 4008 hoc

2123 4042 2276 4110 quod
2310 4041 2402 4112 pie
2429 4041 2645 4096 viventi
2681 4040 2784 4096 tibi
2818 4040 3145 4098 inferantur
3173 4042 3438 4100 adversa.
3463 4043 3585 4098 Non
3617 4043 3770 4098 enim

2125 4129 2434 4200 deciperis,
2461 4131 2563 4184 scd
2591 4128 2876 4199 probaris.
2906 4129 3024 4186 Non
3047 4133 3138 4186 est
3163 4134 3288 4187 tuta
3312 4131 3578 4190 defensio
3597 4142 3778 4206 quam

2123 4235 2226 4292 per
2257 4220 2541 4276 hominem
2576 4225 2746 4290 putas
2779 4234 2951 4292 posse
2981 4226 3274 4278 constare.
3310 4221 3456 4278 Audi
3489 4221 3774 4294 .Scriptu-

2124 4323 2244 4366 ram
2276 4309 2565 4365 dicentem
2601 4329 2613 4363 :
2647 4307 3010 4366 Maledictus
3047 4309 3215 4366 homo
3243 4311 3353 4380 qui
3389 4322 3552 4382 spem
3597 4321 3774 4368 mm

369 4390 619 4450 diversis
646 4375 954 4467 suppliciis
1002 4396 1263 4468 interire,
1301 4405 1483 4458 matre
1512 4375 1846 4460 novissime
1871 4420 2006 4462 con-

2124 4398 2285 4469 pom't
2300 4398 2368 4455 in
2384 4398 2650 4467 homine;
2668 4399 2726 4454 ει
2743 4397 3078 4456 benedictus
3097 4375 3271 4456 Itoma—
3282 4399 3392 4470 μί
3409 4375 3573 4471 3pm
3589 4411 3769 4456 suam

369 4486 672 4538 summata.

751 4555 806 4608 F.
851 4555 974 4611 VIII
1013 4555 1168 4612 KAL.
1213 4556 1622 4617 DECEMBRIS.

1033 4647 1124 4711 (24
1160 4645 1333 4716 Non.)

436 4760 464 4790 ι
493 4749 686 4806 Romae
717 4746 928 4806 natale‘
953 4749 1006 4806 S.
1041 4751 1394 4824 Chrysogoni
1438 4759 1731 4830 martyris,
1769 4764 1865 4832 qui
1900 4779 2004 4836 per

369 4838 662 4930 biennium
679 4836 852 4909 jussu
873 4838 1217 4898 Diocletiani
1233 4842 1540 4914 conjectus
1559 4851 1650 4903 est
1677 4849 1730 4905 in
1748 4851 1997 4930 vincula,

368 4925 465 4981 ubi
501 4927 678 4989 multa
713 4942 1050 5000 perpessus,
1087 4929 1139 4985 S.
1163 4932 1489 4990 Anastasiae
1525 4933 1816 4997 alimoniis
1849 4925 2002 5002 fove-

368 5010 557 5098 batur.
605 5018 742 5074 Cum
776 5016 882 5089 igit
927 5031 956 5074 r
1005 5017 1232 5077 beatam
1265 5021 1631 5082 Anastasiam
1663 5028 1861 5089 zelans
1910 5034 2002 5098 vir

363 5095 492 5166 ejus
510 5101 774 5193 Publius,
791 5106 1140 5166 custodibus
1159 5109 1456 5179 adhibitis,
1475 5111 1552 5170 ita
1579 5113 1908 5193 clausisset,
1937 5095 2000 5182 ut

363 5197 472 5280 nec
501 5189 900 5280 cujuscunque
924 5195 1276 5256 fenestrellae
1299 5199 1518 5258 aditum
1546 5189 1902 5280 aspectaret,
1925 5213 1996 5269 ad

361 5269 923 5362 huncconfessorem
949 5285 1402 5360 Chrysogonum,
1421 5289 1515 5362 qui
1532 5269 1656 5350 eam
1681 5295 1736 5352 in
1764 5269 1996 5358 Christo

359 5360 678 5434 erudierat,
716 5368 850 5455 talia
873 5375 1093 5448 scripta
1115 5375 1172 5446 di
1211 5376 1316 5447 igit
1340 5396 1352 5432 :
1381 5397 1409 5430 «
1431 5360 1644 5440 Sancto
1666 5383 1988 5445 confessori

2109 4488 2281 4558 pom't
2307 4487 2375 4543 in
2399 4488 2521 4544 Deo
2551 4487 2697 4560 (ὥστ.
2732 4488 2888 4558 xvn).
2941 4488 3090 4544 Cave
3139 4487 3391 4557 fortiter,
3423 4485 3761 4558 vigilanter,

2113 4580 2353 4634 strenue
2385 4577 2658 4634 universa
2682 4581 2942 4648 peccata,
2969 4580 3028 4632 et
3059 4591 3090 4633 a
3113 4576 3229 4633 Deo
3245 4575 3370 4634 solo
3389 4589 3589 4646 quaere
3613 4574 3775 4633 solae

2111 4665 2278 4737 tium,
2315 4665 2482 4736 cujus
2505 4665 2669 4736 jussa
2699 4680 3032 4724 conservas.
3061 4667 3188 4726 Cito
3215 4667 3368 4725 enim
3399 4667 3472 4725 ad
3502 4669 3564 4722 te
3584 4663 3768 4738 placi.

2114 4763 2249 4820 dum
2274 4765 2508 4833 tempus
2527 4765 2926 4833 convertetur,
2951 4767 3012 4819 et
3035 4764 3201 4836 quasi
3228 4768 3363 4836 post
3385 4763 3580 4822 noctis
3599 4767 3764 4820 tene-

2115 4851 2252 4908 bras
2284 4849 2550 4906 floridum
2583 4847 2710 4906 dies
2743 4848 2934 4908 lumen
2967 4852 3254 4924 aspicies;
3285 4857 3462 4924 atque
3485 4856 3622 4925 post
3643 4853 3763 4924 gla-

2111 4938 2260 4996 ciale
2277 4938 2458 5007 frigus
2473 4937 2693 5010 hyemis
2707 4940 3276 5011 transeuntis,aurea
3293 4940 3398 4998 tibi
3421 4945 3688 5014 tempora
3702 4937 3763 5000 et

2110 5041 2318 5084 serena
2343 5025 2682 5096 succedent,
2701 5028 3170 5102 utomnibus,qui
3193 5045 3300 5102 pro
3322 5029 3538 5088 Christi
3561 5044 3764 5088 amore

2109 5114 2462 5198 afﬂiguntur,
2480 5117 2745 5187 praebeas
2764 5119 3147 5190 temporalem
3163 5118 3566 5193 laetitiam,per
3586 5133 3764 5192 quam

2109 5205 2231 5263 sine
2256 5203 2434 5261 dubio
2455 5205 2836 5277 consequeris
2859 5209 3156 5264 aeternam.
3177 5207 3314 5267 Vale
3337 5207 3392 5266 in
3416 5209 3680 5279 Domino,
3703 5213 3765 5267 et

2109 5308 2208 5352 ora
2270 5306 2492 5366 prome.
2528 5312 2557 5346 ι»
2592 5293 2749 5350 Hanc
2795 5293 3102 5368 epistolam
3163 5295 3366 5369 legens
3425 5297 3766 5370 Anastasia,

2109 5384 2380 5442 fortiores
2411 5381 2545 5440 fidei
2570 5381 2727 5440 vires
2753 5384 3039 5458 acccepit,
3065 5390 3296 5446 tantum
3319 5384 3392 5444 de
3417 5384 3644 5446 virtute
3668 5400 3780 5462 ραι

431 5495 460 5526 ι
485 5485 566 5546 De
595 5486 702 5550 hoc
733 5489 790 5550 in
815 5497 1004 5566 gestis
1035 5501 1354 5563 Anastasite
1383 5508 1576 5580 mart.,
1611 5510 1680 5568 26
1709 5507 1868 5585 Dec.,
1905 5513 2230 5575 Anastasis:
2269 5513 2444 5588 epist.
