3974 6150
240 319 328 373 ‘01

986 311 1586 373 MARTYROLOGIUM
1627 311 1767 371 CUM
1809 311 2336 373 ADDITAMENTIS.
2368 338 2436 356 α·-
2474 313 2675 370 MENS.
2723 312 2881 372 NOV.

3527 323 3631 381 402

237 442 463 499 tientia
481 439 725 512 gloriari
751 439 1051 510 incipiens,
1072 445 1350 510 quantum
1368 439 1530 510 prius
1553 439 1625 495 de
1643 452 1881 510 oppres-
1912 437 1964 496 A
1995 436 2093 493 Dei
2119 436 2392 494 nobiliter
2407 437 2725 507 insisteret,
2752 438 3011 509 satisque
3031 439 3343 509 vigilanter
3355 456 3494 515 erga
3512 459 3629 503 om-

236 531 395 588 sione
429 527 820 586 infidelissimi
852 528 959 583 viri
994 542 1058 585 se
1088 529 1440 587 causabatur
1478 527 1652 599 afﬁgi.
1688 527 1874 596 Igitur
1982 538 2113 580 nem
2144 525 2458 583 sacerdotii
2491 540 2689 583 curam
2723 525 2931 582 diebus
2953 525 3190 585 sudaret
3226 544 3294 587 ac
3325 531 3621 604 noctibus,
3690 526 3716 551 θ

237 620 400 677 beata
434 618 763 688 Anastasis,
787 631 917 673 cum
952 616 1028 673 ita
1063 615 1118 671 in
1160 616 1424 673 custodia
1457 616 1866 686 stringeretur,

235 711 293 764 ut
312 706 410 763 vix
432 707 487 763 ei
525 720 673 777 aqua
697 705 959 773 daretur,
991 704 1284 761 astimans
1314 718 1374 761 se
1396 703 1452 759 in
1478 704 1599 776 ipsa
1629 703 1871 761 tribula-

232 794 381 852 tione
405 794 685 863 deticere,
713 793 946 864 scripsit
975 792 1319 864 epistolam:
1359 812 1386 844 α
1419 793 1595 849 Beato
1628 793 1866 863 martyri

232 887 283 940 et
316 883 641 940 confessori
675 881 888 938 Christi
922 881 1311 952 Chrysogono,
1349 882 1669 938 Anastasia.
1717 881 1869 938 Finis

228 972 381 1029 venit
413 972 720 1044 corporis;
752 974 1041 1028 memento
1073 971 1204 1039 mei,
1242 976 1300 1028 ut
1326 970 1724 1041 egredientem
1749 971 1867 1027 ani-

229 1072 371 1118 mam
404 1075 593 1117 meam
626 1061 751 1133 ipse
779 1061 1055 1132 suscipiat
1082 1074 1186 1131 pro
1203 1060 1369 1129 cujus
1392 1074 1585 1117 amore
1609 1061 1717 1117 ista
1743 1075 1867 1118 sus-

228 1150 402 1219 tineo,
435 1163 569 1220 qua
599 1163 671 1205 ex
697 1162 799 1205 ore
823 1149 996 1219 hujus
1025 1147 1238 1205 vetula
1262 1149 1686 1218 recognoveris.
1718 1168 1747 1200 ‹‹
1782 1149 1862 1205 Ad

226 1239 347 1296 hac
394 1242 639 1295 sanctus
681 1239 1084 1307 Chrysogonus
1131 1236 1293 1293 tallia
1340 1237 1560 1294 remisit
1604 1238 1860 1309 scripta:

226 1346 255 1379 ι
301 1327 719 1397 Chrysogonus
759 1325 1092 1382 Anastasia.
1140 1325 1378 1396 Semper
1417 1330 1505 1382 est
1556 1332 1618 1381 ut
1671 1324 1860 1383 luml-n

224 1416 487 1479 tenebra
538 1413 907 1471 antecedant.
953 1412 1046 1471 Sic
1092 1413 1267 1469 etiam
1303 1417 1430 1485 post
1467 1412 1862 1470 infirmitatem

222 1502 375 1560 salus
408 1503 756 1569 revertitur,
790 1506 848 1559 et
888 1501 1006 1557 vita
1040 1507 1169 1573 post
1206 1508 1444 1557 mortem
1477 1503 1857 1572 promittitur.

220 1593 333 1649 Uno
366 1591 486 1648 line
510 1590 946 1649 concluduntur
974 1595 1032 1646 et
1064 1589 1306 1646 adversa
1339 1590 1511 1659 hujus
1543 1591 1759 1659 mundi,
1802 1596 1861 1647 et

220 1694 519 1751 prospera,
538 1694 610 1736 ne
623 1678 718 1735 vel
740 1678 1010 1735 tristibus
1031 1677 1383 1749 desperatio,
1404 1678 1490 1735 vel
1519 1678 1670 1735 latis
1684 1678 1861 1736 elatio

216 1768 569 1825 dominetur.
598 1769 781 1825 Unum
807 1781 963 1824 mare
986 1770 1099 1835 est,
1134 1767 1188 1821 in
1214 1781 1326 1837 quo
1350 1767 1632 1824 navicula
1657 1783 1858 1840 corpo—
1890 1784 1940 1845 Β

216 1856 500 1913 risnostri
527 1855 914 1924 veliﬁcant,et
942 1856 1050 1912 sub
1068 1869 1179 1912 uno
1193 1856 1859 1926 corporisgubernatore

1982 626 2132 670 nono
2155 614 2582 686 persecutionis
2614 628 2784 683 anno,
2810 614 3184 687 episcopatus
3201 631 3340 674 vero
3369 621 3459 675 sui
3487 620 3625 679 duo-

1981 701 2225 770 decimo,
2280 702 2542 772 martyrii
2591 716 2863 758 coronam
2916 703 3129 774 capitis
3178 705 3622 767 obtruncatione

1980 788 2320 860 promeruit.
2374 789 2458 846 Ad
2506 789 2657 846 hunc
2718 803 2965 860 namque
3014 792 3651 863 comprehendendum

1978 876 2279 934 Maximius
2336 882 2619 947 tyrannus
2664 876 2967 934 tribunum
3025 877 3331 948 quemdam
3383 881 3621 941 direxit.

1978 965 2084 1032 Qui
2111 966 2415 1036 ingressus
2437 966 2864 1035 Alexandriam,
2892 967 3114 1039 reperit
3128 983 3258 1026 eum
3278 983 3407 1026 cum
3433 970 3625 1028 multi-

1975 1053 2178 1110 tudine
2203 1052 2418 1126 populi.
2442 1058 2777 1111 sanctorum
2796 1053 3190 1125 apostolorum
3215 1071 3623 1117 commemora-

1974 1141 2188 1198 tionem
2212 1142 2640 1206 celebrantem;
2676 1156 2845 1214 quem
2878 1144 3383 1215 comprehensum,
3409 1150 3469 1202 et
3492 1139 3621 1204 'vin-

1973 1228 2123 1285 culis
2155 1228 2455 1300 alligatum
2490 1230 2684 1300 posuit
2718 1230 2772 1285 in
2795 1230 3062 1288 custodia
3092 1232 3365 1290 carceris.
3402 1234 3469 1290 Et
3491 1240 3619 1307 post

1976 1318 2102 1373 dies
2125 1317 2344 1388 aliquot
2378 1318 2720 1375 Maximinus
2752 1322 3037 1387 tyrannus
3074 1317 3292 1377 litteris
3322 1321 3619 1381 admonuit

1973 1406 2293 1474 tribunum,
2332 1411 2393 1462 ut
2429 1420 2598 1475 quam
2644 1405 2899 1463 celerius
2927 1420 3057 1462 eum
3104 1408 3354 1478 puniret.
3390 1411 3620 1469 Interea

1974 1493 2109 1550 dum
2143 1493 2196 1549 in
2239 1507 2476 1550 carcere
2515 1497 2873 1561 servaretur,
2909 1498 2966 1550 et
3022 1495 3328 1552 universus
3371 1497 3621 1569 populus

1975 1580 2137 1638 urbis
2169 1581 2555 1650 Alexandria,
2583 1582 2738 1637 fores
2762 1583 3024 1641 carceris
3055 1583 3397 1641 observaret
3424 1599 3618 1644 amore

1974 1671 2225 1742 pastoris
2257 1670 2368 1740 sui,
2398 1670 2800 1741 Ariusinfclix,
2819 1670 2915 1740 qui
2943 1685 2971 1727 a
3000 1670 3170 1728 beato
3193 1673 3370 1730 Petro
3390 1688 3619 1732 excom-

1973 1758 2300 1815 municatus
2322 1764 2381 1815 et
2405 1758 2761 1827 degradatus
2786 1764 3026 1831 propter
3049 1759 3253 1830 dogma
3282 1763 3501 1820 erroris
3523 1763 3619 1821 ha-

1971 1847 2237 1916 bebatur,
2271 1847 2501 1916 cognita
2536 1845 2824 1903 sententia
2859 1847 3145 1904 Maximini
3171 1848 3453 1908 adversus
3486 1852 3618 1908 bea-

213 1944 413 2001 anima
428 1948 650 2001 nostra
663 1944 897 2000 nautico
913 1941 1449 2013 lungunturofﬁcio.
1469 1942 1662 2008 Quoru
1676 1944 1850 2000 rndam

1965 1939 2089 1991 tum
2131 1936 2388 2003 Petrum,
2430 1934 2641 1990 festiue
2678 1933 2943 2005 pervenit
2978 1934 3047 1991 ad
3082 1936 3414 2005 ecclesiam,
3449 1939 3616 1995 obse-

210 2032 607 2102 igiturnaves.
626 2030 956 2088 fortissimis
975 2030 1302 2088 carinarum
1324 2030 1568 2087 nexibus
1590 2031 1856 2089 solidata
1965 2036 2138 2078 el‘nnS
2172 2027 2230 2079 ιιι
2259 2038 2361 2093 pl‘0
2391 2036 2460 2078 e0
2492 2022 2690 2078 elel‘ns
2724 2026 2781 2077 et
2810 2021 3060 2093 popnlus
3085 2023 3234 2094 apnd
3273 2024 3614 2097 episcopum

208 2120 509 2177 tenebrosi
532 2119 790 2191 aquoris
810 2119 1137 2176 concitatos
1156 2118 1370 2176 ﬂuctus
1394 2118 1593 2176 illaesa
1618 2124 1857 2190 prater-
1964 2110 2379 2175 intercederet.
2398 2114 2611 2180 pel-nne
2641 2111 2791 2179 quod
2830 2116 2961 2181 p0St
2979 2110 3307 2167 discessum
3330 2112 3457 2181 eine
3487 2112 3614 2185 ipse

208 2213 367 2267 eunt.
407 2208 805 2276 Quorumdam
855 2222 995 2264 vero
1035 2207 1222 2277 fragili
1257 2209 1533 2278 junctura
1567 2206 1852 2278 lignorum
1964 2196 3144 2270 levaretnl‘epieeepnsoVenientesigitur
3165 2198 3259 2269 qni
3286 2200 3613 2269 Ροὲθῐίῖυο·

208 2297 383 2354 etiam
399 2297 459 2353 in
476 2297 799 2368 tranquillo
810 2296 1062 2353 vicinum
1078 2296 1247 2352 morti
1262 2296 1574 2353 coniiciunt
1590 2310 1847 2353 cursum.

1964 2290 2116 2356 rant,
2138 2289 2444 2375 coeperunt
2475 2300 2578 2357 pro
2606 2286 2741 2342 Ario
2770 2286 3002 2341 beatum
3024 2286 3362 2358 episcopum
3396 2289 3616 2361 suppli-

207 2387 393 2457 Prope
413 2389 510 2441 est
537 2384 687 2440 enim
713 2389 772 2442 ut
800 2389 1039 2456 pereant
1066 2384 1160 2454 qui
1186 2384 1578 2455 non-cogitant
1599 2384 1852 2454 qualiter
1958 2389 2113 2431 care.
2144 2373 2364 2440 Quibus
2395 2379 2638 2430 sanctus
2670 2373 2984 2444 episcopus
3015 2388 3224 2444 magno
3249 2376 3502 2446 suspirio
3526 2391 3615 2432 re-

207 2474 275 2529 ad
308 2472 526 2531 salutis
557 2477 788 2544 portum
823 2473 1177 2544 pertingant.
1211 2473 1290 2528 Tu
1322 2476 1536 2540 autem,
1568 2488 1602 2528 ο
1634 2473 1849 2529 Christi
1960 2462 2195 2535 spondit
2237 2461 2392 2532 quod
2421 2462 2538 2531 jam
2563 2461 2756 2531 Arius,
2795 2462 2914 2516 Deo
2949 2466 3240 2529 mortuus,
3273 2477 3303 2519 8
3338 2463 3481 2519 faeie
3513 2465 3610 2521 Dei

205 2560 753 2633 irreprehensibilis
797 2560 1027 2630 famula,
1061 2560 1259 2618 crucis
1309 2560 1524 2616 Christi
1557 2561 1760 2631 tropaei
1793 2561 1848 2616 ίη
1959 2550 2258 2622 projectus
2276 2554 2452 2619 esset,
2493 2549 2627 2620 quia
2652 2549 2914 2620 graviter
2950 2549 3005 2604 in
3031 2549 3343 2606 essentiam
3376 2549 3615 2610 deitatis

203 2653 326 2707 tota
359 2653 557 2706 mente
593 2662 901 2719 consurge,
935 2653 991 2704 et
1024 2648 1270 2721 teipsam
1303 2649 1371 2704 ad
1397 2663 1544 2719 opus
1573 2648 1670 2704 Dei
1705 2663 1847 2721 pra-
1957 2638 2437 2710 blasphemasset,
2490 2636 2896 2707 dogmatizans
2937 2637 3168 2692 Patrem
3214 2643 3270 2692 et
3306 2636 3508 2696 Filium
3550 2644 3610 2697 et

205 2752 364 2809 para.
398 2739 461 2794 ln
480 2751 596 2808 quo
617 2737 747 2807 ejus
770 2735 1077 2793 desideriis
1090 2736 1223 2794 dum
1241 2736 1528 2807 parueris,
1555 2751 1685 2792 cum
1702 2751 1849 2792 mar-
1957 2725 2234 2795 Spiritum
2251 2729 2515 2781 sanctum
2532 2738 2642 2780 non
2657 2738 2784 2780 esse
2800 2723 2970 2780 unius
2996 2723 3266 2781 essentia
3287 2729 3344 2780 et
3363 2730 3605 2784 natura.

205 2826 341 2897 tyrii
380 2825 569 2898 palma
611 2825 682 2882 ad
725 2825 1015 2882 Christum
1053 2824 1369 2896 pertinges.
1402 2824 1586 2895 Igitur
1626 2824 1846 2881 Diocle-
1955 2813 2025 2868 Εῐ
2069 2812 2518 2883 apprehendens
2572 2812 2721 2868 deos
2780 2811 3158 2898 ρτθεῠγιθφε
3220 2810 3499 2869 Aehil‘am
3546 2819 3611 2871 et

204 2896 401 2971 tianus
450 2915 505 2969 in
547 2913 829 2984 Aquileia
880 2913 1147 2984 partib:s
1189 2913 1431 2983 positus,
1486 2912 1845 2969 interficiens
1952 2899 2429 2956 Alexandrumde
2451 2900 2627 2956 turba
2651 2898 3033 2966 seorsum,ait
3053 2896 3168 2955 illis
3194 2904 3460 2955 secrete:
3488 2901 3607 2971 Ego

210 3002 583 3071 Christianos,
632 3001 806 3072 jussit
850 3001 957 3058 sibi
991 3000 1201 3058 adduci
1241 2999 1693 3071 Chrysogonum.
1740 3002 1840 3060 Cui
1954 2987 2186 3058 qnidem
2211 2987 2323 3042 eiei
2354 2990 2628 3058 peccator
2660 2989 3019 3055 θυωνῐθιηθη
3046 2985 3169 3042 δοίο
3192 2999 3281 3042 Tne
3304 2987 3607 3046 vocatione

210 3104 335 3147 eum
366 3091 618 3148 diceret:
654 3090 867 3161 Accipe
892 3089 1259 3161 praefectura
1291 3089 1654 3160 dignitatem,
1681 3107 1842 3149 sume
1876 3128 1922 3161 ρ
1954 3073 2182 3132 οωΙθδίί
2230 3073 2300 3129 ad
2342 3074 2493 3129 hune
2536 3087 2789 3161 agonem,
2829 3072 3088 3161 martyrii
3136 3087 3263 3161 esse
3311 3078 3600 3133 vocatum.

212 3179 381 3235 etiam
426 3158 812 3236 consulatum-
834 3158 1068 3247 generis
1105 3179 1212 3248 tui,
1262 3158 1490 3234 tantum
1536 3183 1602 3250 ut
1639 3158 1847 3237 adores
1876 3158 1926 3192 υ
1957 3162 2132 3219 Venis
2166 3161 2344 3250 igiinl‘
2369 3158 2919 3250 pinmeeteenmel‘i
2944 3160 3279 3250 mYStel‘infn
3305 3161 3423 3231 Dei,
3452 3165 3605 3233 filled

216 3265 379 3334 deos;
409 3268 617 3323 beatus
647 3266 1053 3337 Chrysogonus
1082 3266 1413 3337 respondit:
1448 3248 1633 3323 Unum
1665 3268 1844 3324 Deum

1962 3250 2091 3306 mihi
2110 3248 2555 3315 revelatumest,
2585 3248 2717 3318 quia
2742 3262 2846 3303 vos
2873 3251 2999 3317 post
3028 3248 3365 3318 martyrium
3384 3262 3596 3322 meum,

216 3359 396 3411 mente
424 3355 625 3424 adoro,
658 3357 836 3411 corde
864 3353 1012 3423 colo,
1038 3354 1287 3411 sinceris
1319 3354 1546 3410 actibus
1567 3369 1844 3424 veneror;

217 3441 439 3500 istorum
453 3448 646 3501 autem
661 3443 901 3500 deorum
916 3447 1242 3499 vestrorum
1256 3441 1565 3499 simulacra
1583 3443 1713 3513 quia
1730 3459 1846 3499 om-

216 3530 338 3586 nino
354 3531 672 3589 damonum
691 3532 867 3588 theno
885 3532 1018 3601 (sio)
1044 3531 1173 3587 novi
1199 3545 1351 3599 esse,
1367 3544 1645 3587 exsecror
1667 3536 1843 3602 atque
1891 3598 1897 3604 _

218 3617 425 3687 abjicio.
458 3621 500 3675 Τ
543 3633 616 3676 nc
641 3619 809 3690 jussu
843 3617 1186 3676 Diocletiani
1218 3618 1432 3675 ductus
1453 3624 1538 3675 est
1569 3619 1638 3676 ad
1663 3634 1843 3689 aquas

216 3704 499 3777 Gradatas,
525 3712 585 3764 et
610 3707 822 3764 ibidem
847 3706 1191 3765 decollatus.
1224 3707 1446 3779 Corpus
1467 3706 1664 3777 ejusin
1685 3722 1842 3764 mare

217 3794 542 3866 projectum,
579 3800 709 3868 post
745 3795 1033 3853 modicum
1065 3796 1122 3851 in
1157 3795 1530 3867 possessione
1554 3809 1682 3865 qua
1702 3795 1842 3853 dici-

210 3882 299 3937 tur
315 3884 381 3940 ad
421 3883 636 3949 Saltus,
671 3883 968 3940 inventum
1003 3888 1110 3941 est.
1158 3883 1321 3950 Quod
1359 3888 1599 3940 sanctus
1625 3883 1835 3954 Zoilus,

213 3982 374 4027 senex
395 3973 705 4043 presbyter
734 3970 993 4042 collegit,
1019 3976 1077 4028 et
1111 3971 1165 4027 in
1204 3970 1411 4028 locello
1452 3972 1839 4029 subterraneo

213 4055 263 4113 in
291 4058 553 4118 cubiculo
576 4073 684 4117 suo
706 4060 916 4131 posuit.
946 4060 1045 4117 Cui
1069 4059 1243 4116 etiam
1267 4064 1440 4131 caput
1464 4060 1590 4129 ejus
1618 4061 1838 4117 revela-

212 4147 323 4202 tum
350 4152 456 4218 est,
490 4148 572 4205 ita
605 4162 811 4204 recens
838 4147 1004 4218 quasi
1036 4147 1242 4204 eadem
1268 4148 1361 4203 die
1387 4148 1417 4203 l‘-
1448 4148 1590 4204 isset
1623 4150 1837 4205 abscis-

217 4246 350 4304 sum,
384 4235 535 4307 quod
578 4236 809 4307 corpori
851 4234 978 4305 ejus
1014 4236 1456 4307 compaginavit.
1491 4237 1710 4294 Passus
1742 4242 1832 4293 est

211 4326 385 4381 autem
418 4325 458 4380 Β
512 4324 925 4395 Chrysogonus
956 4339 1054 4380 vm
1086 4324 1208 4394 Kal,
1254 4325 1610 4396 Decembris,
1631 4319 1677 4382 ’δ
1734 4326 1835 4382 Ka-

1954 3338 2152 3395 sedem
2183 3343 2241 3394 et
2272 3336 2676 3409 episcopatum
2711 3349 2898 3391 meum
2924 3337 3297 3393 consecuturi
3330 3337 3495 3394 estis.
3530 3338 3600 3394 Et

1954 3430 2016 3482 tu
2044 3425 2273 3496 quidem
2309 3424 2455 3497 prim
2503 3440 2532 3480 s
2565 3422 2819 3489 Achilla;
2843 3427 2972 3495 post
3007 3428 3066 3479 te
3089 3438 3228 3479 vero
3246 3424 3595 3483 Alexander.

1951 3514 2014 3569 in
2047 3514 2153 3570 hac
2183 3513 2321 3570 hora
2348 3512 2598 3583 denique
2632 3512 2839 3581 noctis,
2867 3515 2927 3567 ut
2960 3510 3125 3567 vobis
3149 3516 3337 3568 totum
3368 3512 3439 3569 de
3465 3514 3601 3571 Ario

1953 3603 2228 3673 aperiam,
2248 3616 2377 3659 cum
2400 3600 2641 3657 solemni
2659 3599 3085 3656 consuetudine
3118 3600 3233 3656 Deo
3253 3600 3600 3659 sacriﬁcium

1951 3689 2280 3746 orationum
2322 3701 2837 3755 consummassem,
2891 3700 3027 3743 ecce
3076 3687 3273 3744 subito
3322 3689 3594 3760 apparuit

1950 3778 2085 3833 mihi
2138 3778 2190 3833 in
2227 3777 2427 3833 habitu
2474 3776 2635 3847 pueri
2679 3774 2950 3831 Christus
2988 3774 3265 3831 Dominus
3304 3789 3484 3845 meus,
3528 3775 3598 3832 ad

1947 3867 2116 3936 cujus
2149 3865 2517 3938 praesentiam
2553 3864 2865 3935 splendore
2902 3861 3077 3917 nimio
3109 3861 3599 3933 illustratus,vul-’

1946 3960 2069 4011 tum
2084 3954 2411 4025 majestatis
2423 3952 2548 4023 ejus
2560 3967 2671 4009 non
2686 3951 2947 4009 valebam
2962 3949 3386 4022 aspicere.Erat
3402 3956 3596 4009 autem

1947 4043 2186 4100 indutus
2230 4043 2455 4100 colobia
2500 4042 2651 4098 lineo
2691 4038 2940 4095 candido
2983 4038 3176 4108 nimis,
3221 4039 3515 4098 conscisso
3558 4055 3595 4103 pa

1945 4146 2168 4189 summo
2192 4145 2376 4202 usque
2389 4131 2685 4195 deorsum,
2702 4133 2760 4185 et
2778 4127 3059 4185 ambabus
3076 4125 3342 4183 manibus
3361 4126 3598 4198 conjun-

1943 4221 2116 4291 gebat
2142 4235 2270 4276 eum
2295 4222 2450 4276 circa
2477 4223 2680 4290 pectus
2710 4231 2898 4286 suum,
2925 4214 3351 4286 quodammodo
3385 4229 3595 4287 coope-

1944 4309 2101 4366 riens
2133 4308 2455 4365 nuditatem
2487 4321 2667 4364 suam.
2704 4306 2883 4373 Quem
2910 4309 2973 4362 ut
3007 4304 3146 4375 vidi,
3184 4305 3394 4361 timore
3418 4304 3596 4361 nimio

219 4406 357 4467 lend.
380 4392 873 4483 ejusdem'mensis
893 4392 1460 4469 conditum-Sanctus
1483 4392 1621 4470 vero
1640 4414 1834 4471 Zoilus
1865 4478 1906 4483 _
1944 4402 2281 4468 correptus:
2325 4394 2561 4452 tandem
2601 4395 2988 4483 οβηῖοηεῐαεν
3025 4392 3116 4449 nio
3148 4392 3218 4449 ad
3257 4406 3417 4483 enni:
3446 4394 3595 4461 Qnid

215 4478 489 4557 tricesimo
538 4500 633 4556 die
684 4500 977 4572 passionis
1024 4500 1171 4569 ejus,
1235 4505 1555 4571 apparente
1618 4502 1726 4558 sibi
1778 4504 1830 4558 S.
1865 4478 1917 4539 D
1946 4491 2059 4557 eet,
2110 4485 2362 4555 Domine,
2400 4482 2554 4572 (111οά
2594 4482 2766 4572 Viden
2809 4482 3592 4572 tunicamtuam‘scissama

220 4584 590 4660 Chrysogono,
627 4588 883 4661 perrexit
917 4587 988 4643 ad
1020 4588 1337 4644 Dominum.

596 4714 654 4769 C.
700 4712 795 4767 VII
837 4713 991 4769 ΚΑΙ...
1038 4712 1448 4769 DECEMBRIS.

878 4822 972 4885 (25
998 4818 1170 4887 Non.)

281 4932 304 4961 ι
333 4924 527 4994 Natale
568 4925 756 4982 sancti
800 4925 957 4982 Petri
1000 4924 1373 4982 Alexandrini
1422 4925 1697 4998 episcopi.
1739 4926 1841 4983 Hic

224 5009 507 5070 duodecim
528 5027 711 5071 annos
734 5014 789 5070 in
810 5013 1156 5086 episcopatu
1192 5013 1348 5071 illi;:s
1382 5015 1576 5072 verbis
1620 5015 1799 5086 exigit
1828 5047 1839 5080 ;

224 5114 353 5171 quor
396 5120 446 5161 m
478 5108 607 5161 tres
630 5107 766 5161 ante
790 5104 1278 5176 persecutionem,
1306 5104 1563 5176 reliquos
1587 5120 1725 5162 vero
1747 5120 1844 5163 no-

223 5193 453 5251 remsub
466 5193 719 5251 diversis
737 5193 1123 5250 tentationum
1138 5194 1455 5264 generibus
1478 5193 1661 5251 duxit.
1681 5195 1843 5252 Cum-

216 5294 322 5350 que
334 5298 394 5340 se
407 5298 660 5356 semper,
680 5282 733 5339 in
753 5282 904 5340 omni
919 5297 1099 5355 agone
1113 5283 1578 5356 persecutionum
1595 5285 1840 5356 positus,

211 5371 562 5430 arctioribus
594 5371 844 5429 vinculis
874 5371 1249 5430 continentia
1271 5371 1669 5443 distringeret,
1690 5376 1748 5427 et
1773 5372 1843 5428 ad

210 5458 524 5518 utilitatem
559 5466 735 5532 atque
776 5461 1218 5518 instructionem
1255 5460 1529 5519 Ecclesia
1570 5461 1626 5516 in
1664 5461 1844 5517 verbo

271 5592 303 5622 ι
327 5582 535 5642 Euseb.
571 5590 621 5642 1.
659 5598 753 5655 vn,
787 5598 838 5644 c.
884 5583 989 5643 ult.
1020 5590 1078 5641 et
1112 5583 1209 5650 lib.
1240 5598 1314 5655 ix,
1358 5598 1484 5658 cap.
1530 5589 1562 5642 δ
1600 5583 1752 5643 Rufi.
1788 5589 1840 5641 6.

1949 4588 2173 4631 summo
2188 4587 2371 4644 usque
2395 4570 2825 4637 deorsum?Qui
2850 4567 3227 4641 respondens,
3255 4568 3399 4626 dixit
3426 4570 3561 4627 mihi
3579 4590 3591 4626 :

1950 4661 2220 4728 Quotidie
2245 4660 2376 4718 inde
2400 4666 2643 4728 tractas,
2663 4664 2720 4716 et
2748 4658 2937 4715 nescis
2966 4657 3254 4728 quomodo
3273 4658 3452 4717 scissa
3472 4659 3596 4714 est?

1953 4752 2123 4809 Arius
2145 4764 2389 4822 namque
2405 4750 2514 4806 hoc
2541 4748 2697 4819 fecit,
2716 4748 2810 4819 qui
2834 4747 3129 4819 separavit
3153 4761 3184 4804 a
3206 4761 3294 4804 me
3320 4744 3593 4819 populum

1950 4840 2314 4899 bareditatis
2335 4853 2496 4909 mea,
2534 4841 2934 4910 comparatum
2963 4836 3241 4907 sanguine
3265 4848 3410 4891 meo.
3444 4833 3593 4890 Prav

1951 4930 2105 5003 cipio
2136 4943 2287 4986 nunc
2332 4932 2388 4983 et
2431 4940 2634 4983 moneo
2676 4940 2746 4981 ne
2779 4924 3025 4998 recipias
3071 4939 3202 4981 eum
3244 4923 3299 4978 in
3341 4934 3593 4979 commu-

1953 5019 2200 5088 nionem,
2236 5031 2342 5074 nec
2367 5014 2709 5087 rogantibus
2733 5014 2822 5071 his
2852 5014 2949 5086 qui
2981 5012 3212 5071 venturi
3244 5014 3378 5068 sunt
3414 5008 3484 5067 ad
3508 5014 3589 5083 te,

1955 5122 2099 5179 quos
2122 5105 2220 5162 ille
2254 5105 2485 5177 direxit,
2519 5104 2744 5162 veniam
2775 5103 2826 5159 ei
2863 5107 3130 5175 prastes.
3158 5100 3288 5157 Hac
3321 5113 3451 5171 qua
3483 5099 3590 5159 tibi

1955 5194 2317 5252 manifestavi
2341 5193 2571 5251 duobus
2612 5191 2970 5265 presbyteris
2993 5193 3129 5245 nota
3166 5186 3358 5258 facias,
3390 5193 3448 5246 ut
3481 5188 3591 5264 ipsi

1956 5288 2085 5356 post
2117 5287 2197 5354 te,
2233 5297 2363 5340 eum
2406 5279 2947 5340 anathematizando
2992 5275 3287 5348 abjiciant,
3329 5291 3400 5336 ne
3434 5275 3594 5338 illius

1954 5388 2157 5431 errore
2181 5371 2378 5445 pepuli
2402 5371 2786 5442 decipiantur.
2821 5364 3254 5423 Exhortationis
3273 5366 3455 5438 igitur
3476 5382 3594 5426 ser-

1955 5476 2177 5520 monem
2201 5462 2287 5518 eis
2322 5460 2557 5527 faciens,
2583 5464 2641 5513 et
2666 5462 2725 5512 ut
2760 5456 2815 5511 in
2847 5452 3151 5513 catholica
3194 5454 3327 5515 ﬁdei
3369 5457 3592 5515 unitate
