3988 6158
364 325 469 378 403

1399 307 1452 366 S.
1497 303 1756 366 ADONIS
1795 297 2230 362 ARCHIEPISC.
2273 295 2688 353 VIENNENSIS

3652 295 3750 350 6οι

359 441 676 508 manerent,
709 425 1120 495 commendans
1147 449 1246 492 eos
1273 433 1512 491 Domino
1533 432 1589 488 in
1615 445 1782 504 quem
1803 425 1991 486 credi-
2017 423 2075 484 A
2105 429 2346 482 vocatur
2373 435 2402 476 a
2437 419 2648 478 famqu
2681 419 2779 477 Dei
2813 416 3162 508 Alexandro.
3177 415 3252 508 _Et
3285 429 3426 508 ecce
3459 414 3744 508 reductus

357 531 584 598 derant,
619 525 835 585 dimisit
887 525 942 580 in
987 538 1144 596 pace.
1192 523 1374 579 Nimio
1414 536 1552 578 vero
1591 533 1787 576 amore
1837 517 1993 573 illius

356 627 486 675 cum
525 615 724 689 populi
753 613 907 672 circa
929 626 1225 670 carcerem
1248 611 1673 678 detinerentur,
1699 613 1756 665 et
1791 610 1992 680 aperte

359 704 431 764 de
453 719 689 763 carcere
715 703 882 760 educi
917 705 1125 760 beatus
1161 703 1372 756 Petrus
1407 713 1513 755 non
1552 701 1766 769 posset,
1803 697 1993 752 noctis

361 793 550 852 medio
585 793 860 850 tribunus
897 805 1005 848 una
1037 805 1166 846 cum
1211 787 1509 855 militibus,
1557 791 1731 868 rupto
1769 784 1994 857 pariete

359 881 636 951 carceris,
664 897 768 953 per
791 879 1074 936 modicum
1094 877 1346 933 foramen
1371 877 1441 930 ad
1465 875 1653 932 locum
1681 873 1776 931 ubi
1800 870 1994 930 decol-

360 969 567 1026 landus
586 972 732 1035 erat,
760 981 890 1024 eum
915 963 1152 1037 perduci
1189 963 1340 1019 fecit.
1378 963 1626 1020 Sanctus
1657 962 1852 1032 itaque
1895 962 1996 1016 Pe-

360 1064 490 1116 trus
518 1058 780 1114 oratione
811 1057 962 1112 facta
995 1054 1064 1111 ad
1097 1053 1432 1126 sepulcrum
1456 1051 1608 1109 beati
1633 1052 1804 1108 Marci
1826 1065 1998 1108 evan-

359 1145 604 1218 gelistae,
631 1152 687 1202 et
719 1148 1052 1202 sanctorum
1067 1157 1469 1200 successorum
1501 1141 1626 1212 ejus
1649 1141 1871 1211 Aniani,
1895 1141 1999 1198 De-

363 1235 574 1305 metrii,
609 1233 816 1291 Eraclii
849 1237 907 1288 et
939 1232 1202 1296 Thoona),
1248 1231 1533 1287 inclinans
1562 1244 1750 1300 genua
1781 1246 1904 1299 sua,
1938 1234 1996 1286 et

361 1323 583 1394 gratias
595 1337 770 1392 agens
789 1323 902 1377 Deo
917 1320 1012 1392 qui
1037 1335 1168 1377 cum
1187 1317 1540 1389 martyribus
1555 1332 1677 1375 SlllS
1689 1318 1994 1388 sociasset,

361 1411 623 1468 extendit
665 1411 950 1468 cervicem
985 1423 1146 1466 suam
1183 1406 1513 1478 gladiatori,
1557 1410 1732 1477 atque
1763 1405 1841 1462 ita
1874 1421 2001 1478 per-

363 1513 590 1567 cussus,
610 1497 870 1568 martyrii
889 1496 1134 1570 palmam
1161 1496 1428 1567 adeptus,
1444 1496 1738 1552 occubuit.
1758 1497 1824 1551 Et
1843 1509 2001 1550 reve-

366 1592 564 1643 renter
587 1587 720 1642 inde
743 1601 772 1642 a
789 1583 1428 1651 Christianissublatus,
1448 1583 1502 1638 in
1522 1582 1709 1640 locum
1735 1583 1830 1654 qui
1865 1583 2001 1639 dici-

303 1680 310 1684 '
363 1679 464 1732 tur
484 1675 793 1742 Leocados,
816 1674 872 1728 in
899 1673 1236 1729 cmmeterio
1259 1671 1411 1741 quod
1443 1671 1562 1742 ipse
1585 1670 1998 1742 aediﬁcaverat,

363 1762 435 1818 ad
459 1762 753 1818 Orientem
775 1760 1037 1818 civitatis
1063 1759 1448 1828 Alexandriae,
1477 1757 1746 1830 sepultus
1761 1762 1874 1816 est.
1901 1759 2002 1814 Hic
2039 1771 2092 1832 Β

2105 529 2232 572 sum
2261 513 2320 568 in
2351 523 2614 582 corpore.
2650 509 2832 579 Nunc,
2864 507 3093 564 domine
3126 504 3476 575 Alexander,
3515 504 3750 576 baptiza

2105 619 2195 661 me
2225 605 2283 659 in
2314 600 2543 658 nomine
2574 598 2674 654 Dei
2710 597 2812 661 tui.
2848 611 2918 653 ne
2949 595 3104 654 ultra
3137 595 3361 652 videam
3395 594 3547 665 quod
3574 593 3752 652 hodie

2105 692 2242 748 vidi.
2275 689 2612 746 Vocabatur.
2641 687 2691 742 is
2723 685 2952 754 Lueius,
2988 699 3118 742 cum
3153 697 3268 754 quo
3302 683 3586 754 baptizati
3619 687 3756 740 sunt

2105 778 2202 834 alii
2249 780 2482 834 centum
2541 772 2747 844 viginti
2808 771 3081 843 quinque.
3135 771 3393 842 Cumque
3450 785 3647 828 rumor
3693 771 3756 826 Β.

2107 865 2496 924 Alexandrum
2543 861 2757 932 ubique
2800 863 3126 930 spargeret,
3169 859 3498 916 Antoninus
3539 858 3760 916 direxit

2107 953 2511 1012 Cornelianum
2541 949 2868 1022 prmsidem,
2899 953 2961 1004 ut
2991 947 3382 1004 Alexandrum
3413 947 3756 1018 episcopum

2106 1043 2158 1100 ei
2188 1042 2484 1105 exiberet;
2517 1038 2616 1110 qui
2650 1037 2867 1094 invenit
2916 1050 3048 1093 eum
3098 1034 3192 1092 die
3235 1033 3530 1092 Dominica
3574 1034 3634 1090 in
3667 1049 3762 1092 ec-

2106 1131 2286 1189 clesia
2309 1130 2637 1197 docentem,
2677 1131 2737 1182 et
2761 1126 2970 1182 missas
2993 1127 3292 1194 agentem;
3315 1127 3374 1179 et
3395 1123 3552 1182 sicut
3571 1122 3757 1194 impe-

2107 1219 2405 1289 ratorjuss
2420 1215 2988 1287 eratapprehensum
3011 1209 3766 1284 perduxitRomam.Secuti

2109 1311 2246 1365 sunt
2260 1309 2395 1363 aute
2409 1320 2457 1360 m
2473 1319 2604 1361 eum
2622 1301 3414 1373 Crescentianuspresbyter,
3435 1299 3766 1358 Bonifacius

2109 1400 2169 1451 et
2194 1391 2428 1450 Vitalio.
2464 1394 2688 1448 Praeses
2718 1405 2876 1459 vero,
2900 1389 3096 1460 ligatis
3127 1388 3391 1446 manibus
3421 1388 3549 1459 ejus
3577 1392 3764 1458 retro,

2110 1481 2328 1539 obtulit
2358 1495 2490 1538 eum
2521 1479 2844 1544 Antonino;
2880 1492 2908 1534 a
2945 1492 3060 1549 quo
3089 1477 3514 1547 interrogatus,
3539 1489 3671 1532 cum
3693 1475 3770 1532 de

2113 1571 2348 1627 Christo
2367 1567 2842 1628 constantissime
2859 1570 3167 1638 peroraret
3183 1565 3440 1622 fustibus
3458 1565 3664 1636 jussus
3675 1567 3771 1622 est

2111 1659 2376 1728 mactari,
2415 1661 2471 1714 et
2506 1655 2856 1726 gravissime
2886 1653 3052 1724 caedi,
3091 1652 3304 1710 deinde
3336 1653 3394 1708 in
3428 1651 3766 1711 custodiam

2121 1746 2334 1805 claudi.
2371 1746 2496 1812 Quo
2521 1759 2650 1801 cum
2683 1757 2714 1799 a
2747 1741 3031 1800 militibus
3063 1741 3403 1812 duceretur,
3439 1740 3772 1798 Antoninus

366 1851 849 1922 quotiescumque
873 1849 1312 1918 ingrediebatur
1352 1847 1407 1903 in
1439 1828 1916 1918 Thysiasterium,
1951 1851 2011 1903 et

2123 1841 2259 1908 post
2279 1835 2439 1892 illum
2461 1832 2763 1890 clamavit:
2785 1831 3050 1902 Quatuor
3071 1829 3297 1887 dierum
3328 1847 3358 1887 a
3391 1844 3479 1886 me
3501 1829 3609 1886 tibi
3629 1828 3775 1922 dan-

365 1915 721 1995 ascendebat
755 1915 832 1995 ad
865 1915 1194 2008 superioris
1231 1936 1460 2008 pu'puti
1503 1915 1715 2006 locum,
1747 1935 2010 1993 oratione

2119 1929 2218 1982 tur
2249 1923 2516 1992 inducim,
2539 1925 2620 1992 ut,
2647 1919 2916 1992 deposito
2933 1918 3098 1976 cultu
3119 1918 3400 1975 vanitatis
3423 1922 3564 1988 tum,
3586 1915 3777 1974 ultro-

367 2025 538 2094 facta,
564 2031 622 2082 et
644 2041 786 2097 pace
807 2005 953 2082 data
969 2025 1183 2097 populo
1207 2005 1444 2081 videbat
1465 2024 1616 2095 ignis
1639 2005 2010 2096 splendorem

2120 2027 2263 2069 nens
2285 2011 2582 2068 advenias.
2611 2009 2711 2066 Cui
2733 2011 2973 2065 sanctus
3003 2009 3218 2078 Martyr
3255 2006 3596 2078 respondit:
3625 2005 3778 2072 Qua-

360 2093 532 2185 quasi
551 2093 1224 2182 egredientem—desede.
1250 2113 1330 2169 Ad
1362 2093 1531 2184 cujus
1565 2093 2012 2184 fulgorem,ejus

2118 2105 2256 2158 tuor
2287 2099 2412 2156 dies
2435 2098 2552 2169 jam
2592 2097 2814 2168 mstima
2850 2095 3222 2168 praeterisse:
3257 2095 3412 2167 quod
3445 2093 3776 2185 desideras,

362 2212 522 2259 mens
545 2201 602 2257 in
622 2201 859 2258 nimium
880 2215 1134 2258 amorem
1153 2201 1676 2272 contemplationis
1693 2201 1793 2258 Dei
1825 2201 2015 2274 rapie-

369 2290 542 2348 batur
563 2293 844 2360 tantaque
859 2290 1160 2361 (virtutem
1175 2293 1610 2348 antecessorum
1627 2305 1865 2347 suorum
1879 2304 2014 2346 con~

369 2377 660 2449 siderans)
678 2377 1162 2452 humilitatetunc
1183 2392 1248 2433 se
1263 2379 1614 2448 deponebat,
1635 2383 1693 2434 ut
1721 2393 2012 2449 nunquam

370 2466 425 2522 in
458 2466 673 2522 throno
695 2464 1090 2536 eminentiori,
1119 2465 1214 2522 ubi
1234 2464 1347 2535 ipsi
1375 2465 1741 2535 resederant,
1770 2467 1870 2522 sed
1905 2468 2014 2523 sub

371 2553 630 2611 scabello
660 2554 870 2624 pedum
903 2551 1137 2610 illorum
1171 2551 1422 2610 sederet.
1458 2553 1675 2610 Passus
1695 2557 1783 2610 est
1820 2559 2014 2611 autem

369 2638 462 2698 hic
497 2641 887 2698 beatissimus.
903 2641 1216 2713 episcopus
1239 2645 1502 2712 tempore
1524 2641 1749 2698 Maximi
1771 2641 2016 2714 impera-

369 2732 540 2800 toris,
579 2729 675 2800 qni
707 2730 989 2786 decimam
1016 2730 1484 2802 persecutionem
1515 2746 1546 2785 a
1571 2731 1936 2788 Diocletiano
1955 2736 2014 2794 et

371 2816 714 2874 Maximiano
745 2823 996 2890 coeptam
1029 2817 1086 2874 in
1119 2817 1378 2874 Orientis
1423 2818 1688 2890 partibus
1727 2819 2012 2876 exercuit.

373 2906 510 2964 Cum
543 2921 659 2978 quo
690 2905 863 2964 simul
906 2911 963 2964 ct
997 2905 1094 2964 alii
1132 2906 1332 2979 plures
1365 2923 1437 2963 ex
1469 2905 1716 2979 Egypto
1752 2907 2016 2980 episcom

370 2993 741 3052 trucidantur
786 3010 917 3052 cum
968 2994 1202 3054 clericis
1233 3000 1294 3052 et
1336 2994 1504 3052 laicis
1556 2995 1676 3052 fere
1723 2995 2018 3053 sexcentis

372 3083 692 3150 sexaginta.

792 3171 854 3224 A.
897 3169 968 3224 νι
1009 3169 1163 3226 KAL.
1207 3169 1617 3226 DECEMBRIS.

1041 3257 1133 3324 (26
1169 3257 1345 3327 Nov.)

442 3357 470 3386 α
501 3345 723 3404 Natalis
755 3346 942 3404 sancti
986 3345 1107 3401 Lini
1155 3360 1338 3417 papae,
1384 3345 1480 3417 qui
1511 3350 1644 3417 post
1689 3345 2018 3417 apostolum

373 3435 634 3502 Petrum,
672 3433 892 3503 primus
925 3433 1236 3489 Romanam
1268 3432 1590 3489 Ecclesiam
1636 3433 1828 3490 tenuit
1856 3435 2023 3492 annis

375 3519 706 3588 duodecim,
741 3520 1043 3577 mensibus
1085 3520 1302 3590 tribus,
1338 3535 1405 3578 ac
1438 3520 1748 3578 duodecim
1780 3521 2016 3590 diebus;

373 3611 435 3666 et
473 3608 754 3680 martyrio
798 3612 1135 3680 coronatus,
1187 3607 1456 3680 sepultus
1485 3612 1582 3666 est
1619 3609 1675 3666 in
1714 3609 2014 3668 Vaticano.

374 3697 558 3768 Hujus
591 3697 712 3754 Lini
753 3697 971 3757 Paulus
1013 3698 1067 3754 in
1112 3699 1371 3771 Epistola
1413 3699 1485 3755 ad
1515 3699 1875 3758 Timotheum
1907 3715 2022 3757 me-

375 3782 542 3844 minit
576 3788 663 3856 (M
710 3787 853 3844 Tim.
898 3789 998 3854 Iv).

443 3876 472 3914 δ
495 3875 666 3948 Apud
701 3874 1132 3946 Alexandriam,
1167 3876 1260 3932 SS.
1296 3877 1608 3948 Martyrum
1644 3877 1837 3934 Fausti
1864 3892 2021 3948 pres-

377 3963 589 4034 byteri,
623 3967 680 4018 et
717 3963 824 4032 Dii,
871 3967 929 4018 et
965 3963 1288 4019 Ammonii:
1323 3978 1419 4034 qui
1460 3975 1590 4022 cum
1624 3966 1796 4022 beato
1841 3967 2019 4022 Petro

376 4048 638 4118 ejusdem
671 4049 838 4104 urbis
871 4049 1168 4120 episcopo,
1199 4049 1442 4120 jubente
1473 4051 1798 4122 Maximino,
1848 4052 2024 4110 truci-

378 4134 498 4192 dati
533 4140 689 4193 sunt.

447 4223 661 4282 Eodem
693 4223 806 4294 die,
851 4225 910 4279 Β.
947 4223 1281 4296 Alexandri,
1317 4227 1575 4300 episcopi
1627 4232 1683 4284 et
1725 4229 2016 4301 martyris,

376 4313 486 4370 sub
517 4311 808 4368 Antonino
844 4312 1217 4384 imperatore.
1241 4315 1342 4372 Cui
1371 4317 1542 4373 beato
1567 4317 1863 4389 episcopo,
1890 4333 2020 4375 cum

2122 2188 2294 2246 hodie
2327 2185 2574 2258 comple.
2619 2185 2792 2242 Misso
2843 2184 3024 2254 igitur
3061 2183 3163 2240 illo
3212 2183 3268 2239 in
3309 2181 3660 2252 custodiam,
3711 2181 3782 2238 Β-

2123 2275 2574 2334 Crescentianus
2599 2273 2812 2330 sedens
2833 2273 2942 2329 sub
2966 2274 3196 2345 arbore,
3224 2273 3404 2346 coepit
3435 2272 3692 2345 plorare,
3717 2277 3782 2330 et

2123 2379 2242 2438 prae
2277 2363 2521 2420 tristitia
2554 2367 2866 2435 scporatus
2907 2363 3182 2419 dormire.
3211 2363 3313 2420 Cui
3346 2361 3507 2419 visus
3541 2365 3634 2420 est
3671 2364 3784 2420 An-

2121 2454 2289 2524 gelus
2319 2451 2564 2522 Domini,
2598 2455 2658 2507 et
2686 2451 2836 2508 dixit
2864 2451 2948 2506 ei:
2981 2453 3104 2508 lam
3137 2451 3218 2508 fui
3252 2451 3322 2508 ad
3357 2449 3780 2523 Alexandrum,

2122 2546 2182 2598 et
2213 2541 2359 2598 solvi
2400 2539 2631 2597 vincula
2665 2539 2808 2610 ejus,
2856 2543 2916 2595 et
2959 2539 3282 2596 confortavi
3324 2553 3488 2604 eum;
3530 2542 3592 2594 et
3626 2552 3784 2596 nunc

2126 2644 2195 2686 ne
2219 2629 2476 2686 sedeatis
2499 2629 2606 2685 sub
2629 2627 2736 2684 hac
2760 2627 2990 2696 arbore,
3017 2642 3088 2682 ne
3110 2627 3260 2682 forte
3282 2633 3528 2698 tyranno
3548 2626 3786 2683 nuntie-

2125 2718 2283 2774 mini.
2317 2717 2582 2774 Eductus
2613 2715 2794 2786 igitur
2825 2715 2898 2772 de
2921 2714 3191 2772 custodia
3222 2715 3430 2772 beatus
3451 2713 3786 2772 Alexander

2127 2806 2339 2862 iterum
2372 2805 2608 2863 sistitur
2640 2803 2952 2873 Antonino,
2975 2807 3036 2860 et
3069 2817 3384 2874 suSpensus
3413 2803 3468 2859 in
3500 2801 3781 2874 equuleo,

2123 2894 2367 2966 jubente
2399 2893 2597 2966 impio,
2645 2892 2944 2964 lampades
2987 2891 3266 2948 ardentes
3303 2891 3461 2949 circa
3502 2889 3700 2948 latera
3731 2891 3784 2950 ei

2129 2982 2413 3054 appositae
2443 2985 2598 3050 sunt,
2643 2995 2711 3038 ac
2751 2980 2984 3052 ungulis
3027 2995 3243 3052 corpus
3291 2978 3450 3038 illius
3478 2981 3781 3038 abrasum.

2128 3072 2346 3128 Deinde
2359 3087 2431 3128 ex
2454 3071 2705 3143 equuleo
2720 3071 3050 3143 depositus,
3069 3071 3285 3129 ductus
3303 3075 3391 3129 est
3407 3071 3478 3128 ad
3491 3069 3784 3144 templum

2129 3168 2436 3242 Apollinis.
2472 3169 2535 3225 In
2563 3184 2678 3240 quo
2711 3168 3038 3240 ingressus,
3073 3169 3276 3226 statim
3311 3173 3373 3224 ut
3402 3169 3617 3238 oravit,
3645 3183 3787 3240 pars

2129 3257 2322 3328 aliqua
2348 3257 2574 3329 templi,
2609 3262 2668 3314 et
2696 3255 3071 3314 simulacrum
3095 3255 3385 3328 Apollinis
3404 3255 3645 3314 cecidit.
3673 3258 3788 3314 An-

2129 3345 2366 3402 toninus
2382 3359 2524 3402 vero
2548 3345 2658 3402 hoc
2691 3345 2906 3402 factum
2942 3344 3184 3416 magicis
3207 3345 3436 3401 artibus
3459 3343 3783 3416 deputans,

2129 3434 2342 3490 sedens
2358 3433 2779 3504 protribunali,
2805 3436 3068 3490 sanctum
3087 3433 3428 3505 episcopum
3452 3432 3522 3490 ad
3549 3431 3787 3491 bestias

2128 3521 2442 3578 damnavit.
2485 3523 2557 3577 Et
2586 3536 2716 3578 cum
2767 3521 2925 3580 nulla
2955 3535 3085 3578 eum
3116 3522 3436 3592 tetigisset,
3482 3521 3786 3580 fornacem

2128 3611 2352 3680 igneam
2384 3609 2577 3681 parari
2605 3608 2806 3680 jussit,
2840 3614 2901 3666 et
2932 3611 3164 3668 beatum
3196 3610 3384 3666 virum
3429 3609 3484 3665 in
3523 3623 3653 3666 eam
3700 3610 3789 3682 ja-

2129 3699 2298 3755 ctari.
2316 3699 2599 3755 Utautem
2613 3701 2852 3755 sanctus
2868 3703 3106 3768 martyr,
3124 3698 3398 3770 expansis
3413 3698 3711 3767 manibus,
3730 3699 3784 3756 in

2130 3786 2320 3844 medio
2356 3785 2610 3843 fornacis
2641 3787 2833 3843 oravit
2854 3786 2924 3842 ad
2957 3786 3280 3856 Dominum,
3318 3789 3480 3843 totus
3510 3786 3668 3856 ignis
3702 3788 3787 3844 ita

2127 3875 2428 3932 extinctus
2460 3878 2572 3946 est,
2607 3879 2669 3931 ut
2703 3889 2811 3932 nec
2843 3873 3154 3945 vestigium
3175 3873 3391 3931 caloris
3421 3879 3783 3932 remaneret.

2126 3965 2285 4022 Tunc
2307 3963 2628 4020 Antoninus
2653 3963 2724 4019 de
2755 3963 2987 4018 fornace
3007 3966 3272 4020 sanctum
3293 3961 3477 4020 virum
3495 3961 3787 4021 eductum

2131 4049 2413 4108 decollari
2441 4050 2740 4122 praecepit.
2770 4051 3026 4122 Cumque
3043 4050 3160 4122 jam
3185 4051 3502 4108 duceretur
3525 4065 3556 4106 a
3579 4049 3789 4108 militi-

2130 4141 2260 4208 bus,
2281 4137 2514 4210 quidam
2525 4138 2756 4210 juvenis
2778 4152 2852 4195 ex
2875 4138 3069 4196 ofﬁcio
3093 4139 3386 4209 Antonini,
3413 4138 3785 4197 Herculanus

2131 4227 2386 4296 nomine,
2427 4226 2798 4298 exclamavit,
2854 4227 3087 4284 dicens:
3133 4228 3438 4298 Antonine,
3482 4227 3788 4286 insensatc

2131 4319 2396 4386 tyranne,
2427 4331 2532 4372 cur
2560 4329 2754 4373 caecus
2775 4319 2834 4372 et
2858 4316 3075 4372 surdus
3096 4317 3418 4388 perduras?
3433 4317 3585 4374 Ecce
3601 4317 3790 4375 famu-

376 4404 528 4456 esset
573 4399 992 4459 famosissimus
1022 4401 1080 4457 in
1119 4401 1438 4476 miraculis,
1475 4405 1722 4476 quodam
1759 4410 2020 4478 tempore
2055 4468 2097 4478 _
2133 4402 2227 4460 lus
2257 4402 2358 4460 Dei
2392 4408 2520 4476 post
2554 4403 2766 4474 virgas,
2803 4410 2936 4476 post
2969 4403 3251 4476 equuleos
3281 4410 3438 4475 tuos,
3469 4409 3532 4461 et
3562 4403 3790 4478 lampa-

378 4482 610 4552 delatus
635 4495 726 4546 est
767 4489 1000 4562 quidam
1034 4496 1302 4549 mortuus
1330 4512 1341 4548 :
1373 4468 1542 4564 cujus
1582 4501 1858 4566 parentes
1880 4468 2020 4552 .cum
2055 4468 2104 4528 ί)
2137 4493 2258 4562 des,
2293 4468 2467 4563 atque
2489 4468 2831 4563 ungularum
2852 4468 3133 4563 attactus,
3162 4505 3293 4566 post
3317 4468 3519 4566 templi
3549 4497 3610 4550 et
3635 4468 3788 4552 id-oli

376 4575 717 4660 hortaretur
742 4585 983 4636 sanctus
1027 4579 1114 4635 vir
1145 4585 1210 4637 ut
1248 4582 1561 4639 crederent
1601 4582 1655 4639 in
1701 4583 2020 4654 Christum,

377 4666 819 4738 spoponderunt
833 4681 898 4725 se
923 4668 1200 4740 facturos,
1225 4669 1272 4726 si
1289 4669 1471 4728 isdem
1489 4677 1758 4729 mortuus
1777 4673 2025 4729 suscita-

378 4758 558 4813 retur.
594 4756 750 4814 Tunc
779 4762 1020 4816 sanctus
1057 4757 1167 4830 vir,
1203 4759 1469 4817 oratione
1501 4761 1672 4829 facta,
1703 4774 2022 4818 conversus

374 4843 446 4899 ad
476 4857 716 4916 corpus,
751 4844 945 4902 dixit?
973 4846 1033 4900 In
1055 4845 1283 4904 nomine
1307 4847 1518 4912 Patris,
1543 4850 1602 4904 et
1637 4846 1786 4916 Filii,
1814 4851 1877 4903 et
1903 4847 2025 4920 Spi-

375 4929 527 4985 ritus
551 4930 975 5002 sancti,surgc.
1003 4931 1110 5000 Qui
1135 4932 1334 4988 statim
1364 4947 1614 5002 surgens
1636 4932 1888 4990 clamare
1910 4949 2026 4991 coe-

375 5015 740 5087 pitzAudite,
761 5022 1052 5089 parentes,
1076 5023 1136 5074 et
1167 5018 1420 5090 populus
1447 5019 1778 5076 universus.
1805 5021 2024 5078 Ductus

378 5097 642 5160 aduobus
677 5101 963 5177 Egyptiis
1001 5103 1167 5162 vultu
1203 5105 1544 5174 teterrimis,
1582 5105 1784 5178 iraque
1810 5106 2018 5180 plenis,

379 5183 610 5254 positus
633 5203 760 5246 sum
785 5190 840 5246 in
873 5189 1298 5247 obscurissimo
1322 5190 1454 5247 loco
1486 5191 1584 5248 ubi
1615 5196 1738 5250 erat
1775 5198 2020 5266 puteus;

379 5268 697 5344 subitoque
721 5279 990 5337 veniente
1011 5278 1258 5350 quodam
1269 5277 1502 5350 juvene,
1521 5279 1698 5337 nimio
1711 5280 2022 5353 splendore

375 5371 646 5438 corusco,
678 5367 842 5422 totus
871 5367 970 5426 ille
1003 5368 1168 5425 locus
1193 5368 1571 5440 contremuit,
1593 5375 1655 5425 et
1674 5368 2019 5428 exclamavit

371 5443 608 5516 juvenis
630 5444 728 5503 ille
744 5449 1278 5521 splendidissimus:
1297 5455 1598 5512 Remittite
1613 5456 2020 5527 puerum,qnia

449 5577 479 5608 ι
508 5569 796 5640 Pontific.,
829 5586 879 5628 c.
914 5578 964 5630 2.

2136 4581 2217 4638 tui
2275 4581 2521 4649 ruinam,
2563 4585 2698 4652 post
2737 4581 2969 4638 leonum
3003 4587 3061 4637 et
3107 4595 3340 4640 usorum
3373 4581 3591 4638 rabiem
3625 4581 3794 4639 devi-

2131 4671 2306 4740 ctam,
2334 4673 2467 4741 post
2482 4669 2736 4727 fornacis
2751 4669 2939 4740 ignem
2953 4670 3298 4740 extinctum,
3315 4685 3466 4728 nunc
3489 4670 3558 4728 ad
3583 4669 3789 4728 decol-

2135 4757 2369 4816 landum
2401 4755 2616 4827 gaudio
2639 4757 2902 4830 repletus
2933 4758 3113 4816 vadit.
3148 4758 3290 4826 Quis
3311 4758 3544 4816 dubitet
3573 4771 3788 4818 verum

2136 4845 2312 4902 Deum
2347 4859 2474 4902 esse
2507 4845 2605 4914 qui
2651 4844 2732 4902 ita
2765 4859 2902 4903 suos
2933 4847 3260 4904 confortat?
3291 4846 3620 4904 Antoninus
3652 4847 3788 4904 haec

2133 4933 2410 4989 audiens:
2443 4931 2668 5002 Infelix,
2705 4933 2916 5005 inquit,
2941 4933 3192 5004 juvenis,
3228 4934 3366 5006 quid
3406 4935 3516 4992 tibi
3559 4935 3786 4992 factum

2131 5024 2244 5089 est,
2279 5024 2342 5077 ut
2374 5019 2522 5077 tales
2554 5035 2854 5079 sermones
2874 5021 3168 5094 loquaris?
3189 5023 3258 5080 Et
3280 5023 3470 5081 iratus
3490 5022 3789 5094 jussitju-

2131 5121 2332 5164 venem
2365 5109 2580 5175 teneri;
2614 5124 2783 5181 quem
2807 5125 2936 5168 cum
2959 5110 3210 5168 diversis
3241 5111 3609 5170 cruciatibus
3633 5111 3790 5169 ami-

2132 5195 2338 5266 xisset,
2358 5195 2554 5267 gladio
2576 5198 3018 5255 consummavit.
3046 5200 3258 5258 Beatus
3280 5214 3420 5257 vero
3445 5199 3789 5260 Alexander

2130 5299 2259 5342 cum
2293 5283 2630 5356 duceretur,
2673 5285 2932 5342 obviavit
2983 5287 3035 5344 ei
3078 5287 3340 5359 quaedam
3382 5287 3561 5346 vidua
3603 5303 3785 5360 quam

2131 5373 2339 5432 beatus
2367 5375 2588 5444 martyr
2609 5375 2858 5445 rogavit,
2883 5374 3116 5433 dicens:
3143 5375 3454 5434 Commoda
3483 5376 3626 5433 mihi
3651 5391 3789 5434 ora-

2129 5460 2298 5519 rium.
2335 5462 2408 5518 At
2439 5460 2537 5518 illa
2561 5462 2834 5534 praestitit
2858 5463 2930 5520 ei.
2954 5463 3248 5522 Officiales
3278 5467 3478 5522 autem
3496 5463 3791 5522 dixerunt

2195 5574 2444 5640 “Euseb
2475 5583 2576 5642 lib.
2613 5599 2734 5656 vm,
2767 5599 2895 5657 cap.
2929 5590 3018 5655 ἥδ,
3053 5584 3204 5644 Buff.
3239 5582 3326 5644 ll.
