3988 6158
284 296 386 351 405

1026 285 1633 348 κΑῐίτγιῑοιοριυΜ
1670 284 1812 342 cum
1852 279 2379 339 acerrumus.
2406 304 2491 318 ~-
2528 276 2728 333 usus.
2771 272 2933 331 nov.
3010 254 3015 259 “

3573 266 3675 325 606

279 415 547 476 mulieri:
598 412 917 472 Perdidisti
966 413 1221 472 orarium
1270 417 1453 471 tuum.
1507 414 1682 471 Facto
1722 412 1919 484 itaque
1949 407 2006 481 A
2039 403 2395 474 Valerianus,
2450 404 2740 471 Urbanus,
2793 400 3074 455 Crescens
3121 401 3180 484 et
3220 393 3319 466 qui
3350 392 3674 484 vocabatur

280 506 444 576 signo
473 504 696 573 crucis,
731 502 1079 574 exspoliavit
1116 517 1178 560 se
1214 503 1427 560 beatus
1458 503 1672 573 Martyr
1700 502 1919 573 tunica,

280 599 336 651 et
360 595 417 649 in
441 591 595 650 linea
620 597 807 661 stans,
824 591 971 648 texit
995 590 1107 648 sibi
1132 590 1203 647 de
1225 591 1416 647 orario
1438 590 1661 661 oculos,
1680 590 1809 647 dein
1828 606 1924 663 po-

282 682 411 740 sitis
423 681 697 754 genibus,
717 680 979 752 suscepit
993 678 1248 751 gladium
1263 680 1353 736 via
1370 678 1626 749 Claudia,
1644 680 1925 750 vigesimo

282 770 555 828 milliario
578 771 651 826 ab
672 770 846 826 Urbe.
864 769 932 825 Et
957 769 1147 826 factus
1169 773 1260 825 est
1282 772 1669 837 terrasmotus,
1686 772 1744 824 et
1759 769 1924 827 vicus

282 864 341 916 et
371 859 618 919 thermae
649 856 1013 916 ceciderunt.
1056 858 1306 913 Sanctus
1338 861 1531 913 autem
1564 857 1926 914 Crescentia-

282 943 1132 1016 uus,ethiquicumilloerant,
1159 943 1458 1001 revelante
1480 949 1755 1018 martyre,
1779 944 1926 1002 tule-

282 1039 419 1092 runt
441 1038 675 1091 sanctas
707 1031 990 1104 reliquias
1020 1032 1170 1103 ejus,
1205 1038 1264 1088 et
1299 1032 1658 1103 sepelierunt
1700 1033 1754 1089 in
1798 1032 1927 1090 loco

286 1123 382 1179 ubi
411 1137 589 1180 orans
623 1121 876 1179 fornacis
910 1122 1100 1191 ignem
1125 1122 1475 1179 extinxerat.
1510 1122 1578 1183 Et
1613 1122 1806 1193 posuit
1832 1135 1927 1178 su-

283 1226 385 1284 pra
414 1211 696 1283 scriptum
732 1225 981 1267 marmor
1011 1211 1384 1267 continentes
1411 1230 1423 1265 :
1466 1211 1586 1268 Hic
1603 1211 1933 1281 requiescit

280 1301 521 1359 sanctus
533 1299 592 1357 et
607 1298 970 1356 venerabilis
987 1299 1224 1370 martyr
1243 1301 1289 1356 Α
1300 1299 1586 1357 ιεωαηίὶεν
1604 1300 1923 1372 episcopus.

286 1387 479 1460 Cujus
490 1387 777 1459 depositio
789 1386 1123 1445 celebratum
1132 1388 1438 1444 undecimo
1452 1387 1762 1445 Kalendas
1776 1388 1931 1445 Octo-

285 1476 427 1535 bris.
461 1476 563 1533 Cui
588 1491 732 1549 papa
756 1476 1038 1533 Damasus
1062 1477 1423 1548 postmodum
1448 1481 1710 1547 cryptam
1732 1477 1927 1534 condi-

282 1578 455 1635 gnam
488 1564 729 1635 faciens,
764 1564 884 1620 illic
915 1579 1045 1621 eum
1080 1570 1249 1620 sexto
1281 1563 1567 1622 Kalendas
1590 1565 1925 1621 Decembris

287 1652 676 1724 transposuit,
700 1653 930 1723 quando
951 1659 1008 1709 et
1045 1654 1425 1710 festivitatem
1448 1654 1500 1710 ei
1525 1654 1762 1711 dicavit.
1790 1654 1930 1711 Ora-

2035 494 2482 562 Habetdeum,et
2507 488 2871 557 Eustachius,
2888 483 3336 542 Crescentianus
3356 486 3415 537 et
3438 480 3674 538 Cresce-

2035 581 2187 652 nius,
2221 586 2279 638 et
2314 580 2490 650 Felix,
2518 584 2575 636 et
2608 576 2981 643 I-Iortolanus,
3006 577 3063 628 et
3096 570 3518 639 Florentianus,
3545 582 3672 640 pro.

2037 676 2167 743 pter
2197 671 2459 727 eamdem
2494 664 2929 740 praedicationis
2957 661 3285 728 veritatem,
3326 656 3673 727 gravissimo

2037 758 2290 815 damnati
2313 756 2539 826 exsilio,
2562 756 2615 812 in
2628 752 2997 812 confessione
3019 747 3275 822 pietatis,
3292 743 3672 803 cursumvitas

2036 861 2155 905 suae
2185 847 2759 904 consummaverunt.

2426 968 2487 1021 D.
2543 966 2616 1022 III
2663 964 2817 1021 KAL.
2870 959 3282 1018 DECEMBRIS.

2698 1083 2814 1145 ((29
2842 1078 3015 1146 Non.)

2109 1196 2312 1267 Vigilia
2337 1196 2522 1254 sancti
2557 1195 2801 1252 Andreae
2826 1190 3090 1264 apostoli.

2108 1287 2177 1341 Et
2209 1286 2422 1354 Romae,
2450 1284 2662 1341 natalis
2695 1282 2878 1339 sancti
2904 1279 3199 1337 Saturnini
3223 1280 3517 1351 martyris,
3544 1280 3679 1337 Seu-

2037 1374 2127 1430 nis
2158 1380 2215 1430 et
2247 1373 2481 1430 Sisinnii
2507 1383 2531 1411 ο
2563 1373 2958 1437 diaronorum,
2980 1371 3090 1425 sub
3113 1367 3481 1424 Maximiano:
3509 1381 3537 1422 a
3564 1381 3679 1439 quo

2038 1462 2394 1534 primointer
2413 1462 2562 1517 alios
2588 1475 2790 1517 servos
2805 1459 2900 1515 Dei
2926 1456 3179 1515 damnati
3207 1460 3342 1513 sunt
3365 1455 3435 1511 ad
3460 1453 3681 1511 fodien-

2038 1550 2166 1607 dam
2201 1565 2454 1619 arenam,
2489 1550 2567 1606 ad'
2608 1548 2905 1606 faciendas
2950 1546 3205 1603 thermas
3247 1542 3679 1608 Diocletianas;

2038 1652 2283 1707 quorum
2326 1654 2501 1696 unum
2546 1637 2857 1694 Sisinnium
2902 1637 3316 1707 prmsentatum
3369 1630 3501 1701 sibi,
3548 1645 3679 1688 cum

285 1740 432 1797 rium
460 1721 644 1812 'poi-ro
674 1721 819 1799 illud
851 1741 963 1798 sibi
1006 1742 1335 1812 praestitum
1368 1741 1520 1799 unde
1549 1742 1659 1799 sibi
1706 1750 1926 1815 martyr
1958 1758 2011 1818 Β
2042 1727 2466 1818 interrogasset
2504 1727 2652 1784 idem
2677 1724 3050 1818 Maximianus
3078 1721 3176 1792 qui
3218 1723 3550 1790 vocaretur.
3594 1733 3683 1776 re-

284 1826 490 1885 oculos
518 1831 770 1899 texerat,
814 1843 945 1886 mox
977 1834 1037 1887 ut
1065 1828 1388 1886 decollatus
1418 1835 1526 1898 est,
1562 1831 1790 1888 mulieri
1825 1847 1928 1904 per

289 1917 597 1988 quemdam
641 1917 947 1990 puerulum
990 1931 1159 1988 quem
1192 1916 1457 1988 angelum
1484 1918 1667 1976 fuisse
1698 1934 1807 1977 non
1839 1927 1931 1979 est

288 2005 551 2076 dubium,
578 2006 955 2064 reformatum
986 2011 1098 2064 est.
1135 2006 1297 2072 Quod
1323 2005 1418 2064 illa
1443 2022 1553 2065 non
1577 2008 1702 2065 sine
1722 2010 1929 2080 grandi

287 2098 531 2166 stupore
553 2095 799 2168 recepit,
825 2099 885 2152 et
907 2110 1043 2152 vere
1066 2099 1379 2168 martyrem
1401 2096 1665 2155 confessa
1688 2097 1931 2156 Alexan-

288 2181 455 2240 drum
480 2182 714 2241 Christo
741 2183 1014 2241 credidit.

721 2292 781 2348 B.
820 2291 865 2347 V
895 2291 1052 2348 KAL.
1087 2290 1500 2348 DECEMBRIS.

960 2380 1051 2450 (27
1080 2378 1221 2437 Nov.
1222 2385 1252 2447 )

360 2463 585 2525 Natalis
609 2470 945 2523 sanctorum
970 2472 1287 2538 martyrum
1312 2466 1519 2524 Vitalis
1540 2471 1601 2523 et
1622 2467 1927 2540 Agricolae,

289 2555 384 2626 qui
408 2554 564 2627 apud
590 2552 1097 2612 Bononiamltaliaa
1111 2553 1336 2624 urbem,
1354 2558 1483 2625 post
1507 2554 1617 2611 alia
1639 2559 1930 2612 tormenta

289 2642 492 2699 ultimo
521 2642 785 2699 crucifixi
819 2641 1158 2714 martyrium
1189 2640 1650 2713 compleverunt.
1678 2641 1931 2708 Quorum

290 2745 539 2803 corpora
565 2731 954 2803 postmodum,
971 2744 1100 2787 cum
1120 2735 1319 2787 essent
1352 2729 1540 2802 posita
1567 2731 1720 2786 inter
1741 2730 1935 2802 sepul-

290 2833 384 2876 cra
415 2820 773 2889 Iudaeorum,
807 2823 866 2875 et
900 2819 1113 2892 populo
1153 2817 1484 2874 Christiano
1516 2832 1758 2889 prorsus
1782 2819 1933 2875 inco-

290 2907 471 2979 gnita,
510 2908 719 2965 beatus
754 2907 1095 2964 Ambrosius
1134 2905 1304 2977 (ipsis
1335 2905 1555 2963 sanctis
1579 2906 1933 2976 martyribus

293 2994 716 3068 revelantibus)
740 2995 893 3067 apud
916 2994 1333 3053 Bouoniensem
1357 2993 1654 3050 civitatem
1678 2994 1932 3065 reperit;

290 3088 853 3156 quaequeexstructa
868 3082 1277 3153 ecclesia,cum
1294 3096 1494 3152 magna
1519 3079 1935 3138 fideliumlaeti-
1965 3107 2014 3169 Ο

288 3172 368 3229 tia
392 3177 460 3229 et
491 3173 817 3230 damonum
852 3171 1035 3244 poenis
1059 3170 1463 3229 confitentium
1486 3170 1692 3228 merita
1724 3176 1935 3242 marty-

288 3275 434 3331 rum,
470 3262 583 3319 sub
623 3261 793 3318 altari
826 3259 1127 3332 deposuit.

359 3352 420 3407 ln
450 3348 675 3419 Galliis,
708 3348 950 3406 civitate
971 3346 1264 3418 Regiensi,
1300 3346 1513 3404 natalis
1544 3346 1731 3404 sancti
1763 3346 1935 3403 Maxi-

288 3438 364 3496 mi
392 3448 419 3477 ει
447 3436 733 3510 episcopi,
771 3436 867 3507 qui
900 3451 930 3493 a
960 3436 1233 3507 primaeva
1276 3439 1450 3492 aetate
1491 3435 1775 3493 virtutum
1817 3451 1934 3493 om-

287 3525 443 3583 nium
474 3525 665 3597 gratia
699 3524 1002 3597 praditus,
1047 3524 1294 3595 primum
1330 3523 1646 3580 Lirinensis
1680 3525 1931 3582 ccenobii

285 3619 473 3685 pater,
508 3612 719 3670 deinde
751 3612 1056 3684 Regiensis
1078 3610 1359 3668 Ecclesia;
1381 3610 1719 3683 episcOpus,
1747 3611 1932 3682 signis

287 3705 347 3758 et
398 3700 685 3775 prodigiis
732 3699 989 3773 inclytus
1037 3700 1284 3757 exstitit.
1321 3699 1581 3770 Denique
1627 3699 1781 3756 inter
1819 3698 1932 3757 alia

284 3793 452 3861 gesta
485 3787 808 3861 magniﬁca,
840 3792 966 3845 tres
999 3792 1259 3845 mortuos
1290 3786 1525 3854 vivens;
1561 3802 1736 3845 unum
1770 3792 1932 3844 tactu

286 3877 469 3949 (quod
529 3876 602 3934 ad
659 3876 991 3949 sepulcrum
1040 3876 1366 3933 vehebatur
1414 3874 1612 3945 loculi,
1666 3878 1933 3932 mortuus

287 3965 603 4024 suscitavit

677 4035 736 4093 C.
788 4035 877 4093 iV.
930 4036 1085 4092 ΚΑΒ.
1138 4032 1549 4091 DECEMBRIS.

365 4209 589 4271 Natalis
620 4211 806 4269 sancti
848 4123 1618 4285 Sostflseiﬁfgpostolorum
1661 4208 1934 4282 discipuli

291 4302 458 4370 (Act.
490 4315 668 4368 xvm;
701 4301 742 4359 Ι
764 4300 895 4359 C’or.
933 4308 1011 4369 ι).

2038 1815 2316 1887 epondit:
2352 1816 2468 1886 Ego
2502 1821 2775 1887 peccator
2805 1810 3113 1880 Sisinnius,
3149 1823 3357 1866 servus
3380 1821 3681 1866 servorum

2039 1904 2263 1961 Domini
2284 1906 2419 1961 Jesu
2447 1899 2680 1960 Christi.
2710 1902 2811 1959 Cui
2833 1915 2960 1958 cum
2986 1903 3114 1972 post
3137 1896 3249 1954 alia
3274 1896 3682 1955 diceretMaxi-

2041 1993 2298 2051 mianus:
2326 1996 2440 2050 Aut
2473 1991 2737 2050 sacrifica
2762 1991 2870 2046 deo
2904 1985 3156 2056 Herculi,
3192 1991 3291 2042 aut
3317 1998 3524 2042 carnes
3548 1990 3681 2041 tuas

2041 2081 2274 2152 ignibus
2296 2082 2590 2150 cremabo,
2615 2076 2946 2150 reSpondit:
2974 2075 3042 2131 Et
3064 2088 3171 2143 ego
3196 2072 3424 2144 quidem
3451 2085 3681 2144 semper

2041 2169 2147 2225 hoc
2177 2169 2372 2240 optavi
2405 2170 2824 2239 (verumtamen
2860 2164 2909 2221 si
2943 2161 3187 2219 meritus
3219 2159 3403 2231 fuero)
3436 2165 3500 2216 ut
3531 2158 3693 2221 desis

2043 2256 2300 2313 deratam
2316 2271 2589 2315 coronam
2605 2253 2905 2326 accipiam.
2923 2249 3193 2308 Traditus
3218 2247 3398 2318 igitur
3418 2247 3683 2306 Laodicio

2043 2346 2338 2418 praefecto,
2367 2345 2584 2402 missus
2605 2349 2698 2400 est
2722 2344 2776 2399 in
2801 2338 3128 2407 custodiam
3154 2336 3355 2395 decem
3378 2341 3438 2392 et
3461 2340 3682 2408 septem

2043 2433 2271 2491 diebus.
2300 2434 2436 2491 Inde
2459 2433 2758 2489 exhibitas
2779 2434 2872 2486 est
2895 2429 2966 2485 ab
2993 2425 3321 2497 Aproniano
3339 2427 3686 2481 commenta-

2043 2522 2220 2578 riensi
2256 2520 2596 2593 aspectibus
2629 2517 2900 2575 Laodicii.
2937 2517 3005 2572 Et
3048 2514 3246 2572 subito
3286 2512 3386 2570 lux
3428 2512 3498 2569 de
3536 2509 3685 2569 cmlo

2044 2610 2193 2666 facta
2225 2614 2340 2680 est,
2371 2615 2431 2665 et
2462 2624 2573 2666 vox
2605 2622 2736 2664 cum
2774 2607 2901 2661 luce
2933 2603 3130 2661 audita
3162 2606 3251 2659 est
3282 2620 3294 2655 :
3344 2600 3562 2671 Venite,
3597 2599 3686 2656 be-

2040 2698 2265 2755 nedicti
2304 2697 2514 2754 Patris
2542 2697 2681 2765 mei,
2708 2694 2995 2765 peroipite
3034 2704 3286 2762 reginam
3331 2687 3491 2760 quod
3524 2685 3687 2745 vobis

2031 2786 2325 2858 paratum
2353 2785 2441 2842 est
2465 2799 2503 2841 a
2532 2783 2947 2841 constitutione
2972 2778 3182 2836 mandi
3214 2775 3465 2845 (Matth.
3491 2790 3620 2831 xxv.
3626 2781 3678 2844 ).

2113 2875 2267 2930 Tunc
2290 2872 2658 2944 Apronianus
2681 2869 3057 2925 tremefactus
3075 2865 3291 2922 cecidit
3312 2865 3383 2920 ad
3408 2863 3586 2935 pedes
3610 2864 3691 2919 Si-

2045 2960 2217 3018 sinnii
2272 2960 2545 3029 diaconii,
2583 2958 2824 3015 dicens:
2870 2954 3088 3025 Adjuro
3128 2958 3187 3008 te
3238 2965 3341 3023 per
3389 2950 3684 3008 Christum

2047 3064 2215 3123 quem
2251 3048 2572 3117 conﬁteris,
2604 3061 2674 3102 ne
2707 3043 2908 3101 tardes
2941 3056 3029 3098 me
3059 3040 3381 3112 baptizare,
3412 3042 3471 3095 et
3504 3037 3683 3096 facias

2045 3154 2133 3195 me
2166 3144 2355 3195 tecum
2388 3136 2721 3210 pertingere
2753 3134 2823 3190 ad
2857 3144 3149 3189 coronam.
3186 3127 3294 3195 Qui
3328 3127 3681 3199 baptizatus,

2046 3226 2243 3284 statim
2276 3223 2720 3282 obtruncatione
2752 3219 2965 3293 cap’tis
2992 3231 3263 3275 coronam
3298 3214 3561 3287 martyrii
3603 3215 3687 3272 in-

2045 3315 2222 3373 venit.
2250 3313 2598 3371 Retruditur
2620 3312 2830 3368 iterum
2853 3309 2910 3365 in
2934 3307 3260 3364 custodiam
3295 3303 3600 3373 Sisinnius,
3625 3307 3687 3360 et

2046 3419 2224 3462 senex
2257 3402 2606 3460 Saturninus
2637 3413 2767 3456 cum
2799 3397 2920 3467 illo,
2959 3397 3057 3452 ubi
3082 3393 3297 3451 multos
3318 3390 3571 3464 gentiles
3592 3405 3688 3448 ve-

2044 3494 2271 3550 nientes
2294 3490 2363 3548 ad
2387 3505 2448 3547 se
2474 3490 2857 3557 docebant,et
2878 3484 3275 3557 baptizabant.
3294 3480 3690 3551 Postquadra-

2042 3582 2202 3653 ginta
2218 3582 2364 3638 duos
2381 3579 2529 3648 dies,
2543 3577 2721 3635 vincti
2740 3574 2983 3643 catenis,
3011 3588 3078 3629 ac
3098 3571 3271 3628 nudis
3288 3568 3536 3641 pedibus
3550 3568 3690 3625 edu-

2044 3669 2124 3726 cti
2149 3670 2340 3725 denuo
2362 3672 2495 3723 ante
2520 3665 2881 3737 praefectum,
2917 3660 3109 3716 delata
3141 3662 3227 3714 est
3258 3658 3492 3728 tripoda
3518 3660 3578 3713 ut
3604 3671 3690 3714 sa-

2041 3756 2395 3814 crificarent.
2420 3755 2576 3811 Tunc
2602 3753 2810 3807 beatus
2831 3746 3177 3805 Saturninus
3198 3743 3342 3800 dixit
3370 3762 3383 3798 :
3411 3744 3686 3800 Conterat

2045 3844 2318 3902 Dominus
2348 3843 2490 3899 deos
2520 3839 2802 3911 gentium.
2839 3838 2906 3893 Et
2936 3834 3212 3891 continuo
3243 3830 3432 3888 soluta
3464 3833 3553 3887 est
3583 3829 3689 3886 tri-

2046 3933 2194 4005 poda
2226 3944 2376 3988 aerea
2410 3928 2569 3986 velut
2594 3926 2801 3983 lutum.
2834 3921 2996 3991 Quod
3018 3920 3289 3978 videntes
3311 3917 3426 3975 duo
3450 3915 3683 3988 milites,

2044 4020 2253 4093 Papias
2283 4023 2341 4076 et
2370 4019 2620 4082 Maurus,
2652 4012 3032 4071 crediderunt
3057 4008 3307 4065 Christo.
3337 4006 3405 4062 Et
3429 4006 3689 4078 compre-

2046 4108 2209 4165 hensi
2240 4123 2271 4165 a
2302 4106 2590 4176 Laodicio,
2625 4117 2738 4159 non
2771 4100 2954 4159 multo
2978 4102 3105 4171 post
3129 4094 3406 4166 martyrio
3426 4094 3689 4152 coronati

2047 4202 2200 4256 sunt.
2236 4195 2452 4253 Deinde
2484 4191 2786 4250 Laodicius
2818 4191 3053 4247 beatum
3086 4198 3280 4243 senem
3314 4182 3718 4240 Saturninum.

2047 4290 2102 4344 et
2128 4284 2437 4343 Sisinnium
2460 4282 2516 4338 in
2535 4279 2785 4354 equuleo
2803 4277 2976 4351 jussit
3000 4274 3201 4345 levari,
3231 4279 3289 4329 et
3313 4270 3529 4329 attrahi
3563 4284 3692 4327 ner-

362 4359 579 4448 i'iodem
612 4359 725 4460 die,
753 4359 1100 4446 sancti'Ruii
1134 4388 1428 4460 martyris,
1461 4402 1630 4460 quem
1661 4385 1936 4444 Dominus
1979 4459 1992 4460 ί
2036 4377 2135 4432 vis
2164 4388 2231 4430 ac
2266 4372 2534 4443 fustibus,
2561 4374 2617 4426 et
2645 4366 3054 4460 scorpionibus
3074 4362 3239 4460 caedi.
3266 4360 3488 4459 Quibus
3515 4359 3690 4460 etiam

290 4483 496 4535 noster
524 4479 704 4535 -.lesus
747 4478 1035 4548 Christus,
1085 4490 1215 4533 cum
1265 4445 1427 4533 o'mni’
1466 4445 1636 4532 domo
1676 4489 1801 4544 sua,
1834 4488 1931 4546 per

2051 4460 2415 4536 postmodum
2439 4460 2696 4516 ﬂammas
2719 4457 2788 4514 ad
2823 4455 3005 4512 latera
3033 4450 3203 4548 jussit
3240 4448 3562 4548 apponinet
3594 4445 3690 4545 de-

289 4565 731 4638 Chrysogonum
765 4571 1075 4638 martyrem
1110 4564 1373 4621 lucratus
1404 4568 1493 4620 est
1522 4582 1539 4631 ;
1570 4576 1761 4634 quem,
1806 4577 1935 4620 cum

290 4654 448 4712 omni
484 4653 656 4713 domo
678 4667 781 4712 sua
804 4653 1200 4711 Diocletianus
1224 4652 1509 4725 punitum,
1536 4650 1768 4707 Christo
1793 4664 1940 4706 mar-

292 4748 483 4815 tyrem
518 4742 676 4801 fecit.

368 4830 581 4889 Eodem
606 4831 700 4887 die
724 4831 875 4903 apud
903 4830 1176 4900 Africam,
1204 4828 1416 4886 natalis
1440 4833 1775 4885 sanctorum
1800 4840 1940 4882 mar-

292 4925 492 4991 tyrum
514 4919 742 4993 Papinii
775 4924 836 4976 et
865 4917 1144 4976 Mansueti
1166 4917 1194 4955 δ
1214 4917 1642 4989 episcoporum,
1678 4914 1772 4987 qui
1798 4920 1940 4971 tem-

290 5023 438 5082 pore
469 5006 820 5066 Wandalicie
853 5006 1298 5080 persecutionis,
1334 5006 1444 5063 sub
1477 5004 1771 5061 Geiserico
1805 5016 1939 5074 rege

289 5098 531 5171 Ariano,
560 5112 665 5173 pro
689 5096 822 5155 ﬁdei
846 5095 1149 5155 catholicae
1172 5094 1526 5167 defensione,
1552 5094 1938 5152 candentibus

288 5187 440 5245 ferri
466 5186 694 5244 laminis
709 5191 836 5243 toto
856 5200 1100 5257 corpore
1120 5184 1333 5255 adusti,
1354 5184 1675 5255 gloriosum
1700 5197 1938 5254 agonem

290 5279 867 5348 consummaverunt.
912 5273 1036 5342 Quo
1086 5279 1347 5347 tempore
1388 5272 1563 5329 etiam
1606 5272 1702 5328 alii
1752 5271 1939 5329 sancti

291 5362 585 5437 episcopi,
620 5352 895 5422 videlicet
930 5361 1376 5431 Quodvultdeus
1419 5360 1936 5433 Carthaginiensis,

370 5479 399 5542 ξι
430 5470 671 5542 Gregor.
706 5469 920 5542 'l‘uron,
954 5469 1025 5526 de
1057 5467 1211 5526 Glor.
1246 5467 1421 5531 conf.,
1456 5481 1506 5526 c.
1538 5471 1625 5525 83.

372 5538 399 5578 δ
429 5538 633 5612 Victor
664 5540 810 5613 Ain,
843 5540 884 5597 l.
905 5538 962 5598 'u
991 5545 1052 5596 et
1072 5552 1152 5597 ιη.

2051 4534 2272 4625 positos
2312 4547 2582 4620 equuleo,
2625 4548 2954 4615 ductosque
2998 4539 3247 4596 milliaro
3278 4534 3554 4605 secundo,
3596 4534 3687 4589 via

2038 4641 2428 4709 Numentana,
2454 4637 2647 4709 capite
2678 4630 2961 4690 truncari.
2997 4628 3252 4696 Quorum
3285 4637 3531 4697 corpora
3559 4634 3689 4709 cum

2046 4731 2263 4786 Joanne
2294 4707 2638 4800 presbytero
2669 4721 2950 4792 colligens
2976 4720 3251 4787 Thrason,
3294 4715 3385 4771 vir
3416 4707 3690 4800 Christia-

2050 4794 2343 4888 nissimus,
2371 4794 2563 4887 qui-de
2588 4811 2967 4869 facultatibus
2989 4807 3112 4865 suis
3134 4801 3490 4888 martyribus
3510 4794 3688 4888 multa

2052 4884 2505 4974 ministraverat,
2532 4900 2803 4973 sepelivit
2829 4899 2880 4954 in
2908 4894 3189 4970 praediolo
3211 4907 3317 4950 suo
3339 4889 3429 4945 via
3446 4884 3686 4957 Salaria,

2052 4995 2158 5052 sub
2188 4993 2280 5050 die
2312 4992 2490 5049 tertio
2525 4989 2761 5047 Kalend.
2797 4986 3068 5044 Decemb.

2121 5082 2335 5139 Eodem
2377 5081 2469 5139 die
2514 5080 2664 5153 apud
2708 5076 2987 5147 Tolosam,
3033 5068 3243 5129 natalis
3276 5062 3463 5123 sancti
3496 5062 3690 5153 Satur-

2052 5171 2168 5227 nini
2190 5171 2219 5210 τι
2248 5170 2503 5243 episc0pi
2531 5151 2565 5224 τῇ
2589 5168 2687 5241 qui
2719 5164 3083 5238 temporibus
3112 5156 3287 5228 Decii,
3315 5155 3370 5211 in
3405 5151 3692 5243 Capitolio

2050 5240 2308 5330 ejusdem
2344 5240 2506 5316 urbis
2547 5273 2577 5315 a
2610 5240 2857 5330 paganis
2895 5255 3113 5319 tentus,
3157 5260 3226 5302 eo
3269 5243 3421 5318 quod
3461 5240 3694 5330 adejus

2052 5328 2423 5423 praesentiam
2437 5328 2639 5404 omnes
2665 5346 2916 5416 ipsorum
2941 5338 3020 5394 dii
3043 5332 3441 5405 obmutefacti,
3463 5328 3687 5389 nullum

2122 5465 2147 5496 ο
2175 5458 2256 5514 De
2278 5456 2367 5513 his
2396 5453 2580 5526 gestis
2612 5448 2878 5526 Marcelli.
2900 5459 3083 5519 papae,
3120 5447 3187 5526 t6
3213 5444 3355 5502 Jan.

2022 5544 2031 5553 ·
2122 5529 2151 5569 ἀ
2184 5514 2428 5598 (ἔνθεονῖ
2456 5527 2687 5593 Turon.,
2715 5521 2787 5578 de
2818 5514 3203 5588 Glor.'mart.,
3229 5528 3356 5588 cap.
3392 5514 3478 5569 48.
