3988 6158
289 255 393 310 ων
497 258 500 262 ί

291 373 763 433 sacriﬁcantibus
793 387 864 430 ex
897 386 1058 430 more
1089 376 1338 446 possent
1377 374 1518 430 dare
1549 385 1928 445 responsum;
1957 372 2012 433 A

290 465 460 519 tauro
509 460 578 517 ad
621 461 918 518 victimam
975 466 1304 532 praeparato
1355 462 1592 518 funibus
1647 460 1930 530 religatus

289 553 400 606 est.
437 548 562 616 Quo
590 549 994 606 vehementius
1014 549 1336 617 stimulato,
1355 565 1384 607 a
1410 563 1630 606 summa
1653 547 1927 620 Capitolii

291 640 438 696 Arce
465 653 567 710 per
589 653 792 694 omnes
813 639 1031 708 gradus
1044 638 1472 710 praecipitatus,
1491 637 1684 709 capite
1698 636 1926 705 colliso,

290 741 664 797 excussoque
689 727 956 794 cercbro,
974 732 1034 782 et
1056 727 1333 784 universo
1357 741 1606 798 corpore
1624 725 1928 794 dilaniato,

295 814 526 884 dignam
552 814 787 871 Christo
817 815 1060 870 animam
1093 813 1406 871 exhalavit.
1445 815 1622 885 Cujus
1664 826 1816 870 nunc
1846 826 1933 869 sa-

295 915 457 958 crum
507 916 725 973 corpus
767 902 823 957 in
863 900 1126 959 Ecclesia
1175 901 1467 972 condigne
1509 901 1728 958 honore
1769 915 1939 957 vene-

294 993 478 1047 ratur.

367 1123 394 1150 α
421 1113 564 1168 Vide
597 1113 694 1169 lib.
732 1113 803 1168 de
836 1115 990 1168 Fest.
1027 1115 1230 1184 Apost.

1242 269 1252 278 ·
1343 247 1398 305 s.
1441 233 1700 306 socrus
1737 235 2176 305 ARCHiEPlSC.
2213 231 2630 303 VENNENSIS

2339 369 2402 425 Ε.
2461 367 2701 425 PRIDIE
2755 365 2910 422 ΚΑΒ.
2953 357 3382 423 'DECEMBRIS.

2715 499 2806 568 (50
2848 479 3044 566 Νου.)’

2110 635 2333 692 Natalis
2366 633 2554 690 sancti
2589 633 2835 690 Andreae
2865 632 3113 704 apostoli
3135 642 3180 686 ι.

2112 725 2248 796 Ipso
2278 723 2394 794 die,
2426 721 2640 780 natalis
2670 721 2857 780 sancti
2887 720 3114 792 Trojani
3145 719 3172 758 δ
3199 719 3482 792 episcopi,
3527 720 3679 791 apud

2043 812 2350 882 Santonas,
2394 824 2615 880 magna;
2653 809 2896 866 virtutis
2930 813 2990 864 et
3025 807 3362 865 sanctitatis
3391 807 3542 863 viri:
3581 806 3678 877 qui

2043 899 2314 971 sepultus
2354 898 2550 968 terris,
2593 897 2744 956 coelo
2787 913 2848 954 se
2883 897 3082 954 vivere
3122 895 3322 954 multis
3362 893 3680 952 virtutibus

2045 988 2396 1044 manifestat.

2114 1110 2142 1146 δ
2172 1110 2408 1181 Gregor.
2433 1107 2669 1180 Turon.,
2705 1109 2775 1166 de
2802 1109 2978 1179 Glor.,
3013 1109 3189 1180 cont,
3218 1122 3344 1181 cap.
3381 1111 3463 1165 59.

1635 1414 1928 1471 LITANUE
1967 1413 2359 1469 INDICENDIE

1505 1595 1868 1670 MENSIS
1935 1592 2464 1669 DECEMBER

1360 1793 1562 1844 HABET
1599 1793 1742 1842 DIES
1790 1789 1969 1857 XXXI,
2014 1789 2178 1839 LUNA
2228 1789 2398 1840 VERO
2445 1791 2620 1840 XXIX.

747 2085 802 2140 Ρ.
862 2084 1016 2141 ΚΑΙ».
1079 2081 1490 2140 DECEMBRIS.

987 2175 1036 2238 (4
1083 2173 1250 2241 Dec.)

369 2263 570 2320 Natale
593 2268 928 2321 sanctorum
954 2267 1272 2333 martyrum
1295 2259 1642 2332 Chrysanthi
1659 2257 1938 2327 etDariae,

299 2351 396 2422 qui
433 2354 694 2421 tempore
723 2351 1078 2420 Numeriani,
1103 2349 1212 2406 sub
1229 2349 1428 2420 judice
1453 2347 1722 2404 Celerino
1745 2347 1940 2400 Romae

299 2439 452 2510 passi
487 2443 644 2496 sunt.
672 2437 1021 2510 Chrysanthi
1045 2441 1213 2508 pater
1234 2436 1547 2505 Polemius,
1573 2435 1662 2489 vir
1686 2431 1940 2490 illustris

299 2527 430 2597 fuit,
469 2526 900 2584 Alexandrinus
929 2540 1165 2596 genere.
1189 2525 1292 2581 ilic
1317 2523 1496 2580 [ilium
1519 2537 1686 2580 suum
1711 2521 1940 2578 cuidam

297 2615 508 2686 virgini
541 2613 829 2686 elegantis
851 2613 1310 2687 pulchritudinis
1329 2611 1654 2684 conjunxit,
1677 2625 1846 2682 quam
1869 2625 1942 2666 ex

299 2703 682 2761 nobilissimis
704 2704 977 2760 Romanis
1001 2703 1180 2760 fuisse
1203 2705 1456 2759 constat.
1481 2702 1636 2757 Hanc
1658 2699 1942 2770 Chrysan-

299 2793 435 2850 thus
455 2807 484 2848 a
510 2793 683 2849 beato
705 2793 1081 2864 Carpophoro
1105 2792 1452 2863 presbytero
1475 2789 1530 2846 in
1551 2787 1767 2846 divinis
1787 2787 1944 2843 litte-

299 2881 382 2938 ris
409 2882 558 2938 satis
583 2879 835 2938 [ideliter
855 2880 1148 2950 eruditus,
1173 2879 1244 2936 ad
1270 2879 1438 2935 iidem
1462 2877 1680 2934 Christi
1703 2889 1944 2933 conver-

299 2973 528 3040 tens,et
551 2969 969 3042 praedicatione
1001 2983 1104 3025 sua
1132 2971 1193 3025 ut
1211 2967 1608 3039 virginitatem
1641 2979 1804 3023 suam
1829 2965 1944 3020 Deo

297 3062 563 3114 servaret
603 3058 940 3127 instituens,
983 3061 1044 3112 et
1083 3061 1149 3112 ut
1190 3057 1412 3125 pariter
1449 3069 1657 3112 nomen
1689 3052 1941 3123 conjugii

297 3145 583 3202 habentes
619 3148 783 3202 caste
822 3143 1092 3200 viverent
1129 3143 1404 3211 efﬁciens,
1449 3142 1735 3212 baptizari
1781 3141 1939 3197 fecit.

298 3235 653 3304 Factumque
671 3236 762 3290 est
785 3236 850 3289 ut
871 3247 974 3304 per
998 3231 1424 3302 Chrysantbum
1457 3230 1774 3288 multitudo
1793 3229 1945 3285 viro-

298 3335 446 3392 rum,
462 3325 523 3377 et
546 3335 648 3392 per
665 3321 894 3377 Dariam
909 3319 1019 3390 (sic
1033 3319 1185 3376 enim
1199 3317 1544 3390 vocabatur)
1559 3319 1945 3374 innummera-

1966 2073 2020 2134 Β
2052 2074 2175 2132 fieri
2209 2075 2618 2136 Christianum.
2645 2078 2794 2146 Quid
2825 2079 3446 2138 mora?catechizatus
3473 2078 3688 2152 baptis-

2050 2165 2124 2221 mi
2147 2166 2394 2236 gratiam
2420 2167 2682 2238 percepit
2707 2185 2721 2234 ;
2745 2181 2873 2224 cum
2907 2167 3008 2223 illo
3038 2170 3096 2222 et
3125 2167 3340 2224 Hilaria
3373 2181 3540 2238 uxor,
3573 2167 3686 2225 duo

2051 2253 2152 2310 ﬁlii
2185 2255 2311 2325 ejus
2338 2255 2508 2312 Jason
2543 2255 2600 2323 (3
2628 2255 2794 2320 Dec.)
2829 2259 2888 2310 et
2935 2255 3183 2325 Maurus,
3229 2254 3395 2312 amici
3439 2258 3501 2310 et
3533 2255 3699 2326 fami:

2049 2341 2224 2399 liares
2252 2343 2396 2414 ejus,
2421 2344 2791 2416 septuaginta
2815 2343 3034 2402 milites
3064 2360 3193 2402 cum
3227 2343 3516 2400 universis
3541 2345 3684 2400 suis.

2049 2430 2212 2498 Quod
2261 2431 2474 2488 factum
2521 2432 2842 2504 imperator
2890 2433 3134 2490 audiens
3181 2431 3589 2504 Chrysantium
3628 2438 3687 2490 et

2048 2519 2274 2576 Dariam
2303 2519 2480 2591 jussit
2507 2520 2563 2576 in
2593 2535 2835 2578 carcere
2855 2519 3116 2578 Tulliano
3144 2519 3388 2591 recludi,
3413 2519 3567 2578 unde
3591 2536 3690 2592 pu-

2051 2611 2145 2664 tor
2176 2607 2472 2665 horribilis
2493 2609 2864 2679 ascendebat,
2890 2609 2988 2680 qui
3013 2609 3312 2666 domorum
3341 2612 3402 2665 et
3431 2609 3692 2667 civitatis
3727 2653 3756 2676 -,

2048 2699 2312 2754 stercora
2347 2711 2452 2768 per
2483 2695 2810 2754 cloacarum
2838 2697 3142 2754 cuniculos
3166 2697 3387 2768 jugiter
3418 2695 3559 2754 illuc
3596 2697 3693 2754 deo

2047 2785 2384 2842 currebant.
2421 2785 2640 2842 Exinde
2661 2786 2830 2842 Daria
2863 2786 2920 2842 in
2953 2785 3188 2858 publico
3212 2786 3585 2842 meretricum
3609 2783 3691 2844 lu-

2051 2873 2252 2945 panari
2287 2875 2542 2946 ponitur.
2576 2874 2686 2932 Sed
2720 2875 3081 2946 Chrysantho
3115 2874 3216 2932 lux
3246 2873 3439 2932 divina
3471 2877 3533 2931 et
3558 2872 3694 2932 odo-

2052 2957 2542 3020 ramenta'suavia
2569 2967 2953 3036 praestantur:
2989 2964 3175 3020 Dariae
3205 2978 3345 3020 vero
3377 2962 3469 3020 leo
3499 2963 3572 3020 de
3602 2977 3693 3021 ca-

2050 3065 2154 3108 vea
2180 3051 2408 3121 fugiens
2427 3052 2649 3108 Domini
2677 3053 2894 3110 virtute
2915 3053 2986 3109 ad
3014 3052 3255 3109 tutelam
3289 3051 3574 3117 donatur;
3594 3051 3690 3124 qui

2053 3138 2352 3209 ingressus
2377 3139 2671 3212 cellulam,
2705 3140 2760 3197 in
2802 3155 2913 3213 qua
2953 3145 3153 3198 sancta
3193 3141 3292 3197 Dei
3335 3140 3392 3196 in
3431 3140 3694 3198 oratione

2054 3233 2346 3298 prostrata
2356 3229 2609 3300 jacebat,
2621 3229 2788 3298 juxta
2802 3245 2925 3286 eam
2944 3230 3356 3302 prosternitur,
3379 3232 3441 3286 ut
3463 3228 3696 3286 venien-

2051 3319 2142 3373 tes
2172 3321 2230 3394 ct
2263 3317 2490 3386 ingredi
2521 3316 2788 3374 volentes
2823 3318 2876 3373 vi
2921 3332 3024 3375 sua
3067 3317 3402 3390 repelleret.
3441 3317 3699 3388 Cumque

300 3407 450 3464 biles
483 3409 710 3464 feminas
741 3407 810 3462 ad
837 3407 1049 3462 Christi
1072 3407 1320 3475 gratiam
1345 3407 1732 3461 conﬂuerent.
1757 3405 1944 3475 Igitur
1973 3423 2023 3487 α
2055 3403 2272 3476 plures,
2319 3405 2426 3461 hoc
2466 3405 2746 3462 miraculo
2796 3406 3068 3478 perculsi,
3113 3406 3326 3464 Christi
3377 3406 3698 3478 potentiam

299 3500 433 3567 post
461 3494 700 3566 aliquod
731 3499 963 3566 tempus
991 3497 1119 3551 orta
1149 3498 1240 3550 est
1272 3493 1489 3550 seditio
1513 3493 1796 3550 adversus
1819 3507 1940 3562 eos,

299 3584 453 3655 quod
485 3588 686 3640 essent
716 3583 1051 3653 Christiani,
1087 3583 1352 3640 Cclerino
1385 3585 1525 3640 tunc
1550 3581 1828 3654 prefecto
1854 3595 1946 3638 ur-

302 3672 408 3729 bis.
443 3672 551 3740 Qui
588 3677 872 3743 utrosque
913 3671 1374 3746 comprehensos
1422 3670 1668 3728 tradidit
1707 3671 1946 3727 tribuno

300 3760 562 3830 Claudio,
585 3765 646 3817 ut
667 3761 918 3818 diversis
939 3745 1244 3833 pmniseos
1265 3759 1646 3816 interficeret.
1672 3745 1952 3817 Claudius

297 3864 436 3906 vero
457 3850 734 3908 tribunus
756 3851 1127 3922 septuaginta
1151 3849 1438 3905 militibus
1459 3847 1532 3904 ad
1553 3847 1946 3918 torquendum

299 3938 720 4008 Cbrysanthum
752 3938 935 3995 dedit.
974 3938 1080 4003 Qui
1115 3937 1312 3992 nervis
1341 3936 1542 3992 crudis
1571 3951 1703 3992 eum
1737 3935 1950 3992 astrin-

295 4030 460 4096 gunt,
513 4025 614 4081 sed
665 4040 799 4080 mox
847 4025 1158 4094 ligamenta
1215 4024 1408 4079 omnia
1464 4023 1723 4080 resoluta
1787 4027 1946 4080 sunt.

297 4111 515 4168 Deinde
538 4113 596 4168 in
618 4112 790 4184 cippo
811 4111 1218 4182 nodosissimo,
1245 4111 1325 4167 ita
1352 4111 1492 4168 utin
1516 4111 1698 4168 tertio
1731 4115 1950 4184 puncto

299 4198 428 4269 ejus
456 4199 662 4256 tibiam
686 4204 1079 4271 coarctarent,
1114 4215 1245 4257 eum
1279 4200 1522 4256 mittunt
1548 4218 1563 4266 ;
1591 4215 1840 4270 moxque
1867 4203 1954 4256 to-

305 4285 660 4357 tumlignum
681 4289 837 4362 cippi
871 4289 924 4344 in
948 4288 1202 4345 cinerem
1227 4288 1796 4346 resolvitur.Deinde
1828 4303 1960 4360 per-

305 4375 556 4433 fundunt
585 4390 714 4432 eum
750 4375 892 4433 lotio
923 4376 1172 4434 humano
1206 4377 1648 4449 purentissimo,
1684 4382 1748 4434 ut
1779 4377 1954 4434 male-

308 4463 436 4526 ﬂca.
472 4463 762 4536 inquiunt,
800 4469 898 4522 tua
943 4465 1215 4533 amittas;
1257 4467 1358 4524 sed
1403 4467 1576 4524 foetor
1618 4467 1675 4522 in
1719 4481 1954 4524 suavem

307 4551 544 4608 odorem
579 4555 836 4610 mutatus
866 4556 978 4610 est.
1016 4553 1234 4611 Deinde
1268 4555 1322 4611 in
1354 4555 1519 4612 corio
1550 4556 1776 4613 recenti
1807 4555 1956 4612 vitu-

308 4639 426 4698 lino
457 4640 869 4712 constringunt
909 4643 1148 4713 nudum,
1193 4647 1256 4699 et
1294 4644 1363 4701 ad
1409 4643 1589 4700 solem
1633 4643 1956 4700 ferventem

311 4733 695 4802 componunt;
717 4730 820 4786 sed
841 4731 1063 4787 virtute
1085 4730 1280 4788 divina
1297 4733 1521 4788 corium
1546 4736 1610 4788 ut
1631 4735 1758 4788 erat
1782 4729 1952 4788 molle

317 4819 654 4888 permansit.
687 4817 904 4875 Deinde
935 4817 1170 4888 collum,
1196 4834 1418 4888 manus,
1439 4834 1506 4876 ac
1530 4817 1708 4890 pedes
1729 4819 1954 4876 catenis

317 4908 788 4978 constringentes
803 4907 1011 4963 ferreis
1028 4907 1308 4964 claudunt
1321 4922 1452 4965 eum
1467 4907 1522 4963 in
1536 4907 1952 4965 obscurissime

313 4993 472 5060 loco;
505 4995 606 5052 sed
637 4995 838 5052 statim
862 4999 1084 5052 catenae
1109 4996 1384 5054 resoluta
1408 4999 1566 5066 sunt,
1585 5000 1646 5052 et
1669 5001 1830 5052 tanta
1855 4997 1954 5054 ‘ux

269 5126 276 5134 .
310 5081 555 5151 infulsit,
590 5089 650 5140 ut
682 5087 956 5155 putarent
982 5083 1102 5141 illic
1123 5084 1817 5158 innnumeraslampades
1848 5085 1954 5142 ful-

305 5182 468 5240 gere.
503 5169 717 5230 Milites
735 5187 877 5244 ergo
901 5172 1386 5231 renuntiaverunt
1409 5174 1530 5230 haec
1555 5173 1745 5230 omnia
1771 5173 1954 5230 tribu-

309 5271 404 5329 no,
441 5257 538 5328 qui
565 5258 740 5328 jussit
756 5275 885 5318 eum
902 5261 1356 5320 sibiexhibitum
1383 5261 1636 5318 fustibus
1655 5261 1822 5320 caedi.
1841 5262 1948 5319 Sed

311 5343 504 5403 allatae
537 5345 714 5416 virgas
747 5349 1136 5422 rigidissimae,
1172 5348 1332 5408 illico
1363 5353 1668 5422 coeperunt
1699 5349 1754 5404 in
1779 5349 1953 5405 mani-

313 5433 423 5491 bus
453 5433 802 5492 caadentium
827 5437 1187 5497 mollescere.
1221 5438 1385 5506 Quod
1419 5439 1621 5496 videns
1654 5435 1947 5508 Claudius,

305 5521 474 5594 jubet
504 5537 636 5581 eum
667 5522 836 5595 erigi,
867 5529 924 5579 ct
964 5528 1329 5584 vestimentis
1367 5527 1564 5584 indui:
1607 5529 1664 5583 et
1703 5525 1953 5597 genibus

313 5609 440 5682 ejus
469 5611 837 5685 provolutus,
870 5626 1000 5671 cum
1033 5614 1323 5672 universis
1353 5614 1642 5674 militibus
1659 5614 1867 5674 orabat
1889 5627 1950 5672 se

2052 3498 2428 3564 venerentur,
2477 3494 2780 3552 Celerinus
2821 3495 3134 3566 praefectus
3164 3494 3345 3563 jussit
3387 3495 3574 3564 ignem
3606 3508 3702 3550 co-

2055 3581 2278 3652 piosum
2301 3581 2355 3636 in
2376 3581 2640 3652 ingressu
2662 3582 2848 3654 cellas,
2877 3583 2971 3639 ubi
2998 3583 3166 3640 beata
3191 3583 3360 3638 Daria
3381 3597 3511 3638 cum
3530 3581 3700 3639 leone

2056 3672 2204 3737 erat,
2239 3669 2496 3726 accendi.
2531 3670 2686 3727 Tunc
2713 3685 2842 3728 cum
2870 3671 2988 3741 jam
3019 3670 3112 3727 leo
3145 3675 3407 3742 paveret,
3441 3684 3506 3726 ac
3545 3669 3704 3740 rugi-

2056 3759 2180 3812 tum
2213 3757 2402 3828 daret,
2436 3757 2518 3814 ait
2561 3759 2730 3814 beata
2773 3759 2940 3814 Daria
2969 3777 2980 3813 :
3023 3758 3316 3828 Egredere
3349 3773 3609 3828 securus,
3641 3761 3705 3813 et

2058 3843 2208 3914 vale,
2239 3845 2371 3916 quia
2395 3844 2495 3902 ille
2528 3860 2696 3916 quem
2729 3847 2784 3902 in
2820 3862 2908 3902 me
2947 3847 3269 3916 honorasti,
3301 3847 3426 3919 ipse
3463 3852 3522 3904 te
3562 3847 3707 3904 libe-

2061 3936 2171 3988 rat.
2200 3934 2736 4003 Exhibitisiterum,
2757 3935 3002 4006 jubente
3025 3937 3396 4006 imperatore,
3423 3936 3709 4007 Chrysan-

2061 4023 2163 4078 tho
2184 4026 2243 4077 et
2266 4023 2432 4079 Daria
2459 4023 2725 4079 Celerino
2741 4023 3709 4096 praefecto,Chrysanthusequuleo

2059 4110 2281 4180 ingenti
2307 4111 2831 4183 suspenditur;sed
2855 4113 3050 4169 statim
3073 4113 3264 4170 omnia
3290 4112 3440 4184 ligna
3463 4111 3705 4185 equulei

2063 4199 2439 4268 comminuta,
2464 4215 2530 4256 ac
2551 4201 2782 4258 vincula
2804 4201 3038 4272 dirupta
3072 4206 3226 4266 sunt,
3253 4201 3551 4274 lampades
3572 4217 3710 4274 quo-

2064 4302 2177 4359 que
2208 4288 2515 4361 applicataa
2545 4287 2832 4348 lateribus
2859 4290 2987 4360 ejus
3035 4291 3332 4348 extinctae.
3383 4289 3500 4347 Hoc
3539 4284 3709 4347 Cele-

2065 4377 2230 4434 rinus
2260 4377 2572 4448 praefectus
2611 4378 2983 4436 vehementer
3021 4392 3434 4449 expavescens,
3477 4379 3712 4436 nuntia-

2064 4465 2150 4521 vit
2181 4465 2540 4536 imperatori.
2576 4467 2678 4524 [lle
2709 4467 2814 4526 hoc
2847 4465 3148 4524 maleficiis
3186 4467 3492 4540 deputans,
3517 4464 3709 4538 jussit

2057 4568 2168 4634 eos
2197 4554 2332 4611 duci
2367 4554 2455 4610 via
2488 4553 2704 4613 Salaria
2739 4556 2792 4612 in
2833 4555 3120 4626 arenario,
3162 4559 3222 4612 et
3260 4555 3427 4612 vivos
3467 4553 3704 4628 deponi,

2067 4657 2132 4700 ac
2164 4645 2322 4700 terra
2361 4647 2420 4698 et
2468 4642 2760 4714 lapidibus
2799 4643 2989 4700 obrui.
3022 4644 3185 4700 Passi
3217 4647 3352 4702 sunt
3382 4649 3576 4701 autem
3610 4641 3707 4701 die

2067 4729 2451 4788 Kalendarum
2483 4731 2904 4788 Decembrium.
2941 4732 3026 4788 Ad
3051 4724 3293 4803 quorum
3313 4731 3704 4789 venerandam

2065 4819 2399 4876 memoriam
2437 4833 2568 4876 cum
2611 4819 2788 4876 multa
2841 4819 3122 4878 beneficia
3170 4821 3322 4878 Deus
3373 4823 3704 4893 praestaret,

2059 4907 2310 4976 contigit
2345 4910 2404 4962 ut
2447 4905 2518 4963 ad
2559 4907 2711 4964 diem
2753 4907 2963 4966 natalis
2993 4923 3193 4966 eorum
3235 4909 3458 4966 infinita
3505 4907 3704 4982 populi

2061 4994 2376 5052 multitudo
2406 5001 2806 5053 concurreret.
2843 4999 2959 5054 Hoc
2997 4997 3303 5056 nuntiatur
3341 4996 3705 5072 imperatori,

2061 5083 2157 5156 qui
2181 5082 2356 5152 jussit
2391 5087 2453 5138 ut
2494 5084 2550 5140 in
2593 5083 2836 5142 introitu
2877 5089 3098 5159 cryptae
3145 5086 3340 5158 paries
3386 5085 3699 5144 levaretur.

2060 5173 2142 5228 Ac
2173 5171 2256 5228 sic
2297 5172 2510 5230 factum
2551 5176 2662 5243 est,
2707 5177 2770 5230 ut
2814 5187 3014 5232 omnes
3063 5175 3286 5246 pariter
3332 5174 3467 5232 dum
3514 5188 3704 5232 sacra-

2060 5264 2254 5318 menta
2285 5260 2497 5318 Christi
2531 5261 2924 5334 perciperent,
2969 5263 3232 5334 martyrii
3268 5263 3510 5335 gloriam
3555 5261 3706 5320 cele-

2061 5349 2317 5407 brarent.
2370 5350 2528 5407 Inter
2579 5365 2725 5422 quos
2763 5357 2888 5408 erat
2936 5351 3226 5410 Diodorus
3276 5351 3604 5425 presbyter,
3644 5355 3704 5408 et

2060 5437 2338 5496 diaconus
2368 5438 2762 5510 Maximianus,
2795 5443 2855 5497 et
2888 5440 3119 5513 plurimi
3149 5440 3519 5500 clericorum.

2129 5527 2264 5598 Ipso
2303 5526 2396 5584 die
2440 5527 2594 5585 beati
2633 5527 2802 5600 Eligii
2833 5527 3090 5602 episCOpi
3124 5527 3543 5598 Noviomensis,
3583 5525 3707 5599 glo-

2065 5615 2208 5674 riosi
2239 5615 2296 5674 in
2327 5616 2644 5676 miraculis.
