3974 6150
188 310 279 366 too
925 298 1525 367 MARTYROLOGIUM
1562 300 1705 367 CUM
1744 299 2269 368 ADDiTAMEN’l‘lS.
2311 337 2381 350 -
2419 304 2621 364 IENS.
2666 309 2817 366 DEC.

532 426 594 487 G.
627 421 700 487 IV
753 422 987 487 NONAS
1043 430 1456 490 DECEMBRIS.

871 523 930 585 (2
960 522 1124 589 Dec.)

249 628 454 684 Natale
489 630 710 684 sanctis
740 626 993 684 Vivianae
1022 627 1150 698 [ul.,
1175 626 1444 697 Bivianze]
1470 637 1498 667 ι
1520 627 1813 697 martyris,

185 719 483 774 beatorum
511 720 825 786 martyrum
851 716 1042 772 Fausti
1065 722 1125 771 et
1154 717 1405 772 Dafrosa:
1424 716 1452 753 δ
1477 716 1630 771 filiae.
1656 716 1813 785 Quae,

180 808 417 878 jubente
460 806 815 875 imperatore
849 804 1154 874 sacrilego,
1185 810 1303 860 tam
1355 804 1453 861 diu
1503 804 1818 876 plumbatis

182 898 327 952 caesa
369 898 481 962 est,
516 893 702 950 donec
750 892 1017 965 spiritum
1058 894 1353 949 redderet.
1389 893 1564 964 Cujus
1602 908 1817 963 corpus

183 983 358 1040 biduo
388 983 552 1054 jussu
588 981 960 1053 imperatoris
989 982 1042 1037 in
1079 983 1201 1038 foro
1225 981 1439 1054 jacuit;
1462 982 1695 1038 tandem
1731 994 1818 1036 ra-

181 1077 341 1146 ptum
373 1086 404 1128 a
432 1072 654 1128 Joanne
687 1070 1049 1142 presbytero,
1081 1070 1371 1143 sepultum
1419 1075 1506 1126 est
1551 1069 1603 1125 in
1647 1069 1817 1126 domo

180 1160 273 1218 ubi
316 1165 503 1216 mater
540 1162 598 1221 et
643 1173 812 1215 soror
866 1158 994 1227 ejus
1050 1159 1339 1215 Demetria
1391 1160 1507 1228 jam
1569 1158 1816 1229 sepultae

178 1254 362 1318 erant,
385 1249 553 1319 juxta
586 1247 863 1320 palatium
896 1246 1270 1304 Lucinianum
1303 1248 1518 1317 Roma},
1545 1263 1598 1303 IV
1629 1249 1818 1304 Nonas

177 1337 531 1395 Decembris.

557 1445 618 1498 A.
656 1442 727 1497 Ill
758 1441 993 1497 NONAS
1021 1441 1431 1498 DECEMBRIS.

869 1531 928 1593 (ὅ
955 1530 1120 1595 Dec.)

242 1637 405 1708 Tingi
454 1634 761 1707 metropoli
811 1634 1170 1692 Mauritania
1216 1633 1552 1706 Tingitanae,
1607 1634 1815 1691 natalis

178 1727 360 1785 sancti
394 1725 651 1783 Cassiani
686 1724 959 1796 martyris
981 1724 1246 1795 gloriosi.

244 1816 413 1885 Item,
441 1814 633 1872 natale
665 1819 999 1870 sanctorum
1031 1819 1348 1885 martyrum
1382 1811 1603 1869 Claudii
1635 1812 1819 1869 tribu-
1849 1799 1901 1860 Β

178 1904 251 1975 ni,
286 1908 347 1959 et
381 1902 581 1959 uxoris
618 1903 743 1974 ejus
783 1902 1034 1969 Hilariae,
1069 1917 1137 1957 ac
1184 1900 1432 1957 filiorum
1479 1901 1709 1957 Iasonis
1758 1909 1815 1957 et

176 1989 374 2058 lauri,
409 1994 467 2046 et
501 1990 867 2063 septuaginta
899 1990 1166 2057 militum,
1202 1990 1297 2059 qui
1331 2004 1530 2046 omnes
1562 1990 1633 2045 ad
1676 2005 1817 2061 prae-

175 2079 525 2138 dicationem
547 2078 701 2135 beati
726 2078 1068 2148 Chrysantbi
1093 2078 1471 2134 crediderunt
1488 2078 1541 2133 in
1559 2078 1814 2134 Christo.

175 2168 336 2234 Quod
363 2172 425 2223 ut
453 2166 778 2223 nuntiatum
805 2172 891 2223 est
910 2166 1813 2237 Numerianoimperatori,jussit

175 2255 478 2313 Claudium
507 2255 804 2311 tribunum
838 2255 1055 2323 ingenti
1099 2269 1240 2311 saxo
1281 2254 1579 2324 alligatum
1617 2255 1817 2327 praeci-

175 2343 347 2417 pitari
384 2343 440 2398 in
474 2343 663 2399 medio
697 2343 870 2409 mari;
906 2342 1120 2399 milites
1159 2359 1298 2400 vero
1338 2344 1704 2413 septuaginta
1750 2359 1815 2400 ac

173 2432 434 2489 Iasonem
457 2437 518 2488 et
540 2431 819 2495 Maurum,
836 2431 1245 2501 filiosClaudii,
1264 2431 1498 2503 capitali
1524 2433 1814 2488 sententia

178 2520 386 2593 puniri.
419 2520 557 2575 Erat
590 2523 783 2576 autem
814 2519 1028 2582 inloco
1053 2521 1146 2576 ubi
1174 2520 1448 2576 decollati
1477 2525 1630 2588 sunt,
1657 2521 1817 2578 cuni-

182 2607 342 2666 culus
370 2608 672 2678 antiquus.
708 2609 864 2664 Hunc
906 2608 1292 2665 emundantes
1321 2614 1627 2665 noctanter
1659 2609 1818 2665 Chri-

187 2696 348 2753 stiani
400 2694 570 2753 simul
618 2696 673 2751 in
725 2711 898 2752 unum
931 2696 1118 2752 omnia
1150 2711 1393 2769 corpora
1435 2697 1814 2769 sepelierunt,

190 2799 290 2841 non
320 2783 491 2856 longe
517 2786 589 2841 ab
623 2786 766 2841 urbe
796 2785 992 2855 Roma,
1025 2784 1115 2841 via
1158 2785 1395 2842 Salaria.
1434 2788 1685 2857 Corpora
1721 2801 1818 2843 au-

191 2876 298 2930 tem
327 2872 574 2930 ﬁliorum
607 2888 843 2930 suorum
873 2874 1104 2930 Iasonis
1133 2879 1192 2931 et
1223 2875 1398 2930 Mauri
1435 2874 1666 2943 collegit
1693 2890 1818 2930 san-

195 2964 278 3017 cta
308 2960 541 3031 Hilaria,
564 2961 769 3018 relicta
793 2962 1062 3033 martyris
1086 2962 1327 3019 Claudii.
1352 2961 1490 3027 Quae
1514 2962 1647 3018 dum
1681 2963 1819 3018 assi-

200 3046 315 3105 duis
340 3048 633 3120 obsequiis
662 3048 730 3105 ad
764 3054 1095 3107 sanctorum
1134 3050 1556 3107 confessionem
1600 3055 1816 3121 oraret,

198 3150 225 3192 a
257 3137 485 3207 paganis
520 3141 680 3194 tenta
712 3143 819 3193 est.
857 3139 1034 3205 Quam
1070 3138 1202 3195 dum
1238 3139 1559 3208 traherent,
1595 3139 1817 3209 rogavit
1851 3149 1899 3209 ο

199 3237 286 3281 eos
312 3225 529 3295 dicens,
565 3228 810 3283 obsecro
828 3242 946 3293 vos,
973 3226 1293 3297 permittite
1320 3241 1405 3281 me
1432 3227 1592 3297 prius
1607 3227 1818 3283 oratio-

202 3326 314 3368 nem
346 3329 525 3370 meam
559 3314 873 3385 complere.
910 3316 977 3370 Et
1011 3314 1145 3371 dum
1180 3314 1396 3371 ﬁxisset
1430 3316 1694 3385 gradum,
1730 3330 1819 3372 ac-

198 3401 339 3472 cepit
379 3406 806 3459 sacramentum
850 3403 1093 3469 Domini,
1128 3408 1185 3459 et
1233 3404 1570 3474 expandens
1619 3419 1821 3459 manus

198 3502 337 3559 suas,
368 3490 618 3561 projecit
646 3506 708 3546 se
742 3491 795 3546 in
828 3492 1170 3561 orationem,
1192 3496 1250 3546 et
1285 3492 1417 3548 dum
1438 3496 1657 3560 oraret,
1683 3492 1819 3547 emi-

199 3575 262 3630 sit
289 3578 570 3648 Spiritum.
598 3577 704 3644 Qui
741 3583 1050 3634 tenuerant
1080 3594 1226 3647 eam,
1249 3578 1515 3635 dolentes
1537 3595 1712 3650 super
1734 3595 1820 3635 re-

200 3665 475 3735 pentinum
496 3666 719 3722 obitum
739 3667 883 3737 ejus,
903 3667 1266 3737 reliquerunt
1284 3668 1427 3723 duas
1439 3668 1680 3724 ancillas
1694 3669 1821 3739 ejus

198 3764 311 3821 qua:
331 3769 456 3810 cum
476 3769 543 3810 ea
570 3759 769 3820 erant;
794 3769 923 3825 quae
954 3753 1309 3826 sepelierunt
1343 3770 1467 3811 eam
1500 3755 1820 3823 diligentis-

200 3838 327 3897 sime
357 3842 408 3897 in
441 3840 632 3897 hortis
662 3841 802 3912 suis,
838 3848 898 3897 et
929 3857 1105 3913 super
1133 3857 1257 3898 eam
1302 3842 1697 3900 brevissimam
1730 3859 1819 3901 ec-

197 3925 407 3985 clesiam
439 3927 894 3986 fabricaverunt.

461 4036 521 4090 Β.
556 4036 795 4092 PBIDIE
836 4036 1069 4092 NONAS
1118 4038 1528 4093 DECEMBRIS.

877 4126 932 4190 (.t
963 4126 1127 4211 Dec.)

261 4227 461 4299 Romae,
479 4229 675 4287 natale
689 4234 1022 4288 sanctorum
1040 4236 1358 4303 martyrum
1383 4233 1745 4304 Symphronii
1761 4237 1819 4289 et

199 4313 426 4391 Olympii
458 4327 483 4356 ο
512 4319 879 4392 temporibus
910 4320 1197 4378 Valeriani
1222 4327 1280 4378 et
1302 4321 1541 4379 Gallieni
1579 4323 1821 4395 impera-

198 4405 394 4463 torum.
446 4408 662 4465 Horum
714 4423 887 4466 unum
936 4410 1399 4482 Symphronium,
1444 4411 1821 4468 creditarium

199 4490 339 4550 beati
380 4495 650 4567 Nemesii,
687 4497 794 4554 sibi
839 4502 1250 4571 praesentatum
1286 4498 1624 4557 Valerianus
1648 4499 1821 4569 jussit
1854 4497 1904 4558 D

196 4582 335 4640 tradi
364 4583 631 4658 Olympio
664 4586 919 4656 tribuno,
957 4592 1017 4643 ut
1051 4588 1124 4643 ab
1147 4602 1215 4643 eo
1240 4587 1549 4643 facultates
1573 4588 1822 4644 Nemesii

197 4672 528 4744 requireret,
553 4675 664 4732 sub
695 4689 994 4746 poenarum
1026 4675 1473 4733 examinatione.
1502 4677 1823 4733 Praesenta-

198 4758 284 4815 tus
308 4774 441 4831 ergo
464 4761 751 4833 Olympio,
774 4764 925 4819 etab
943 4778 1012 4820 eo
1035 4763 1450 4834 interrogatus,
1478 4764 1776 4836 respondit
1806 4784 1818 4820 :

197 4843 248 4899 Si
280 4847 582 4909 facultates
614 4851 827 4920 quaeris
857 4852 1104 4909 Nemesii
1155 4852 1369 4909 domini
1414 4853 1542 4923 mei,
1570 4852 1686 4923 jam
1724 4868 1823 4911 eas

196 4932 406 4996 Christo
434 4938 677 5010 tradidi,
701 4940 968 5011 quoniam
1004 4940 1187 5014 ipsius
1218 4942 1443 4998 fuerant
1467 4947 1524 4997 et
1549 4945 1741 4999 erunt.
1765 4943 1821 4998 Si

197 5028 372 5082 autem
404 5026 759 5086 sacrificium
791 5028 1000 5085 offerre
1052 5043 1139 5085 me
1179 5029 1499 5101 compellis,
1532 5030 1818 5101 sacrifico,

199 5111 291 5168 sed
319 5114 546 5173 Christo
574 5116 711 5173 Iesu
744 5116 980 5173 Domino
1012 5131 1138 5173 meo
1167 5118 1513 5175 sacrificium
1548 5119 1735 5177 laudis
1762 5124 1820 5176 et

203 5202 595 5275 confessionis,
628 5204 723 5262 cui
756 5219 816 5261 se
843 5204 1057 5262 obtulit
1081 5210 1137 5262 et
1165 5206 1431 5264 dominus
1453 5223 1612 5264 meus
1634 5210 1825 5264 Neme-

201 5287 325 5349 sius.
346 5294 501 5352 Tunc
536 5294 620 5351 ira
656 5293 918 5367 repletus
937 5294 1253 5368 Olympius,
1283 5296 1415 5353 fecit
1435 5311 1565 5353 eum
1585 5296 1821 5353 extendi

265 5414 394 5471 'De
425 5417 534 5473 hac
576 5416 632 5472 in
661 5415 788 5472 Vita
831 5417 1011 5473 sancti
1054 5416 1352 5477 Pigmenii.
1396 5421 1469 5475 24
1514 5419 1677 5473 Mart.

259 5480 287 5521 δ
311 5485 389 5557 De
416 5486 514 5557 his
538 5485 593 5557 in
619 5487 805 5557 gestis
835 5480 1179 5556 Chrysantbi
1209 5491 1265 5543 et
1297 5488 1502 5544 Dariai.
1531 5494 1599 5545 25
1623 5489 1747 5545 Oct.

261 5558 286 5591 °
309 5555 387 5612 De
418 5556 509 5613 bis
538 5556 595 5613 in
625 5555 789 5615 Actis
828 5555 1013 5614 sancti
1064 5557 1337 5628 Stephani
1386 5572 1569 5630 papa),
1604 5563 1639 5615 2
1676 5560 1817 5629 Aug.

3468 313 3599 393 uo,

1844 448 1898 508 Α
1932 432 1985 488 in
2016 437 2260 499 catasta,
2296 436 2471 503 atque
2504 430 2757 487 fustibus
2801 430 3061 499 mactari,
3086 430 3305 488 deinde
3337 431 3570 490 simula-

1929 536 2091 577 crum
2126 521 2323 576 Martis
2342 535 2579 577 aureum
2607 534 2714 575 una
2740 520 2870 574 cum
2892 518 3117 590 tripoda
3144 520 3378 576 deferri.
3405 520 3570 587 Quod

1928 609 2125 664 statim
2158 610 2227 664 ad
2262 610 2436 665 verba
2469 608 2830 679 Symphronii
2860 607 3179 664 resolutum
3211 614 3321 664 est.
3357 610 3571 667 Videns

1929 702 2121 754 autem
2174 697 2493 767 Olympius,
2538 698 2718 768 cmpit
2763 696 3056 765 admirari,
3105 702 3162 751 et
3216 698 3456 753 veniens
3498 699 3567 755 ad

1931 800 2167 841 uxorem
2202 800 2364 840 suam
2397 785 2763 855 Exuperiam,
2798 784 3074 840 indicavit
3108 784 3160 839 ei
3194 785 3479 853 quomodo
3514 788 3571 842 in

1931 874 2159 929 nomine
2198 873 2297 928 Dei
2343 872 2428 929 sui
2480 873 2897 944 Symphronius
2947 871 3321 928 simulacrum
3373 873 3572 932 Martis

1928 961 2348 1032 liquefecisset.
2372 962 2583 1017 Eadem
2611 976 2752 1017 vero
2777 965 2944 1018 nocte
2967 961 3272 1018 venientes
3295 976 3426 1018 cum
3450 961 3569 1019 lllio

1930 1050 2103 1106 unico
2133 1049 2360 1106 nomine
2389 1049 2700 1117 Theodulo,
2728 1053 3170 1121 prostraverunt
3196 1064 3257 1106 se
3290 1049 3361 1105 ad
3393 1051 3572 1120 pedes

1931 1138 2314 1209 Symphronii,
2350 1143 2590 1207 agentes
2649 1138 3069 1209 pcenitentiam,
3112 1144 3171 1193 et
3220 1137 3568 1209 baptismum

1928 1226 2138 1283 salutis
2155 1232 2557 1298 exposcentes.
2577 1228 2863 1283 Evocatus
2886 1227 3081 1297 itaque
3103 1228 3312 1282 beatus
3332 1227 3573 1298 Stepha-

1928 1328 2037 1370 nus
2093 1315 2371 1385 pontifex,
2409 1316 2565 1371 venit
2612 1322 2784 1372 noctu
2832 1316 2904 1371 ad
2945 1316 3175 1372 domum
3209 1315 3479 1387 Olympii,
3513 1321 3570 1372 et

1926 1404 2355 1459 catechizatum
2390 1403 2728 1473 baptizavit,
2765 1417 3120 1473 uxoremque
3170 1404 3299 1474 ejus
3345 1404 3569 1475 Exupe-

1927 1492 2070 1547 riam
2106 1505 2171 1548 ac
2193 1491 2369 1547 ﬁlium
2393 1491 2770 1561 Theodulum,
2797 1497 2853 1547 et
2878 1496 3163 1563 quotqnot
3182 1492 3562 1549 crediderunt

1927 1580 1981 1635 in
2016 1581 2186 1637 domo
2218 1580 2483 1651 Olympii.
2513 1580 2674 1646 Quod
2718 1587 2779 1635 ut
2811 1581 3122 1637 audierunt
3152 1580 3493 1637 Valerianus
3508 1584 3567 1638 et

1926 1668 2243 1739 Gallienus,
2264 1670 2437 1725 nimio
2460 1671 2653 1744 furore
2678 1670 3572 1741 accensi,jusseruntSymphro-

1930 1757 2085 1814 nium
2119 1757 2227 1814 sibi
2264 1758 2961 1829 praesentari,missisque
2994 1758 3294 1825 militibus,
3318 1758 3572 1813 adduxe-

1930 1851 2066 1901 runt
2098 1860 2229 1902 eum
2261 1846 2513 1902 vincu'is
2547 1848 2754 1902 ferreis
2785 1851 3109 1915 oneratum,
3137 1846 3472 1916 nudumque
3504 1861 3568 1901 ac

1926 1934 2330 2005 capistratum,
2367 1934 2535 1991 simul
2569 1939 2628 1990 et
2662 1934 2961 2006 Olympius
2994 1950 3123 1990 cum
3151 1949 3329 1989 uxore
3360 1948 3483 2001 sua,
3507 1936 3563 1988 et

1929 2021 2045 2078 filio
2088 2022 2398 2079 Theodulo.
2453 2023 2749 2079 Gallienus
2810 2023 3005 2093 itaque
3057 2022 3202 2077 dixit
3253 2020 3563 2091 Olympio:

1928 2111 2127 2168 Adhuc
2159 2111 2391 2182 quidem
2425 2110 2629 2168 differo
2650 2126 2949 2183 poenarum
2976 2110 3077 2166 tibi
3110 2110 3323 2166 inferre
3348 2108 3569 2179 suppli-

1925 2200 2034 2269 cia,
2070 2200 2166 2271 qui
2200 2200 2270 2255 de
2299 2204 2402 2256 tua
2435 2200 2789 2257 conscientia
2841 2200 3056 2256 dubius
3089 2213 3199 2255 non
3231 2213 3377 2267 sum,
3415 2197 3568 2268 quod

1925 2303 2287 2359 nequaquam
2317 2290 2555 2345 deseras
2587 2290 2728 2345 deos
2762 2302 2908 2358 quos
2941 2302 3172 2359 semper
3204 2285 3482 2354 adorasti,
3510 2289 3569 2339 et

1902 2376 2072 2446 alios
2099 2377 2493 2449 compellebas
2515 2377 2937 2441 adorare;nam
2962 2382 3018 2432 et
3042 2375 3349 2431 tormentis
3369 2372 3569 2429 multis

1928 2465 2397 2536 persequebaris,
2431 2480 2617 2535 usque
2649 2465 2719 2520 ad
2751 2464 3089 2521 effusionem
3120 2462 3435 2532 sanguinis,
3472 2461 3568 2531 qui

1926 2569 2038 2610 non
2073 2556 2401 2625 praeberent
2435 2568 2784 2610 consensum
2817 2553 3149 2609 sacrificare
3182 2551 3295 2608 diis
3329 2550 3568 2608 nostris.

1928 2643 2228 2713 Olympius
2261 2643 2557 2713 respondit
2597 2662 2608 2696 :
2643 2643 2761 2711 Ego
2808 2640 3038 2711 quidem
3092 2639 3197 2696 feci
3246 2653 3354 2695 non
3402 2638 3570 2708 quasi

1928 2730 2248 2802 Olympius,
2273 2731 2376 2785 sed
2409 2730 2572 2800 quasi
2605 2731 2817 2801 impius
2840 2735 2899 2785 et
2921 2728 3197 2784 crudelis.
3225 2730 3333 2783 Pro
3357 2725 3571 2796 quibus

1926 2818 2251 2875 coznmissis
2266 2818 2603 2889 pmniteo,et
2617 2817 2851 2874 eﬂ‘undo
2864 2813 3569 2887 lacrymasamaritudinis

1929 2907 1982 2961 in
2003 2911 2324 2976 conspectu
2348 2907 2477 2976 ejus
2499 2906 2592 2961 cui
2611 2906 2808 2974 credo,
2836 2906 2951 2960 Deo
2976 2904 3103 2959 vivo
3124 2910 3183 2958 et
3203 2918 3360 2971 vero,
3386 2902 3564 2971 Patri,

1928 3000 1986 3051 et
2020 2994 2181 3063 Filio,
2206 3000 2263 3048 et
2289 2993 2529 3064 Spiritui
2561 2997 2783 3062 sancto,
2809 2997 2870 3049 ut
2904 2992 3178 3062 dignetur
3206 2990 3340 3046 mihi
3374 2990 3568 3045 remit-

1930 3088 2055 3138 tere
2086 3082 2449 3152 iniquitatem
2482 3096 2651 3151 quam
2683 3081 2919 3137 exercui
2952 3081 3007 3135 in
3040 3080 3319 3149 sanguine
3343 3084 3568 3135 sancto-

1930 3186 2055 3227 rum
2088 3171 2232 3241 ejus,
2256 3184 2425 3239 quem
2460 3168 2567 3225 feci
2599 3168 2836 3225 effundi.
2870 3170 3024 3224 Tunc
3056 3169 3187 3223 data
3221 3171 3312 3222 est
3337 3170 3569 3222 senten-

1929 3258 2009 3315 tia
2041 3264 2105 3315 ut
2136 3258 2265 3328 igne
2295 3263 2800 3314 consumerentur.
2836 3258 3000 3313 Ducti
3034 3260 3165 3313 sunt
3203 3256 3399 3327 itaque
3432 3259 3568 3310 ante

1932 3352 2183 3403 statuam
2211 3346 2535 3416 Solisjuxta
2557 3346 3067 3417 amphitheatrum,
3092 3344 3335 3414 ﬁxisque
3360 3342 3570 3413 stipiti-

1933 3436 2061 3503 bus,
2085 3441 2141 3490 et
2176 3434 2374 3504 ligatis
2406 3434 2668 3489 manibus
2687 3433 2939 3489 devincti
2962 3437 3119 3499 sunt,
3146 3438 3203 3487 et
3230 3432 3284 3487 in
3315 3445 3571 3487 sarmen-

1930 3527 2118 3579 torum
2153 3522 2565 3593 spinarumque
2596 3522 2868 3591 congerie
2893 3521 3042 3591 ignis
3066 3521 3421 3591 suppositus.
3450 3521 3572 3574 Sta-

1932 3610 2150 3679 timque
2184 3610 2236 3664 in
2272 3610 2394 3681 ipso
2426 3609 2575 3678 ignis
2611 3609 2791 3677 initio,
2818 3609 3040 3677 gratias
3072 3607 3299 3663 Christo
3332 3606 3571 3661 Domino

1931 3698 2332 3767 deeantantes,
2377 3697 2695 3753 emiserunt
2745 3696 3036 3767 spiritum.
3086 3695 3331 3750 Relictis
3378 3697 3570 3749 autem

1930 3784 2279 3856 corporibus
2315 3798 2535 3851 eorum,
2565 3783 2779 3838 milites
2810 3782 3097 3838 abierunt.
3128 3780 3456 3837 Adveniens
3477 3794 3572 3835 au-

1932 3877 2046 3928 tem
2070 3876 2307 3928 sanctus
2331 3872 2657 3942 Stephanus
2678 3869 2987 3941 episcopus
3008 3884 3137 3924 cum
3161 3868 3394 3924 clericis
3408 3882 3470 3923 ac
3486 3882 3573 3922 re-

1933 3968 2176 4039 ligiosis,
2212 3972 2269 4023 et
2303 3967 2527 4040 hymnis
2564 3982 2636 4022 ex
2687 3982 2844 4022 more
2897 3966 3162 4035 redditis,
3198 3964 3566 4023 abstulerunt

1934 4073 2180 4129 corpora
2213 4062 2530 4127 martyrum
2562 4054 2944 4127 Symphronii,
2969 4054 3239 4126 Olympi,
3267 4052 3576 4124 Exuperius

1932 4161 1998 4204 ac
2024 4146 2322 4215 Theoduli,
2340 4149 2400 4201 et
2418 4145 2775 4216 sepelierunt
2794 4143 2959 4213 juxta
2984 4144 3128 4198 viam
3159 4141 3435 4211 Latinam,
3455 4139 3578 4197 mil-

1934 4235 2101 4291 liario
2136 4235 2468 4307 primo,sub
2500 4234 2593 4289 die
2624 4234 2871 4305 septimo
2896 4231 3277 4290 Kalendarum
3305 4230 3572 4301 Augusti.

1931 4323 2232 4379 Translata
2266 4338 2406 4379 vero
2455 4338 2483 4379 a
2533 4324 2704 4377 beato
2747 4322 2907 4377 Sixto
2954 4320 3247 4393 pontiﬁce,
3284 4318 3574 4375 celebrem

1934 4411 2087 4468 diem
2122 4412 2385 4468 fecerunt
2427 4410 2684 4467 secundo
2714 4411 2904 4467 Nonas
2933 4408 3288 4466 Decembris.

2377 4499 2435 4555 C.
2472 4499 2682 4555 NONlS
2714 4499 3125 4555 DECEMBRIS.

2623 4590 2681 4654 (ὅ
2718 4588 2885 4655 Dec.)

2009 4677 2068 4732 In
2111 4674 2302 4732 Africa
2353 4675 2505 4747 apud
2554 4674 2847 4731 Coloniam
2898 4673 3326 4743 Thebestinam,
3362 4669 3574 4728 natalis

1931 4768 2152 4821 sanctae
2186 4764 2467 4836 Crispinaa
2496 4764 2544 4833 ἀ,
2579 4778 2706 4835 quae
2738 4765 3102 4836 temporibus
3143 4758 3482 4818 Diocletiani
3513 4760 3571 4813 et

1932 4852 2277 4923 Maximiani,
2302 4868 2431 4910 cum
2464 4852 2795 4909 sacrificare
2830 4852 3132 4922 noluisset,
3151 4852 3318 4922 jussu
3343 4844 3572 4905 Anulini

1932 4940 2301 5013 proconsulis
2350 4939 2637 4998 decollata
2678 4946 2790 4997 est.

2002 5030 2216 5086 Eodem
2248 5029 2361 5101 die,
2395 5029 2587 5086 natale
2619 5030 2805 5086 sancti
2839 5029 3104 5086 Dalmatii
3139 5025 3426 5097 martyris.

2004 5120 2148 5174 Item
2183 5118 2308 5188 ipsa
2357 5119 2449 5175 die
2495 5119 2766 5189 Treviris,
2803 5119 2985 5176 sancti
3037 5114 3241 5173 Nicetii
3292 5114 3571 5187 cpis00pi,

1932 5206 2117 5263 totius
2147 5206 2481 5263 sanctitatis
2515 5208 2643 5277 viri,
2679 5208 2776 5279 qui
2820 5208 2873 5263 in
2919 5204 3153 5262 basilica
3198 5204 3352 5260 beati
3402 5205 3575 5260 Maxi-

1931 5294 2069 5350 mini
2108 5294 2364 5367 episcopi
2398 5295 2666 5368 sepultus
2696 5295 2967 5367 quiescit.

2001 5416 2029 5454 ἀ
2062 5419 2309 5488 August.
2348 5418 2406 5491 in
2438 5417 2842 5491 psal._cxxV'n,
2867 5430 3124 5491 cxvxvn;
3145 5416 3417 5491 deVirg..
3442 5432 3567 5489 cap.

1932 5489 2031 5556 £4;
2066 5503 2240 5547 serm.
2277 5494 2344 5545 55
2376 5489 2447 5544 de
2479 5488 2640 5543 verb.
2675 5489 2859 5558 Dom.,
2893 5492 2951 5543 et
2984 5492 3052 5545 39
3082 5489 3154 5547 de
3194 5488 3461 5548 diversis.
