3974 6150
355 317 453 375 611
1387 301 1446 358 S.
1490 297 1750 357 ADONIS
1787 293 2223 356 ARCHIEPISC.
2263 294 2678 354 VIENNENSIS

737 431 800 488 D.
835 427 953 488 VIII
982 427 1144 485 IDUS
1171 425 1594 484 NOVEMBRIS.

1037 518 1096 586 (6
1132 517 1301 584 Deo.)

424 609 620 669 Sancti
649 605 870 666 Nicolai
901 605 1175 663 Mirorum
1212 603 1399 675 Lycias
1429 601 1706 674 episcOpi.

421 699 588 772 Apud
645 697 920 765 Africam,
982 697 1317 751 sanctorum
1395 690 1699 760 Dionysiae,
1749 689 1990 758 Dativae,

349 788 610 857 Meontis,
645 791 704 843 et
735 783 1021 842 Emiliani
1055 781 1285 852 medici,
1319 785 1379 836 et
1421 777 1841 848 religiosissimi
1884 776 1993 833 viri

353 876 580 936 nomine
607 873 805 944 Tertii,
837 877 895 929 et
928 869 1226 940 Bonifacii,
1250 873 1308 926 et
1339 867 1590 937 Servilii,
1624 865 1993 934 etVictricis,

351 969 413 1022 et
441 963 694 1035 Majorici
729 961 1122 1019 adolescentis
1149 969 1178 997 ιι
1209 978 1223 1013 :
1259 957 1356 1029 qui
1388 971 1590 1013 omnes
1628 955 1682 1010 in
1727 967 1998 1026 perseeu-

3639 305 3745 360 “2

2013 423 2071 482 A
2171 421 2312 478 Item
2342 419 2542 478 eodem
2575 420 2688 491 die,
2725 419 2996 493 Cypriani
3028 418 3050 460 τ
3075 419 3313 478 abbatis
3356 420 3744 495 Petragorici,

2104 509 2424 580 magniﬁcae
2469 509 2824 580 sanctitatis,
2873 513 2935 565 et
2980 508 3296 568 clarissimi
3343 511 3402 568 in
3450 510 3748 571 miraculis

2105 613 2235 654 Μ’
2531 669 2593 724 Α.
2629 667 2698 724 1v
2739 668 2899 724 mus
2926 667 3322 725 DECEMBRIS

2783 758 2876 826 (40
2905 757 3072 814 Dec.)

2178 859 2340 932 Apud
2362 861 2675 918 Emeritam
2699 860 2989 932 Hispania;
3012 860 3333 931 civitatem,
3351 861 3550 918 natale
3573 861 3630 917 S.
3653 862 3758 919 Eu-

2105 949 2256 1007 lalia
2286 957 2318 996 ε
2347 949 2610 1019 virginis.
2635 949 2773 1016 Quae
2803 963 2933 1005 cum
2953 952 3111 1006 esset
3135 963 3420 1006 annorum
3441 949 3754 1020 tredecim,

351 1053 512 1110 tione
542 1049 896 1118 Wandalica,
933 1050 1042 1105 sub
1075 1047 1404 1103 Hunnerico
1446 1059 1581 1114 rege
1621 1042 1852 1110 Ariano,
1889 1055 1993 1112 pro
2098 1038 2266 1109 jussu
2297 1038 2532 1094 Daciani
2568 1037 2842 1109 praesidis
2861 1035 3109 1108 plurima
3133 1041 3426 1094 tormenta
3447 1051 3753 1110 perpessa,

353 1140 716 1198 confessione
749 1137 880 1194 fidei
911 1135 1238 1206 catholicas,
1264 1133 1416 1206 apud
1439 1133 1709 1200 Africam,
1733 1135 1790 1186 et
1815 1144 1884 1186 ne
1919 1130 1992 1185 ab

354 1228 583 1286 Arianis
614 1226 1145 1297 rcbaptizarentur,
1179 1221 1543 1292 gravissimis
1571 1225 1628 1276 et
1672 1217 1994 1274 innumeris

354 1315 656 1389 suppliciis
684 1312 1028 1380 excruciati,
1063 1312 1465 1368 confessorum
1509 1307 1724 1364 Christi
1760 1320 1997 1363 numero

353 1403 562 1462 sociari
598 1405 956 1460 meruerunt.
991 1401 1035 1456 E
1063 1399 1279 1470 quibus
1299 1397 1620 1469 praedictus
1638 1395 1993 1451 venerabilis

355 1493 699 1550 adolescens
729 1489 1056 1561 Majoricus,
1091 1487 1374 1559 Dionysiae
1409 1485 1612 1541 matris
1641 1483 1999 1540 exhortatio-

353 1583 526 1641 nibus
555 1585 884 1648 roboratus,
919 1579 972 1634 in
1020 1576 1339 1634 certamine
1389 1574 1778 1631 confessionis
1829 1571 1998 1644 spiri-

357 1677 477 1730 tum
509 1671 785 1740 reddens,
819 1682 1056 1726 cursum
1089 1663 1454 1736 palmiferum
1481 1662 1920 1720 consummavit.

777 1778 839 1834 E.
873 1777 969 1832 VII
997 1773 1158 1830 IDUS
1187 1769 1600 1827 DECEMBRIS.

1049 1864 1108 1928 (7
1136 1862 1302 1930 Dec.)

428 1953 593 2026 Apud
619 1951 1051 2020 Alexandriam,
1072 1949 1285 2006 natalis
1307 1946 1461 2004 beati
1478 1945 2002 2018 Agathonisbmar-

357 2043 528 2115 tyris,
558 2043 667 2098 sub
699 2042 874 2098 Decio
907 2041 1282 2111 imperatore.
1306 2037 1413 2104 Qui
1449 2051 1579 2093 cum
1609 2039 1765 2092 esset
1793 2033 2003 2091 milita-

358 2133 458 2202 ris,
475 2136 535 2188 et
558 2129 870 2187 assisteret
891 2129 987 2185 ubi
1013 2127 1335 2184 beatissimi
1359 2130 1646 2196 martyres
1668 2123 2004 2181 cruciaban-

357 2223 456 2276 tur
487 2220 667 2290 (inter
703 2233 851 2288 quos
879 2217 1145 2274 Julianus
1176 2221 1236 2272 et
1270 2215 1482 2284 Eunus,
1521 2213 1576 2268 in
1609 2213 1832 2269 Domini
1863 2214 2001 2270 Jesu

357 2308 576 2364 Christi
595 2306 968 2364 confessione
989 2303 1400 2376 perdurantes,
1419 2302 1754 2358 admiranda
1779 2305 2005 2372 specta-

357 2395 488 2455 cula
513 2395 778 2464 martyrii
799 2394 888 2450 sui
909 2389 1131 2462 angelis
1149 2397 1208 2447 et
1227 2391 1561 2446 hominibus
1579 2390 1999 2460 praebuerunt),

357 2491 416 2542 et
447 2483 728 2555 quosdam
748 2481 1014 2538 volentes
1027 2481 1202 2535 etiam
1225 2479 1476 2535 mortuis
1493 2477 1740 2534 illudere
1761 2478 2004 2534 cadave-

359 2573 527 2630 ribus
559 2574 875 2641 martyrum
907 2568 1270 2640 prohiberet,
1292 2567 1512 2624 clamor
1541 2573 1782 2637 repente
1817 2566 2002 2622 totius

356 2660 516 2731 vulgi
535 2660 816 2716 adversus
833 2674 962 2714 eum
984 2657 1309 2713 extollitur.
1333 2655 1785 2727 Oﬂ‘erturjudici
1809 2655 2004 2712 fortis-

356 2749 539 2806 simus
573 2747 738 2802 miles
763 2747 878 2818 jam
913 2745 1158 2815 Domini,
1185 2749 1244 2800 et
1265 2759 1550 2815 nusquam
1576 2759 1637 2800 se
1660 2743 1902 2800 inferior
1925 2744 2004 2799 fa-

357 2841 512 2906 ctus,
535 2837 591 2892 in
625 2834 995 2891 confessione
1029 2833 1380 2905 persistens,
1416 2832 1610 2903 capite
1641 2845 1746 2904 pro
1780 2831 2002 2903 pietate

359 2925 688 2988 damnatur.
725 2923 941 2979 Passus
970 2937 1048 2978 vn
1077 2922 1214 2978 ldus
1245 2920 1604 2976 Decembris.

427 3009 594 3081 Apud
615 3009 960 3077 Sanctonas,
991 3008 1144 3065 beati
1167 3007 1392 3063 Martini
1412 3017 1438 3046 ο
1455 3007 1709 3075 abbatis,
1727 3005 2000 3078 discipuli

2106 1126 2420 1184 novissime
2440 1126 2496 1182 in
2519 1125 2768 1196 equuleo
2791 1139 3096 1197 suspensa,
3112 1129 3172 1182 et
3193 1126 3577 1196 exungulata,
3603 1125 3760 1184 facu-

2106 1213 2180 1270 lis
2211 1214 2555 1271 ardentibus
2584 1228 2654 1270 ex
2689 1217 2941 1285 utroque
2972 1212 3158 1269 latere
3188 1213 3503 1285 appositis,
3542 1213 3759 1272 hausto

2107 1302 2237 1372 igne
2252 1301 2520 1374 spiritum
2538 1301 2814 1370 reddidit,
2831 1306 2892 1356 et
2909 1300 3290 1357 cernentibus
3305 1301 3684 1372 Christianis,
3703 1303 3757 1359 in

2105 1390 2302 1461 specie
2333 1389 2616 1446 columba:
2648 1389 2832 1446 niveae
2864 1387 3074 1446 coelum
3100 1389 3290 1461 petiit.
3319 1389 3499 1460 Cujus
3520 1391 3762 1448 beatum

2107 1491 2322 1550 corpus
2354 1492 2456 1549 per
2488 1476 2946 1548 triduum,jussu
2981 1476 3269 1548 praesidis,
3293 1476 3579 1548 pependit
3613 1477 3763 1543 inji-

2105 1582 2236 1638 gno.
2283 1568 2391 1624 Sed
2435 1567 2530 1624 cui
2563 1567 2816 1642 humana
2853 1567 3084 1624 fuerant
3130 1567 3410 1638 obsequia
3443 1568 3759 1640 denegata,

2106 1656 2369 1714 coelestia
2402 1656 2636 1714 fuerunt
2670 1670 2904 1712 munera
2939 1669 3255 1713 concessa:
3283 1669 3411 1713 nam
3446 1655 3550 1713 nix
3585 1655 3761 1714 desu-

2025 1771 2078 1830 B
2111 1759 2214 1818 per
2252 1760 2466 1816 corpus
2504 1743 2714 1816 puellae
2758 1744 3034 1816 aspersit,
3071 1751 3136 1801 ut
3183 1743 3334 1815 quod
3379 1745 3452 1801 ab
3507 1748 3765 1818 utraque

2110 1838 2275 1906 parte
2307 1833 2618 1906 appositus
2650 1832 2802 1903 ignis
2832 1832 3061 1889 ardoris
3093 1832 3182 1888 sui
3217 1831 3492 1890 incendio
3531 1833 3768 1890 confra-

2107 1926 2400 1994 graverat,
2436 1921 2612 1978 nivali
2644 1921 2901 1978 candore
2942 1924 3286 1991 coopertum
3331 1919 3533 1978 divina
3567 1921 3766 1992 gratia

2111 2011 2434 2068 dealbaret.
2471 2010 2682 2081 Sicque
2715 2024 2744 2066 a
2779 2009 3132 2065 Christianis
3163 2012 3509 2066 reverenter
3542 2009 3765 2082 ablata,

2110 2104 2172 2156 et
2202 2099 2512 2156 devotione
2543 2098 2764 2166 debita,
2787 2099 2897 2154 sub
2937 2111 3104 2154 sacro
3136 2096 3307 2154 altari
3339 2097 3648 2170 deposita,
3673 2113 3769 2157 mi-

2112 2187 2446 2246 raculorum
2476 2187 2662 2258 gloria
2697 2185 3050 2244 illustratur.

2184 2277 2396 2334 Eodem
2427 2276 2541 2346 die,
2563 2274 2716 2347 apud
2749 2274 3049 2347 praefatam
3073 2274 3296 2344 urbem,
3317 2274 3518 2347 passio
3542 2279 3770 2334 sancta

2108 2364 2296 2432 Julize,
2314 2379 2443 2436 quae
2466 2366 2573 2421 fuit
2594 2363 3014 2434 convirginalis
3032 2369 3250 2421 sanctae
3268 2364 3533 2436 Eulalia,
3561 2365 3773 2438 illique

2111 2455 2183 2512 ad
2208 2453 2532 2525 passionem
2559 2451 2895 2525 properanti
2920 2452 3216 2510 individua
3237 2467 3435 2511 comes
3454 2457 3521 2510 et
3541 2454 3772 2512 sodalis

2112 2543 2180 2598 ad
2191 2541 2376 2599 hesit.

2183 2631 2326 2686 Item
2359 2627 2510 2700 apud
2544 2628 2957 2700 Hispontanam
2980 2627 3108 2700 [al.,
3131 2627 3530 2702 Spoletanam]
3554 2631 3770 2689 civita-

2115 2724 2252 2788 tem,
2286 2723 2622 2776 sanctorum
2658 2721 2974 2789 martyrum
3009 2717 3363 2790 Carpophori
3395 2721 3769 2792 presbyteri,

2112 2812 2172 2864 et
2205 2807 2454 2865 Abundii
2498 2805 2750 2876 diaconi,
2793 2806 2890 2878 qui
2933 2806 3344 2878 persecutione
3385 2806 3772 2879 Diocletiani,

2113 2897 2221 2953 sub
2248 2896 2447 2966 judice
2489 2895 2790 2965 Martiano,
2824 2895 2880 2950 in
2914 2895 3282 2952 confessione
3315 2895 3540 2952 Christi
3573 2897 3772 2970 primo

2113 2985 2370 3043 fustibus
2392 2984 2800 3042 crudelissime
2819 2984 2979 3054 caesi,
3007 2983 3217 3040 deinde
3241 2984 3296 3040 in
3321 2999 3662 3058 carcerem,
3681 3001 3775 3045 ne-

355 3073 544 3154 sancti
561 3097 894 3164 Martini,’l‘u
906 3073 1120 3152 ronicaa
1142 3095 1304 3150 urbis
1318 3073 1707 3166 episcopi,qui
1731 3095 1786 3149 in
1810 3093 1865 3149 in
1883 3073 1996 3150 mo-

2170 3079 2248 3131 lto
2280 3075 2412 3132 cibo
2445 3079 2505 3131 et
2537 3077 2698 3146 potu,
2725 3073 2980 3139 retrusi;
3013 3074 3166 3131 unde
3197 3089 3302 3146 per
3323 3074 3604 3146 angelum
3635 3077 3776 3135 edu-

2177 3164 2190 3184 ε
2252 3167 2302 3184 -.
2346 3164 2580 3184 --ηιημ
2631 3161 2728 3184 ..-ε
2780 3161 3168 3184 --,.ιε---.--
3224 3163 3434 3184 :.-____
3489 3166 3656 3184 .-_..
3728 3170 3770 3184 -.

356 3185 620 3240 nasterio
643 3161 804 3254 quod
833 3184 960 3254 ipse
990 3183 1324 3250 aedificavit,
1347 3161 1402 3237 in
1431 3161 1571 3252 pace
1605 3161 1876 3251 quiescit.
1917 3181 1996 3236 Ad

2170 3164 2214 3234 li,
2247 3167 2308 3220 et
2346 3164 2585 3220 verbum
2631 3161 2730 3219 Dei
2778 3161 3190 3234 praedicantes,
3224 3163 3438 3220 iterum
3489 3166 3680 3236 tenti,
3715 3170 3777 3223 et

357 3271 527 3342 cujus
543 3271 826 3329 tumulum
847 3270 1204 3328 creberrima
1229 3268 1513 3326 divinitus
1533 3269 1678 3326 fiunt
1697 3268 1998 3338 miracula,

745 3379 802 3434 F.
837 3378 926 3449 “VI
987 3375 1146 3432 IDUS
1196 3375 1606 3431 DECEMBRIS.

1047 3467 1105 3528 (8
1148 3465 1310 3531 Dec.)

425 3563 639 3632 Romae,
657 3558 871 3618 natalis
890 3560 1076 3619 sancti
1102 3558 1445 3630 Eutychiani
1465 3558 1494 3596 α
1517 3574 1702 3631 νίψω,
1730 3560 1825 3630 qui
1849 3561 2004 3617 rexit

354 3649 674 3709 Ecclesiam
705 3665 855 3709 anno
887 3665 1022 3721 uno,
1058 3655 1118 3706 et
1149 3650 1257 3706 sub
1292 3647 1604 3705 Aureliano
1649 3649 2004 3720 imperatore

352 3741 641 3813 martyrio
656 3738 1273 3812 coronatus,sepultus
1290 3741 1384 3795 est
1405 3738 1456 3793 in
1475 3738 1812 3795 coemeterio
1836 3738 2004 3794 Calli-

352 3829 448 3902 sti,
482 3830 580 3902 qui
613 3833 674 3886 et
704 3831 830 3903 ipse
865 3845 968 3902 per
999 3829 1229 3886 diversa
1279 3827 1408 3885 loca
1443 3830 1742 3884 trecentos
1773 3831 1830 3882 et
1867 3841 2005 3898 qua-

351 3917 621 3988 draginta
655 3918 803 3975 duos
832 3922 1120 3988 martyres
1152 3931 1322 3973 manu
1354 3929 1457 3972 sua
1492 3915 1786 3986 sepelivit.

423 4009 558 4076 Ipso
591 4006 686 4063 die
717 4006 869 4076 apud
897 4004 1530 4072 Alexandriam,sancti
1555 4003 1830 4059 Macharii
1851 4003 2002 4059 °sub

351 4091 548 4161 Decio,
566 4092 664 4162 qui
683 4095 860 4161 gente
885 4091 1149 4160 Libycus,
1167 4105 1298 4146 cum
1319 4089 1728 4145 multisverbis
1750 4105 1780 4145 a
1799 4089 2000 4158 judice

351 4177 424 4234 ad
454 4178 779 4248 negandum
818 4177 1188 4247 suaderetur,
1211 4181 1273 4234 et
1307 4191 1378 4233 eo
1403 4177 1620 4247 majore
1662 4179 1997 4234 constantia

355 4265 526 4322 fidem
558 4280 720 4322 suam
754 4266 1156 4339 profiteretur,
1184 4267 1352 4324 vivus
1375 4266 1446 4324 ad
1472 4265 1998 4337 ultimumjubetur

350 4367 536 4411 exum'
775 4428 837 4483 ρ.
875 4425 920 4480 v
951 4425 1112 4481 mus
1143 4425 1557 4482 DECEMBRIS.

1099 4517 1156 4586 (9
1186 4515 1351 4580 Dec.)

421 4609 642 4668 Natalis
673 4617 896 4671 sanctas
946 4611 1246 4669 Leocadize
1277 4610 1542 4681 virginis,
1575 4625 1702 4682 quae
1737 4614 1996 4680 tempore

351 4699 696 4759 Diocletiani
729 4705 791 4756 et
823 4701 1167 4772 Maximiani,
1202 4716 1230 4757 a
1265 4699 1546 4772 praefecto
1586 4697 1996 4770 Hispaniarum

347 4789 620 4860 Daciano,
646 4789 798 4861 apud
830 4789 1092 4847 Toletum
1126 4789 1252 4846 dira
1287 4787 1542 4846 careeris
1575 4785 1847 4844 custodia
1883 4800 1998 4842 ma-

347 4883 546 4935 cerata
576 4881 686 4934 est.
721 4877 828 4934 Ubi
862 4893 992 4935 cum
1024 4878 1407 4949 gravissimos
1445 4878 1629 4934 beatae
1662 4873 1903 4931 Eula‘iae
1935 4877 1996 4930 et

346 4965 705 5038 reliquorum
737 4970 1054 5037 martyrum
1087 4967 1184 5038 qui
1216 4981 1245 5023 a
1277 4966 1528 5022 Daciano
1563 4961 1996 5020 interficieban-

347 5056 464 5126 tur,
487 5056 736 5114 vidisset
765 5055 1084 5125 cruciatus,
1105 5055 1356 5125 genibus
1390 5054 1444 5108 in
1470 5053 1734 5110 oratione
1759 5051 1991 5124 positis,

347 5141 716 5214 impollutum
748 5145 1020 5218 spiritum
1053 5143 1288 5200 Christo
1321 5141 1596 5200 reddidit.

415 5274 444 5340 9
474 5265 697 5340 Yictor.
736 5269 938 5340 Afric.,
971 5269 1014 5326 ῐ.
1051 5282 1132 5325 m.

416 5336 444 5374 δ
473 5337 710 5412 Euseb,
751 5339 858 5412 lib.
895 5335 967 5412 vi,
1003 5340 1259 5412 θείῃ-34,
1294 5335 1442 5394 Ruﬂ‘.
1478 5339 1559 5393 31.

419 5415 446 5482 9
477 5408 717 5482 Gregor.
751 5408 961 5482 Turon.
1002 5408 1286 5482 de'Glor.,
1321 5424 1372 5466 c.
1407 5412 1494 5466 57.

366 5545 372 5552 ,
419 5476 449 5518 ά
477 5476 842 5553 ljon'tiﬁcale,
885 5496 1012 5553 cap.
1050 5486 1136 5541 28.

421 5557 447 5588 °
476 5549 708 5621 Euseb.,
741 5549 782 5606 Ι.
817 5549 892 5621 vi,
925 5549 976 5607 οἱ
1013 5555 1099 5622 34,
1135 5551 1286 5612 Ruﬂ'.
1319 5555 1406 5608 31.

2111 3267 2210 3310 ora
2263 3253 2521 3325 ipsorum
2568 3251 2866 3325 lapidibus
2913 3255 3160 3310 contusa
3211 3257 3367 3324 sunt,
3401 3267 3777 3327 rursumque

2111 3340 2361 3410 equuleo
2390 3341 2554 3411 torti,
2591 3346 2647 3397 et
2683 3345 2816 3413 post
2847 3341 2971 3398 haec
3015 3355 3256 3398 carcere
3297 3341 3396 3400 diu
3448 3344 3772 3414 macerati,

2112 3428 2427 3486 novissime
2464 3427 2661 3500 gladio
2705 3429 2971 3502 percussi
3025 3434 3180 3486 sunt.

2541 3535 2600 3590 Β.
2625 3536 2700 3592 Ill
2724 3535 2882 3592 IDUS
2911 3533 3322 3593 DECEMBRIS.

2787 3627 2876 3692 (44
2913 3625 3080 3693 Dec.)

2181 3729 2436 3787 Danielis
2467 3730 2789 3804 prophetae.

2183 3820 2376 3876 Romae
2405 3820 2592 3878 sancti
2625 3818 2853 3877 Damasi
2876 3819 2908 3858 ιι
2931 3832 3113 3892 papae,
3135 3818 3234 3890 qui
3256 3817 3408 3876 rexit
3433 3818 3779 3878 Ecclesiam

2112 3923 2295 3965 annos
2327 3909 2674 3978 octodec‘m,
2712 3922 2944 3966 menses
2977 3913 3122 3979 tres,
3155 3907 3281 3965 dies
3330 3907 3502 3966 duos.

2181 3997 2248 4052 Et
2281 3996 2494 4053 natalis
2528 4000 2862 4054 sanctorum
2886 3997 3174 4067 Pontiani,
3191 3996 3559 4066 Praetextati,
3583 4003 3780 4070 atque

2107 4084 2421 4140 Thrasonis
2453 4088 2771 4156 martyrum
2806 4083 2842 4139 ί.
2877 4083 2983 4150 Qui
3025 4084 3263 4155 Thraso,
3298 4097 3428 4142 cum
3461 4089 3638 4142 esset
3677 4101 3780 4159 po-

2106 4175 2240 4228 tens
2261 4176 2318 4228 et
2342 4171 2701 4243 locuples,ac
2715 4172 3264 4241 christianissimus,
3281 4171 3352 4228 de
3367 4171 3776 4234 facultatibus

2107 4260 2232 4317 suis
2278 4261 2502 4316 sanctis
2544 4261 2901 4332 martyribus
2943 4261 3000 4318 in
3033 4261 3373 4318 carceribus
3403 4264 3465 4316 et
3495 4263 3779 4320 metallis

2106 4349 2394 4406 damnat's
2417 4350 2635 4406 victum
2672 4349 3064 4418 ministrabat,
3092 4363 3196 4421 per
3221 4351 3425 4406 beatos
3456 4348 3779 4409 Sisinnum

2027 4473 2080 4534 D
2105 4441 2162 4534 et
2206 4437 2530 4508 Cyriacum,
2566 4451 2713 4510 quos
2748 4439 2954 4534 beat-us
2987 4435 3294 4534 Marcellus
3324 4436 3408 4534 ad
3434 4435 3567 4534 hoc
3611 4453 3780 4534 opus

2107 4525 2387 4582 diaconos
2415 4531 2812 4583 consecrarat.
2842 4526 2960 4582 Non
2997 4523 3178 4582 multo
3209 4529 3364 4596 post,
3388 4529 3452 4580 et
3474 4523 3615 4597 ipse
3645 4532 3780 4584 ten-

2105 4617 2206 4670 tus
2238 4629 2268 4671 a
2311 4615 2638 4686 Maximino,
2673 4614 3146 4685 martyribusque
3189 4613 3470 4684 sociatus,
3505 4613 3779 4686 palmam

2109 4703 2370 4774 martyrii
2404 4717 2534 4760 cum
2568 4701 2797 4758 duobus
2830 4700 2961 4758 aliis
2985 4700 3422 4772 praenominatis
3445 4703 3780 4775 percipere

2109 4791 2341 4848 meruit.

2183 4880 2241 4933 ln
2277 4877 2498 4948 Galliis,
2533 4877 2772 4934 civitate
2809 4878 3122 4947 Ambianis,
3157 4876 3370 4934 natalis
3413 4882 3778 4938 sanctorum

2109 4972 2425 5036 martyrum
2452 4965 2729 5023 Victorici
2752 4971 2809 5022 et
2845 4967 3112 5036 Fuscani,
3139 4967 3236 5037 qui
3259 4965 3779 5037 gloriosissimam

2109 5054 2240 5110 fidei
2275 5068 2396 5112 suae
2429 5054 2857 5112 confessionem
2890 5054 3171 5126 sanguine
3191 5055 3487 5126 passionis
3507 5054 3783 5114 decora-

2107 5146 2336 5199 verunt.

2178 5265 2209 5347 ξ
2231 5265 2734 5347 gregor._:l’uro_n.,
2770 5263 3036 5347 de‘Glor,
3071 5267 3248 5337 conf.,
3281 5280 3333 5324 c.
3371 5270 3494 5324 100.

2179 5344 2212 5386 8
2237 5336 2614 5408 Prudentius,
2647 5336 2797 5408 hym.
2842 5340 2892 5394 3.

2179 5407 2474 5490 ξι-ξδοῐῃίιζἶ
2508 5423 2560 5464 c.
2595 5411 2697 5490 38.⁹
2760 5478 2806 5490 __

2182 5479 2196 5517 ί
2231 5479 2309 5535 De
2338 5478 2430 5538 his
2460 5476 2516 5536 in
2545 5478 2733 5550 gestis
2759 5476 3012 5536 Marcelli
3046 5490 3228 5550 papae,
3266 5483 3350 5536 16.
