3974 6150
268 314 371 372 813

1011 305 1613 366 MARTYROLOGIUM
1651 308 1792 365 CUM
1832 304 2359 366 ADDITAMENTIS.
2403 336 2473 351 --
2511 305 2710 365 MENS.
2756 309 2907 368 DEC.

3555 318 3664 372 614

333 439 396 496 In
445 433 756 509 Hispaniis,
811 432 1000 492 sancti
1049 432 1332 504 Eutychii,
1384 432 1552 503 cujus
1596 436 1761 503 gesta
1810 430 1908 488 ha-
1935 434 1986 492 A
2021 433 2222 490 faciam
2246 437 2305 490 te
2338 434 2406 491 ad
2441 433 2686 506 lupanar
2709 434 2861 504 duci,
2896 439 2960 492 ut
2991 434 3125 493 dum
3158 436 3340 495 fueris
3377 443 3657 513 scortata,

265 529 500 586 bentur.
608 613 667 670 C.
701 612 940 669 PRIDIE
970 611 1130 667 IDUS
1160 610 1569 667 DECEMBRIS.

938 703 1032 769 (42
1069 702 1235 769 Dec.)

335 808 537 869 Natale
586 813 920 866 sanctorum
982 809 1303 878 martyrum
1355 798 1753 877 Hermogenis,
1806 806 1912 864 Do-

268 901 409 971 nati,
444 904 505 955 et
538 897 784 955 aliorum
816 895 1023 967 viginti
1056 895 1299 952 duorum
1330 903 1375 951 α.

337 987 502 1061 Apud
539 984 969 1053 Alexandriam,
1007 984 1307 1040 beatorum
1340 987 1656 1053 martyrum
1688 983 1912 1055 Epima-

262 1077 378 1134 chii
413 1080 470 1133 et
500 1074 815 1131 Alexandri
834 1073 864 1111 δ
889 1092 901 1128 :
929 1073 1024 1143 qui
1048 1072 1230 1130 multo
1253 1076 1532 1144 tempore,
1559 1087 1689 1129 cum
1712 1072 1767 1127 in
1793 1072 1913 1128 vin-

266 1165 418 1223 culis
435 1167 495 1221 et
517 1162 883 1221 cruciatibus
904 1161 1160 1218 carceris
1181 1160 1342 1231 torti,
1369 1161 1542 1217 etiam
1574 1162 1911 1232 frequenter

262 1259 323 1312 et
351 1251 557 1310 divisis
587 1244 893 1323 suppliciis
921 1250 1193 1317 confecti,
1231 1250 1644 1321 perdurassent
1687 1249 1742 1304 in
1776 1248 1907 1319 nde,

263 1342 502 1414 ignibus
534 1344 833 1411 postremo
860 1339 1120 1396 consumi
1146 1335 1447 1407 iubentur.

338 1431 554 1488 Eodem
589 1428 704 1498 die,
740 1427 933 1485 natale
966 1432 1297 1484 sanctarum
1332 1430 1584 1497 quatuor
1606 1424 1912 1483 mulierum

262 1518 672 1587 Ammonarim,
718 1516 1034 1584 Mercuriaa,
1078 1514 1382 1586 Dionysia,
1434 1514 1571 1570 item
1613 1517 1913 1571 Ammona-

262 1608 362 1665 riae
384 1615 429 1663 °.
458 1606 759 1663 Adversus
791 1604 1029 1675 primam
1062 1603 1344 1673 virginem
1377 1602 1798 1659 Ammonariam
1825 1602 1915 1672 ju-

263 1696 377 1753 dex
408 1708 638 1752 summa
670 1692 1045 1749 contentione
1069 1692 1366 1761 utebatur,
1392 1695 1451 1746 et
1471 1690 1769 1747 immensis
1787 1705 1914 1747 eam

2020 523 2202 594 fugiat
2231 538 2260 579 a
2284 527 2344 579 te
2368 522 2621 595 Spiritus
2642 528 2903 581 sanctus.
2934 525 3105 580 Beata
3130 526 3292 596 virgo
3316 528 3615 601 respondit
3642 548 3656 586 :

2018 613 2319 682 Nunquam
2379 611 2793 683 coinquinatur
2837 628 3051 684 corpus
3100 614 3205 670 nisi
3257 615 3328 671 de
3370 631 3659 676 consensu

2019 701 2232 759 mentis
2266 703 2331 766 (Ι
2357 702 2488 759 Cor.
2530 710 2656 764 in):
2688 718 2815 759 nam
2847 706 2905 758 et
2947 702 2994 759 si
3036 702 3091 758 in
3133 718 3301 761 manu
3333 720 3455 761 mea
3486 707 3660 765 thura

2020 806 2220 863 ponas,
2251 796 2311 847 et
2338 807 2442 863 per
2466 808 2693 850 manum
2719 806 2899 849 meam
2926 792 3103 849 facias
3124 793 3664 864 sacrificium,Deus

2019 880 2144 938 haec
2176 882 2448 952 attendit,
2484 886 2543 938 et
2576 883 2725 939 ridet
2756 900 2771 950 ;
2803 882 2874 939 de
2907 883 3179 940 sensibus
3199 883 3347 939 enim
3373 888 3431 939 et
3462 884 3663 942 volun-

2018 968 2244 1026 tatibus
2280 969 2522 1040 judicat.
2573 970 2663 1026 Sic
2713 970 2934 1042 patitur
2974 970 3316 1028 violatorem
3350 972 3658 1044 castitatis,

2021 1056 2174 1114 sicut
2207 1056 2511 1128 latronem,
2548 1059 2701 1117 sicut
2734 1059 3066 1129 barbarum,
3100 1060 3250 1115 sicut
3284 1064 3658 1131 serpentem:

2020 1160 2148 1201 nam
2181 1146 2227 1202 si
2261 1161 2347 1202 me
2381 1147 2618 1203 invitam
2641 1147 2846 1204 violari
2872 1147 3097 1217 feceris,
3124 1148 3370 1204 castitas
3394 1148 3529 1204 mihi
3564 1147 3665 1204 du-

2020 1232 2337 1305 plicabitur
2360 1235 2430 1291 ad
2454 1250 2746 1292 coronam.
2789 1238 2923 1293 Post
2957 1236 3077 1292 haec
3111 1236 3459 1293 Paschasius
3486 1236 3668 1293 tradi-

2019 1320 2103 1376 dit
2136 1336 2261 1378 eam
2296 1322 2624 1393 lenonibus,
2659 1324 2897 1381 dicens:
2946 1324 3193 1381 Invitate
3227 1324 3297 1381 ad
3330 1325 3664 1381 castitatem

2018 1409 2145 1479 ejus
2195 1411 2456 1483 rapulos,
2501 1416 2559 1467 et
2603 1413 2773 1468 facite
2814 1428 2938 1469 eam
2978 1418 3093 1468 tam
3137 1413 3233 1470 diu
3276 1412 3440 1469 illudi
3483 1415 3665 1471 donec

2022 1504 2247 1557 mortua
2273 1502 2593 1559 nuntietur.
2613 1501 2791 1569 Quam
2818 1502 3054 1559 lenones
3076 1502 3412 1559 nullatenus
3434 1517 3665 1561 movere

2021 1594 2360 1661 potuerunt,
2394 1605 2524 1647 eum
2558 1590 2727 1647 simul
2758 1606 2830 1645 ex
2860 1590 3046 1647 officio
3078 1590 3446 1662 impellentes
3477 1605 3667 1648 acces-

2022 1678 2398 1754 sissent,nec
2433 1679 2667 1736 funibus
2696 1678 2913 1736 additis
2948 1680 3050 1752 [αἱ.
3086 1679 3329 1751 aditus.)
3361 1684 3459 1737 aut
3493 1680 3666 1737 boum

261 1790 438 1856 atque
472 1781 789 1853 exquisitis
818 1780 1180 1837 cruciatibus
1211 1780 1519 1850 afﬂigebat,
1554 1784 1612 1837 at
1643 1780 1906 1847 maxime,
1939 1777 1994 1837 Β
2025 1767 2263 1838 Paribus
2287 1767 2569 1838 Plurimis»
2604 1769 2756 1824 Τυηο
2799 1767 3075 1839 ρνεευθμίι
3116 1768 3464 1826 PaSChasius
3505 1768 3667 1824 mini-

262 1873 414 1944 quod
450 1871 584 1942 ejus
613 1869 961 1928 sententiam
984 1867 1219 1925 vincere
1239 1868 1533 1940 cupiebat,
1560 1869 1693 1940 quia
1717 1868 1915 1925 lauda-

263 1961 360 2018 bili
392 1975 542 2017 voce
594 1960 936 2016 decreverat
980 1957 1120 2013 nihil
1160 1971 1222 2014 se
1262 1972 1504 2029 prorsus
1540 1972 1739 2014 eorum
1783 1972 1911 2027 quas

259 2050 368 2107 sibi
400 2053 613 2106 contra
647 2049 734 2104 fas
764 2047 1180 2118 imperabatur,
1216 2049 1475 2102 acturam
1504 2064 1519 2108 ;
1551 2061 1680 2117 qum
1704 2046 1909 2102 statuti

259 2138 347 2195 sui
371 2143 558 2194 tenax
581 2136 650 2193 ad
678 2134 942 2192 ultimum
962 2134 1154 2203 capite
1188 2133 1443 2205 punitur.
1462 2133 1725 2189 Sccunda
1748 2148 1906 2203 vero,

256 2225 569 2295 lter-curia,
595 2239 738 2281 anus
759 2221 1113 2280 venerabilis
1133 2226 1190 2278 et
1214 2222 1620 2278 fecundissima
1657 2222 1712 2277 in
1748 2221 1906 2292 filiis,

258 2316 360 2372 sed
399 2328 556 2386 quos
590 2327 698 2368 non
734 2309 993 2383 praetulit
1028 2309 1274 2366 Christo.
1308 2310 1518 2379 Tertia,
1553 2314 1753 2366 sancta
1785 2310 1912 2366 Dio-

262 2402 448 2473 nysia,
514 2406 576 2458 et
635 2399 746 2456 alia
798 2399 1182 2467 Ammonar’a,
1238 2400 1486 2468 quarta;
1546 2398 1680 2454 dum
1738 2397 1909 2454 nimia

258 2494 518 2549 utuntur
546 2487 875 2546 constantia
909 2487 1060 2559 apud
1088 2486 1363 2557 judicem,
1397 2489 1455 2541 et
1488 2485 1584 2541 ille
1609 2485 1757 2542 vinci
1780 2500 1911 2542 eru-

262 2578 453 2637 bescit
492 2592 523 2634 a
559 2576 803 2647 feminis,
839 2574 1118 2632 inauditis
1147 2578 1571 2630 tormentorum
1593 2574 1910 2643 generibus

257 2667 503 2737 tolerat,
541 2666 709 2722 ﬁnem
741 2664 1014 2733 omnium,
1060 2663 1214 2719 ferro
1252 2663 1517 2732 cedente,
1560 2661 1905 2733 suscipiunt,

258 2755 522 2827 gloriose
545 2759 605 2810 et
620 2752 1037 2810 venerabiliter
1051 2751 1203 2823 apud
1220 2750 1623 2807 Alexandriam
1641 2764 1740 2821 sep
1752 2749 1905 2806 ultae.

260 2843 481 2901 Scribit
513 2843 722 2899 beatus
752 2840 1056 2911 Dionysius
1087 2839 1142 2894 in
1177 2839 1328 2894 libro
1360 2838 1431 2894 de
1462 2837 1832 2908 Martyribus.

692 2949 756 3004 D.
798 2948 1029 3004 lDIBUS
1058 2945 1469 3002 DECEMBRIS.

947 3055 1038 3121 (43
1067 3054 1233 3121 Dec.)

331 3161 504 3235 Apud
524 3162 888 3233 Syracusam,
914 3159 1124 3216 Siciliae
1145 3157 1463 3229 civitatem,
1482 3157 1674 3215 natale
1688 3163 1906 3216 sanctae

256 3251 475 3321 Luciae,
502 3249 746 3320 virginis
768 3253 826 3305 et
851 3248 1146 3318 martyris,
1170 3262 1298 3318 quas
1322 3261 1487 3318 passa
1519 3252 1607 3304 est
1640 3261 1908 3318 persecu-

253 3341 419 3397 tione
440 3336 787 3395 Diocletiani
821 3340 877 3393 et
917 3335 1259 3406 Maximiani,
1296 3336 1406 3392 sub
1440 3335 1746 3392 Paschasio
1775 3351 1909 3391 con-

257 3427 467 3486 sulari.
506 3427 641 3483 Haec
672 3424 1028 3482 nobilissima
1057 3424 1564 3495 Syracusanorum,
1602 3427 1907 3495 postquam

254 3515 450 3574 omnia
464 3529 570 3572 sua
594 3515 748 3587 (quae
771 3515 842 3571 de
867 3512 1210 3585 parentibus
1233 3513 1285 3569 ei
1318 3512 1738 3582 remanserant)
1771 3526 1909 3584 pau-

255 3604 524 3677 peribus,
550 3602 763 3673 viduis,
790 3600 1087 3674 orphanis,
1118 3601 1513 3673 peregriniset
1527 3602 1643 3657 Deo
1656 3600 1909 3656 servien-

255 3693 422 3750 tibus
445 3691 743 3760 distraxit,
780 3705 810 3746 a
841 3704 1057 3762 sponso
1078 3704 1202 3760 suo,
1225 3688 1375 3760 quod
1401 3692 1554 3745 esset
1580 3687 1907 3744 Christiana

254 3780 575 3838 Paschasio
590 3778 771 3850 judici
797 3778 1012 3849 delata,
1038 3782 1096 3834 et
1120 3781 1322 3834 contra
1339 3776 1500 3847 leges
1513 3777 1908 3846 Augustorum

255 3870 480 3939 vivere,
514 3866 924 3940 impellebatur
954 3866 1024 3923 ad
1058 3865 1501 3922 sacrificandum
1526 3863 1904 3922 daemonibus.

251 3958 414 4015 Tunc
428 3957 601 4013 beata
624 3955 796 4012 Lucia
812 3954 1125 4012 Paschasio
1152 3952 1456 4027 respondit
1483 3972 1496 4009 :
1519 3953 1911 4024 Sacriﬁcium

250 4060 461 4104 verum
481 4045 542 4101 et
557 4044 1011 4108 immacukztu/m
1031 4043 1195 4115 apud
1221 4045 1412 4100 Deum
1444 4043 1504 4100 ct
1531 4042 1778 4099 Pah'cm
1803 4041 1911 4099 hoc

254 4132 624 4205 "Quinta/rc
632 4132 848 4190 viduas
859 4132 1219 4205 etorpltauos
1230 4132 1297 4188 iu
1312 4131 1700 4189 tribulatione
1709 4144 1911 4189 eorum

256 4223 413 4289 (Jac.
450 4222 517 4290 ι).
565 4222 681 4291 Ego
722 4235 827 4293 per
864 4221 1009 4278 istos
1049 4224 1176 4276 tres
1218 4234 1397 4276 annos
1437 4218 1579 4275 nihil
1619 4218 1775 4276 aliud
1815 4218 1906 4288 egi

257 4312 369 4369 nisi
394 4310 721 4368 sacrificavi
752 4313 871 4367 Deo
901 4311 1074 4378 vivo;
1105 4314 1164 4366 et
1199 4324 1349 4366 nunc
1390 4309 1521 4379 quia
1567 4308 1721 4365 aliud
1766 4307 1908 4363 nihil

255 4402 557 4472 superest,
593 4412 682 4454 me
713 4398 893 4471 ipsam
923 4397 1103 4455 offero
1135 4397 1190 4453 in
1238 4397 1586 4454 sacrificium
1624 4398 1758 4453 Deo.
1805 4396 1906 4453 Cui

2022 1856 2162 1913 stris
2202 1861 2265 1912 ut
2314 1857 2503 1927 ignem
2544 1857 2839 1928 copiosum
2888 1858 3041 1915 circa
3084 1873 3208 1913 eam
3253 1858 3662 1927 accenderent,

2022 1945 2207 2017 picem
2230 1961 2371 2002 vero
2394 1951 2451 2002 et
2478 1947 2745 2015 resinam,
2772 1951 2828 2002 et
2856 1948 3088 2004 fervens
3108 1947 3299 2004 oleum
3333 1962 3509 2017 super
3537 1961 3665 2003 eam

2015 2033 2328 2103 jactarent.
2367 2035 2476 2091 Sed
2520 2034 2615 2090 illa
2659 2034 2713 2090 in
2756 2036 2982 2091 nomine
3023 2035 3244 2091 Domini
3283 2036 3416 2091 Jesu
3450 2033 3664 2090 Christi

2021 2121 2331 2179 immobilis
2380 2123 2565 2193 stetit,
2619 2123 2818 2180 dicens
2866 2142 2879 2178 :
2934 2126 3050 2192 Ego
3106 2122 3303 2192 rogavi
3362 2121 3663 2179 Dominum

2021 2225 2208 2266 meum
2241 2213 2435 2268 Iesum
2470 2211 2760 2285 Christum
2810 2215 2871 2268 ut
2914 2211 3063 2279 ignis
3102 2210 3211 2267 iste
3255 2224 3366 2267 non
3407 2210 3666 2267 domine-

2019 2302 2117 2355 tur
2150 2299 2307 2368 mihi,
2344 2303 2632 2369 quatenus
2669 2299 2777 2355 tibi
2821 2297 3420 2370 insultemplaudens
3462 2298 3517 2354 in
3561 2299 3666 2354 Do-

2021 2388 2191 2455 mino,
2218 2392 2276 2443 et
2300 2387 2606 2458 impetravi
2640 2389 2710 2443 ab
2737 2402 2807 2443 eo
2840 2387 3104 2444 inducias
3133 2385 3397 2455 martyrii
3431 2385 3562 2455 mei,
3601 2389 3661 2442 ut

2017 2476 2398 2534 credentibus
2428 2476 2695 2532 timorem
2717 2475 2955 2533 tolleret
2980 2475 3288 2547 passionis,
3315 2478 3374 2531 et
3398 2490 3507 2530 non
3538 2488 3664 2531 cre-

2020 2564 2295 2621 dentibus
2315 2578 2514 2621 vocem
2539 2563 2933 2621 insultationis
2955 2565 3232 2621 auferret.
3259 2562 3527 2633 Tandem,
3543 2562 3663 2632 gla-

2020 2652 2115 2708 dio
2175 2652 2230 2708 in
2280 2657 2523 2721 gutture
2571 2667 2762 2708 merso
2823 2667 3119 2723 percussa,
3173 2651 3427 2721 quandiu
3478 2650 3660 2707 voluit

2018 2740 2226 2806 oravit,
2271 2740 2527 2810 quandiu
2568 2740 2751 2796 voluit
2791 2741 3022 2796 turbam
3063 2740 3541 2796 circumstantem
3582 2738 3661 2794 al-

2020 2827 2211 2884 locuta
2234 2832 2342 2884 est.
2372 2829 2486 2885 Nec
2506 2828 2737 2884 omnino
2762 2833 2986 2884 mortua
3017 2832 3129 2897 est,
3165 2828 3348 2883 donec
3378 2826 3661 2882 venienti-

2021 2917 2129 2973 bus
2149 2916 2571 2987 sacerdotibus,
2597 2916 3055 2973 communionem
3087 2915 3365 2971 Dominici
3396 2913 3661 2985 corporis

2016 3010 2076 3061 et
2133 3006 2429 3075 sanguinis
2487 3005 2799 3076 acciperet.
2850 3006 3026 3061 Passa
3075 3008 3162 3061 est
3214 3007 3408 3061 autem
3462 3002 3661 3059 Idibus

1928 3122 1986 3186 -α
2015 3094 2369 3165 Decembris,
2404 3099 2462 3151 et
2495 3095 2549 3150 in
2583 3093 2709 3151 loco
2740 3094 2836 3151 ubi
2870 3108 3144 3165 percussa
3168 3098 3256 3150 est
3280 3092 3543 3163 sepulta;
3572 3092 3662 3149 ba-

2016 3183 2178 3240 silica
2233 3197 2408 3254 super
2464 3198 2679 3253 corpus
2731 3182 2860 3253 ejus
2918 3181 3280 3254 postmodum
3352 3180 3654 3236 fabricata.

2015 3271 2363 3329 Paschasius
2395 3285 2534 3327 vero
2566 3272 2799 3327 Romam
2834 3271 3171 3342 perductus,
3205 3284 3274 3325 eo
3314 3268 3465 3340 quod
3509 3283 3539 3325 a
3580 3268 3662 3323 Si-

2017 3361 2165 3419 culis
2197 3360 2399 3418 fuisset
2435 3363 2744 3417 accusatus
2786 3360 2937 3429 quod
2981 3357 3380 3430 depraedasset
3432 3356 3660 3428 provin-

2015 3449 2184 3521 ciam,
2228 3450 2300 3506 ab
2339 3448 2492 3506 omni
2534 3451 2741 3505 senatu
2781 3446 3034 3517 auditus,
3079 3446 3302 3517 accepit
3348 3444 3658 3516 capitalem

2017 3539 2386 3597 sententiam.

2408 3661 2467 3716 E.
2504 3662 2620 3717 XIX
2651 3662 2806 3717 KAL.
2851 3657 3263 3715 DECEMBRIS.

2690 3769 2785 3837 (44
2814 3768 2978 3836 Dec.)

2089 3875 2253 3948 Apud
2290 3873 2670 3944 Antiochiam,
2707 3872 2917 3929 natalis
2957 3874 3291 3929 sanctorum
3338 3871 3660 3940 martyrum

2018 3963 2211 4034 Drusi,
2245 3962 2468 4033 Zosimi,
2502 3967 2559 4019 et
2590 3961 2873 4019 Theodori
2903 3960 2951 4015 ά.

2092 4053 2253 4125 Apud
2286 4051 2713 4121 Alexandriam,
2750 4049 2943 4106 natale
2973 4052 3306 4105 sanctorum
3339 4050 3659 4118 martyrum

2018 4142 2280 4213 Heronis,
2343 4140 2588 4209 Arsenii,
2650 4143 2707 4195 et
2760 4138 2985 4209 Isidori,
3037 4142 3212 4208 atque
3260 4135 3539 4193 Dioscori.
3594 4134 3658 4191 Hi

2019 4236 2323 4304 postquam
2351 4229 2531 4301 judici
2563 4227 2744 4284 oblati
2777 4232 2930 4298 sunt,
2958 4226 3139 4297 judex
3180 4225 3366 4298 primo
3406 4223 3660 4284 omnium

2020 4319 2327 4392 puerulum
2359 4317 2719 4387 Dioscorum,
2753 4320 3028 4388 tanquam
3072 4330 3176 4387 pro
3216 4318 3392 4371 aetate
3435 4313 3658 4370 facilem

2020 4407 2174 4463 flecti
2209 4407 2357 4477 (erat
2388 4405 2539 4461 enim
2573 4405 2904 4476 quindecim
2937 4403 3239 4475 annorum)
3272 4407 3407 4459 ante
3440 4401 3654 4471 verbis,

256 4487 608 4547 Paschasius
636 4492 768 4561 post
799 4487 939 4545 talia
973 4487 1118 4543 dixit
1154 4506 1167 4541 :
1201 4487 1519 4543 Cessabunt
1555 4487 1750 4556 verba,
1775 4500 1905 4543 cum
1935 4474 1989 4535 D
2022 4499 2150 4567 post
2183 4474 2357 4552 etiam
2390 4474 2735 4551 verberibus
2766 4493 2904 4563 agit.
2931 4493 3109 4559 Quem
3132 4507 3262 4548 cum
3287 4491 3342 4548 in
3367 4490 3526 4548 nullo
3548 4488 3656 4546 sibi

258 4578 438 4635 fuerit
472 4582 816 4651 perventum
847 4577 918 4634 ad
940 4578 1207 4634 verbera.
1236 4576 1403 4633 Lucia
1438 4575 1779 4647 respondit:
1806 4575 1906 4631 Dei

256 4667 438 4724 verba
470 4679 702 4723 cessare
735 4680 846 4722 non
882 4669 1190 4739 poterunt;
1216 4665 1337 4737 ipse
1369 4663 1519 4720 enim
1553 4662 1730 4719 dixit:
1761 4662 1913 4720 Cum

255 4752 546 4813 steteritis
566 4755 706 4812 ante
720 4768 890 4828 reges
902 4755 963 4811 ct
965 4755 1277 4828 praesides,
1290 4768 1365 4810 uo
1372 4753 1475 4809 lite
1484 4752 1753 4825 cogitare
1764 4766 1801 4823 q
1811 4766 1911 4808 uo-

257 4844 426 4901 mdo
454 4844 571 4902 aut
602 4844 757 4916 quid
797 4845 1130 4917 loquamini
1173 4843 1411 4909 (Matth.
1451 4843 1530 4913 χ).
1574 4843 1709 4899 Non
1753 4842 1912 4898 enim

257 4945 357 4991 vos
376 4933 519 4992 estis
531 4934 642 5006 qui
660 4933 1002 5005 loquimini,
1024 4933 1131 4991 sed
1139 4933 1417 5005 Spiritus
1435 4932 1679 4990 sanctus
1700 4930 1809 5003 qui
1833 4930 1911 4987 lc-

258 5022 475 5094 quitur
486 5021 724 5080 iuvabis
738 5021 952 5088 (Marc.
970 5029 1117 5091 xm).
1136 5022 1483 5079 Paschasius
1500 5021 1709 5077 iterum
1726 5018 1905 5076 dixit:

257 5108 319 5165 ιιι
358 5114 422 5167 te
462 5124 603 5182 ergo
633 5115 722 5168 est
755 5111 1005 5184 Spiritus
1035 5113 1318 5169 sanctus?
1350 5111 1433 5166 Ad
1467 5111 1589 5167 haic
1621 5109 1790 5166 Lucia
1823 5122 1912 5165 re-

257 5197 545 5270 spondit:
578 5199 731 5271 quod
764 5204 927 5256 caste
958 5203 1014 5256 et
1050 5200 1142 5272 pie
1180 5200 1447 5257 viventes
1486 5197 1769 5269 templum
1808 5196 1908 5254 Dei

256 5289 415 5358 sunt,
457 5290 517 5344 et
567 5287 821 5360 Spiritus
862 5292 1100 5346 sanctus
1140 5288 1363 5345 habitat
1405 5288 1459 5342 in
1504 5286 1609 5357 eis,
1652 5290 1911 5343 testatur

261 5374 594 5448 Apostolus.
621 5377 842 5435 Etcum
867 5378 1215 5436 Paschasius
1238 5378 1450 5435 iterum
1485 5376 1726 5433 dixisset
1753 5394 1766 5430 :
1792 5376 1911 5446 Ego

330 5490 358 5565 ξ
388 5482 753 5565 Euseb.,_lib.
788 5498 863 5555 v1,
895 5500 1026 5558 cap.
1062 5487 1148 5555 35,
1183 5483 1333 5541 Buff.
1369 5487 1454 5539 31.

328 5551 358 5590 ³³
390 5552 568 5623 Idem,
602 5551 680 5610 ib.

2018 4583 2227 4641 cedere
2275 4583 2523 4654 videret,
2568 4582 2820 4639 ferocius
2857 4597 2986 4639 eum
3028 4581 3293 4638 cruciare
3333 4577 3651 4637 contendit.

2016 4675 2153 4730 Tum
2205 4672 2414 4730 deinde
2457 4677 2706 4729 ceteros
2753 4671 2931 4727 variis
2983 4670 3292 4727 tormentis
3352 4666 3653 4734 dilanians,

2019 4777 2148 4819 cum
2191 4761 2315 4834 pari
2360 4762 2528 4817 modo
2569 4758 2897 4818 constantia
2940 4759 3070 4817 fidei
3113 4759 3338 4816 videret
3381 4758 3652 4824 armatos,

2017 4849 2170 4906 tradi
2204 4850 2433 4921 ignibus
2457 4850 2643 4921 jubet.
2670 4848 3008 4905 Dioscorum
3031 4863 3171 4905 vero
3203 4859 3465 4918 puerum,
3501 4840 3656 4913 quod

2018 4938 2128 4995 sibi
2165 4942 2503 4996 constanter
2549 4942 2605 4993 et
2656 4923 2951 5009 sapienter
3001 4937 3054 4992 in
3104 4935 3371 4991 omnibus
3421 4944 3659 5003 respon-

2020 5026 2224 5097 disset,
2265 5026 2587 5083 admiratus
2609 5025 2820 5098 judex,
2857 5024 3025 5081 differ
3064 5021 3370 5096 praecepit,
3416 5034 3659 5092 sperans

2018 5130 2148 5172 eum
2174 5130 2279 5187 pro
2301 5120 2475 5172 mtate
2499 5115 2918 5188 paenitudinem
2944 5119 3227 5171 acturum.
3254 5108 3362 5166 Sed
3396 5108 3495 5167 ille
3525 5124 3659 5167 con-

2022 5203 2286 5260 fessionis
2305 5203 2489 5274 gloria
2516 5203 2869 5272 illustratus,
2897 5202 3094 5260 divino
3114 5205 3257 5256 nutu
3290 5195 3361 5256 ad
3394 5199 3659 5259 consola-

2020 5291 2233 5348 tionem
2267 5291 2523 5350 ﬁdelium
2548 5292 2821 5350 dimissus
2838 5294 2947 5348 est.
2972 5291 3113 5345 Acta
3133 5288 3255 5346 haec
3277 5288 3386 5347 sub
3409 5288 3654 5348 Deciana

2019 5381 2443 5454 persecutione.

2088 5496 2113 5559 εξ
2141 5486 2525 5559 Ευεθὺηιεγγι,
2562 5501 2687 5559 cap.
2722 5489 2810 5555 33,
2844 5484 2991 5559 Buff.
3027 5489 3114 5558 31,
3148 5490 3216 5544 13
3245 5485 3377 5544 Dec.

2085 5557 2117 5597 ἀ
2145 5557 2376 5627 Euseb,
2411 5557 2516 5616 lib.
2545 5572 2618 5628 v1,
2636 5557 2702 5615 νο.
2730 5560 2817 5629 34,
2850 5557 2999 5616 Buff.
3033 5557 3120 5616 31.
