3988 6158
313 298 418 352 415

315 507 497 578 scopi,
533 503 890 561 admirandae
921 503 1304 560 beatitudinis
1335 504 1466 573 viri,
1512 504 1622 574 qui,
1651 519 1800 561 unus
1846 505 1957 561 fuit

310 609 382 650 ex
428 594 548 650 illis
593 593 1033 650 confessoribus
1079 607 1227 663 quos
1273 593 1667 660 Maximianus,
1727 593 1954 650 dextris

312 682 504 740 oculis
533 681 784 751 eﬁ‘ossis,
809 685 868 738 et
900 682 1143 738 sinistro
1175 681 1397 752 poplite
1425 682 1675 750 succiso,
1710 697 1812 753 per
1845 697 1958 736 mc-

311 770 450 827 talla
485 771 882 828 damnaverat.
920 770 1144 839 Quique
1177 784 1304 826 cum
1341 770 1742 841 propheticum
1780 771 1954 827 vitam

309 857 576 931 duceret,
609 861 783 917 etiam
818 860 1112 928 signorum
1143 857 1326 928 gloria
1359 857 1614 928 inclytus
1645 858 1772 916 fuit.

715 966 772 1021 F.
805 965 974 1022 XVIII
1013 964 1164 1021 KAL.
1198 964 1546 1021 JANUARII.

927 1065 934 1073 ‘
992 1055 1086 1123 (45
1108 1055 1272 1117 Dec.)

379 1144 543 1214 Apud
580 1143 852 1212 Africam,
888 1143 1075 1198 sancti
1108 1141 1402 1198 Valeriani
1436 1140 1698 1212 episcopi
1731 1144 1790 1196 et
1823 1155 1958 1196 con-

311 1233 551 1288 fessoris
573 1231 766 1287 natale
789 1231 834 1286 δ.
871 1230 978 1296 Qui
1013 1235 1271 1301 tempore
1305 1229 1652 1286 Wandalicze
1687 1244 1957 1300 persecu-

311 1321 664 1390 tionis(cum
698 1336 768 1375 ex
802 1325 1100 1391 praecepto
1132 1319 1410 1374 Geiserici
1446 1319 1598 1387 regis
1632 1319 1849 1388 Ariani,
1884 1319 1955 1374 ad

310 1409 655 1466 tradendum
687 1409 1010 1464 ministeria
1042 1408 1236 1464 divina
1267 1412 1326 1462 et
1359 1406 1542 1462 libros
1585 1410 1956 1462 arctarcntur

310 1499 504 1556 cuncti
539 1497 760 1553 Domini
782 1497 1145 1564 sacerdotes,
1172 1496 1250 1550 ita
1279 1499 1342 1551 ut
1363 1495 1536 1550 iidem
1569 1495 1728 1565 impii
1760 1494 1953 1550 Ariani

311 1589 487 1644 etiam
523 1586 594 1642 de
627 1587 771 1658 ipsis
806 1585 999 1656 palliis
1032 1585 1238 1640 altaris
1270 1585 1378 1640 sibi
1411 1585 1680 1640 eamisias
1699 1589 1759 1640 et
1793 1587 1964 1641 femo-

311 1675 455 1733 ralia
491 1675 775 1745 facerent)
808 1673 1080 1738 viriliter,
1116 1688 1186 1727 ne
1220 1679 1581 1729 sacramenta
1617 1672 1816 1728 divina
1847 1681 1959 1727 tra—

311 1765 499 1833 deret,
533 1762 836 1831 dimicans,
869 1765 1033 1816 extra
1068 1761 1367 1817 civitatem
1404 1761 1719 1828 singularis
1741 1761 1953 1832 expelli
1985 1765 2036 1826 B
2070 1761 2434 1850 Christianus
2452 1805 2582 1848 ess.)

305 1852 508 1922 jussus
529 1856 652 1916 est;
681 1855 741 1907 et
761 1851 840 1906 ita
864 1852 1218 1921 praeceptum
1246 1853 1310 1905 ut
1329 1848 1524 1905 nullus
1542 1863 1672 1904 eum
1696 1864 1879 1920 neque
1898 1850 1954 1905 in

309 1953 450 2010 agro
471 1939 841 2012 permitteret
867 1939 1150 1994 habitare.
1179 1939 1435 2008 Cumque
1455 1943 1614 1994 esset
1638 1936 1957 2009 plusanno-

309 2042 435 2084 rum
467 2027 787 2096 octoginta,
823 2027 877 2082 in
911 2030 1092 2082 strata
1131 2025 1362 2097 publica
1394 2026 1575 2082 multo
1603 2026 1957 2098 temporeja-

311 2118 436 2174 cuit
468 2117 660 2173 nudus
691 2117 800 2171 sub
833 2129 988 2171 aere.
1028 2115 1236 2184 Sicque
1271 2114 1325 2170 in
1359 2115 1726 2171 confessione
1759 2115 1958 2172 catho-

311 2204 440 2263 licae
471 2204 762 2274 veritatis,
813 2207 874 2259 et
922 2203 1258 2258 defensione
1305 2203 1673 2259 sanctimonii
1720 2218 1956 2260 cursum

311 2293 498 2350 beatze
531 2293 667 2348 vitae
700 2291 982 2363 implevit.

383 2380 730 2448 Aurelianis,
770 2381 922 2436 beati
958 2379 1246 2434 Maximini
1282 2379 1632 2450 presbyteri,
1657 2381 1958 2436 venerabi-

311 2467 384 2526 lis
413 2467 750 2525 sanctitatis
779 2467 910 2522 viri.

718 2573 778 2628 G.
815 2571 959 2628 XVII
989 2571 1145 2626 ΚΑΙ..
1179 2570 1522 2626 IANUARII.

987 2663 1082 2728 (46
1119 2661 1282 2727 Dec.)

381 2751 718 2823 Martyrium
761 2750 934 2806 trium
975 2749 1234 2804 virorum
1287 2751 1646 2817 sanctorum,
1699 2749 1950 2818 Ananiae,

311 2839 534 2898 Azarim
567 2843 626 2895 et
661 2838 912 2894 Misaelis
943 2839 1120 2903 (Dan.
1158 2838 1262 2905 IL).

382 2929 441 2984 In
475 2928 701 2998 Tuscia,
737 2926 932 2983 natale
964 2930 1184 2983 sanctae
1218 2925 1484 2981 Barbarae
1520 2933 1563 2996 ο,
1606 2925 1853 2996 virginis
1892 2933 1952 2984 et

308 3017 601 3088 martyris,
629 3017 738 3072 sub
759 3014 1100 3071 Maximiano
1129 3013 1502 3084 imperatore.
1539 3014 1672 3069 Haec
1708 3015 1949 3084 primum

309 3119 338 3160 a
373 3111 540 3176 patre
573 3117 678 3159 suo
708 3104 988 3159 Dioscoro
1017 3102 1115 3158 diu
1139 3100 1350 3156 afﬂicta
1377 3103 1486 3157 sub
1505 3102 1628 3157 dira
1653 3104 1945 3173 custodia,
1979 3114 2026 3176 ρ

309 3195 442 3249 dein
487 3192 700 3247 tradita
743 3190 978 3262 praesidi
1023 3189 1322 3258 Martiano,
1365 3188 1712 3260 exspoliata,
1754 3193 1950 3247 nervis

307 3284 368 3338 et
415 3281 636 3336 taureis
685 3279 854 3335 valde
915 3291 1086 3345 czesa,
1139 3275 1435 3348 discerpta
1485 3283 1598 3348 est,
1649 3283 1708 3333 et
1755 3280 1950 3338 cilicio

313 3369 496 3440 plaga:
529 3369 657 3437 ejus
691 3368 1011 3424 defricatae.
1049 3365 1186 3422 Inde
1221 3365 1446 3422 reclusa
1480 3365 1536 3421 in
1568 3381 1826 3438 carcere,
1853 3370 1950 3426 ubi

311 3457 440 3514 luce
461 3457 653 3512 divina
679 3454 980 3512 consolata
1005 3458 1116 3523 est,
1134 3467 1266 3508 mox
1287 3453 1441 3510 circa
1469 3451 1650 3511 latera
1675 3456 1953 3528 ejuslam-

312 3545 492 3616 pades
512 3543 788 3600 ardentes
807 3542 1135 3616 applicataa,
1155 3545 1214 3596 et
1233 3546 1409 3612 caput
1431 3543 1557 3612 ejus
1591 3543 1814 3602 malleis
1845 3561 1953 3602 cas-

311 3647 458 3704 sum,
500 3637 560 3690 et
600 3631 867 3690 mamilla;
907 3632 1034 3704 ejus
1077 3629 1354 3701 przeeisze.
1399 3631 1616 3688 Deinde
1656 3635 1808 3690 nuda
1853 3649 1953 3704 per

313 3721 537 3794 plateas
585 3723 782 3792 ducta,
823 3728 884 3778 et
937 3723 1182 3796 ﬂagellis
1231 3723 1562 3783 diutissime
1594 3722 1805 3779 amicta
1838 3727 1949 3780 est.

311 3811 395 3867 Ad
425 3816 749 3868 extremum
781 3811 978 3882 gladio
1011 3814 1144 3870 data
1167 3814 1405 3886 martyri
1423 3829 1506 3870 ,ιω
1529 3812 1954 3871 consummavit

228 3963 236 3966 _
310 3913 425 3957 xvu
456 3899 743 3958 Kalendas
772 3902 1050 3958 Januarii.

741 4009 802 4060 A.
836 4007 953 4061 XVI
988 4007 1142 4062 ΚΑΙ..
1176 4008 1524 4064 JANUARII.

672 4161 677 4166 _
994 4100 1086 4157 (47
1115 4097 1281 4165 Dec.)

383 4180 710 4238 Translatio
742 4183 930 4239 sancti
965 4183 1172 4252 lgnatii
1203 4184 1253 4254 τι,
1287 4184 1548 4256 episcopi
1581 4185 1950 4256 etmartyris,

315 4269 410 4342 qui
446 4270 659 4327 tertius
689 4275 822 4341 post
854 4272 1084 4328 beatum
1118 4273 1353 4329 Petrum
1379 4273 1730 4345 apostolum,
1758 4273 1956 4330 Antio-

314 4359 554 4415 chenam
589 4359 741 4414 rexit
771 4359 1100 4416 ecclesiam.

386 4447 529 4502 Item
569 4447 770 4504 eodem
814 4447 927 4519 die,
983 4449 1137 4504 beati
1187 4449 1406 4520 Lazari,
1463 4465 1629 4520 quem
1680 4451 2032 4526 DominusD

309 4531 480 4590 Iesus
513 4534 568 4590 in
601 4535 914 4604 Evangelio
945 4537 1145 4604 (Joan.
1192 4536 1270 4607 χι)
1304 4536 1520 4606 legitur
1565 4539 1950 4596 resuscitasse

315 4635 344 4678 a
379 4623 660 4690 mortuis;
703 4624 838 4680 item
885 4625 1070 4681 beata:
1111 4625 1348 4681 Marthae
1388 4627 1609 4684 sororis
1637 4628 1782 4698 ejus,
1818 4643 1958 4698 quo-

315 4725 442 4768 rum
467 4712 858 4768 venerabilem
881 4714 1215 4770 memoriam
1235 4719 1540 4772 exstructa
1561 4715 1808 4772 ecclesia
1843 4731 1953 4771 non

315 4796 483 4870 longe
515 4815 545 4856 a
578 4800 854 4857 Bethania
893 4801 1014 4872 (ubi
1051 4817 1082 4858 e
1119 4802 1312 4858 vicino
1350 4803 1556 4859 domus
1593 4817 1792 4859 eorum
1826 4803 1956 4872 fuit)

314 4894 643 4946 conservat.

385 4977 444 5032 In
477 4977 736 5045 Oriente,
760 4977 911 5049 apud
938 4977 1434 5049 Eleutheropolim
1467 4978 1785 5049 civitatem,
1829 4993 1958 5036 san-

313 5069 541 5124 ctorum
573 5069 890 5135 martyrum
927 5065 1367 5136 quinquaginta,
1394 5064 1490 5136 qui
1523 5066 1632 5122 sub
1654 5065 1958 5125 Saracenis

315 5152 473 5226 passi
506 5158 660 5208 sunt.

385 5254 619 5330 flium,
655 5255 825 5330 ιη)...
862 5273 988 5330 cap.
1016 5264 1074 5330 κδ.

385 5325 414 5363 δ
442 5325 662 5399 Ῡίαιοιι.
689 5325 976 5399 Africani,
1013 5329 1111 5386 lib.
1147 5345 1183 5384 ι.

389 5403 414 5434 ο
445 5397 524 5452 De
553 5408 618 5450 ea
652 5395 749 5452 alii
783 5402 816 5454 4
847 5395 979 5456 Dec.

387 5465 417 5506 (ι
448 5467 527 5523 Dc
557 5481 630 5524 eo
659 5473 681 5522 1
724 5468 997 5527 Februar.
1033 5472 1236 5530 fusius.

386 5544 412 5576 ο
445 5537 589 5596 Vide
621 5536 880 5595 libellum
912 5541 983 5596 de
1016 5542 1168 5600 Fest.
1203 5545 1404 5614 Apost.

1371 293 1425 348 S.
1469 290 1728 348 ADONIS
1772 292 2208 351 ARCHIEPISC.
2243 293 2657 352 VIENNENSIS
3600 301 3699 358 ιιο

384 418 547 490 Apud
580 417 850 487 Cyprum,
899 411 1112 470 natalis
1157 414 1344 472 sancti
1390 415 1738 487 Spiridionis
1765 426 1792 455 ι
1828 416 1950 487 epi-
1981 415 2035 476 Α

2529 417 2587 474 Β.
2623 417 2714 475 XV
2745 416 2899 474 ΚΑΙ..
2928 416 3274 476 ΙΑΝυΑ-ιῖη.

2739 508 2832 569 (48
2867 505 3032 574 Dec.)

2138 613 2358 670 Natalis
2378 612 2680 668 beatorum
2702 616 3019 682 martyrum
3049 611 3174 669 Rufi
3207 615 3268 669 et
3294 614 3501 671 Zosimi
3521 623 3566 684 °,
3601 630 3692 688 qui

2065 703 2136 759 de
2166 701 2286 757 illis
2309 699 2512 772 primis
2530 698 2836 769 discipulis
2861 700 3093 756 fuerunt
3114 714 3216 772 per
3238 714 3386 771 quos
3408 702 3694 772 primitiva

2064 790 2322 849 Ecclesia
2357 789 2412 844 in
2440 787 2657 844 Iudaeis
2675 793 2734 844 et
2759 787 2976 845 Graecis
3000 788 3236 845 fundata
3255 795 3366 846 est.
3391 789 3456 846 Hi
3482 792 3702 862 requie-

2064 885 2236 937 scunt
2265 878 2415 950 apud
2449 877 2746 934 civitatem
2781 876 3153 934 Macedonum
3184 876 3490 948 Philippis.

2136 966 2300 1037 Apud
2335 965 2607 1033 Africam,
2643 963 2854 1020 natalis
2885 964 3071 1020 sancti
3105 963 3381 1034 Moysetis
3410 965 3698 1036 martyris.

2134 1053 2400 1122 Turonis,
2436 1052 2622 1110 sancti
2655 1053 2912 1108 Gratiani
2954 1052 3235 1124 episcopi,
3282 1052 3378 1123 qui
3411 1053 3483 1110 ad
3523 1053 3704 1125 ipsam

2065 1145 2268 1201 urbem
2290 1141 2510 1214 primus
2530 1159 2554 1192 τι
2569 1141 2600 1194 ἶ)
2623 1140 2767 1196 urbe
2782 1141 2958 1195 Roma
2973 1139 3286 1211 episcopus
3301 1139 3703 1210 transmissus,

2066 1230 2267 1290 multis
2296 1229 2492 1287 clarus
2523 1227 2840 1297 miraculis,
2878 1228 2956 1283 ibi
2994 1227 3246 1300 quiescit
3278 1228 3335 1284 in
3368 1241 3526 1301 pace.

2490 1334 2547 1388 C.
2582 1333 2700 1389 XIV
2737 1334 2890 1390 KAL.
2935 1333 3283 1390 JANUARII.

2740 1424 2832 1491 (l9
2873 1422 3038 1491 Dec.)

2139 1530 2303 1603 Apud
2323 1527 2652 1600 Egyptum,
2676 1527 2868 1583 natale
2891 1527 3043 1583 beati
3067 1527 3342 1598 martyris
3374 1528 3630 1585 Nemesii
3653 1531 3672 1570 ι
3693 1549 3707 1585 :

2068 1619 2162 1689 qui
2193 1618 2376 1689 primo
2400 1631 2502 1689 per
2522 1615 2864 1672 calumniam
2891 1614 3056 1684 quasi
3090 1614 3241 1671 latro
3268 1615 3450 1683 judici
3479 1615 3711 1674 delatus

2066 1711 2158 1762 est
2205 1704 2530 1761 Emiliano.
2585 1703 2708 1770 Quo
2755 1702 2996 1760 crimine
3046 1701 3372 1772 absolutus,
3424 1708 3556 1774 post
3601 1704 3710 1762 hoc

2603 1791 2885 1848 defertur.
2910 1791 2968 1846 In
2994 1791 3102 1847 hoc
3119 1805 3261 1848 vero
3281 1789 3436 1848 nulla
3457 1806 3486 1848 a
3510 1792 3710 1864 judice

2065 1881 2387 1940 moderatio
2419 1884 2754 1937 reservatur
2780 1898 2794 1947 ;
2826 1879 2928 1936 sed
2959 1879 3268 1949 geminatis
3285 1879 3592 1952 suppliciis
3611 1895 3709 1938 ex-

2067 1971 2390 2028 cruciatum
2423 1983 2551 2025 cum
2584 1967 2914 2024 latronibus
2941 1967 3115 2038 jussit
3138 1967 3389 2037 incendi,
3423 1968 3702 2040 ignorans

2067 2059 2222 2130 quod
2256 2057 2608 2115 crudelitate
2640 2071 2743 2113 sua
2776 2056 2996 2128 optimo
3028 2055 3267 2126 martyri
3291 2054 3618 2114 Salvatoris
3643 2058 3714 2116 si-

2067 2147 2455 2205 militudinem
2491 2143 2728 2213 detulit,
2764 2144 2860 2215 qui
2889 2159 2992 2216 pro
3011 2136 3200 2202 salute
3222 2143 3452 2202 humani
3477 2145 3715 2216 generis

2067 2251 2177 2294 una
2237 2251 2366 2292 cum
2418 2234 2748 2291 latronibus
2795 2233 3039 2303 pertulit
3089 2246 3320 2289 crucem
3381 2232 3527 2301 (Im.
3582 2247 3712 2300 Lm;

2064 2327 2240 2383 Joan.
2277 2327 2416 2392 XIX).

2137 2411 2482 2477 Aurelianis,
2509 2409 2696 2466 sancti
2723 2409 2877 2465 Aviti
2902 2409 3134 2466 abbatis
3155 2416 3207 2479 α,
3234 2408 3330 2480 qui
3352 2408 3560 2482 spiritu
3581 2423 3716 2482 pro-

2069 2500 2280 2573 phetize
2312 2498 2566 2555 illustris
2598 2497 2725 2566 fuit,
2769 2501 2830 2552 et
2870 2496 3187 2554 honorifice
3228 2497 3285 2552 in
3325 2496 3526 2555 eadem
3564 2498 3716 2554 urbe

2066 2587 2390 2646 tumulatus
2417 2591 2530 2656 est,

2490 2692 2554 2746 D.
2601 2691 2724 2748 XIII
2755 2690 2910 2746 KAL.
2943 2689 3290 2747 JANUARII.

2742 2783 2839 2848 (20
2869 2780 3035 2847 Dec.)

2133 2884 2356 2944 Natalis
2369 2886 2843 2943 beatissimorum
2859 2889 3175 2955 martyrum
3199 2887 3511 2955 Ammonis,
3537 2887 3718 2944 Zeno-

2063 2975 2171 3044 nis,
2209 2975 2534 3044 Ptolomaai,
2569 2973 2805 3045 Ingenui
2833 2977 2892 3029 et
2923 2972 3244 3044 Theophili,
3276 2973 3373 3044 qui
3407 2973 3715 3030 tribunali-

2065 3065 2172 3120 bus
2203 3063 2354 3134 apud
2391 3062 2784 3118 Alexandrum
2815 3064 3098 3130 astantes,
3133 3075 3264 3118 cum
3300 3060 3530 3132 quidam
3555 3061 3716 3118 Chri-

2060 3152 2289 3208 stianus
2307 3167 2336 3208 a
2355 3151 2555 3220 judice
2575 3154 2974 3220 torqueretur,
3001 3153 3062 3204 et
3081 3149 3198 3220 jam
3225 3162 3374 3220 pene
3397 3149 3467 3206 ad
3502 3161 3718 3221 negan-

2064 3239 2197 3296 dum
2233 3238 2575 3308 declinaret,
2611 3237 3128 3308 disrumpebantur
3159 3235 3310 3292 intra
3336 3235 3714 3310 semetipsos,

2063 3333 2124 3383 et
2140 3328 2329 3394 vultu,
2347 3327 2538 3383 oculis
2559 3342 2626 3383 ac
2647 3325 2890 3382 nutibus
2910 3324 3073 3382 velut
3096 3324 3324 3394 erigere
3346 3325 3718 3382 conabantur

2066 3414 2227 3471 illum
2251 3415 2347 3484 qui
2368 3415 2422 3470 in
2444 3414 2750 3486 suppliciis
2772 3414 3000 3486 positus
3027 3411 3376 3484 trepidabat.
3410 3413 3718 3472 Interdum

2063 3503 2236 3560 etiam
2261 3517 2465 3560 manus
2487 3503 2860 3574 protendere,
2894 3516 2962 3559 ac
2992 3502 3176 3559 totius
3203 3499 3414 3574 reliqui
3442 3502 3720 3574 corporis

2063 3590 2326 3648 moribus
2348 3596 2410 3647 et
2432 3591 2633 3648 habitu
2655 3589 2886 3648 diverse
2905 3589 3190 3658 inclinati,
3214 3595 3486 3660 tanquam
3519 3590 3720 3648 suble-

2065 3679 2506 3752 varelapsantis
2534 3679 2784 3738 animum
2802 3678 3156 3751 gestiebant.
3183 3677 3458 3737 Conversi
3484 3691 3634 3736 vero
3649 3678 3720 3737 ad

2063 3783 2164 3826 eos
2196 3783 2416 3840 omnes,
2451 3777 2512 3825 et
2546 3769 2683 3840 quid
2715 3768 2787 3826 de
2821 3767 3157 3840 semetipsis
3193 3768 3625 3841 profiterentur
3650 3782 3724 3826 ex

2063 3873 2264 3915 eorum
2298 3858 2554 3916 motibus
2586 3861 2992 3928 agnoscentes,
3026 3857 3365 3928 priusquam
3389 3856 3444 3913 in
3465 3869 3571 3914 eos
3595 3855 3722 3915 vul-

2063 3960 2172 4018 gus
2203 3947 2556 4003 clamoribus
2596 3945 2868 4017 insiliret,
2912 3945 3020 4018 ipsi
3062 3945 3118 4002 in
3159 3943 3410 4002 medium
3451 3956 3719 4016 prorum-

2068 4039 2230 4106 punt,
2265 4049 2333 4091 ac
2361 4049 2491 4091 sese
2523 4034 2883 4092 Christianos
2913 4047 3045 4092 esse
3080 4038 3394 4091 testantur.
3429 4033 3544 4090 Pro
3575 4047 3726 4105 quo-

2068 4136 2194 4178 rum
2226 4122 2493 4191 victoria,
2517 4121 2941 4192 gloriosissime
2965 4122 3234 4180 Christus
3263 4121 3336 4179 de
3358 4121 3606 4193 antiquo
3621 4135 3720 4194 ge-

2065 4211 2224 4268 neris
2256 4211 2486 4268 humani
2512 4211 2742 4268 inimico
2762 4211 3161 4283 triumphavit,
3187 4215 3248 4268 et
3271 4223 3436 4268 versa
3463 4209 3618 4281 vice,
3644 4223 3720 4267 ex

2063 4313 2262 4356 eorum
2296 4300 2670 4368 confidentia,
2706 4299 3188 4372 persecutoribus
3233 4303 3536 4370 terrorem,
3582 4297 3715 4356 suis

2065 4389 2452 4447 constantiam
2483 4389 2655 4446 animi
2687 4389 2868 4446 dedit.

2505 4497 2564 4552 E.
2600 4497 2696 4553 XII
2727 4485 2882 4553 ΚΑΒ.
2913 4494 3258 4552 JANUARII.

2743 4606 2832 4672 (24
2864 4603 3031 4672 Dec.)

2138 4709 2300 4780 Apud
2348 4709 2610 4766 Edissam
2656 4707 3084 4778 Mesopotamiae
3124 4705 3446 4776 civitatem,
3491 4705 3715 4762 natalis

2066 4798 2253 4854 sancti
2283 4797 2508 4854 Thomas
2537 4795 2789 4867 apostoli
2821 4797 2868 4850 ιι.

2138 4885 2492 4952 Catalaunis,
2527 4885 2712 4940 sancti
2735 4883 2999 4953 Memmii,
3029 4881 3290 4955 episcopi
3316 4881 3484 4954 primi
3517 4879 3602 4939 illi
3633 4881 3716 4938 ci-

2065 4973 2234 5031 vitati
2269 4974 2340 5028 ab
2373 4974 2516 5030 urbe
2539 4974 2712 5030 Roma
2740 4972 2972 5043 directi,
3000 4971 3095 5042 qui
3123 4972 3276 5028 inter
3295 4969 3404 5028 alia
3429 4969 3711 5028 miracula

2067 5067 2357 5118 mortuum
2373 5061 2698 5130 suscitavit,
2719 5061 2887 5132 cujus
2910 5074 3059 5118 nunc
3071 5058 3406 5132 sepulcrum
3421 5057 3717 5116 creberri-

2067 5149 2176 5206 mis
2209 5149 2506 5207 miraculis
2536 5149 2890 5207 illustratur.

2137 5256 2158 5296 ι
2189 5257 2422 5326 Euseb.,
2458 5256 2557 5314 lib.
2595 5272 2667 5326 νι,
2698 5270 2825 5327 cap.
2853 5259 2938 5326 34,
2973 5253 3119 5312 Rull‘.
3153 5258 3238 5310 31.

2140 5335 2172 5375 s
2203 5329 2372 5398 Greg.
2405 5329 2560 5397 Tur.,
2583 5325 2864 5383 de'Glo‘ria
2886 5327 3163 5398 confess,
3181 5340 3306 5398 cap.
3335 5328 3423 5395 99,
3447 5328 3518 5381 20
3534 5325 3672 5382 Dec.
3699 5341 3715 5390 ;

2069 5398 2301 5466 Euseb.,
2329 5396 2436 5453 lib.
2471 5413 2544 5465 vr,
2577 5413 2703 5468 cap.
2740 5401 2826 5468 34,
2861 5396 3008 5454 Rul’f.
3045 5400 3129 5452 3t.

2139 5469 2170 5509 ιι
2202 5463 2348 5539 Βυπ.
2373 5473 2460 5526 3t.
2481 5463 2741 5526 Videlib.
2763 5463 2834 5526 de
2853 5470 3008 5525 Fest.
3035 5469 3229 5539 Apost.
3261 5484 3276 5535 ;
3309 5464 3544 5536 Gregor.
3569 5463 3713 5533 Tur,

2070 5538 2142 5597 de
2171 5538 2324 5596 Glor.
2361 5541 2533 5604 conf..
2571 5555 2698 5612 cap.
2731 5543 2817 5596 66.
