3974 6150
241 255 339 309 M7

993 249 1593 308 MABTYROLOGIUM
1635 250 1775 307 CUM
1817 247 2343 306 ADDITAMENTIS.
2384 278 2455 290 -
2494 247 2693 304 MENS.
2735 249 2887 303 DEC.

3538 256 3639 310 418

307 377 451 433 Item
493 375 550 433 in
597 376 827 447 Tuscia,
881 375 1091 433 natalis
1140 380 1475 435 sanctorum
1531 374 1767 434 Joannis
1819 379 1875 430 et
1908 378 1964 438 Α
1993 387 2250 430 meorum
2275 372 2328 428 in
2355 384 2641 444 pauperes
2665 369 3022 439 Cbristi,vidi
3049 370 3639 442 pervisumjuvenem

240 464 417 522 Festi.

687 554 743 609 F.
786 554 856 612 XI
898 554 1052 611 ΚΑΒ.
1092 555 1438 613 JANUARII.

919 682 1009 745 (22
1048 680 1215 749 Dec.)

311 801 509 858 Roma
538 808 566 838 α
595 800 687 856 via
720 800 999 857 Lavicana
1032 802 1186 857 inter
1216 804 1368 858 Duas
1400 802 1617 858 Lauros
1644 801 1691 869 δ,
1728 805 1890 856 nata-

244 889 314 946 lis
344 888 590 959 triginta
625 892 964 959 martyrum,
993 889 1089 960 qui
1125 904 1323 946 omnes
1352 904 1466 947 uno
1498 889 1589 946 die
1615 903 1888 961 persecu-

240 979 400 1034 tione
429 975 775 1034 Diocletiani
804 978 1065 1034 coronati
1099 982 1254 1033 sunt.
1550 984 1553 987 '

312 1065 479 1136 Apud
513 1064 941 1135 Alexandriam,
969 1065 1161 1121 natale
1186 1066 1337 1122 beati
1364 1064 1719 1135 lschyrionis
1744 1080 1889 1122 mar-

243 1154 406 1224 tyris.
443 1154 498 1209 Is
531 1167 778 1223 namque
808 1168 936 1209 cum
973 1167 1091 1210 rem
1123 1153 1426 1223 cujusdam
1476 1154 1730 1223 potentis
1778 1153 1889 1209 sub

243 1242 512 1298 mercede
538 1245 901 1312 procuraret,
924 1241 1166 1312 jubetur
1184 1242 1256 1297 ab
1278 1256 1348 1297 eo
1375 1241 1547 1297 idolis
1569 1240 1883 1298 immolare.

239 1329 544 1385 Recusans
595 1329 918 1399 cogebatur
979 1329 1227 1398 injuriis,
1275 1329 1597 1400 persistens
1655 1344 1887 1385 rursum

242 1415 549 1474 blanditiis
577 1417 1113 1491 mulcebatur.Cum
1138 1431 1277 1473 vero
1299 1420 1610 1487 utrumque
1634 1420 1891 1473 contem-

243 1508 433 1574 neret,
470 1510 767 1577 praeacuta
802 1504 946 1562 sude
977 1504 1340 1561 validissime
1374 1506 1888 1562 transverberatus

244 1592 545 1665 permedia
577 1593 804 1650 viscera
838 1593 963 1651 neci
994 1593 1269 1650 traditur.

312 1681 449 1752 Ipso
499 1680 612 1750 die,
647 1680 890 1738 aliorum
941 1680 1497 1754 quamplurimorum
1547 1687 1862 1753 martyrum

242 1768 339 1840 qui
369 1768 427 1825 in
461 1768 719 1826 desertis
747 1774 803 1825 et
838 1769 1132 1827 montibus
1169 1769 1322 1841 apud
1371 1770 1672 1840 Aigyptum
1724 1770 1891 1825 ober-

245 1861 466 1927 rantes,
515 1858 683 1927 fame,
735 1856 851 1927 siti,
905 1857 1139 1929 frigore,
1190 1859 1488 1928 languore,
1542 1857 1889 1927 latronibus,

247 1945 566 2016 bestiisque
598 1947 929 2019 consumpti
963 1952 1098 2003 sunt
1127 1963 1141 2011 ;
1177 1946 1273 2017 qui
1307 1961 1507 2003 omnes
1540 1945 1747 2001 imitati
1780 1944 1895 2000 ele-

245 2036 372 2091 ctos
401 2034 503 2091 Dei
533 2034 871 2105 prephetas,
905 2033 1090 2104 gloria
1126 2034 1385 2105 martyrii
1419 2033 1680 2091 coronati
1732 2036 1889 2090 sunt.

246 2120 404 2177 inter
435 2134 586 2192 quos
615 2125 672 2178 et
708 2122 1071 2178 venerandus
1104 2135 1284 2178 senex
1335 2122 1666 2177 Chaeremon
1719 2121 1895 2191 (epis-

248 2224 430 2281 copus
464 2208 558 2266 hic
588 2215 713 2266 erat
746 2210 910 2267 urbis
937 2207 1166 2282 Egypti
1201 2224 1329 2281 quae
1354 2208 1567 2265 dicitur
1592 2208 1893 2279 Nilopolis)

245 2312 373 2354 eum
406 2297 479 2354 ad
516 2300 825 2356 Arabicum
859 2306 1111 2356 montem
1138 2313 1247 2356 una
1272 2314 1402 2356 cum
1426 2299 1736 2367 grandaeva
1760 2312 1895 2354 cou-

242 2384 382 2456 juge
414 2385 813 2457 discessisset,
849 2386 991 2443 nulli
1027 2386 1177 2444 ultra
1209 2387 1498 2457 apparuit.

712 2510 772 2565 G.
817 2510 861 2566 X
897 2510 1048 2566 KAL.
1082 2510 1427 2567 JANUARII.

927 2635 1022 2702 (23
1053 2635 1220 2701 Dec.)

319 2757 538 2824 Roma,
564 2753 778 2812 natalis
810 2760 1029 2813 sanctae
1061 2754 1357 2824 Victoriae,
1384 2754 1628 2825 virginis
1658 2758 1719 2811 et
1748 2768 1896 2811 mar-

250 2846 417 2919 tyris,
453 2842 868 2916 persecutione
892 2844 1047 2901 Decii
1074 2843 1464 2915 imperatoris.
1496 2844 1627 2899 meo
1650 2843 1897 2912 despon-

247 2938 371 2991 sata
408 2930 671 3003 Eugenio
703 2931 827 2988 viro
865 2945 1108 3004 pagano,
1138 2935 1381 3001 rogante
1404 2931 1529 2985 'l‘ito
1555 2928 1890 2999 Aureliano,

248 3022 344 3095 qui
375 3032 654 3093 sponsam
687 3017 1010 3076 Anatoliam
1043 3018 1325 3090 virginem
1358 3017 1628 3086 habebat,
1664 3018 1732 3073 ad
1768 3030 1896 3073 sua-

249 3110 501 3169 dendam
533 3122 659 3164 eam
690 3112 752 3165 ut
787 3108 838 3165 ei
871 3111 1139 3178 nuberet,
1172 3106 1446 3169 serrexit.
1483 3105 1585 3162 Cui
1617 3110 1677 3161 et
1710 3106 1895 3162 dixit:

247 3198 396 3256 Audi
433 3210 546 3267 me,
572 3196 800 3253 domina
836 3212 1006 3254 soror
1030 3195 1330 3261 Anatolia;
1357 3200 1416 3251 et
1438 3209 1546 3264 ego
1572 3194 1899 3250 Christiana

246 3300 396 3357 sum,
431 3289 495 3341 et
527 3284 661 3340 novi
696 3283 828 3355 quia
878 3286 1032 3341 Deus
1083 3284 1319 3355 nuptias
1368 3297 1480 3339 non
1528 3283 1895 3338 condemnat.

245 3373 565 3446 Propheta:
589 3376 649 3428 et
674 3373 1028 3445 patriarchae
1056 3372 1334 3443 conjuges
1356 3371 1704 3441 habuerunt,
1722 3377 1781 3426 et
1805 3386 1901 3443 po-

247 3463 496 3522 steritas
518 3476 719 3519 eorum
743 3476 772 3517 a
798 3464 915 3520 Deo
942 3463 1260 3520 benedicta
1281 3466 1390 3518 est.
1416 3461 1579 3518 Nunc
1601 3476 1741 3530 ergo
1766 3460 1898 3517 audi

245 3566 354 3622 me,
390 3555 456 3608 et
486 3551 690 3623 accipe
726 3551 913 3608 virum
948 3551 1044 3622 qui
1080 3563 1135 3607 te
1185 3565 1296 3607 non
1352 3551 1564 3621 prodat
1616 3549 1769 3620 quod
1820 3549 1900 3605 sis

249 3640 620 3705 Christiana;
656 3641 756 3697 sed
794 3655 897 3712 per
930 3639 1253 3696 maritalem
1285 3641 1531 3708 gratiam
1560 3638 1659 3694 fiet
1686 3644 1744 3694 ut
1777 3638 1902 3709 ipse

248 3728 606 3786 Christianis
637 3729 987 3786 consentiat.
1018 3730 1151 3785 Hmc
1176 3728 1395 3785 dicenti
1431 3726 1705 3784 Victoriae
1738 3727 1901 3797 virgo

249 3817 528 3876 Anatolia
560 3818 864 3889 respondit
899 3837 910 3871 :
950 3818 993 3873 Ο
1026 3818 1307 3886 Victoria,
1333 3816 1502 3872 vince
1526 3814 1819 3872 diabolum
1844 3819 1903 3871 et

248 3912 382 3965 esto
414 3921 558 3963 vera
592 3907 857 3963 victoria.
892 3907 1047 3962 Tunc
1082 3907 1313 3975 quando
1359 3910 1479 3961 tota
1515 3909 1671 3960 terra
1721 3917 1903 3960 vacua

251 4000 404 4065 erat,
438 3995 591 4053 dixit
628 3997 779 4054 Deus
810 3994 1143 4052 hominibus
1179 4013 1190 4049 :
1229 3994 1488 4051 Crescite
1520 3999 1580 4050 et
1628 3991 1906 4064 multipli-

255 4085 490 4153 camini,
519 4089 576 4141 et
609 4084 832 4155 replete
855 4092 1069 4141 terram
1093 4104 1104 4139 :
1129 4100 1283 4141 nunc
1309 4084 1492 4156 plenae
1522 4089 1712 4139 terrae.
1741 4084 1906 4139 Post-

256 4188 429 4246 quam
455 4172 636 4230 Filius
658 4172 757 4229 Dei
782 4173 854 4229 de
877 4173 1023 4229 caelo
1047 4172 1644 4245 descendit,quotidie
1661 4171 1901 4229 clamat:

256 4262 527 4319 Crescite
560 4261 614 4316 in
651 4261 783 4330 ﬁde,
810 4261 1277 4333 multiplicamini
1312 4262 1367 4316 in
1400 4262 1710 4331 cbaritate,
1737 4268 1796 4315 et
1820 4274 1906 4315 re-

260 4350 418 4424 plete
432 4350 618 4408 ccelos
635 4369 649 4418 ;
664 4351 797 4421 quia
818 4350 1309 4424 appropinquavit
1336 4366 1575 4421 regnum
1600 4350 1902 4407 caelorum.

1869 1723 1967 1790 ’Β

1996 475 2138 518 auro
2152 458 2935 530 diadematum,splendidum
2956 458 3009 512 in
3036 460 3299 515 vestibus
3327 461 3640 531 purpureis

1998 555 2173 621 atque
2204 549 2529 621 gemmatis,
2567 547 2663 618 qui
2696 552 2859 616 grata
2896 546 3040 603 facie
3072 552 3131 601 et
3164 546 3306 604 lmto
3344 549 3510 606 vultu
3551 562 3640 604 me

1998 638 2428 710 inspiciens,ait
2444 657 2456 691 :
2474 638 2518 691 0
2532 635 2999 706 virginitas,quaa
3014 638 3198 690 morte
3222 650 3335 691 non
3362 636 3636 706 vinceris,

1998 742 2126 798 qua:
2160 741 2189 782 a
2222 730 2409 783 morte
2442 733 2721 795 perpetua
2756 722 3017 778 liberas?
3047 722 3091 776 Ο
3142 722 3471 793 virginitas,
3511 738 3639 792 quae

1995 829 2109 872 non
2142 815 2197 871 in
2231 815 2511 886 operibus
2538 812 2928 880 tenebrarum,
2957 810 3058 866 sed
3083 825 3313 882 semper
3343 811 3399 867 in
3421 811 3639 867 lumine

1997 903 2253 960 versaris
2278 906 2291 959 !
2328 904 2459 960 Haec
2489 915 2596 970 ego
2619 900 2879 969 audiens,
2903 899 3263 969 evigilavi,et
3287 900 3435 969 ccepi
3472 899 3638 967 ﬂere,

1997 995 2056 1046 et
2090 991 2404 1063 projiciens
2437 1005 2523 1045 me
2555 989 2609 1044 in
2645 988 2992 1059 pavimento,
3020 974 3218 1057 rogavi
3253 986 3554 1043 Dominum
3581 989 3643 1041 ut

1998 1080 2048 1134 is
2080 1080 2177 1149 qui
2210 1080 2341 1134 mihi
2377 1078 2730 1148 loquebatur
2761 1075 3136 1132 dulcissimos
3178 1089 3486 1131 sermones
3536 1073 3641 1129 ite-

1998 1182 2124 1223 rum
2165 1173 2643 1238 prosequeretur.
2678 1166 2771 1220 Sic
2821 1163 2955 1219 mihi
2990 1163 3180 1218 oranti
3215 1170 3274 1217 et
3326 1166 3643 1232 prostratze

2000 1255 2150 1310 idem
2189 1255 2282 1322 qui
2320 1260 2453 1309 ante
2486 1253 2836 1323 loquebatur
2869 1250 3005 1307 talia
3035 1250 3171 1305 mihi
3205 1250 3593 1320 subsequitur
3628 1269 3639 1302 :

1999 1342 2319 1413 Virginitas
2354 1355 2606 1413 purpura
2634 1340 2846 1410 regalis
2867 1343 2957 1395 est
2984 1356 2997 1404 ;
3025 1354 3194 1409 quam
3219 1339 3315 1408 qui
3342 1339 3531 1395 induit
3553 1354 3644 1395 re-

2000 1432 2175 1504 liquis
2201 1432 2263 1488 tlt
2285 1429 2976 1500 eminentior.Virginitas
2996 1442 3218 1499 gemma
3242 1433 3335 1485 est
3362 1428 3635 1499 pretiosa.

1998 1521 2316 1591 Virginitas
2334 1521 2644 1577 thesaurus
2668 1524 2759 1574 est
2782 1518 2938 1588 regis
2965 1518 3296 1574 immensus.
3316 1516 3458 1576 Huic
3482 1517 3641 1574 fures

2000 1610 2243 1666 insidias
2277 1609 2539 1667 tendunt.
2578 1610 2734 1665 lianc
2768 1613 2828 1663 tu
2851 1606 3136 1677 evigilans
3159 1606 3416 1663 sollicite
3441 1614 3639 1664 custo-

2000 1699 2077 1767 di,
2096 1704 2489 1770 quantumque
2515 1703 2570 1753 te
2596 1697 2726 1768 plus
2740 1698 2953 1753 habere
2976 1695 3641 1766 cognoscis,instautius

2002 1788 2257 1857 custodi,
2292 1802 2360 1842 ne
2386 1786 2617 1859 perdas.
2649 1786 2747 1841 llis
2774 1789 2832 1842 et
2855 1784 3143 1841 similibus
3168 1785 3365 1841 verbis
3387 1789 3444 1840 et
3471 1784 3641 1842 factis

2006 1875 2245 1933 incitata
2263 1876 2718 1943 Victoria,omne
2739 1882 2868 1946 pret
2896 1886 2988 1931 um
3012 1878 3483 1930 ornamentorum
3506 1888 3641 1931 suo-

2005 1980 2131 2020 rum
2154 1971 2213 2020 et
2236 1965 2357 2035 ipsa
2381 1963 2657 2021 distraxit
2684 1963 3053 2033 pauperibus.
3074 1963 3281 2032 Sicque
3296 1963 3511 2020 factum
3524 1965 3637 2031 est,

2005 2054 2393 2122 utagentibus
2406 2051 2639 2123 sponsis
2652 2066 2847 2106 earum
2866 2050 3100 2106 Aurelio
3123 2067 3154 2105 e
3205 2050 3479 2121 Eugenio,
3506 2050 3642 2120 quia

1978 2142 2223 2197 nubere
2250 2140 2365 2197 illis
2388 2141 2643 2210 virgines
2666 2140 2879 2195 Christi
2917 2138 3246 2208 noluerunt,
3274 2153 3304 2194 a
3337 2139 3510 2195 Decio
3544 2139 3645 2194 im-

2006 2233 2277 2300 peratore
2310 2232 2451 2285 urbe
2484 2231 2659 2285 Roma
2696 2227 2899 2299 pulsa),
2935 2228 3004 2283 ad
3040 2228 3256 2298 praedia
3297 2242 3644 2298 sponsorum

2004 2316 2399 2384 ducerentur;
2423 2317 2521 2373 ubi
2547 2318 2692 2373 fame
2715 2321 2772 2371 et
2799 2316 2986 2371 inedia
3022 2316 3102 2370 ita
3135 2315 3362 2372 afﬂictae
3394 2321 3552 2386 sunt,
3580 2319 3646 2372 ut

2003 2405 2101 2459 vix
2128 2405 2200 2461 ad
2234 2420 2540 2476 vesperum
2574 2405 2839 2461 modicus
2872 2404 3038 2475 panis
3070 2403 3330 2460 cibarius
3361 2404 3448 2460 eis
3480 2404 3648 2461 dare-

2006 2495 2121 2561 tur,
2148 2492 2424 2564 nulloque
2451 2496 2622 2564 pacto
2645 2492 2876 2548 efﬁcere
2900 2492 3095 2563 sponsi
3122 2496 3442 2563 potuerunt
3463 2496 3525 2548 ut
3550 2492 3642 2548 vel

2004 2579 2075 2635 ad
2109 2581 2460 2650 nubendum,
2487 2581 2576 2636 vel
2610 2580 3055 2637 sacrificandum
3089 2579 3261 2634 animi
3302 2578 3531 2636 illarum
3561 2581 3644 2637 in-

2004 2668 2384 2725 clinarentur.
2405 2671 2575 2724 Beata
2603 2669 2781 2737 igitur
2796 2669 3052 2724 Victoria
3069 2669 3124 2723 in
3142 2668 3500 2737 virginitatis
3519 2684 3647 2738 pro-

2006 2758 2198 2828 posito
2223 2757 2642 2813 invincibiliter
2667 2757 3149 2827 persistens,post
3173 2756 3351 2812 multa
3377 2758 3525 2813 facta
3547 2757 3648 2813 mi-

2007 2845 2224 2914 raeula,
2262 2847 2414 2901 inter
2447 2860 2576 2915 quae
2603 2845 2882 2916 plurimas
2905 2845 3162 2913 virgines
3184 2844 3422 2899 Domino
3446 2858 3647 2914 aggre-
3722 2872 3729 2875 έ

2005 2938 2263 3003 gaverat,
2300 2947 2576 3004 percussa
2610 2937 2701 2987 est
2731 2933 2924 3001 gladio
2958 2932 3012 2986 in
3054 2933 3231 2986 corde
3286 2947 3315 2986 a
3372 2932 3646 2989 carniﬁce

2008 3021 2329 3093 Taliareho,
2358 3036 2526 3092 quem
2552 3025 2760 3091 rogatu
2781 3019 3021 3091 Eugenii
3046 3018 3247 3091 Sponsi
3271 3020 3359 3076 sui
3381 3020 3646 3079 Julianus

2016 3110 2275 3182 pontifex
2300 3110 2569 3181 Capitolii
2592 3115 2652 3165 et
2676 3124 2874 3165 comes
2900 3108 3347 3179 templorum,ad
3375 3111 3479 3164 hoe
3503 3125 3651 3181 opus

2011 3197 2327 3254 direxerat.
2352 3199 2528 3254 Passa
2551 3202 2642 3253 est
2662 3205 2854 3253 autem
2883 3212 2919 3251 x
2945 3196 3178 3252 Kalend.
3212 3196 3487 3253 Januarii.
3516 3199 3652 3253 Cor-

2012 3301 2121 3358 pus
2143 3287 2269 3356 ejus
2291 3302 2421 3342 cum
2447 3286 2600 3341 omni
2635 3286 2963 3342 reverentia
2992 3291 3277 3341 curatum.
3312 3285 3650 3342 Taliarchus

2012 3390 2151 3431 vero
2179 3390 2494 3446 percussor
2517 3375 2660 3445 ejus,
2687 3376 2960 3445 leprosus
2984 3374 3192 3446 factus,
3220 3375 3370 3430 intra
3398 3389 3502 3431 sex
3525 3373 3651 3430 dies

2012 3471 2397 3537 consumptus
2430 3481 2460 3521 a
2493 3465 2809 3535 vermibus,
2845 3465 3187 3535 exspiravit.

2086 3557 2247 3627 Apud
2303 3555 2710 3623 Nicomediam,
2764 3562 3103 3610 sanctorum
3155 3558 3474 3625 martyrum
3513 3561 3537 3591 ο
3579 3554 3656 3607 vi-

2012 3644 2178 3715 ginti,
2207 3659 2354 3715 quos
2388 3642 2745 3698 Diocletina
2770 3643 3105 3713 persecutio
3129 3643 3495 3712 gravissimis
3525 3656 3656 3699 cru-

2014 3732 2202 3790 ciatos
2232 3733 2564 3801 tormentis,
2603 3736 2888 3801 martyres
2922 3730 3152 3786 Christo
3186 3731 3344 3800 fecit,
3369 3734 3427 3787 et
3453 3730 3657 3786 beatos

2013 3827 2347 3877 sanctorum
2384 3837 2621 3877 numero
2657 3821 2709 3874 in
2744 3819 2909 3875 coelis
2939 3818 3259 3888 conjunxit.

2086 3911 2226 3965 Item
2261 3911 2474 3978 Romae,
2504 3909 2656 3964 beati
2682 3908 2927 3976 Servuli,
2955 3908 3025 3963 de
3059 3922 3172 3977 quo
3209 3908 3413 3963 beatus
3445 3907 3658 3977 Grego-

2014 3999 2138 4055 rius
2171 3999 2410 4064 scribit;
2436 3998 2532 4069 qui
2558 3998 2736 4054 rebus
2762 4012 3002 4069 pauper,
3030 3996 3257 4053 meritis
3279 3996 3462 4063 dives,
3488 4008 3658 4065 quem

2016 4088 2183 4159 longa
2217 4088 2507 4158 aegritudo
2539 4086 2890 4144 dissolverat
2924 4106 2936 4140 :
2972 4100 3100 4142 nam
3134 4100 3163 4140 a
3191 4084 3461 4156 primaeva
3485 4086 3660 4139 aetate

2019 4192 2203 4248 usque
2236 4179 2303 4233 ad
2341 4176 2509 4232 ﬁnem
2543 4177 2698 4247 vitae,
2736 4175 3094 4247 paralyticus
3121 4174 3374 4244 jacebat.
3412 4173 3515 4229 Hic
3546 4186 3662 4230 non

2015 4266 2188 4322 modo
2221 4270 2402 4335 stare,
2427 4266 2528 4322 sed
2562 4280 2633 4321 ne
2666 4280 2917 4335 unquam
2941 4265 2996 4319 in
3021 4264 3176 4320 lecto
3199 4276 3441 4333 surgere
3465 4260 3558 4316 vel
3590 4259 3663 4316 ad

2018 4354 2336 4410 sedendum
2370 4354 2619 4409 valebat.
2656 4355 2958 4425 Nunquam
2994 4367 3219 4408 manum
3261 4364 3422 4407 suam
3474 4348 3546 4405 ad
3596 4362 3664 4404 os

259 4439 482 4496 Iterum
515 4439 668 4495 inter
691 4439 803 4495 alia
837 4445 897 4496 et
920 4446 1055 4512 post
1078 4440 1211 4509 alia,
1239 4445 1437 4495 sancta
1466 4438 1730 4496 Anatolia
1756 4438 1908 4493 intu~
1938 4435 1989 4495 D
2023 4442 2258 4512 ducere,
2277 4457 2381 4498 nec
2405 4457 2467 4498 se
2493 4443 2686 4513 potuit
2709 4442 2764 4498 in
2792 4442 2948 4498 latus
2971 4440 3128 4497 aliud
3148 4439 3462 4497 declinare.
3491 4435 3666 4504 Quid-

261 4525 325 4585 lit
359 4548 375 4583 :
418 4528 538 4599 Ego
569 4528 663 4585 die
696 4542 807 4600 qua
840 4528 1096 4600 explicui
1130 4527 1383 4600 pretium
1435 4533 1909 4583 ornamentorum

329 4661 360 4690 ι
393 4651 637 4732 Euseb,
672 4650 894 4712 Eccles.
932 4652 1069 4710 hist.
1108 4650 1207 4709 lib.
1244 4666 1317 4722 Vi,
1359 4667 1410 4709 c.
1466 4653 1551 4721 34,
1602 4647 1750 4707 Ruit.
1806 4654 1863 4707 31
1896 4667 1911 4717 ;

266 4719 507 4780 Euseb..
541 4722 677 4780 ibid.

346 4736 507 4791 sen.,
541 4736 677 4780 iniu.

329 4792 360 4832 δ
414 4793 523 4851 Via
553 4794 857 4852 Lavicana
886 4794 1047 4850 inter
1083 4794 1253 4852 Duas
1302 4794 1546 4851 Laurea.
1596 4792 1784 4850 Locus
1833 4791 1912 4848 ita

268 4862 469 4921 Romae
502 4864 699 4925 dictus
731 4864 820 4921 via
874 4864 1177 4934 Lavicana,
1211 4862 1525 4921 multorum
1577 4876 1915 4920 sanctorum

267 4934 556 5006 martyrio
590 4935 955 4993 nobilitatus.
994 4936 1266 4992 Eumdem
1301 4936 1410 4991 hoc
1442 4934 1534 4991 die
1574 4934 1916 5005 Martyrolo-

265 5006 431 5079 gium
458 5009 774 5079 Romanum
799 5012 1206 5079 repraesentat.
1237 5006 1583 5079 Anastasius
1607 5006 1916 5079 bibliothe-

266 5078 470 5150 carius
504 5078 575 5150 de
606 5078 755 5150 Vitis
805 5076 1164 5150 pontiﬁcum,
1200 5091 1337 5150 cap.
1381 5080 1465 5143 34,
1497 5077 1558 5150 in
1606 5076 1913 5150 sitvestro,

265 5146 333 5204 de
360 5146 761 5205 Munificentia
788 5146 1155 5205 Constantini
1190 5168 1201 5202 :
1240 5146 1458 5205 «'Ftcit
1494 5146 1791 5207 basilicam
1826 5148 1916 5203 via

264 5218 555 5276 Lavicana
591 5218 743 5277 inter
775 5222 927 5277 Duas
959 5220 1176 5276 Lauros
1209 5222 1267 5277 Β.
1302 5219 1477 5276 Petro
1501 5224 1560 5274 et
1583 5219 1916 5277 Marcellino

266 5289 656 5372 martyribus,
682 5296 742 5348 et
773 5291 1151 5372 mausoleum,
1181 5291 1275 5347 ubi
1302 5291 1693 5372 beatissimam
1728 5294 1917 5372 Augu-

264 5365 424 5444 stam
458 5367 702 5444 matrem
726 5362 1112 5444 suamposuit
1134 5362 1577 5444 iu__sarcophago
1602 5362 1918 5444 porphyre-

267 5432 410 5489 tico.
449 5450 480 5483 ιο
514 5432 595 5489 Ita
627 5435 751 5492 haec
774 5432 1009 5491 exhibet
1044 5449 1150 5490 ms.
1179 5432 1567 5490 Bertiuinnus.
1596 5432 1718 5490 Ado
1751 5432 1918 5488 Vien-

265 5500 557 5585 nensis’in
582 5503 1054 5585 Chronicomirca
1080 5519 1290 5585 annu_m
1315 5502 1531 5585 Christi
1546 5508 1735 5585 3063a:
1742 5503 1915 5585 fecit

265 5570 577 5637 basilicam
598 5577 691 5636 via
712 5570 996 5637 Lavicana
1035 5576 1189 5636 inter
1218 5578 1373 5637 Duas
1402 5576 1622 5634 Lauros
1653 5576 1715 5633 Β.
1740 5576 1917 5634 Petro

2023 4530 2161 4604 quid
2192 4546 2264 4587 ex
2293 4530 2661 4602 eleemosyna
2696 4532 2989 4604 potuisset
3012 4529 3279 4602 accipere
3311 4529 3422 4586 hoc
3454 4539 3665 4601 paupe-

2022 4660 2081 4713 et
2102 4655 2893 4729 Marcellinomartyribus,et
2908 4653 3406 4729 mausoleum,_ubi
3422 4654 3664 4729 matrem

2022 4743 2183 4801 suam
2212 4728 2406 4801 posuit
2432 4727 2489 4783 in
2516 4723 2881 4801 sarcophago
2907 4740 3223 4801 purpureo.
3244 4723 3587 4801 {Meursius
3610 4723 3667 4801 in

2024 4796 2319 4873 Glossario
2351 4814 2456 4873 suo
2481 4796 2962 4873 Crascoébarbaro
2986 4796 3218 4873 duobus
3242 4796 3343 4873 his
3358 4796 3667 4873 postremis

2026 4870 2173 4946 locis
2198 4872 2460 4946 mutabat
2485 4871 2685 4946 tau/ros
2708 4870 2763 4925 in
2778 4870 3038 4946 gamus,
3053 4870 3158 4946 sed
3177 4869 3293 4946 jam
3320 4862 3484 4946 facile
3509 4876 3669 4946 pers:

2024 4939 2205 5015 pitiet
2226 4941 2368 4996 nihil
2394 4941 2749 5015 mutandum.
2777 4942 2878 5015 Est
2899 4947 2967 5015 et
2990 4934 3140 5015 alius
3162 4934 3248 4995 via
3271 4936 3489 5015 [εει-1118,
3514 4934 3669 5015 apud

2026 5007 2284 5084 Adonem
2308 5027 2482 5084 supra
2511 5028 2564 5069 IX
2586 5011 3042 5084 Septembris,ad
3070 5025 3242 5084 quem
3266 5007 3668 5084 S._Gorgo_nius

2026 5083 2136 5140 fuit
2150 5082 2366 5139 transla
2379 5078 2843 5155 tus,posititsqua
2862 5078 3070 5155 cateia
3088 5078 3311 5155 latina
3324 5078 3480 5134 inter
3500 5078 3671 5155 Duas

2026 5155 2271 5224 Lall/ros,
2307 5156 2414 5211 nisi
2452 5148 2766 5212 mendosus
2808 5156 2885 5212 sit
2932 5154 3118 5224 locus,
3151 5155 3211 5224 et_
3265 5151 3541 5224 Lav_eana
3594 5148 3673 5206 le-

2024 5220 2273 5298 gendum
2307 5230 2403 5295 s't,
2432 5228 2722 5298 quomodo
2747 5227 2919 5298 habet
2950 5220 3323 5298 glireviariuui
3355 5220 3672 5279 Romanum

2026 5292 2081 5353 fx
2136 5295 2292 5364 Sept.
2331 5292 2398 5353 in’
2440 5292 2692 5354 lectione
2745 5300 2815 5352 de
2848 5296 2901 5349 S.
2937 5292 3248 5362 Corgonio.
3283 5292 3489 5350 Tamen
3530 5305 3667 5349 mss.

2027 5368 2244 5424 Adonis
2277 5384 2405 5425 cum
2438 5368 2671 5439 vulgata
2704 5368 2830 5438 ejus
2863 5365 3112 5437 lectione
3144 5365 3510 5439 conspirant.

2097 5447 2121 5476 ο
2150 5440 2227 5495 De
2261 5440 2349 5496 his
2380 5431 2671 5511 Eusebii
2700 5431 2752 5492 b2
2790 5433 2907 5507 vm,
2942 5452 2991 5494 c.
3029 5441 3061 5494 5
3087 5453 3103 5506 ;
3125 5452 3255 5511 cap.
3283 5431 3340 5496 ti.
3365 5451 3421 5496 tv
3448 5431 3592 5495 Dial.
3613 5444 3665 5487 c.

2026 5514 2085 5568 41
2124 5514 2185 5569 et
2214 5510 2363 5569 hom.
2402 5514 2469 5566 15
2498 5509 2573 5565 in.
2608 5509 2820 5577 Evang.
