3974 6150
313 358 417 412 435

1363 351 1418 407 s.
1449 321 1718 407 Anoms
1755 347 2188 406 ARCHIEPISC.
2231 345 2646 404 VIENNENSIS

3593 343 3696 398 £36

313 475 556 545 Trajani,
583 475 852 544 Victoris,
877 473 1151 544 Castulaa,
1174 473 1534 545 Eutychiani,
1561 489 1629 530 ac
1652 473 1944 530 sociorum
1970 477 2025 537 Α
2127 469 2443 545 +_Turonis
2471 459 2731 537 civitate,
2766 467 2953 524 sancti
3005 466 3306 539 Perpetui,
3341 465 3604 538 episcopi
3637 469 3696 522 et

312 548 458 616 ejus,
493 545 827 602 ct'aliorum
875 545 1341 615 octingentorum
1389 545 1629 614 triginta
1677 545 1942 616 duorum.

382 614 450 696 v1
469 616 613 673 Kal.
647 619 832 696 [αμα.
859 617 1151 696 (27pm).
1175 647 1246 696 ε-
1264 617 1470 696 σῌιθιη
1496 617 1626 696 ipso
1653 615 1772 696 die,
1796 614 1950 696 ordi-

2056 541 2412 598 confessoris
2443 551 2488 596 α.

2127 612 2342 670 Pridie
2384 611 2527 668 Kal.
2576 612 2760 666 Janu.
2799 610 2886 674 (34
2930 610 3117 678 Dea).
3152 639 3222 649 —
3271 607 3316 675 ιι»
3363 607 3696 666 Rhaetiaria

312 686 470 742 natio
500 687 688 743 sancti
719 687 917 743 Jacobi
953 679 1152 757 fratris
1175 679 1418 757 Domini,
1445 679 1540 756 qui
1567 679 1952 757 ab'apostolis
2059 683 2236 757 beati_
2268 681 2553 757 Herme_tis
2597 679 2924 757 exorcistae.

311 757 534 828 primus
565 772 637 813 ex
664 758 884 814 Iudaeis
912 756 1288 826 Jcrosolymis
1319 762 1405 814 est
1449 755 1756 813 ordinatus
1801 755 1950 828 epis-

309 843 511 899 copus,
546 833 603 882 et
638 829 694 883 in
728 829 917 884 medio
946 829 1169 884 Pascha
1202 828 1481 898 martyrio
1505 832 1840 899 coronatus,

383 897 446 955 in
476 899 619 956 Kal.
649 901 833 956 Janu.
871 902 965 964 (50
984 900 1171 965 Dea).
1197 900 1327 967 —+
1353 897 1494 954 Item
1519 897 1785 954 ininsula
1811 897 1948 966 Oya,

311 973 661 1049 sanctorum.
697 969 996 1049 Florentii,
1041 969 1258 1040 Serani,
1293 969 1478 1039 Pauli,
1515 967 1811 1040 Stephani,
1850 969 1954 1023 Pa-

315 1039 470 1112 piani
511 1044 573 1097 et
605 1039 778 1098 Cleri.

383 1154 412 1184 δ
442 1145 612 1216 Greg.
643 1147 800 1216 Tur.,
835 1146 980 1203 Hist.
1017 1145 1220 1216 Franc,
1256 1147 1297 1202 Ι,
1331 1160 1394 1216 11,
1425 1160 1476 1202 c.
1507 1149 1594 1202 14.

2129 754 2174 822 -ι-
2204 754 2416 821 Romae,
2451 751 2676 819 Donati,
2721 749 2970 821 Paulati,
3004 751 3261 821 Rogata,
3307 748 3697 820 nominanda},

2059 828 2119 880 et
2160 822 2452 879 Hilarinaa.

2131 895 2178 963 ·ι-
2204 895 2267 966 ln
2290 893 2586 966 provincia
2613 891 3090 966 Sicilia,_civitate
3113 892 3348 960 Catane,
3363 894 3703 948 sanctorum

2063 963 2356 1038 Stephani,
2401 963 2648 1034 Potiani,
2684 963 2884 1021 Attali.

691 1451 1416 1632 IPASSIO
1503 1450 2184 1564 SANCTI
2267 1449 3258 1563 DESIDEBII

1614 1677 1935 1735 EPISCOPI
1974 1675 2406 1745 VIENNENSIS,

885 1828 1272 1894 AUCTORE
1317 1827 1637 1891 SANCTO
1683 1795 1965 1891 AUONE
2005 1825 2385 1888 EJUSDEM
2428 1825 2662 1888 SEDIS
2702 1827 3128 1891 EPISCOPO.

1243 1976 1411 2040 (Apud
1439 1977 1724 2039 Canisium,
1754 1975 2033 2026 Lectiones
2060 1975 2244 2038 antiq.,
2277 1980 2402 2026 tem.
2432 1977 2498 2033 II,
2532 1979 2671 2040 pert.
2706 1978 2782 2037 11.)

342 2199 1033 2270 PREFATIUNCULA
1091 2197 1408 2280 ADONIS,
1474 2196 1860 2271 Viennensis
1919 2195 2216 2266 Ecclesiae
2275 2195 2608 2280 antistitis,
2675 2213 2846 2266 anno
2901 2197 3368 2266 Incarnationis
3425 2200 3696 2270 Domini

433 2304 759 2369 ncce1.xx,
822 2288 1168 2357 indictione
1233 2303 1332 2366 111,
1395 2305 1543 2356 enm
1603 2285 1908 2355 Passieno
1962 2289 2029 2356 S.
2094 2283 2412 2354 Desiderii
2469 2283 2753 2373 episcopi
2815 2285 3166 2358 Viennensi
3223 2289 3522 2358 Ecclesiae
3593 2289 3693 2359 di-

431 2385 604 2446 recta
632 2391 686 2445 ⁸.

390 2544 534 2616 Ado,
567 2549 843 2617 peccator
881 2550 942 2601 et
973 2543 1206 2601 humilis
1253 2545 1566 2617 episcopus
1616 2541 1958 2600 Viennensis
1986 2543 2040 2604 B
2069 2540 2480 2613 patrocinium,
2515 2542 2562 2599 si
2594 2542 2722 2613 ejus
2753 2543 3021 2616 exemplo
3051 2545 3292 2602 Domino
3313 2547 3451 2604 Jesu
3477 2547 3720 2609 Christo

317 2633 614 2703 Ecclesiae,
649 2632 1052 2690 dilectissimis
1093 2632 1394 2702 fratribus,
1429 2641 1486 2688 et
1531 2631 1663 2688 filiis
1693 2631 1956 2702 ejusdem

317 2721 614 2792 Ecclesiae,
651 2721 706 2777 in
738 2723 912 2778 Patre
951 2725 1011 2777 et
1043 2719 1179 2790 filio,
1213 2725 1272 2777 et
1303 2720 1524 2792 Spiritu
1562 2722 1783 2788 sancto,
1817 2731 1958 2774 vero

315 2814 378 2869 et
407 2809 706 2868 essentiali
756 2824 870 2867 uno
909 2811 1044 2880 Deo,
1083 2808 1350 2867 salutem.

390 2899 1019 2957 BeatissimiDesiderii
1038 2899 1231 2955 Patris
1250 2897 1432 2955 vestri
1453 2897 1650 2968 vitam,
1667 2899 1725 2954 et
1748 2898 1961 2965 marty-

319 2989 488 3060 rium,
507 2988 661 3044 sicut
682 2988 940 3061 antiquis
963 2988 1201 3060 scriptis
1219 2985 1682 3056 commendatur,
1704 2983 1868 3041 vobis
1885 2983 1963 3040 id-

318 3077 478 3134 circo
497 3076 820 3146 revolvere,
836 3080 894 3132 et
917 3077 1071 3147 style
1091 3077 1457 3132 committere
1477 3087 1796 3145 aggressus
1809 3087 1958 3143 sum,

319 3170 385 3222 ut
406 3164 534 3235 ejus
558 3163 954 3220 incitamentis
976 3167 1036 3218 ct
1059 3162 1276 3218 studiis
1291 3160 1362 3218 ad
1377 3175 1630 3217 amorem
1644 3161 1780 3218 vita
1793 3165 1964 3217 aeter-

319 3267 408 3310 nae
435 3267 541 3310 vos
573 3249 822 3324 amplius
851 3249 1286 3308 inﬂammaram.
1321 3250 1392 3304 Ut
1423 3248 1519 3319 qui
1553 3251 1756 3320 pastor
1792 3246 1962 3304 vobis

319 3353 559 3398 munere
585 3353 842 3412 superno
865 3339 1039 3395 datus
1059 3340 1174 3404 est,
1193 3349 1404 3408 pascua
1430 3349 1564 3391 vere
1589 3334 1958 3404 innocentiae,

320 3432 382 3483 et
412 3429 785 3500 postmodum
817 3431 1054 3484 aeternae
1086 3423 1393 3480 societatis
1425 3422 1848 3479 intercessione
1872 3421 1962 3478 sui

320 3515 474 3586 apud
496 3515 799 3571 Dominum
817 3513 1100 3570 obtineat.
1118 3513 1232 3568 Nec
1244 3511 1397 3567 enim
1413 3509 1785 3568 deeritvobis
1805 3508 1964 3566 illius

389 3647 418 3677 ι
448 3639 686 3712 Magnus
715 3637 903 3696 codex
933 3653 1039 3696 ms.
1067 3634 1513 3711 praefatiuncula
1546 3638 1729 3692 caret.
1766 3635 1954 3692 Came.

2067 2633 2230 2686 casto
2262 2643 2460 2686 amore
2491 2629 2804 2688 hmseritis.
2841 2633 2946 2699 Qui
2977 2637 3068 2691 est
3101 2648 3300 2690 verum
3333 2639 3392 2691 et
3426 2642 3720 2696 aeternum

2069 2715 2433 2790 principium.
2470 2719 2716 2776 Habetis
2748 2720 2898 2776 enim
2931 2735 3043 2778 non
3076 2721 3368 2780 mediocre
3410 2723 3717 2799 solatium,

2068 2819 2198 2861 cum
2230 2805 2490 2863 cernatis
2522 2807 2842 2864 Ecclesiam
2872 2823 3066 2866 veram
3091 2810 3560 2882 praeclarissimis
3583 2830 3723 2872 con-

2070 2894 2362 2952 fessorum
2392 2901 2453 2952 et
2483 2900 2799 2969 martyrum
2831 2897 3169 2956 irradiatam
3197 2899 3546 2974 fulgoribus,
3573 2918 3724 2975 quo-

2073 2996 2198 3038 rum
2232 2982 2547 3054 splendore
2569 2985 2847 3042 tenebras
2865 2986 3052 3043 omnis
3071 2987 3308 3059 erroris,
3330 2989 3574 3048 Domino
3603 2993 3722 3050 Deo

2071 3077 2277 3127 nostro
2296 3077 2652 3144 protectore,
2673 3073 2918 3146 pedibus
2935 3075 3136 3134 liberis
3153 3076 3404 3136 evadere
3416 3077 3716 3140 suﬁleitis.

2071 3157 2352 3216 Gaudium
2385 3167 2444 3216 et
2475 3175 2690 3218 corona
2722 3161 3002 3234 ipsorum,
3029 3165 3279 3222 obsecro
3301 3181 3408 3224 vos
3437 3182 3546 3238 ego
3591 3169 3722 3243 ipse

2071 3257 2279 3304 servus
2309 3252 2367 3304 et
2407 3248 2677 3308 minimus
2725 3249 3002 3324 ipsorum,
3039 3257 3190 3311 state
3219 3253 3275 3311 in
3308 3255 3550 3314 Domino
3581 3257 3719 3316 doc-

2070 3332 2266 3477 tiilinis,
2291 3336 2577 3433 exemplis
2597 3337 3117 3400 intercessionibus
3147 3347 3444 3402 tantorum
3477 3346 3717 3418 muniti,

2071 3433 2104 3475 c
2149 3422 2422 3477 anssrmi.

2071 3422 2422 3479 charissimi.

1837 3948 2204 4034 INCIPIT

857 4163 1463 4302 PASSIO
1567 4163 2178 4330 SANCTI
2283 4165 3165 4309 DESIDERII

1622 4393 1943 4453 EPISCOPI
1980 4392 2195 4450 VIENN
2199 4393 2288 4450 EN
2294 4395 2409 4453 SIS.

393 4623 748 4694 Desiderius,
774 4623 1121 4682 Viennensis
1143 4622 1422 4682 Ecclesia)
1442 4621 1808 4681 clarissimus
1827 4639 1964 4695 pou-
1993 4626 2042 4692 Ο
2073 4625 2204 4682 dem
2227 4624 2494 4696 Auagildi
2518 4625 2675 4695 regis
2694 4624 3075 4697 Hispanorum
3100 4627 3296 4699 filiam,
3313 4644 3443 4701 qum
3465 4632 3718 4704 primum

321 4717 487 4786 tifex,
525 4713 634 4771 fuit
673 4727 702 4768 a
745 4726 926 4783 puero
973 4713 1206 4784 quidem
1257 4711 1628 4769 sanctissime
1675 4711 1954 4782 imbutis,

324 4803 440 4860 vita
465 4817 666 4876 purus,
683 4801 926 4858 scientia
950 4802 1384 4874 Scripturarum
1411 4815 1519 4858 non
1543 4815 1744 4873 parum
1768 4799 1962 4857 erudi-

322 4895 436 4960 tus,
473 4891 528 4947 in
559 4891 782 4961 gremio
813 4894 1034 4947 sanctae
1067 4889 1270 4947 matris
1314 4889 1586 4946 Ecclesiae
1633 4888 1959 4946 exercitate

324 4980 593 5050 profecit.
644 4979 782 5036 Inde
831 4978 904 5034 ad
953 4977 1179 5036 culmen
1229 4977 1556 5050 pontificale
1621 4981 1956 5048 provectus,

321 5070 553 5138 quantae
582 5067 787 5140 gratiae
820 5058 1026 5137 fuerit;
1041 5067 1226 5123 honor
1257 5064 1517 5136 martyrii
1550 5065 1848 5138 patefecit.

272 5164 277 5169 '
379 5165 417 5198 ιι
447 5151 576 5211 Fuit
609 5156 758 5212 idem
788 5156 879 5212 vir
908 5155 1270 5228 temporibus
1301 5153 1579 5210 Chlotarii
1612 5154 1769 5223 regis
1803 5153 1962 5211 Chio.

320 5242 485 5300 devci
516 5242 750 5312 majoris
783 5245 907 5316 filii,
935 5261 1002 5303 ac
1035 5244 1282 5302 filiorum
1315 5242 1498 5314 ipsius
1529 5241 1828 5311 Chlotarii,
1855 5244 1959 5299 Hc-

323 5330 562 5402 reberti,
581 5330 677 5400 qui
699 5333 850 5387 sedit
867 5334 1137 5401 Parisiis;
1155 5329 1488 5403 Chilperici,
1509 5329 1605 5401 qui
1624 5329 1775 5387 sedit
1790 5331 1961 5386 Sues-

309 5419 534 5489 ‘sionis;
553 5419 951 5492 Gunthramni,
978 5422 1074 5494 qui
1100 5420 1256 5478 sedit
1274 5417 1632 5485 Aurelianis;
1659 5417 1955 5488 Sigiberti,

328 5509 422 5581 qui
447 5507 596 5567 sedit
618 5506 1026 5565 Rhemensium
1053 5513 1216 5580 urbe,
1244 5509 1342 5582 qui
1365 5507 1592 5582 accepit
1623 5505 1962 5564 Brunuehil-

2072 4715 2304 4784 Ariana,
2371 4713 2736 4785 postmodum
2793 4719 3161 4772 sacramento
3220 4717 3352 4775 ﬁdei
3408 4721 3719 4781 catholicis

2064 4803 2287 4874 juncta,
2329 4801 2605 4873 cperibus
2645 4800 3112 4871 ﬂagitiosissimis
3142 4805 3464 4876 disjuncta;
3495 4809 3572 4866 de
3602 4825 3716 4881 qua

2073 4891 2508 4948 Childebertum
2569 4888 2898 4958 Sigihertus
2949 4892 3170 4960 genuit.
3225 4895 3408 4966 Hujus
3452 4912 3714 4954 sororem

2069 4975 2398 5033 Gansildam
2433 4974 2796 5048 Chilpericus
2835 4977 3082 5049 primum
3125 4977 3349 5052 habuit,
3384 4996 3514 5053 qum
3559 4987 3718 5055 post-

2070 5065 2322 5134 modum,
2347 5063 2481 5120 dolo
2505 5065 2902 5136 Fredegundis
2931 5067 3296 5138 strangulata
3326 5076 3436 5128 est.
3462 5072 3715 5144 lnipera-
3747 5086 3753 5095 '

2068 5157 2230 5210 tores
2261 5157 2454 5208 autem
2487 5156 2626 5210 tunc
2654 5155 2937 5226 temporis
2984 5155 3038 5212 in
3089 5157 3407 5228 Republica
3458 5161 3712 5216 Romana

2067 5241 2545 5300 Justinianusfuit
2562 5242 2760 5312 major.
2777 5245 2914 5300 Post
2929 5261 3097 5316 quem
3120 5246 3482 5306 Justinianus
3503 5249 3709 5306 minor.

2071 5331 2246 5402 Cujus
2278 5334 2537 5403 tempore
2567 5346 2780 5404 corpus
2807 5334 2866 5390 Β.
2903 5334 3136 5391 Antonii
3173 5336 3457 5408 monachi,
3491 5338 3716 5395 revela-

2067 5419 2228 5478 tione
2281 5417 2474 5477 divina
2521 5423 2840 5493 repertum,
2875 5421 2928 5478 in
2963 5421 3221 5480 Ecclesia
3248 5424 3308 5480 Β.
3343 5425 3581 5484 Joannis
3610 5427 3716 5483 Ba-

2073 5509 2268 5580 ptistae
2300 5507 2453 5582 apud
2487 5507 2894 5568 Alexandriam
2923 5511 3218 5584 sepultum
3249 5516 3376 5578 est;
3407 5514 3566 5571 etab
3589 5511 3712 5573 Afri

396 5643 424 5674 ι
453 5634 810 5712 Haec_verba,
830 5633 991 5712 fuit:
997 5633 1156 5692 idem
1183 5636 1442 5704 vincte”
1475 5633 1760 5708 usquead
1793 5631 1892 5691 illa
1933 5635 2252 5710 sequentis.
2303 5638 2443 5705 etc.,
2481 5635 2631 5694 Cum
2675 5636 2844 5709 longe
2887 5636 3141 5712 latoque,
3189 5637 3601 5698 desiderantur
3644 5639 3708 5696 in

330 5720 532 5780 magno
570 5705 780 5764 Codice
797 5704 910 5765 ms.
953 5704 1088 5762 CAN.
