3988 6158
304 247 407 302 437

1509 246 1600 303 DE
1636 242 1980 303 PASSIONE
2018 243 2073 300 S.
2115 241 2485 302 DESIDERII.

3594 250 3697 306 438

296 382 365 426 ca
424 366 798 425 atrocissima
847 382 991 440 gens
1048 369 1460 429 Wandalorum
1510 369 1774 442 expulsa.
1825 369 1936 426 'Cui
1965 372 2023 434 A
2054 368 2191 442 quid
2224 368 2376 426 ultra
2409 369 2691 440 praebere,
2727 368 3091 427 confortatus
3122 385 3153 427 a
3186 369 3314 427 viro
3337 369 3457 441 Dei,
3484 370 3557 429 de
3584 369 3696 429 lar-

290 456 913 529 imperatorilustinus
935 459 1221 530 succedit,
1259 460 1369 517 sub
1397 474 1511 531 quo
1543 473 1688 530 gens
1720 460 1941 530 Longo-

298 545 614 603 bardorum
644 543 869 603 Italiam
901 546 1135 604 invasit.
1178 548 1396 605 Deinde
1436 547 1744 621 imperavit
1781 547 1942 604 Tibe-

295 633 441 705 rius,
466 638 602 706 post
634 648 803 707 quem
829 635 1160 693 Mauricius.

368 721 480 780 Sed
514 726 582 781 ut
611 723 681 780 ad
715 724 1016 796 proposita
1049 729 1332 797 revertar,
1363 739 1492 783 cum
1517 726 1683 797 longe
1708 724 1940 796 lateque

297 811 447 867 fama
472 812 629 869 beati
666 813 775 870 viri
808 813 1093 870 Desiderii
1128 820 1527 887 spargeretur,
1565 820 1624 871 et
1658 814 1799 872 foris
1823 814 1939 885 jam

296 899 602 958 miraculis
631 900 994 973 vulgaretur,
1020 908 1196 974 atque
1218 905 1409 962 virtus
1430 904 1601 961 animi
1622 903 1804 974 signis
1825 902 1941 958 evi-

297 987 577 1047 dentibus
611 990 901 1064 patefacta
933 991 1311 1065 claresceret,
1341 993 1571 1050 invidus
1593 993 1780 1050 omnis
1804 991 1937 1048 boni

297 1074 585 1151 diabolus,
603 1080 656 1135 in
674 1082 1142 1152 persecutionem
1168 1082 1315 1139 tanti
1336 1082 1444 1139 viri
1469 1082 1653 1139 insani
1679 1080 1938 1153 pectoris

295 1165 558 1227 homines
600 1167 935 1226 inflammat.
989 1170 1060 1227 Et
1108 1170 1239 1242 quia
1289 1170 1525 1227 videbat
1570 1170 1792 1227 Domini
1839 1169 1937 1225 Dei

295 1254 483 1311 nostri
497 1256 633 1313 Jesu
651 1255 863 1313 Christi
876 1256 1120 1328 gloriam
1138 1273 1241 1330 per
1256 1260 1488 1315 beatum
1512 1258 1697 1315 virum
1723 1258 1938 1329 ubique

298 1341 560 1412 diffundi,
598 1343 811 1416 quibus
834 1346 1063 1403 artibus
1084 1346 1268 1403 valuit
1289 1351 1513 1403 tantum
1534 1361 1681 1417 opus
1701 1345 1939 1417 pietatis

293 1431 686 1503 exstinguere,
722 1434 1063 1505 aggreditur
1095 1435 1385 1493 lacessere
1417 1435 1601 1505 illum,
1645 1439 1705 1491 et
1745 1434 1938 1492 convi-

296 1519 398 1576 ciis
415 1519 646 1577 afﬁcere
668 1522 872 1592 primo,
897 1522 1106 1580 deinde
1126 1525 1302 1580 etiam
1326 1523 1553 1594 injuriis
1568 1521 1931 1595 propulsare,

295 1607 444 1663 sicut
467 1613 630 1665 certa
656 1623 750 1666 res
772 1610 1185 1668 manifestabit.
1213 1612 1321 1668 Sed
1345 1611 1680 1668 Desiderius
1700 1610 1770 1666 de
1806 1611 1936 1665 bea-

2052 458 2259 530 gitate,
2281 462 2339 515 et
2365 458 2625 515 bonitate
2645 458 2960 527 Creatoris,
2987 471 3115 516 mox
3138 462 3200 516 ut
3226 458 3418 529 rediit,
3438 459 3691 532 plenum,

2053 546 2207 618 quod
2232 546 2406 618 paulo
2434 550 2568 603 ante
2589 561 2836 607 vacuum
2859 546 3069 615 fuerat,
3109 546 3412 604 vasculum
3448 547 3688 606 inVenit.

2049 636 2164 692 Tua
2198 638 2337 693 sunt
2369 634 2511 706 haec,
2544 635 2799 705 Domine,
2836 634 2934 706 qui
2978 648 3082 707 pro
3114 639 3173 691 te
3216 649 3424 708 passos
3463 649 3694 709 semper

2049 723 2365 795 glorificas,
2403 723 2497 796 qui
2531 722 2713 782 duces
2744 724 2942 796 gregis
2975 724 3082 794 tui,
3119 728 3180 781 ut
3213 738 3353 781 oves
3385 728 3502 782 tuae
3527 726 3693 798 sequi

2051 827 2161 869 non
2195 815 2475 883 metuant,
2512 812 2743 870 coronis
2775 813 3059 871 virtutum
3091 825 3363 870 exornas.

2120 902 2343 958 Praeter
2372 914 2438 959 ea
2481 906 2835 972 congregata
2877 901 3253 959 multitudine
3296 899 3691 974 sacerdotum,

2050 990 2185 1046 licet
2212 989 2382 1061 impia
2409 990 2616 1047 femina
2640 1004 2859 1048 venena
2884 991 3119 1048 malitize
3145 1005 3267 1048 suae
3293 1005 3404 1048 non
3428 1004 3696 1049 evomue-

2049 1078 2145 1148 rit,
2171 1083 2363 1136 tamen
2390 1079 2542 1136 victa
2576 1079 2872 1152 precibus,
2898 1087 3163 1137 sanctum
3189 1079 3376 1138 virum
3411 1078 3536 1136 sedi
3572 1093 3694 1137 suae

2048 1168 2295 1238 urbique
2318 1168 2818 1237 reformarijubet.
2839 1167 2979 1234 Quis
2994 1168 3191 1225 dicere
3208 1183 3236 1224 s
3264 1168 3457 1225 lﬂlciat
3478 1166 3692 1239 quibus

2012 1322 2016 1326 ,
2045 1255 2277 1326 gaudiis
2310 1261 2586 1327 receptus
2620 1256 2814 1325 fuerit,
2840 1262 2978 1327 quot
3013 1256 3164 1313 ulnis
3198 1256 3436 1328 pietatis
3470 1271 3500 1313 a
3534 1255 3694 1313 clero

2046 1350 2104 1401 et
2121 1345 2334 1416 populo
2349 1344 2963 1416 amplexatus,quibus
2978 1344 3250 1415 lacrymis
3267 1345 3692 1415 rigatusi'Vere

2047 1437 2341 1505 pastorem
2364 1435 2540 1504 pium,
2581 1448 2749 1504 quem
2786 1433 3005 1491 nullius
3034 1434 3269 1503 generis
3310 1432 3620 1492 tribulatio
3661 1447 3693 1489 a

2045 1522 2332 1578 charitate
2364 1523 2557 1579 ovium
2591 1520 2873 1579 divellere
2909 1522 3117 1594 potuit.
3155 1523 3302 1578 Vere
3345 1522 3554 1579 beatus
3597 1536 3694 1594 po-

2050 1611 2243 1683 pulus,
2279 1610 2582 1682 qui‘talem
2618 1611 2829 1668 meruit
2861 1612 3204 1683 suscepisse
3239 1612 3541 1668 ductorem
3571 1611 3617 1668 ι).

300 1694 371 1751 tis
392 1697 752 1768 pauperibus
775 1699 986 1771 spiritu
1008 1714 1175 1771 unus,
1202 1701 1370 1773 cujus
1391 1699 1744 1757 desiderium
1758 1712 1932 1754 exau-
1962 1719 2015 1780 Β
2116 1700 2219 1756 Hic
2242 1715 2372 1757 cum
2390 1700 2506 1770 jam
2532 1705 2694 1759 totus
2731 1707 2951 1771 martyr
2981 1706 3142 1757 esset
3175 1715 3440 1772 corpore,
3476 1700 3692 1757 hostia-

295 1782 486 1840 diebat
506 1786 679 1857 Deus,
705 1791 762 1843 et
790 1789 1272 1861 preparationem
1295 1789 1490 1845 cordis
1513 1790 1641 1860 ejus
1655 1787 1932 1844 audiebat
1982 1788 1989 1795 '

295 1871 450 1929 auris
478 1874 629 1945 ejus,
664 1874 721 1929 in
763 1879 929 1946 petra
968 1875 1102 1932 fidei
1141 1875 1434 1948 fundatus,
1483 1876 1645 1934 tundi
1677 1875 1934 1932 adversi-

293 1960 514 2018 tatibus
544 1966 796 2033 poterat,
841 1964 1058 2020 moveri
1107 1980 1137 2021 a
1189 1969 1347 2021 statu
1393 1963 1768 2022 rectitudinis
1817 1978 1932 2020 non

290 2052 543 2120 poterat.

355 2137 565 2209 Igitur,
608 2138 919 2197 interfecto
950 2141 1239 2212 Sigiberto
1270 2154 1406 2211 rege
1444 2140 1694 2196 factione
1726 2140 1936 2196 Fredes

281 2225 500 2294 gundis
526 2227 762 2299 reginae,
782 2229 1188 2287 Brunnehildis
1213 2229 1407 2300 regina
1425 2243 1556 2285 cum
1575 2227 1930 2285 Theoderico

283 2313 600 2371 admodum
625 2316 887 2388 parvulo,
921 2319 1279 2375 Childeberti
1314 2319 1468 2390 regis
1506 2317 1643 2389 tilio,
1679 2320 1934 2388 Burgun-

279 2400 436 2458 diam
451 2403 965 2463 obtinuit.Femina
982 2408 1455 2479 incomparabilis
1472 2406 1749 2478 libidinis,
1768 2406 1932 2477 quip-

280 2505 352 2562 pe
418 2506 549 2561 quae
609 2507 718 2549 non
781 2494 1041 2553 timuerit
1098 2495 1600 2553 incestuosissime
1650 2496 1930 2551 Merovseo

281 2577 600 2651 Chilperici
624 2582 762 2653 filio,
785 2584 975 2640 mariti
991 2585 1080 2641 sui
1101 2586 1317 2657 nepoti,
1345 2599 1408 2640 se
1427 2584 1681 2640 misceri.
1709 2582 1928 2653 Illoque

278 2671 594 2726 tonsurato
625 2672 1087 2744 presbyteroque
1120 2674 1292 2744 facto,
1326 2673 1430 2729 tali
1453 2686 1700 2742 namque
1724 2671 1928 2727 ordine

279 2762 455 2829 pater
474 2759 573 2814 vix
598 2773 730 2818 eum
758 2763 944 2833 potuit
961 2778 1257 2833 coercere,
1277 2778 1378 2835 per
1392 2759 1928 2830 diversorumjuve-

278 2859 418 2903 num
450 2846 727 2906 libidines
749 2851 1082 2921 excanduit,
1109 2852 1513 2924 turpissimum
1532 2851 1778 2922 lupanar
1799 2850 1925 2920 ipsa

279 2936 663 3008 semetipsam
688 2940 1381 3012 turpissimisjuvenibus
1404 2953 1720 3011 exponens.
1749 2937 1926 3007 Cujus

278 3020 549 3082 inaudita
574 3025 792 3098 ﬂagitia
820 3028 910 3084 vir
940 3030 1201 3102 pontifex
1232 3029 1572 3086 Desiderius
1604 3027 1729 3084 zelo
1760 3027 1927 3083 timo-

280 3111 364 3167 ris
387 3113 490 3168 Dei
510 3114 920 3188 inﬂammatus,
938 3118 1276 3191 reprimere,
1293 3122 1350 3175 et
1373 3118 1668 3188 corrigere
1681 3114 1926 3188 cupiens

278 3201 400 3257 tam
433 3202 707 3274 privatim
741 3220 908 3277 quam
944 3207 1196 3279 publice,
1229 3206 1527 3262 meliorem
1568 3205 1743 3261 vitam
1786 3203 1929 3261 arri-

281 3281 536 3361 pere,'et
580 3294 996 3365 pcenitudinem
1031 3296 1166 3353 facti
1212 3296 1428 3353 habere
1474 3295 1763 3351 monebat.
1816 3292 1926 3348 Sed

283 3378 421 3448 quia
437 3382 743 3454 quiarguit
768 3385 1005 3457 impium
1027 3388 1268 3456 generat
1296 3383 1577 3442 maculam
1603 3383 1735 3453 sibi,
1764 3382 1928 3438 novis

280 3471 342 3522 et
366 3468 650 3528 inauditis
672 3473 823 3530 odiis
836 3475 1011 3547 ccepit
1029 3481 1295 3531 sanctum
1314 3475 1503 3531 virum
1528 3472 1835 3542 detestari,
1862 3484 1928 3527 ac

280 3558 348 3611 ut
378 3557 560 3615 vitam
593 3562 849 3619 auferret
885 3562 1172 3620 meditari.
1209 3563 1316 3619 Sed
1345 3564 1478 3635 quia
1512 3562 1567 3619 id
1593 3565 1795 3633 aperte
1816 3574 1929 3616 non

282 3647 543 3717 poterat,
567 3649 777 3707 exsilio
798 3651 1117 3723 deportari,
1143 3655 1200 3706 et
1225 3650 1473 3721 relegari
1498 3650 1552 3705 in
1579 3648 1823 3720 quadam
1849 3648 1931 3703 in-

274 3732 410 3790 sula
441 3737 633 3794 virum
655 3740 753 3796 Dei
778 3740 935 3797 facit.
963 3741 1068 3796 Ubi
1094 3737 1476 3811 quadriennio
1499 3738 1756 3795 diversis
1774 3737 1935 3794 labo-

277 3824 452 3883 ribus
476 3826 777 3900 fatigatus,
800 3842 911 3885 non
936 3833 1126 3886 tamen
1149 3826 1367 3885 auxilio
1387 3827 1805 3900 omnipotentis
1827 3827 1925 3883 Dei

277 3914 545 3974 nudatus
557 3920 650 3973 est
665 3931 732 3975 ac
746 3918 1090 3989 destitutus,
1109 3917 1321 3990 quippe
1338 3931 1441 3990 per
1454 3931 1624 3989 quem
1642 3915 1924 3973 beneﬁcia

276 4002 534 4061 infirmis
566 4005 1013 4077 quibuscunque
1053 4008 1206 4063 Deus
1250 4010 1451 4063 noster
1493 4006 1571 4061 ibi
1611 4004 1925 4061 contulerit

275 4091 424 4149 Nam
439 4093 672 4164 quidam
689 4094 1359 4167 leprosus,inspectante
1374 4092 1781 4166 populo,tactu
1797 4092 1935 4148 bea-

277 4180 505 4239 tissimi
526 4182 638 4239 viri
669 4186 980 4241 mundatus
1011 4189 1102 4241 est
1137 4200 1166 4241 a
1190 4183 1372 4256 lepra,
1399 4197 1528 4255 qua:
1557 4185 1743 4239 totum
1766 4180 1928 4238 illum

280 4277 693 4342 asperaverat.
729 4273 814 4328 Ab
845 4286 910 4329 ea
942 4272 1037 4328 die
1067 4288 1179 4344 qua
1211 4271 1459 4329 insulam
1479 4272 1786 4342 ingressus
1809 4274 1924 4341 est,

274 4356 612 4415 cincindele
638 4357 768 4416 oleo
795 4358 1047 4432 plenum,
1084 4360 1233 4431 quod
1262 4374 1428 4416 manu
1457 4359 1616 4417 illius
1641 4359 1927 4417 illumina-

2045 1804 2157 1860 que
2183 1791 2299 1846 Deo
2323 1789 2556 1861 placita,
2576 1794 2637 1846 ut
2660 1789 3015 1846 desiderium
3035 1790 3233 1846 cordis
3255 1789 3381 1859 ejus
3402 1789 3692 1847 tribuere-

2043 1882 2139 1934 tur
2170 1878 2242 1948 ei,
2279 1878 2648 1948 instaretque
2679 1883 2915 1948 tempus
2947 1882 3007 1934 ut
3044 1885 3361 1950 poneretur
3399 1874 3455 1933 in
3495 1877 3688 1949 capite

2041 1963 2169 2033 ejus
2200 1978 2412 2020 corona
2449 1963 2519 2019 de
2552 1963 2744 2034 lapide
2770 1963 3068 2034 pretioso:
3096 1964 3307 2020 iterum
3343 1963 3642 2019 simultate
3664 1970 3689 2000 ο

2043 2051 2416 2108 Brunehildis
2456 2066 2523 2107 ac
2564 2050 2719 2107 illam
2762 2051 3291 2122 constuprantium,
3320 2050 3563 2120 jubetur
3593 2064 3689 2107 ve-

2049 2139 2172 2196 nire
2188 2139 2446 2210 pontifex
2470 2144 2714 2196 sanctus
2739 2138 2808 2195 ad
2835 2138 3136 2210 palatium,
3164 2154 3278 2210 quo
3297 2145 3439 2195 tunc
3466 2142 3688 2209 tempo-

2041 2228 2123 2284 ris
2135 2227 2528 2284 Theodericus
2545 2227 2779 2298 juvenis
2803 2227 3123 2283 residebat.
3155 2229 3558 2298 Attemptatur
3581 2226 3687 2282 ita-

2041 2332 2152 2387 que
2178 2317 2268 2373 vir
2300 2316 2399 2372 Dei
2438 2319 2629 2371 utrum
2664 2316 2717 2370 in
2754 2315 2933 2387 priori
2970 2315 3260 2372 sententia
3294 2318 3683 2387 permaneret.

2038 2406 2563 2475 Interrogatusque
2588 2408 2783 2460 utrum
2809 2402 3018 2460 melius
3040 2409 3199 2459 esset
3217 2403 3315 2460 uni
3338 2404 3466 2458 viro
3490 2400 3689 2459 mulie-

2040 2506 2159 2548 rem
2183 2492 2474 2562 conjungi,
2503 2505 2673 2562 quam
2692 2506 2795 2562 per
2826 2491 3193 2548 diversorum
3214 2490 3492 2560 juvenum
3516 2504 3691 2561 appe-

2037 2580 2186 2637 titus
2202 2579 2475 2635 libidines
2490 2594 2628 2635 suas
2644 2579 2773 2650 disp
2784 2593 3003 2646 umare;
3019 2594 3049 2634 a
3066 2593 3179 2649 quo
3192 2593 3321 2635 cum
3339 2584 3685 2649 responsum

2037 2672 2217 2738 esset,
2234 2668 2648 2739 unusquisque
2658 2680 2832 2723 suam
2842 2680 3091 2723 uaorem
3104 2665 3690 2736 habeat,etuuaqu¢-

2034 2770 2151 2828 que
2159 2769 2335 2814 suum
2343 2756 2541 2813 verum
2556 2754 2792 2825 habeat,
2806 2756 2867 2811 et
2864 2754 3291 2826 fornicatores,
3314 2754 3374 2810 et
3382 2752 3688 2811 adulteros

2034 2847 2225 2902 Deum
2229 2844 2645 2915 judicare,uee
2659 2843 2837 2901 licere
2848 2844 3076 2900 contam
3082 2842 3246 2898 iuari
3261 2841 3537 2912 templum
3548 2841 3687 2911 Spi-

2032 2934 2192 2991 ritus
2202 2933 2418 3002 sancti,
2438 2946 2569 2989 eum
2580 2945 2826 3004 empora
2837 2932 3044 2989 nosam
3058 2930 3339 3001 templum
3349 2928 3688 2999 esseutSpi-

2033 3021 2194 3079 ritus
2205 3022 2340 3091 Dei,
2355 3021 2475 3077 etsi
2487 3020 2626 3090 quis
2658 3019 2937 3089 templum
2957 3019 3069 3074 Dei
3087 3018 3375 3075 violasset
3391 3016 3688 3088 disperde-

1956 3071 2006 3135 C
2032 3071 3062 3175 meum"suam;'s',:'s.3,1:
3075 3071 3174 3160 xlii
3186 3071 3419 3172 gina;
3437 3071 3527 3172 ὦ)
3554 3071 3685 3159 sua

2036 3211 2177 3268 ergo
2208 3196 2332 3254 haec
2371 3202 2428 3252 et
2457 3196 2547 3252 his
2579 3194 2786 3253 similia
2818 3193 2908 3250 vir
2939 3194 3152 3266 spiritu
3184 3192 3286 3249 Dei
3324 3196 3683 3265 perorasset,

2038 3284 2197 3342 illico
2229 3285 2531 3343 nuntiatur
2564 3285 2687 3341 haec
2720 3282 3118 3341 Brunnehildi.
3151 3281 3337 3354 Coepit
3364 3282 3580 3351 furere,
3604 3280 3689 3337 vi-

2040 3389 2164 3430 rum
2206 3374 2306 3430 Dei
2343 3372 2480 3429 telis
2523 3371 2759 3429 malitiae
2806 3387 2925 3429 suae
2973 3374 3274 3443 appetere,
3327 3374 3385 3425 et
3432 3367 3687 3440 qualiter

2036 3461 2214 3519 vitam
2245 3461 2296 3517 ei
2330 3462 2589 3518 auferret
2619 3476 2750 3517 cum
2784 3459 3101 3530 juvenibus
3142 3459 3268 3515 suis
3311 3457 3680 3531 perquirere.

2036 3548 2364 3606 Miserabile
2395 3549 2577 3617 dictu,
2603 3548 2756 3604 intra
2790 3548 2946 3604 fores
2976 3547 3248 3604 ecclesiae
3280 3546 3557 3619 repulsus
3590 3544 3681 3602 vir

2040 3637 2140 3693 Dei
2175 3636 2488 3707 clauditur,
2523 3640 2582 3693 et
2613 3641 2671 3692 ut
2707 3635 2924 3692 furenti
2958 3635 3299 3704 satisfieret,
3336 3633 3557 3691 clamor
3588 3648 3687 3704 po-

2040 3724 2263 3797 pularis
2290 3740 2318 3781 a
2344 3724 2672 3782 fautoribus
2696 3722 2885 3794 ipsius
2911 3722 3193 3779 incitatus
3220 3720 3551 3778 attollitur:
3578 3721 3687 3776 Re-

2043 3812 2254 3870 bellem
2286 3813 2439 3870 hunc
2469 3816 2528 3867 et
2559 3808 2918 3882 Reipublicae
2946 3823 3013 3866 ac
3045 3809 3285 3865 honoris
3316 3808 3523 3880 patriae
3552 3822 3688 3864 con-

2037 3903 2302 3959 trarium.

2113 3990 2314 4048 Sciens
2346 3991 2543 4061 itaque
2565 3987 2655 4045 vir
2684 3987 2784 4044 Dei
2812 3987 2929 4058 jam
2967 3985 3037 4043 ad
3077 3983 3322 4057 palmam
3365 3997 3427 4040 se
3464 3983 3682 4041 vocari.

2043 4080 2289 4137 maxime
2302 4094 2434 4136 cum
2463 4078 2518 4135 id
2544 4075 2904 4134 revelatione
2929 4073 3190 4146 angelica
3218 4073 3574 4147 patefactum
3597 4086 3689 4130 es-

2043 4167 2514 4239 set,intrepidus,
2534 4164 2991 4237 imperterritus,
3011 4162 3340 4221 ﬁxustotus
3356 4162 3410 4218 in
3425 4163 3562 4233 Deo,
3590 4161 3688 4218 ho-

2043 4272 2162 4314 ram
2180 4253 2573 4327 prmstolatur.
2594 4252 2973 4309 Abstrabitur
3001 4252 3213 4309 iterum
3243 4252 3313 4307 ab
3334 4250 3606 4321 ecclesia,
3627 4252 3685 4307 et

2043 4348 2281 4402 sanctus
2295 4341 2516 4399 Domini
2533 4339 2784 4412 indignis
2800 4340 3066 4397 manibus
3082 4342 3687 4412 pertractatur,atque

273 4452 408 4503 tum
450 4447 661 4518 fuerat,
702 4421 923 4506 virtute
962 4421 1155 4506 divina
1199 4447 1515 4520 permansit
1560 4447 1919 4519 indeflciens,

2044 4431 2353 4504 agentibus
2369 4430 2633 4500 Bettone,
2652 4429 2980 4498 Casifredo,
2997 4432 3055 4483 et
3077 4427 3333 4497 Ephane
3348 4426 3683 4520 comitibus,

276 4549 518 4607 semper
536 4536 771 4607 ardens,
788 4544 848 4593 et
868 4553 1029 4595 suam
1054 4536 1474 4609 plenitudinem
1495 4536 1919 4609 inexhaustam,

278 4623 358 4680 ad
377 4625 626 4694 gratiam
650 4626 758 4682 viri
791 4626 891 4682 Dei
929 4626 1357 4697 praedicandam
1389 4626 1658 4682 omnibus
1692 4625 1929 4681 manife-

279 4715 473 4768 stans.
492 4714 561 4769 Et
582 4714 735 4786 quod
755 4719 844 4771 est
872 4714 1219 4784 mirabilius,
1252 4713 1584 4785 quicunque
1609 4713 1930 4783 cujuslibet

280 4799 650 4860 infirmitatis
695 4819 726 4860 a
777 4807 983 4862 sancto
1032 4802 1305 4875 pontifice
1347 4818 1420 4859 ex
1457 4802 1660 4859 eodem
1701 4801 1926 4874 liquore

278 4895 609 4959 perunctus
642 4892 870 4963 fuisset,
907 4892 1066 4951 illico
1095 4897 1338 4950 sanatus
1371 4892 1588 4949 abibat.

356 4978 594 5037 Factum
612 4986 703 5037 est
724 4987 917 5039 autem
932 4986 997 5039 ut
1021 4997 1123 5039 vas
1145 4980 1377 5055 plenum
1403 4981 1539 5051 vini,
1568 4985 1809 5053 propter
1833 4980 1929 5038 ad-

275 5072 598 5125 ventantes
621 5069 718 5141 qui
741 5069 875 5127 inde
896 5070 1222 5141 haurirent,
1249 5086 1279 5127 a
1311 5070 1579 5126 ministro
1612 5070 1769 5127 illius
1803 5069 1929 5126 dili-

275 5156 445 5226 genti
469 5172 609 5215 cura
630 5164 991 5216 servaretur.
1018 5159 1127 5216 Sed
1153 5175 1283 5217 cum
1306 5159 1578 5232 pluribus
1592 5158 1926 5229 diebusjam

279 5259 608 5315 expensum
633 5251 946 5319 putaretur
968 5248 1279 5320 defecisse,
1304 5252 1362 5304 et
1386 5247 1654 5305 minister
1685 5247 1792 5305 viri
1827 5247 1926 5303 Dei

277 5332 341 5389 id
375 5334 705 5392 nuntiasset
738 5336 821 5392 illi
863 5347 909 5409 ει,
956 5337 1090 5409 quia
1139 5351 1251 5393 non
1296 5337 1537 5394 haberet
1586 5335 1927 5408 petentibus

349 5448 383 5512 ξι
410 5440 648 5512 Magnus
683 5444 879 5500 Codex
909 5458 1014 5501 ms.
1052 5444 1114 5498 C.
1150 5442 1571 5500 adnuntiasset
1594 5443 1713 5499 illi.
1752 5442 1831 5497 Id.

351 5508 382 5546 ’³
410 5508 649 5583 Magnus
681 5515 875 5572 Codex
907 5516 969 5572 Ο.
1004 5528 1135 5585 ms.,
1171 5512 1488 5570 doctorem.
1519 5512 1602 5569 Id.

2039 4519 2363 4593 impiissimi
2388 4517 2633 4576 sceleris
2647 4516 3149 4586 consiliatoribus,
3167 4514 3454 4572 custodiae
3479 4512 3687 4570 manci-

2040 4614 2231 4681 patur,
2258 4612 2434 4680 atque
2460 4606 2529 4663 ad
2557 4605 2923 4662 territorium
2950 4616 3131 4674 usque
3155 4603 3540 4674 Lugdunense
3560 4615 3687 4673 pcr-

2039 4698 2293 4768 ducitur,
2321 4711 2500 4768 super
2526 4695 2767 4752 fluvium
2794 4692 3151 4749 Calaronam.
3180 4691 3322 4749 Hinc
3356 4690 3487 4747 inde
3510 4686 3688 4745 valla-

2038 4790 2135 4843 tus
2168 4786 2499 4857 iniquorum
2546 4782 2838 4839 hominum
2883 4780 3093 4852 turbis,
3138 4795 3268 4837 cum
3303 4779 3418 4849 jam
3459 4776 3685 4832 videret

2040 4874 2326 4931 furentem
2364 4870 2795 4928 multitudinem
2836 4869 2891 4925 in
2917 4874 3163 4925 mortem
3195 4881 3357 4924 suam
3380 4862 3532 4922 velle
3555 4878 3688 4921 con-

2036 4976 2298 5033 surgere,
2334 4960 2805 5033 supradictorum
2834 4959 3116 5030 juvenum
3148 4956 3392 5012 maxime
3424 4952 3683 5026 hortatu,

2034 5065 2223 5121 genua
2256 5050 2310 5106 in
2343 5055 2502 5106 terra
2538 5048 2721 5119 figens
2744 5047 2993 5104 orationi
3021 5043 3305 5113 incubuit,
3334 5056 3400 5098 ac
3426 5057 3531 5115 pro
3564 5042 3687 5101 suis

2040 5140 2522 5212 persecutoribus
2538 5137 2725 5195 oravit
2757 5136 2986 5194 dicens:
3004 5131 3595 5203 Domine,uestatuas
3615 5131 3688 5190 il-

2039 5227 2114 5285 lis
2127 5226 2722 5300 hocpecmtumguia
2734 5224 3008 5282 nesciunt
3016 5221 3419 5295 quidfaeiuut
3429 5221 3577 5291 (Act.
3589 5235 3687 5291 ru;

2036 5316 2173 5376 Luc.
2201 5316 2343 5388 xm).
2392 5315 2739 5373 Commendo
2778 5312 2887 5369 tibi
2931 5325 3090 5382 oves,
3146 5325 3292 5384 quas
3340 5310 3530 5382 gratia
3587 5314 3686 5368 tua

2106 5432 2130 5463 ο
2160 5425 2397 5494 Magnus
2428 5422 2620 5478 Codex
2652 5422 2706 5476 S.
2743 5421 2805 5476 G.
2844 5433 2975 5490 ms.,
3007 5419 3348 5479 simulaute.
3385 5420 3464 5475 In.
