3974 6150
314 308 420 362 439

1368 294 1423 348 s.
1468 269 1725 350 ADo'Nis
1764 285 2196 345 ARCHIEPISC.
2239 277 2654 342 vaNuNSIS

3613 275 3712 331 M0

315 424 547 498 suscepi
571 422 874 494 regendas.
910 421 1069 476 Nono
1108 417 1240 474 illas
1281 418 1548 490 luporum
1599 415 1794 472 rabies
1839 412 1952 471 dis-
1979 409 2036 471 A
2065 413 2129 467 ut
2153 408 2429 481 precibus
2448 407 2569 464 suis
2590 403 2998 498 pervincerent
3015 398 3728 498 Chlottariulntunctemr

315 518 540 589 pergat,
577 513 678 568 sed
724 511 779 568 in
823 514 1029 567 sancto
1067 507 1204 566 ovili
1242 507 1522 565 Ecclesiae
1563 511 1680 562 tuae
1720 519 1961 574 congre-

313 608 484 675 gatze,
521 600 757 659 vinculo
797 598 1105 656 charitatis
1152 597 1410 667 adnexae,
1448 596 1642 652 vivant
1691 594 1747 650 in
1788 598 1847 648 te
1889 593 1961 649 de

317 691 530 764 Spiritu
561 689 788 760 gratim,
823 687 1232 745 custodiantur
1271 685 1327 740 in
1370 688 1590 742 aeterna
1633 681 1965 738 miscricor-

317 780 410 837 dia
441 783 562 848 tua,
594 780 732 834 Jesu
767 776 996 832 Christe
1028 773 1153 829 Filii
1186 773 1305 844 Dei,
1343 773 1440 844 qui
1471 771 1619 828 vivis
1647 775 1706 827 et
1759 783 1964 843 regnas

317 868 376 923 in
408 865 624 924 saecula
655 865 1026 922 saeculorum.

392 955 694 1012 Insaniens
726 954 922 1024 itaque
955 951 1288 1022 multitudo,
1333 967 1463 1009 cum
1507 952 1761 1008 furorem
1795 965 1963 1008 suum

318 1057 682 1115 nequaquam
719 1041 1038 1113 reprimere
1062 1043 1286 1112 posset,
1311 1055 1463 1096 unus
1487 1040 1558 1095 de
1583 1039 1966 1097 saevientibus

315 1131 643 1203 corripiens
674 1129 946 1200 lapidem,
981 1129 1228 1185 cerebro
1258 1127 1483 1184 orantis
1515 1128 1747 1183 fortitrr
1775 1126 1964 1195 illisit,

317 1233 386 1276 ac
413 1234 543 1276 mox
577 1217 873 1275 cerebello
903 1221 1078 1288 rupto
1112 1216 1348 1285 sanguis
1377 1216 1636 1272 undatim
1667 1215 1964 1287 proﬁuxit.

320 1307 488 1363 Alter
508 1305 725 1362 vallum
753 1319 823 1360 ex
848 1309 1097 1374 utraque
1127 1310 1294 1376 parte
1323 1303 1703 1360 vehementer
1733 1306 1968 1360 acutum

318 1399 436 1450 tam
463 1394 680 1451 cervici
705 1409 875 1465 quam
899 1393 1077 1464 capiti
1104 1392 1311 1450 inﬁxit.
1339 1393 1549 1463 Sicque
1573 1396 1813 1448 sanctus
1835 1408 1974 1464 pon-

316 1483 462 1539 tifex
501 1483 763 1554 martyrii
805 1481 1051 1554 palmam
1087 1481 1340 1554 adeptus
1375 1481 1644 1550 migravit
1678 1481 1867 1538 victor
1900 1482 1970 1537 ad

317 1572 644 1630 Dominum.
669 1571 1027 1642 Tributaque
1049 1575 1140 1627 est
1172 1571 1224 1626 ei
1257 1570 1396 1640 vita,
1426 1573 1485 1625 et
1521 1569 1824 1640 longitudo
1855 1570 1974 1626 dic-

320 1676 446 1716 rum
471 1661 526 1716 in
551 1659 830 1717 smculum
853 1659 1074 1717 saeculi.
1101 1659 1203 1715 Cui
1227 1658 1272 1715 si
1300 1674 1410 1714 non
1433 1662 1526 1715 est
1553 1658 1773 1715 dictum
1799 1674 1828 1714 a
1845 1673 1975 1730 pcr-

2072 497 2232 571 poris
2263 497 2419 570 pium
2452 507 2672 566 regem,
2698 494 2988 564 quatenus
3014 487 3338 546 concedere
3369 486 3714 557 dignaretur

2072 586 2158 644 eis
2190 587 2445 642 membra
2474 581 2788 639 beatissimi
2831 578 2960 649 viri,
2995 591 3124 648 quae
3155 576 3304 633 sicut
3336 574 3568 646 sepulta
3603 575 3717 632 fue-

2074 679 2228 745 rant,
2263 676 2317 731 in
2361 671 2598 730 dimcesi
2635 667 3027 741 Lugdunensi,
3066 670 3126 723 et
3166 666 3220 722 in
3263 664 3392 722 loco
3435 663 3718 736 passionis

2075 779 2194 822 sua:
2225 763 2631 820 servabantur.
2658 759 2797 826 Quae
2828 757 2978 814 idem
3008 755 3138 827 pius
3158 770 3262 811 rex
3291 753 3620 812 clementer
3639 751 3718 809 in-

2076 852 2289 918 dulsit;
2323 850 2559 907 videbat
2589 846 2740 903 eni'm
2772 845 3163 915 dignissimam
3195 857 3318 900 rem
3347 846 3408 898 et
3437 843 3561 898 Deo
3590 840 3720 898 cha-

2077 939 2362 1002 rissimam
2395 937 2526 993 illos
2557 934 2876 1008 postulare,
2907 937 2968 988 et
2999 931 3269 989 affectum
3309 931 3540 1002 piorum
3579 927 3720 988 ﬁlio-

2078 1044 2206 1086 rum
2238 1028 2394 1085 circa
2430 1023 2616 1098 patris
2647 1021 3033 1090 reverentiam
3065 1033 3193 1078 esse
3214 1019 3518 1092 profusum
3544 1036 3562 1086 ;
3593 1018 3722 1090 quis

2078 1121 2305 1173 tantum
2330 1129 2478 1186 opus
2500 1110 2737 1184 pietatis
2768 1108 3166 1181 quaerentibus
3195 1122 3307 1164 non
3335 1105 3726 1166 concederet?

2079 1205 2302 1262 Debent
2317 1206 2516 1275 patres
2527 1195 3072 1257 Misthesaurizare
3087 1213 3104 1262 ;
3117 1193 3540 1254 thesaurizavit
3552 1192 3731 1267 plane

2082 1293 2191 1351 iste
2213 1292 2552 1350 thesaurum
2585 1286 2701 1344 illis
2731 1302 2840 1344 non
2873 1284 3238 1343 deficientem
3272 1283 3327 1340 in
3355 1282 3542 1352 cmlis,
3579 1296 3726 1354 quos

2083 1395 2340 1454 purpura
2363 1377 2658 1448 sanguinis
2686 1375 2796 1445 sui,
2821 1374 2892 1430 ad
2924 1373 3194 1430 decorem
3226 1371 3498 1441 ﬁliorum,
3522 1383 3726 1442 super-

2083 1467 2319 1526 vestivit
2346 1485 2361 1533 ;
2395 1465 2612 1522 debent
2635 1467 2694 1520 et
2719 1463 2820 1518 ﬁlii
2853 1460 3119 1532 patribus
3146 1459 3416 1517 aﬁ'ectum
3449 1457 3560 1530 pia
3590 1458 3724 1517 cha-

2085 1557 2280 1614 ritatis
2307 1560 2366 1613 et
2398 1553 2767 1623 obedientiaa,
2798 1567 2864 1609 ac
2896 1551 2967 1607 de
3009 1549 3191 1622 pomis
3233 1547 3726 1605 desiderabilibus

2085 1646 2368 1703 virtutum
2389 1658 2492 1700 eos
2513 1641 2776 1709 reﬁcere,
2793 1643 2856 1696 ut
2877 1653 3075 1696 eorum
3098 1642 3273 1707 gustu
3293 1639 3354 1693 et
3374 1635 3558 1694 odore
3579 1635 3726 1693 refe-

321 1749 696 1807 sccutoribus
742 1767 754 1802 :
787 1747 1060 1805 Sacriﬁca
1099 1746 1477 1814 daemonibus,
1512 1751 1602 1802 cst
1633 1753 1822 1803 tamen
1852 1746 1959 1804 dic-

2095 1733 2186 1800 cti,
2221 1737 2280 1789 et
2317 1732 2532 1801 satiati,
2557 1731 2612 1787 in
2647 1729 2934 1787 charitate
2967 1725 3246 1817 templum
3277 1724 3528 1817 decoris,
3551 1727 3614 1780 et
3635 1722 3728 1817 do-

318 1840 474 1892 tum:
501 1835 774 1893 Consenti
810 1835 976 1893 nobis
1000 1833 1538 1906 peccantibus;sile
1561 1835 1888 1904 veritatem,
1907 1838 1968 1889 ut

321 1925 584 1980 fruamur
599 1924 818 1996 cupitis
833 1923 1218 1995 amplexibus.
1247 1923 1384 1980 Inde
1407 1937 1546 1978 vere
1571 1927 1808 1992 martyr,
1836 1923 1968 1995 quia

321 2016 379 2068 et
395 2010 984 2068 veritatemtenuitet
1001 2010 1392 2079 dilectionem,
1414 2010 1679 2067 exhibuit
1696 2011 1748 2066 in
1776 2025 1971 2068 corre-

324 2100 523 2173 ptione
555 2099 916 2172 patientiam.
942 2098 1082 2154 Mori
1106 2113 1214 2156 non
1242 2099 1638 2170 pertimuit,et
1659 2114 1798 2157 suos
1822 2114 1969 2172 quos

325 2187 560 2243 Christo
590 2187 902 2256 nutrierat,
937 2185 1175 2243 doceret
1209 2202 1315 2258 pro
1344 2187 1597 2244 veritate
1629 2188 1803 2245 etiam
1837 2202 1971 2245 con-

323 2279 550 2331 stanter
581 2278 827 2330 mortem
855 2274 1148 2345 excipere,
1183 2275 1415 2344 quando
1447 2275 1669 2332 veritas
1701 2275 1971 2332 Christus

321 2361 439 2428 sit;
482 2365 540 2416 et
585 2360 717 2431 quia
761 2361 918 2417 nulla
961 2361 1322 2418 adversitate
1363 2363 1434 2418 ad
1473 2362 1738 2418 ultimum
1781 2375 1969 2433 neque

318 2451 506 2504 morte
540 2447 826 2504 deberent
860 2448 1117 2520 separari
1153 2463 1182 2504 a
1215 2449 1503 2505 charitate
1545 2449 1777 2506 Christi.
1821 2449 1968 2506 Verc

323 2535 554 2592 amabat
581 2535 742 2606 ipsos
771 2552 801 2592 a
826 2537 1038 2607 quibus
1065 2536 1282 2606 injuste
1311 2538 1711 2608 occidebatur,
1747 2552 1969 2608 suaque

320 2638 485 2696 poena
515 2623 852 2681 insinuabat
885 2623 1002 2682 illis
1038 2640 1208 2696 quam
1241 2625 1736 2698 periculosissime
1769 2626 1878 2698 ipsi
1913 2626 1968 2683 in

323 2716 607 2768 aeternum
665 2713 1035 2784 punirentur,
1079 2714 1176 2784 qui
1219 2713 1504 2785 ﬁagitiose
1543 2718 1602 2770 et
1643 2714 1968 2772 facinorose

216 2811 233 2827 '
317 2799 613 2870 vivebant,
659 2800 889 2872 quando
930 2800 1056 2874 ipse
1096 2805 1157 2860 ut
1200 2816 1270 2858 ne
1310 2801 1528 2859 talibus
1569 2802 1810 2873 faveret,
1854 2817 1967 2859 non

323 2888 492 2944 modo
537 2888 954 2962 committeret,
992 2903 1217 2962 pmnam
1261 2904 1666 2962 quamcunque
1702 2891 1968 2963 corporis

320 2975 594 3049 excipere
626 2981 868 3048 paratus
901 2980 1082 3035 esset.

391 3064 530 3129 Qum
553 3070 748 3120 autem
774 3063 920 3120 ultio
944 3065 998 3120 in
1025 3065 1297 3136 prasenti
1326 3066 1556 3138 impiam
1582 3065 1737 3122 illam
1763 3081 1968 3138 percu-

320 3150 476 3217 lerit,
502 3155 655 3207 utne
679 3151 912 3222 impune
937 3152 1068 3222 quis
1092 3151 1298 3208 credat
1325 3167 1390 3208 se
1415 3167 1683 3224 peccare,
1713 3154 1978 3210 breviter

319 3236 599 3308 attingam
636 3257 648 3292 :
683 3237 978 3295 Chlotario
1019 3238 1346 3312 [Clottario]
1389 3253 1527 3310 rege
1575 3239 1980 3310 judicantibus

317 3323 572 3396 Francis,
599 3325 898 3384 indomitis
923 3325 1091 3396 equis
1123 3324 1369 3395 religata
1399 3327 1679 3398 brachiis,
1709 3333 1770 3384 et
1794 3327 1980 3384 cruri-

319 3411 429 3468 bus
478 3413 839 3484 divaricatis,
889 3413 1258 3470 membratim
1311 3413 1684 3485 discinditur,
1737 3417 1854 3472 Deo
1894 3415 1980 3472 illi

319 3513 424 3570 pro
453 3498 776 3571 voluptatis
805 3501 930 3558 suis
957 3501 1189 3567 dignam
1223 3515 1450 3573 poenam
1485 3503 1876 3560 retribuente.

391 3587 551 3643 Beati
575 3587 683 3644 viri
709 3605 944 3663 corpus,
968 3589 1165 3648 studio
1179 3589 1434 3647 ﬁdelium
1449 3596 1740 3663 curatum,
1773 3592 1827 3648 in
1853 3591 1980 3651 loco

323 3675 617 3746 passionis
647 3692 768 3736 suae
799 3678 1094 3751 sepultum
1129 3683 1240 3736 est.
1295 3678 1496 3750 Ibique
1542 3680 1744 3751 quanti
1785 3680 1978 3738 meriti

321 3764 472 3836 apud
509 3767 804 3824 Dominum
837 3773 1018 3838 esset,
1059 3767 1364 3825 miraculis
1395 3783 1456 3826 se
1490 3768 1831 3840 publicavit.

394 3853 650 3926 Contigit
667 3859 731 3914 ut
749 3857 985 3927 quidam
1011 3857 1410 3929 pauperculus
1423 3858 1692 3916 omnibus
1705 3858 1980 3916 membris

325 3946 693 4012 contractus,
719 3945 1366 4016 insupertrementibus
1389 3946 1837 4016 membrisgravi
1853 3961 1982 4018 pas-

329 4028 493 4084 sione
518 4030 881 4098 agitaretur;
906 4031 1001 4086 hic
1024 4031 1079 4086 in
1105 4029 1278 4100 qualo
1314 4031 1513 4101 virgeo
1543 4033 1613 4089 ad
1648 4035 1979 4092 memoriam

334 4117 612 4187 martyris
647 4119 1016 4190 deportatus,
1053 4134 1185 4176 mox
1210 4123 1274 4177 ut
1295 4134 1424 4178 cum
1451 4119 1562 4177 ﬁde
1581 4135 1747 4194 opem
1771 4127 1983 4194 marty-

328 4203 414 4260 ris
448 4205 716 4278 expetiit,
750 4205 1007 4276 perfecta
1041 4207 1298 4264 sanitate
1329 4208 1636 4267 incolumis
1668 4210 1861 4267 rediit.

401 4293 678 4350 Claudius
717 4293 948 4351 nomine
983 4293 1239 4352 habebat
1269 4295 1442 4352 ﬁliam
1486 4297 1668 4376 multo
1721 4303 1981 4371 tempore

331 4381 472 4438 tibia
497 4380 958 4449 claudicantem;
985 4383 1270 4449 accessit;
1297 4383 1470 4442 ﬁliam
1505 4385 1742 4456 martyri
1777 4401 1983 4444 sanan-

2006 3108 2054 3170 Ο

2083 1817 2360 1889 musDei,
2406 1833 2580 1876 unum
2622 1817 2674 1873 in
2719 1815 2948 1873 Christo
2988 1813 3329 1884 ﬁant;quaa
3373 1811 3567 1882 gratia
3617 1809 3726 1884 pia

2085 1908 2290 1965 matris
2309 1906 2582 1965 Ecclesiae
2614 1904 2816 1974 major,
2852 1919 3020 1975 quam
3065 1906 3125 1959 ut
3170 1901 3368 1958 videat
3399 1898 3552 1956 ﬁlios
3593 1912 3732 1958 suos

2082 1996 2256 2068 digne
2289 1997 2407 2053 Deo
2439 1992 2846 2051 ambulantes?
2876 1993 3056 2064 Caput
3089 1989 3439 2048 humilitatis
3477 1989 3537 2045 in
3577 2001 3730 2047 com-

2082 2101 2228 2158 page
2268 2082 2576 2142 charitatis
2611 2095 2956 2150 connexum,
3008 2079 3282 2136 membris
3319 2078 3606 2148 vigorem,
3659 2076 3732 2134 ti-

2079 2176 2257 2234 moris
2286 2178 2345 2232 et
2379 2171 2618 2246 pietatis
2649 2173 2814 2229 boum
2844 2169 2968 2242 spei
2999 2167 3444 2226 subministrare
3463 2168 3490 2223 1

2151 2265 2550 2320 Revertuntur
2573 2258 2798 2317 alacres
2819 2274 2849 2315 a
2874 2258 3158 2330 principe,
3179 2261 3301 2312 tam
3330 2255 3532 2314 clerus
3559 2269 3731 2328 quam

2081 2351 2351 2425 populus,
2388 2348 2745 2407 desiderium
2775 2347 2970 2405 cordis
2999 2346 3108 2417 sui,
3135 2345 3492 2402 desiderium
3515 2344 3736 2403 amoris

2080 2440 2166 2498 sui
2211 2439 2365 2510 quod
2407 2438 2721 2508 impetrare
2773 2435 3141 2492 meruissent.
3185 2433 3540 2492 Benedictus
3579 2433 3732 2491 Deus

2081 2527 2178 2600 qui
2203 2527 2369 2586 dedit
2391 2527 2498 2584 hoc
2523 2527 2578 2582 in
2599 2526 2777 2583 corde
2801 2524 2974 2595 regis,
3000 2527 3062 2581 ut
3095 2522 3495 2594 magniﬁcaret
3527 2521 3734 2580 civita-

2079 2621 2196 2674 tem
2229 2619 2490 2674 nostram
2523 2615 2596 2672 de
2628 2613 2964 2686 rcceptione
2998 2611 3312 2670 beatissimi
3347 2611 3607 2684 pastoris
3636 2625 3736 2669 no-

2080 2704 2185 2762 stri
2219 2719 2284 2761 ac
2319 2702 2594 2776 martyris
2624 2701 2732 2758 sui.
2780 2701 3180 2771 Congregatur
3219 2699 3490 2756 universa
3535 2698 3738 2757 Eccle-

2079 2793 2184 2864 sia,
2209 2793 2484 2864 gaudium
2508 2795 2626 2848 tam
2648 2789 2882 2848 celebre
2905 2789 3174 2846 omnibus
3195 2788 3501 2860 indicitur,
3531 2801 3738 2862 paran-

2078 2886 2178 2938 tur
2199 2895 2432 2951 cruces,
2461 2884 2742 2953 parantur
2765 2876 3094 2949 luminaria,
3120 2878 3400 2934 feretrum
3434 2876 3740 2949 pretiosis-

2079 2971 2243 3029 simis
2271 2968 2536 3028 vestibus
2564 2966 2955 3040 componitur,
2999 2966 3225 3024 festivis
3265 2966 3578 3024 ornatibus
3617 2965 3740 3024 uni-

2085 3059 2238 3116 versi
2273 3057 2619 3127 induuntur,
2653 3071 2720 3112 ac
2751 3054 2853 3111 tali
2889 3067 3094 3127 pompa
3126 3053 3363 3112 honoris
3397 3053 3459 3110 ﬁt
3504 3067 3740 3127 proces-

2088 3163 2188 3205 sus
2217 3147 2289 3205 ad
2321 3145 2504 3205 sancti
2541 3143 2831 3218 pontiﬁcis
2862 3143 3221 3216 martyrium.

2159 3237 2296 3293 Rem
2339 3235 2608 3292 dicturus
2647 3249 2771 3290 sum
2812 3232 3141 3290 devotionis
3188 3231 3244 3288 in
3291 3233 3474 3288 Deum
3526 3231 3742 3304 plentsp

2089 3324 2267 3381 simas.
2301 3322 2506 3394 Populi
2530 3327 2646 3378 tam
2673 3321 3027 3379 Viennenses
3048 3335 3216 3392 quam
3241 3319 3665 3390 Lugdunenses
3684 3319 3739 3377 in

2090 3427 2263 3470 unum
2295 3411 2670 3482 conveniunt,
2714 3411 2775 3466 ﬁt
2817 3411 2908 3482 pia
2949 3409 3278 3480 altercatio,
3321 3409 3744 3480 Lugdunenses

2090 3505 2402 3574 martyrem
2426 3500 2664 3570 habere,
2689 3500 3045 3556 Viennenses
3066 3502 3356 3570 pastorem
3381 3497 3742 3566 referre;at-

2091 3603 2203 3661 que
2226 3589 2380 3645 inter
2411 3591 2692 3660 utrosque
2714 3586 3049 3646 charissima
3072 3585 3456 3656 concertatio,
3481 3601 3618 3644 cum
3643 3585 3740 3643 isti

2091 3677 2460 3748 acquisitum,
2479 3676 2559 3732 illi
2577 3681 2950 3748 reposcerent
2967 3680 3294 3748 patronum.
3320 3675 3593 3745 lsti,cum
3619 3674 3742 3746 qui-

2091 3767 2200 3824 bus
2212 3770 2432 3840 martyr
2455 3765 2510 3822 in
2533 3767 2649 3822 Deo
2669 3753 2936 3833 vivebat;
2961 3763 3068 3835 illi,
3097 3779 3228 3823 cum
3253 3764 3463 3836 quibus
3477 3769 3536 3822 et
3559 3775 3742 3822 carne

2090 3855 2368 3926 magister
2389 3855 2636 3912 vixerat.
2671 3853 2819 3922 Quid
2852 3853 3081 3924 longius
3112 3853 3339 3910 morer?
3369 3853 3508 3910 dum
3542 3865 3741 3925 perse-

2089 3944 2494 4001 verantissime
2516 3943 2790 4014 utrinque
2810 3951 2838 3982 ι
2862 3956 2966 4014 pro
2988 3957 3183 4000 amore
3215 3940 3492 4014 martyris
3518 3941 3576 3998 in
3609 3955 3741 4000 sen-

2090 4032 2273 4089 tentia
2305 4033 2608 4102 durarent,
2643 4032 2758 4089 ruit
2793 4047 2924 4088 nox.
2958 4032 3312 4089 Viennenses
3344 4031 3442 4102 qui
3485 4029 3622 4103 plus
3657 4029 3742 4086 di-

2089 4119 2376 4192 lexerant,
2408 4125 2467 4178 et
2503 4121 2715 4192 quibus
2740 4120 2960 4192 iustior
2977 4135 3150 4178 causa
3175 4119 3593 4191 famulabatur,
3614 4133 3748 4177 con-

2090 4208 2280 4266 silium
2313 4207 2590 4266 subtilius
2611 4212 2946 4280 capessunt.
2983 4207 3202 4265 Furtim
3232 4211 3432 4278 egesta
3457 4207 3659 4278 humo,
3683 4213 3743 4264 et

2091 4300 2360 4353 sanctum
2391 4295 2724 4368 sepulcrum
2757 4301 3109 4365 reserantcs,
3140 4294 3406 4352 navicula
3437 4309 3572 4353 cum
3615 4300 3744 4353 rete

2092 4383 2403 4457 piscatoria
2437 4388 2661 4456 parata,
2696 4384 2996 4442 subcelant
3021 4398 3255 4456 corpus,
3279 4387 3454 4454 atque
3478 4397 3588 4454 per
3610 4383 3746 4440 Sao-

332 4470 462 4526 dam
499 4469 792 4526 commisit
819 4489 833 4538 ;
865 4469 994 4528 oleo
1025 4470 1214 4543 ipsius
1248 4477 1308 4529 ut
1343 4487 1446 4544 per
1474 4472 1614 4530 inita
1655 4478 1764 4545 est,
1801 4476 1984 4532 sanis-
2010 4460 2064 4522 D
2092 4486 2222 4529 nam
2243 4471 2350 4528 bet
2371 4472 2708 4529 Rhodanum
2737 4477 2871 4528 ante
2901 4471 3139 4528 mittunt
3165 4489 3181 4538 ;
3212 4469 3364 4528 laetis
3393 4470 3589 4542 undis,
3622 4475 3743 4528 tam

329 4559 471 4616 sima
505 4558 736 4630 effecta,
775 4563 1061 4616 torturam
1092 4559 1538 4618 claudicationis
1568 4563 1780 4619 amisit.

410 4647 531 4704 Diei
564 4663 676 4704 non
713 4651 907 4720 potest
929 4653 1070 4720 quot
1092 4649 1230 4706 cmci
1261 4649 1338 4706 ibi
1381 4649 1572 4710 lumen
1615 4650 1983 4723 inexpertum

338 4737 696 4810 receperint,
719 4737 1058 4794 daemoniaci
1078 4738 1307 4810 purgati
1333 4738 1467 4809 sint,
1485 4737 1677 4796 claudi
1700 4739 1983 4810 sanati,et

341 4824 590 4882 diversis
625 4823 1066 4882 inﬁrmitatibus
1097 4825 1316 4881 diversi
1345 4825 1555 4883 curati.
1593 4826 1703 4882 Sed
1730 4830 1791 4884 et
1814 4827 1863 4884 si
1886 4831 1983 4898 qui

335 4927 465 4970 cum
493 4912 604 4970 ﬁde
627 4911 874 4970 tulerint
901 4911 1174 4970 assellam
1199 4913 1270 4969 de
1292 4913 1446 4970 fuste
1468 4912 1568 4971 illo
1591 4928 1706 4986 quo
1719 4919 1984 4974 sanctum

331 5003 509 5070 caput
531 5000 694 5060 illius
711 5001 1078 5058 terebratum
1101 5004 1211 5072 est,
1247 5001 1371 5058 sive
1403 5016 1433 5058 a
1465 5000 1668 5060 dolore
1700 5003 1981 5074 dentium,

333 5085 458 5141 sive
489 5101 519 5143 a
547 5093 688 5162 typo
731 5089 1028 5147 variarum
1071 5088 1340 5161 febrium,
1384 5089 1507 5146 sive
1545 5091 1618 5147 ab
1659 5090 1790 5150 aliis
1831 5093 1990 5150 inﬁr-

339 5171 662 5247 mitatibus,
696 5178 923 5236 meritis
955 5177 1111 5236 beati
1142 5177 1417 5248 martyris
1445 5175 1792 5238 liberantur.

403 5258 647 5318 Evoluto
667 5263 864 5338 itaque
887 5272 1172 5340 tempore,
1199 5264 1386 5324 visum
1417 5269 1507 5323 est
1533 5267 1796 5339 pontiﬁci
1819 5269 1988 5328 Vien-

335 5346 600 5406 nensium
631 5353 692 5406 et
726 5355 1105 5413 sanctissimo
1135 5353 1318 5426 clero,
1342 5369 1410 5412 ac
1443 5354 1716 5414 universo
1749 5357 1982 5430 populo,

407 5465 437 5495 ι
471 5455 708 5527 Magnus
740 5457 936 5514 Codex
966 5476 1070 5518 ms.
1105 5462 1159 5518 S.
1195 5464 1258 5520 G.
1285 5463 1626 5536 utrumque.

2093 4564 2358 4618 sanctum
2384 4561 2574 4632 funus,
2589 4565 2646 4617 et
2673 4560 2795 4632 ipse
2819 4558 3157 4617 Rhodanum
3179 4558 3301 4615 suis
3318 4558 3550 4616 civibus
3561 4557 3744 4616 servi-

2093 4653 2265 4706 turus
2293 4649 2534 4722 excipit.
2589 4646 3007 4719 Crepusculqu
3046 4646 3240 4718 rediit,
3281 4649 3457 4717 atque
3499 4651 3742 4706 caterva

2093 4737 2436 4796 Viennensis
2453 4753 2583 4795 cum
2609 4738 2826 4794 feretro
2855 4750 3039 4793 vacuo
3072 4735 3364 4808 pedestris
3393 4736 3740 4796 revertitur.

2093 4825 2400 4884 Exsultant
2432 4825 2846 4896 Lugdunenses
2874 4823 3105 4896 decepti
3135 4839 3278 4882 vana
3310 4839 3451 4896 spe;
3483 4825 3590 4883 sed
3631 4841 3743 4884 non

2096 4915 2193 4972 diu
2236 4917 2352 4972 tam
2398 4915 2537 4972 felix
2577 4914 2794 4972 furtum
2834 4929 2935 4972 eos
2980 4912 3174 4985 latuit,
3226 4913 3426 4986 sicque
3475 4912 3742 4974 laetitiam

2096 5002 2405 5076 desperata
2435 5003 2679 5062 victoria
2714 5002 3116 5075 perdiderunt.

2167 5089 2255 5147 Illi
2278 5095 2471 5149 autem
2495 5092 2593 5164 qui
2615 5092 2746 5150 navi
2769 5091 3199 5150 transferebant
3222 5091 3480 5150 membra
3514 5091 3744 5164 pontiﬁ-

2097 5180 2202 5252 cis,
2235 5185 2299 5238 ut
2337 5185 2622 5238 venerunt
2663 5186 2867 5240 contra
2907 5180 3204 5239 Fasianam
3243 5179 3460 5252 villam,
3504 5181 3744 5256 appule-

2096 5272 2232 5328 runt
2266 5269 2337 5327 ad
2371 5269 2558 5340 littus,
2581 5269 2941 5328 sustinentes
2961 5273 3223 5328 sanctam
3245 5273 3546 5329 catervam
3570 5271 3744 5344 pede-

2097 5357 2328 5418 strium.
2361 5358 2501 5416 Erat
2531 5361 2673 5418 tunc
2704 5357 2987 5432 temporis
3013 5372 3152 5430 ager
3182 5357 3478 5430 Fasiauus,
3517 5359 3642 5430 jam
3685 5361 3748 5417 ut

2164 5465 2462 5540 “Cod-ms.
2484 5466 2549 5540 is
2579 5465 2838 5540 margine
2853 5465 3748 5540 =SwﬂwfwﬁSMM.

2093 5537 2438 5610 ingrediare
2466 5537 2822 5597 Rhodanum
2856 5537 3022 5610 apud
3037 5537 3393 5610 Mdu“
3410 5537 3741 5597 dum
