3974 6150
230 330 309 384 641

1336 357 1341 362 ι
1421 318 1514 376 DE
1550 317 1894 377 PASSIONE
1932 320 1986 391 S.
2028 321 2397 383 DESIDERII.

3505 330 3609 387 462

229 447 494 526 proprius
529 446 840 518 delegatus
871 444 1225 518 pauperibus
1267 447 1606 502 sanctorum
1637 448 1849 515 marty-
1883 447 1936 509 A
1966 462 2119 518 cum,
2147 448 2313 519 juxta
2346 450 2601 506 tumbam
2635 449 2917 521 episcopi,
2941 454 2999 506 et
3024 450 3299 522 martyris
3318 450 3607 510 Desiderii

228 554 341 598 rum
365 538 422 593 in
447 551 692 610 quorum
716 536 932 591 honore
953 535 1299 591 Viennensis
1333 532 1595 591 Ecclesia
1622 534 1858 593 fundata

228 627 525 693 consistit;
549 642 675 682 nam
699 630 832 681 ante
856 624 1007 681 sicut
1034 623 1182 680 idem
1198 623 1486 693 martyrin
1501 626 1858 680 testamento

230 732 325 774 suo
355 715 510 787 quod
547 715 685 771 fecit
726 714 947 771 sanctis
997 712 1353 783 martyribus
1400 713 1763 781 Machabmis,
1800 716 1859 768 et

230 808 425 863 sancto
445 803 816 873 Mauricio,ae
831 817 935 858 sex
954 802 1187 858 milibus
1209 801 1505 858 sexcentis
1530 801 1856 870 sexaginta,

230 896 656 963 commemorat,
680 906 752 949 ex
774 891 1053 947 maternis
1083 896 1144 946 et
1174 890 1435 962 paternis
1466 889 1667 945 eadem
1698 886 1856 959 villa,

230 987 377 1041 sorte
402 982 577 1039 beato
597 980 899 1037 Desiderio
920 980 1256 1036 obvenerat.
1273 979 1334 1033 In
1356 992 1469 1048 quo
1485 980 1856 1046 testamento,

229 1071 371 1144 quod
392 1069 788 1143 praesentibus
807 1067 1028 1125 sanctis
1044 1066 1413 1139 coepiscopis
1436 1080 1605 1123 manu
1626 1065 1858 1137 propria

230 1159 378 1228 fecit,
407 1158 520 1215 sub
540 1157 642 1214 Dei
669 1155 1090 1228 omnipotentis
1111 1154 1506 1211 obtestatione
1529 1152 1856 1223 constituit,

231 1252 286 1307 ut
306 1246 508 1305 nullus
531 1250 917 1318 praesumeret
939 1248 1136 1301 votum
1160 1242 1369 1314 ipsius,
1384 1242 1602 1301 intuitu
1624 1240 1861 1313 pietatis

230 1335 563 1410 perfectum,
591 1335 646 1391 in
672 1333 831 1392 aliud
855 1348 1022 1404 quam
1056 1332 1182 1404 ipse
1214 1336 1504 1389 statuerat
1537 1333 1809 1388 mutaret.
1833 1339 1861 1367 ι

231 1424 382 1492 Quod
433 1423 484 1479 si
520 1422 734 1494 aliquis
766 1422 979 1494 spiritu
1011 1420 1355 1493 cupiditatis
1388 1420 1665 1475 incitatus
1696 1418 1862 1475 fecis-

230 1518 327 1583 set,
357 1513 409 1569 si
436 1511 789 1584 sententiam
812 1525 930 1567 sua)
953 1510 1201 1567 actionis
1235 1508 1568 1580 paenitendo
1600 1522 1707 1564 non
1746 1523 1864 1562 mu-

228 1606 389 1671 taret,
419 1602 728 1658 anathema
750 1600 804 1656 in
828 1603 1112 1657 aeternum
1146 1599 1331 1654 fieret.
1361 1598 1728 1654 Sustinentes
1761 1596 1863 1665 igi-

232 1698 314 1750 tur
336 1696 613 1749 vectores
636 1690 824 1748 sancti
849 1690 1088 1759 funeris,
1116 1689 1169 1744 in
1196 1688 1302 1745 hac
1325 1686 1459 1745 villa
1482 1686 1615 1744 illos
1638 1686 1734 1756 qui
1762 1700 1862 1757 per

1967 538 2299 607 constituit,
2321 553 2569 608 eumque
2596 538 2763 595 fidem
2788 538 3003 594 habere
3024 539 3399 610 praemonuit;
3421 540 3605 598 adfuit
3653 542 3659 547 ’

1968 626 2159 683 virtus
2194 627 2387 685 divina
2421 626 2549 699 qum
2582 642 2815 699 semper
2837 641 2975 683 suos
2992 627 3301 698 glorificat,
3326 632 3385 684 et
3404 629 3606 699 quanti

1970 713 2163 770 meriti
2185 720 2344 772 esset
2362 715 2516 786 apud
2540 717 2713 772 Deum
2740 715 2791 771 is
2816 714 2911 785 qui
2934 715 2989 769 in
3008 714 3137 770 loco
3156 714 3257 771 illo
3282 718 3603 787 teneretur,

1969 804 2344 861 evidentibus
2376 804 2559 874 signis
2590 804 3016 871 manifestavit;
3040 818 3166 858 nam
3201 803 3257 858 in
3290 808 3606 875 conspectu

1972 892 2156 949 totius
2177 892 2473 962 Ecclesiae,
2491 906 2685 949 caecus
2707 892 2891 949 isdem
2918 892 3109 949 lumen
3134 892 3500 963 inexpertum
3524 907 3611 948 re-

1969 979 2145 1051 cepit.
2163 980 2456 1051 Multaque
2477 981 2845 1051 postmodum
2869 979 2948 1036 ibi
2971 980 3248 1036 Dominus
3267 993 3609 1050 perservum

1972 1081 2139 1125 suum
2173 1072 2450 1139 operatus
2477 1073 2588 1138 est,
2625 1082 2752 1138 quae
2785 1068 2831 1124 si
2867 1067 3137 1124 universa
3182 1067 3313 1137 quis
3352 1066 3612 1125 scribere

1970 1156 2248 1227 voluerit,
2284 1156 2555 1213 volumen
2588 1156 2742 1227 longi
2777 1156 2975 1228 operis
3016 1156 3462 1213 consummabit.

2042 1248 2257 1303 Passus
2290 1251 2383 1303 est
2417 1250 2609 1303 autem
2644 1245 3021 1302 beatissimus
3050 1243 3391 1302 Desiderius
3419 1243 3617 1302 Eccle-

1971 1333 2072 1392 sias
2102 1334 2446 1390 Viennensis
2495 1334 2828 1404 episcOpus,
2866 1332 3229 1404 temporibus
3274 1331 3614 1389 Theoderici

1972 1422 2436 1490 Burgundiorum
2470 1422 2645 1491 regis,
2685 1422 2933 1477 factione
2975 1419 3384 1476 Brunnehildis
3429 1420 3618 1476 inces-

1973 1511 2329 1568 tuosissimae
2354 1511 2589 1579 reginze,
2611 1510 2902 1581 iniquitati
2929 1508 3086 1565 illius
3108 1508 3619 1566 consentientibus

1973 1603 2033 1655 et
2082 1600 2415 1655 faventibus
2461 1599 2737 1667 Bethone,
2783 1598 3034 1669 Ephane,
3089 1603 3263 1667 atque
3314 1595 3615 1653 Gasifredo

1974 1688 2311 1745 comitibus.
2349 1688 2483 1743 Dies
2517 1687 2802 1758 passionis
2837 1686 2996 1742 illius
3028 1686 3283 1742 celebris
3311 1686 3560 1742 habetur
3582 1700 3617 1742 x

233 1788 436 1837 terram
483 1781 797 1853 pedestres
828 1778 1232 1845 Veniebant,in
1280 1776 1408 1833 loco
1457 1775 1861 1843 mundissimo,
1896 1800 1948 1859 Β
1980 1777 2099 1833 Kal.
2134 1778 2310 1846 Junii,
2345 1780 2624 1847 regnante
2656 1776 2897 1832 Domino
2938 1778 3138 1832 nostro
3178 1776 3313 1832 Jesu
3362 1774 3616 1845 Christo,

233 1869 450 1931 interim
483 1872 684 1925 sancta
718 1868 972 1922 membra
1003 1868 1482 1937 composuerunt.
1518 1864 1667 1931 Quid
1699 1863 1866 1918 mira-

232 1956 333 2015 culi
365 1960 511 2013 tunc
542 1955 882 2026 contigerit,
921 1953 1095 2011 silere
1126 1969 1237 2009 non
1273 1958 1431 2025 puto.

247 2087 251 2090 .
280 2044 496 2102 Mulier
529 2044 731 2102 multis
761 2043 930 2100 annis
962 2044 1034 2100 ab
1059 2043 1278 2116 .spiritu
1310 2041 1602 2099 immundo
1634 2044 1861 2109 vexata,

233 2131 357 2190 illuc
391 2133 664 2189 manibus
694 2146 933 2189 suorum
966 2134 1239 2199 attracta,
1276 2133 1336 2187 ut
1369 2129 1554 2185 sancti
1590 2126 1863 2197 martyris

232 2221 410 2280 locum
444 2222 663 2292 attigit,
699 2221 858 2277 illico
889 2221 1108 2277 virtute
1139 2220 1332 2276 divina
1371 2224 1572 2277 curata
1607 2222 1717 2273 est.

290 2313 358 2367 Ut
391 2314 590 2366 autem
622 2311 683 2365 Β.
718 2309 1014 2365 IEtberius
1046 2313 1189 2369 tunc
1218 2308 1566 2363 Viennensis
1612 2306 1863 2362 antistes

233 2414 347 2457 cum
382 2397 631 2468 reliquis
660 2397 756 2468 qui
788 2397 843 2452 in
880 2398 1023 2453 urbe
1072 2400 1467 2452 remanserant
1514 2394 1769 2463 advenit,
1803 2396 1865 2449 et

232 2491 420 2544 sancto
462 2487 685 2544 feretro
728 2485 880 2541 ulnis
920 2486 1147 2556 piorum
1189 2486 1492 2553 subvecto,
1528 2483 1862 2552 chorusque

235 2574 372 2632 beati
408 2574 629 2647 populi,
654 2588 831 2630 voces
853 2574 1213 2631 cantantium
1237 2574 1468 2642 Deoque
1489 2576 1693 2627 nostro
1717 2569 1864 2640 psal-

235 2664 488 2734 lentium,
521 2665 576 2720 in
611 2664 789 2720 altum
814 2663 1076 2734 sustulit,
1103 2663 1234 2734 quis
1258 2663 1334 2718 ibi
1363 2667 1475 2718 tam
1502 2662 1747 2716 ferreum
1776 2673 1863 2730 pe-

234 2755 371 2823 ctus,
402 2756 525 2809 tam
558 2753 704 2809 d-ura
736 2752 1060 2824 praecordia
1100 2752 1315 2807 habere
1356 2750 1566 2821 potuit,
1602 2749 1698 2819 qui
1749 2762 1859 2803 non

234 2847 320 2898 aut
342 2842 650 2912 gemitum,
679 2856 797 2912 prae
829 2841 1001 2897 nimia
1034 2840 1396 2897 exultatione
1428 2839 1625 2895 cordis
1655 2837 1861 2895 emise-

234 2929 318 2999 rit,
350 2933 452 2988 aut
485 2930 761 3001 lacrymis
794 2944 895 2987 ora
928 2929 1208 3000 rigaverit
1235 2930 1257 2983 ?

292 3017 409 3074 Tali
441 3018 622 3089 igitur
653 3017 881 3076 caelesti
929 3018 1154 3088 agmine
1206 3020 1503 3089 praeeunte
1550 3020 1611 3072 et
1659 3016 1860 3071 subse-

233 3109 459 3176 quente,
495 3107 838 3179 pervehitur
867 3108 933 3169 B.
964 3106 1073 3162 viri
1106 3120 1322 3177 corpus
1352 3121 1534 3175 usque
1564 3104 1635 3161 ad
1667 3104 1857 3160 locum

231 3193 498 3266 sepulcri,
535 3194 689 3265 quod
721 3195 892 3265 digna
925 3195 1302 3251 veneratione
1334 3198 1599 3265 paratum
1631 3196 1779 3263 erat,
1806 3193 1864 3247 in

230 3281 474 3339 ecclesia
501 3282 975 3339 beatissimorum
1001 3282 1401 3354 apostolorum
1421 3282 1578 3337 Petri
1602 3286 1662 3336 et
1680 3280 1861 3350 Pauli,

229 3375 384 3427 extra
421 3371 743 3441 civitatem,
769 3371 865 3428 ubi
899 3375 960 3426 et
990 3370 1308 3429 multorum
1348 3369 1684 3441 pontificum
1719 3368 1868 3439 ejus-

229 3457 345 3514 dem
374 3459 548 3516 urbis
572 3458 922 3518 Yienncnsis
945 3460 1199 3514 membra
1220 3458 1507 3517 tumulata
1532 3463 1864 3513 servantur.

231 3548 481 3620 Cumque
505 3546 623 3619 jam
657 3548 1073 3617 odoramentis,
1108 3551 1165 3604 et
1199 3548 1480 3620 pretiosis
1521 3546 1870 3603 linteamini-

230 3634 329 3692 bus
361 3636 779 3694 involvendum
805 3636 1164 3694 sanctissimi
1199 3636 1472 3709 martyris
1493 3650 1729 3706 corpus,
1757 3635 1871 3706 epi-

231 3738 537 3797 scoporum
558 3726 825 3781 manibus
850 3727 1226 3795 tractaretur,
1251 3725 1404 3795 quod
1426 3726 1479 3779 in
1502 3723 1671 3780 laude
1690 3722 1871 3779 omni-

231 3815 489 3884 potentis
518 3814 620 3870 Dei
644 3813 1006 3870 reticendum
1031 3827 1142 3869 non
1162 3817 1275 3882 est,
1300 3813 1376 3869 ita
1401 3812 1755 3870 sanctissimi
1780 3826 1872 3867 ca-

230 3902 361 3973 pitis
389 3902 638 3959 vulnera
668 3902 957 3972 integrata
981 3906 1399 3973 apparuerunt,
1421 3904 1485 3958 ut
1511 3900 1746 3973 penitus
1774 3900 1869 3956 ubi

228 3991 378 4047 cutis
415 3994 586 4062 rupta
621 3990 797 4047 fuerit
828 4000 940 4046 non
975 3995 1303 4062 appareret.
1328 3991 1465 4046 Nam
1495 3994 1552 4045 et
1581 3988 1869 4059 reliquum

232 4092 449 4154 corpus
480 4079 607 4137 suis
632 4078 928 4150 juncturis
959 4083 1014 4135 et
1061 4079 1255 4135 nervis
1286 4079 1693 4147 constrictum,
1731 4091 1870 4134 sana

229 4166 375 4239 pelle
432 4182 534 4225 sua
584 4167 862 4225 vestitum
904 4169 1191 4224 manebat.
1227 4167 1644 4224 Recinentibus
1674 4167 1873 4224 choris

216 4255 589 4326 Psalmisque
638 4256 1061 4329 antiphonatim
1104 4256 1584 4313 consonantibus.
1886 4241 1895 4252 ’

292 4344 366 4400 Ut
386 4348 631 4402 sanctus
652 4345 752 4400 Dei
779 4345 1005 4402 tumulo
1029 4348 1121 4400 est
1141 4345 1213 4401 ad
1235 4345 1547 4401 tuitionem
1572 4344 1758 4401 totius
1780 4360 1875 4400 ur-

228 4432 313 4489 bis
340 4433 736 4506 compositus,
770 4448 901 4489 mox
943 4428 1196 4503 gloriosa
1245 4434 1471 4504 mulier,
1508 4448 1636 4505 qua)
1681 4434 1874 4490 fuerat

226 4521 519 4591 quondam
542 4521 700 4578 beati
724 4522 975 4578 :Etberei
1002 4522 1058 4578 in
1080 4520 1270 4579 laicali
1295 4522 1498 4577 habitu
1518 4520 1751 4591 conjux,
1769 4522 1870 4578 sed

227 4613 369 4671 tunc
398 4626 540 4671 vere
570 4610 1054 4682 sanctimonialis,
1076 4610 1363 4667 hominem
1385 4625 1415 4665 a
1435 4609 1742 4666 nativitate
1766 4624 1874 4666 caa-

1981 1866 2233 1937 quicum
2264 1868 2439 1921 Patre
2478 1871 2534 1920 et
2588 1865 2810 1936 Spiritu
2860 1871 3062 1921 sancto
3109 1864 3256 1921 vivit
3304 1867 3365 1920 et
3411 1867 3618 1934 regnat

1975 1955 2129 2012 Deus
2163 1969 2265 2026 per
2297 1954 2486 2011 omnia
2534 1952 2748 2010 saecula
2800 1952 3171 2009 saeculorum.
3206 1953 3342 2008 Dies
3374 1951 3617 2009 transla-

1976 2043 2154 2100 tionis
2176 2043 2323 2113 ejus,
2350 2042 2581 2113 quando
2607 2041 2927 2098 translatus
2944 2045 3031 2097 est
3057 2042 3129 2097 ab
3153 2040 3453 2097 territorio
3474 2041 3617 2110 Lug-

1976 2131 2247 2202 dunensi,
2283 2131 2339 2187 in
2362 2130 2616 2187 ecclesia
2653 2130 2804 2186 beati
2838 2130 2997 2184 Petri
3028 2129 3222 2199 agitur
3263 2144 3324 2185 m
3371 2128 3430 2184 Id
3476 2128 3608 2184 Feb.

2224 2274 2481 2329 ABHINC
2512 2273 2717 2328 DICTA
2762 2272 3080 2329 EPISCOPI
3115 2270 3370 2327 ADONIS

2577 2359 3008 2416 VIENNENSIS.

2048 2498 2180 2553 Haec
2212 2495 2396 2564 vobis,
2424 2494 2749 2550 beatissimi
2785 2494 2994 2551 fratres
3021 2497 3081 2548 et
3116 2491 3237 2559 filii,
3265 2490 3433 2562 plena
3464 2492 3616 2548 veri-

1976 2588 2116 2654 tate,
2152 2584 2307 2640 sicut
2346 2582 2401 2637 in
2450 2582 2802 2638 membranis
2850 2580 3284 2650 antiquioribus
3332 2579 3613 2637 inscrtum

1974 2674 2124 2743 vidi,
2167 2673 2239 2728 ad
2282 2670 2786 2727 commonitionem
2822 2669 3000 2724 vestri
3046 2667 3400 2738 transposui.
3439 2666 3618 2723 Obse-

1973 2776 2165 2831 erans,
2183 2764 2243 2816 et
2264 2759 2483 2831 pietate
2498 2773 2609 2828 qua
2633 2771 2736 2813 vos
2763 2756 2943 2825 diligo
2966 2755 3339 2812 sanctitatem
3359 2757 3615 2810 vestram

1971 2862 2368 2915 commoneas,
2406 2851 2471 2903 ut
2503 2846 2673 2915 hujus
2719 2844 3083 2913 aliorumque
3115 2848 3493 2913 patronorum
3524 2854 3622 2895 ve-

1970 2943 2229 2995 strorum
2265 2935 2491 2991 meritis
2525 2946 2834 3000 assurgere
2868 2931 3009 2986 totis
3031 2931 3254 2986 viribus
3274 2927 3612 2985 elaboretis.

1970 3027 2180 3082 Sedeat
2214 3028 2417 3079 vestro
2450 3022 2639 3077 animo
2673 3020 2904 3076 illorum
2938 3018 3169 3074 fervens
3200 3018 3255 3072 in
3281 3017 3458 3073 Deum
3482 3014 3619 3077 reli-

1970 3114 2087 3184 gio,
2125 3111 2393 3169 Charitas
2454 3124 2617 3181 pura,
2664 3107 2986 3164 assiduitas
3037 3106 3220 3163 totius
3268 3104 3613 3173 honestatis,

1974 3201 2259 3275 patientia
2292 3199 2349 3255 in
2382 3198 2670 3255 varietate
2705 3195 2982 3267 temporis
3003 3208 3404 3266 perseverans,
3427 3191 3620 3251 mode-.-

1977 3300 2066 3347 sta
2098 3295 2155 3346 et
2183 3288 2351 3345 bonis
2382 3287 2842 3343 Christianorum
2887 3284 3148 3340 moribus
3192 3282 3425 3351 decens,
3460 3295 3622 3337 vere-

1976 3380 2163 3437 cunda
2198 3383 2258 3433 et
2283 3375 2491 3449 pudica
2515 3374 2901 3432 mansuetudo
2925 3374 2982 3429 in
3007 3372 3158 3428 omni
3180 3371 3381 3428 habitu
3402 3373 3462 3426 et
3486 3384 3631 3426 conm

1978 3468 2383 3538 tinentia,Deo
2415 3465 2590 3523 chara
2622 3470 2682 3519 et
2713 3462 2981 3520 amabilis
3004 3460 3377 3529 unanimitas,
3404 3462 3463 3515 ut
3489 3472 3620 3515 cum

1977 3572 2215 3614 cursum
2240 3556 2413 3627 hujus
2434 3554 2570 3610 vita:
2591 3568 2694 3625 per
2715 3553 2866 3611 viam
2888 3556 3117 3623 patrum
3142 3554 3470 3607 vestrorum
3490 3562 3623 3604 con-

1978 3644 2430 3713 summaveritis,
2446 3642 2650 3699 laetitia
2673 3643 3026 3713 sempiterna
3047 3640 3268 3711 pariter
3287 3653 3416 3694 cum
3435 3637 3521 3693 eis
3544 3636 3624 3691 in-

1976 3732 2349 3789 tercessione
2382 3731 2611 3787 illorum
2647 3730 2867 3801 perfrui
2902 3727 3254 3783 mereamini.
3291 3726 3493 3795 Sitque
3524 3740 3623 3781 cu-

1979 3821 2171 3879 mulus
2197 3820 2448 3892 justitiaa
2480 3820 2759 3890 ipsorum,
2797 3818 3098 3888 profectus
3126 3815 3261 3871 vita:
3291 3817 3528 3882 vestrae,
3561 3814 3622 3866 et

1977 3909 2252 3982 gaudium
2288 3912 2634 3980 perpetuum
2666 3920 2882 3962 corona
2913 3901 3361 3973 gloriﬁcationis
3381 3903 3616 3956 vestrae.

2366 4126 2373 4131 ἱ
2477 4044 2847 4102 INDICULUS
2878 4041 3121 4098 ISONIS.

2054 4186 2234 4244 Hanc
2264 4184 2467 4243 autem
2492 4181 2842 4239 Passionem
2864 4175 3304 4250 pra/atusAdo
3316 4172 3627 4250 episcopus

1979 4256 2145 4313 nobis
2160 4254 2498 4323 fratribus,
2531 4244 3211 4323 canobiasanct'iGabli,
3234 4244 3627 4323 sab'Qriytab—

1982 4328 2053 4385 do
2085 4316 2296 4383 abbate
2328 4328 2447 4382 Deo
2475 4316 3423 4390 bnilz‘tantz’bas,reliquiasqae5'.
3458 4316 3625 4373 Desi-

1982 4398 2139 4455 deriz'
2170 4396 2244 4453 ab
2275 4410 2338 4452 eo
2365 4391 2842 4466 postulantibus,
2866 4389 3000 4448 eam
3026 4391 3218 4461 ipsius
3249 4389 3626 4466 altera/marte

1904 4498 1954 4557 Β
1981 4468 2328 4557 satiatatum
2355 4457 2676 4557 feliqaiis,
2692 4457 2951 4557 iactibus
2963 4457 3206 4557 qabgaz
3218 4457 3625 4557 ﬁ

1984 4539 2090 4595 bas
2127 4538 2306 4610 infra
2345 4529 2870 4610 descriptisgaano
2921 4529 3107 4603 sapra
3154 4529 3491 4610 atemaw,
3515 4539 3626 4600 per

1980 4600 2225 4669 nuntios
2252 4609 2407 4668 satis
2425 4600 2641 4681 ﬁdeles
2670 4600 2941 4677 dirigere
2976 4600 3232 4662 curavit.

294 4771 323 4802 ι
356 4762 502 4831 Quae
529 4768 837 4837 sequntur,
870 4763 1280 4821 desiderantur
1309 4761 1367 4818 in
1397 4773 1604 4831 magno
1636 4760 1846 4818 Codice
1875 4775 1978 4819 ms.
2013 4759 2068 4817 S.
2104 4761 2165 4817 G.
