3988 6158
300 331 403 386 663

933 611 1469 722 ADON
1485 611 1659 725 IS
1739 612 3048 725 PRIVILEGIUM

1349 326 1403 382 S.
1449 324 1706 384 ADONIS
1744 327 2181 413 ARCHIEPISC.
2222 327 2636 386 VIENNENSIS

3587 336 3696 394 εει

1917 836 2062 903 QUO

523 1005 982 1070 ECCLESIAM
1025 1004 1525 1068 VELNENSEM
1568 1005 1956 1066 ΑΒΒΑΤΙΑΕ
2001 1004 2064 1066 S.
2117 1005 2484 1068 EUGENDI
2525 1007 2920 1069 JURENSIS
2963 1005 3448 1070 CONFIHMAT.

1625 1164 1717 1226 (Ex
1751 1163 1944 1214 Baluzii
1975 1165 2363 1227 Miseellaneis)

374 1416 534 1469 Anno
572 1415 677 1469 870
704 1407 1127 1466 Incarnationis
1158 1405 1379 1463 Domini
1413 1406 1596 1462 nostri
1627 1405 1762 1462 Jcsu
1785 1405 1944 1462 Chri-
1975 1417 2022 1477 Α
2057 1405 2250 1478 capite
2286 1419 2387 1477 per
2417 1406 2822 1464 sanctissimos
2867 1407 3250 1480 presbyteros
3291 1423 3512 1466 omnem
3553 1425 3704 1468 cau-

305 1501 379 1557 sti
423 1503 774 1571 congregata
807 1501 1008 1555 saneta
1043 1496 1302 1568 synodus
1333 1496 1567 1552 Vienna:
1597 1495 1940 1566 metropolis

304 1589 603 1660 Ecclesiae,
629 1589 836 1645 domno
858 1589 918 1642 et
939 1585 1259 1642 venerabili
1281 1585 1719 1656 archiepiscopo
1745 1585 1942 1640 Adone

303 1677 677 1750 praesidente,
711 1679 771 1731 et
800 1673 1246 1744 vigilantissima
1273 1689 1412 1729 cura
1437 1688 1643 1730 causas
1666 1673 1944 1729 ecclesia-

302 1769 485 1826 sticas
505 1771 566 1822 et
589 1765 838 1821 filiorum
865 1778 1102 1820 suorum
1129 1761 1516 1818 necessitates
1533 1761 1939 1832 iuvestigante,

301 1871 368 1914 ac
399 1852 808 1913 ecclesiastico
853 1867 1014 1910 more
1063 1851 1398 1921 definiente,
1433 1851 1748 1907 adveniens
1785 1864 1946 1907 reve-

2055 1509 2175 1550 sam
2211 1495 2502 1565 reiterari,
2549 1500 2836 1566 quatenus
2867 1496 3116 1553 veritate
3165 1502 3464 1571 comperta
3515 1497 3702 1556 alter-

2054 1582 2210 1639 catio
2243 1582 2338 1639 diu
2374 1582 2650 1640 ventilata
2696 1583 3045 1641 ﬁrmaretur.

2127 1671 2227 1727 His
2259 1671 2437 1742 igitur
2467 1673 2828 1730 testantibus
2857 1679 2918 1730 et
2949 1673 3284 1732 dicentibus
3313 1674 3573 1732 ordinem
3599 1690 3703 1732 ve-

2059 1759 2274 1830 ritatis,
2311 1761 2495 1817 visum
2531 1766 2616 1818 est
2651 1760 2863 1818 domno
2914 1761 3173 1832 pontiﬁci
3225 1777 3336 1820 una
3381 1777 3512 1821 eum
3557 1779 3704 1820 con-

2055 1863 2232 1905 sensu
2261 1849 2650 1906 sanctissimae
2683 1849 2904 1920 synodi,
2939 1855 3229 1922 quatenus
3262 1851 3414 1908 sicut
3466 1850 3524 1908 iu
3573 1851 3705 1910 die-

302 1939 1942 2012 reudusvirMannopraeposituscoenobiisanetiEugendi
2051 1937 2165 1994 bus
2199 1939 2648 1996 Antecessorum
2699 1953 2937 1995 suorum
2987 1943 3322 1996 sanctorum
3353 1939 3702 2012 pontiﬁcum

300 2032 582 2102 Jurensis,
601 2032 888 2088 adventus
907 2030 998 2087 sui
1019 2044 1254 2086 causam
1270 2029 1671 2100 manifestans,
1695 2029 1946 2102 protulit

301 2121 357 2176 in
380 2119 592 2190 medio,
617 2117 922 2190 quamdam
941 2115 1247 2175 ecclesiam
1274 2110 1636 2174 ex'ccenobio
1663 2118 1946 2189 praedicto

301 2213 362 2266 et
380 2209 525 2266 infra
544 2207 928 2265 Viennensem
959 2207 1260 2263 dioecesim
1294 2209 1464 2263 sitam
1490 2208 1542 2262 in
1571 2206 1703 2263 villa
1723 2205 1941 2276 Veluis,

303 2299 563 2356 dotatam
597 2297 653 2352 in
687 2297 906 2353 honore
931 2297 1119 2352 sancti
1144 2297 1322 2366 Petri,
1349 2297 1654 2367 privilegio
1679 2296 1790 2353 sibi
1813 2311 1946 2353 cou-

303 2399 474 2444 eesso
503 2387 576 2442 ab
595 2384 1070 2442 antecessoribus
1092 2384 1441 2441 sanctissimi
1453 2385 1569 2454 jam
1594 2385 1693 2440 fati
1723 2385 1945 2441 archie-

305 2473 547 2546 piscopi,
593 2487 816 2530 necnon
847 2473 919 2528 ab
960 2472 1090 2544 ipso
1121 2472 1532 2543 eompontifice
1565 2486 1750 2542 usque
1782 2471 1854 2528 ad
1887 2471 1943 2526 id

303 2567 539 2634 tempus
567 2563 936 2630 conservato,
972 2559 1366 2631 proclamante
1384 2559 1498 2616 vici
1523 2559 1710 2616 sancti
1739 2559 1941 2615 Albani

305 2655 537 2707 rectore
569 2648 892 2706 desolatam
911 2663 1076 2706 esse:
1106 2647 1352 2720 protulit
1374 2649 1549 2704 etiam
1575 2648 1757 2706 isdem
1777 2663 1946 2704 vene-

305 2738 510 2796 rabilis
549 2738 904 2810 praapositus
927 2737 1280 2808 scripturam
1307 2737 1707 2808 inquisitionis
1729 2741 1946 2808 tempo-

307 2826 472 2883 ribus
506 2798 614 2897 pite
645 2798 1072 2882 recordationis
1101 2825 1324 2881 Domini
1359 2798 1634 2894 Agilmari
1661 2798 1943 2894 factam-eo
1975 2798 2053 2858 Β

309 2913 465 2985 quod
487 2918 549 2969 et
573 2917 709 2970 tunc
737 2913 1017 2985 temporis
1041 2913 1347 2970 altercatio
1369 2914 1686 2971 haberetur
1701 2914 1854 2970 inter
1869 2913 1952 2984 ip-

309 3017 503 3059 sarum
538 3007 802 3058 rectores
830 3001 1220 3059 Ecclesiarum
1255 3001 1395 3058 :sed
1429 3003 1562 3072 quia
1592 3017 1716 3059 eam
1751 3007 1950 3060 saneta

309 3091 576 3162 Synodus
609 3090 832 3146 irritam
875 3090 1180 3159 judicavit,
1216 3106 1286 3147 eo
1319 3095 1473 3161 quod
1517 3091 1946 3147 canonicor.....

311 3179 644 3234 roboratam
676 3191 788 3232 non
821 3176 987 3248 vidit,
1006 3177 1226 3248 placuit
1247 3178 1615 3235 sanctissimo
1642 3177 1900 3249 pontiﬁci
1921 3191 1952 3232 a

2055 2026 2338 2082 honorata
2369 2025 2474 2083 fuit
2509 2031 2711 2084 saneta
2743 2027 3123 2098 congregatio
3155 2027 3404 2086 emnobii
3431 2028 3705 2086 beatissi-

2056 2114 2129 2169 mi
2159 2114 2438 2184 Eugendi,
2474 2115 2560 2172 sic
2589 2119 2646 2170 et
2679 2115 2732 2170 in
2767 2115 2875 2172 hac
2925 2115 3230 2187 petitione,
3264 2119 3320 2173 et
3363 2115 3418 2172 in
3460 2117 3702 2174 caeteris

2057 2202 2514 2260 necessitatibus
2545 2203 2670 2260 suis
2699 2204 2975 2260 honorem
3007 2208 3064 2261 et
3097 2218 3264 2276 opem
3297 2204 3475 2262 ferret
3508 2203 3580 2262 ad
3612 2205 3706 2262 vi-

2057 2307 2150 2348 res
2179 2306 2316 2348 suas
2346 2296 2546 2348 saneta
2581 2292 2928 2365 metrOpolis
2959 2292 3301 2350 Viennensis
3324 2292 3607 2364 Ecclesia,
3633 2298 3706 2351 et

2056 2384 2117 2436 ut
2151 2379 2341 2450 sopita
2375 2379 2612 2450 querela
2647 2379 2869 2438 ﬁrmius
2903 2379 3269 2453 privilegium
3309 2396 3475 2440 suum
3518 2395 3702 2454 super

2058 2468 2210 2524 facto
2241 2467 2583 2524 Viennensis
2607 2467 2870 2526 Ecclesia
2896 2469 2951 2524 in
2976 2469 3232 2526 futurum
3260 2468 3576 2541 possideat,
3603 2468 3703 2526 lit-

2057 2557 2200 2614 teris
2231 2556 2406 2617 ctiam
2439 2558 2768 2615 roboretur.
2804 2560 2865 2614 Iu
2898 2559 3050 2616 hunc
3091 2559 3288 2630 itaque
3328 2559 3556 2616 modum
3586 2573 3700 2631 ego

2057 2645 2178 2702 Ado
2208 2645 2550 2702 Viennensis
2581 2646 3078 2720 Arcbiepiscopus
3098 2647 3494 2718 consentiens,
3519 2652 3579 2705 et
3601 2647 3699 2720 pio

2059 2733 2306 2792 consilio
2338 2733 2586 2792 filiorum
2620 2751 2876 2793 meorum
2919 2751 3202 2806 annuens,
3247 2751 3418 2794 manu
3461 2736 3698 2808 propria

2061 2824 2269 2880 subter
2318 2822 2560 2894 firmavi,
2607 2825 2945 2896 sanctisque
2995 2824 3132 2882 filiis
3182 2825 3327 2882 meis
3376 2824 3696 2882 secundum

2062 2927 2277 2968 morem
2309 2911 2782 2971 ecclesiasticum
2809 2913 3040 2971 ﬁrmare
3064 2913 3283 2984 rogavi.
3307 2917 3515 2973 Actum
3532 2913 3700 2970 Vien-

2061 3015 2148 3056 nae
2183 2999 2415 3072 publice
2447 3015 2640 3060 mense
2674 3002 2912 3074 Aprilis,
2936 3003 3316 3076 episcOpatus
3335 3001 3530 3060 domui
3554 3000 3704 3059 Ado-

2062 3088 2152 3145 nis
2175 3103 2324 3146 auno
2354 3090 2598 3161 decimo,
2635 3090 2952 3148 indictione
2983 3091 3179 3149 tertia.

919 3484 1332 3620 VITA
1435 3485 2043 3622 SANCTI
2147 3489 3093 3629 THEUDERII

1516 3765 1776 3852 ΑΒΒΔΤΙΒ
1825 3767 2072 3820 νιΕΝΜι
2123 3769 2186 3819 ΙΝ
2238 3767 2484 3821 GALLIA.

1178 3927 1457 3994 Auctore
1495 3933 1712 3994 sancto
1746 3925 1974 3996 ADONE
2003 3925 2292 4010 ejusdem
2324 3926 2508 3995 urbis
2539 3927 2838 4016 episcopo

315 4087 482 4158 (Apud
517 4088 735 4152 Mabill.,
763 4092 878 4138 Aet.
915 4088 1015 4139 SS.
1051 4087 1170 4141 0rd.
1208 4089 1264 4139 S.
1303 4089 1500 4158 Benest,
1527 4094 1651 4158 tom.
1688 4093 1728 4158 Ιτ

1436 4152 1491 4201 in
1519 4153 1755 4216 Append.
1767 4152 1815 4202 Va

387 4411 437 4461 1.
475 4405 616 4474 Ano,
648 4402 990 4459 Viennensis
1021 4401 1352 4474 episcopus,
1373 4402 1654 4459 fratribus
1689 4403 1741 4458 in
1765 4417 1953 4459 caeno-
1985 4403 2032 4465 C
2065 4402 2330 4459 rentibus
2355 4403 2676 4460 secundum
2696 4402 2895 4462 saaeuli
2919 4403 3263 4474 dignitatem
3286 4402 3507 4475 clarus,
3533 4404 3720 4463 facul-

319 4493 413 4550 bio
460 4492 646 4550 sancti
696 4491 1001 4549 Theuderii
1043 4500 1071 4529 α
1100 4489 1562 4548 consistentibus
1607 4491 1660 4546 in
1715 4491 1954 4546 Domino

315 4585 457 4640 Jesu
479 4582 709 4639 Christo
731 4585 1009 4638 azternam
1031 4578 1298 4637 salutem.
1324 4579 1516 4636 Patris
1539 4579 1720 4635 vestri
1745 4579 1952 4650 Vitam,

317 4672 374 4730 id
407 4677 501 4729 est
535 4671 687 4728 beati
735 4669 1061 4738 Theuderii,
1116 4667 1336 4726 idcirco
1386 4673 1598 4725 vestra}
1653 4667 1955 4724 sanctitati

203 4752 210 4758 ’
316 4760 556 4833 scriptis
591 4758 736 4816 meis
787 4757 1194 4814 commendare
1243 4756 1530 4827 disposui,
1569 4761 1632 4811 ut
1682 4770 1783 4811 vos
1831 4755 1956 4811 suis

314 4847 600 4922 exemplis
631 4847 702 4904 ad
736 4861 990 4904 amorem
1020 4847 1156 4903 vitae
1187 4852 1421 4902 internae
1464 4843 1713 4916 amplius
1755 4844 1959 4900 invita-

319 4953 460 4995 rem.
497 4937 679 5010 Cupio
721 4935 872 4993 enim
920 4935 1046 5005 ejus
1091 4934 1416 4990 imitatores
1475 4939 1534 4988 et
1583 4932 1958 4989 aemulatores

321 5042 428 5083 vos
466 5027 746 5096 existere,
782 5023 952 5094 cujus
994 5022 1380 5095 patrocinium
1427 5021 1525 5076 Dei
1581 5035 1817 5077 munere
1867 5035 1960 5078 ac-

325 5113 634 5184 quisivisse
666 5112 978 5186 plurimum
1007 5110 1252 5182 gaudeo.
1291 5110 1467 5180 Cujus
1500 5109 1678 5179 igitur
1707 5109 1815 5165 viri
1845 5109 1960 5182 pri-

327 5215 455 5256 mus
487 5207 655 5258 ortus
685 5209 744 5258 et
773 5202 910 5259 vitae
943 5213 1258 5273 processus
1301 5197 1498 5254 taliter
1528 5211 1588 5253 se
1619 5197 1814 5254 habet.

331 5323 700 5382 Theude
760 5325 1122 5396 Viennensis,
1157 5321 1567 5398 facultatibus
1597 5321 1961 5394 distributis,

906 5417 1187 5475 Larinum
1229 5413 1385 5486 petit

395 5524 446 5577 2.
483 5518 586 5576 Hie
621 5519 827 5576 beatus
857 5521 948 5576 vir
980 5521 1275 5603 provincia
1308 5518 1612 5576 Viennensi
1646 5522 1836 5588 ortus,
1871 5531 1966 5590 pa-

401 5653 432 5685 ι
465 5641 713 5716 Abbatia
745 5642 800 5716 ξ.
833 5642 1156 5716 Theudorii,
1191 5643 1504 5716 vernaculo
1547 5641 1964 5716 δαέρα-ϐήσῃ

1766 4089 2120 4158 pog._§78._e_x
2159 4091 2740 4158 m~s._eodd.__quorum
2782 4092 3068 4158 fragmenta
3104 4092 3421 4144 Benedictus
3455 4092 3714 4144 Gononus

1887 4153 1988 4203 vn.
2023 4153 2124 4215 PP,
2153 4153 2332 4203 Occid.
2365 4153 2578 4216 retulit.)

2068 4493 2290 4549 tatibus
2323 4493 2516 4549 mundi
2549 4493 2910 4550 honorabilis
2941 4492 3195 4550 exstitit.
3224 4492 3486 4560 Quicum
3519 4492 3716 4552 adhuc

2067 4595 2210 4652 puer
2239 4587 2421 4652 esset,
2457 4583 2527 4639 ad
2560 4597 2814 4639 amorem
2846 4581 2982 4638 vitae
3016 4586 3253 4639 aeternae
3285 4577 3566 4638 anhelare
3601 4581 3714 4654 piis

2065 4671 2278 4727 studiis
2307 4671 2483 4742 coepit
2521 4690 2533 4726 :
2568 4675 2628 4726 et
2659 4670 2791 4740 quia
2827 4669 3172 4742 parentibus
3205 4663 3383 4727 claris
3414 4674 3590 4727 ortus
3625 4685 3718 4742 pe-

2065 4759 2294 4816 cuniam
2328 4775 2440 4816 non
2475 4773 2708 4830 parvam
2739 4773 2811 4816 ex
2843 4772 3021 4816 censu
3063 4758 3397 4831 patrimonii
3422 4759 3719 4830 acquisie-

2067 4853 2178 4918 rat,
2208 4853 2272 4904 ut
2296 4849 2593 4918 perfectus
2617 4847 2830 4904 Christi
2857 4847 3190 4919 discipulus
3215 4846 3561 4917 exsisteret,
3588 4862 3717 4904 eam

2069 4936 2208 4992 dare
2250 4935 2606 5007 pauperibus
2640 4940 2700 4992 ut
2733 4935 3072 5008 centuplum
3107 4935 3422 5008 reciperet,
3446 4940 3510 4991 et
3541 4934 3600 4991 in
3639 4936 3720 4994 fu-

2069 5028 2203 5079 turo
2234 5023 2411 5080 vitam
2443 5028 2721 5080 aeternam
2752 5023 3103 5095 possideret,
3139 5037 3251 5080 non
3294 5021 3547 5080 distulit.
3587 5025 3720 5080 Sar-

2069 5112 2197 5168 eina
2232 5111 2411 5182 igitur
2438 5111 2750 5183 temporali
2782 5115 3137 5168 exoneratus
3177 5127 3244 5168 ae
3294 5109 3498 5168 saaculi
3550 5117 3719 5169 veste

2071 5199 2140 5256 ad
2174 5197 2405 5272 plenum
2439 5199 2712 5270 nudatus,
2741 5204 2805 5256 ut
2837 5200 3157 5271 perfectius
3189 5199 3430 5258 Domino
3454 5199 3574 5256 Deo
3598 5214 3720 5258 ser-

2070 5287 2240 5358 viret,
2279 5288 2574 5345 Liriuense
2604 5287 2930 5344 coenobium
2977 5292 3257 5362 expetere
3297 5287 3606 5360 cogitavit.

2495 5413 2541 5468 Α
2571 5411 2640 5468 S.
2679 5410 2938 5470 aestu-io
2965 5411 3282 5470 detinetur.

2145 5524 2195 5575 3.
2227 5518 2577 5576 Parentibus
2609 5518 2805 5590 itaque
2835 5517 3156 5587 derelictis,
3196 5531 3264 5575 ac
3292 5518 3410 5574 Deo
3435 5520 3630 5574 totum
3653 5527 3713 5573 se

2076 5656 2380 5716 conversa,
2412 5645 2469 5716 et
2506 5655 2719 5702 mensa
2758 5640 3244 5716 arebiepiscopali
3288 5638 3522 5698 Viennae
3561 5637 3714 5696 Allo-

322 5713 462 5775 olim
492 5713 619 5775 ord.
658 5715 712 5773 S.
747 5713 986 5785 Bened.,
1013 5713 1164 5776 nunc
1195 5714 1252 5774 in
1273 5715 1583 5776 ecclesiam
1600 5713 1968 5788 collegiatam
2081 5715 2324 5786 brogum
2356 5713 2517 5772 unita
2538 5718 2646 5770 est.
