3974 6150
206 331 303 390 “5

203 536 454 611 expetiit,
492 536 589 592 ubi
617 539 759 593 tunc
790 540 1030 593 sanctus
1060 535 1348 592 Caesarius
1377 532 1634 605 pontifex
1653 532 1825 588 habe-

206 628 383 696 batur,
410 628 472 682 ut
498 622 710 681 solatio
734 625 1028 697 pontiﬁcis
1046 624 1232 696 jutus,
1251 638 1355 695 per
1376 623 1567 695 ipsum
1594 621 1822 679 facilius

207 716 308 771 iter
328 714 395 771 ad
418 712 667 770 insulam
684 714 1092 771 monachorum
1107 716 1466 785 capesseret.
1486 711 1596 767 Sed
1612 711 1821 768 summi

204 803 295 859 Dei
308 803 725 875 omnipotentis
739 802 1129 874 dispositione
1144 806 1337 860 actum
1352 805 1464 872 est,
1486 799 1824 857 utconsiliis

204 891 411 948 sanctis
444 890 632 946 sancti
666 890 961 962 pontiﬁcis
993 890 1417 961 aliquantulum
1441 889 1540 947 ubi
1564 887 1823 944 retarda-

198 985 364 1036 retur.
382 979 598 1035 Ferunt
624 993 871 1050 namque
894 979 1028 1049 quia
1055 979 1239 1050 primo
1252 994 1382 1036 cum
1399 992 1462 1034 se
1488 976 1822 1049 prospexis-

203 1067 606 1139 sent,propriis
618 1066 918 1125 vocabulis
933 1081 996 1124 se
1011 1066 1435 1136 salutaverunt,
1454 1071 1628 1138 atque
1642 1065 1822 1122 omni-

203 1155 446 1229 potentis
469 1156 568 1212 Dei
590 1156 780 1212 virtus
796 1156 1016 1228 pariter
1034 1161 1341 1228 utrumque
1356 1156 1506 1212 dono
1517 1154 1724 1225 gratiae
1740 1154 1820 1209 ita

203 1245 585 1315 inspiraverit,
602 1248 666 1301 ut
691 1245 787 1315 qui
811 1249 943 1301 ante
958 1245 1221 1301 notitiam
1238 1245 1327 1301 sui
1345 1259 1456 1300 non
1471 1244 1815 1317 habuerant,

201 1347 315 1388 mox
334 1347 584 1405 corpore
607 1348 671 1391 se
683 1335 973 1404 videntes,
992 1333 1146 1405 quod
1161 1347 1295 1389 vere
1311 1332 1464 1389 servi
1480 1332 1576 1389 Dei
1594 1332 1817 1388 essent‘

199 1421 634 1493 compellatione
664 1426 862 1479 mutua
895 1422 1035 1478 foris
1065 1421 1466 1479 nescientibus
1491 1420 1821 1476 manifesta-

198 1514 326 1564 rent.
351 1510 507 1566 Vere
538 1510 727 1566 instar
758 1509 916 1566 illius
948 1510 1347 1577 beatitudinis,
1385 1508 1481 1565 ubi
1514 1508 1624 1563 erit
1653 1507 1818 1578 plena

199 1598 439 1667 cognitio
469 1599 759 1669 veritatis,
797 1600 891 1655 ubi
926 1614 1074 1656 unus
1108 1599 1333 1667 integre
1354 1602 1410 1654 et
1434 1596 1725 1653 veraciter
1748 1596 1818 1650 ab

200 1685 294 1742 alio
320 1693 720 1758 cognoscetur
753 1708 765 1741 :
799 1689 1028 1758 quando
1052 1703 1161 1744 non
1188 1702 1289 1759 per
1311 1684 1615 1757 speculum
1638 1688 1734 1741 aut
1762 1684 1816 1739 in

198 1775 510 1845 aenigmate,
539 1776 645 1832 sed
677 1776 821 1833 facie
853 1776 922 1833 ad
959 1777 1162 1832 faciem
1193 1777 1346 1832 Deus
1379 1774 1693 1842 videbitur,
1722 1771 1817 1843 qui

200 1860 532 1920 illuminabit
569 1864 911 1921 abscondita
942 1866 1318 1921 tenebrarum
1340 1868 1397 1920 et
1423 1860 1818 1919 manifestabit

198 1950 428 2008 consilia
451 1953 736 2010 cordium.
764 1954 1021 2011 Rescitis
1045 1954 1242 2024 itaque
1270 1954 1327 2008 Β.
1355 1952 1645 2009 Ceesarius
1670 1950 1824 2004 desi-

198 2038 324 2095 derii
360 2040 556 2111 ipsius
585 2042 916 2113 ardoribus,
951 2043 1345 2112 congaudens,
1379 2044 1611 2110 Deoque
1643 2038 1823 2095 omni-

199 2128 405 2196 potenti
435 2130 661 2199 gratias
699 2131 979 2199 referens,
1016 2131 1101 2187 sic
1154 2132 1386 2186 beatum
1434 2126 1822 2184 Theuderium

198 2214 502 2287 alloquitur
535 2238 549 2274 :
583 2219 628 2274 0
661 2219 870 2275 famule
899 2220 1019 2289 Dei,
1048 2221 1097 2275 si
1118 2220 1316 2275 verbis
1339 2219 1483 2274 meis
1516 2228 1822 2273 assensum

199 2306 439 2377 dederis,
475 2308 588 2363 erit
620 2309 895 2365 Dominus
925 2313 1139 2378 tecum,
1174 2315 1230 2363 et
1265 2306 1573 2364 consilium
1625 2305 1822 2361 cordis

199 2395 270 2451 tui
292 2397 719 2453 corrobarabit.
747 2398 973 2453 Maneto
995 2397 1286 2467 tantisper
1308 2395 1612 2452 nobiscum
1637 2392 1824 2450 eccle-

200 2483 423 2541 siastico
456 2485 646 2541 ordini
682 2485 981 2542 subditus.
1007 2485 1171 2551 Quod
1203 2486 1302 2540 Dei
1328 2497 1566 2540 munere
1589 2481 1697 2537 tibi
1722 2482 1824 2536 im-

203 2573 577 2643 posuerimus,
613 2574 911 2630 humiliter
942 2574 1191 2643 sustine,
1224 2578 1284 2629 ut
1319 2573 1470 2628 sicut
1517 2572 1820 2641 Scriptura

200 2659 371 2729 docet,
407 2677 542 2718 cum
572 2662 1020 2718 mansuetudine
1050 2670 1106 2718 et
1139 2660 1471 2717 humilitate
1502 2673 1677 2730 epera
1721 2661 1819 2713 tua

201 2750 524 2820 perfeceris,
560 2764 739 2821 super
770 2765 996 2806 omnem
1026 2750 1268 2820 gloriam
1300 2747 1596 2818 dirigaris.
1630 2746 1730 2802 Cui
1759 2747 1816 2802 Β.

198 2836 542 2895 Theuderius
577 2858 588 2893 :
617 2839 768 2909 Scio,
793 2840 966 2895 Pater
992 2839 1351 2906 beatissime,
1378 2853 1407 2892 a
1433 2836 1671 2891 Domino
1695 2834 1820 2889 suis

198 2923 402 2987 dictum
428 2945 442 2980 :
472 2928 588 2994 Qui
607 2940 705 2984 vos
727 2927 857 2983 odit
872 2940 965 2983 me
985 2928 1129 2997 odit,
1147 2927 1208 2982 et
1223 2927 1447 2997 quieos
1467 2923 1714 2996 spernit,
1730 2934 1822 2977 me

194 3015 410 3084 spernit
433 3015 595 3085 (Luc.
632 3031 684 3085 x,
721 3014 1067 3086 16).ldcirco
1098 3016 1217 3071 tuis
1250 3013 1486 3070 monitis
1510 3018 1574 3069 ut
1594 3011 1817 3067 Domini

194 3102 550 3171 jussionihus
574 3118 779 3175 parere
802 3118 915 3160 non
931 3103 1492 3160 diﬂ‘eram.Substitit
1520 3102 1715 3172 itaque
1738 3100 1815 3156 ibi

201 3190 251 3245 Β.
272 3192 627 3248 Theuderius
659 3191 977 3250 secundum
1009 3191 1366 3248 voluntatem
1394 3192 1453 3246 Β.
1476 3191 1735 3259 Caesarii,
1760 3192 1820 3245 et

197 3278 281 3336 die
306 3284 591 3352 nocteque
606 3281 866 3352 jejuniis,
891 3281 1126 3351 vigiliis,
1152 3291 1209 3336 et
1233 3279 1597 3336 orationibus
1620 3292 1819 3336 vocem

199 3368 355 3423 animi
387 3369 476 3425 sui
515 3370 633 3425 Deo
680 3371 1072 3440 committens,
1108 3383 1217 3425 non
1271 3383 1505 3441 parvam
1555 3367 1819 3424 lmtitiam

200 3457 485 3525 proferens
514 3458 605 3515 sui
638 3461 754 3514 tam
787 3458 1069 3530 pontifici,
1105 3473 1274 3530 quam
1308 3460 1424 3514 Deo
1456 3457 1725 3514 contulit.

237 3580 547 3654 Presbyter
559 3582 776 3654 factus
813 3581 1181 3639 Theuderius
1210 3582 1376 3640 redit
1396 3583 1463 3638 iu
1476 3582 1771 3654 patriam.

268 3709 313 3762 4.
328 3705 643 3764 Convoluto
666 3710 859 3763 autem
882 3710 1146 3779 tempore
1169 3707 1435 3777 cogitans
1450 3708 1509 3764 B.
1530 3708 1820 3766 Caesarius

205 3792 404 3851 divinis
422 3809 553 3853 eum
583 3795 833 3867 amplius
855 3795 1076 3852 vincire
1100 3795 1463 3866 ministeriis,
1490 3795 1590 3852 illo
1614 3796 1712 3852 diu
1736 3811 1823 3852 re-

199 3882 443 3942 luctante
464 3890 521 3941 et
546 3884 902 3942 reclamante
925 3884 1152 3942 diaconi
1175 3885 1422 3942 ohlcium
1444 3884 1737 3956 imposuit,
1755 3900 1822 3942 ac

200 3972 286 4029 sic
302 3974 349 4029 ei
363 3988 469 4030 non
487 3978 615 4047 post
630 3973 863 4044 longum
880 3978 1112 4046 tempus
1128 3975 1456 4045 presbyteri
1477 3974 1821 4044 dignitatem

206 4066 402 4117 cuncto
432 4060 592 4119 clero
621 4065 678 4119 et
715 4061 931 4133 populo
962 4061 1320 4119 acclamante
1354 4062 1620 4133 largitur.
1658 4061 1823 4129 Quod

209 4148 436 4207 cilicium
458 4151 539 4207 ita
560 4151 614 4206 S.
640 4150 999 4208 Theuderius
1022 4155 1363 4208 reverenter
1385 4150 1688 4223 amplexus
1706 4155 1819 4223 est,

216 4240 273 4294 ut
285 4238 494 4296 videret
509 4254 642 4296 eum
656 4239 884 4297 meritis
905 4244 961 4296 et
976 4240 1163 4310 gratia
1179 4244 1426 4297 caeteros
1445 4245 1821 4312 praeeuntem,

214 4324 383 4383 officio
411 4326 755 4399 mirabilem,
790 4327 1117 4385 humilitate
1166 4329 1339 4385 etiam
1390 4329 1711 4386 minoribus
1761 4343 1824 4385 se

216 4413 653 4487 submittentem,
679 4417 947 4487 cogitans
971 4415 1113 4474 illud
1138 4417 1395 4473 Dominni
1423 4417 1642 4474 dictum
1669 4437 1681 4472 :
1712 4417 1828 4485 Qui

1476 322 1568 379 DE
1605 319 1765 377 VITA
1803 318 1859 374 S.
1900 318 2295 376 THEUDERII.

206 450 562 511 committens
577 451 688 506 sub
701 448 809 506 hoc
822 446 1519 505 desiderioArclatensem
1537 444 1835 502 civitatem
1864 442 1921 503 A

3456 318 3586 377 Ius

2467 442 2696 502 Vienna:
2732 438 3068 515 descriptio.

2005 547 2054 598 5.
2091 543 2341 598 Veniens
2372 543 2570 613 itaque
2613 542 2663 597 S.
2711 541 3072 598 Theuderius
3123 556 3235 597 non
3282 541 3450 612 longe
3504 541 3577 598 ab

1934 631 2077 687 urbe
2098 630 2532 699 Viennensium,
2552 630 2895 705 perquirere
2919 630 3209 685 instanter
3230 630 3430 701 ccepit,
3451 628 3576 687 ubi-

1935 734 2062 775 nam
2094 718 2364 776 cellulam
2389 719 2766 775 habitationis
2791 733 2912 775 suas
2939 718 3268 789 perficeret.
3296 718 3365 773 Ut
3395 716 3574 787 igitur

1933 809 2231 879 paululum
2261 807 2573 865 articulum
2607 807 2923 864 scribentis
2956 807 3025 863 ad
3058 807 3444 862 Viennensem
3481 820 3576 862 ur-

1936 899 2062 954 bem
2095 899 2399 955 deﬂectam
2428 917 2440 953 :
2468 898 2685 953 Vienna
2718 899 2860 955 urbs
2884 901 2975 953 est
3000 895 3315 953 Galliarum
3340 893 3578 950 nobilis-

1932 988 2075 1044 sima
2090 988 2160 1044 ad
2182 987 2547 1044 occidentem
2572 993 2626 1044 et
2655 992 2894 1059 propter
2925 984 3326 1058 aquinolarem
3351 989 3573 1055 partem

1931 1078 2149 1134 castris
2173 1077 2691 1149 praeminentibus
2716 1077 2935 1133 munita
2960 1080 3019 1132 ut
3046 1090 3155 1131 non
3184 1073 3373 1131 facilis
3388 1073 3462 1130 sit
3480 1086 3571 1130 ac-

1931 1180 2139 1223 cessus
2162 1167 2232 1222 ad
2258 1167 2463 1223 moenia
2489 1166 2771 1223 c'vitatis.
2790 1168 3059 1223 Castrum
3086 1164 3332 1236 primum
3357 1161 3428 1219 ad
3452 1175 3571 1218 me-

1931 1255 2136 1312 ridiem
2160 1270 2407 1325 vergens
2430 1257 2674 1327 Cappro.
2703 1256 2803 1312 Cui
2829 1255 3080 1311 vicinum
3103 1258 3193 1310 est
3227 1251 3567 1320 Eumenius,

1931 1344 2191 1416 proxime
2222 1344 2547 1410 Quiriacus.
2587 1345 2684 1401 Cui
2723 1359 2885 1400 muro
2918 1359 3021 1414 per
3052 1342 3262 1398 vallem
3294 1344 3571 1412 protenso

1924 1431 2568 1503 jungiturPrOpie'acus
2584 1433 3272 1502 etPompeiaeuscentum
3289 1428 3403 1484 diis
3419 1428 3572 1499 apud

1930 1520 2189 1577 cultores
2220 1521 2540 1577 daemonum
2576 1521 2861 1591 quondam
2910 1518 3181 1576 celebris.
3233 1518 3355 1573 Non
3401 1516 3573 1585 longe

1931 1609 2193 1679 quintum
2222 1613 2483 1665 castrum
2517 1608 2873 1678 annectitur,
2905 1608 2998 1664 cui
3050 1622 3256 1664 nomen
3307 1607 3573 1662 vetustas

1930 1697 2159 1769 Suspoli
2185 1698 2382 1754 dedit:
2410 1699 2653 1770 ipsaque
2676 1702 2801 1753 tota
2823 1697 3035 1754 civitas
3060 1712 3188 1753 cum
3215 1696 3339 1752 suis
3356 1693 3573 1752 castris

1852 1797 1906 1855 Β
1938 1802 1965 1842 a
2002 1786 2176 1842 ﬂuvio
2210 1786 2561 1858 [deestforte
2592 1787 2778 1856 laira],
2808 1801 2992 1857 usque
3017 1787 3086 1841 ad
3113 1786 3301 1856 ipsum
3335 1783 3573 1840 ﬂuvium

1932 1873 2269 1931 Rhodanum
2314 1878 2589 1944 protenso
2630 1889 2733 1945 per
2772 1875 2957 1930 colles
3000 1888 3183 1945 usque
3225 1873 3295 1929 ad
3340 1871 3573 1944 planum
3611 1866 3614 1871 ’

1933 1977 2097 2018 muro
2138 1962 2412 2031 cingitur,
2449 1961 2790 2047 metropolis
2843 1962 3266 2031 illustrissima,
3309 1966 3367 2016 et
3421 1960 3573 2014 inter

1935 2049 2247 2107 Galliarum
2279 2051 2456 2106 urbes
2486 2049 2897 2120 insignissima.

2047 2164 2411 2221 Theuderius
2439 2164 2653 2222 cellam
2677 2163 3124 2237 adiﬁcatfacto
3153 2160 3462 2218 miraculo.

2004 2266 2055 2316 6.
2093 2263 2231 2317 Cum
2261 2261 2439 2332 igitur
2470 2262 2556 2316 vir
2586 2261 2684 2317 Dei
2711 2261 2901 2317 locum
2924 2260 3209 2316 sessionis
3234 2272 3357 2314 suae
3382 2254 3575 2325 requi-

1934 2353 2111 2419 reret,
2149 2350 2409 2419 pervenit
2444 2350 2679 2405 tandem
2730 2349 2800 2404 ad
2853 2349 3043 2405 locum
3094 2362 3214 2403 suae
3265 2341 3574 2401 solitudini

1932 2442 2129 2507 aptum
2164 2453 2275 2493 non
2302 2440 2491 2494 minus
2519 2438 2720 2509 procul
2747 2438 2817 2493 ab
2842 2439 2986 2494 urbe
3013 2456 3027 2504 ;
3054 2436 3250 2508 ibique
3276 2435 3331 2489 in
3355 2433 3573 2489 honore

1932 2526 2153 2580 Domini
2188 2528 2371 2582 nostri
2406 2529 2551 2583 Jcsu
2585 2526 2821 2594 Christi,
2859 2527 2969 2581 sub
3003 2522 3377 2580 veneratione
3421 2518 3573 2577 beati

1933 2615 2164 2669 Eusebii
2195 2615 2586 2670 Vercellensis
2616 2614 2873 2685 episcopi
2907 2618 2961 2668 et
3007 2612 3300 2681 martyris,
3337 2610 3575 2665 domun-

1932 2701 2119 2757 culam
2149 2702 2441 2759 aediﬁcare
2464 2703 2660 2772 coepit.
2690 2701 2939 2769 Contigit
2964 2705 3158 2756 autem
3180 2695 3572 2754 fundamentis

1925 2788 2103 2857 jaetis
2134 2796 2198 2846 ut
2225 2789 2395 2846 collis
2425 2796 2665 2861 propter
2703 2789 2964 2844 eminens
3010 2786 3215 2857 grandi
3269 2787 3571 2856 praerupto

1930 2878 2320 2945 scinderetur,
2357 2894 2422 2934 ac
2447 2878 2671 2934 ruinam
2696 2877 2822 2933 loco
2847 2876 3240 2946 praetenderet
3275 2892 3287 2927 :
3320 2872 3424 2928 sed
3447 2884 3574 2926 ora-

1946 2965 2107 3021 tione
2119 2966 2227 3021 viri
2240 2966 2339 3020 Dei
2358 2967 2428 3022 ab
2444 2965 2542 3021 illo
2559 2965 2654 3035 qui
2671 2966 2795 3021 suis
2810 2964 2975 3019 dixit:
2990 2958 3570 3031 Sihabwetz‘sﬂdem,

1928 3050 3208 3125 tanquamgmnumsinapis,diceritismonti
3219 3046 3574 3107 ΙιαίσεΤγιιη-

1852 3140 1902 3204 C
1929 3142 1986 3199 si
2006 3142 2146 3199 hinc
2165 3143 2231 3199 in
2249 3155 2435 3212 mare,
2460 3143 2520 3198 et
2535 3141 2827 3198 transiret
2845 3142 3004 3213 (Luc.
3041 3154 3176 3209 xvu,
3204 3139 3280 3209 6),
3308 3132 3575 3192 mirabile

1931 3231 2127 3287 dictu!
2150 3225 2205 3286 in
2232 3235 2398 3302 parte
2421 3230 2532 3286 alia
2557 3230 2698 3286 nihil
2723 3228 3098 3287 :editicationi
3120 3227 3424 3283 nociturus
3439 3221 3577 3279 sub-

1929 3320 2103 3375 sedit.
2129 3320 2269 3375 Exin
2301 3319 2585 3376 aediﬂcata
2609 3319 2799 3389 domo,
2825 3317 3212 3388 reliquiisque
3234 3317 3572 3371 sanctorum

1932 3409 2102 3465 altari
2135 3408 2427 3480 impositis
2482 3408 2694 3464 iterum
2746 3407 2833 3464 vir
2886 3407 2986 3462 Dei
3043 3400 3574 3462 circumambulans

1925 3499 2093 3568 juxta
2119 3498 2333 3552 Jairam
2364 3496 2600 3552 fluvium
2642 3496 2740 3553 ubi
2792 3494 3069 3551 cellulum
3122 3506 3426 3550 servorum
3474 3488 3575 3546 Dei

1933 3585 2221 3653 fundaret,
2258 3598 2455 3640 secum
2490 3584 2546 3639 in
2575 3584 2773 3640 cordis
2803 3589 3036 3640 secreto
3075 3582 3367 3639 volvebat.
3420 3579 3578 3635 Arri-

1932 3674 2092 3744 pitur
2124 3677 2435 3743 propterea
2468 3685 2690 3741 somno,
2736 3676 3121 3741 moneturque
3156 3684 3260 3742 per
3292 3669 3479 3724 visum
3511 3670 3579 3723 ut

1933 3774 2111 3831 super
2144 3760 2327 3830 ipsam
2359 3774 2564 3830 aquam
2598 3760 2656 3814 Β.
2688 3759 2960 3829 martyris
2991 3755 3389 3829 Sympboriani
3426 3753 3579 3809 basi-

1932 3849 2101 3906 licam
2147 3851 2539 3904 construeret.
2596 3849 2950 3917 Factumque
2998 3851 3088 3902 est
3125 3864 3137 3899 :
3174 3860 3243 3901 ac
3291 3846 3577 3899 exornato

1933 3937 2060 3994 loco
2088 3936 2400 3994 monachos
2433 3936 2510 3992 ibi
2541 3935 2766 3992 servire
2799 3937 2915 3991 Deo
2964 3933 3201 4004 delegit.
3259 3930 3575 3988 Crescebat

1934 4031 2127 4083 autem
2162 4026 2307 4081 fama
2337 4024 2444 4081 viri
2471 4024 2591 4095 Dei,
2618 4039 2684 4080 ac
2706 4023 2875 4094 longe
2899 4022 3133 4092 lateque
3160 4020 3571 4093 spargebatur.

1932 4117 2049 4171 Nec
2075 4115 2226 4171 enim
2259 4114 2593 4187 patiebatur
2627 4113 2897 4170 Christus
2938 4113 3092 4168 Deus
3142 4114 3344 4167 noster
3386 4108 3577 4165 lucer-

1938 4219 2067 4260 nam
2100 4204 2211 4259 sub
2238 4202 2429 4259 modio
2459 4201 2658 4258 celari.

2374 4317 2589 4374 Varias
2627 4317 2811 4373 cellas
2837 4315 3145 4373 construit.

2003 4422 2055 4472 7.
2092 4414 2553 4471 Accurrentibus
2582 4428 2722 4483 ergo
2755 4412 3023 4485 plurimis
3052 4413 3122 4468 ad
3159 4411 3426 4467 notitiam
3463 4409 3574 4466 viri

211 4514 266 4557 se
283 4502 559 4563 humiliat
572 4504 948 4563 multabitur
968 4506 1127 4577 (Luc.
1154 4506 1417 4576 xvm,14)
1443 4524 1456 4573 ;
1480 4510 1537 4561 et
1561 4506 1821 4576 Scriptu-
1851 4492 1903 4552 D
1935 4504 2054 4575 Dei,
2074 4503 2253 4559 frater
2273 4501 2401 4571 ejus
2435 4503 2643 4571 Arvu's,
2673 4502 2778 4558 sed
2803 4506 2861 4557 et
2888 4500 3197 4573 propinqui
3223 4499 3321 4556 alii
3347 4497 3574 4555 visendi

216 4604 282 4645 rze
304 4591 574 4651 dicentis:
595 4596 823 4661 Quanto
842 4609 1096 4667 magnus
1117 4608 1198 4665 es,
1212 4594 1471 4651 humilia
1485 4594 1539 4650 te
1559 4595 1624 4650 in
1644 4595 1827 4651 omni-

218 4675 305 4736 bus
323 4681 523 4750 (Eccli.
550 4698 631 4753 ιιι,
658 4684 768 4753 20).
797 4683 1102 4740 Curriculo
1124 4688 1314 4741 autem
1338 4688 1663 4755 temporum
1695 4698 1828 4739 evo-

215 4763 321 4823 luto
343 4772 615 4841 cogitavit
634 4772 723 4827 vir
744 4773 841 4827 Dei
857 4773 1117 4829 revisere
1132 4773 1486 4844 provinciam
1502 4771 1827 4828 nativitatis

209 4862 387 4913 suamet
417 4862 698 4931 parentes
722 4875 862 4917 suos
884 4860 1195 4917 consolari.
1233 4862 1433 4932 Itaque
1464 4860 1825 4918 voluntatem

212 4955 351 5000 suam
373 4951 574 5004 sancto
594 4948 873 5020 episcopo
895 4949 1266 5020 aperiens,ab
1289 4949 1533 5021 ipsoque
1557 4950 1832 5006 benedic-

220 5030 406 5091 tionem
435 5036 612 5094 eundi
644 5041 705 5092 et
728 5037 1010 5095 redeundi
1033 5038 1436 5110 expostulans,
1461 5039 1667 5109 grandi
1693 5056 1829 5097 moe-

221 5134 334 5179 rore
353 5126 536 5196 primo
556 5140 689 5183 eum
714 5125 926 5184 aﬂ‘ecit.
951 5126 1167 5183 Deinde
1191 5128 1243 5183 S.
1270 5127 1377 5183 viri
1401 5128 1590 5184 animo
1612 5142 1675 5185 se
1715 5144 1826 5185 non

214 5222 369 5278 posse
389 5215 685 5271 contraire
708 5229 976 5286 cernens,
1001 5231 1303 5273 assensum
1328 5216 1463 5274 licet
1494 5217 1691 5274 tristis
1730 5219 1827 5275 de-

201 5294 275 5353 dit
292 5314 533 5375 cnmque
558 5303 1073 5363 benedictionibus
1096 5304 1371 5362 discessit
1396 5306 1467 5361 ab
1503 5306 1643 5362 urbe
1688 5308 1827 5363 Are-

198 5381 387 5447 latensi
419 5396 782 5465 prosecutus
812 5392 973 5451 clero
1004 5398 1064 5450 et
1097 5394 1310 5466 populo
1344 5394 1519 5451 ﬂente
1552 5394 1707 5465 quod
1736 5395 1826 5452 vir

198 5472 287 5534 Dei
318 5480 386 5538 ab
416 5482 505 5541 eis
535 5482 862 5556 recederet,
896 5482 1131 5540 tandem
1163 5482 1324 5539 abire
1355 5482 1639 5555 permisit.

1933 4593 2121 4664 gratia
2154 4592 2307 4647 inter
2339 4595 2588 4647 caeteros
2613 4590 2859 4661 quadam
2885 4590 2977 4646 die
3001 4590 3361 4646 advenerunt
3387 4608 3398 4642 :
3429 4601 3574 4658 quos

1936 4684 2034 4740 ille
2051 4681 2257 4739 blande
2270 4686 2330 4738 et
2346 4684 2582 4752 paterne
2598 4680 3059 4752 amplexatus,de
3083 4679 3327 4752 spevitae
3338 4682 3575 4735 aeternas

1936 4778 1996 4829 et
2028 4771 2495 4829 remuneratione
2527 4775 2865 4827 sanctorum
2898 4784 3000 4827 eos
3033 4771 3127 4842 pie
3160 4770 3451 4826 monebat.
3487 4766 3575 4819 In-

1940 4864 2266 4919 ﬂammatus
2281 4875 2417 4917 vero
2432 4861 2667 4917 nimium
2683 4866 2739 4917 et
2766 4860 2975 4917 ardore
3002 4860 3253 4932 Spiritus
3275 4856 3464 4915 sancti
3488 4872 3576 4914 ac-

1937 4964 2172 5021 census,
2204 4949 2360 5006 venit
2386 4949 2456 5005 ad
2482 4954 2741 5006 castrum
2766 4956 3159 5022 nuncupatum
3185 4948 3450 5017 A'arona,
3470 4946 3575 5002 ibi-

1936 5054 2047 5112 que
2078 5038 2496 5096 monasterium
2528 5039 2941 5097 monachorum
2970 5040 3282 5096 instituerc
3305 5037 3569 5110 cupiens,

1936 5126 2257 5185 oratorium
2273 5128 2497 5184 B.Petri
2512 5128 2910 5200 apostolorum
2928 5127 3570 5200 principisconstruxit,

1938 5217 2133 5288 ibique
2158 5216 2524 5275 orationibus
2547 5224 2604 5274 et
2630 5218 2971 5289 vigiliisDeo
2991 5231 3206 5274 vacans
3222 5214 3323 5289 per
3338 5215 3574 5289 aliquod

1940 5310 2174 5378 tempus
2203 5307 2446 5363 resedit.
2480 5309 2853 5365 Postmodum
2885 5307 3125 5363 veniens
3162 5307 3233 5364 ad
3270 5307 3464 5364 vicum
3513 5310 3572 5363 et

1932 5394 2129 5451 villam
2165 5399 2468 5468 parentum
2506 5410 2764 5466 suorum,
2798 5395 2890 5452 cui
2914 5395 3260 5452 vocabulum
3292 5400 3382 5452 est
3417 5395 3575 5452 Assi-

1932 5483 2148 5555 cia,ubi
2178 5483 2501 5541 oratorium
2535 5484 2590 5538 in
2623 5483 2839 5540 honore
2885 5484 2944 5539 Β.
2983 5484 3243 5543 Mauricii
3296 5481 3572 5553 martyris

1932 5576 2207 5645 parentes
2229 5570 2359 5642 ejus
2379 5574 2869 5643 construxerunt,
2887 5578 3268 5647 prosternens
3287 5587 3350 5632 se
3373 5573 3429 5629 in
3442 5584 3569 5629 ora-
