3988 6158
336 311 445 370 “7.

1389 291 1444 346 S.
1487 285 1747 348 ADONIS
1784 280 2220 344 ARCHIEPISC.
2263 276 2676 338 VIENNENSIS

3621 270 3730 344 μθ.

336 431 516 501 tione,
539 423 832 486 continuis
853 421 1061 480 diebus
1079 422 1138 476 et
1161 417 1436 476 noctibus
1457 414 1698 486 rogabat
1721 411 1821 468 Dei
1861 424 1978 466 om-
2005 407 2062 469 A
2092 404 2375 501 modicam
2419 401 2725 500 aperiens,
2746 395 3206 501 advenientibus
3249 393 3466 501 monita
3489 480 3502 492 .
3522 391 3720 492 dabat.

334 516 654 592 nipotentis
675 508 1154 577 misericordiam,
1180 511 1242 565 ut
1265 505 1614 576 condignum
1637 503 1827 561 locum
1860 514 1978 558 ser-

335 591 538 667 vorum
550 605 651 662 Dei
665 599 1009 660 habitationi
1023 599 1073 656 ci
1090 597 1494 656 demonstrare
1518 592 1808 662 dignetur.
1837 591 1977 646 Cum

337 701 533 756 autem
569 709 632 752 se
663 691 859 763 scpori
889 689 1167 756 dedisset,
1190 684 1355 742 visus
1381 686 1472 739 est
1503 681 1555 738 ei
1585 679 1829 751 angelus
1852 679 1973 749 Dei,

343 785 441 858 qui
471 787 530 842 et
551 783 738 840 locnm
762 781 1052 838 secretum
1077 775 1130 832 in
1153 772 1302 832 colle
1324 771 1588 844 Rupiano
1611 768 1884 858 signavit,
1918 771 1976 823 et

341 857 404 933 ut
437 872 517 930 ibi
548 867 961 927 monasterium
1007 864 1158 936 quod
1201 859 1542 931 ardebat[id
1569 857 1980 930 est,desidera-

341 961 484 1038 bat],
517 961 861 1017 construere
912 953 1277 1028 praemonuit.
1321 951 1457 1006 Erat
1507 953 1649 1005 tunc
1695 944 1978 1018 temporis

338 1033 628 1108 b'icilocus
656 1049 859 1118 utpote
893 1042 1186 1102 silvestris
1211 1039 1350 1097 feris
1372 1054 1438 1095 ac
1462 1035 1837 1108 serpentibus
1863 1033 1982 1106 ple-

341 1154 470 1198 nus.
505 1135 796 1208 Evigilans
824 1133 914 1190 vir
943 1131 1042 1190 Dei
1067 1131 1224 1188 venit
1249 1129 1319 1186 ad
1343 1128 1532 1185 locum
1559 1125 1671 1183 sibi
1696 1123 1980 1182 divinitus

343 1229 749 1294 monstratum,
766 1222 960 1294 ibique
983 1217 1407 1292 aliquantulum
1423 1218 1538 1273 Deo
1551 1214 1873 1272 orationem
1899 1211 1982 1268 fu-

344 1317 449 1374 dit.
467 1315 576 1371 Sed
600 1313 831 1370 invidus
855 1309 1038 1368 omnis
1062 1307 1194 1365 boni
1219 1305 1504 1377 diabolus,
1523 1309 1584 1361 ut
1611 1299 1982 1360 sanctumvi-

343 1419 468 1461 rum
489 1402 589 1459 Dei
622 1403 694 1459 ab
725 1399 1047 1458 intentione
1075 1397 1252 1468 coepti
1285 1396 1637 1464 retraheret,
1673 1391 1824 1447 sicut
1880 1402 1982 1460 per

345 1497 675 1564 serpentem
700 1488 903 1562 primis
923 1487 1264 1559 parentibus
1295 1499 1513 1540 venena
1559 1497 1680 1539 suae
1724 1478 1982 1552 perﬁdiae

345 1581 696 1654 prepinavit,
713 1580 926 1636 iterum
949 1579 1280 1648 serpentem
1306 1587 1632 1642 ingressus,
1648 1575 1704 1627 et
1732 1571 1983 1626 ferarum

347 1670 467 1727 iras
486 1683 724 1726 movens
751 1671 1028 1739 appetere
1061 1665 1324 1720 retinuit.
1361 1663 1537 1732 Cujus
1569 1659 1861 1716 versutias
1893 1658 1986 1715 vir

343 1757 448 1818 Dei
472 1769 846 1830 praenoscens
867 1755 1044 1811 armis
1067 1753 1394 1808 orationum
1419 1765 1482 1807 se
1508 1749 1772 1806 muniens
1807 1748 1988 1804 intre-
2017 1763 2071 1824 Β

349 1847 524 1920 pidus
547 1846 738 1917 stetit,
754 1859 821 1902 ac
846 1845 1004 1901 fraus
1025 1839 1238 1897 diaboli
1254 1839 1406 1896 victa
1430 1835 1835 1894 evanescendo
1857 1850 1988 1894 suc-

351 1935 576 1994 cubuit.
634 1937 938 1990 Annuente
989 1931 1184 2001 itaque
1244 1928 1656 1984 Viennensium
1715 1927 1989 2000 episcopo

347 2026 688 2080 constructa
709 2027 767 2078 et
798 2019 1035 2077 basilica
1075 2019 1254 2076 celeri
1293 2033 1471 2090 opere
1514 2018 1571 2073 in
1611 2015 1988 2074 veneratione

345 2115 563 2169 sanctae
583 2111 682 2166 Dei
705 2109 1014 2180 genitricis
1038 2108 1247 2178 Mariae,
1274 2112 1449 2178 atque
1495 2109 1565 2164 de
1608 2105 1989 2163 facultatibus

344 2203 464 2257 tam
489 2205 792 2270 parentum
817 2213 986 2269 quam
1009 2197 1468 2268 propinquorum
1492 2210 1728 2253 suorum
1749 2207 1993 2251 'monas-

344 2285 619 2351 teriolum
643 2287 927 2356 dotatum,
952 2289 1010 2340 et
1037 2285 1302 2341 monachi
1325 2286 1492 2356 juxta
1527 2284 1787 2356 regulam
1819 2283 1993 2340 Sanc-

346 2379 538 2433 torum
562 2377 799 2432 Patrum
824 2377 960 2430 sunt
984 2374 1262 2430 instituti.

631 2481 909 2553 Eligitur
929 2479 1131 2536 orator
1147 2480 1363 2552 populi
1391 2480 1474 2537 ad
1496 2481 1703 2537 Deum.

421 2593 472 2646 8.
508 2587 720 2644 Eodem
753 2591 1016 2657 tempore
1044 2585 1351 2656 Philippus
1380 2595 1407 2624 α
1437 2583 1792 2642 venerabilis
1839 2586 1994 2657 epis-

351 2692 535 2749 copus
555 2677 896 2734 Viennensis
921 2675 1236 2732 vicesimus
1252 2675 1474 2745 primus
1487 2674 1832 2730 habebatur.
1851 2675 1994 2732 Con-

351 2766 682 2824 suetudinis
714 2770 840 2822 erat
874 2765 929 2821 in
966 2765 1167 2820 eadem
1202 2765 1346 2820 urbe
1379 2778 1552 2820 unum
1603 2762 1676 2819 de
1728 2763 1994 2834 pluribus

351 2853 604 2912 electum
629 2852 940 2910 sanctioris
959 2852 1095 2908 vitae
1119 2852 1174 2907 in
1199 2855 1421 2907 remoto
1445 2850 1590 2906 infra
1616 2851 1876 2907 eamdem
1899 2865 1994 2908 ur-

354 2944 483 3002 bem
515 2956 753 3014 ponere,
789 2941 885 3012 qui
921 2945 1054 2997 vota
1089 2939 1308 3012 populi,
1343 2938 1812 3010 contemplativa;
1859 2938 1992 2995 vitae

354 3031 541 3089 solum
557 3024 1042 3098 deserviens,Deo
1056 3027 1402 3086 familiarius
1415 3027 1994 3098 allegaret.Pontifex

2094 493 2432 552 Contulerat
2459 495 2651 548 autem
2673 488 2727 545 ei
2743 483 3155 558 Christigratia
3171 481 3367 542 cordis
3377 479 3725 554 sapientiam

2086 583 2282 642 etoris
2295 581 2612 655 gratiosam
2633 577 2980 645 facundiam,
3008 579 3068 630 ut
3092 573 3270 630 sciret
3294 569 3445 643 quod
3476 565 3729 640 singulis

2090 671 2410 732 salubriter
2432 669 2735 742 panderet.
2754 664 2896 734 Quis
2909 661 3148 721 vulnere
3170 659 3384 718 diaboli
3410 673 3731 732 percussus

2089 762 2162 820 ad
2191 776 2322 818 eum
2353 753 2512 816 venit
2545 762 2602 814 et
2635 770 2746 813 non
2779 754 3054 812 continuo
3085 749 3409 807 medicatus
3437 761 3733 818 sanusque

2090 851 2374 910 recessit!
2402 848 2544 916 Quis
2566 849 2810 904 maestus
2832 844 2902 900 de
2927 841 3180 915 pondere
3205 843 3580 912 peccatorum
3601 851 3736 894 suo-

2091 955 2216 997 rum
2233 954 2366 996 nom
2382 937 2580 994 statim
2593 935 2665 992 de
2679 931 3079 991 misericordia
3095 929 3192 986 Dei
3208 925 3548 986 consolatus
3572 939 3740 984 secu-

2091 1030 2212 1086 rior
2234 1032 2290 1084 et
2317 1025 2506 1084 laetior
2530 1023 2702 1080 rediit
2724 1023 2749 1078 ?
2769 1021 2949 1088 Quem
2973 1017 3156 1077 seculi
3191 1029 3468 1089 pressura
3507 1014 3740 1071 tristio-

2093 1132 2213 1174 rem
2242 1114 2602 1182 reddiderat,
2619 1113 2749 1184 ejus
2769 1112 3004 1167 horta-tu
3028 1107 3098 1164 ad
3122 1120 3284 1178 spem
3305 1104 3502 1176 gaudii
3526 1101 3742 1176 sempi-

2090 1205 2246 1263 terni
2277 1203 2528 1262 animum
2553 1201 2711 1258 illico
2723 1199 2932 1257 erexit.
2953 1200 3022 1254 Ut
3037 1196 3214 1253 dictis
3227 1191 3486 1268 Apostoli
3501 1190 3744 1249 conclu-

2093 1295 2224 1352 dam
2241 1297 2452 1360 totum,
2481 1290 2762 1349 Omnibus
2790 1289 2989 1346 omnia
3001 1286 3200 1349 factus
3213 1281 3744 1358 estut/Merctor»-

2091 1396 2192 1441 uas
2217 1383 2414 1440 salvos
2444 1381 2510 1452 (Ι
2525 1379 2656 1438 σοιν.
2685 1393 2760 1449 ix,
2793 1378 2904 1448 2‘2).
2937 1371 3230 1432 Miracuiis
3259 1371 3432 1428 etiam
3464 1369 3746 1426 Dominus

2093 1486 2331 1529 servum
2363 1484 2528 1527 suum
2561 1467 2900 1524 familiarius
2929 1464 3323 1521 adhaerentem
3367 1456 3740 1527 clariﬁcavit,

2094 1561 2174 1616 ita
2209 1563 2270 1616 ut
2305 1558 2502 1632 plures
2533 1573 2562 1614 a
2596 1554 2860 1626 malignis
2890 1551 3196 1626 spiritibus
3223 1547 3438 1619 vexati,
3471 1551 3528 1604 et
3556 1545 3745 1604 variis

2096 1647 2477 1720 languoribus
2511 1645 2750 1703 detenti
2785 1643 2911 1714 ejus
2957 1638 3320 1698 orationibus
3367 1640 3740 1694 sanarentur.

2313 1769 2502 1830 Morti
2518 1768 2835 1842 promimus
2863 1765 2984 1822 Deo
2997 1761 3337 1837 ferventius
3363 1757 3554 1817 vacat.

2171 1883 2259 1936 10.
2295 1875 2499 1934 Mansit
2532 1879 2726 1932 autem
2749 1871 2932 1930 isdem
2955 1871 3192 1928 sanctus
3213 1865 3300 1922 vir
3321 1863 3655 1922 duodennio
3675 1861 3744 1920 in

2099 1967 2228 2025 loco
2264 1965 2576 2038 praeelccto
2605 1966 2662 2020 et
2697 1961 2804 2019 sibi
2837 1958 3174 2018 dulcissimo
3207 1956 3371 2012 :-Deo
3402 1967 3629 2026 semper
3647 1966 3746 2010 ar-

2101 2055 2438 2113 dentissima
2462 2050 2812 2110 contritione
2836 2047 3079 2120 spiritus
3099 2061 3165 2103 ac
3188 2043 3451 2116 corporis
3465 2045 3652 2099 totum
3673 2053 3750 2099 se

2100 2142 2394 2200 mactavit.
2422 2141 2561 2198 Cum
2593 2144 2786 2196 autem
2817 2142 3048 2210 tempus
3077 2148 3196 2192 suae
3228 2129 3600 2190 resolutionis
3627 2128 3754 2187 ins-

2103 2237 2228 2289 tare
2258 2233 2550 2298 cerneret,
2584 2225 2906 2284 ferventius
2934 2225 2990 2280 in
3013 2222 3132 2281 alta
3155 2221 3366 2280 mentis
3386 2216 3757 2290 contempla-

2099 2321 2259 2377 tione
2293 2320 2637 2392 perdurans,
2662 2314 2825 2388 quasi
2857 2307 3592 2383 viciniorjanuiscmlestis
3608 2307 3756 2364 vita

2101 2408 2332 2467 oculum
2349 2406 2562 2463 mentis
2583 2405 2650 2462 ad
2679 2403 2789 2460 alia
2813 2402 3126 2460 deflectere
3147 2413 3301 2469 aegre
3325 2397 3571 2455 ferebat.
3595 2395 3758 2452 inte-

2101 2501 2258 2554 rerat
2291 2511 2485 2554 amore
2517 2493 2848 2551 Conditoris
2878 2490 2965 2548 sui
2996 2489 3226 2559 visioni,
3249 2487 3492 2544 aderant
3517 2482 3758 2542 deside-

2103 2587 2206 2642 riis
2226 2585 2354 2656 ejus
2375 2583 2599 2654 agmina
2624 2580 2950 2640 caalestium
2975 2577 3286 2651 spirituum
3308 2573 3492 2646 chori,
3518 2578 3757 2646 aposto-

2102 2676 2288 2733 lorum
2322 2671 2667 2744 multiplicia
2702 2676 2942 2742 trOpaea,
2977 2672 3295 2738 martyrum
3325 2669 3660 2722 sanctorum
3692 2661 3754 2718 in

2101 2763 2266 2821 caelis
2297 2758 2710 2819 inenarrabilis
2758 2757 2982 2814 laetitia.
3016 2757 3138 2813 Non
3187 2769 3381 2824 sonus,
3415 2766 3526 2808 non
3579 2751 3756 2808 cibus

2102 2852 2259 2910 ullus
2293 2855 2510 2922 praeter
2543 2848 2835 2904 Christum
2867 2844 3078 2903 suavis.
3113 2845 3271 2900 inter
3302 2845 3418 2898 tam
3451 2839 3658 2897 felices
3691 2841 3754 2895 et

2104 2941 2310 2998 beatos
2343 2938 2572 2995 labores
2601 2951 2734 2993 cum
2767 2931 3191 3005 aliquantulum
3221 2929 3312 2986 vir
3358 2927 3458 2986 Dei
3501 2941 3762 3000 corpore

2103 3016 2531 3099 languesceret,
2565 3023 2778 3097 plenus
2807 3027 2869 3080 et
2889 3023 3322 3078 consummatus
3341 3015 3452 3089 piis
3471 3015 3763 3087 operibus

354 3120 551 3189 itaque
567 3133 696 3174 cum
711 3133 786 3173 ex
807 3117 1044 3172 dioecesi
1069 3117 1256 3172 virum
1282 3115 1512 3186 plenum
1538 3115 1779 3173 virtutis
1801 3116 1994 3186 requi-
2023 3113 2072 3175 C
2101 3115 2371 3188 migravit
2399 3114 2468 3171 ad
2500 3111 2827 3169 Dominum.
2862 3109 2908 3166 Ο
2936 3107 3127 3165 virum
3150 3109 3382 3164 beatum
3406 3109 3540 3178 post
3559 3108 3652 3160 tot
3679 3103 3763 3161 la-

356 3205 638 3274 reret,cui
654 3207 714 3258 et
739 3202 991 3274 populus
1013 3202 1258 3272 imperio
1281 3203 1467 3273 ipsius
1488 3203 1640 3272 quod
1657 3203 1728 3259 ad
1745 3203 1992 3259 salutem

359 3292 613 3372 pertinet
647 3295 874 3349 secreta
901 3305 1004 3347 sua
1035 3289 1450 3362 committeret,
1478 3293 1709 3348 beatum
1740 3291 1998 3348 Theude-

358 3382 506 3438 rium
525 3382 641 3452 jam
666 3379 1074 3436 monachorum
1099 3384 1322 3450 patrem
1337 3380 1686 3436 existentem
1703 3395 1765 3436 se
1779 3381 1994 3436 habere

359 3473 668 3540 tantopere
690 3469 932 3538 gavisus
955 3471 1067 3523 est.
1095 3469 1296 3536 itaque
1329 3481 1460 3523 eum
1493 3469 1765 3525 accessiri
1793 3469 1990 3540 jussit.

361 3557 562 3615 Sciens
593 3571 733 3614 vero
765 3557 976 3612 beatus
1008 3554 1098 3612 vir
1127 3569 1240 3626 quo
1267 3560 1470 3612 tenore
1493 3572 1523 3613 a
1549 3557 1821 3629 pontifice
1845 3571 2000 3628 quae-

361 3645 828 3717 reret.ur,gratiae
850 3644 949 3702 Dei
975 3658 1038 3701 se
1061 3647 1249 3701 totum
1270 3645 1662 3716 committens,
1680 3646 1999 3718 praeposito

361 3750 471 3795 suo
491 3735 802 3793 Severiano
824 3734 1052 3792 nomine
1073 3733 1276 3792 curam
1302 3734 1641 3792 monasterii
1674 3735 1764 3792 sui
1797 3750 1998 3807 super-

359 3825 575 3899 posuit,
608 3828 666 3880 et
717 3824 1035 3880 exhortans
1082 3827 1258 3894 atque
1307 3822 1642 3880 valedicens
1691 3824 1996 3895 fratribus,

361 3914 774 3973 commendans
801 3912 934 3970 illos
964 3913 1204 3969 Domino
1227 3912 1320 3970 cui
1354 3927 1513 3984 spem
1557 3927 1716 3970 suam
1768 3912 2002 3970 commi-

362 4006 544 4074 serat,
569 4003 641 4059 ad
660 4001 992 4073 pontificem
1017 4001 1295 4072 perrexit.
1325 4001 1504 4067 Quem
1530 4001 1713 4057 isdem
1739 4002 2000 4073 pontifex

317 4147 322 4152 .
360 4090 778 4148 venerabiliter
800 4089 1146 4161 suscipiens,
1171 4093 1526 4160 congregato
1549 4089 1707 4146 clero
1730 4091 2000 4162 omnique

363 4177 533 4250 plebe
565 4182 831 4234 sanctum
861 4177 1050 4233 virum
1083 4177 1364 4234 fratribus
1382 4177 1452 4234 de
1476 4178 1878 4236 misericordia
1901 4180 1999 4236 Dei

363 4265 629 4324 ecclesiae
662 4265 798 4322 filiis
839 4266 1182 4336 assignavit,
1217 4269 1279 4322 ut
1311 4267 1575 4323 oratione
1609 4267 1666 4322 Β.
1717 4267 1828 4323 viri
1878 4269 2002 4340 ipse

364 4353 592 4412 lucrum
625 4354 696 4410 de
725 4368 903 4424 grege
927 4354 1035 4410 sibi
1060 4355 1372 4411 commisso
1391 4354 1462 4411 ad
1485 4355 1782 4413 Dominum
1808 4371 2004 4428 repor-

363 4446 539 4500 taret.
575 4441 758 4514 Elegit
793 4442 991 4512 itaque
1025 4441 1136 4498 sibi
1167 4443 1257 4498 vir
1289 4443 1496 4500 beatus
1519 4443 1576 4498 in
1599 4448 1792 4501 monte
1815 4443 2005 4511 Quiri-

366 4529 482 4588 nali
513 4529 703 4588 locum
733 4533 792 4587 et
824 4529 1130 4588 Basilicam
1163 4531 1223 4586 Β.
1259 4531 1533 4602 martyris
1564 4533 1878 4604 Laurentii,
1905 4533 2003 4591 ubi

367 4618 462 4676 die
491 4623 784 4690 noctuque
815 4617 1065 4676 orationi
1093 4619 1209 4676 Deo
1238 4623 1493 4676 vacaret.

674 4727 833 4799 Ejus
868 4727 1122 4786 virtutes
1159 4727 1220 4784 et
1251 4726 1692 4785 comendatio.

433 4831 485 4884 9.
525 4823 766 4893 Quantae
799 4829 991 4883 autem
1024 4825 1414 4883 districtionis
1445 4828 1794 4898 quantaeque
1823 4825 2006 4883 humi-

367 4913 556 4973 litatis
585 4913 682 4971 hic
713 4913 802 4971 vir
835 4912 1032 4985 fuerit,
1059 4919 1170 4971 non
1197 4913 1366 4971 facile
1385 4913 1591 4986 quavis
1611 4912 1804 4984 lingua
1824 4913 2008 4987 expli-

369 5002 623 5061 cabitur.
643 5001 936 5074 Lacrymis
958 5001 1249 5074 profusus,
1266 5001 1530 5059 oratione
1563 5007 1792 5074 cautus,
1826 5003 2004 5060 corde

369 5093 532 5147 totus
563 5091 618 5148 in
648 5090 888 5148 Domino
928 5088 1098 5162 fixus,
1131 5089 1204 5146 de
1256 5089 1550 5162 paucitate
1597 5104 1736 5148 vero
1784 5090 1900 5149 cibi
1947 5097 2008 5148 et

374 5178 548 5247 potus
581 5193 648 5237 ac
681 5174 908 5238 vilitate
937 5177 1174 5236 habitus
1201 5179 1354 5250 quod
1395 5179 1632 5249 dignum
1681 5180 2009 5254 exprimere

375 5263 595 5336 possim
625 5280 738 5325 non
766 5269 938 5328 video
971 5287 984 5326 :
1019 5267 1250 5341 quando
1298 5267 1355 5323 in
1403 5266 1596 5324 cilicio
1641 5271 2008 5343 recumbens,

379 5355 588 5410 noctes
607 5353 848 5427 diesque
872 5358 998 5416 sine
1018 5357 1150 5416 cibo
1167 5359 1223 5413 et
1251 5359 1388 5430 potu
1403 5355 1850 5415 continuaverit.
1867 5357 2011 5425 Quia

385 5453 527 5513 ergo
550 5441 747 5514 populi
772 5445 1025 5518 undique
1058 5447 1131 5504 ad
1161 5461 1291 5504 eum
1323 5445 1712 5518 conﬂuebant,
1745 5446 1872 5518 ipse
1903 5447 2014 5504 sub

387 5533 620 5590 secreto
633 5536 910 5603 quantum
925 5538 1153 5606 poterat
1167 5550 1231 5594 se
1243 5535 1546 5595 occultans
1557 5534 1872 5594 fenestram
1887 5549 2016 5609 per-

2105 3207 2277 3262 bores
2331 3201 2562 3275 gaudiis
2611 3203 2949 3258 sanctorum
2998 3195 3310 3269 spirituum
3358 3193 3414 3250 in
3463 3193 3761 3250 societate

2105 3297 2435 3352 sanctorum
2484 3292 2956 3358 annumeratum,
3005 3289 3066 3342 et
3107 3284 3328 3342 visione
3379 3281 3605 3340 Domini
3665 3279 3764 3338 sui

2104 3395 2274 3453 quem
2299 3395 2528 3451 semper
2552 3394 2581 3435 a
2597 3378 2771 3436 mavit
2797 3381 3016 3434 aeterne
3035 3371 3397 3433 consolatum
3418 3375 3477 3428 et
3501 3367 3764 3428 feliciter

2107 3469 2466 3526 lzetiiicatum
2493 3469 2507 3524 !

2308 3591 2634 3665 Sepelitur.
2677 3589 2906 3675 om
2929 3584 3228 3647 immobile
3251 3582 3549 3644 redditur.

2179 3705 2265 3760 11.
2300 3701 2619 3770 Postquam
2653 3697 2854 3754 obitus
2883 3693 3066 3753 sancti
3097 3691 3208 3750 viri
3235 3689 3460 3750 civitati
3490 3694 3581 3748 est
3612 3703 3764 3746 nun-

2107 3789 2311 3860 tiatus,
2337 3787 2437 3843 ivit
2469 3790 2594 3843 tota
2618 3784 2837 3843 civitas
2856 3783 2912 3840 in
2934 3781 3278 3854 obsequium
3301 3779 3542 3850 funeris,
3567 3791 3764 3836 sacer-

2109 3879 2298 3948 dotes,
2332 3875 2708 3946 reliquusque
2735 3873 2952 3942 clerus,
2976 3875 3036 3929 et
3059 3868 3256 3943 populi
3279 3869 3583 3925 innumera
3614 3863 3765 3923 mul-

2109 3967 2322 4025 titudo.
2345 3964 2737 4036 Compositum
2771 3977 2846 4019 ex
2877 3975 3035 4018 more
3063 3973 3280 4030 corpus
3308 3957 3365 4014 iu
3389 3956 3607 4014 feretro
3626 3967 3764 4012 coo-

2113 4055 2339 4128 peritur
2363 4073 2376 4110 :
2400 4067 2648 4124 cumque
2671 4047 3236 4108 acircumstantibus
3250 4042 3616 4119 presbyteris
3627 4047 3765 4115 post

2111 4143 2295 4202 oﬁlcia
2327 4142 2560 4199 reddita
2593 4145 2656 4198 ut
2696 4141 2766 4198 ad
2814 4138 3147 4211 sepulcrum
3190 4137 3446 4194 ferretur
3492 4135 3760 4191 sanctum

2113 4233 2390 4311 feretrum
2427 4231 2632 4288 fuisset
2665 4229 3114 4301 apprehensum,
3141 4224 3366 4283 moveri
3400 4237 3430 4280 a
3471 4221 3600 4280 loco
3645 4233 3762 4277 non

2113 4321 2326 4394 potuit,
2352 4308 2705 4376 mirantibus
2727 4322 2785 4374 et
2811 4315 3190 4388 stupentibus
3209 4311 3481 4371 omnibus
3499 4309 3599 4382 qui
3623 4308 3764 4366 ade-

2118 4415 2334 4480 rant,et
2359 4407 2610 4468 sollicito
2633 4407 2773 4479 quid
2801 4408 2954 4462 facto
2975 4419 3125 4477 opus
3144 4403 3217 4462 sit
3240 4399 3662 4474 quaerentibus.
3687 4397 3762 4456 Ut

2118 4500 2173 4556 S.
2200 4497 2492 4572 pontificis
2514 4498 2757 4554 decreto
2779 4494 3080 4552 definitum
3104 4496 3190 4550 est
3209 4489 3497 4564 (quamvis
3512 4485 3765 4561 populus

2113 4587 2461 4658 contrairet)
2493 4590 2792 4658 quatenus
2817 4585 2887 4640 ad
2921 4581 3333 4640 monasterium
3368 4592 3537 4636 suum
3572 4580 3766 4650 porta-

2115 4681 2280 4734 retur
2303 4675 2482 4748 (quod
2511 4679 2601 4732 est
2641 4671 2951 4744 mirabile),
2977 4670 3134 4728 illico
3163 4673 3326 4726 tanta
3361 4665 3646 4724 facilitate
3675 4667 3762 4720 est

2116 4771 2356 4834 motum,
2381 4767 2444 4820 ut
2478 4762 2698 4820 nullius
2729 4761 3006 4833 ponderis
3033 4773 3166 4816 esse
3199 4760 3528 4830 putaretur.
3553 4755 3767 4810 Perve-

2115 4853 2276 4912 nitur
2304 4853 2360 4908 in
2393 4851 2676 4910 suburbio
2715 4848 2972 4908 civitatis
3003 4847 3072 4906 ad
3107 4845 3404 4904 basilicam
3437 4845 3492 4901 S.
3524 4840 3764 4900 Romani

2116 4941 2390 5014 martyris
2423 4939 2478 4995 in
2513 4939 2642 4998 vico
2704 4937 3046 5009 Brenniaco,
3080 4935 3276 5008 ibique
3327 4930 3634 5006 paululum
3682 4943 3766 4987 re-

2117 5032 2398 5103 pausatur
2431 5047 2444 5084 :
2473 5027 2628 5101 quod
2659 5029 2964 5100 supererat
2987 5024 3198 5096 noctis,
3223 5019 3570 5096 pervigilem
3589 5019 3767 5078 duxe-

2117 5121 2272 5174 runt.
2307 5116 2456 5184 Quid
2487 5120 2692 5174 autem
2727 5113 2992 5172 miraculi
3031 5109 3342 5184 contigerit
3393 5122 3508 5167 non
3560 5110 3764 5180 praste-

2119 5205 2405 5263 reundum
2438 5209 2598 5278 puto.

2137 5331 2351 5390 Vinum
2373 5327 2820 5401 multiplicatur
2847 5325 2917 5384 iu
2936 5325 3210 5474 mitam
3237 5320 3589 5396 baiulorum
3603 5315 3770 5380 sacri

2796 5428 2936 5474 om
3065 5455 3078 5470 .

2796 5428 3078 5488 cor-pom.

2195 5539 2280 5594 12.
2314 5530 2848 5593 Sanctimoniallum
2881 5507 3223 5589 feminarum
3251 5529 3370 5587 Deo
3391 5525 3451 5586 in
3480 5527 3770 5586 monaste-

449 5665 479 5698 ι
507 5657 815 5735 Philippus
857 5657 1106 5720 concilio
1153 5661 1543 5736 Lugdunensi,
1590 5675 1740 5724 anno
1787 5664 1912 5734 867,
1965 5662 2022 5718 et
2052 5657 2366 5720 Parisiensi
2396 5673 2472 5732 iv,
2504 5671 2654 5717 anno
2683 5659 2808 5728 573,
2842 5652 3136 5729 praesedit.
