3974 6150
269 278 371 332 “9

1382 273 1472 331 DE
1509 268 2040 329 TRANSLATIONE
2078 269 2134 328 S.
2178 267 2558 327 BARNARDI.

3562 282 3667 338 450

267 418 372 477 riis
392 416 633 476 Vienna
655 416 1037 474 servientium
1050 417 1342 475 cbaritate
1363 422 1420 474 et
1445 417 1727 490 obsequio
1748 433 1914 475 cura-
1944 397 1998 458 Α
2026 400 2219 490 ἔλυίθφ
2247 394 2317 452 ad
2355 393 2892 490 Ϋθοῖιιξιξθῐξυηιξνε
2922 401 3260 490 ρθιῖγβηιυω
3291 404 3401 472 εει,
3429 401 3662 473 quidam

265 512 389 566 tum
422 511 537 578 est,
575 511 638 565 ut
676 506 940 578 fatigatio
977 506 1433 581 pracedentium
1464 512 1521 564 et
1559 509 1915 578 subsequen-

265 598 410 654 tium
425 597 674 653 fratrum
700 594 1123 667 aliquantulum
1148 596 1536 654 relevaretur.
1555 598 1688 653 Hac
1703 596 1912 653 ancilla

267 686 365 742 Dei
386 700 517 757 qua
532 684 970 755 congregationi
988 690 1235 757 pracrat
1256 685 1311 742 in
1326 685 1615 757 superiori
1632 689 1915 741 monaste-

266 775 375 845 rio,
395 773 513 831 tria
529 772 764 831 vascula
783 773 914 830 vino
929 772 1099 845 plena
1116 779 1242 845 post
1262 779 1522 831 sanctum
1543 774 1712 831 funus
1732 773 1909 843 misit,

267 863 420 921 unde
435 862 709 919 sitientes
722 861 1035 919 refocillari
1070 862 1390 935 potuissent
1416 868 1472 918 et
1501 861 1913 933 hiquivigilias

265 957 509 1023 agerent
526 956 957 1009 recrearentur.
976 951 1226 1008 Bibitum
1240 957 1330 1008 est
1356 965 1656 1023 quousque
1679 950 1912 1008 vascula

264 1040 554 1096 exhausta
587 1036 824 1093 fuerint.
853 1037 1065 1094 Aderat
1103 1042 1238 1093 tunc
1280 1036 1357 1093 ibi
1398 1037 1751 1094 Severianus
1775 1037 1912 1094 olim

266 1126 375 1183 viri
399 1125 498 1182 Dei
524 1139 644 1197 pra
652 1126 878 1197 positus
897 1138 1027 1182 cum
1044 1124 1321 1181 fratribus
1347 1125 1443 1195 qui
1468 1129 1670 1182 sancto
1683 1126 1911 1182 obviam

268 1215 567 1268 venerant.
602 1208 845 1277 Quidam
877 1224 950 1267 ex
980 1209 1066 1266 eis
1097 1210 1248 1267 unde
1282 1210 1548 1267 biberent
1583 1226 1713 1267 cum
1758 1226 1913 1281 qua-

266 1296 504 1366 sissent,
540 1311 653 1353 non
680 1296 1045 1352 invenerunt.
1077 1295 1186 1366 scd
1211 1294 1351 1367 quid
1377 1295 1568 1351 divina
1591 1297 1781 1353 virtus
1806 1312 1911 1368 per

267 1390 498 1441 sanctos
521 1398 659 1440 suos
680 1397 789 1438 non
813 1383 1126 1454 operatur?
1151 1382 1391 1440 Ancilla
1407 1382 1505 1438 Dei
1528 1397 1656 1454 qua
1674 1383 1907 1440 vascula

270 1468 432 1541 plena
444 1468 583 1525 vino
596 1467 954 1537 detulerant,
971 1482 1101 1525 cum
1117 1466 1378 1524 diluculo
1403 1466 1473 1523 ad
1493 1468 1907 1525 monasterium

267 1554 481 1612 reverti
498 1554 737 1624 vellent,
757 1569 858 1611 sua
875 1553 1111 1612 vascula
1137 1558 1475 1625 repetentes
1490 1555 1655 1625 quasi
1672 1554 1811 1610 nihil
1829 1554 1909 1610 in-

267 1642 333 1699 de
345 1642 653 1700 hauserint
671 1641 837 1715 plena
852 1646 1222 1714 repererunt.
1246 1643 1393 1698 Vere
1410 1646 1552 1699 tunc
1575 1642 1757 1698 isdem
1772 1657 1903 1713 ope-

2026 485 2290 543 homines
2315 486 2467 557 pleni
2495 485 2605 542 {ide
2638 483 2987 544 detulerunt.
3008 487 3084 544 ibi
3110 488 3357 548 debilem
3390 492 3663 552 membris

2023 579 2415 644 contractum,
2454 574 2531 631 ita
2582 581 2642 631 ut
2682 575 2915 633 natibus
2948 576 3132 647 ipsius
3171 578 3381 649 planta
3420 581 3664 641 iubare-

2026 666 2175 718 rent.
2214 662 2412 719 Adfuit
2436 662 2619 719 sancti
2643 663 2752 719 viri
2786 664 3091 720 meritum:
3118 678 3293 722 sanus
3323 666 3473 723 enim
3505 668 3663 740 pedi-

2026 750 2134 807 bus
2171 766 2200 807 a
2235 750 2513 822 sepulcro
2547 757 2752 809 sancto
2783 752 2976 809 rediit.
3015 752 3176 819 Quod
3210 768 3279 811 ne
3311 754 3481 813 alicui
3511 772 3665 815 com-

2026 841 2354 897 mentitium
2382 844 2440 896 ct
2474 855 2585 897 non
2616 855 2753 898 vere
2777 847 2969 898 actum
3001 841 3448 916 videretur,ipsi
3471 847 3659 919 ambo,

2023 927 2145 984 sive
2188 928 2286 999 qui
2310 942 2502 986 cacus
2542 929 2751 999 fuerat,
2787 930 2911 987 sive
2951 931 3048 1001 qui
3082 946 3345 1002 gressum
3386 937 3663 1004 negatum

2024 1021 2349 1088 receperat,
2371 1018 2424 1073 in
2460 1018 2809 1076 monasterio
2840 1019 2948 1075 viri
2978 1020 3076 1076 Dei
3107 1035 3290 1092 usque
3321 1022 3392 1078 ad
3418 1025 3662 1080 mortem

2023 1104 2217 1162 devoti
2259 1107 2665 1178 perstiterunt,
2700 1113 2876 1180 atque
2923 1108 3051 1166 viva
3103 1124 3242 1168 voce
3279 1110 3472 1170 divina
3510 1114 3573 1168 in
3603 1125 3667 1170 se

2025 1192 2177 1250 facta
2209 1195 2487 1253 miracula
2520 1195 3055 1269 promulgaverunt.

2634 1364 2788 1423 σενα
2815 1367 3045 1423 crescit.

2090 1506 2159 1558 14
2174 1502 2257 1559 Ad
2280 1504 2556 1560 tenebras
2576 1504 2765 1561 noctis
2785 1506 3069 1575 fugandas
3092 1520 3225 1563 cera
3250 1507 3540 1569 defuissse
3565 1528 3666 1585 pu-

2018 1590 2275 1646 tabatur.
2299 1590 2533 1647 Tristati
2550 1592 2763 1649 fratres
2793 1607 2907 1664 quo
2939 1608 3000 1650 se
3022 1598 3324 1652 verterent
3346 1612 3458 1655 non
3491 1598 3664 1657 babe-

2020 1678 2189 1745 bant;
2216 1678 2605 1735 sedtimorem
2629 1678 2861 1737 illorum
2895 1681 3117 1754 depulit
3144 1683 3241 1741 ille
3264 1685 3362 1755 qui
3392 1685 3448 1742 in
3479 1687 3665 1744 denti-

1323 1730 1333 1740 .
1574 1730 1582 1740 .
1858 1731 1866 1740 .
2020 1730 2047 1733 ν-
2063 1730 2152 1734 τκ-
2176 1730 2189 1745 7
2218 1730 2320 1734 vv—
2343 1730 2501 1735 ν--ην-
2521 1730 2605 1734 ----
2630 1730 2749 1735 -----
2771 1730 2861 1737 -—--
2898 1730 3116 1754 -νιν--η
3144 1730 3239 1741 ἠν
3266 1730 3362 1755 ἰν--
3392 1730 3448 1742 ιιι
3480 1730 3663 1744 νιν-«ην

446 1734 926 1842 ﬁfty}???
940 1745 1131 1842 ξξᾞῙ-Ῑξ
1147 1730 1903 1842 Ῥξξῗηῆξξῗ
1938 1753 1988 1811 Β
2022 1767 2130 1823 bus
2161 1767 2631 1824 manducantium
2665 1769 2919 1840 quinque
2943 1786 3122 1842 panes
3151 1772 3207 1828 in
3230 1773 3550 1832 solitudine
3573 1791 3666 1834 ac-

266 1818 431 1892 quiin
445 1820 602 1876 Cana
616 1818 851 1876 Galilea
866 1832 1135 1890 saporem
1150 1832 1314 1888 aqua
1326 1817 1619 1875 convertit
1640 1818 1694 1873 in
1708 1818 1903 1874 vinum

263 1907 503 1966 Suffecit
533 1907 871 1965 bibentibus
904 1905 1096 1978 liquor
1130 1907 1337 1967 divina
1362 1906 1619 1977 virtutis,
1647 1912 1709 1963 ut
1729 1906 1904 1964 etiam

263 1997 329 2053 ad
346 1995 708 2054 monasteria
736 1996 899 2053 urbis
926 1995 1072 2053 satis
1099 1995 1229 2052 inde
1255 1997 1599 2067 referretur,
1616 2001 1673 2051 et
1702 1996 1773 2051 ad
1788 1995 1908 2053 lau-

259 2086 391 2143 dem
404 2084 635 2143 Domini
651 2085 836 2142 nostri
851 2085 984 2142 Jesu
1004 2084 1214 2143 Christi
1241 2083 1539 2157 publicum
1561 2084 1905 2143 miraculum

259 2173 448 2233 ﬂeret.

403 2286 613 2345 0m
642 2284 1048 2343 illuminatm'.
1086 2284 1441 2343 Contractus
1470 2284 1750 2357 eaq-igitr».

325 2393 739 2452 13Ferebatur
753 2396 945 2450 autem
970 2407 1186 2465 corpus
1211 2395 1475 2449 sanctum
1492 2391 1752 2449 humeris
1777 2406 1909 2464 pro-

252 2497 486 2553 cerum,
508 2482 606 2553 qui
630 2481 888 2538 vicissim
914 2480 1026 2536 sibi
1052 2480 1345 2538 desiderio
1370 2481 1465 2553 pio
1488 2480 1903 2539 succedebant.

251 2572 321 2628 Et
334 2585 478 2629 cum
493 2573 651 2626 esset
663 2570 875 2627 coelum
899 2568 1160 2626 nubilum
1183 2573 1240 2625 et
1257 2584 1357 2627 aer
1370 2569 1570 2639 sudus,
1589 2584 1909 2640 omnesque

248 2659 541 2715 timerent
572 2660 985 2729 tempestatem
1008 2658 1390 2714 adventuram
1412 2671 1565 2727 esse,
1598 2656 1793 2715 subito
1821 2671 1909 2713 se-

247 2747 490 2804 renitas
518 2747 577 2803 B.
596 2746 704 2803 viri
731 2745 955 2803 meritis
986 2745 1214 2803 reddita
1238 2750 1350 2801 est.
1370 2744 1635 2802 Delatum
1658 2749 1749 2801 est
1782 2760 1909 2802 san-

243 2841 383 2892 tum
459 2850 680 2909 corpus
732 2834 790 2902 in
840 2834 1031 2892 locum
1105 2834 1417 2891 Duodecim
1485 2838 1903 2906 nuncupatum,

244 2923 499 2982 ubitale
530 2923 872 2982 miraculum
915 2923 1106 2981 divina
1137 2923 1329 2981 virtus
1373 2922 1669 2994 prastitit.
1708 2923 1910 2979 Cacus

244 3012 499 3084 quidam
527 3012 607 3068 ita
630 3015 805 3069 natus
826 3025 932 3083 per
960 3010 1221 3067 triduum
1263 3010 1519 3081 sanctas)
1542 3010 1750 3066 turbas
1777 3023 1909 3065 cum

2017 1869 2286 1910 crescere
2326 1854 2507 1911 dedit.
2555 1856 2691 1911 Nam
2726 1870 2861 1913 cera
2894 1858 3050 1915 inter
3088 1874 3293 1918 manus
3331 1875 3531 1920 eorum
3580 1864 3662 1922 ita

2015 1946 2303 2012 creverat,
2334 1945 2393 1999 ut
2420 1943 2490 1998 de
2516 1957 2688 2014 parva
2725 1945 3053 2014 quantitate
3079 1948 3327 2018 plurima
3354 1950 3661 2008 luminaria

2018 2030 2400 2087 accreverint.
2438 2032 2714 2087 Curatum
2746 2037 2834 2089 est
2859 2048 3000 2104 ergo
3032 2039 3296 2093 sanctum
3328 2053 3544 2110 corpus
3578 2039 3664 2095 di-

2016 2133 2127 2190 gna
2158 2119 2532 2175 veneratione
2554 2120 2690 2176 etin
2718 2121 3023 2193 sepultura
3048 2139 3218 2194 quam
3242 2126 3379 2183 olim
3409 2127 3516 2185 sibi
3534 2128 3659 2200 ipse

2028 2208 2379 2280 praviderat
2403 2208 2819 2265 venerabiliter
2850 2210 3123 2283 celatum,
3153 2213 3250 2270 ubi
3281 2228 3343 2272 se
3382 2231 3513 2273 cum
3547 2217 3664 2273 Deo

2017 2296 2214 2353 vivere
2263 2298 2491 2355 crebris
2522 2298 2817 2356 miraculis
2864 2300 2936 2356 ad
2983 2299 3213 2359 laudem
3254 2304 3475 2360 Domini
3530 2306 3667 2364 Jesu

2022 2385 2233 2442 Christi
2267 2388 2618 2445 manifestat.
2648 2387 2826 2454 Quem
2853 2389 2900 2446 si
2935 2394 3244 2461 patronum
3278 2392 3431 2464 apud
3454 2393 3665 2467 ipsum,

2019 2473 2121 2529 filii
2154 2478 2213 2530 et
2246 2474 2457 2532 fratres
2489 2477 2618 2547 mei,
2663 2478 2878 2534 habere
2910 2479 3281 2552 desideratis,
3324 2481 3503 2538 vitam
3542 2483 3671 2553 ejus

2018 2562 2233 2620 imitari
2251 2565 2476 2635 plenam
2490 2565 2684 2622 amore
2698 2568 3503 2640 concupiscite.Desiderabat
3516 2572 3668 2630 enim

2018 2651 2111 2709 hic
2134 2658 2373 2711 sanctus
2400 2656 2487 2711 vir
2519 2656 2679 2712 lucra
2708 2672 2939 2728 semper
2962 2659 3182 2715 Domini
3214 2661 3325 2732 sui,
3349 2665 3408 2716 et
3441 2662 3513 2717 de
3542 2675 3668 2718 ves-

2016 2744 2110 2797 tra
2124 2756 2336 2799 corona
2351 2742 2546 2814 etipse
2564 2744 2618 2798 in
2637 2744 2866 2803 Christo
2879 2747 3184 2816 gratulari.
3203 2750 3503 2820 Nunquam
3522 2764 3553 2806 a
3576 2764 3668 2807 vo~

2022 2829 2187 2886 bisda
2199 2831 2371 2901 berit,
2388 2831 2432 2887 si
2449 2846 2551 2888 vos
2567 2832 2638 2889 de
2653 2836 3099 2892 conversatione
3115 2837 3243 2906 ejus
3254 2838 3389 2893 vita
3417 2838 3664 2895 animam

2038 2924 2097 2975 et
2123 2919 2298 2975 vitam
2322 2935 2433 2975 non
2455 2920 2889 2990 elongaveritis.
2927 2925 3202 2981 Dominus
3225 2931 3418 2981 autem
3456 2925 3553 2996 qui
3578 2924 3662 2980 illi

2023 3007 2292 3065 meritum
2308 3010 2492 3078 gratis
2504 3016 2559 3066 et
2580 3012 2877 3082 pramium
2894 3017 3073 3069 atern
3085 3029 3175 3070 um
3201 3013 3472 3086 contulit,
3497 3015 3666 3073 vobis

248 3098 469 3158 funere
502 3102 563 3156 B.
597 3099 708 3156 viri
737 3102 1020 3157 venturas
1044 3098 1349 3156 sustinuit.
1396 3100 1465 3156 Ut
1502 3097 1689 3170 potuit
1712 3097 1911 3169 tetigit
1943 3104 1992 3166 Ο
2022 3099 2079 3150 et
2124 3094 2476 3153 desiderium
2515 3098 2703 3155 omnis
2736 3099 2868 3155 boni
2902 3104 3133 3172 augeat,
3176 3105 3235 3157 et
3270 3101 3663 3159 obedientiam

252 3188 528 3245 velamen
550 3188 772 3259 feretri,
797 3192 856 3244 et
889 3188 1169 3245 continuo
1201 3188 1274 3244 ab
1304 3186 1491 3244 oculis
1510 3186 1638 3258 ejus
1672 3184 1909 3256 sanguis

258 3275 563 3348 proﬂuxit,
599 3291 669 3334 ac
700 3276 899 3334 statim
931 3277 1303 3350 inexpertum
1338 3275 1532 3333 lumen
1564 3274 1807 3347 recepit.
1832 3274 1907 3332 Ut

2010 3183 2120 3242 sibi
2144 3189 2371 3256 gratam
2404 3188 2825 3259 perfectionem
2859 3189 3355 3263 plenamjustitia
3377 3191 3575 3249 donet.

413 3664 1430 3778 APPENDIX
1510 3664 1778 3771 AD
1867 3662 1990 3773 S.
2074 3665 2801 3775 ADONIS
2885 3666 3536 3779 OPERA

549 4048 1346 4215 TBANSLATIO
1429 4050 1669 4183 SEU
1747 4047 2392 4181 ELEVATIO
2482 4049 2584 4183 S.
2667 4050 3372 4216 BABNARDI,

1568 4290 1891 4349 EPISCOPI
1930 4290 2366 4361 VIENNENSIS,

499 4451 690 4519 Facta
724 4465 893 4518 anno
924 4461 1286 4527 DCCCCXLV,
1328 4463 1426 4528 1x,
1460 4447 1601 4515 Kal.
1638 4446 1832 4526 Maii;
1868 4445 2105 4530 scripta
2135 4445 2216 4513 ab
2248 4450 2509 4512 auctore
2538 4461 2860 4532 anonymo
2897 4445 3037 4532 ejus
3071 4450 3401 4537 temporis.

1365 4614 1533 4678 (Apud
1562 4613 1777 4672 Mabill.,
1816 4615 1946 4663 Acta
1975 4611 2073 4664 SS.
2111 4613 2225 4663 ord.
2256 4612 2312 4663 S.
2343 4613 2553 4674 Bened.)

334 4897 386 4951 1.
416 4891 598 4966 Regni
639 4890 920 4952 calorum
963 4888 1192 4948 civibus
1229 4891 1454 4947 tantam
1495 4885 1739 4958 gloriam
1777 4900 1912 4943 con-
1938 4881 1993 4941 D
2019 4886 2133 4966 etis
2152 4885 2389 4945 silentio
2435 4899 2507 4959 ap
2554 4886 2708 4944 aruit
2729 4885 2783 4945 ei
2805 4887 3037 4958 quidam
3056 4890 3146 4947 vir
3168 4886 3388 4962 magna
3406 4891 3661 4950 auctori-

335 4966 457 5012 mrit
491 4966 760 5012 trlhnere
800 4960 1168 5012 omnipotens
1205 4961 1375 5012 Deus.
1425 4964 1489 5012 ut
1527 4962 1906 5012 cornscantes
2011 4960 2174 5012 tatis.
2195 4900 2747 5012 sacerdotaﬂsstola
2771 4958 3031 5012 indutus-
3061 4962 3251 5012 ferens
3272 4961 3661 5012 archieniscn-

262 4929 1906 5034 ειιὲἱιῖἱῗέίί)ιῖἐῖὲνόᾚιῖιίὲὸὶὲᾟῗῥέἄὲῖῖιδὸξὶᾶᾦεῖιῐθέ
2011 4929 2506 5034 ἴεφεζεεξᾷτᾙοῖἕ

259 5035 559 5114 miraculis
590 5038 867 5114 spargant
903 5029 1007 5114 per
1041 5030 1289 5114 populos
1305 5033 1528 5114 famam
1573 5029 1764 5114 laudis
1797 5050 1809 5085 :
1843 5034 1902 5114 et

256 5107 480 5179 nostris
499 5102 867 5179 temporibus
887 5102 965 5179 de
981 5102 1283 5179 magnifico
1305 5104 1477 5159 Patre
1499 5106 1701 5179 nostro
1726 5102 1901 5179 Beato

255 5176 554 5249 Barnardo
588 5174 865 5249 pontifice
912 5174 1163 5249 visiones
1200 5174 1356 5249 clara
1396 5174 1730 5249 ostensione
1763 5175 1899 5249 sunt

252 5248 532 5305 revelata
564 5243 916 5317 hominibus,
951 5248 1126 5303 atate
1160 5246 1483 5315 meritoque
1516 5244 1754 5317 diveris.
1788 5243 1897 5317 Sed

248 5332 386 5377 cum
417 5318 617 5377 nullus
649 5314 1075 5387 acquiesceret,
1101 5316 1358 5375 ostendit
1391 5314 1455 5372 se
1487 5314 1896 5387 cuidamgviro,

250 5333 386 5377 cum
417 5333 617 5377 nauus
649 5333 719 5376 ac
762 5333 1075 5387 uresceret,
1101 5333 1358 5375 ostencit
1391 5333 1455 5372 se
1487 5333 1716 5372 cumam
1749 5333 1896 5383 vu-o,

250 5333 1291 5471 nominellainaiﬂo,atatelongava
1316 5389 1376 5443 et
1390 5383 1740 5471 sacerdotali
1773 5399 1900 5455 gra-

246 5464 334 5518 tia
375 5462 719 5521 sublimato:
750 5458 919 5532 cujus
949 5458 1234 5532 relatione
1259 5458 1446 5532 omnis
1485 5458 1901 5532 dubietasme-

252 5533 370 5590 rito
392 5533 737 5614 pelleretur,
775 5526 908 5614 quia
940 5535 1067 5614 erat
1112 5530 1198 5588 vir
1239 5528 1560 5614 nobilisuet
1586 5526 1898 5614 castitatis

254 5598 496 5677 munere
518 5598 810 5677 insignisf
833 5607 914 5676 et,
943 5608 1016 5677 ut
1045 5602 1173 5677 ipse
1205 5598 1549 5677 retulit,_ita
1579 5598 1692 5677 sibi
1725 5612 1900 5677 appa-

258 5676 393 5733 ruit.
410 5677 555 5736 Dum
578 5669 912 5750 quiesceret
939 5674 998 5733 in
1027 5669 1215 5733 st'rato
1232 5686 1341 5731 suo
1364 5669 1475 5730 sub
1493 5669 1780 5744 profundo
1800 5669 1901 5729 ho-

2313 4958 2747 5038 ;rdotalisstola
2771 4958 3031 5038 indutus,
3061 4962 3251 5038 ferens
3264 4958 3661 5038 archiepisco-

2017 5027 2171 5108 pale;
2186 5028 2445 5108 pallium,
2491 5028 2587 5108 qui
2628 5027 3052 5108 eum__vocavit,
3085 5033 3314 5108 dicens;
3358 5027 3658 5108 Rainalde,

2015 5076 2594 5179 amatorem;
2628 5076 3658 5179 agamagammanasseas

2013 5180 2076 5233 ut
2098 5185 2316 5251 corpus
2335 5186 2522 5228 meum
2548 5172 2829 5251 fratribus
2850 5173 2971 5251 tuis
2992 5172 3163 5246 praei
3173 5177 3297 5248 pias
3328 5172 3635 5251 transferri

2013 5220 2167 5325 quod
2200 5220 3660 5325 ὥδευε-ϐοηθῇ(ζῆὖῖ-ἶῇἷδῶἠνδνέξῖἶξιιῦἶέῖῗ

2009 5315 2205 5392 autem
2222 5315 2436 5392 eadem
2468 5315 2752 5392 revelatio
2784 5315 2985 5392 multis
3014 5315 3321 5392 apparere,
3356 5324 3418 5376 et
3450 5315 3658 5377 minaci

2009 5400 2150 5463 voce
2181 5385 2330 5463 idem
2353 5390 2609 5463 sanctus,
2645 5391 2705 5443 ut
2734 5386 2986 5463 celerius
3014 5385 3203 5463 fieret,
3231 5385 3659 5463 praciperewt

2009 5460 2118 5517 nisi
2159 5457 2466 5515 obedirent
2508 5457 2648 5530 suis
2670 5457 3058 5530 sermonibus,
3104 5457 3294 5519 locum
3332 5457 3651 5527 asserebat,

2010 5545 2181 5603 quem
2205 5530 2584 5603 fundaverat,
2618 5527 3038 5603 desolaturum.

2081 5597 2529 5675 gigitnrtertia
2558 5592 2702 5675 feria
2734 5598 2881 5658 infra
2908 5600 3078 5675 albas
3105 5603 3362 5675 Pascha,
3398 5613 3546 5675 nono
3574 5592 3654 5675 vi:

2008 5660 2225 5731 delicat
2250 5666 2536 5732 Kalendas
2556 5670 2706 5741 Maii,
2731 5684 2883 5729 anno
2904 5660 3811 5929 Dominicalncarnatio?
