3974 6150
279 496 285 502 ς
385 453 646 535 ιλθιιὶρθΔ
676 453 748 516 in

392 249 506 308 459

1349 239 1722 305 USUARDUS
1759 243 2142 305 MONACHUS
2176 238 2604 304 SANGERMAN
2608 245 2698 303 EN
2702 243 2821 303 SIS.
3624 241 3711 318 ιω

387 372 916 472 humerus.
941 351 1323 472 Bessis???“
1367 372 1742 472 scissilis.
1759 471 1767 472 ,
1791 373 1971 472 τιμεξᾲ
2017 371 2185 472 mihi
2219 371 2817 472 ιξθξξίειξξιαιξιξιξίεε
2837 369 3200 472 retusis}?
3227 370 3538 472 sarisam,
3565 394 3707 472 φιρε

845 455 1281 544 οοηΑοροξυω
1331 449 1733 544 nostrorum
1756 449 1960 518 veluti
1988 449 2428 544 compendio;
2446 451 2573 544 sub
2617 455 2737 514 tua
2757 449 3084 544 _hodie‘(si
3105 449 3202 544 ita
3233 449 3404 544 inihi
3435 449 3602 544 loqui
3629 458 3710 524 fas

385 534 493 623 sit)
546 529 674 623 sub
721 535 850 623 tua.
885 530 1590 623 clientelaconstituo.
1622 535 1762 623 ῌρρ
1802 549 1928 612 ego
1973 529 2350 623 delubrum,
2381 530 2694 612 Princeps
2721 529 3248 623 clementissime,
3278 530 3341 592 in
3384 529 3534 596 area'
3559 537 3707 623 iisn-

386 609 690 704 sbergica
735 609 856 674 tibi
903 610 1072 704 dico:
1100 609 1242 704 tibi.
1262 627 1593 704 consecro,
1623 612 1742 675 tibi
1793 609 1940 704 esse
1954 611 2124 704 ovo_lo
2170 615 2499 704 aeternum
2545 609 2708 704 meae
2756 609 3216 704 sociorumque
3253 625 3535 704 meorum
3557 613 3618 679 in
3641 620 3712 704 te,

385 689 1007 776 serenissimamque
1035 689 1356 776 familiam
1401 696 1608 776 tuam,
1639 690 2191 776 constantissimae
2221 691 2670 776 _observan_tiae
2709 689 3248 776 monumentum,
3279 689 3388 776 cui
3425 708 3550 756 non
3590 689 3714 776 quié

386 771 539 860 dem
585 770 818 862 inepte.
857 767 1258 862 inscribam}-
1303 775 1446 862 tua.
1468 769 1627 832 olim
1675 771 2167 862 peregrinantis
2211 771 2482 862 tessera,
2538 767 2849 862 Dominus
2889 767 3196 862 virtutum
3247 772 3571 862 nobiscum;
3607 767 3716 838 'sed

392 850 528 914 haec
577 846 868 912 dedicato
904 847 1024 912 tibi
1063 848 1244 930 operi
1279 851 1644 931 erectisque
1676 846 1924 915 statuae
1960 848 2515 914 accommodatior
2553 846 2914 931 epigraphe
2949 871 2963 910 :
2999 849 3167 913 Laus
3207 865 3344 912 ειυς.
3381 867 3437 913 ιι(
3471 851 3718 916 Εαοιεειι

389 946 736 993 ωηατοιπιωί
745 975 758 988 .

1081 1031 1482 1100 Serenissimc
1508 1042 1565 1098 et
1596 1033 2065 1100 clementissime
2091 1039 2409 1119 Princeps,

1788 1157 2159 1224 Scrmitats's
2190 1163 2326 1221 Tum
2351 1155 2718 1233 electorum,

2791 1259 3229 1328 Decotissimus
3256 1260 3456 1342 cliens,

2541 1389 2814 1453 Joannes
2853 1389 3152 1454 BAPTISTA
3191 1387 3632 1463 SOLLERIUS,

2899 1509 3213 1572 Societatis
3237 1511 3390 1570 Iesu.

1371 1799 2016 1868 PROTESTATIO
2073 1800 2150 1864 Β.
2211 1799 2285 1862 Ρ.
2347 1796 2808 1862 SOLLERII.

464 2069 626 2141 Quod
659 2075 794 2128 ante
825 2074 1014 2127 tomos
1039 2065 1304 2141 singulos
1355 2067 1426 2127 de
1463 2068 1644 2141 Actis
1657 2139 1667 2141 _
1686 2063 2028 2141 Sanctorum
2058 2068 2114 2128 A
2143 2081 2212 2141 eo
2243 2063 2570 2141 referendis
2589 2061 3028 2141 Commentariis
3050 2059 3211 2141 aliud
3236 2058 3472 2141 pondus,
3495 2062 3727 2141 quamest

393 2138 712 2201 identidem
736 2138 1198 2211 protestatisunt
1213 2138 1799 2211 magistrietcollegm
1815 2138 1946 2211 mei,
1967 2152 2029 2211 se

393 2213 450 2270 in
475 2217 601 2284 toto
623 2213 695 2269 de
718 2209 885 2284 Actis
899 2215 1233 2284 sanctorum
1258 2209 1436 2284 opere
1468 2209 1734 2284 servatas
1754 2209 1910 2284 velle
1935 2210 2036 2265 Ur-

395 2283 526 2341 bani
551 2297 715 2356 papae
726 2283 848 2339 Vill
863 2280 1342 2354 Constitutiones,
1357 2296 1546 2354 neque
1561 2282 1701 2352 suis,
1717 2280 2036 2338 aliorumve

2143 2136 2434 2208 Historias,
2469 2136 2541 2192 ab
2589 2133 2918 2208 hominibus
2950 2132 3153 2208 errori
3207 2129 3466 2208 obnoxiis
3506 2129 3728 2202 scriptae;

2145 2208 2298 2264 idem
2317 2203 2429 2277 ego
2446 2209 2586 2277 ante
2601 2206 2710 2277 hoc
2741 2203 2988 2262 Usuardi
3009 2203 3482 2277 Martyrologium
3511 2215 3539 2260 a
3563 2213 3638 2258 me
3662 2213 3731 2256 re-

2145 2274 2430 2336 censitum
2461 2281 2520 2333 et
2552 2274 2910 2334 illustratum
2940 2274 3116 2332 etiam
3147 2274 3462 2348 protestor.

393 2453 3730 2486 mw

1601 2565 2566 2755 PR/EFATIO.

1171 2870 1521 2934 BREVIS
1576 2869 1913 2933 TOTIUS
1975 2868 2322 2933 OPERIS
2379 2865 3018 2933 CONSPECTUS.

471 3174 522 3224 1.
542 3169 702 3223 Inter
716 3162 1134 3236 Martyrologos
1155 3163 1427 3234 antiquos
1446 3161 1642 3220 nullus
1663 3163 1926 3220 Usuardo
1946 3177 2038 3221 ce-
2067 3164 2122 3224 Β
2151 3163 2269 3236 isti,
2329 3177 2431 3222 seu
2488 3176 2650 3236 vere,
2711 3165 2998 3235 praetense
3067 3164 3246 3232 antog
3263 3160 3460 3234 rapho,
3514 3157 3746 3214 hactenus

397 3255 636 3328 lebrior,
653 3253 849 3312 nullus
871 3252 925 3309 in
949 3249 1205 3309 Ecclesia
1232 3251 1522 3323 usitatior,
1539 3250 1922 3309 nullustoties
1945 3251 2041 3308 de-

395 3345 672 3418 scriptus,
705 3342 905 3400 nullus
942 3339 1213 3413 pluribus
1250 3339 1626 3411 editionibus,
1661 3339 2038 3410 Germanicis,

395 3429 906 3501 Gallicis,ltalicis,
935 3427 1184 3498 Belgicis
1203 3442 1308 3500 per
1330 3431 1512 3484 totam
1535 3428 1822 3500 Europam
1845 3427 2042 3484 catho-

395 3517 563 3578 licam
595 3513 917 3590 dispersus,
954 3518 1158 3586 utpote
1189 3514 1287 3586 qui
1316 3518 1550 3572 centum
1591 3513 1832 3572 circiter
1868 3529 2042 3571 anno-

395 3623 522 3666 rum
553 3606 826 3676 deeursu,
853 3605 1034 3662 ferme
1065 3603 1317 3674 vigesies
1337 3616 1594 3662 excusus
1614 3603 1813 3675 fuerit,
1841 3607 1904 3660 ut
1925 3607 2042 3659 ter-

396 3696 480 3755 tio
515 3695 690 3769 hujus
720 3691 1081 3767 praefationis
1107 3692 1302 3766 capite
1335 3691 1520 3750 fusius
1539 3692 1913 3750 deducemus.
1938 3693 2042 3748 De-

397 3784 492 3844 siit
522 3783 771 3844 subinde
802 3780 1198 3856 Martyrologii
1249 3781 1422 3840 istius
1467 3780 1791 3838 excudendi
1843 3780 2038 3852 ardor,

399 3878 708 3947 postquam
721 3870 978 3929 Ecclesia
993 3868 1564 3928 Romano-catholica
1581 3867 1906 3926 Usuardum
1929 3881 2041 3924 non

401 3961 884 4032 qualemcunque,
917 3959 1019 4015 sed
1052 3959 1256 4014 usibus
1309 3957 1430 4014 suis
1465 3961 1748 4030 aptatum,
1783 3959 2038 4028 auctum,

400 4048 802 4114 reformatum,
835 4043 891 4099 in
923 4042 1111 4099 olilcio
1141 4043 1420 4100 canonico
1457 4043 1855 4114 usurpandum
1898 4058 2044 4116 prae-

399 4131 656 4205 scripsit,
683 4130 956 4202 quodque
981 4129 1246 4202 proinde,
1273 4133 1497 4187 mutato
1518 4129 1764 4186 Usuardi
1789 4130 2038 4202 nomine,

400 4235 538 4279 vere
567 4221 886 4277 Romanum
915 4217 1385 4289 Martyrologium
1417 4217 1594 4291 cmpit
1619 4217 1921 4290 appellari.
1951 4219 2040 4276 Sic

401 4308 635 4382 quidem
669 4307 723 4363 in
755 4305 968 4377 choris,
1000 4305 1295 4379 capitulis,
1330 4305 1575 4378 aliisque
1617 4306 1904 4377 religiosis
1953 4322 2042 4364 so-

397 4394 1033 4458 cietatihusUsuardini
1057 4395 1453 4468 Martyrologii
1482 4395 1834 4468 prtelegendi
1858 4409 2042 4454 cessa-

2151 3267 2465 3310 concessus
2496 3266 2610 3308 non
2647 3253 2756 3308 est.

2226 3345 2278 3397 2.
2297 3339 2458 3407 Quod
2483 3339 2574 3396 hic
2596 3341 2937 3410 occupatam
2959 3352 2990 3395 a
3016 3336 3186 3394 nobis
3203 3335 3517 3408 evulgandi
3536 3331 3746 3404 aliquan-

2154 3428 2228 3485 do
2277 3427 2586 3485 Usuardini
2636 3425 3030 3499 Martyrologii
3081 3424 3444 3498 provinciam
3490 3421 3746 3488 insinuem,

2155 3515 2211 3573 id
2239 3516 2411 3573 velim
2444 3515 2692 3586 intelligi
2723 3515 2796 3572 de
2827 3513 3089 3588 pollicita
3119 3512 3260 3570 olim
3299 3528 3329 3571 a
3362 3509 3616 3569 Bollando
3654 3503 3750 3563 edi-

2155 3604 2334 3675 tione,
2368 3608 2431 3661 ut
2461 3618 2594 3661 mox
2620 3617 2696 3661 ex
2723 3602 3072 3660 Prmfatione
3109 3601 3236 3671 ejus
3274 3597 3545 3673 generali,
3571 3611 3682 3669 cap.
3705 3597 3746 3663 lt,

2153 3691 2195 3765 ε
2215 3697 2270 3763 7,
2297 3691 2600 3749 manifeste
2629 3690 2950 3749 ostendam.
2976 3690 3092 3746 Nec
3115 3688 3172 3745 id
3195 3689 3390 3748 solum
3409 3685 3748 3745 meditabatur

2154 3779 2466 3838 vastissimi
2480 3780 2664 3837 nostri
2679 3780 2751 3837 de
2766 3779 2929 3837 Actis
2940 3781 3290 3836 Sanctorum
3303 3776 3496 3851 operis
3505 3771 3748 3837 conditor,

2153 3884 2355 3927 verum
2377 3873 2435 3926 et
2461 3867 2570 3928 alia
2591 3868 2850 3940 cujusvis
2877 3865 3115 3938 generis
3135 3864 3543 3942 Martyrologia
3572 3853 3748 3935 publici

2148 3955 2300 4028 juris
2331 3958 2544 4029 facere,
2579 3973 2650 4014 ne
2681 3957 2819 4030 quid
2855 3957 2913 4012 in
2943 3955 3104 4013 Actis
3132 3958 3476 4014 occurreret
3499 3949 3638 4024 quod
3654 3959 3754 4005 eru-

2154 4046 2310 4104 ditos
2338 4047 2591 4104 lectores
2624 4045 2906 4103 remorari
2938 4047 3154 4118 posset.
3187 4043 3418 4103 Juverit
3459 4037 3752 4100 Bollandum

2153 4136 2341 4209 ipsum
2372 4135 2706 4208 loquentem
2730 4134 2933 4193 audire
2953 4133 3120 4191 citati
3141 4133 3360 4206 capitis
3379 4133 3422 4208 ς
3443 4137 3494 4205 3,
3516 4129 3626 4200 ubi,
3643 4138 3753 4184 enu-

2155 4226 2394 4284 meratis
2415 4242 2480 4284 su
2488 4242 2522 4298 p
2529 4225 2723 4298 petiis,
2740 4224 3112 4295 fulcimentis,
3128 4222 3499 4282 adminiculis
3510 4217 3755 4279 undecun‘

2155 4329 2268 4386 que
2281 4313 2553 4372 collectis
2563 4318 2622 4372 et
2636 4313 2920 4387 acceptis,
2937 4311 3008 4370 ad
3022 4312 3134 4370 alia
3149 4315 3518 4371 monumenta
3533 4314 3755 4383 progres—

2153 4418 2271 4475 sus,
2305 4407 2569 4461 recenset
2601 4401 2941 4460 Calendaria
2970 4405 3030 4459 et
3057 4402 3262 4460 Fastos
3292 4400 3575 4460 variarum
3610 4387 3756 4451 eccle

399 4487 483 4546 vit
517 4501 676 4578 usus,
703 4489 763 4542 at
793 4483 1192 4578 perseveravit
1221 4483 1476 4578 interim,
1495 4489 1560 4578 et
1584 4489 1920 4556 perseverat
1943 4485 2041 4541 ha-
2071 4516 2124 4578 D
2153 4491 2392 4564 siarum,
2409 4491 2703 4551 Breviaria
2715 4495 2776 4549 et
2797 4489 2853 4548 id
2875 4505 3060 4562 genus
3080 4489 3468 4548 instrumenta
3491 4502 3561 4544 ex
3578 4480 3757 4557 quibus

399 4580 608 4635 etenus
639 4574 793 4631 inter
821 4571 1194 4646 HagiOphilos
1213 4576 1274 4630 et
1295 4572 1826 4631 ecclesiasticorum
1851 4587 2045 4630 monu-

399 4667 728 4721 mentorum
759 4665 1024 4718 veterum
1047 4660 1340 4718 studiosos
1363 4660 1568 4732 ingens
1587 4660 1942 4718 desiderium
1964 4659 2047 4716 vi-

401 4753 574 4812 dendi
607 4749 920 4822 aliquando
953 4749 1140 4830 ipsum
1172 4749 1313 4807 illud
1339 4749 1810 4822 Martyrologium
1833 4748 2045 4806 nativae

399 4857 520 4902 suae
550 4837 932 4914 simplicitati,
966 4841 1095 4910 post
1127 4841 1216 4894 tot
1247 4837 1392 4895 alias
1441 4837 1684 4894 necdum
1735 4837 2047 4893 defiecatas

401 4930 688 4988 editiones
739 4927 1102 4998 restitutum,
1163 4926 1547 4997 omnibusque
1614 4924 2044 4982 acceszionibus

403 5015 570 5086 plane
593 5019 993 5090 repurgatum.
1031 5013 1092 5071 Id
1121 5028 1152 5070 a
1182 5015 1300 5070 RR.
1327 5015 1435 5070 PP.
1474 5013 1864 5070 Benedictinis
1893 5013 2048 5069 Pari-

403 5100 708 5176 siensibus,
744 5104 841 5178 qui
881 5102 1144 5161 auctoris
1175 5102 1378 5174 ipsius,
1405 5107 1730 5175 symmystze
1761 5101 1895 5158 olim
1927 5103 2039 5174 sui,

403 5191 762 5263 autographo
787 5193 1138 5263 gloriantur,
1163 5190 1262 5247 diu
1299 5189 1674 5262 postulatum,
1701 5190 1797 5247 diu
1823 5191 2040 5248 frustra

399 5280 800 5344 exspectatum
830 5282 936 5338 fuit
969 5301 983 5337 :
1018 5295 1088 5337 an
1119 5279 1274 5352 quod
1309 5278 1452 5350 ipsis
1481 5277 1835 5349 provinciam
1860 5279 2038 5351 illam,

400 5359 566 5434 quasi
589 5373 618 5416 a
643 5364 810 5422 nobis
830 5368 1053 5436 pridem
1076 5371 1419 5440 occupatam
1444 5365 1600 5424 ultro
1621 5366 1928 5438 cesserint,
1943 5381 2042 5424 ex-

402 5448 692 5522 ploratum
721 5463 832 5506 non
863 5454 1047 5512 habeo
1080 5475 1092 5511 :
1127 5461 1312 5528 certe,
1339 5455 1490 5529 quod
1523 5454 1685 5512 orbis
1715 5453 2042 5516 litterarius

399 5549 557 5610 saepe
588 5533 785 5596 mirari
825 5537 1047 5620 debuit,
1077 5547 1166 5600 tot
1197 5544 1352 5606 inter
1384 5544 1646 5622 analecta
1679 5559 1711 5604 a
1741 5543 1884 5604 viris
1923 5545 2039 5618 illis

397 5623 812 5691 eruditissimis
861 5625 915 5685 in
970 5629 1260 5704 publicum
1303 5635 1540 5710 emissa,
1572 5635 1735 5701 locus
1774 5635 2038 5701 Usuardo

2155 4579 2449 4638 indicatur
2480 4582 2895 4654 praebeturque
2925 4578 3158 4637 occasio
3189 4579 3244 4635 in
3277 4582 3604 4637 sanctorum
3636 4568 3753 4654 Acta

2156 4650 2507 4741 inquirendi.
2543 4668 2738 4739 Pergit
2772 4667 2983 4726 deinde
3015 4667 3072 4724 in
3101 4667 3253 4725 hunc
3296 4667 3526 4726 modum
3567 4681 3580 4720 :
3613 4677 3640 4714 α
3664 4650 3754 4713 Sed

2155 4771 2276 4829 pm
2307 4757 2398 4814 his
2428 4771 2658 4829 quoque
2689 4769 2894 4827 magno
2926 4755 3062 4812 mihi
3093 4754 3357 4813 subsidio
3385 4741 3756 4824 Martyrologia

2157 4845 2338 4902 fuere.
2381 4844 2606 4916 Cogito,
2640 4859 2767 4915 qua:
2807 4844 2994 4900 habeo
3032 4858 3144 4900 non
3187 4858 3392 4916 pauca,
3425 4841 3622 4900 saltem
3651 4841 3754 4904 qu33

2155 4933 2400 4988 maxime
2434 4933 2676 5006 probata
2710 4936 2906 5004 erunt,
2931 4931 3028 4990 illa
3051 4932 3188 4990 olim
3210 4933 3389 4990 edere
3412 4929 3668 4990 accurate
3687 4933 3758 4977 re-

2151 5020 2396 5088 censita,
2428 5019 2760 5091 collataque
2789 5034 2920 5078 cum
2953 5021 3025 5078 iis
3057 5036 3186 5092 quas
3214 5021 3440 5078 interea
3479 5009 3757 5088 suggerent

2152 5105 2501 5175 amici.Quia
2533 5111 2725 5163 tamen
2756 5107 2849 5165 hic
2875 5107 3150 5166 nonnulla
3180 5109 3299 5166 cito
3329 5121 3462 5180 quae
3483 5103 3658 5163 adhuc
3676 5109 3760 5170 pu°

2151 5191 2288 5251 blici
2315 5194 2466 5266 juris
2495 5210 2605 5252 non
2637 5201 2793 5267 sunt,
2835 5211 2907 5254 ne
2951 5196 3082 5268 quis
3109 5210 3236 5254 eam
3265 5197 3340 5254 ab
3379 5205 3606 5252 causam
3635 5187 3760 5244 forte

2150 5283 2403 5355 haesitet,
2437 5283 2683 5356 paucula
2715 5285 2807 5342 hic
2839 5285 2912 5342 de
2933 5285 3004 5343 iis
3026 5300 3055 5343 a
3078 5301 3169 5343 me
3193 5282 3567 5360 pertractari,
3587 5269 3760 5360 censui

2148 5375 2444 5446 opbrtere.
2480 5374 2611 5432 Haec
2658 5374 3075 5446 antesignanus
3121 5357 3339 5447 noster,
3383 5387 3495 5430 non
3543 5357 3760 5427 Usuardi

2147 5459 2355 5533 solum,
2388 5460 2488 5519 sed
2517 5465 2576 5517 et
2608 5459 2854 5520 aliorum
2894 5462 3434 5536 Martyrologiorum
3473 5451 3761 5516 editionem

2147 5547 2338 5607 animo
2381 5547 2716 5624 designans,
2750 5549 3077 5613 rectissime
3107 5556 3165 5612 et
3199 5544 3618 5636 sapientissime
3653 5537 3761 5636 ipse

2145 5637 2334 5711 magni
2367 5637 2566 5715 operis
2597 5637 2885 5718 principio
2913 5641 3163 5718 censuit,
3195 5645 3249 5702 et
3279 5642 3414 5704 ante
3445 5635 3645 5714 ipsum,
3667 5635 3760 5706 prl-
