3974 6150
291 256 378 313 461
1702 249 1927 312 PROLE

2044 253 2244 311 ΜΕΝΑ,

3574 267 3678 329 462

290 392 408 437 mus
450 375 781 433 delineator
814 389 880 432 ac
920 365 1423 435 monumentorum
1473 378 1776 451 collector,
1818 381 1926 436 Ro-
1956 383 2012 443 A
2041 383 2333 436 sterorum
2363 380 2665 436 commodo
2686 381 3011 440 consulere.
3035 385 3151 443 Nec
3171 380 3604 460 Papebrochius
3620 395 3674 450 ei

284 466 551 538 sweydus
574 469 917 533 censuerat;
939 466 1153 539 quippe
1177 468 1275 538 qui
1298 472 1608 539 antequam
1633 469 1928 541 opus,jam

289 559 471 613 mente
518 559 888 626 conceptum,
925 556 1370 627 aggrederetur,
1406 556 1572 627 prelo
1619 561 1927 630 paraverat

284 641 823 715 lartyrologiorum
888 644 1283 715 antiquorum,
1334 648 1579 702 eatenus
1634 650 1924 719 notorum,

284 745 484 803 nempe
518 731 691 787 Beda:
722 744 753 786 a
786 729 1056 789 Plautino
1104 731 1348 803 vulgati,
1384 733 1652 801 Usuardi,
1684 734 1927 805 Rabani,

286 818 497 875 Adonis
524 822 583 875 et
615 818 874 889 Notkeri,
907 834 1039 876 cum
1078 821 1337 877 Romano
1379 821 1678 891 moderno,
1708 822 1933 878 Graeco-

283 921 522 979 rumque
536 907 856 978 Menologio
869 907 1298 966 collectionem:
1317 908 1556 980 provide
1582 910 1928 981 prudenter-

282 1011 388 1070 que
419 998 758 1067 advertens,
793 996 863 1053 ad
896 997 1044 1053 tanti
1074 998 1290 1069 operis,
1323 996 1494 1068 quale
1520 1001 1611 1054 est
1653 998 1724 1054 de
1765 998 1928 1056 Actis

283 1088 632 1155 sanctorum,
664 1083 1136 1156 intelligentiam,
1172 1086 1445 1157 praeviam
1490 1086 1927 1158 Martyrologio-

284 1188 426 1243 rum,
459 1187 535 1229 ex
564 1172 780 1244 quibus
808 1178 1144 1231 sanctorum
1180 1174 1379 1231 cultus
1405 1174 1655 1246 eruitur,
1684 1175 1927 1233 claram-

285 1275 391 1332 que
420 1260 685 1317 notitiam
718 1261 996 1333 praemitti
1027 1262 1220 1318 omnio
1250 1263 1643 1320 necessarium
1666 1277 1813 1320 esse.

347 1354 399 1408 3.
426 1349 632 1407 Mansit
666 1348 901 1420 quidem
934 1349 1174 1420 inedita,
1200 1350 1428 1407 duobus
1451 1351 1672 1421 magnis
1693 1350 1928 1409 volumi-

284 1436 454 1493 nibus
484 1434 803 1507 descripta,
825 1434 942 1505 jam
965 1435 1120 1492 dicta
1141 1436 1449 1509 Rosweydi
1474 1436 1768 1507 collectio,
1796 1452 1928 1508 quo-

284 1525 433 1582 niam
467 1523 876 1596 Martyrologia
908 1523 1005 1580 illa
1040 1528 1177 1581 tunc
1207 1525 1662 1598 temporisjsatis
1689 1525 1924 1596 vulgata

280 1613 689 1672 existimarunt
723 1613 973 1684 majores
1022 1613 1239 1683 nostri;
1272 1618 1329 1670 at
1384 1614 1629 1673 aliorum
1679 1615 1925 1671 subinde

278 1708 584 1760 erutorum
642 1702 1170 1775 manuscriptorum
1217 1703 1573 1761 edendorum
1621 1703 1924 1761 consilium

279 1806 575 1864 nunquam
598 1791 963 1863 dimiserunt,
996 1806 1343 1864 quamquam
1360 1794 1751 1865 promovendo
1763 1793 1925 1865 Operi

280 1880 542 1938 alacrius
570 1880 993 1952 incumbentes,
1029 1896 1151 1938 rem
1179 1885 1362 1938 totam
1405 1882 1458 1937 in
1505 1881 1703 1953 plures
1749 1896 1928 1938 annos

281 1969 642 2027 distulerint.
688 1968 911 2026 Prodiit
950 1969 1323 2028 nihilominus
1368 1970 1591 2027 interea
1640 1970 1928 2041 genuinus

283 2057 462 2128 Beda,
495 2059 569 2114 ab
600 2057 1016 2115 additamentis
1051 2059 1225 2130 Flori,
1260 2073 1370 2131 qua
1410 2064 1550 2117 tunc
1592 2058 1755 2116 licuit
1800 2075 1928 2132 pro-

283 2145 594 2203 babilitate
622 2144 953 2218 distinctus,
987 2162 1056 2204 eo
1085 2163 1222 2205 casu
1268 2148 1560 2219 inventus,
1592 2162 1660 2205 ea
1703 2149 1926 2205 ratione

283 2235 502 2305 editus,
547 2238 611 2291 ut
670 2234 795 2291 fuse
853 2238 912 2291 et
965 2234 1125 2293 clare
1181 2236 1511 2309 explicatur
1566 2237 1620 2291 in
1679 2236 1927 2307 Prologo

250 2327 415 2387 ante
461 2328 681 2380 tomum
723 2322 773 2377 II
809 2322 1019 2394 Martii,
1051 2338 1179 2395 quae
1216 2324 1309 2381 hic
1349 2324 1682 2382 describere
1724 2339 1927 2396 super-

280 2412 463 2471 ﬂuum
506 2411 727 2482 judico.
774 2412 1219 2483 Hieronymiana
1263 2413 1617 2486 exemplaria
1665 2412 1923 2485 collegit,

279 2502 439 2559 notis
466 2506 526 2558 ct
555 2500 1081 2558 exercitationibus
1107 2500 1426 2559 illustravit
1459 2516 1527 2558 ac
1554 2501 1737 2558 edidit
1770 2504 1834 2558 V.
1860 2504 1919 2559 C.

278 2589 625 2647 Franciscus
670 2588 843 2646 Maria
902 2589 1316 2660 Glorentinius,
1366 2589 1577 2646 nobilis
1626 2590 1921 2662 Lucensis,

275 2693 427 2737 anno
460 2682 621 2749 1667,
654 2678 858 2735 eodem
890 2676 990 2733 illo
1020 2691 1134 2749 quo
1184 2676 1371 2734 lucem
1431 2677 1576 2734 vidit
1636 2677 1925 2747 genuinus

275 2769 450 2826 Beda.
470 2769 787 2841 Supererat
804 2766 1124 2824 Usuardus.
1140 2766 1594 2838 cujuslaudatus
1607 2765 1924 2823 Bollandus

264 2857 377 2927 jam
413 2856 559 2915 dicti
590 2871 719 2930 cap.
744 2860 798 2927 4,
820 2855 863 2929 S
881 2861 935 2926 7,
963 2854 1185 2928 pridem
1210 2860 1543 2926 monuerat,
1573 2854 1923 2927 «complura

266 2945 317 3002 in
344 2948 551 3004 Museo
580 2949 784 3003 nostro
811 2948 1045 3002 exstare
1071 2943 1449 3015 exemplaria,
1484 2944 1588 3000 sed
1621 2943 1677 2999 in
1713 2943 1926 3015 quibus

264 3040 317 3093 et
339 3034 703 3109 ampliﬁcata
726 3037 1059 3091 sanctorum
1088 3031 1297 3104 elogia,
1317 3035 1378 3090 et
1402 3031 1656 3105 plurium
1691 3031 1922 3088 nomina

1955 1754 2008 1814 B

2038 468 2274 537 negotio
2322 480 2671 539 magnopere
2722 466 2989 541 intendit,
3033 489 3163 529 cum
3210 475 3360 532 enim
3407 480 3675 537 tetricam

2038 554 2519 612 excutiendorum
2543 556 3083 627 Martyrologiorum
3106 566 3379 635 spartam,
3397 565 3468 623 ad
3492 582 3677 643 usque

2040 642 2209 699 linem
2247 644 2399 701 Junii
2448 644 2819 716 perduxisset
2869 647 3281 721 llenschenius,
3330 657 3490 710 recte
3548 672 3678 728 pro-

2038 732 2230 803 spexit
2277 732 2400 804 ipse
2450 737 2661 789 metam
2712 732 2974 791 laborum
3024 750 3259 795 suorum
3308 738 3425 797 illic
3475 744 3678 814 procul

2039 818 2217 876 dubio
2264 819 2571 891 figendam.
2623 820 2770 878 Socii
2814 822 2933 894 alii,
2981 826 3418 895 urgentioribus
3461 834 3520 886 et
3567 834 3677 905 ipsi

2039 907 2299 980 distenti,
2350 923 2470 967 rem
2529 913 2710 966 totam
2770 911 3056 971 hactenus
3099 913 3376 973 intactam
3432 917 3679 991 relique-

2039 1000 2189 1052 rant.

2111 1090 2161 1141 δ.
2186 1086 2415 1142 Interea
2438 1087 2810 1159 superiorum
2828 1093 2994 1162 nutu,
3016 1090 3167 1148 caelo
3187 1107 3289 1150 seu
3314 1095 3531 1155 sanctis
3546 1096 3679 1155 coeli

2039 1172 2245 1230 incolis
2274 1176 2578 1246 portandis
2608 1176 2694 1248 (ut
2731 1178 2922 1234 facere
2970 1179 3105 1235 olim
3152 1180 3293 1239 lusit
3344 1184 3680 1258 Bollandus)

2036 1261 2310 1319 humeros
2341 1279 2671 1335 supponere
2697 1264 2918 1337 jussus,
2954 1267 3088 1325 inde
3120 1270 3205 1326 rei
3251 1274 3554 1332 exordium
3589 1290 3682 1333 su-

2037 1351 2308 1407 mendum
2342 1352 2563 1423 putavi,
2591 1368 2705 1424 quo
2738 1354 2936 1426 operis
2981 1357 3162 1414 totius
3209 1362 3531 1434 cardinum,
3565 1362 3681 1420 ele-

2038 1444 2384 1511 mentorum,
2448 1440 2883 1513 fulcrorumque
2954 1446 3344 1514 cognitionem
3416 1450 3682 1521 acquire-

2038 1542 2178 1583 rem.
2206 1531 2395 1599 Atque
2426 1530 2755 1601 eccum,tibi
2775 1531 2983 1589 diebus
3008 1548 3187 1606 prepe
3212 1536 3458 1605 singulis
3479 1537 3680 1609 longas

2037 1616 2223 1673 series
2250 1617 2792 1688 Martyrologiorum
2842 1622 3167 1691 praesertim
3198 1624 3677 1698 Usuardinorum,

2039 1720 2284 1777 quorum
2313 1705 2405 1762 vel
2438 1706 2694 1764 solorum
2728 1709 3021 1766 nominum
3051 1715 3110 1767 et
3142 1712 3547 1773 characterum
3566 1731 3682 1773 ma-

2035 1808 2146 1864 gna
2194 1794 2561 1866 diversitate,
2597 1811 2626 1852 a
2681 1799 3090 1869 prosequendo
3123 1805 3238 1858 tam
3287 1807 3454 1862 vasto
3503 1818 3679 1877 opere

2038 1883 2358 1939 absterreri
2406 1884 2535 1955 quis
2582 1890 2796 1957 posset,
2847 1886 2982 1943 dum
3033 1903 3229 1947 secum
3280 1895 3504 1949 attente
3553 1907 3681 1964 per-

2039 1972 2262 2044 pendit,
2297 1987 2467 2044 quam
2499 1973 2700 2045 multa,
2727 1989 2899 2045 quam
2921 1977 3081 2033 varia
3107 1981 3512 2051 praerequisita
3537 1996 3682 2053 prae-

2037 2061 2445 2133 noscendaque
2476 2064 2807 2120 necessaria
2846 2064 2985 2134 sint,
3009 2067 3349 2139 priusquam
3381 2068 3452 2125 ad
3476 2068 3678 2127 intima

2039 2153 2349 2221 penetrare
2381 2154 2575 2221 queat.
2612 2151 2802 2207 Fateri
2851 2167 2962 2209 non
3009 2154 3313 2227 erubesco,
3348 2171 3452 2228 per
3498 2171 3681 2215 annos

2037 2236 2175 2293 mihi
2215 2236 2595 2295 laborandum
2645 2239 2844 2310 fuisse,
2880 2240 3236 2314 priusquam,
3285 2243 3377 2301 vel
3426 2244 3679 2303 solorum

2035 2326 2300 2383 codicum
2333 2327 2601 2398 pr0prios
2635 2328 3012 2385 characteres
3060 2330 3205 2388 satis
3253 2330 3676 2402 dignoscerem.

2036 2415 2105 2470 Et
2139 2414 2245 2471 fuit
2266 2416 2533 2486 profecto
2551 2430 2662 2473 non
2685 2416 2909 2474 modica
2929 2432 2995 2475 ea
3018 2417 3350 2491 difficultas,
3374 2435 3505 2478 cum
3528 2421 3680 2479 enim

2038 2501 2271 2560 codices
2302 2503 2414 2575 ipsi
2458 2504 2619 2561 varia
2675 2506 3023 2577 praeferrent
3071 2507 3321 2580 nomina,
3358 2510 3681 2582 presertim

2037 2591 2388 2662 Hieronymi,
2421 2593 2590 2650 Beda)
2631 2597 2691 2649 et
2723 2594 2959 2665 Adonis,
2992 2609 3063 2651 ne
3094 2601 3355 2654 curasset
3394 2586 3683 2656 Hensche-

2036 2679 2169 2736 nius
2197 2680 2268 2735 ad
2288 2678 2506 2737 classes
2526 2695 2662 2737 suas
2681 2680 2943 2751 singulas
2964 2682 3247 2740 distincte
3269 2699 3566 2757 revocare,
3587 2686 3681 2744 cui

2037 2783 2242 2842 nempe
2272 2783 2375 2827 sua
2408 2770 2730 2827 sufficiebat
2762 2770 3002 2839 notitia;
3032 2773 3102 2829 ad
3123 2773 3247 2831 haec
3271 2789 3402 2831 cum
3426 2776 3677 2846 nomina,

2034 2858 2339 2915 codicibus
2353 2862 2477 2915 tum
2497 2858 2643 2929 aliis,
2660 2863 2782 2916 tum
2808 2860 3146 2917 Usuardinis
3171 2862 3412 2934 tributa,
3438 2877 3468 2919 a
3489 2877 3681 2921 mona-

2033 2944 2255 3016 steriis,
2271 2945 2554 3016 ecclesiis,
2574 2946 2964 3019 bibliothecis,
2982 2946 3071 3003 vel
3088 2948 3335 3005 urbibus
3349 2949 3675 3022 desumpta,

2032 3033 2429 3091 confusionem
2480 3038 2779 3105 parerent,
2818 3036 3169 3093 conferenda
3227 3040 3396 3093 erant
3454 3036 3679 3108 singula

268 3106 553 3197 ascripta,
587 3120 779 3194 qualia
811 3120 1192 3179 ecclesiarum
1235 3120 1563 3193 Pragensis,
1597 3124 1656 3177 et
1690 3119 1930 3177 Bruxel-
1959 3106 2010 3171 C
2037 3134 2216 3193 prape
2247 3135 2417 3178 manu
2438 3121 2677 3193 scripta,
2714 3126 3023 3192 antequam
3057 3126 3222 3179 certo
3254 3126 3519 3181 statuere
3552 3106 3682 3196 pos-

273 3210 480 3283 lensis,
516 3210 949 3282 multorumque
992 3210 1495 3281 monasteriorum,
1531 3224 1660 3281 qum
1695 3224 1805 3266 non
1845 3213 1929 3266 at-

276 3302 431 3359 tinet
467 3300 559 3357 hic
590 3314 938 3374 percensere
973 3320 985 3355 :
1022 3300 1224 3357 faciam
1257 3300 1314 3357 id
1356 3299 1522 3370 alias,
1556 3314 1686 3357 cum
1716 3301 1929 3356 Usuar-

280 3391 418 3449 dum
457 3391 647 3461 edam,
682 3388 783 3447 sed
823 3389 1017 3446 nativa
1055 3388 1453 3461 simplicitate,
1486 3388 1781 3445 variorum
1816 3391 1929 3444 Au-

275 3479 468 3538 ctaria
518 3478 837 3535 seorsim.»
868 3480 951 3534 En
983 3478 1322 3535 clarissimis
1370 3476 1568 3534 verbis
1614 3476 1927 3549 depictam,

280 3584 457 3642 quam
490 3584 669 3642 supra
699 3569 964 3626 dicebam
996 3568 1333 3626 meditatam
1364 3582 1394 3625 a
1420 3566 1724 3637 Bollando,
1756 3566 1930 3636 idque

279 3660 349 3716 ab
383 3659 561 3717 annis
584 3658 889 3731 plusquam
912 3658 1303 3730 septuaginta,
1326 3655 1634 3713 Usuardini
1656 3656 1933 3725 Martyro-

281 3746 421 3818 logii
457 3745 797 3817 editionem,
830 3745 901 3802 ad
935 3760 1105 3818 quam
1137 3748 1333 3801 tamen
1364 3758 1470 3800 nec
1501 3743 1646 3816 ipse,
1670 3755 1776 3800 nec
1803 3742 1937 3798 sub-

278 3834 660 3909 sequentium
693 3834 981 3893 sociorum
1001 3834 1156 3892 ullus
1186 3833 1436 3891 animum
1458 3835 1659 3905 postea
1682 3844 1933 3902 unquam

280 3924 529 3998 adjecit.

350 4018 408 4072 4.
445 4014 649 4085 Neque
688 4026 833 4071 vero
870 4012 1103 4083 nudam,
1142 4014 1204 4069 ut
1245 4009 1515 4082 diximus,
1549 4006 1797 4067 Usuardi
1836 4006 1937 4064 im-

284 4102 651 4176 pressionem
683 4114 1000 4175 procurare
1023 4100 1079 4157 in
1099 4100 1288 4157 animo
1304 4098 1576 4157 volvebat
1600 4095 1933 4168 Bollandus,

283 4193 387 4250 sed
414 4192 515 4265 qui
541 4190 806 4249 terendis
821 4189 1305 4261 excutiendisque
1326 4187 1500 4245 istius
1520 4184 1933 4259 Martyrologii,

286 4295 446 4354 saepe
470 4272 652 4350 aucti,
673 4294 827 4353 saepe
850 4278 1055 4351 luxati,
1081 4292 1235 4350 saepe
1255 4275 1612 4350 interpolati,
1628 4273 1938 4332 manuscri—

286 4371 411 4444 ptis
452 4369 760 4429 codicibus
798 4372 1156 4439 assueverat,
1192 4366 1289 4439 qui
1329 4364 1743 4439 praedictorum
1782 4362 1939 4422 codi-

2038 3223 2177 3280 sem,
2206 3212 2400 3266 utrum
2421 3210 2492 3266 ad
2515 3209 3109 3282 Hieronymianorum,
3129 3210 3316 3283 Bedze,
3336 3211 3571 3284 Adonis,
3590 3209 3682 3269 vel

2038 3298 2285 3354 Usuardi
2318 3299 2585 3371 proprias
2631 3297 2857 3356 classes
2905 3303 3100 3357 essent
3145 3299 3502 3356 reducenda.
3538 3301 3681 3357 Dum

2040 3387 2199 3444 hisce
2212 3387 2572 3459 evolvendis,
2588 3388 2978 3459 excutiendis,
2988 3388 3543 3461 perscrutandisque
3556 3403 3686 3462 cpe-

2041 3476 2236 3534 rosius
2268 3477 2496 3548 insudo,
2525 3477 2595 3534 ad
2630 3477 2798 3534 linem
2828 3478 3173 3549 perducitur
3202 3477 3355 3535 Junii
3386 3478 3574 3534 nostri
3601 3482 3685 3534 to-

2042 3582 2169 3623 mus
2198 3569 2261 3623 V.
2300 3567 2474 3638 Cujus
2523 3582 2653 3623 cum
2698 3566 2974 3638 grandior
3025 3568 3226 3637 moles,
3282 3567 3468 3624 totius
3517 3566 3688 3625 istius

2042 3655 2256 3712 mensis
2273 3656 2345 3712 Su
2354 3655 3109 3726 pplemento'subjungendo
3126 3653 3416 3712 sufﬁciens
3432 3656 3687 3727 spatium

2041 3759 2155 3801 non
2186 3742 2566 3815 relinqueret,
2596 3748 2925 3814 opportune
2954 3746 3232 3801 renovata
3270 3747 3363 3800 est
3404 3742 3687 3814 cogitatio

2043 3834 2115 3891 de
2137 3832 2365 3889 edendo
2397 3831 2628 3888 tandem
2649 3830 2961 3903 aliquando
2984 3830 3231 3888 Usuardi
3253 3829 3680 3903 Martyrologio,

2044 3921 2198 3993 quod
2229 3934 2360 3978 cum
2394 3920 2637 3993 praefato
2668 3918 3101 3992 Supplemento,
3138 3922 3369 3976 sextum
3416 3918 3590 3991 Junii,
3624 3924 3682 3976 et

2045 4009 2313 4067 ultimum
2343 4008 2494 4066 sacri
2526 4007 2841 4064 Semest‘ris
2871 4010 3093 4065 tomum
3117 4006 3451 4078 conficeret,
3478 4011 3542 4065 ut
3562 4010 3686 4065 tan-

2044 4099 2234 4171 tisper
2266 4098 2337 4155 ad
2369 4096 2587 4155 calcem
2620 4094 2889 4169 praedicti
2921 4094 3229 4154 voluminis
3259 4094 3452 4167 quinti
3475 4094 3687 4156 indica-

2046 4192 2168 4247 tum
2198 4190 2310 4245 est.

2117 4281 2168 4335 ϐ.
2203 4276 2471 4333 Pandunt
2506 4289 2565 4333 se
2596 4273 2808 4332 sensim
2831 4278 3121 4347 susceptae
3150 4289 3314 4334 novae
3345 4273 3518 4347 hujus
3546 4272 3687 4334 Mar-

2046 4365 2318 4439 tyrologii
2366 4363 2678 4422 Usuardini
2728 4364 3004 4422 editionis
3047 4364 3401 4436 institulum,
3446 4369 3685 4436 totaque

288 4474 445 4531 cum,
479 4474 613 4517 cum
643 4458 887 4517 aliorum
916 4455 1343 4530 Martyrologiis
1380 4455 1777 4513 confusionem
1809 4468 1938 4526 per-
1965 4464 2019 4526 D
2050 4454 2178 4527 ejus
2219 4454 2561 4525 oeconOmia,
2606 4468 2709 4510 seu
2761 4454 2994 4526 propria
3042 4453 3211 4525 ratio,
3257 4467 3366 4525 qna
3416 4453 3685 4510 nimirum

288 4552 597 4623 spexerat,
630 4548 729 4619 qui
759 4547 987 4605 nomina
1017 4545 1346 4618 Hieronymi
1368 4548 1427 4601 et
1449 4544 1617 4601 Bedaa
1640 4557 1792 4615 saepe
1815 4557 1939 4616 per-

292 4651 496 4711 peram
530 4635 875 4694 Usuardinis
903 4634 1206 4693 codicibus
1233 4632 1468 4707 praeﬁxa
1500 4633 1935 4703 observaverat,

292 4725 374 4798 id,
407 4725 521 4783 nisi
556 4724 746 4797 fallor,
787 4723 1156 4795 moliebatur,
1192 4727 1255 4781 ut
1308 4722 1562 4795 phrasim
1607 4719 1938 4792 stylumque

292 4813 546 4873 Usuardi
575 4817 901 4885 assecutus,
935 4828 965 4871 a
996 4812 1239 4884 reliquis
1268 4811 1534 4869 omnibus
1564 4824 1695 4867 eum
1726 4808 1941 4866 discer-

293 4909 486 4978 neret,
510 4904 770 4961 nativam
791 4905 992 4960 textus
1023 4902 1339 4975 puritatem
1371 4903 1628 4971 erueret,
1646 4898 1940 4956 variorum

298 4992 585 5051 auctariis
614 4991 672 5049 in
704 4991 926 5050 classes
954 5005 1090 5049 suas
1120 4988 1395 5061 redactis,
1428 5004 1540 5046 una
1579 5003 1754 5061 opera
1786 4986 1943 5045 codi-

296 5096 428 5141 cum
442 5082 976 5154 manuscriptorum
989 5079 1276 5151 notitiam,
1294 5077 1673 5152 qualemtunc
1688 5080 1939 5150 poterat,

301 5175 584 5231 Actorum
617 5175 951 5231 nostrorum
982 5169 1303 5230 lectoribus
1330 5172 1693 5241 suggereret.
1716 5166 1944 5226 Fuisset

300 5274 439 5319 sane
470 5260 658 5320 editio
688 5260 782 5319 hic
814 5257 1123 5333 delineata,
1155 5256 1500 5318 Henschenii
1532 5256 1748 5330 studio,
1781 5268 1946 5313 exer-

303 5350 607 5423 citatione,
641 5364 980 5425 summaque
1002 5350 1059 5407 in
1078 5348 1383 5408 versandis
1405 5344 1832 5419 Martyrologiis
1850 5357 1946 5417 pe-

298 5439 435 5497 ritia
483 5440 887 5512 dignissimum
936 5454 1103 5513 opus,
1145 5452 1349 5495 verum
1399 5437 1521 5509 ipse
1569 5434 1796 5508 privata
1842 5446 1945 5491 sua

296 5528 548 5589 scientia
580 5529 640 5590 in
668 5528 1063 5605 promovendo
1092 5540 1269 5601 opere
1300 5526 1387 5584 uti
1409 5522 1632 5595 maluit,
1658 5536 1829 5595 quam
1848 5536 1947 5597 po-

2049 4547 2266 4617 przeter
2278 4542 2587 4600 Usuardini
2602 4546 2802 4599 textus
2822 4542 3567 4615 nativmnsz'mplicitatem,
3585 4554 3689 4614 per

2051 4633 2175 4690 dies
2206 4631 2466 4704 singulos
2495 4646 2568 4688 ex
2592 4632 2853 4689 fontibus
2874 4629 2994 4689 suis
3017 4632 3344 4703 probatam,
3372 4629 3688 4689 stabilitam

2050 4726 2109 4781 et
2140 4721 2489 4795 explicatam
2517 4738 2532 4789 ;
2564 4720 2621 4776 id
2655 4719 3043 4793 potissimum,
3078 4735 3190 4792 qua
3222 4734 3530 4793 possumus
3562 4717 3690 4776 dili-

2048 4811 2268 4885 gentia,
2282 4810 2453 4869 nobis
2468 4808 2904 4882 exsequendum
2924 4809 3297 4882 praefigimus,
3313 4815 3378 4867 ut
3398 4823 3530 4866 cum
3548 4809 3691 4865 Mar-

2049 4900 2325 4974 tyrologii
2356 4900 2540 4958 nostri
2569 4903 2771 4957 textus
2801 4898 3159 4971 integritate,
3186 4897 3353 4957 simul
3376 4902 3692 4956 noscantur

2053 4988 2319 5047 codicum
2338 4987 2797 5045 Usuardinorum
2813 4991 2931 5044 tam
2951 4987 3267 5059 variorum,
3292 4989 3496 5059 totque
3518 4987 3694 5044 nomi-

2053 5076 2224 5134 nibus
2262 5075 2671 5148 insignitorum
2702 5078 2865 5147 aetas,
2898 5074 3226 5148 character,
3251 5072 3418 5147 fides,
3443 5075 3694 5133 auctori-

2052 5170 2165 5238 tas,
2181 5168 2512 5238 czeteraque
2536 5164 2726 5224 omnia
2751 5164 2822 5223 ad
2846 5166 3163 5238 perfectam
3186 5167 3692 5223 monumentorum

2054 5258 2393 5313 nostrorum
2423 5255 2814 5327 cognitionem
2834 5253 3210 5326 pertinentia.
3248 5255 3529 5327 Accedet,
3564 5268 3693 5328 quae

2055 5345 2128 5404 ad
2148 5348 2423 5405 Actorum
2444 5345 2536 5403 vel
2561 5345 2767 5403 saltem
2787 5342 3335 5401 commentariorum
3358 5349 3691 5404 nostrorum

2056 5433 2216 5494 ﬂium
2249 5434 2687 5509 percipiendum
2712 5433 2905 5505 faciet,
2937 5430 3029 5490 vel
3062 5433 3331 5505 maxime,
3357 5429 3691 5503 Martyrolo-

2057 5525 2287 5600 giorum
2316 5521 2586 5594 aliorum,
2618 5535 2964 5595 quocunque
2996 5522 3246 5597 nomine,
3277 5520 3366 5582 vel
3396 5518 3573 5577 titulo
3602 5516 3699 5573 de;
