3988 6158
319 264 424 319 463

1277 243 1646 309 USUARDUS
1683 246 2064 304 MONACHUS
2101 240 2745 304 SANGERMANENSIS.

3584 245 3677 300 484

321 382 692 456 scriptorum,
725 379 826 435 aut
865 375 1022 450 typis
1060 388 1430 445 excusorum,
1461 387 1592 431 eum
1632 370 1958 430 Usuardino
1987 370 2042 431 A
2073 361 2402 442 purgatum.
2430 339 2548 426 Hoc
2571 367 2840 440 primum.
2864 361 3084 420 Deinde
3108 361 3172 456 in
3200 361 3679 456 observationibus

323 473 605 544 perpetua
633 465 1014 539 comparatio,
1031 479 1097 522 ac
1121 469 1408 536 praeterea
1431 462 1956 534 manuscriptorum

318 571 500 630 prope
528 555 784 614 omnium
811 558 930 610 tam
952 551 1383 610 accommodata
1409 550 1658 623 pictura,
1684 555 1748 609 ut
1772 551 1958 610 lector

313 643 565 716 quilibet
589 657 700 699 non
715 639 1042 714 imperitus,
1058 638 1230 696 unico
1244 638 1408 710 quasi
1421 638 1954 712 intuitujdoceatur,

317 733 390 789 ad
423 746 593 804 quam
626 727 1170 801 Martyrologiorum
1203 727 1411 785 seriem
1444 727 1610 784 citati
1636 727 1753 785 illic
1776 727 1960 798 quoti-

319 823 412 880 die
461 837 669 893 magno
719 835 960 878 numero
989 818 1242 890 codices,
1273 818 1592 877 reducendi
1625 818 1770 887 sint;
1805 819 1958 877 unde

318 911 456 970 mihi
505 909 776 982 equidem
826 909 1172 982 persuadeo,
1205 921 1318 966 non
1369 907 1553 965 solum
1603 907 1840 966 taedium
1888 922 1956 965 ea

319 1000 548 1058 ratione
577 997 900 1056 lectoribus
928 995 1320 1067 sublevatum,
1353 996 1457 1054 sed
1496 999 1556 1053 et
1593 995 1830 1054 elariori
1870 1011 1959 1054 re-

320 1102 471 1158 rum,
505 1087 576 1144 de
606 1089 822 1143 caetero
851 1083 1398 1142 obseurissimarum
1429 1083 1812 1157 exhibitione,
1844 1100 1957 1142 non

321 1189 558 1249 parvam
587 1172 948 1246 voluptatem
980 1171 1220 1229 allatum
1259 1171 1350 1228 iri.

387 1270 442 1322 7.
476 1266 666 1336 Atque
697 1261 830 1319 hinc
867 1261 1044 1319 etiam
1077 1261 1382 1334 perspicis,
1418 1261 1564 1320 duas
1593 1261 1958 1334 potissimum

317 1366 534 1425 easque
566 1349 1010 1422 urgentissimas
1047 1365 1273 1423 causas,
1300 1365 1429 1423 quae
1459 1365 1550 1408 me
1580 1351 1654 1408 ad
1683 1351 1958 1409 tetricum

315 1441 470 1503 hunc
491 1439 747 1498 laborem
771 1438 1204 1512 suscipiendum
1217 1439 1501 1512 impulere
1517 1439 1813 1511 ;alteram,
1830 1455 1959 1512 quas

318 1529 582 1601 nosipsos
614 1531 998 1600 posterosque
1028 1533 1292 1598 nostros;
1322 1528 1589 1600 alteram,
1615 1543 1743 1600 quas
1765 1529 1960 1601 hagio—

227 1652 232 1656 -
320 1617 510 1690 philos
531 1617 696 1687 alios,
721 1619 997 1674 Actorum
1019 1619 1352 1675 nostrorum
1375 1617 1649 1690 lectores,
1665 1618 1960 1691 praecipue

317 1709 610 1778 spectant.
643 1706 851 1762 Nostra
893 1703 1148 1762 interere
1197 1719 1528 1778 praecavere
1578 1705 1958 1778 incommoda,
1991 1723 2046 1784 Β

321 1807 394 1851 ne
406 1793 638 1851 venturi
652 1792 1035 1865 imposterum
1048 1793 1246 1865 operis
1259 1793 1583 1865 adjutores,
1600 1793 1964 1866 iisdemipsis

320 1881 791 1940 dimcillimarum
841 1880 1280 1954 inquisitionem
1328 1880 1678 1954 labyrinthis
1721 1883 1962 1957 irretiti,

317 1984 552 2034 menses
572 1970 748 2027 etiam
769 1968 970 2042 plures
991 1969 1107 2027 imo
1129 1975 1190 2026 et
1209 1983 1394 2029 annos
1413 1970 1832 2044 magnojtaadio,
1850 1971 1967 2030 fru-

317 2063 418 2118 ctu
448 2058 660 2130 exiguo
679 2062 1113 2129 consumerent,
1137 2061 1204 2115 ut
1224 2057 1316 2116 vel
1341 2059 1603 2116 solorum
1625 2059 1966 2132 Martyrolo-

315 2149 547 2220 giorum
578 2150 916 2204 nostrorum
943 2145 1326 2204 sufﬁcientem
1358 2147 1546 2205 ideam
1573 2149 1966 2222 adipisceren-

320 2241 435 2294 tur.
471 2235 556 2293 Ad
588 2239 869 2292 externos
892 2235 1578 2307 pertinebathujusmodi
1601 2238 1962 2312 disquisitio,

319 2330 386 2383 ut
415 2337 486 2381 ne
517 2323 716 2397 operis
746 2323 934 2381 nostri
967 2324 1278 2381 momentis
1328 2323 1804 2398 fulcimentisque
1851 2343 1965 2384 non

317 2413 465 2470 satis
495 2411 769 2484 cognitis,
791 2424 910 2470 non
937 2411 1005 2469 ob
1035 2425 1166 2470 eam
1190 2426 1457 2485 causam,
1481 2415 1964 2485 quemadmodum

317 2499 636 2558 Bollandus
667 2499 919 2558 solerter
949 2501 1390 2572 observaverat,
1419 2505 1706 2575 perpetuo
1728 2503 1968 2563 hesita-

315 2589 468 2654 γεπι.
502 2589 665 2656 Quod
697 2589 835 2646 mihi
869 2589 1204 2646 sexcenties
1253 2589 1524 2648 evenisse
1568 2593 1961 2650 memineram.

317 2676 468 2747 Quid
481 2678 631 2734 enim
644 2676 852 2735 lectori
869 2677 1558 2750 fastidiosiusexcogitari
1573 2685 1967 2754 potets,quam

317 2765 568 2837 singulis
592 2780 774 2838 prope
795 2767 1346 2824 commentariorum
1365 2773 1703 2828 nostrorum
1723 2771 1969 2843 praevio-

316 2868 445 2915 rum
475 2854 723 2928 paginis,
757 2853 932 2926 longo
951 2855 1502 2926 Martyrologiorum
1520 2859 1748 2929 agmine
1771 2859 1963 2931 obrui,

316 2942 390 3000 de
423 2943 636 3015 quibus
667 2943 795 3016 ipse
827 2943 1099 3000 dubitare
1132 2944 1344 3017 possit,
1379 2959 1452 3003 an
1497 2961 1750 3018 unquam
1786 2947 1970 3006 exsti-

319 3030 500 3088 terint
532 3031 588 3088 in
621 3045 817 3090 rerum
838 3036 1048 3089 natura
1079 3051 1092 3088 :
1127 3037 1226 3091 aut
1259 3034 1308 3090 si
1341 3034 1493 3092 bona
1513 3039 1716 3094 nostra
1740 3036 1873 3108 ﬁde,
1893 3051 1962 3094 ea

316 3117 678 3176 admittenda
714 3122 903 3190 putet,
938 3119 1147 3175 saltem
1178 3121 1250 3176 de
1281 3122 1550 3180 codicum
1579 3124 1837 3195 ipsorum
1867 3140 1962 3194 ge-

316 3219 476 3276 nere,
513 3205 723 3276 patria,
757 3208 956 3277 astate,
989 3209 1168 3278 styto,
1203 3208 1560 3266 auctoritate
1591 3211 1799 3268 merite
1826 3213 1964 3270 edo-

313 3293 435 3352 ceri
471 3291 750 3366 postulet,
789 3308 903 3364 quo
953 3295 1283 3365 perpensis,
1321 3311 1426 3366 pro
1473 3311 1579 3354 sua
1631 3300 1963 3358 eruditione

317 3395 629 3451 rerumque
652 3381 762 3438 ista
771 3396 896 3438 rum
911 3381 1142 3453 peritia,
1157 3383 1448 3441 rationum
1463 3391 1876 3456 argumentoru
1885 3405 1963 3446 m-

317 3483 428 3540 que
462 3473 800 3525 nostrorum
846 3469 1180 3541 momentis,
1217 3485 1322 3542 per
1352 3486 1416 3528 se
1449 3473 1573 3544 ipse
1603 3475 1674 3531 de
1707 3481 1963 3534 asserto-

316 3571 443 3614 rum
475 3556 729 3614 omnium
768 3556 1020 3614 veritate
1060 3561 1343 3630 statuere,
1379 3575 1446 3618 ac
1477 3561 1794 3620 decernere
1827 3581 1962 3637 pru-

315 3645 526 3702 denter
565 3643 777 3703 valeat.
829 3647 963 3703 Haec
1011 3646 1150 3704 mihi
1199 3648 1271 3704 ad
1319 3649 1654 3708 devoranda
1703 3653 1958 3724 ingentia

312 3733 488 3792 taedia
522 3734 904 3792 incitamento
947 3735 1126 3806 fuere,
1162 3751 1438 3794 summam
1469 3753 1582 3796 una
1611 3755 1772 3812 spem
1804 3742 1961 3812 inge-

313 3823 524 3895 rentia,
560 3823 684 3880 fore
718 3828 781 3880 ut
813 3823 1176 3896 Hagiophilis
1222 3825 1510 3884 omnibus.
1543 3843 1654 3886 non
1691 3829 1958 3900 ingratus

311 3912 737 3970 obtruderetur
755 3910 923 3968 labor
942 3917 1166 3984 noster,
1183 3918 1526 3986 partemque
1549 3917 1606 3972 in
1629 3918 1791 3974 Actis
1812 3919 1959 3990 ipsis

312 4004 653 4056 sanctorum
681 4000 898 4056 habere
931 4005 1276 4070 paterentur
1297 4003 1644 4075 Usuardum,
1671 4007 1766 4076 qui
1793 4021 1960 4064 sanc-

314 4087 412 4156 tis,
447 4086 560 4141 imo
593 4086 756 4142 Actis
807 4085 1067 4158 ipsorum
1117 4087 1402 4161 plurimis,
1434 4105 1546 4146 non
1577 4092 1842 4162 exiguam
1875 4095 1960 4151 in-

312 4172 657 4243 telligentiae
693 4172 881 4230 lucem
915 4176 1239 4245 prml‘erret.

380 4266 434 4320 8.
474 4261 666 4318 Habes
694 4261 791 4318 hic
821 4262 1042 4334 paucis,
1078 4265 1310 4322 erudite
1338 4265 1548 4340 lector,
1572 4281 1789 4339 veram,
1824 4284 1958 4327 can-

312 4351 506 4408 didam
535 4355 596 4406 et
624 4349 910 4406 sinceram
939 4351 1125 4409 totius
1163 4353 1441 4411 editionis
1479 4362 1703 4414 nostra;
1740 4359 1955 4415 Usuar-

2067 473 2302 531 quoque
2327 458 2422 516 die
2444 455 2793 530 subjunetis,
2811 457 3078 512 exactam
3099 451 3384 510 tradimus
3403 467 3681 512 occurreno

2067 547 2146 605 tis
2175 551 2376 605 textus
2407 547 2691 619 genesim,
2723 559 2856 604 eum
2887 543 2958 601 ad
3005 541 3221 616 primas
3270 541 3496 601 radices
3539 557 3682 602 revo-

2066 636 2274 708 cando,
2289 635 2796 707 ostendendoque,
2813 637 3008 692 utrum
3028 646 3103 688 ex
3124 629 3588 702 Hieronymianis,
3601 646 3683 689 ex-

2067 723 2242 796 Beda,
2266 739 2337 780 an
2361 739 2435 781 ex
2455 725 2714 781 Romano
2738 736 2917 794 parvo
2939 735 3044 793 per
3066 719 3343 790 Adonem,
3367 733 3684 776 commemo-

2066 811 2239 882 ratio,
2255 811 2327 868 de
2347 825 2459 883 qua
2483 811 2697 882 agitur,
2723 811 3032 881 desumpta
3057 807 3174 874 sit;
3197 821 3268 863 an
3290 806 3504 864 Adonis
3523 806 3684 865 solius

2067 899 2345 973 propria;
2375 900 2606 956 demum
2637 912 2710 954 an
2749 899 2823 954 ab
2865 895 3131 954 Usuardo
3164 893 3398 952 aliunde
3437 908 3598 966 quam
3623 910 3686 953 ex

2067 989 2288 1060 Adone,
2305 991 2404 1045 aut
2427 986 2866 1060 antiquioribus
2888 988 3175 1044 mutuata.
3201 985 3445 1054 Rursus,
3463 997 3533 1040 an
3553 983 3684 1042 idem

2066 1082 2308 1135 sanctus
2327 1079 2432 1134 aut
2463 1078 2800 1134 sanctorum
2832 1078 3022 1132 turma
3046 1087 3078 1131 a
3100 1072 3357 1144 Rabano,
3380 1071 3686 1144 Hieronymi

2067 1169 2168 1222 aut
2198 1165 2366 1222 Bedes
2397 1164 2597 1221 verbis
2625 1163 2966 1234 consignata
2997 1175 3113 1220 non
3144 1161 3244 1218 sit.
3267 1161 3386 1218 Nec
3415 1157 3572 1238 locus
3596 1159 3693 1217 No.

2067 1253 2236 1312 tkero
2268 1253 2454 1324 deest,
2489 1252 2692 1324 paucis
2723 1264 3132 1322 nonnunquam
3163 1246 3530 1319 assignando,
3553 1261 3690 1320 quaa-

2068 1357 2196 1400 nam
2225 1355 2300 1399 ex
2325 1340 2812 1412 Hieronymianis,
2847 1352 3114 1412 quamam
3155 1351 3230 1396 ex
3275 1337 3525 1408 Rabano,
3556 1351 3691 1408 qua-

2067 1445 2197 1487 nam
2228 1429 2481 1501 denique
2509 1443 2584 1486 ex
2615 1429 2818 1486 Adone
2850 1429 2924 1485 ab
2947 1442 3018 1485 eo
3050 1424 3336 1484 translata
3365 1423 3608 1494 fuerint;
3634 1427 3690 1482 ut

2069 1518 2315 1592 proinde
2347 1517 2554 1576 diebus
2585 1516 2832 1589 singulis
2876 1529 3106 1574 scenam
3146 1514 3425 1588 aperiam,
3457 1527 3563 1584 qua
3591 1526 3688 1570 uno

2069 1606 2236 1680 quasi
2267 1606 2485 1664 intuitu
2513 1596 2695 1679 probe
2723 1606 3071 1665 instituatur
3103 1602 3295 1661 lector
3317 1601 3388 1659 de
3403 1605 3554 1658 tanta
3569 1603 3692 1659 Mars

2075 1695 2494 1768 tyrologiorum
2522 1695 2777 1754 omnium
2810 1697 2964 1753 inter
2985 1711 3048 1754 se
3069 1696 3380 1770 relatione,
3403 1711 3524 1766 seu,
3545 1697 3602 1752 ut
3619 1693 3688 1750 ita

2075 1784 2286 1856 dicam,
2321 1783 2624 1855 sanguinis
2653 1787 2753 1842 aut
2795 1784 3092 1842 aﬂinitatis
3136 1784 3603 1858 pr0pinquitate;
3629 1795 3688 1838 ne

2073 1873 2316 1931 excluso
2345 1873 2577 1944 quidem
2607 1872 3046 1944 Wandalberto,
3072 1875 3245 1946 cujus
3267 1873 3506 1930 metrica
3525 1871 3688 1941 elogia

2073 1961 2587 2020 observationibus
2605 1961 2845 2034 nostris,
2860 1961 3150 2034 siquidem
3172 1963 3246 2020 de
3269 1961 3428 2019 illius
3446 1959 3554 2018 diei
3573 1959 3689 2015 Sau-

2075 2055 2173 2108 cto
2197 2050 2289 2108 vel
2319 2051 2541 2109 sanctis
2560 2050 2955 2123 meminerint,
2989 2051 3337 2109 inseruntur
3365 2049 3451 2108 vel
3481 2048 3690 2122 subjun-

2073 2142 2311 2210 guntur.

2146 2233 2198 2286 9.
2234 2229 2368 2285 Haec
2390 2233 2481 2284 est
2505 2228 2692 2286 totius
2713 2228 2911 2301 operis
2933 2227 3223 2286 latissime
3247 2227 3489 2301 expansi
3509 2227 3560 2284 in
3580 2225 3670 2283 bre

2075 2329 2204 2372 vem
2233 2315 2510 2373 tabellam
2543 2321 2849 2376 contracta
2880 2317 3090 2390 imago,
3118 2317 3218 2375 ubi
3250 2319 3330 2374 ad
3360 2317 3590 2376 citatum
3609 2327 3695 2372 ca-

2076 2407 2178 2476 put
2202 2403 2444 2461 tertium
2469 2404 2829 2478 pertigerim,
2846 2405 3185 2464 accuratius
3205 2403 3570 2478 explicanda.
3590 2403 3694 2460 lam

2077 2491 2216 2563 quid
2246 2492 2355 2550 hac
2383 2497 2586 2550 nostra
2627 2494 2969 2566 prmfatione
3010 2495 3283 2567 prasstitu
3303 2509 3356 2550 m
3389 2493 3482 2565 sit,
3515 2491 3694 2565 paucis

2077 2581 2298 2661 accipe.
2331 2583 2396 2638 In
2431 2582 2547 2640 tria
2593 2583 2788 2655 capita
2834 2586 3023 2640 totam
3080 2582 3500 2656 dispescimus.
3531 2579 3696 2638 Primo
3809 2596 3818 2607 ο

2077 2668 2484 2742 Martyrologia
2533 2670 2724 2728 omnia
2773 2675 3160 2729 recensentur
3185 2676 3245 2728 et
3276 2669 3548 2729 Usuardo
3571 2668 3696 2726 anti-

2079 2757 2281 2828 quiora
2300 2762 2356 2814 et
2379 2758 2726 2830 synehrona,
2751 2773 2885 2817 cum
2919 2759 3134 2830 quibus
3156 2759 3270 2832 ipsi
3293 2757 3574 2816 :nonnulla
3593 2755 3698 2828 qui-

2077 2843 2208 2902 dem
2241 2845 2512 2918 aﬂinitas,
2539 2847 2644 2905 sed
2675 2862 2784 2905 non
2815 2851 2982 2904 tanta
3013 2847 3354 2920 sanguinis,
3379 2848 3427 2905 si
3458 2847 3534 2903 ita
3559 2844 3696 2917 loqui

2077 2932 2238 3005 licet,
2270 2933 2624 3007 conjunctio,
2661 2939 2724 2993 ut
2756 2941 3062 3008 parentum
3093 2949 3199 2994 seu
3241 2935 3697 3008 primigeniorum

2079 3021 2324 3080 fontium
2347 3023 2525 3081 titulo
2548 3025 2783 3097 proprie
2801 3024 3061 3095 gaudere
3083 3028 3338 3096 queant,
3355 3023 3538 3097 qualia
3558 3025 3694 3092 sunt,

2075 3125 2204 3182 quae
2234 3111 2306 3168 ad
2338 3112 2804 3184 Hieronymiana,
2839 3115 2936 3169 aut
2971 3111 3184 3170 Bedam
3213 3127 3244 3168 a
3279 3113 3462 3170 Floro
3491 3114 3697 3169 auctum

2073 3199 2432 3271 referuntur,
2477 3205 2574 3258 aut
2617 3215 2746 3272 qua:
2777 3215 2908 3258 cum
2941 3200 3060 3256 illis
3092 3201 3592 3273 prepinquitatem
3618 3198 3701 3254 ha-

2073 3287 2232 3359 bent,
2258 3293 2320 3346 ut
2343 3293 2476 3346 sunt
2493 3289 2913 3362 Wandalberti,
2932 3291 3225 3346 Rabaniet
3248 3290 3498 3348 Notkeri
3518 3291 3698 3359 Marty-

2073 3375 2316 3446 rologia,
2343 3377 2517 3448 vulgo
2550 3381 2706 3448 nota,
2743 3379 2959 3449 quibus
2990 3377 3262 3435 omnibus
3292 3377 3568 3452 proprias
3587 3375 3700 3434 cha-

2071 3465 2479 3536 racteristicas
2512 3465 2592 3522 ita
2623 3467 2882 3522 conabor
2923 3467 3260 3538 appingere,
3295 3471 3372 3522 ut
3404 3481 3436 3523 a
3465 3463 3696 3537 quolibet

2073 3551 2244 3608 facile
2294 3553 2736 3623 dignoscantur.
2771 3555 3132 3612 lntercurret
3175 3567 3335 3612 nova
3375 3555 3446 3612 de
3473 3551 3700 3626 genuino

2071 3639 2241 3697 Beda:
2279 3645 2337 3696 et
2385 3639 2538 3698 Flori
2584 3641 2998 3713 Martyrologio
3047 3642 3433 3715 disceptatio,
3469 3639 3694 3700 eruditis

2068 3727 2423 3800 hagiOphilis
2453 3731 2526 3786 ad
2558 3729 2876 3788 ulteriores
2915 3730 3372 3802 disquisitiones
3416 3729 3693 3790 materiam

2070 3816 2410 3887 praebitura.
2430 3819 2614 3876 Porro
2646 3819 2702 3875 in
2735 3818 3282 3890 Martyrologiorum
3315 3821 3494 3892 serie,
3515 3817 3693 3876 deblto

2069 3905 2442 3975 antiquitatis
2467 3907 2618 3979 jure,
2655 3922 2860 3978 agmen
2891 3907 3110 3964 ducent
3140 3909 3479 3981 apographa
3513 3907 3694 3964 Hiero-

2069 3993 2354 4065 nymiana,
2388 3999 2512 4052 tum
2555 3995 2794 4067 majora,
2829 3997 2914 4053 uti
2957 4011 3254 4066 vocamus,
3290 4011 3323 4054 a
3356 3993 3693 4054 Florentinio

2055 4081 2258 4149 ‘edita;
2288 4085 2413 4138 tum
2446 4083 2688 4154 minora,
2715 4099 2844 4156 quae
2866 4085 3021 4156 apud
3046 4099 3152 4142 nos
3171 4099 3338 4157 mss.,
3366 4090 3465 4143 aut
3488 4086 3558 4142 ab
3577 4081 3693 4138 aliis

2067 4167 2302 4238 vulgata
2335 4174 2491 4227 sunt.
2523 4172 2605 4228 De
2636 4171 2728 4228 his
2756 4186 2896 4230 vero
2925 4171 3176 4244 aliisque
3209 4172 3392 4231 talem
3441 4175 3696 4244 Martyro-

2069 4252 2406 4328 logiophilis
2427 4256 2882 4317 delineationem
2901 4261 2976 4318 oh
2997 4260 3202 4319 oculos
3214 4261 3694 4334 ponam,utcitata

2067 4357 2274 4414 magno
2303 4359 2546 4416 numero
2576 4347 2634 4403 in
2667 4349 2832 4406 Actis
2863 4351 3090 4406 nostris
3121 4350 3483 4422 exemplaria
3514 4363 3613 4422 per
3638 4358 3694 4402 se

310 4439 462 4497 diuae
489 4453 745 4510 causam,
777 4438 960 4496 habes
991 4441 1324 4513 consilium,
1359 4445 1740 4517 propositum,
1774 4447 1951 4504 ratio-
1979 4421 2034 4484 D
2065 4430 2179 4504 ίρεί
2212 4433 2282 4489 ad
2315 4433 2567 4492 Classem
2600 4437 2894 4510 Propriam
2926 4442 3169 4510 Ροεεθηι
3193 4421 3694 4510 τεάὶιοθνθ,δθ(ιιιθ

309 4541 460 4585 nem.
477 4529 720 4600 Repeto,
740 4531 1048 4600 testorque
1063 4528 1118 4584 id
1133 4544 1222 4586 me
1245 4532 1540 4604 praecipue
1553 4534 1872 4606 studuisse,
1889 4540 1956 4592 ut

309 4617 549 4676 codices
571 4631 791 4688 omnes,
819 4632 1066 4688 quorum
1088 4617 1146 4674 in
1169 4620 1364 4676 Museo
1387 4625 1594 4679 nostro
1617 4638 1949 4694 numerosa,

308 4705 357 4763 si
393 4719 654 4777 usquam,
688 4705 974 4777 supellex,
1008 4711 1072 4763 ut
1120 4708 1376 4778 codices,
1430 4709 1682 4782 inquam,
1728 4725 1948 4782 omnes,

307 4807 380 4850 ex
406 4794 658 4852 Usuardi
687 4793 986 4866 progenie,
1012 4795 1085 4852 ab
1113 4795 1246 4852 aliis
1279 4798 1550 4854 omnibus
1581 4813 1946 4870 seponerem,

307 4895 410 4938 seu
441 4897 544 4939 eos
573 4883 836 4954 integros
863 4882 1202 4954 habeamus,
1225 4898 1328 4941 seu
1351 4885 1537 4942 solum
1560 4890 1825 4943 extracta
1849 4891 1952 4944 aut

305 4971 624 5042 variantes,
642 4985 716 5027 ex
746 4969 1063 5027 collatione
1091 4972 1163 5028 ab
1196 4973 1562 5030 Henschenio
1583 4978 1644 5030 et
1662 4976 1949 5047 Papebro-

306 5057 460 5126 chio,
485 5073 615 5114 cum
639 5058 784 5130 ipsis
811 5059 1113 5116 codicibus
1133 5062 1192 5116 et
1217 5061 1478 5118 Usuardo
1502 5063 1746 5118 Grevcni
1772 5065 1944 5136 facta,

209 5221 219 5230 .
307 5145 689 5230 superstites;
724 5151 788 5203 ut
816 5151 1021 5218 postea
1044 5161 1116 5203 ex
1141 5149 1403 5220 professo
1425 5149 1944 5223 dcmonstrabitur,

306 5228 442 5287 dum
465 5230 537 5285 ad
562 5227 886 5292 USuardum
911 5235 1122 5308 ipsum,
1148 5237 1392 5308 ejusque
1416 5237 1630 5310 proles,
1656 5240 1948 5310 prmfatio-

306 5317 396 5374 nis
426 5317 598 5389 hujus
627 5319 822 5392 capite
853 5325 1032 5380 tertio
1062 5325 1372 5382 deventum
1407 5325 1602 5381 fuerit.
1635 5327 1755 5382 Jam
1787 5327 1945 5384 dicta

304 5405 648 5483 brevissime
679 5410 978 5468 contrahe.
1014 5412 1340 5470 Usuardum
1361 5412 1566 5469 damus
1589 5412 1949 5471 additamen-

304 5494 382 5555 tis
411 5493 702 5566 omnibus,
740 5500 1018 5568 quantum
1050 5499 1386 5561 humanitus
1431 5501 1557 5559 ﬁeri
1604 5501 1816 5573 potuit,
1851 5515 1948 5559 ex-

2065 4520 2288 4587 codicis
2317 4525 2604 4597 cujusque
2636 4527 2930 4598 probitate
2962 4541 3030 4584 ac
3062 4526 3175 4584 ﬁde
3211 4525 3502 4597 judicium
3533 4526 3691 4583 ferre.

2145 4619 2229 4671 10.
2257 4612 2358 4669 His
2381 4614 2770 4685 subjungetur
2791 4617 2965 4687 caput
2993 4613 3263 4686 alterum,
3292 4631 3410 4687 quo
3427 4616 3498 4672 ad
3521 4614 3694 4686 ipsum

2063 4704 2391 4762 Usuardum
2423 4703 2770 4760 accedemus
2784 4701 3025 4774 propius
3049 4745 3064 4774 ,
3073 4703 3319 4774 primum
3336 4698 3695 4770 familiaaejus

2063 4793 2346 4864 stipitem,
2372 4805 2474 4846 seu
2499 4789 2556 4844 in
2588 4792 2751 4846 recta
2783 4789 2933 4847 linea
2965 4794 3444 4864 protoparentem
3477 4790 3696 4846 demon-

2063 4879 2324 4948 strando,
2343 4877 2612 4933 nimirum
2626 4881 2801 4934 vetus
2817 4876 2962 4936 illud
2976 4879 3293 4936 Romanum
3307 4879 3380 4936 ab
3397 4877 3694 4936 Heriberto

2061 4966 2387 5037 Rosweydo
2411 4965 2658 5036 primum
2683 4965 2906 5023 editum
2931 4969 3108 5038 atque
3139 4967 3357 5024 Adonis
3377 4965 3690 5040 praefixum.

2059 5057 2164 5112 Hic
2193 5069 2332 5111 vero
2362 5059 2682 5126 exsurgent
2707 5054 2896 5126 litigia
2921 5074 2935 5110 :
2964 5071 3094 5112 cum
3117 5055 3272 5112 enim
3294 5059 3380 5112 tot
3405 5049 3690 5118 habuerit,

2057 5149 2262 5214 totque
2293 5143 2610 5200 etiamnum
2641 5144 3082 5216 impugnatores
3117 5144 3325 5201 habeat
3353 5143 3692 5214 praedictum

2058 5231 2552 5301 Martyrologium,
2587 5245 2660 5288 eo
2690 5231 2884 5303 capite
2924 5232 3207 5304 polemice
3248 5229 3537 5302 agendum
3563 5227 3690 5294 erit,

2057 5324 2119 5376 ut
2153 5322 2358 5376 contra
2389 5333 2774 5390 quoscunque
2807 5319 3182 5378 adversarios
3200 5334 3335 5378 vera
3357 5315 3689 5390 appellatio,

2058 5407 2390 5477 sinceritas,
2407 5410 2698 5478 vetustas,
2713 5405 3093 5480 ejusdemque
3108 5409 3262 5466 facta
3283 5409 3572 5464 Ravennae
3594 5415 3693 5474 per

2057 5495 2314 5554 Adonem
2327 5495 2652 5570 descriptio
2665 5495 3018 5556 vindicetur:
3029 5497 3180 5558 unde
3195 5497 3296 5556 ﬁat
3307 5503 3688 5568 consequens,
