3974 6150
287 328 393 387 εδδ

1714 327 2259 389 PROLEGOMENA.

3584 346 3686 407 468

286 450 438 512 idem
460 453 650 528 ipsum
672 469 822 527 esse,
855 470 969 527 quo
1000 454 1340 545 Viennensis
1370 453 1797 545 Martyrologus
1826 456 1925 513 ad-
1952 452 2008 513 A
2038 459 2097 514 te
2127 462 2364 531 sumptu
2411 468 2722 533 procurata
2766 466 3021 525 fuerunt.
3069 471 3268 545 Capita
3310 470 3404 531 hic
3454 474 3685 534 nomine

278 545 445 617 jutus
462 549 576 616 est,
601 545 716 601 imo
743 559 816 601 ex
839 560 954 616 quo
976 544 1285 617 plerosque
1308 548 1542 602 sanctos
1560 559 1697 601 suos
1718 543 1926 602 diebus

284 633 531 705 singulis
551 634 828 690 extraxit.
855 635 993 691 Cum
1016 636 1209 690 autem
1233 633 1509 704 deinceps
1531 633 1832 704 probaturi
1859 632 1926 690 si-

284 740 430 794 mus,
456 723 783 779 Usuardum
814 725 941 779 toto
970 738 1075 779 suo
1101 736 1279 794 opere
1311 721 1528 779 Adonis
1556 722 1927 794 compendia-

281 817 470 869 torem
499 814 1049 881 contractoremque
1081 811 1278 881 fuisse,
1314 810 1635 882 perspicue
1652 809 1922 867 concludi

281 900 522 974 poterit,
548 901 864 957 Romanum
887 903 1059 956 vetus
1079 914 1181 955 seu
1205 914 1467 970 parvum,
1492 899 1923 957 Usuardiavum

281 1003 430 1059 esse,
463 988 723 1045 Adonem
753 988 882 1058 ejus
920 991 1187 1059 patrem;
1228 987 1284 1043 id
1326 987 1479 1059 quod
1520 987 1713 1059 capite
1745 988 1923 1045 tertio

281 1078 391 1135 erit
416 1076 1049 1149 pertractandum.Quo
1063 1075 1474 1146 deinde,longo
1496 1075 1701 1132 ordine
1724 1091 1925 1148 seque-

284 1172 379 1224 tur
408 1170 533 1223 tota
564 1165 811 1222 Usuardi
845 1166 1171 1237 progenies,
1206 1179 1308 1222 seu
1340 1166 1572 1222 codices
1605 1165 1688 1220 illi
1712 1167 1925 1223 Usuar-

282 1255 401 1312 dini
431 1268 650 1325 omnes,
685 1268 758 1311 ex
789 1254 1001 1325 quibus
1028 1254 1341 1325 genuinum
1373 1254 1499 1324 ejus
1520 1253 1918 1326 Martyrologii

282 1348 529 1414 textum,
554 1341 843 1413 simulque
867 1342 1140 1399 Auctaria
1164 1342 1403 1399 seorsim
1424 1341 1670 1399 collecta
1696 1342 1924 1399 desum-

282 1432 518 1506 psimus.
554 1434 685 1489 Ηεεο
716 1431 898 1503 prima
930 1432 1142 1502 fronte,
1166 1446 1239 1487 ex
1261 1431 1384 1502 ipsa
1407 1446 1601 1487 rerum
1627 1429 1922 1502 plerisque

281 1521 676 1592 ignoratarum
735 1519 908 1576 nimia
964 1520 1273 1591 varietate,
1333 1519 1590 1576 nonnihil
1648 1519 1919 1590 obscura,

279 1613 405 1666 toto
433 1608 793 1681 praafationis
824 1608 1096 1680 decursu,
1129 1607 1309 1678 clare,
1350 1611 1413 1665 ut
1451 1607 1701 1678 confido,
1745 1610 1921 1678 atque

281 1697 534 1756 dilucide
564 1698 927 1755 evolventur.

766 1785 1038 1848 CAPUT
1080 1784 1422 1846 PRIMUM.

280 1875 890 1957 Martyrologiog'um
933 1876 1335 1957 antiquorum
1378 1875 1554 1936 inter
1583 1894 1654 1957 se
1684 1893 1754 1935 ac
1784 1893 1922 1935 cum

497 1954 787 2017 Usuardo
806 1954 1260 2035 prepinqnitas
1290 1960 1350 2015 et
1381 1954 1712 2015 connexio.

349 2058 437 2109 11.
470 2050 648 2109 Multa
689 2050 913 2123 pridem
956 2066 985 2107 a
1027 2050 1269 2121 Molano,
1313 2050 1578 2120 Baronio,
1621 2049 1923 2120 Bollando,

278 2140 661 2211 Henschenio,
705 2139 1123 2212 Papebrocbio,
1169 2139 1525 2196 Florentinio
1562 2138 1805 2209 aliisque
1836 2139 1929 2196 do-

274 2229 555 2288 ctissimis
581 2228 723 2286 viris
755 2228 1035 2301 praeclare
1068 2227 1365 2299 disputata
1388 2231 1523 2285 sunt
1557 2228 1628 2284 de
1650 2229 1927 2300 Martyro-

279 2318 563 2388 logiorum
585 2318 831 2388 origine,
850 2316 1201 2389 primordiis,
1227 2321 1286 2372 et
1310 2316 1714 2384 incrementis;
1737 2316 1926 2387 deque

275 2421 478 2464 eorum
520 2406 886 2477 diversitate,
920 2409 1092 2479 prout
1126 2420 1156 2462 a
1186 2405 1367 2463 variis
1397 2404 1783 2477 scriptoribus
1815 2403 1928 2476 pri-

277 2509 431 2551 mum
464 2493 717 2550 conﬂata
744 2494 994 2551 fuerant.
1019 2493 1211 2551 Crevit
1231 2509 1431 2551 earum
1456 2508 1649 2551 rerum
1673 2492 1928 2565 penitius

278 2580 815 2651 investigandarum
829 2582 1111 2653 studium,
1132 2586 1503 2640 accrescente
1518 2581 1795 2653 paulatim
1819 2596 1929 2638 ma-

272 2670 386 2740 jori
411 2670 567 2740 luce,
583 2671 1232 2742 postquam'antiquiora
1258 2670 1664 2743 Martyrologia
1678 2669 1929 2727 ebiblio—

281 2758 579 2817 thecarum
592 2759 904 2816 scriniised
914 2764 1067 2831 ucta,
1084 2765 1145 2831 ty
1153 2758 1660 2833 porumlbeneficio
1673 2759 1926 2816 omnium

280 2848 548 2905 manibus
576 2846 688 2903 teri
717 2852 1044 2919 cmperunt.
1080 2847 1233 2903 Nihil
1264 2848 1357 2904 hic
1389 2847 1460 2904 ad
1494 2863 1600 2904 nos
1615 2845 1839 2918 fattinet
1860 2861 1927 2903 ea

282 2938 577 3008 repetere,
611 2950 739 3008 quae
772 2951 803 2992 a
832 2935 1173 2993 clarissimis
1202 2935 1319 2992 illis
1342 2935 1773 3005 notissimisque
1795 2934 1930 2991 scri-

281 3024 570 3097 ptoribus,
596 3023 921 3095 praesertim
945 3039 974 3080 a
1001 3027 1203 3081 nostro
1228 3023 1507 3081 Bollando
1526 3023 1707 3093 clare,
1732 3022 1931 3080 distin-

279 3115 453 3206 cte-et
477 3111 711 3168 erudite
731 3111 1021 3206 explicata
1045 3115 1216 3206 sunt._
1237 3113 1419 3206 Unum
1450 3114 1569 3206 est,
1596 3110 1653 3166 in
1686 3125 1800 3181 quo
1830 3110 1927 3206 de-
1955 3143 2005 3206 Ο

281 3198 487 3256 fecisse
517 3214 739 3270 omnes,
772 3199 846 3257 sit
879 3201 1058 3257 verbo
1089 3199 1277 3270 venia,
1302 3198 1359 3254 in
1395 3213 1529 3270 quo,
1555 3197 1810 3269 inquam,
1835 3197 1927 3254 de-

282 3287 488 3345 fecisse
516 3287 673 3360 ipsos
704 3287 1126 3359 animadverto,
1162 3287 1455 3357 nimirum,
1490 3286 1642 3358 quod
1674 3286 1927 3357 singulo-

282 3391 407 3433 rum
439 3376 980 3449 Martyrologiorum
1017 3380 1309 3448 auctores,
1355 3378 1589 3433 aetatem
1628 3380 1686 3431 et
1726 3373 1927 3431 chara-

204 3476 213 3482 '
283 3468 475 3521 cteres
505 3462 733 3535 aliquos
765 3463 950 3522 solum
974 3464 1380 3535 describendo,
1405 3478 1474 3520 eo
1500 3467 1809 3535 penetrare
1831 3477 1928 3519 ne-

281 3551 595 3623 glexerint,
638 3552 790 3609 unde
820 3553 1055 3611 eosdem
1089 3552 1242 3609 inter
1271 3567 1333 3609 se
1364 3550 1783 3623 componendo,
1813 3566 1923 3607 una

282 3639 709 3712 explorassent,
744 3653 873 3710 quae
906 3639 1244 3712 primigenia
1278 3637 1818 3710 Martyrologiorum
1841 3653 1928 3695 ca-

283 3728 424 3802 pita,
450 3743 581 3799 quae
604 3726 864 3799 qualisve
883 3732 1232 3786 caeterorum
1246 3742 1319 3784 ex
1333 3727 1627 3799 prioribus
1640 3726 1926 3783 derivatio

281 3822 379 3875 aut
399 3817 654 3889 genesis,
682 3831 928 3888 quaeque
952 3816 1195 3889 proinde
1210 3816 1362 3873 inter
1375 3816 1795 3889 Martyrologos
1810 3830 1927 3872 om-

283 3920 383 3964 nes
419 3904 778 3976 conjunctio,
822 3905 1126 3976 connexio,
1180 3904 1604 3977 prepinquitas,
1657 3903 1923 3971 afﬁnitas,

282 3993 370 4050 vel
391 3992 887 4063 consanguinitas.
914 3993 1107 4050 Liceat
1139 3992 1274 4049 mihi
1298 3992 1457 4049 hisce
1487 3992 1571 4048 uti
1603 3990 1923 4061 vocabulis,

283 4081 352 4138 ad
380 4096 505 4139 rem
544 4081 827 4139 hactenus
864 4080 1173 4153 implexam
1213 4085 1272 4137 et
1322 4079 1663 4150 involutam,
1711 4083 1925 4149 quanta

284 4174 491 4242 potero
504 4169 926 4241 perspicuitate
941 4168 1365 4226 illustrandam.
1381 4170 1410 4223 J
1415 4184 1503 4225 am
1520 4167 1925 4238 Martyrologia

280 4258 470 4314 omnia
500 4256 766 4328 classica,
811 4273 913 4314 seu
954 4272 1084 4328 qua:
1125 4256 1495 4328 antiquorum
1540 4255 1926 4328 praerogativa

281 4350 338 4402 et
370 4345 726 4403 auctoritate
755 4344 1033 4416 gaudent,
1068 4344 1190 4402 suis
1226 4343 1555 4401 nominibus
1595 4341 1926 4415 appellavi;

281 4434 725 4506 Hieronymiana
775 4448 1001 4505 nempe,
1040 4433 1272 4505 Bedam,
1317 4432 1567 4502 Florum,
1608 4432 1924 4487 Romanum

2032 548 2442 638 Martyrologia
2473 551 2757 626 illa,‘qute
2790 554 2970 628 prima
3003 573 3105 617 seu
3152 565 3511 638 autographa
3546 580 3685 625 cen-

2033 637 2159 727 seri
2172 637 2408 710 debent,
2434 644 2642 712 utpote
2668 658 2796 714 quae
2820 659 2895 701 ex
2909 646 3070 705 nullo
3086 649 3292 722 altero,
3309 637 3511 711 saltem
3527 655 3682 727 quod

2034 726 2202 782 modo
2224 728 2500 799 supersit,
2520 732 2900 805 transcripta,
2920 734 3109 793 fontes
3131 737 3252 809 ipsa
3278 726 3681 813 fuerint,unde

2034 814 2352 886 scriptores
2379 818 2748 890 Martyrologi
2780 821 2875 878 alii
2916 839 3054 881 suas
3097 840 3278 896 aquas
3318 828 3675 889 derivarunt.

2029 903 2112 959 Ex
2134 903 2224 961 his
2247 904 2514 978 primum,
2540 908 2920 982 praecipuum,
2940 916 2997 968 et
3024 915 3481 974 vetustissimum
3508 933 3681 989 agno-

2031 990 2263 1062 scimus,
2289 993 2443 1063 quod
2469 996 2577 1051 sub
2599 995 2847 1054 Eusebii
2864 999 2956 1056 vel
2978 1002 3173 1072 potius
3204 1004 3553 1077 Hieronymi,
3588 1007 3679 1063 vel

2033 1079 2340 1151 utriusque
2396 1083 2624 1141 nomine
2677 1085 3114 1162 circumfertur,
3175 1092 3297 1150 sive
3349 1094 3493 1152 illud
3542 1111 3679 1154 vere

2034 1168 2108 1223 ab
2138 1168 2282 1257 ipsis
2311 1170 2609 1229 conditum
2643 1174 2840 1247 fuerit,
2876 1176 3003 1235 sive
3027 1194 3056 1235 a
3094 1183 3344 1251 posteris
3375 1182 3517 1241 falso
3541 1184 3680 1257 ipsis

2033 1256 2371 1329 ascriptum,
2397 1259 2468 1316 de
2491 1276 2605 1332 quo
2628 1262 2799 1334 paulo
2826 1271 2949 1337 post
2974 1268 3266 1339 copiosius
3299 1256 3670 1330 tractandum

2031 1344 2164 1400 erit.
2191 1346 2402 1403 Locum
2434 1349 2506 1404 ab
2530 1349 2639 1406 hoc
2660 1352 2983 1423 proximum
3015 1360 3176 1414 tenet
3208 1358 3444 1417 celebre
3465 1361 3623 1419 aliud
3647 1376 3677 1420 a

2032 1432 2365 1489 Venerobili
2390 1435 2545 1492 Beda
2557 1441 2963 1513 compositum,
2981 1444 3217 1514 nonjam
3233 1448 3676 1519 supposititium

2031 1519 2177 1579 illud
2200 1537 2229 1578 a
2251 1522 2522 1581 Plantino
2544 1526 2787 1600 editum,
2814 1531 2918 1587 sed
2939 1533 3252 1602 genuinum
3281 1535 3493 1609 ipsum,
3519 1537 3676 1611 quod

2032 1628 2062 1669 a
2104 1612 2273 1669 Floro
2314 1614 2775 1673 nominatissimo
2803 1619 3202 1690 Lugdunensis
3230 1625 3504 1684 Ecclesia
3543 1628 3678 1685 sub-

2032 1701 2274 1759 diacono
2304 1707 2538 1760 auctum
2569 1704 2766 1778 fuisse,
2807 1708 2967 1765 clare
3006 1714 3064 1767 et
3106 1711 3325 1770 diserte
3365 1715 3437 1771 ab
3475 1716 3677 1774 Adone

1949 1801 2004 1861 Β
2036 1792 2337 1860 testatum,
2375 1795 2575 1863 postea
2605 1796 2999 1855 ostendemus.
3032 1800 3287 1865 Tertium
3330 1818 3504 1875 porro
3536 1804 3677 1864 dicis

2036 1893 2183 1949 mus,
2219 1878 2405 1950 ipsum
2439 1879 2603 1951 illud,
2632 1883 2784 1952 quod
2816 1887 3093 1956 prmfatus
3114 1889 3238 1946 Ado
3271 1890 3557 1949 Ravenna;
3587 1908 3675 1949 re-

2038 1969 2288 2037 pertum,
2309 1970 2367 2022 et
2392 1982 2422 2023 a
2446 1967 2718 2038 religioso
2738 1971 2939 2042 fratre,
2965 1975 3073 2031 sibi
3096 1979 3442 2048 praestitum,
3460 1979 3673 2036 ibidem

2035 2053 2472 2125 transcriptum,
2508 2055 2564 2109 in
2596 2057 2788 2128 capite
2818 2060 3209 2132 Martyrologii
3232 2066 3319 2121 sui
3346 2067 3672 2136 ponendum

2037 2141 2282 2212 putavit,
2316 2143 2470 2212 quod
2509 2144 2817 2217 Rosweydi
2856 2153 3053 2206 nostra
3085 2165 3225 2208 cura
3258 2153 3503 2223 primum
3542 2169 3673 2211 cum

2036 2229 2234 2285 Adone
2267 2229 2323 2285 in
2353 2230 2540 2287 lucem
2575 2233 2789 2304 prodiit
2818 2250 2966 2293 anno
2998 2243 3157 2308 1613,
3191 2241 3462 2312 quodque
3485 2257 3514 2299 a
3538 2241 3675 2300 mul-

2036 2316 2114 2373 tis
2142 2317 2388 2374 subinde
2419 2319 2740 2393 laudatum,
2772 2325 2874 2380 sed
2908 2339 2938 2380 a
2972 2324 3240 2396 pluribus
3269 2329 3551 2387 acerrime
3581 2345 3675 2403 0p-

2036 2409 2377 2477 pugnatum,
2409 2410 2538 2464 toto
2565 2410 2833 2480 sequenti
2870 2412 3063 2485 capite
3100 2414 3511 2475 vindicandum
3552 2432 3676 2477 sus-

2034 2493 2311 2565 cepimus.
2676 2566 2681 2571 ὓ

2108 2586 2193 2639 13.
2229 2584 2344 2639 Hos
2370 2596 2479 2653 ego
2513 2584 2821 2656 primarios
2850 2588 3082 2659 stipites
3111 2605 3212 2648 seu
3254 2591 3471 2665 stirpes
3508 2610 3671 2666 voco,

2036 2669 2189 2725 unde
2220 2669 2275 2726 in
2309 2673 2432 2727 tres
2460 2671 2823 2743 potissimum
2852 2674 3087 2747 classes,
3121 2678 3333 2749 tribus,
3376 2694 3476 2736 seu
3516 2681 3676 2738 fami-

2037 2759 2145 2815 lias
2166 2757 2539 2830 primigenias
2561 2763 2680 2817 tota
2705 2762 3246 2834 Martyrologiorum
3270 2767 3536 2839 prosapia
3561 2768 3674 2827 dis-

2036 2847 2352 2903 tribuatur.
2369 2848 2452 2902 Ex
2474 2847 2565 2903 his
2586 2861 2724 2904 vero
2748 2849 3041 2922 primaria,
3063 2856 3125 2909 ut
3150 2853 3361 2911 iterum
3391 2855 3673 2927 dicam,et

2037 2934 2220 3005 magis
2241 2935 2357 2990 late
2382 2937 2588 3005 patens
2610 2935 2777 2991 radix
2798 2938 3165 3007 praedicanda
3181 2944 3268 2999 est
3282 2940 3675 3016 Hieronymia-

2037 3035 2193 3091 num,
2234 3023 2291 3076 et
2340 3019 2596 3076 omnium
2633 3021 3117 3095 antiquissimum,
3162 3025 3242 3083 ita
3285 3027 3675 3089 feracissimus

2038 3108 2267 3179 fundus,
2303 3108 2358 3164 in
2389 3123 2503 3179 quo
2534 3111 2687 3165 natae
2714 3109 2958 3167 arbores
2987 3110 3043 3167 in
3073 3127 3298 3170 omnem
3332 3120 3554 3187 partem
3586 3134 3675 3177 ra-

2036 3213 2162 3255 mos
2207 3197 2623 3266 extenderint;
2663 3202 2801 3268 puta
2850 3200 3269 3271 Martyrologos
3310 3204 3456 3262 alios
3494 3221 3676 3279 prope

2034 3300 2234 3343 omnes
2260 3300 2335 3342 ex
2363 3284 2490 3356 ipso
2520 3284 2621 3340 illo
2653 3284 2948 3357 primario,
2984 3287 3042 3343 in
3068 3302 3217 3360 opus
3254 3305 3421 3348 suum
3454 3293 3675 3365 aliquid

2033 3373 2437 3431 transfudisse.
2479 3372 2675 3429 Visum
2707 3388 2739 3429 a
2778 3373 2930 3431 Beda
2972 3375 3300 3449 Hieronymi
3340 3379 3679 3451 Martyrolo-

2031 3463 2210 3534 gium,
2226 3477 2299 3518 ex
2320 3460 2621 3534 ipsiusmet
2648 3461 2845 3519 verbis
2863 3461 3009 3519 infra
3022 3463 3274 3523 citandis
3287 3466 3493 3526 deduci
3511 3484 3678 3541 posse

2034 3550 2287 3620 videtur,
2318 3550 2432 3605 imo
2463 3562 2678 3619 negare
2718 3548 2816 3605 vix
2860 3550 3065 3621 ausim,
3109 3552 3302 3624 aliqua
3345 3560 3677 3615 sanctorum

2033 3638 2260 3695 nomina
2285 3636 2718 3693 verosimillime
2740 3651 2815 3693 ex
2838 3652 2951 3694 uno
2973 3638 3223 3696 alterum
3244 3643 3567 3701 transiisse.
3592 3649 3676 3704 An

2035 3726 2186 3782 idem
2219 3724 2290 3781 de
2319 3726 2574 3781 Romano
2618 3724 2804 3780 veteri
2834 3736 2934 3781 seu
2976 3739 3156 3797 parvo
3195 3741 3362 3800 seque
3402 3730 3672 3790 atﬂrmari

2038 3812 2236 3886 possit,
2273 3813 2460 3867 fateor
2489 3809 2627 3866 mihi
2660 3811 2905 3867 necdum
2951 3811 3337 3884 undequaque
3374 3821 3666 3890 constare,

2034 3899 2265 3957 tametsi
2289 3897 2455 3970 longa
2480 3901 2537 3954 et
2565 3897 2765 3954 sedula
2788 3896 3193 3969 disquisitione
3216 3899 3273 3956 id
3297 3904 3527 3974 assequi
3549 3909 3670 3962 stu-

2034 3995 2357 4053 diosissime
2399 3998 2644 4051 conatus
2684 3994 2908 4051 fuerim.
2952 3992 3336 4053 Nihilominus
3366 4001 3426 4054 et
3457 4000 3670 4059 Bedam

2034 4080 2552 4153 Martyrologorum
2574 4095 2639 4137 ea
2647 4084 2751 4153 put
2773 4080 3103 4152 statuimus,
3130 4081 3303 4152 idque
3326 4083 3473 4140 adeo
3496 4088 3674 4144 maxi-

2034 4186 2144 4243 me,
2179 4170 2449 4243 quoniam
2480 4168 2757 4239 singulari
2798 4168 3001 4226 ordine
3040 4173 3100 4225 et
3139 4169 3307 4241 style
3338 4172 3677 4246 Martyrolo-

2031 4260 2189 4331 gium
2232 4258 2550 4331 proprium,
2592 4261 2653 4314 ut
2696 4256 3108 4328 incompletum
3148 4258 3476 4331 adornavit,
3520 4266 3672 4334 quod

2034 4347 2281 4417 primum
2307 4358 2337 4399 a
2362 4342 2547 4414 Floro,
2570 4342 2704 4399 inde
2726 4344 2798 4399 ab
2821 4342 2952 4400 aliis
2968 4348 3224 4415 auctum,
3251 4360 3397 4416 pene
3420 4347 3674 4405 dicerem

2036 4434 2441 4502 deformatum,
2474 4430 2720 4501 vestigia
2752 4434 2944 4489 tamen
2976 4431 3167 4502 aliqua
3200 4447 3429 4505 semper
3456 4442 3671 4507 servat,

284 4489 1402 4594 parvum,Rabanumjvandalbertum,
1419 4489 1696 4590 Adonem,
1715 4521 1925 4575 Usuar-
1949 4489 2003 4549 Ῑ)
2034 4533 2109 4573 ex
2131 4516 2343 4588 quibus
2372 4489 2444 4572 ab
2465 4514 2595 4573 aliis
2615 4489 2893 4586 distingui
2919 4489 3121 4587 possit,
3149 4520 3212 4574 ut
3241 4489 3677 4578 ant‘eiine—accu1

283 4610 417 4668 dum
459 4615 521 4667 et
560 4611 897 4668 Notkerum.
934 4611 1228 4677 Quaeritur
1261 4608 1353 4667 hic
1385 4608 1646 4679 quisnam
1680 4606 1833 4662 inter
1863 4605 1929 4661 il-

284 4698 370 4758 los
395 4698 566 4770 ordo,
608 4699 795 4757 dicam
834 4715 905 4757 an
946 4698 1368 4768 subordinatio,
1418 4696 1516 4768 qui
1558 4694 1778 4767 proavi,
1828 4694 1927 4766 qui

284 4791 503 4859 patres,
538 4786 637 4858 qui
670 4786 792 4859 ﬁlii,
826 4788 924 4859 qui
950 4785 1181 4857 cognati
1210 4803 1225 4853 ;
1257 4785 1437 4842 verbo
1468 4782 1677 4853 dicam,
1711 4796 1825 4853 quo
1866 4794 1928 4838 se

285 4873 339 4930 in
371 4874 558 4931 vicem
588 4873 1045 4946 propinquitatis
1071 4872 1257 4943 gradu
1287 4871 1674 4941 contingant?

351 4967 442 5020 12.
476 4962 598 5032 Ego
638 4961 720 5019 sic
748 4960 1037 5031 existimo,
1071 4960 1143 5016 ad
1175 4960 1287 5015 tria
1320 4958 1680 5031 potissimum
1711 4956 1925 5029 capita,

285 5051 537 5121 radices,
570 5048 823 5121 stipites,
865 5063 967 5105 seu
1008 5049 1197 5105 fontes
1233 5046 1434 5103 reduci
1483 5044 1714 5102 omnino
1761 5058 1929 5116 posse

285 5136 709 5211 lartyrologos
718 5150 939 5208 omnes,
955 5151 1056 5194 seu
1071 5135 1265 5208 potius
1275 5148 1475 5191 eorum
1498 5134 1639 5188 Mart
1649 5131 1926 5203 yrologia,

288 5239 534 5298 quorum
557 5222 798 5294 surculi,
824 5224 988 5295 rami,
1014 5223 1106 5280 vel
1132 5220 1303 5279 rivuli
1326 5220 1440 5278 dici
1472 5219 1743 5289 debeant,
1771 5222 1932 5289 quot-

289 5319 427 5383 quot
464 5313 581 5370 huc
623 5326 827 5384 usque,
869 5309 1365 5379 saltemalicujus
1405 5307 1654 5364 nominis
1693 5306 1929 5376 vulgata

291 5404 442 5471 sunt,
468 5398 564 5457 vel
593 5399 989 5471 manuscripts
1011 5399 1244 5454 exstant
1266 5395 1322 5451 in
1344 5394 1524 5451 variis
1538 5391 1928 5461 bibliothecis,

291 5502 361 5544 ex
384 5488 607 5560 quibus
631 5488 985 5560 apographa,
1027 5485 1098 5543 ad
1122 5486 1377 5540 Museum
1408 5485 1670 5538 nostrum
1702 5479 1773 5534 ab
1796 5478 1933 5535 ami-

291 5574 747 5647 cistransmissa,
772 5579 907 5634 auta
930 5571 1248 5645 majoribus
1269 5568 1485 5627 nostris
1506 5580 1712 5639 magno
1731 5563 1932 5624 labore

2036 4608 2163 4662 rate
2215 4604 2602 4661 observarunt
2658 4603 3056 4661 Henschenius
3110 4608 3169 4661 et
3220 4607 3672 4678 Papebrochius,

2036 4692 2171 4749 dum
2222 4690 2364 4748 illud
2415 4692 2516 4747 aut
2563 4704 2791 4762 purum,
2845 4693 2943 4747 aut
2998 4706 3143 4762 puro
3195 4692 3516 4763 proximum
3563 4692 3679 4749 edi-

2036 4779 2177 4835 dero
2201 4782 2334 4835 ante
2355 4781 2576 4833 tomum
2598 4777 2665 4832 II.
2690 4775 2878 4832 Martii
2904 4776 2974 4833 de
2990 4777 3153 4833 Actis
3172 4781 3502 4834 sanctorum
3525 4793 3676 4835 anno

2036 4870 2194 4923 1668.
2229 4867 2420 4935 Atque
2442 4863 2565 4921 haec
2597 4863 2807 4921 iterum
2840 4863 3034 4920 obiter
3064 4864 3218 4921 dicta
3243 4868 3398 4935 sunt,
3426 4866 3680 4937 propriis

2037 4952 2180 5010 locis
2210 4953 2265 5008 in
2297 4952 2470 5022 hujus
2497 4951 2707 5023 capitis
2739 4951 2988 5009 decursu
3022 4952 3261 5009 uberius
3289 4951 3675 5024 explananda.
3714 4998 3719 4999 ν

2108 5045 2194 5097 14.
2230 5042 2329 5097 Est
2362 5040 2541 5110 igitur
2571 5043 2768 5097 nostra
2811 5040 3262 5097 fundamentalis
3304 5042 3574 5112 assertio,
3607 5044 3680 5099 ab

2037 5128 2129 5185 his
2165 5127 2358 5184 tribus
2393 5127 2913 5199 Martyrologorum
2963 5127 3387 5200 quodammodo
3441 5129 3684 5202 patriar-

2038 5214 2180 5285 chis,
2197 5214 2454 5286 reliquos
2475 5229 2676 5272 omnes
2700 5214 2957 5286 legitima
2979 5215 3347 5273 successione
3369 5216 3684 5276 descende-

2040 5318 2102 5359 re
2119 5321 2134 5371 ;
2151 5302 2353 5374 quales
2365 5307 2496 5360 sunt
2512 5304 2591 5358 Ra
2601 5304 2803 5372 banus,
2820 5303 2963 5373 Ade,
2980 5302 3681 5376 Usuardus,Notkerus,.et

2041 5391 2389 5463 quicumque
2402 5390 2499 5448 alii
2514 5392 2586 5447 ab
2599 5390 3059 5460 hisce,tanquam
3075 5390 3376 5463 stipitibus
3393 5394 3681 5451 subaltere

2040 5479 2147 5550 nis,
2184 5493 2288 5536 sua
2320 5477 2711 5548 desumpsisse
2743 5476 3281 5548 deprehenduntur.
3307 5481 3390 5536 Ex
3413 5494 3523 5551 qua
3552 5488 3681 5548 pro-

2043 5566 2166 5638 prie
2198 5564 2396 5624 radice
2432 5563 2772 5637 proﬂuxerit
2805 5565 3084 5624 metrlcus
3116 5565 3216 5626 ille
3255 5562 3680 5637 Martyrologus
