3974 6150
171 801 176 806 ,
279 743 443 810 puto,
470 737 567 810 qui
591 737 722 795 hinc
745 737 878 793 inde
908 737 1067 793 varia
1109 741 1439 794 sanctorum
1481 735 1728 805 nomina,
1765 735 1916 790 forte

274 354 382 412 467
787 381 794 390 -
1231 342 1603 403 USUARDUS
1639 339 2024 400 MONACHUS
2060 336 2708 398 SANGERMANENSIS.
3569 329 3671 390 568

274 473 748 545 Wandalbertus,
789 476 954 532 certo
997 471 1366 545 exploratum
1415 485 1530 530 non
1575 470 1778 528 habeo.
1830 470 1914 526 Ex
1939 467 1996 529 A
2027 465 2250 539 pridem
2293 463 2538 521 firmiter
2577 459 2914 530 invaluerit,
2955 454 3430 526 inveteravitque
3469 453 3668 527 opinio

278 561 429 620 Beda
461 566 762 632 acceptum
795 559 1054 617 nonnulli
1085 558 1326 616 voluere
1359 577 1372 614 :
1407 559 1532 630 ipse
1569 573 1632 614 se
1671 555 1915 615 subsidii
2023 553 2497 626 Martyrologium
2529 548 2767 622 aliquod
2797 548 2872 606 ab
2901 549 3108 606 sancto
3139 546 3490 616 Hieronymo
3514 557 3666 601 com-

279 650 527 724 primum
566 665 597 706 a
639 648 806 706 Floro
845 647 1116 706 habuisse
1158 649 1392 704 fatetur.
1436 649 1555 718 Ego
1593 645 1916 716 ﬂorilegum
2025 645 2279 718 positum
2313 644 2513 701 fuisse.

2097 737 2184 792 16.
2208 735 2323 790 Pro
2345 729 2640 804 opinionis
2653 728 2770 799 jam
2787 725 3273 783 dictaavetustate
3286 723 3555 792 abusque
3567 737 3668 779 saa-

280 825 548 883 versibus
585 825 812 896 aptiora
852 824 1233 896 decerpserit,
1266 825 1337 881 de
1370 838 1485 894 quo
1515 822 1783 896 pluribus
1812 836 1918 879 suo
2028 823 2162 882 culo
2192 825 2360 880 sexto
2390 825 2510 879 stat
2542 817 2878 876 Cassiodori
2909 815 3254 883 auctoritas,
3294 827 3370 870 ex
3407 811 3562 869 libro
3602 811 3669 868 de
3705 847 3710 852 ς

283 913 410 973 loco
439 912 643 970 dicam.
687 914 762 968 At
799 918 1025 970 certum
1055 916 1164 983 est,
1198 913 1496 970 Rabanum
1525 927 1600 970 ex
1639 912 1791 970 Beda
1823 911 1921 968 de-
2029 909 2755 982 institutioneZdivinarum
2785 905 3142 975 Lectionum,
3186 919 3313 975 cap.
3349 906 3438 971 32,
3475 915 3508 958 a
3547 899 3670 958 Βοι-

283 1000 586 1072 scriptum,
610 1015 682 1058 ex
703 999 1046 1072 Hieronymo
1077 1003 1332 1072 auctum,
1357 1005 1414 1057 et
1439 1000 1732 1059 nonnullis
1763 999 1923 1058 addi-
2029 1001 2203 1061 lando
2233 1000 2510 1065 recitata;
2529 1012 2632 1070 pro
2646 993 2864 1053 saeculo
2886 993 3134 1066 septimo
3151 995 3274 1049 stat
3296 989 3663 1048 notissimum

281 1089 364 1148 tis
382 1091 483 1147 aut
514 1087 698 1148 fusius
729 1089 1015 1161 deductis,
1033 1089 1104 1146 ab
1120 1093 1360 1146 auctore
1388 1088 1742 1162 completum
1770 1101 1916 1147 esse.
2032 1090 2201 1149 Bedaa
2217 1077 3666 1154 testimonium,RetractationeinVetusapostolo-

285 1179 411 1235 Ado
449 1177 770 1248 genitorem
811 1193 974 1235 suum
1018 1177 1201 1248 digito
1247 1177 1746 1249 commonstravit,
1787 1177 1922 1234 dum
2033 1194 2180 1250 rum,
2216 1183 2392 1248 cap.1
2423 1195 2436 1230 :
2465 1175 2740 1242 «Quibus
2759 1169 3177 1242 adstipulatur,
3201 1169 3412 1240 inquit,
3436 1167 3666 1226 etliber

285 1267 602 1323 Romanum
635 1280 873 1338 parvum
903 1265 1066 1338 Operi
1101 1265 1370 1338 praefixit,
1414 1269 1475 1322 et
1506 1265 1713 1323 diebus
1743 1280 1925 1338 prope
2033 1265 2448 1337 Martyrologii,
2483 1263 2580 1334 qui
2615 1260 2770 1318 beati
2793 1258 3128 1330 Hieronymi
3157 1257 3388 1314 nomine
3419 1272 3489 1314 ac
3529 1271 3670 1329 prae-

286 1353 613 1426 singulisex
625 1369 695 1412 eo
717 1358 948 1413 sanctos
968 1369 1105 1412 suos
1124 1353 1559 1411 evidentissime
1581 1352 1921 1425 desumpsit.

287 1444 402 1501 Nec
423 1443 610 1502 minus
632 1448 860 1501 certum
881 1447 969 1500 est
992 1445 1184 1499 totum
1196 1438 1926 1513 Usuardi_Martyrologium

286 1547 361 1590 ex
373 1532 574 1590 Adone
583 1531 1340 1606 contractumﬁesse,sanctis
1353 1530 1708 1603 martyribus
1720 1527 1931 1586 Cordu-

291 1617 1680 1693 bensibus,nounullisHieronymianis,nonnullis
1694 1617 1932 1690 popula-

289 1707 474 1780 ribus,
499 1721 566 1765 ac
590 1707 790 1781 paucis
802 1706 1035 1765 aliunde
1058 1706 1299 1764 mutatis
1317 1708 1804 1776 coagmentatum.
1833 1705 1934 1760 Be-

2039 1357 2254 1414 fatione
2277 1351 2634 1421 attitulatur,
2663 1347 3097 1420 quamvisidem
3116 1347 3500 1417 Hieronymus
3521 1344 3678 1404 illius

2039 1446 2174 1502 libri
2208 1458 2322 1500 non
2354 1445 2578 1511 auctor,
2605 1438 2706 1496 sed
2730 1438 3043 1509 interpres,
3069 1435 3354 1494 Eusebius
3371 1439 3567 1493 autem
3589 1449 3682 1492 au-

2039 1541 2170 1595 ctor
2199 1533 2498 1592 exstitisse
2530 1532 2804 1587 narretur
2835 1548 2850 1584 :
2883 1546 2914 1583 ››
2945 1526 3196 1584 Manavit
3226 1525 3438 1582 deinde
3479 1525 3538 1581 in
3587 1539 3683 1597 po-

2039 1620 2496 1693 steros‘praefata
2517 1617 2735 1690 opinio,
2761 1613 3128 1672 aWalafrido
3157 1612 3447 1669 Strabone
3477 1615 3540 1668 et
3569 1610 3684 1684 ple-

2041 1712 2243 1782 risque
2260 1707 2461 1768 saeculi
2475 1705 2608 1763 noni
2623 1701 3049 1776 Martyrologis,
3065 1699 3476 1758 disertissimis
3487 1700 3680 1757 verbis

291 1795 422 1853 dam
445 1795 621 1852 etiam
645 1799 912 1878 secutum
933 1809 998 1853 se
1021 1795 1198 1852 fuisse
1219 1792 1813 1866 testatur,Usuardus,
1849 1792 1933 1849 id-
1958 1818 2013 1878 Β
2043 1799 2404 1867 confirmata,
2431 1794 2781 1864 duravitque
2801 1792 3106 1861 hactenus,
3123 1789 3357 1847 tametsi
3385 1802 3491 1860 per
3503 1787 3681 1845 multa

292 1899 404 1956 que
437 1884 494 1940 in
532 1875 1040 1942 observationibus
1081 1884 1318 1954 nostris,
1372 1883 1507 1940 dum
1537 1882 1781 1956 locutus
1819 1884 1930 1951 est,

291 1970 495 2030 sedulo
508 1969 1289 2030 adnotamus.Veru1ntamen
1305 1970 1558 2028 Adonem
1575 1974 1797 2042 patrem
1811 1967 1937 2038 ejus

291 2075 396 2119 seu
417 2075 620 2119 verum
645 2061 860 2118 fontem
891 2059 1275 2130 declaramus,
1303 2073 1377 2116 ex
1409 2073 1522 2130 quo
1544 2062 1733 2116 totum
1758 2058 1937 2115 ferme

296 2149 766 2220 Martyrologium
779 2148 906 2219 ejus
928 2149 1251 2212 dimanasse
1274 2147 1666 2204 indubitatum
1690 2145 1938 2203 arbitra-

297 2253 446 2296 mur.
462 2237 752 2295 Notkerus
775 2237 1024 2307 denique
1047 2229 1340 2307 praecipua
1355 2249 1600 2306 qumque
1613 2233 1938 2291 exlaudato

297 2327 498 2385 Adone
530 2325 854 2397 transtulit,
887 2340 1000 2382 non
1032 2339 1214 2396 pauca
1254 2338 1328 2380 ex
1367 2324 1602 2380 Rabano
1641 2337 1743 2380 sua
1777 2322 1935 2391 fecit,

296 2413 498 2472 multis
517 2428 591 2471 ex
608 2414 956 2486 Hieronymo
969 2411 1042 2470 ad
1060 2409 1438 2483 complendos
1451 2408 1810 2480 singulorum
1828 2409 1941 2466 die-

296 2517 424 2561 rum
446 2501 738 2560 indiculos
756 2501 1028 2559 corrasis.
1062 2502 1252 2571 Atque
1284 2499 1372 2555 ba:
1403 2498 1648 2555 totidem
1680 2497 1940 2570 proposi-

295 2590 487 2648 tiones
515 2594 671 2660 sunt,
705 2593 904 2646 nostra
935 2589 1042 2645 hac
1074 2583 1434 2660 praefatione,
1467 2585 1656 2656 quoad
1701 2599 1796 2642 res
1822 2585 1940 2641 exi-

294 2679 402 2750 git,
437 2682 536 2739 aut
568 2692 598 2732 a
632 2675 1043 2735 decessoribus
1067 2673 1287 2732 nostris
1309 2673 1427 2744 jam
1460 2673 1785 2744 praestitum
1825 2687 1940 2730 non

297 2766 429 2838 fuit,
464 2765 740 2825 distincte
770 2767 829 2822 et
857 2763 1063 2822 ordine
1095 2761 1582 2820 demonstrandae.

886 2868 1277 2925 ARTICULUS
1313 2867 1354 2922 1.

357 2958 449 3017 De
471 2954 902 3030 Mm'tyrologii
928 2951 1394 3026 Hieronymum
1424 2951 1882 3025 exemplaribus.

395 3046 419 3100 ε
439 3043 479 3091 Ι.
497 3067 550 3078 -
570 3043 641 3090 De
658 3043 934 3100 maioribus
951 3042 1011 3088 ab
1031 3041 1245 3088 Acherio
1264 3043 1317 3086 et
1332 3039 1658 3087 Florientinio
1675 3039 1845 3086 editis.

368 3122 456 3174 15.
483 3118 544 3172 In
569 3114 802 3172 laudata
825 3115 1158 3186 nuperrime
1175 3113 1514 3184 praefatione
1529 3111 1811 3182 generali,
1826 3115 1936 3181 0.4,

299 3166 1944 3273 maniam}."saginam;"namsuniat;
1971 3166 2022 3230 ο

299 3289 668 3361 elucidaudo,
695 3289 850 3362 quod
873 3289 984 3346 sub
1005 3287 1237 3345 Eusebii
1259 3291 1316 3343 et
1349 3286 1676 3357 Hieronymi
1711 3286 1941 3342 nomine

296 3378 476 3448 venit,
514 3376 921 3446 Martyrologio
947 3394 962 3441 ;
993 3375 1093 3432 ubi
1127 3375 1373 3446 primum
1398 3375 1637 3443 fatetur,
1663 3388 1775 3430 non
1799 3373 1942 3430 satis

300 3465 559 3538 probari,
596 3463 750 3534 quod
783 3462 900 3519 tale
927 3461 1398 3532 Martyrologium
1439 3461 1512 3518 ab
1552 3461 1800 3518 Eusebio
1842 3477 1943 3518 un-

301 3566 472 3624 quam
504 3551 784 3623 scriptum
816 3551 1012 3620 fuerit,
1047 3566 1151 3609 nec
1185 3551 1244 3606 id
1273 3564 1344 3606 ex
1385 3549 1638 3622 epistola
1679 3550 1940 3620 Gregorii

302 3639 374 3698 ad
396 3639 697 3712 Eulogium
720 3645 922 3714 aperte
946 3640 1175 3698 deduci.
1200 3641 1440 3710 Rursus,
1459 3641 1941 3696 neccertumesse

302 3731 687 3791 Eusebianum
719 3745 819 3788 seu
851 3729 1321 3803 Martyrologium
1355 3743 1454 3786 seu
1488 3729 1559 3786 de
1589 3727 1943 3800 martyribus

301 3819 798 3891 commentarium,
825 3821 897 3877 ab
920 3820 1266 3891 Hieronymo
1285 3831 1540 3887 versum,
1566 3820 1664 3873 aut
1689 3815 1846 3873 aliud
1869 3815 1941 3872 ab

301 3916 504 3969 sancto
518 3910 760 3968 doctore
775 3910 1056 3980 scriptum
1074 3906 1536 3978 fuissequidquid
1555 3905 1611 3962 id
1627 3904 1805 3976 aliqui
1817 3919 1946 3962 con-

299 3999 828 4055 ilciexistimentex
843 3999 1056 4054 famosa
1083 3995 1396 4050 Chromatii
1420 4009 1484 4050 ac
1509 3992 1802 4049 Heliodori
1824 3992 1942 4064 epi-

301 4096 604 4152 scoporum
628 4081 697 4137 ad
715 4082 1124 4150 Hieronymum
1137 4077 1406 4148 epistola,
1423 4082 1480 4132 et
1497 4077 1682 4133 altera
1699 4077 1770 4132 ad
1785 4077 1944 4148 ipsos

299 4168 629 4239 Hieronymi
661 4165 1066 4238 responsoria;
1103 4167 1308 4237 utpote
1336 4179 1466 4221 cum
1499 4168 1806 4234 utramque
1847 4165 1944 4219 Ba-

301 4271 503 4316 ronius
551 4255 755 4314 solidis
801 4253 1162 4326 argumentis
1209 4252 1660 4310 commentitiam
1711 4251 1943 4309 demon-

302 4344 618 4411 straverit;
651 4343 804 4400 unde
826 4342 873 4400 si
897 4356 1033 4398 vera
1056 4355 1307 4412 unquam
1341 4341 1669 4399 istiusmodi
1693 4339 1940 4413 epistola

301 4451 332 4494 a
377 4433 724 4494 Cassiodoro
753 4430 933 4490 citata
968 4429 1163 4500 fuerit,
1196 4444 1321 4486 eam
1356 4429 1730 4487 intercidisse
1761 4430 1942 4486 faten-

2045 1886 2260 1947 saecula
2283 1884 2480 1944 nullus
2503 1883 2780 1954 deinceps
2809 1881 2881 1938 de
2918 1877 3329 1950 Martyrologio
3353 1877 3468 1948 isto
3495 1877 3684 1934 memi-

2046 1976 2222 2046 nerit,
2248 1989 2356 2031 uec
2388 1971 2688 2042 Baronius,
2723 1968 2983 2026 adhibita
3019 1967 3328 2038 quantavis
3358 1965 3682 2036 diligentia,

2049 2067 2338 2134 integrum
2359 2075 2599 2133 usquam
2631 2057 2894 2131 reperire
2928 2055 3218 2128 potuerit;
3239 2055 3428 2112 donec
3449 2054 3687 2126 ipsume

2049 2152 2312 2210 Cartusia
2342 2148 2668 2207 Trevirensi
2700 2145 2952 2202 feliciter
2981 2144 3217 2202 tandem
3234 2143 3394 2202 eruit
3414 2143 3690 2214 Roswey-

2048 2242 2160 2298 dus
2180 2245 2400 2310 noster,
2420 2236 2818 2295 vetustissimo
2831 2235 3174 2292 charactere
3185 2229 3692 2302 exaratum,quale

2050 2328 2237 2384 media
2279 2328 2400 2382 fere
2439 2328 2604 2395 parte
2649 2323 2830 2379 aeneis
2865 2319 3098 2377 laminis
3136 2321 3478 2391 eiipressum
3519 2317 3692 2374 habe-

2050 2429 2195 2486 mus,
2230 2411 2591 2483 autographo
2623 2410 2748 2482 ipso
2779 2409 2850 2465 ad
2880 2409 3369 2479 Epternacences,
3399 2405 3503 2476 qui
3535 2404 3692 2463 codi-

2051 2516 2176 2559 cem
2207 2515 2374 2558 suum
2406 2498 2786 2570 repetierant,
2820 2509 2970 2552 anno
2998 2495 3227 2552 demum
3257 2497 3398 2551 1668
3419 2492 3686 2550 remisso.

2050 2591 2221 2648 Hisce
2252 2589 2386 2646 addi
2423 2590 2663 2660 possunt
2693 2599 2820 2658 qum
2851 2583 2908 2640 in
2939 2583 3179 2655 prologo
3209 2581 3281 2638 ad
3323 2581 3539 2638 Bedam
3580 2581 3692 2638 dis-

2051 2679 2236 2738 seruit
2267 2675 2702 2748 Papebrochius
2725 2691 2739 2740 ;
2773 2689 2877 2730 nos
2896 2673 2992 2730 hic
3009 2669 3350 2728 Bollandum
3368 2670 3690 2742 sequimur,

2050 2769 2219 2838 cujus
2248 2766 2372 2823 hac
2401 2765 2578 2822 verba
2611 2761 2866 2820 describi
2899 2763 3216 2818 merentur.

2122 2861 2209 2912 17.
2246 2873 2276 2909 «
2307 2852 2462 2910 Folia
2493 2853 2718 2924 aliquot
2745 2864 2963 2908 excusa
3005 2853 3070 2905 ut
3110 2848 3260 2906 vidit
3291 2847 3364 2905 ad
3413 2862 3477 2906 se
3521 2862 3554 2906 a
3583 2849 3698 2906 llo-

2052 2947 2182 3001 reto
2205 2943 2400 3016 (cujus
2412 2941 2685 3015 expansis
2695 2938 3072 2998 codeziilein
3097 2951 3176 2996 ωε
3203 2936 3398 2996 incidi
3415 2938 3698 3010 ceperat)

2051 3032 2228 3090 missa
2261 3030 2717 3088 Bartholomzeus
2737 3029 3048 3096 Gavantus,
3074 3024 3452 3098 provincialis
3476 3040 3700 3098 praepo—

2051 3121 2201 3177 situs
2256 3117 2731 3188 congregationis
2787 3115 3147 3173 Clericorum
3204 3113 3588 3185 Regularium
3639 3115 3696 3171 S.

2051 3207 2237 3278 Pauli,
2253 3211 2314 3263 et
2330 3221 2512 3264 sacrm
2526 3207 2796 3263 Romanae
2809 3205 2900 3261 Rit
2912 3217 3046 3262 uum
3069 3202 3549 3273 congregationis
3565 3218 3704 3261 con-

2052 3295 2260 3365 sultor,
2277 3294 2519 3351 mirifice
2541 3292 2826 3365 probavit,
2847 3291 3202 3362 scripsitque
3225 3289 3296 3346 de
3321 3289 3422 3347 illo
3443 3289 3518 3346 ad
3541 3304 3704 3348 eum-

2052 3382 2182 3439 dem
2207 3383 2487 3438 Moretum
2520 3380 2719 3451 plures
2745 3378 3048 3450 epistolas,
3075 3392 3221 3448 quas
3240 3376 3385 3447 legi;
3410 3375 3563 3434 alias
3579 3376 3706 3450 opi-

2052 3469 2176 3526 nari
2211 3484 2292 3539 se,
2328 3467 2572 3540 reliquis
2599 3467 2833 3538 collegii
2865 3465 3026 3523 illius
3059 3467 3182 3524 sive
3220 3465 3707 3536 congregationis

2053 3555 2500 3629 sapientissimis
2513 3554 2655 3612 viris
2667 3553 3137 3626 Martyrologium
3151 3553 3294 3610 illud
3312 3568 3495 3610 unus
3511 3569 3708 3612 PLACI-

2051 3661 2270 3712 TUBUM;
2296 3643 2442 3700 alias
2475 3658 2707 3700 smnus
2758 3657 3106 3712 PERITIOHBS,
3149 3656 3307 3698 unus
3343 3655 3490 3698 πολε
3531 3642 3708 3700 Cluu-

2052 3748 2262 3790 srmm
2291 3729 2653 3788 nervosum.
2689 3729 2800 3786 Alii
2842 3743 3074 3800 quoque
3112 3727 3224 3785 viri
3255 3727 3476 3786 eruditi
3527 3729 3708 3786 vehe-

2053 3823 2281 3876 menter
2314 3817 2371 3874 id
2401 3818 2736 3888 laudarunt,
2762 3820 2827 3874 ut
2846 3814 3191 3887 praeclarum
3221 3829 3406 3872 sacra)
3441 3815 3708 3888 antiqui-

2053 3908 2193 3965 tatis
2223 3910 2676 3964 monumentum.
2711 3923 2740 3957 »
2771 3906 2850 3960 Tu
2883 3904 3015 3960 vide
3043 3903 3124 3959 ibi
3156 3901 3403 3974 reliqua,
3459 3918 3599 3974 quae
3648 3905 3708 3964 in

2053 3995 2281 4067 praefati
2327 3993 2550 4051 codicis
2597 3991 3157 4050 commendationem
3203 3989 3473 4062 pluribus
3511 3992 3708 4050 nitide

2053 4082 2368 4140 Bollandus
2393 4081 2787 4153 prosequitur.
2810 4081 2871 4135 In
2895 4079 3136 4136 Gavanti
3159 4079 3545 4151 Bollandique
3580 4096 3712 4140 sen-

2051 4171 2294 4227 tentiam
2319 4170 2478 4226 ivere
2495 4167 2775 4240 deinceps
2791 4166 3012 4224 eruditi
3031 4181 3249 4237 omnes,
3277 4166 3485 4224 saltem
3499 4170 3712 4228 ortho-

2052 4259 2207 4330 doxi,
2241 4261 2289 4317 si
2319 4273 2539 4331 paucos
2566 4259 2847 4330 excipias,
2883 4257 3002 4328 qui,
3045 4255 3490 4314 contradicendi
3521 4260 3711 4329 genio

2051 4346 2235 4417 ducti,
2257 4346 2396 4404 licet
2419 4361 2538 4403 rem
2562 4347 2743 4418 ipsam
2769 4345 3102 4416 improbare
3125 4344 3358 4401 omnino
3379 4359 3495 4402 non
3520 4348 3711 4405 aude-

2050 4439 2202 4505 rent,
2228 4434 2463 4492 titulum
2495 4435 2772 4492 arrodere
2804 4433 3061 4504 aggressi
3084 4436 3249 4498 sunt;
3284 4432 3432 4489 forte
3455 4434 3602 4504 quia
3625 4436 3709 4493 ibi

301 4524 436 4582 dum
449 4523 640 4580 est.Et
661 4522 783 4580 haec
808 4521 1039 4594 quidem
1059 4519 1419 4578 communior
1440 4521 1612 4577 hodie
1633 4521 1938 4578 doctorum
1968 4512 2020 4572 D
2049 4522 2896 4595 agnoscitBollandus,nullum
2909 4525 3136 4578 certum
3150 4525 3560 4591 argumentum
3573 4538 3713 4597 sup-

300 4613 558 4670 virorum
591 4609 900 4681 sententia,
934 4609 1026 4666 cui
1061 4613 1254 4666 tamen
1282 4606 1604 4666 contradici
1635 4623 1825 4679 posse,
1857 4608 1941 4664 di-

298 4705 545 4773 ctasque
572 4698 856 4771 epistolas
885 4713 914 4754 a
949 4695 1354 4770 suppositione
1385 4699 1677 4766 utcunque
1700 4695 1936 4768 salvari,

299 4789 569 4863 operosis
599 4787 1074 4846 annotationibus
1091 4785 1402 4843 ostendere
1431 4787 1680 4841 conatur
1710 4783 1942 4840 Floren-

300 4877 481 4935 tinius
510 4891 541 4934 a
583 4889 710 4949 pag.
756 4879 842 4932 57.
875 4874 1161 4930 Οωιθιιιιιη
1192 4872 1484 4944 pendente
1512 4871 1839 4930 adhucdum
1872 4886 1940 4929 ea

300 4962 425 5034 lite,
470 4979 545 5022 ex
575 4961 901 5023 Cassiodori
930 4961 1263 5019 testimonio
1294 4960 1349 5016 id
1388 4960 1664 5032 consequi
1706 4961 1940 5018 omnino

301 5049 556 5122 videtur,
591 5050 908 5111 indiculum
949 5049 1200 5120 aliquem
1242 5063 1343 5106 seu
1385 5049 1588 5106 Fastos
1629 5049 1702 5105 ab
1741 5049 1941 5106 Hiero-

303 5147 473 5204 nymo
505 5141 901 5210 concinnatos,
927 5138 1049 5195 sive
1073 5137 1184 5194 sub
1214 5135 1499 5208 epistolae,
1533 5137 1652 5194 sive
1683 5139 1792 5196 sub
1825 5137 1938 5196 alio

303 5219 510 5290 quovis
537 5223 730 5297 titulo,
765 5223 1082 5298 descriptis
1105 5223 1350 5280 fortasse
1372 5237 1571 5280 eorum
1595 5227 1939 5284 Sanctorum

219 5315 226 5318 '
303 5303 648 5377 nominibus,
694 5327 939 5382 quorum
980 5313 1036 5370 in
1084 5310 1321 5369 Eusebii
1360 5309 1727 5382 collectione,
1773 5313 1940 5383 cujus

302 5391 589 5454 Eusebius
623 5394 750 5466 ipse
785 5399 886 5456 lib.
929 5417 1002 5472 iv,
1044 5417 1170 5475 cap.
1196 5404 1283 5472 14,
1307 5402 1364 5456 et
1390 5399 1489 5458 lib.
1517 5416 1568 5471 v,
1593 5414 1720 5474 cap.
1762 5405 1850 5470 20,
1880 5405 1938 5457 et

305 5480 379 5538 ad
401 5479 737 5552 Gregorium
760 5483 1036 5555 Eulogius
1049 5489 1363 5547 meminere
1379 5505 1394 5556 ;
1409 5488 1937 5562 quorum,inquam,

305 5569 383 5627 ibi
406 5568 547 5627 Acta
565 5567 895 5638 exstabant,
930 5570 1060 5630 aliis
1077 5575 1149 5630 de
1168 5579 1270 5634 tuo
1290 5591 1355 5635 su
1364 5575 1708 5650 peradditis,
1730 5589 1804 5634 ex
1825 5589 1940 5646 quo

2050 4616 2397 4685 petere,quo
2412 4611 2890 4684 Martyrologium
2909 4611 2982 4666 ab
3004 4612 3210 4667 sancto
3227 4609 3584 4680 Hieronymo
3611 4627 3713 4670 ve-

2050 4715 2113 4757 re
2127 4715 2255 4759 esse
2270 4701 2657 4773 compositum
2675 4700 2822 4757 satis
2837 4697 3070 4756 suaderi
3096 4701 3291 4769 queat,
3314 4703 3371 4754 ct
3395 4699 3534 4770 quia
3556 4700 3712 4758 fate-

2049 4792 2166 4858 tur,
2192 4793 2256 4846 ut
2271 4789 2636 4846 verissimum
2650 4792 2759 4857 est,
2781 4786 2962 4844 multa
2979 4786 3278 4844 recentius
3291 4785 3544 4857 adjecta,
3569 4803 3711 4860 quae

2047 4875 2396 4947 Hieronymo
2419 4875 2668 4932 adscribi
2703 4889 2942 4947 prorsus
2972 4878 3285 4945 nequeant,
3321 4874 3713 4945 quemadmo-

2049 4963 2184 5020 dum
2197 4977 2270 5019 ex
2284 4963 2700 5034 speciminibus
2715 4963 2796 5020 ibi
2819 4963 3104 5034 appositis
3123 4962 3445 5020 clarissime
3468 4961 3714 5024 elimos-

2048 5051 2370 5108 cit.Verum
2385 5051 2681 5108 enimvero
2696 5050 2834 5122 quid
2849 5051 3078 5108 demum
3093 5049 3514 5122 rempublicam
3536 5050 3586 5108 li
3598 5058 3714 5111 tte-

2048 5139 2389 5210 rariam,aut
2409 5139 2578 5197 fidem
2593 5138 2950 5198 Catholicam
2963 5133 3300 5196 detrimenti
3314 5152 3452 5196 accc
3459 5143 3570 5210 ptu
3579 5155 3712 5199 ram

2048 5226 2355 5286 credidere
2371 5227 2481 5284 viri
2503 5227 2586 5284 illi
2607 5227 2950 5298 doctissimi,
2973 5242 3046 5284 ex
3067 5242 3137 5285 eo
3171 5226 3326 5300 quod
3356 5226 3712 5302 Hieronymi

2049 5329 2254 5374 nomen
2276 5315 2329 5372 ei
2362 5314 2772 5388 Martyrologio
2802 5315 3123 5387 ascriptum
3157 5319 3526 5387 paterentur,
3564 5332 3710 5376 cum

2049 5403 2387 5476 impedituri
2428 5418 2719 5476 nunquam
2768 5405 2904 5473 sint,
2946 5402 3256 5474 quominus
3293 5406 3426 5476 post
3467 5405 3714 5464 Cassio-

2049 5488 2275 5562 dorum,
2309 5489 2542 5562 Bedam,
2574 5488 2971 5561 Walafridum,
3015 5490 3293 5562 Adonem,
3338 5491 3710 5564 Usuardum,

2049 5578 2365 5638 Notkerum
2393 5584 2450 5638 et
2485 5578 2648 5651 alios,
2686 5577 3193 5652 Hieronymianum
3227 5581 3516 5656 perpetuo
3548 5592 3712 5640 nun-
