3974 6150
259 284 367 355 ᾅϐῦ

1688 280 2232 343 PROLEGOMENA.

3559 297 3662 357 470

254 410 535 482 cupetur.
570 407 705 465 Haec
737 404 1101 479 paucissimis
1121 410 1180 464 et
1211 407 1429 465 cursim
1460 406 1685 476 delibo;
1716 406 1815 479 qui
1838 406 1910 465 de
1938 405 1997 469 Α
2025 407 2208 467 cisum
2242 408 2338 482 iri,
2370 408 2676 470 codicibus
2707 384 2853 484 ipsis
2886 394 3381 495 tribuendo,‘quae
3410 432 3442 477 a
3474 418 3660 493 primo

253 497 351 556 his
396 496 723 568 longiorem
759 510 1084 553 sermonem
1126 495 1443 569 desiderat,
1475 497 1648 555 adeat
1675 496 1908 555 Floren-

250 586 465 645 tinium
497 586 554 643 in
594 585 1100 643 Admonitionibus
1128 585 1387 658 praeviis,
1409 586 1735 658 praesertim
1763 591 1816 658 3,
1850 592 1902 657 5,

249 679 309 733 et
343 681 401 746 6,
438 690 585 748 quas
623 674 715 732 hic
746 674 1105 747 describere,
1137 680 1195 732 et
1236 675 1292 731 in
1325 674 1729 748 compendium
1769 689 1906 732 con-

246 764 495 822 trahere
523 778 630 821 nec
660 766 848 833 vacat,
892 776 999 820 nec
1035 763 1267 820 omnino
1309 763 1465 821 lucet
1497 764 1570 821 de
1596 777 1737 821 voce
1771 778 1905 821 con-

246 852 571 911 tentiosius
602 852 953 923 disceptare.

320 946 416 1000 18.
441 943 628 999 Unum
651 940 786 998 novi
814 940 1162 1012 scriptorem
1176 940 1553 1012 catholicum,
1581 940 1679 1013 qui
1703 939 1902 998 dedita

246 1044 435 1104 opera
466 1029 958 1100 Martyrologium,
984 1043 1099 1100 quo
1120 1029 1191 1086 de
1214 1030 1455 1101 agimus,
1495 1030 1780 1102 impetere
1812 1045 1906 1087 au-

245 1135 354 1178 sus
384 1119 582 1190 fuerit,
619 1118 926 1175 Henricum
957 1117 1269 1189 Valesium,
1316 1118 1594 1188 singulari
1628 1118 1903 1197 disserta-

245 1208 550 1266 tionesuis
572 1207 628 1263 in
651 1206 964 1264 Eusebium
986 1206 1497 1265 observationibus
1522 1207 1745 1264 adnexa
1770 1221 1895 1279 pag.

243 1300 308 1355 31
321 1302 379 1366 δ,
401 1296 500 1355 ubi
519 1295 907 1356 subdititiwm
929 1294 1148 1353 librat/nt
1170 1299 1357 1366 vocat,
1382 1296 1671 1369 quifalso
1689 1296 1902 1353 Hiero-

242 1399 428 1459 nymo
448 1384 813 1444 ascribatm'.
830 1385 946 1440 Hoc
969 1387 1163 1441 autem
1178 1383 1326 1441 duce
1340 1385 1493 1442 fretu
1503 1399 1553 1455 s,
1571 1384 1627 1441 in
1649 1398 1897 1455 omnem,

240 1479 309 1531 ut
334 1473 425 1544 ﬁt,
447 1472 813 1530 orthodoxos
840 1472 1162 1544 scriptores
1186 1471 1498 1543 sugillandi
1521 1472 1895 1530 occasionem

243 1561 519 1620 intentus
548 1561 791 1619 Mathias
818 1560 1032 1632 aliquis
1052 1559 1396 1618 Fredericus
1418 1561 1681 1632 Beckius,
1717 1561 1774 1618 in
1796 1576 1900 1619 suo

242 1649 320 1706 ad
353 1649 554 1707 nescio
585 1648 742 1721 quod
782 1648 1192 1706 Kalendarium
1222 1648 1621 1705 Germanicum
1655 1649 1898 1720 (quo.ei

2017 504 2257 559 auctore
2323 500 2652 558 certissime
2711 503 3058 561 removenda
3121 510 3275 564 sunt.
3341 508 3425 567 En
3487 509 3659 568 modo

2016 588 2465 647 Florentinianm
2495 589 2918 649 lucubrationis
2949 591 3255 664 aliqualem
3286 598 3556 668 efﬁgiem.
3644 622 3655 636 ι·

2086 682 2172 735 20.
2207 680 2367 735 Inter
2395 678 2589 735 varias
2619 678 3043 741 admonitiones
3071 683 3337 755 praevias,
3371 692 3533 744 sexta
3564 703 3656 746 or-

2015 765 2150 822 dine
2187 770 2307 823 tota
2340 766 2463 824 fere
2494 766 2807 825 insumitur
2838 767 3222 839 depingendis
3254 772 3482 832 duobus
3506 778 3656 833 codi-

2011 854 2179 911 cibus
2209 855 2689 927 Hieronymianis,
2723 857 2890 913 Lucae
2935 862 3035 913 aut
3074 858 3129 913 in
3162 858 3349 917 vicina
3381 864 3653 935 repertis,

2012 943 2110 1014 qui
2144 942 2236 1000 vel
2266 957 2340 999 ex
2369 942 2550 1000 Gallia
2581 957 2652 1001 eo
2691 943 2875 1016 allati,
2918 945 3012 1003 vel
3053 960 3127 1002 ex
3169 947 3365 1020 aliquo
3405 953 3653 1008 coenobii

2013 1030 2473 1090 Fontanellensis
2509 1033 2844 1105 apographa
2884 1032 3163 1108 descripti
3206 1038 3458 1110 fuerant,
3494 1044 3657 1098 certe

2011 1120 2091 1177 ita
2114 1124 2282 1178 erant
2316 1120 2554 1193 similes,
2588 1126 2651 1178 ut
2679 1122 2772 1180 vel
2803 1136 2878 1179 ex
2905 1124 3110 1181 eodem
3150 1125 3470 1199 exemplari
3497 1142 3660 1187 acce-

2012 1214 2163 1281 ptos,
2197 1210 2290 1267 vel
2331 1208 2581 1267 alterum
2612 1224 2687 1267 ex
2713 1210 2900 1269 altero
2931 1211 3291 1285 descriptum
3332 1224 3460 1274 esse
3491 1232 3660 1290 opor-

2009 1301 2185 1355 teret.
2219 1299 2335 1356 Hos
2366 1299 2490 1371 ipse
2520 1303 2747 1370 nactus,
2780 1305 2845 1357 ut
2874 1305 3001 1357 erat
3032 1301 3123 1358 vir
3152 1317 3348 1360 rerum
3387 1305 3661 1364 ecclesia-

2009 1387 2287 1444 sticarum
2320 1387 2690 1459 antiquarum
2721 1388 3201 1462 studiosissimus,
3233 1394 3660 1453 communicato

2010 1489 2141 1532 cum
2172 1476 2235 1532 V.
2264 1477 2321 1533 C.
2352 1477 2502 1533 Luca
2526 1475 2829 1533 Holstenio
2852 1476 3096 1549 aliisque
3119 1478 3369 1538 eruditis
3389 1482 3654 1553 consilio,

2010 1568 2254 1636 accepto
2300 1564 2546 1622 subinde
2596 1579 2627 1622 a
2687 1565 3004 1637 majoribus
3048 1568 3283 1640 nostris,
3344 1568 3659 1641 aliquando

2010 1652 2163 1724 apud
2195 1652 2384 1725 ipsum
2424 1652 2759 1725 hospitatis,
2800 1655 3180 1713 vetustissimi
3221 1656 3379 1715 illius
3413 1660 3658 1717 Antuer-

245 1738 448 1810 placet
464 1737 936 1809 Martyrologium
950 1737 1273 1810 appellare)
1286 1737 1749 1794 commentarioa
1766 1751 1895 1810 pag.
1928 1757 1983 1819 Β
2014 1740 2232 1812 piensis
2253 1755 2355 1798 seu
2378 1742 2847 1814 Epternacensis,
2864 1744 2971 1802 sub
2993 1744 3220 1803 initium
3242 1745 3440 1804 saeculi
3463 1748 3655 1807 octavi

243 1819 342 1898 11,
363 1825 550 1885 multa
577 1826 861 1897 congerit,
879 1840 991 1897 quo
1005 1826 1257 1896 majores
1277 1829 1514 1883 nostros
1532 1828 1753 1883 temere
1773 1840 1899 1883 car-

246 1914 465 1987 pendo,
490 1914 788 1972 laudatum
811 1913 1286 1986 Martyrologium
1321 1912 1664 1985 Hieronymo
1686 1928 1899 1985 nequa-

244 2017 421 2074 quam
442 2001 853 2059 ascribendum
873 2001 1180 2068 ostendat;
1214 2000 1391 2072 idque
1422 2016 1496 2057 ex
1519 2001 1746 2058 cavillis
1766 2016 1898 2058 non-

242 2090 453 2161 nullis,
471 2105 617 2163 quos
640 2090 776 2148 hinc
799 2090 931 2147 inde
952 2104 1026 2146 ex
1049 2089 1389 2146 Florentinii
1410 2089 1772 2161 aliorumque
1793 2089 1896 2148 du-

245 2178 642 2236 bitationibus
665 2177 893 2235 sincere
918 2177 1252 2250 propositis,
1270 2177 1481 2234 acriori
1514 2178 1636 2249 ipse
1657 2182 1714 2234 et
1745 2192 1894 2235 mor-

242 2267 472 2325 daciori
494 2266 613 2325 sale
631 2266 933 2339 inspergit.
963 2270 1033 2324 At
1060 2266 1205 2323 tanti
1230 2267 1339 2324 hoc
1362 2281 1475 2324 non
1489 2271 1604 2337 cst,
1634 2270 1695 2324 ut
1730 2281 1895 2338 argu-

242 2354 609 2414 tatiunculas
627 2357 756 2426 ejus
773 2370 976 2412 omnes
999 2360 1099 2414 aut
1122 2355 1506 2427 excutiamus,
1539 2358 1638 2412 aut
1662 2354 1893 2413 convel-

242 2459 444 2512 amns;
468 2443 611 2501 satis
632 2443 800 2501 nobis
818 2443 952 2514 erit,
970 2443 1017 2500 si
1043 2458 1118 2500 ex
1137 2442 1425 2501 communi
1446 2441 1894 2501 catholicorum-

241 2546 553 2603 consensu,
578 2531 908 2604 Hieronymi
930 2546 1142 2589 nomen
1176 2532 1453 2604 praeferre
1479 2531 1684 2605 possit,
1715 2536 1892 2604 atque

241 2621 390 2678 adeo
409 2620 920 2692 Hieronymianum
952 2624 1084 2678 tuto
1116 2620 1462 2693 nuncupari,
1502 2621 1739 2677 tametsi
1775 2636 1894 2677 mo-

241 2712 525 2767 numenta
555 2708 770 2780 desint,
805 2708 1020 2781 quibus
1048 2709 1233 2781 ipsum
1265 2707 1632 2766 sanctissimo
1658 2707 1891 2765 Doctori

240 2802 413 2855 certo
452 2797 830 2855 vindicemus.
876 2796 957 2854 lta
987 2811 1272 2854 censuere
1302 2797 1545 2867 Majores
1573 2796 1778 2867 nostri,
1811 2796 1892 2854 ita

247 2886 426 2944 hodie
450 2885 663 2958 passim
688 2884 1012 2958 loquuntur
1028 2884 1243 2943 eruditi
1267 2885 1578 2944 universim
1599 2889 1893 2956 omnes,et

244 2989 355 3032 nos
384 2978 514 3032 toto
551 2989 729 3047 Opere
771 2978 974 3033 nostro
1005 2973 1354 3046 Hieronymi,
1382 2972 1471 3031 vel
1502 2973 1893 3046 Hieronymia-

242 3076 452 3120 norum
499 3061 894 3135 appellatione
932 3076 1164 3135 semper
1210 3061 1491 3119 utendum
1538 3060 1893 3119 existimavi-
1921 3101 1971 3165 Ο

244 3166 394 3210 mus.

311 3241 456 3298 Rem
502 3242 708 3312 totam,
758 3243 823 3297 ut
871 3239 1012 3311 dixi,
1056 3238 1400 3311 profundius
1434 3238 1727 3296 examinat
1767 3239 1888 3297 lau-

245 3328 443 3399 datus,
484 3326 926 3399 laudandusquc
965 3327 1134 3384 nebis
1172 3326 1387 3398 saepius
1417 3326 1794 3399 clarissimus,
1824 3332 1883 3385 et

246 3414 655 3473 decessoribus
743 3414 979 3485 nostris,
1046 3415 1182 3472 dum
1202 3413 1447 3485 viveret,
1502 3414 1886 3474 amicissimus

243 3502 585 3561 Franciscus
606 3502 781 3560 Maria
803 3502 1210 3574 Florentinius,
1237 3501 1449 3560 nobilis
1478 3503 1754 3561 Lucensis
1785 3505 1884 3577 qui

247 3590 553 3649 vindicatis
576 3591 810 3650 Eusebii
839 3590 1308 3661 collectionibus,
1335 3591 1502 3648 libris
1533 3605 1636 3648 seu
1669 3590 1885 3650 libellis

244 3682 584 3751 martyrum,
625 3694 738 3736 non
771 3678 956 3737 solum
994 3678 1325 3749 Palestinze,
1369 3679 1471 3736 sed
1502 3684 1564 3735 et
1604 3678 1881 3747 aliorum;

248 3782 371 3840 pag.
403 3772 493 3840 13,
536 3769 644 3826 sub
672 3767 843 3826 ﬁnem
874 3771 1034 3825 recte
1064 3771 1228 3825 notat
1262 3787 1291 3821 «
1321 3767 1593 3825 sufficere
1626 3783 1779 3826 nunc
1812 3768 1883 3825 de

246 3854 639 3929 Martyrologii
660 3855 898 3929 proprie
927 3855 1066 3913 dicti
1090 3858 1330 3913 auctore
1361 3855 1671 3913 affirmare.
1700 3898 1713 3912 .
1743 3898 1756 3913 .
1792 3871 1885 3913 ve-

250 3944 463 4002 tustius
490 3942 634 4001 illud
673 3958 802 4002 esse
830 3944 886 4000 in
916 3944 1268 4016 scriptorum
1300 3944 1575 4001 memoria
1607 3945 1885 4018 Martyro-

249 4029 482 4103 logium,
531 4031 684 4103 quod
725 4031 973 4089 Eusebio
1011 4031 1345 4102 ascribitur,
1384 4031 1477 4088 vel
1516 4031 1649 4089 divo
1691 4033 1885 4105 potius

247 4120 592 4194 Hieronymo
626 4134 701 4178 ex
744 4119 1190 4179 collectionibus
1226 4121 1478 4178 Eusebii.
1534 4141 1563 4174 ››
1607 4122 1883 4194 Sequenti

248 4208 454 4267 deinde
484 4223 615 4282 pag.
658 4213 746 4279 14,
775 4208 1005 4266 erudite
1044 4210 1251 4282 probat
1291 4209 1620 4283 Hieronymi
1671 4215 1885 4284 marty-

246 4296 529 4369 rologium
549 4312 582 4355 a
603 4311 666 4354 se
687 4297 908 4368 datum,
928 4296 1113 4367 nobis,
1138 4312 1170 4353 a
1200 4301 1402 4355 sancto
1427 4313 1572 4371 papa
1605 4299 1884 4371 Gregorio

245 4386 429 4443 α)άὶθί
480 4401 587 4444 suo
628 4384 951 4457 attributis,
984 4384 1333 4443 adamussim
1370 4387 1700 4443 convenire.
1745 4389 1884 4445 Cum

248 4471 425 4544 igitur
462 4445 950 4547 Martyrologium,
972 4472 1154 4530 toties
1201 4473 1578 4545 appellatum,
1621 4474 1886 4534 collectis
1914 4445 1966 4505 Β

248 4560 512 4633 pluribus
541 4563 669 4634 ejus
708 4561 1057 4637 apographis
1094 4576 1244 4618 anno
1285 4566 1447 4633 1668,
1487 4562 1705 4634 publici
1740 4564 1893 4634 juris

247 4650 473 4722 fecerit,
507 4655 684 4723 atque
721 4649 1135 4708 eruditissimis
1177 4649 1352 4720 notis,
1384 4650 1893 4710 observationibus

248 4744 302 4796 et
330 4740 856 4798 exercitationibus
898 4739 1284 4797 illustraverit
1322 4740 1471 4796 idem
1504 4738 1625 4811 ipse
1660 4740 1890 4801 Floren-

248 4827 442 4900 tinius,
475 4829 549 4885 ad
579 4826 900 4901 pleniorem
930 4828 1116 4885 totius
1146 4828 1231 4884 rei
1263 4827 1550 4899 notitiam,
1583 4828 1737 4885 etde
1767 4830 1894 4901 ejus

246 4917 565 4989 codicibus,
595 4921 652 4973 et
686 4917 758 4975 de
791 4915 921 4974 aliis
950 4916 1022 4973 ad
1062 4916 1565 4991 Hieronymianum
1607 4917 1895 4988 pertinen.

251 5005 423 5077 tibus,
446 5004 723 5063 nonnulla
746 5003 1088 5077 explicanda
1112 5008 1266 5062 sunt.
1292 5006 1406 5061 Nec
1429 5005 1606 5061 verbo
1634 5006 1893 5065 indicare

248 5093 624 5166 neglexerim,
656 5108 762 5151 cur
791 5096 849 5150 et
884 5093 979 5150 bic
1000 5093 1129 5149 etin
1152 5096 1279 5150 toto
1300 5093 1549 5150 decursu
1562 5094 1756 5166 cperis
1778 5111 1894 5154 ma-

248 5178 453 5239 luerim
509 5180 788 5238 adbibere
838 5180 1435 5252 Hieronymianorum,
1478 5196 1647 5253 quam
1698 5183 1893 5241 Hiero-

252 5270 396 5342 nymi
428 5269 615 5343 ipsius
654 5269 1020 5327 vocabulum.
1056 5271 1270 5341 Nempe
1298 5284 1429 5326 cum
1466 5269 1651 5327 sancti
1696 5271 1892 5328 Hiero-

253 5356 397 5426 nymi
413 5355 821 5428 qualecunque
834 5371 981 5428 opus
994 5356 1296 5427 ignoretur
1312 5373 1326 5423 ;
1341 5355 1671 5427 apographa
1697 5360 1889 5413 autem

253 5446 308 5498 et
348 5445 526 5502 multa
566 5448 628 5501 et
665 5443 1060 5502 diversissime
1100 5446 1269 5499 aucta
1315 5447 1375 5498 et
1415 5445 1718 5500 contracta
1751 5443 1888 5515 sint,

250 5532 446 5602 putavi
476 5532 860 5593 communiori
883 5528 1509 5589 vocecavillationibus
1531 5544 1725 5589 ansam
1749 5547 1893 5603 prac-

2011 1829 2213 1901 scripti
2245 1830 2557 1901 ecgrapho,
2604 1830 2929 1889 instructus
2963 1839 3249 1905 praetcrea
3290 1837 3656 1897 Corbeiensis

2003 1919 2242 1990 codicis,
2285 1920 2357 1975 ab
2393 1918 2649 1976 Acherio
2689 1920 2983 1992 Spicilegii
3024 1926 3180 1982 tomo
3225 1926 3296 1980 IV
3336 1941 3487 1982 anno
3516 1930 3647 1984 1661

2007 2006 2249 2077 vulgati,
2293 2007 2707 2079 manuscriptis
2748 2009 3107 2080 fragmentis,
3148 2011 3399 2068 animum
3440 2012 3653 2083 adjecit

2004 2094 2075 2151 ad
2108 2096 2533 2165 procurandam
2567 2099 2685 2153 tam
2717 2096 3111 2168 pretiosorum
3140 2099 3503 2157 cimeliorum
3534 2101 3655 2158 edi-

2002 2182 2241 2252 tionem,
2267 2197 2512 2254 eamque
2536 2199 2642 2255 pro
2657 2200 2759 2244 sua
2786 2184 3139 2257 eruditione,
3158 2200 3269 2257 qua
3295 2192 3490 2259 posset
3511 2204 3653 2249 cura

2002 2274 2061 2328 et
2090 2270 2285 2328 studio
2338 2271 2767 2330 illustrandam.
2828 2276 3084 2345 Cumque
3119 2275 3236 2344 jam
3276 2292 3425 2347 opus
3472 2278 3653 2334 ferme

2004 2358 2167 2433 prelo
2200 2363 2465 2431 paratum
2498 2360 2764 2433 haberet,
2807 2361 3076 2432 contigit,
3115 2367 3177 2420 ut
3220 2363 3653 2424 illustrissimus

2003 2447 2145 2504 baro
2184 2447 2257 2505 de
2302 2446 2465 2505 Blum
2515 2448 2777 2506 codicem
2816 2444 2994 2507 alium
3035 2451 3649 2524 Weissenburgensem

2001 2550 2133 2593 cum
2146 2535 2507 2593 Henscbenio
2519 2540 2578 2593 et
2592 2536 2991 2609 Papebrocbio
3001 2539 3477 2611 communicaret,
3493 2543 3648 2613 quod

2002 2623 2085 2680 illi
2117 2624 2397 2682 continuo
2410 2626 2619 2682 Lucam
2642 2626 3239 2697 destinaricurarunt,
3265 2627 3409 2686 satis
3430 2634 3650 2702 tempe-

2001 2711 2172 2783 stive,
2205 2717 2271 2771 ut
2307 2729 2438 2771 cum
2471 2713 2602 2771 aliis
2641 2713 2942 2771 codicibus
2979 2715 3370 2786 conferretur,
3403 2716 3646 2791 ejusque

2002 2801 2296 2859 variantes
2324 2817 2355 2859 a
2389 2801 2634 2874 reliquis
2667 2802 2970 2874 lectiones,
3003 2803 3077 2859 ad
3114 2803 3335 2862 calcem
3362 2805 3647 2863 Florenti-

2002 2888 2155 2945 niani
2184 2889 2381 2960 Operis
2409 2890 2923 2960 subjungerentur.
2958 2892 3093 2948 Haac
3115 2892 3187 2949 ad
3211 2893 3445 2951 brevem
3468 2894 3647 2952 histo-

2002 2976 2103 3034 rias
2134 2977 2446 3049 synopsim,
2481 2992 2653 3049 quam
2685 2978 2870 3050 siquis
2904 2978 3191 3049 integram
3229 2983 3290 3038 et
3335 2981 3520 3040 fusius
3548 2982 3646 3039 de-

2002 3065 2279 3137 scriptam
2301 3065 2584 3137 requirat,
2610 3066 2784 3125 adeat
2808 3066 3446 3140 Florentiniumipsum,
3464 3071 3648 3129 totius

2000 3152 2086 3210 sui
2116 3152 2343 3211 consilii
2385 3158 2446 3211 et
2487 3153 2764 3226 vulgandi
2806 3155 3005 3228 cperis
3044 3157 3326 3228 propositi
3360 3158 3645 3217 rationem

1997 3240 2361 3312 reddentem,
2396 3241 2791 3300 admonitione
2836 3243 3041 3315 prima,
3077 3243 3171 3301 cui
3212 3243 3495 3302 Holstcnii
3533 3246 3648 3319 epi-

1995 3329 2145 3387 stola
2177 3330 2484 3402 attexitur,
2509 3345 2583 3388 ex
2606 3331 2817 3403 potiori
2841 3336 3010 3405 parte
3030 3333 3382 3405 reproducta
3403 3348 3434 3390 a
3467 3336 3648 3407 Pape-

1997 3419 2237 3477 brochio
2270 3418 2329 3475 in
2359 3420 2872 3492 Responsionibus,
2905 3421 3227 3494 appendice
3256 3422 3328 3480 ad
3361 3427 3472 3480 art.
3500 3428 3587 3495 18,
3613 3439 3644 3481 a

1995 3524 2131 3566 num
2162 3512 2249 3566 49.
2284 3509 2364 3564 De
2393 3507 2597 3567 codice
2626 3524 2755 3580 suo,
2789 3509 2910 3567 sive
2948 3509 3139 3582 unico,
3184 3509 3307 3569 sive
3339 3510 3495 3582 bino,
3528 3516 3646 3569 tra-

1993 3602 2116 3655 ctat
2147 3596 2244 3654 illc
2266 3611 2339 3653 ex
2370 3597 2632 3669 professo
2653 3597 2833 3655 citata
2866 3598 3259 3657 admonitione
3281 3604 3336 3668 6;
3367 3615 3398 3657 a
3421 3615 3550 3672 pag.
3577 3607 3647 3659 50

1995 3686 2067 3741 de
2098 3684 2513 3756 Autuerpiensi
2545 3689 2604 3742 et
2636 3684 3085 3744 Corbeiensibus
3098 3687 3645 3757 fragmentisadmo-

1996 3771 2214 3828 nitione
2249 3772 2327 3841 L.,
2365 3786 2495 3842 quae
2523 3772 2713 3829 omnia
2753 3772 2831 3829 ibi
2860 3772 2973 3843 legi
3013 3772 3182 3844 malo,
3217 3788 3388 3844 quam
3418 3774 3513 3831 hic
3543 3778 3643 3832 tm-

1994 3859 2155 3917 diose
2196 3860 2440 3931 referre,
2463 3875 2594 3917 cum
2632 3860 2704 3917 ad
2737 3860 3068 3918 institutum
3092 3865 3352 3917 nostrum
3400 3865 3645 3921 eatenus

1995 3946 2179 4005 solum
2202 3951 2492 4019 spectent,
2516 3951 2805 4019 quatenus
2827 3946 3029 4004 rudem
3053 3947 3260 4005 saltem
3292 3948 3478 4006 ideam
3500 3950 3643 4006 Mar-

1995 4035 2344 4107 tyrologium
2403 4034 2745 4107 plerumque
2819 4035 3143 4108 archetypi,
3210 4050 3314 4095 seu
3373 4042 3644 4111 protOpa-

1996 4122 2181 4181 rentis
2202 4123 2483 4181 adumbra
2517 4123 2890 4182 revoluimus.

2065 4218 2153 4270 21.
2188 4211 2290 4269 Hic
2333 4210 2578 4269 verbulo
2607 4212 2914 4270 inserenda
2945 4216 3036 4269 est
3067 4226 3183 4275 non
3219 4213 3407 4272 otiosa
3445 4215 3643 4272 obser-

1995 4301 2151 4358 vatio
2174 4299 2590 4372 reccptissimae
2613 4315 2643 4357 a
2658 4299 2975 4371 majoribus
2986 4301 3521 4374 nostri30pinionis,
3539 4317 3641 4376 per

2000 4391 2278 4446 Actorum
2320 4391 2654 4445 nostrorum
2711 4389 3159 4447 commentarios
3208 4390 3326 4448 late
3356 4391 3640 4463 vagantis,

2000 4492 2112 4549 qua
2151 4476 2260 4535 sibi
2290 4490 2630 4549 persuasum
2660 4478 2939 4550 habuere,
2963 4478 3222 4536 codicem
3254 4481 3642 4553 Epternacen-

1999 4580 2142 4636 sem,
2174 4565 2329 4622 inter
2360 4565 2834 4638 Hieronymianos
2865 4566 3243 4640 praecipuum,
3278 4569 3639 4640 anglicanum

2002 4654 2201 4726 fuisse,
2241 4659 2419 4726 atque
2459 4656 2531 4712 ab
2568 4655 2693 4728 ipso
2736 4656 2788 4710 S.
2824 4654 3201 4713 Willibrordo
3237 4672 3310 4714 ex
3348 4657 3551 4728 Anglia
3584 4656 3640 4713 in

2003 4742 2281 4815 Belgium,
2315 4758 2419 4801 seu
2451 4743 2748 4801 Franciam
2771 4742 3030 4801 allatum.
3056 4746 3307 4803 Pronum
3329 4749 3490 4803 certe
3511 4750 3640 4802 erat

2002 4831 2177 4888 talem
2199 4832 2592 4902 conjecturam
2618 4833 2826 4903 facere,
2853 4836 2908 4888 at
2942 4833 3078 4890 mihi
3103 4834 3334 4905 quidem
3356 4848 3469 4891 non
3499 4833 3644 4892 satis

2004 4921 2241 4978 fundata
2270 4920 2523 4992 videtur,
2558 4935 2900 4993 mecumque
2931 4923 3184 4979 sentiant
3206 4922 3643 4995 Martyrologio-

2003 5008 2144 5081 phili
2193 5024 2411 5079 omnes,
2461 5008 2507 5065 si
2553 5009 2859 5066 advertant
2910 5026 2945 5068 x
2993 5010 3284 5068 Kalendas
3338 5011 3498 5084 Julii,
3540 5027 3643 5070 seu

2001 5112 2118 5153 χχιι
2147 5097 2299 5154 Junii
2340 5097 2656 5156 inlaudato
2700 5100 3121 5171 Epternacensi
3161 5101 3533 5173 praetermitti
3565 5102 3647 5159 in-

1998 5182 2380 5255 clytissimum
2411 5184 2630 5256 Angliae
2662 5190 3147 5259 protomartyrem
3182 5188 3480 5249 Albanam
3513 5204 3646 5249 cum

2002 5271 2177 5329 sociis
2209 5272 2513 5345 plusquam
2544 5274 3052 5348 octingentis,[qui
3085 5281 3275 5335 tamen
3305 5278 3363 5335 in
3395 5276 3535 5336 aliis'
3554 5293 3647 5336 co-

2002 5360 2233 5417 dicibus
2262 5377 2291 5416 a
2324 5360 2683 5419 Florentinio
2715 5362 2891 5418 editis
2916 5362 3238 5421 clarissime
3274 5366 3640 5438 exprimitur.

2002 5449 2142 5516 Quis
2172 5449 2378 5507 credat
2417 5448 2590 5506 talem
2649 5454 2917 5507 sunctum
2968 5451 3025 5508 in
3073 5453 3274 5511 codice
3312 5454 3641 5527 [Anglicano

1992 5536 2460 5621 praetermissum
2508 5536 2628 5594 l’ri?
2667 5538 2903 5597 Addunt
2951 5539 3180 5624 laudati
3218 5530 3469 5624 majores
3498 5526 3639 5619 pri?
