3988 6158
303 271 398 330 471

1255 265 1629 326 USUABDUS
1663 263 2048 325 MONACHUS
2085 261 2730 324 SANGERMANENSIS.

3589 273 3696 330 472

303 395 484 454 fatum
523 392 782 452 codicem
832 391 888 450 in
927 391 1109 450 Gallia
1148 395 1416 458 auctum;
1461 391 1570 448 hoc
1607 405 1782 446 vere:
1828 390 1932 447 sed
1961 391 2018 451 A
2047 391 2152 462 stri
2184 391 2510 463 posuerint,
2541 391 2860 448 ostendunt
2900 390 3224 464 quotidiani
3267 397 3690 471 commentarii,

301 483 450 539 idem
483 483 554 538 de
576 482 846 539 omnibus
867 481 996 538 aliis
1027 480 1195 552 plane
1224 479 1648 536 admittendum
1687 482 1797 548 est,
1831 477 1941 535 nisi

299 571 547 628 velimus
574 585 604 626 a
637 572 691 627 S.
728 570 1074 640 Hieronymo
1095 569 1317 626 obitum
1337 571 1398 625 S.
1423 567 1647 625 Paulini
1669 583 1786 624 χχιι
1806 567 1941 623 Julii

299 659 626 731 consignari
660 658 936 732 potuisse.
972 660 1103 716 Haec
1123 657 1318 714 obiter
1340 657 1412 713 de
1441 655 1644 713 codice
1674 657 1946 726 Epterna-

299 747 682 806 censi.'Plura
714 747 785 803 ad
816 748 970 803 hunc
999 750 1058 801 et
1089 745 1232 801 alios
1255 745 1309 801 in
1335 743 1843 802 observationibus
1863 742 1946 799 di-

299 839 534 895 cuntur.
567 836 762 892 Redeo
793 835 947 892 unde
979 833 1279 903 digressus
1309 848 1454 890 sum.

373 930 462 983 22.
498 927 688 995 Atque
720 929 785 981 ut
814 923 1024 978 iterum
1061 926 1320 994 repetam
1357 921 1428 978 ad
1461 918 1946 992 disceptationem

304 1014 458 1072 illam
493 1027 736 1086 prorsus
760 1027 873 1068 non
911 1011 1231 1082 regredior,
1257 1026 1368 1082 qua
1403 1009 1473 1067 de
1502 1024 1644 1066 vero
1675 1009 1950 1080 Hierony-

304 1103 476 1160 miani
490 1103 572 1158 Ma
584 1100 883 1172 rtyrologii
900 1106 1140 1157 auctore
1155 1099 1494 1170 inquiritur,
1511 1099 1636 1156 sive
1651 1098 1701 1154 is
1717 1099 1947 1154 demum

305 1192 458 1250 alius
485 1191 558 1246 ab
589 1189 643 1246 S.
679 1189 1047 1261 Hieronymo,
1083 1189 1210 1246 sive
1242 1189 1368 1260 ipse
1399 1187 1801 1258 Hieronymus,
1837 1186 1951 1258 pri-

307 1294 436 1338 mus
461 1276 702 1336 indiculi
727 1277 1090 1336 architectus
1114 1277 1322 1344 fuerit;
1347 1276 1822 1352 naquuisquisis
1838 1280 1948 1346 est,

307 1373 408 1427 aut
443 1365 662 1425 saeculo
695 1370 862 1423 sexto
897 1367 1216 1439 antiquior,
1261 1371 1362 1424 aut
1401 1379 1470 1422 eo
1500 1365 1705 1422 saltem
1737 1363 1952 1422 saeculo

305 1458 524 1515 vixisse
557 1455 843 1512 dicendus
873 1459 983 1513 est.
1011 1457 1071 1512 Id
1096 1455 1264 1512 nobis
1285 1454 1850 1510 indubitatissimum
1872 1453 1953 1509 vi-

309 1547 483 1608 detur
515 1550 632 1608 tale
661 1545 1137 1618 Martyrologium
1159 1559 1189 1600 a
1212 1547 1418 1600 sancto
1448 1541 1729 1612 Gregorio
1751 1543 1953 1612 Magno

309 1640 696 1712 designatum,
723 1639 859 1696 dum
886 1635 955 1693 ad
980 1633 1282 1704 Eulogium
1306 1631 1758 1688 Alexandrinum
1782 1631 1882 1688 lib.
1897 1637 1951 1702 7,

2053 481 2150 552 qui
2183 481 2237 536 in
2269 495 2338 537 eo
2370 480 2478 538 toti
2502 486 2658 552 sunt,
2697 485 2758 538 ut
2788 496 2861 538 ex
2892 481 3088 538 dubiis
3119 486 3302 553 certa,
3335 497 3409 539 ex
3438 484 3694 542 confusis

2052 569 2228 639 clara,
2263 585 2336 626 ex
2365 569 2511 627 male
2532 570 2874 642 compositis
2907 571 3216 642 simplicia,
3252 586 3326 630 ex
3358 573 3582 630 luxatis
3615 575 3698 630 in-

2055 663 2239 731 tegra,
2274 663 2395 716 tum
2437 658 2865 730 palaestrarum,
2903 665 3022 717 tum
3067 661 3330 732 ipsorum
3376 665 3697 738 martyrum

2055 749 2282 804 nomina
2305 747 2702 806 efformentur.
2731 749 3016 807 Caeterum
3040 749 3417 820 antiquorum
3441 751 3698 808 omnium

2055 837 2318 895 codicum
2352 839 2676 910 praesertim
2703 837 3088 908 usualium,ut
3111 843 3246 895 sunt
3268 837 3698 912 Martyrologia,

2057 926 2378 984 communis
2393 930 2486 982 est
2510 941 2660 996 sors,
2679 930 2743 982 ut
2765 926 3222 984 describentium
3236 926 3328 983 vel
3341 927 3700 999 temeritate,

2056 1015 2150 1072 vel
2174 1015 2487 1088 imperitia,
2514 1015 2592 1072 ita
2626 1015 2837 1072 sensim
2863 1015 3354 1087 deturpentur,ut
3376 1030 3535 1089 saepe
3557 1015 3707 1072 difﬁ-

2058 1104 2339 1162 cillimum
2365 1104 2445 1161 sit
2470 1103 2640 1176 primi
2667 1103 3274 1176 autographivestigia
3300 1103 3357 1160 in
3380 1108 3707 1161 transsum-

2063 1194 2176 1265 ptis
2189 1193 2650 1265 deprehendere;
2666 1193 2814 1248 adeo
2831 1196 2892 1248 ut
2909 1207 3042 1249 cum
3058 1191 3388 1249 Castellano
3400 1192 3710 1251 vehemen-

2060 1287 2152 1339 ter
2167 1283 2415 1340 miratus
2444 1283 2572 1352 sim,
2599 1281 2653 1336 in
2687 1283 2946 1338 Romano
2983 1295 3180 1353 parvo,
3199 1295 3302 1338 seu
3333 1286 3540 1338 vetere
3573 1283 3710 1339 Ros-

2061 1371 2252 1442 weydi
2267 1371 2457 1428 omnia
2474 1374 2592 1427 tam
2612 1370 2915 1440 concinna,
2932 1373 3048 1426 tam
3073 1369 3278 1442 nitida,
3304 1374 3422 1428 tam
3437 1369 3710 1428 ordinata

2064 1475 2167 1534 per
2198 1464 2287 1516 tot
2319 1459 2530 1518 saecula
2575 1459 2796 1516 servari
2832 1459 3116 1531 potuisse,
3151 1460 3207 1515 in
3240 1474 3353 1530 quo
3392 1463 3560 1517 certe
3601 1459 3713 1517 hoc

2064 1547 2557 1622 Martyrologium,
2634 1552 2860 1606 tantum
2923 1551 3165 1620 superat
3243 1549 3710 1620 llieronymiana,

2065 1642 2344 1710 quantum
2377 1638 2500 1695 hmo
2521 1641 2816 1695 vetustate
2835 1637 3211 1708 antecedunt,
3236 1637 3390 1710 quod
3413 1638 3713 1710 sequenti,

309 1745 402 1801 ep.
435 1733 524 1800 29,
559 1729 640 1786 ita
681 1725 1015 1798 rescripsit:
1054 1742 1083 1776 «
1123 1725 1238 1780 Nos
1279 1725 1472 1779 autem
1514 1734 1659 1792 pene
1699 1721 1952 1777 omnium
1983 1743 2038 1804 Β
2070 1731 2132 1785 ιιι
2169 1727 2284 1798 jam
2316 1742 2428 1784 non
2470 1725 2648 1783 semel
2689 1725 2962 1799 diximus,
3007 1727 3200 1800 capite
3235 1727 3418 1785 fusius
3457 1727 3577 1784 erit
3621 1726 3717 1783 de-

309 1821 650 1890 martyrum,
667 1813 968 1873 distinctis
989 1826 1093 1885 per
1116 1809 1378 1881 singulos
1403 1809 1530 1865 dies
1560 1809 1952 1880 passionibus.

309 1906 558 1964 collecta
579 1906 636 1962 in
662 1919 775 1962 uno
797 1901 1002 1960 codice
1029 1901 1259 1957 nomina
1281 1899 1596 1962 habemus;
1623 1901 1797 1968 atque
1819 1912 1958 1968 quo-

308 1993 549 2052 tidianis
579 1993 787 2050 diebus
817 1992 872 2047 in
904 2005 1103 2047 eorum
1136 1989 1512 2045 veneratione
1538 1985 1846 2042 missarum
1870 2001 1960 2042 so-

309 2083 520 2141 lemnia
554 2081 802 2152 agimus.
826 2081 948 2136 Non
974 2082 1162 2134 tamen
1184 2078 1238 2132 in
1263 2077 1466 2133 eodem
1496 2072 1960 2146 volumine,fquis

309 2171 564 2245 qualiter
577 2171 656 2227 sit
671 2167 1318 2242 passusindicatur,sed
1336 2165 1736 2222 tantummodo
1749 2177 1956 2220 nomen

307 2260 475 2318 locus
506 2264 566 2316 et
589 2259 715 2315 dies
742 2255 1029 2329 passionis
1055 2255 1308 2326 ponitur.
1333 2255 1496 2310 Unde
1519 2253 1584 2309 ﬁt
1609 2257 1673 2310 ut
1695 2252 1862 2310 multi
1886 2266 1959 2308 ex

311 2348 565 2406 diversis
583 2346 762 2403 terris
783 2347 959 2415 atque
975 2343 1294 2416 provinciis
1311 2358 1414 2414 per
1436 2342 1580 2413 dies,
1604 2345 1668 2398 ut
1688 2339 1954 2412 prmdixi,
1977 2339 1990 2350 '

311 2435 578 2509 singulos
603 2436 1036 2504 cognoscantur
1066 2431 1348 2501 martyrio
1379 2430 1666 2486 coronati.
1702 2429 1811 2484 Sed
1835 2427 1958 2484 haec

309 2527 525 2584 habere
572 2539 675 2582 vos
717 2520 1092 2580 beatissimos
1141 2519 1456 2576 credimus.
1501 2537 1529 2571 »
1583 2519 1706 2573 Non
1751 2530 1958 2586 magno

310 2614 528 2687 studio,
563 2609 944 2682 solertia,'aut
967 2609 1170 2666 labore
1191 2623 1340 2680 Opus
1365 2612 1476 2678 est,
1497 2611 1562 2665 ut
1583 2606 1959 2664 characteres

309 2705 369 2762 hi
397 2718 598 2762 omnes
627 2718 658 2759 a
690 2702 743 2758 S.
779 2699 1061 2771 Gregorio
1094 2703 1209 2754 tam
1233 2697 1390 2754 clare
1408 2697 1693 2769 expressi,
1721 2697 1778 2752 in
1802 2694 1962 2752 codi-

313 2795 484 2852 cibus
514 2790 1000 2864 Hieronymianis,
1033 2803 1064 2844 a
1097 2786 1455 2844 Florentinio
1487 2785 1688 2855 editis,
1714 2783 1960 2855 aliisque

311 2883 440 2954 ejus
481 2880 716 2952 generis
749 2883 953 2952 aperte
995 2874 1530 2948 deprehendantur,
1565 2887 1750 2944 eoque
1790 2875 1961 2944 pacto

312 2973 654 3044 frequentes
684 2965 1173 3041 interpolationes
1205 2980 1234 3020 a
1254 2964 1444 3022 veteri
1471 2967 1634 3018 textu
1659 2961 1962 3032 sejungan-

309 3064 430 3120 tur.
456 3061 653 3130 Neque
674 3057 828 3113 enim
847 3055 1052 3124 nudos,
1069 3052 1368 3124 simplices
1393 3055 1454 3107 et
1479 3051 1742 3159 integr‘os
1764 3050 1962 3105 Hiero-
1991 3096 2041 3159 Ο

453 3147 464 3158 ι
679 3158 686 3159 γ
749 3137 1658 3159 ...πη-,μηηλεηηηιη
1713 3150 1932 3159 μη--

314 3147 633 3218 nymianos,
669 3147 771 3200 aut
792 3141 1180 3212 Gregorianos
1202 3138 1439 3195 codices
1462 3151 1570 3192 nos
1593 3136 1808 3192 habere
1829 3151 1962 3208 pro-

296 3225 582 3300 ﬁtemur;
623 3247 754 3289 cum
795 3229 961 3288 multi
1001 3241 1158 3298 smpe
1199 3226 1393 3283 Sancti
1445 3228 1770 3294 recurrant,
1816 3238 1962 3295 quos

225 3393 236 3400 _
316 3327 447 3398 post
477 3322 529 3379 S.
572 3319 838 3390 Gregorii
872 3323 1137 3389 tempora
1179 3315 1414 3384 vixisse,
1460 3316 1562 3370 aut
1593 3311 1797 3370 saltem
1838 3313 1966 3383 ejus

315 3418 579 3482 tempore
609 3412 945 3466 sanctorum
971 3403 1350 3460 veneratione
1373 3403 1623 3458 donatos
1647 3415 1758 3456 non
1781 3401 1964 3458 fuisse

319 3499 626 3556 evidenter
655 3497 906 3552 constet.
933 3495 1013 3549 De
1039 3493 1254 3564 quibus
1279 3491 1490 3546 iterum
1512 3489 1696 3546 videri
1721 3492 1968 3561 po'ssunt

317 3585 652 3655 Bollandus,
687 3588 748 3641 et
787 3583 984 3640 citatas
1029 3578 1368 3636 Florentinii
1402 3577 1861 3660 admonitiones.
1896 3579 1970 3633 Ut

320 3674 501 3734 semel
519 3673 729 3744 dicam,
748 3673 803 3729 id
822 3671 1155 3743 quaerimus,
1175 3669 1232 3725 id
1252 3667 1546 3737 volumus,
1563 3667 1620 3724 id
1647 3667 1969 3724 asserimus

315 3763 789 3836 Martyrologium
822 3761 1008 3830 istud,
1045 3757 1200 3830 quod
1235 3757 1744 3828 Hieronymianum
1777 3754 1973 3828 appel-

319 3855 527 3925 lamus,
571 3853 826 3910 omnium
891 3850 1160 3922 primum,
1207 3847 1464 3903 omnium
1507 3845 1972 3903 vetustissimum

326 3957 481 4010 esse,
528 3941 644 3997 imo
686 3937 952 4008 Gregorii
1007 3936 1193 4005 Magni
1255 3934 1612 4005 temporibus
1655 3933 1972 4003 vetustius,

321 4027 799 4100 quandoquidem
824 4026 882 4080 in
916 4025 1097 4081 citata
1116 4022 1386 4094 cpistola,
1412 4036 1523 4076 non
1554 4021 1625 4076 de
1657 4036 1807 4077 novo
1839 4035 1978 4091 quo-

322 4117 452 4173 dam
482 4117 800 4184 Martyrum
825 4111 1104 4180 indiculo,
1140 4113 1240 4166 aut
1275 4108 1560 4179 catalogo,
1596 4107 1697 4164 sed
1731 4109 1802 4164 de
1834 4109 1980 4164 anti-

323 4219 439 4275 quo
470 4202 821 4260 mentionem
855 4199 1088 4268 inferat,
1119 4211 1290 4270 quem
1324 4211 1531 4268 nempe
1568 4199 1694 4252 toto
1725 4197 1867 4253 orbe
1889 4211 1980 4252 ca-

321 4290 544 4348 tholico
585 4293 884 4361 receptum
915 4292 976 4344 et
1009 4287 1213 4344 tritum
1249 4285 1638 4354 existimaret,
1673 4285 1808 4341 dum
1844 4298 1978 4340 con-

318 4379 542 4438 cludit:
573 4378 699 4438 Sed
726 4377 848 4436 hcc
877 4375 1094 4434 habere
1122 4388 1223 4434 vos
1266 4373 1634 4432 beatissimos
1661 4373 1974 4432 credimus.

389 4473 460 4527 25
489 4470 552 4524 In
579 4471 696 4524 tam
735 4465 987 4522 vetustis
1023 4463 1348 4533 codicibus,
1394 4463 1572 4520 toties
1614 4463 1686 4518 ab
1709 4454 1973 4519 'oscitan-
2002 4450 2056 4510 D

320 4559 481 4616 tibus
499 4559 560 4614 et
583 4555 836 4612 indoctis
860 4553 1120 4610 librariis
1153 4551 1491 4624 descriptis,
1518 4551 1734 4608 frustra
1766 4550 1972 4606 distin-

317 4650 448 4705 ctas
467 4647 800 4704 sanctorum
823 4643 1028 4714 series,
1046 4642 1340 4699 discretos
1353 4639 1614 4698 studiose
1629 4637 1968 4708 laterculos,

319 4747 602 4809 expressa
623 4735 785 4789 recte
800 4731 1052 4802 nomina,
1069 4733 1332 4787 servatas
1345 4728 1413 4784 ad
1438 4732 1622 4784 artem
1639 4727 1801 4782 bonae
1815 4725 1973 4782 locu-

319 4823 502 4882 tionis
532 4820 788 4892 regulas,
822 4824 921 4878 aut
964 4823 1204 4875 exactos
1237 4831 1430 4874 rerum
1475 4815 1672 4887 apices
1710 4813 1842 4884 quis
1884 4826 1972 4868 re-

317 4913 542 4986 quirat:
586 4909 819 4968 omnino
866 4907 1159 4964 fatendum
1192 4909 1279 4962 est
1325 4918 1586 4974 magnam
1619 4901 1878 4958 locorum
1911 4903 1972 4958 et

318 5000 612 5058 nominum
628 5013 734 5072 per
747 4996 1112 5068 conjunctas,
1129 4997 1231 5050 aut
1253 4991 1402 5049 male
1419 4989 1678 5048 divulsas
1697 4987 1969 5060 syllabas,

319 5101 535 5159 easque
557 5087 773 5160 saepius
797 5087 1104 5142 truncatas
1123 5086 1184 5138 et
1222 5081 1529 5148 distortas,
1550 5077 1968 5148 confusionem,

321 5173 650 5232 barbariem
671 5177 730 5250 et
764 5173 1130 5230 frustraneas
1151 5168 1538 5242 repetitiones
1559 5165 1771 5222 diebus
1792 5178 1974 5238 prope

323 5259 914 5334 singulisrecurrere,
931 5260 1146 5334 quibus
1159 5272 1392 5331 quoquo
1406 5256 1574 5314 modo
1589 5255 1978 5314 restituendis

321 5347 708 5422 explicandis,
770 5348 1193 5418 combinandis,
1250 5343 1703 5416 distinguendis,
1763 5343 1971 5400 mirum

323 5441 605 5513 quantum
623 5435 835 5508 passim
849 5435 1074 5495 laboret
1092 5434 1488 5494 Florentinius
1506 5453 1520 5490 :
1537 5435 1818 5506 quantum
1831 5444 1973 5487 vero

325 5539 546 5604 operae,
578 5522 877 5598 studiique
907 5525 964 5581 in
990 5525 1150 5584 hisce
1171 5521 1558 5585 eruderandis
1591 5521 1843 5595 majores
1873 5533 1975 5577 no-

2069 1815 2524 1873 monstrandum.

2137 1908 2207 1962 24
2235 1903 2541 1974 Reliquum
2579 1905 2668 1959 est
2701 1907 2763 1960 ut
2796 1903 2866 1958 de
2908 1903 3209 1961 codicibus
3249 1903 3467 1960 nostris
3515 1903 3719 1960 Hiero-

2067 1992 2374 2063 nymianis,
2391 1991 2636 2048 necdum
2651 1990 2828 2047 editis
2846 1995 2906 2053 et
2930 1991 3108 2048 ferme
3131 1991 3510 2061 abbreviatis,
3528 2006 3720 2064 pauca

2069 2081 2124 2136 in
2173 2079 2534 2152 singulorum
2567 2079 2860 2152 specimen
2903 2079 3227 2151 subjiciam,
3256 2084 3313 2136 et
3360 2081 3406 2136 si
3438 2080 3594 2137 forte
3620 2080 3723 2136 ali-

2069 2169 2300 2241 quando
2331 2183 2526 2242 opcrae
2558 2169 2808 2241 pretium
2843 2169 2916 2224 sit
2950 2168 3072 2240 ipsa
3105 2168 3279 2224 etiam
3311 2168 3528 2242 publici
3564 2169 3726 2239 juris

2070 2258 2286 2327 facere,
2320 2257 2390 2313 ad
2423 2257 2574 2328 quod
2601 2272 2690 2312 me
2717 2257 3054 2328 frequenter
3077 2256 3503 2329 impensissime
3538 2260 3727 2330 atque

2071 2345 2479 2416 urgentissime
2524 2344 2870 2401 adhortatus
2907 2349 2998 2401 est
3041 2359 3194 2416 saape
3226 2344 3362 2400 mihi
3394 2344 3497 2401 hic
3536 2345 3728 2401 nomi-

2070 2449 2290 2505 namus,
2316 2448 2608 2505 nunquam
2635 2448 2740 2506 pro
2765 2433 2974 2490 merito
3007 2431 3493 2504 laudandus,tum
3516 2433 3728 2506 operis

2070 2522 2260 2592 hujus,
2286 2526 2411 2578 tum
2444 2521 2776 2591 grandioris
2803 2521 2989 2578 nostri
3023 2521 3348 2578 indefessus
3370 2521 3634 2591 adjutor,
3662 2523 3726 2577 ν.

2072 2611 2135 2670 C.
2177 2610 2454 2666 Claudius
2497 2608 2877 2680 Castellanus,
2921 2609 3267 2666 Parisiensis
3309 2609 3379 2666 ad
3420 2610 3479 2665 Β.
3514 2609 3731 2668 Mariae

2069 2699 2406 2769 canonieus,
2441 2713 2662 2755 summo
2697 2701 2902 2754 nostro
2935 2697 3134 2754 dolore
3165 2702 3226 2754 et
3258 2697 3476 2768 ingenti
3509 2699 3732 2768 Marty-

2072 2787 2426 2858 rologiorum
2445 2788 2675 2858 jactura
2707 2787 2900 2844 evivis
2919 2790 3160 2860 ereptus
3183 2787 3293 2844 sub
3330 2786 3559 2842 initium
3582 2786 3732 2843 anni

2071 2882 2228 2934 1711.
2273 2877 2349 2933 Ea
2395 2882 2524 2932 erat
2574 2875 2929 2948 perillustris
2969 2875 3078 2931 viri
3125 2875 3435 2946 sententia,
3486 2879 3555 2932 ut
3607 2889 3733 2932 non

2072 2964 2257 3022 solum
2289 2965 2670 3023 Usuardinam
2696 2965 3093 3022 recensionem
3118 2964 3246 3022 orbi
3271 2963 3563 3020 litterario
3590 2977 3738 3034 gra~

2071 3053 2354 3110 tissimam
2389 3055 2510 3110 fore
2543 3057 2834 3123 censeret,
2870 3053 2972 3110 sed
2995 3052 3260 3110 eruditos
3285 3065 3486 3110 omnes
3514 3050 3612 3122 idj
3623 3065 3739 3110 ure

2073 3141 2322 3212 quodam
2356 3156 2385 3197 a
2410 3141 2575 3198 nobis
2605 3141 2904 3213 postulare
2928 3141 3142 3212 aiebat,
3177 3144 3240 3198 ut
3273 3139 3497 3212 reliqua
3521 3144 3739 3198 nostra

2073 3229 2514 3301 llieronymiana
2531 3229 2884 3302 apogragha,
2901 3244 3005 3286 seu
3030 3229 3278 3300 integra,
3298 3226 3402 3286 se'u
3415 3231 3626 3286 contra
3645 3234 3742 3286 eta

2072 3320 2132 3373 et
2171 3318 2596 3389 compendiata,
2633 3319 2690 3374 in
2734 3317 3024 3390 publicam
3068 3317 3258 3374 lucem
3297 3317 3739 3374 emitteremus.

2077 3408 2245 3477 Spem
2277 3405 2387 3462 feci
2427 3406 2554 3462 viro
2595 3406 2967 3476 amicissimo,
3003 3405 3059 3462 id
3093 3404 3405 3476 aliquando
3437 3404 3742 3476 futurum,

2079 3495 2402 3566 praesertim
2445 3495 2490 3551 si
2533 3499 2777 3551 conatus
2809 3497 3040 3551 nostros
3085 3494 3143 3549 in
3175 3492 3557 3565 expurgando
3597 3492 3748 3551 illu-

2078 3584 2434 3654 strandoquc
2477 3582 2758 3652 Usuardo,
2804 3581 2956 3653 quod
2989 3585 3128 3638 tunc
3161 3580 3506 3651 meditabar,
3552 3580 3748 3639 iidem

2078 3673 2189 3746 ipsi
2220 3670 2778 3742 Martyrologiopbili
2802 3671 2924 3728 suis
2945 3669 3244 3740 suffragiis
3264 3669 3650 3742 probassent,
3675 3685 3746 3728 eo

2084 3766 2255 3836 pacto
2301 3761 2524 3817 animos
2555 3759 2833 3830 addituri,
2865 3762 2923 3814 et
2957 3751 3480 3830 manuscriptorum
3503 3762 3748 3817 nostro-

2083 3867 2210 3908 rum
2259 3849 2522 3906 codicum
2573 3847 2826 3904 omnium
2876 3845 3171 3918 generalis
3219 3846 3371 3902 ratio
3419 3847 3742 3919 reddetur,

2083 3939 2280 4012 quaein
2297 3938 2501 3995 ordine
2527 3937 2597 3993 ad
2617 3935 3068 3993 commentarios
3094 3939 3345 4005 nostros,
3377 3939 3440 3992 ut
3463 3950 3656 4006 supra
3670 3936 3746 3992 de

2084 4026 2427 4084 Usuardinis
2475 4025 2758 4094 dicebam,
2803 4023 3357 4081 desideratissimam
3405 4021 3748 4082 lectoribus

2083 4116 2272 4174 lucem
2305 4115 2566 4172 afferret.
2599 4115 2714 4169 Nec
2739 4127 2878 4170 sane
2909 4127 2938 4168 a
2974 4113 3276 4184 promissis
3307 4111 3529 4183 resilio,
3557 4117 3747 4186 atque

2087 4204 2232 4262 adeo
2245 4207 2308 4260 ut
2327 4217 2518 4259 rerum
2543 4202 2942 4274 hujuscemodi
2968 4201 3284 4258 amantium
3317 4199 3580 4273 palatum
3601 4216 3749 4260 non-

2086 4292 2229 4350 nihil
2245 4291 2499 4362 titillem,
2519 4293 2751 4348 brevem
2768 4291 2857 4348 hic
2883 4291 3135 4362 aliquam
3150 4290 3746 4362 Hieronymianorum

2087 4387 2420 4438 nostrorum
2451 4379 2715 4438 codicum
2749 4378 3193 4436 delineationem
3217 4377 3426 4436 lubens
3457 4377 3745 4450 adnecto,

2089 4469 2275 4542 plura,
2310 4469 2354 4526 si
2390 4468 2642 4538 licuerit,
2687 4467 2824 4525 olim
2858 4467 3249 4539 praestiturus,
3285 4466 3384 4524 ubi
3408 4466 3613 4524 varios
3633 4469 3751 4524 Ha-

2088 4557 2476 4630 giophilorum
2507 4561 2715 4627 gustus
2744 4554 3146 4628 exploravero.

2089 4674 2109 4721 ς
2150 4669 2212 4714 Il.
2242 4693 2296 4702 —-
2327 4659 2399 4715 De
2439 4667 2848 4725 Hieronymlanis
2881 4667 3178 4722 minoribus,
3214 4670 3320 4713 tum
3357 4666 3749 4724 manuscriptls,

2657 4733 2764 4774 tum
2783 4730 2921 4787 typis
2939 4729 3160 4775 excusis.

2159 4826 2247 4878 25.
2265 4822 2382 4878 Sub
2398 4820 2565 4876 finem
2587 4819 2752 4876 citati
2774 4833 2958 4891 uuper
2979 4818 3021 4892 s
3043 4816 3296 4890 teapitis
3317 4820 3350 4874 4
3372 4815 3750 4888 ριιωῒθιὶοιιίε

2089 4907 2398 4980 generalis,
2423 4907 2538 4978 agit
2561 4907 2876 4965 Bollandus
2888 4907 2959 4964 de
2981 4905 3300 4977 exemplari
3316 4903 3514 4976 aliquo
3537 4905 3752 4962 Hiero-

2089 4992 3482 5067 nymianoHibernico,cujuslaciniasaliquotseu
3507 4998 3752 5050 extrac-

2090 5088 2148 5139 ta
2163 5098 2194 5140 a
2205 5083 2424 5140 celebri
2437 5085 2500 5140 P.
2519 5083 2769 5155 Colgano
2784 5083 3091 5153 submissa,
3112 5081 3546 5155 posterioribus
3563 5083 3754 5139 Janu-

2091 5170 2195 5227 arii
2216 5171 2397 5228 nostri
2411 5171 2482 5228 de
2499 5171 2658 5228 Actis
2670 5175 3003 5228 sanctorum
3024 5169 3232 5227 diebus
3248 5169 3602 5240 inseruerat,
3623 5171 3750 5226 s'ub

2100 5261 2328 5318 nomine
2377 5259 2770 5333 Martyrologii
2812 5258 3240 5332 Hieronymiani
3278 5257 3746 5316 Tamlacteusis.

2092 5350 2174 5406 An
2201 5347 2826 5420 autographumipsum
2853 5349 3265 5405 menbraneum
3290 5360 3544 5418 unquam
3576 5345 3755 5404 vide-

2091 5437 2168 5494 rit
2185 5436 2515 5508 Bollandus,
2547 5435 2785 5494 dubium
2813 5436 3130 5510 facit,quod
3150 5435 3552 5493 Tamlactense
3574 5433 3753 5492 istud

2091 5525 2704 5602 simileEpternacensi
2717 5524 3318 5598 existimet,cum—vere
3331 5521 3518 5584 solum
3533 5523 3760 5596 Marty-
