3988 6158
268 260 377 318 473

1694 255 2237 316 PROLEGOMENA.

3564 253 3677 321 674

266 380 480 453 rologii
504 380 752 453 alicujus
769 381 1194 457 HierOnymiani
1220 384 1602 457 fragmentum
1634 384 1747 443 dici
1790 400 1917 459 pos-
1941 382 2000 446 A
2026 386 2223 445 terris.
2259 385 2416 446 Folia
2448 392 2587 447 sunt
2623 386 2904 446 tredecim
2952 387 3320 458 membranae,
3373 384 3428 443 in
3481 385 3667 444 forma

200 524 213 527 _
264 471 367 528 sit.
384 472 447 528 Id
472 471 608 528 mihi
633 471 802 543 plane
822 473 1257 544 constitit,dum
1281 466 1703 548 autographum
1728 475 1914 548 ipsum

263 561 333 617 R.
359 562 422 617 Ρ.
449 560 631 616 Livini
666 561 738 617 de
768 562 978 633 Meyer,
1003 563 1111 618 viri
1151 565 1223 620 de
1273 565 1574 637 republica
1625 565 1913 623 litteraria

264 647 720 720 praeclarissime
742 649 956 721 meriti,
982 654 1123 709 tunc
1142 653 1374 724 collegii
1398 654 1581 711 nostri
1606 656 1916 712 Lovanien-

261 736 349 794 sis
380 737 635 794 rectoris
665 738 1088 810 benevolentia,
1119 756 1150 797 a
1181 743 1297 798 RR.
1331 745 1438 799 PP.
1486 744 1917 802 Franseiscanis

260 825 544 883 Hibernis
572 825 970 899 impetratum,
994 829 1238 887 otiosius
1267 836 1325 887 et
1375 831 1714 902 diligentius
1759 833 1915 890 evol-

259 928 408 971 vere
438 919 498 971 et
531 917 809 973 excutere
840 915 1023 974 licuit.
1060 919 1139 975 Eo
1170 934 1289 991 prae
1322 920 1556 978 caeteris
1595 935 1684 977 me
1732 922 1914 993 impu-

259 1002 421 1061 lerat
455 1002 764 1061 Castellani
794 1005 1129 1079 curiositas,
1157 1009 1253 1080 qui
1280 1009 1677 1068 Tamlactense
1706 1013 1913 1083 Marty-

257 1091 554 1164 rologium
585 1092 899 1164 aliquoties
919 1095 975 1152 in
997 1098 1159 1154 Actis
1180 1098 1443 1169 citatum,
1469 1100 1582 1156 imo
1611 1099 1910 1158 laudatum

258 1180 590 1252 inveniens,
621 1181 962 1242 thesaurum
994 1185 1286 1257 ingentem
1318 1188 1549 1245 Lovanii
1584 1188 1768 1248 latere
1800 1190 1909 1247 sibi

256 1269 439 1342 plane
470 1278 865 1343 persuaserat.
901 1275 1019 1344 Ego
1045 1290 1204 1345 vero,
1241 1280 1368 1348 post
1401 1281 1738 1336 accuratum
1778 1294 1912 1335 exa-

256 1372 419 1430 men,
445 1359 618 1418 facile
650 1362 1034 1419 animadverti
1065 1364 1326 1421 codicem
1358 1365 1519 1423 illum
1542 1365 1711 1438 longe
1734 1383 1909 1440 supra

256 1448 539 1507 meritum
573 1464 602 1506 a
634 1450 951 1521 majoribus
978 1452 1216 1523 nostris,
1244 1454 1453 1525 quibus
1473 1455 1593 1512 sola
1617 1460 1905 1528 extracta,

255 1540 318 1592 ut
355 1536 502 1593 mihi
535 1552 689 1609 saepe
716 1542 970 1597 testatus
998 1544 1086 1597 est
1119 1543 1569 1615 Papebrochius,
1596 1560 1625 1601 a
1658 1547 1764 1602 PP.
1791 1545 1910 1603 illis

253 1625 552 1683 linoritis
581 1626 870 1698 Hibernis,
906 1643 1007 1686 seu
1058 1644 1089 1685 a
1124 1629 1375 1700 Colgano
1424 1632 1593 1690 missa
1652 1635 1903 1706 fuerant,

2025 487 2232 540 octava
2283 481 2525 553 majore,
2561 477 2696 535 boni
2747 475 3043 548 priscique
3090 474 3470 547 characteris,
3506 474 3666 546 ipsas

2026 571 2420 643 diphthongos
2471 567 2628 624 clare
2671 565 3072 637 exprimentis.
3103 566 3229 621 Non
3257 564 3403 620 male
3434 563 3665 621 censuit

2022 662 2210 730 Vitus,
2221 658 2642 733 fragmenta/2n
2660 655 2767 713 hoc
2796 669 2963 711 suum
2986 653 3515 725 eaaratmnfnisse
3525 652 3668 724 post

2021 750 2149 808 dies
2177 748 2374 808 sancti
2396 744 2673 818 Gregorii
2688 743 2921 816 Magni,
2948 741 3155 814 etpost
3172 741 3380 800 σαφοτί
3395 740 3609 812 Magni
3642 758 3663 796 :

2019 851 2163 895 nam
2182 838 2249 894 in
2267 833 2746 906 illo,inquit,snis
2761 832 2917 889 recte
2940 831 3082 889 locis
3105 830 3231 902 lego
3236 829 3410 902 festa
3428 827 3663 886 Natiei-

2022 927 2167 984 tatis
2192 925 2373 988 beata
2407 922 2674 995 Virginis
2696 922 2757 979 et
2769 920 3188 977 Eaaltationis
3203 918 3425 977 sancta
3443 916 3656 976 erucis.

2020 1017 2100 1072 De
2130 1018 2350 1072 caetero
2370 1026 2509 1071 vere
2533 1008 3035 1080 Hicronymianum
3059 1022 3211 1078 esse,
3239 1022 3343 1065 seu
3366 1022 3440 1064 ex
3461 1006 3662 1064 Hiero-

2020 1103 2288 1176 nymiano
2313 1104 2663 1167 extractum,
2691 1099 2848 1156 clare
2870 1097 3147 1155 evincunt
3176 1096 3436 1153 exhibita
3468 1109 3500 1151 a
3533 1093 3663 1152 Bol-

2021 1193 2194 1250 lando
2216 1192 2630 1266 specimina,ac
2653 1188 2991 1261 quotidiana
3016 1184 3127 1242 alia
3142 1185 3351 1243 diebus
3363 1183 3661 1256 sequenti-

2020 1283 2148 1339 bus.
2173 1284 2358 1338 Unum
2389 1278 2777 1351 superaddam
2808 1292 2882 1332 ex
2911 1291 2930 1331 ι
2958 1273 3093 1331 Julii
3127 1272 3475 1345 exemplum,
3501 1272 3659 1342 quod

2019 1372 2297 1442 deinceps
2315 1384 2420 1441 per
2432 1367 2621 1426 omnia
2645 1370 2922 1423 secutura
2945 1363 3279 1437 apographa
3304 1365 3506 1418 nostra
3528 1360 3658 1416 Hie-

2018 1458 2376 1531 ronymiania
2398 1471 2535 1513 mss.
2552 1454 2878 1525 vagabitur.
2905 1454 3074 1523 Puta,
3101 1467 3189 1508 me
3211 1454 3412 1507 textus
3432 1462 3652 1518 omnes,

2017 1564 2035 1605 ι
2062 1548 2198 1604 Julii
2231 1547 2287 1602 in
2315 1544 2621 1603 codicibus
2650 1543 2783 1599 istis
2815 1544 3071 1610 notatos,
3096 1555 3225 1597 cum
3257 1541 3424 1595 textu
3454 1535 3657 1593 Hiero-

2016 1634 2283 1705 nymiano
2316 1632 2545 1701 integro
2575 1629 2835 1702 ejusdem
2867 1627 2981 1685 diei
3014 1626 3386 1684 collaturum.

252 1713 483 1771 elatum
516 1720 577 1771 et
608 1717 1072 1774 commendatum
1100 1733 1250 1776 esse.
1286 1721 1509 1776 Etenim
1541 1728 1757 1793 praeter
1805 1724 1903 1781 ad-
1932 1733 1986 1793 Β
2088 1728 2176 1781 28.
2210 1721 2510 1779 Praemitto
2529 1718 2840 1790 hieitaque
2862 1732 2935 1774 ex
2959 1716 3141 1789 prima
3162 1712 3298 1772 Julii
3318 1716 3506 1770 totum
3531 1712 3654 1766 tex-

254 1803 433 1860 mista
490 1804 801 1861 Ilibernica
853 1807 1107 1877 propria,
1162 1807 1429 1879 pluribus
1479 1811 1905 1869 recentioribus
2016 1817 2138 1870 tum
2176 1825 2250 1867 ex
2292 1808 2871 1880 Ilieronymianorum
2917 1804 3171 1862 omnium
3226 1798 3650 1869 vetustissimo,

255 1886 687 1950 additamentis
714 1908 823 1950 non
858 1900 1041 1966 caret,
1078 1896 1268 1967 qualia
1302 1902 1433 1953 sunt
1468 1899 1678 1955 festum
1720 1902 1902 1958 sancti
2014 1899 2429 1970 Autuerpiensi
2461 1911 2563 1954 seu
2595 1894 3032 1968 Epternacensi.
3059 1893 3184 1950 Erit
3207 1889 3449 1948 lectoris
3470 1888 3653 1945 citan-

252 1980 504 2053 Josepb,
524 1982 921 2040 Revelationis
944 1984 1237 2041 Michaelis
1259 1987 1614 2058 archangeli,
1639 1989 1903 2047 Omnium
2015 1990 2123 2047 dos
2154 1989 2302 2045 infra
2326 1988 2570 2044 aliorum
2592 1984 2859 2041 codicum
2884 1981 3175 2039 indiculos
3194 1978 3496 2035 breviores
3520 1988 3650 2031 eum

254 2071 634 2143 Sanctorum,
667 2076 724 2128 et
752 2073 924 2144 plura
971 2073 1317 2143 hujusmodi.
1353 2075 1600 2133 Aliunde
1646 2092 1785 2134 vero
1831 2093 1903 2134 ex

252 2158 577 2216 duodecim
642 2161 773 2216 anni
827 2162 1124 2220 mensibus
1166 2163 1350 2220 solum
1410 2164 1667 2236 Aprilem
1727 2167 1900 2224 habet

252 2246 579 2317 integrum.
615 2250 694 2304 En
726 2251 930 2322 paucis
954 2254 1139 2308 totam
1170 2251 1298 2323 ejus
1326 2253 1623 2326 analysim.

317 2340 416 2393 26.
449 2337 742 2395 Praefatus
795 2339 980 2396 codex
1031 2340 1232 2397 decem
1283 2341 1417 2398 folia
1465 2344 1900 2403 membranacea

247 2425 527 2482 continet
550 2427 882 2496 grandioris
905 2429 1120 2498 formae,
1138 2429 1308 2485 simili
1324 2430 1438 2486 alio
1454 2432 1589 2488 folio
1602 2438 1903 2505 000perta-

249 2514 346 2570 ubi
374 2513 439 2569 in
456 2514 653 2571 fronte
667 2516 980 2573 recentiori
1000 2531 1169 2574 manu
1185 2518 1527 2590 apponitur:
1543 2520 1904 2593 Martyrolo-

244 2604 430 2675 gium
458 2604 887 2675 Tamlactense,
909 2606 970 2662 et
993 2608 1277 2677 opuscula
1295 2609 1363 2665 S.
1391 2608 1703 2680 Engussii
1731 2612 1897 2682 Kele,

248 2691 363 2749 dei.
393 2693 460 2747 In
484 2706 589 2748 ora
614 2692 804 2749 inﬁma
830 2693 1031 2765 primm
1055 2695 1280 2766 paginae
1322 2696 1538 2764 legitur
1563 2716 1575 2752 :
1599 2698 1695 2755 Ad
1729 2713 1903 2756 nsu/m

246 2780 576 2839 conventus
607 2782 1059 2853 Dungallensis,
1095 2788 1151 2838 ct
1186 2799 1389 2841 rursus
1411 2785 1480 2841 ad
1502 2784 1718 2841 calcem
1745 2788 1901 2859 pagi-

248 2883 332 2926 um
356 2868 571 2925 tertia;
599 2888 611 2923 :
634 2869 735 2926 Ea:
759 2869 932 2928 libris
952 2872 1265 2929 conventas
1282 2873 1732 2944 Dnngallensis.
1758 2877 1902 2932 Mar-

248 2956 616 3029 tyrologium
645 2957 832 3029 ipsum
864 2972 972 3015 nec
1004 2960 1150 3015 bene
1173 2960 1489 3033 depictum,
1517 2976 1620 3018 nec
1643 2963 1787 3020 satis
1810 2980 1901 3021 or-

2014 2078 2125 2135 hoc
2142 2093 2268 2135 com
2276 2075 2613 2147 ponere.Sic
2628 2074 2833 2129 habet:
2856 2062 3650 2130 EalJnliiJnNicomedia,
3708 2143 3713 2147 η

2011 2167 2185 2224 Zoili.
2204 2167 2413 2235 Roma,
2436 2163 2722 2235 depositio
2744 2158 3173 2231 Gaiiepiscopi.
3188 2153 3436 2214 Natalis
3456 2150 3653 2210 Incite

2010 2254 2270 2327 virginis
2293 2254 2351 2310 et
2368 2254 2600 2310 Anceia
2618 2251 2799 2323 regis,
2816 2262 2948 2307 cum
2969 2247 3112 2305 aliis
3123 2259 3240 2300 vni.
3258 2241 3650 2339 Item;

2011 2343 2181 2413 Isici,
2198 2341 2491 2412 Processi,
2506 2339 2782 2409 Marine,
2795 2335 3104 2405 Antonini,
3115 2330 3352 2400 Sereni,
3369 2328 3655 2393 Victoris;

2010 2432 2142 2488 Zeli
2160 2444 2293 2488 cum
2313 2430 2460 2487 aliis
2482 2428 2625 2486 octo.
2662 2426 2921 2495 Orionis,
2951 2423 3013 2481 et
3037 2422 3299 2479 aliorum
3328 2430 3531 2474 comi.
3576 2414 3655 2471 In

2012 2519 2312 2589 Antiochi,
2339 2516 2680 2587 Seceriani,
2710 2515 2896 2580 Zoeli,
2918 2511 3087 2570 Pasi.
3113 2506 3415 2580 Depositio
3444 2501 3656 2562 Idonei

2011 2608 2331 2680 enm/niis.
2360 2606 2801 2678 Aagnstodnno,
2814 2601 3100 2674 depositio
3121 2596 3352 2655 Leontii
3372 2591 3647 2666 episcopi.

2011 2699 2088 2756 In
2109 2696 2390 2767 Persida,
2411 2696 2532 2752 SS.
2558 2693 2956 2765 apostolorum
2971 2686 3238 2746 Simonis
3281 2681 3568 2741 Uananai
3596 2680 3657 2735 et

2006 2785 2200 2855 Jnda,
2218 2782 2443 2851 fratris
2460 2781 2686 2840 Jacobi.
2713 2777 2957 2867 Paulqu
2990 2775 3255 2867 auctiora
3279 2774 3415 2867 sunt
3434 2771 3651 2867 Ducen-

2011 2872 2096 2929 sia
2119 2875 2179 2928 et
2200 2869 2575 2927 Corbeiensia
2598 2886 2612 2935 ;
2637 2867 2834 2939 priora
2866 2864 3017 2920 enim
3042 2859 3405 2918 interserunt
3426 2856 3651 2927 deposi-

2011 2962 2228 3019 tionem
2259 2960 2475 3028 Aaron,
2503 2956 2861 3026 adduntque,
2885 2951 3214 3024 Egolisma.
3239 2943 3485 3020 Eparci.
3509 2944 3650 2999 Pos-

248 3045 456 3103 dinate
490 3045 802 3117 digestum,
829 3047 1026 3104 decem
1051 3030 1331 3105 duntasat
1366 3030 1604 3122 paginas
1625 3067 1755 3109 eum
1780 3055 1900 3112 fere
1931 3080 1979 3143 ο
2010 3051 2229 3108 teriora
2251 3064 2399 3143 vero
2432 3042 2988 3143 insuperﬁad‘jici‘unt
3016 3030 3651 3143 depositionernﬂKflf‘f-

247 3134 498 3192 dimidia
520 3134 954 3208 complectitur,
980 3136 1179 3194 multis
1210 3138 1424 3209 ubique
1454 3141 1783 3200 nominibus
1803 3144 1901 3200 vix

248 3222 604 3294 legibilibus
626 3223 948 3296 impletum.
974 3226 1177 3283 Deficit
1201 3241 1230 3283 a
1264 3242 1317 3283 IV
1346 3228 1468 3284 Kal.
1506 3230 1804 3287 Februarii
1828 3233 1899 3289 ad

246 3326 299 3368 ιν
328 3313 478 3370 ldus
509 3312 719 3383 Martii,
755 3314 1015 3385 adeoque
1048 3330 1152 3372 nec
1180 3317 1489 3374 Ianuarius
1519 3333 1626 3376 nec
1657 3321 1899 3379 Martius

243 3400 467 3471 integri
501 3405 638 3457 sunt
668 3420 682 3468 ;
711 3401 993 3473 deestque
1024 3407 1189 3460 totus
1220 3406 1593 3464 Februarius.
1626 3410 1749 3465 Jam
1781 3410 1899 3466 dixi

242 3488 435 3546 solum
469 3488 730 3561 Aprilem
764 3489 997 3561 plenum
1028 3506 1178 3549 esse.
1214 3494 1393 3551 Maius
1420 3510 1603 3566 usque
1639 3497 1709 3553 ad
1748 3498 1898 3554 diem

242 3577 616 3648 vicesimum,
643 3591 743 3634 seu
766 3593 865 3634 xm
887 3578 1004 3635 Cal.
1030 3581 1184 3637 Junii
1227 3582 1511 3639 decurrit.
1551 3585 1775 3641 Absunt
1805 3588 1902 3643 Ju-

242 3665 376 3723 nius
403 3670 468 3722 et
491 3664 701 3723 Julius.
721 3668 1020 3737 Augustus
1045 3668 1247 3742 incipit
1272 3685 1299 3726 a
1326 3686 1380 3726 ιν
1402 3673 1609 3742 Nonas,
1625 3672 1793 3743 cujus
1815 3689 1902 3729 re-

242 3752 390 3825 liqui
420 3753 556 3811 dies
575 3753 884 3813 habentur.
912 3757 973 3812 In
994 3758 1314 3829 septembri
1338 3759 1549 3816 desunt
1573 3776 1670 3831 xu,
1696 3776 1753 3817 χι
1776 3765 1832 3817 et
1867 3778 1900 3818 x

243 3841 365 3898 Kal.
396 3843 701 3900 Octobris.
721 3845 978 3902 October
991 3845 1251 3903 decurrit
1270 3861 1457 3918 usque
1471 3847 1539 3903 ad
1566 3864 1628 3904 Ill
1649 3849 1769 3905 Kal.
1795 3850 1902 3906 No-

239 3931 531 3987 vembris.
560 3932 739 3989 Abest
765 3936 926 3990 totus
949 3936 1291 3991 November.
1319 3937 1635 3994 December
1658 3953 1797 3995 vero
1821 3938 1904 3994 in-

243 4019 504 4076 choatur
526 4034 558 4076 a
582 4035 652 4077 xv
676 4020 916 4077 Kalend.
950 4022 1231 4079 Januarii.
1266 4025 1433 4079 Patet
1468 4024 1646 4095 igitur
1676 4041 1901 4084 manus-

240 4108 322 4163 eri
329 4111 506 4179 ptum
534 4106 703 4180 plane
726 4109 1130 4180 imperfectum
1146 4125 1490 4183 esse,nequc
1506 4113 1650 4170 adeo
1664 4114 1898 4184 dignum

241 4196 399 4267 quod
435 4196 595 4252 inter
634 4197 1107 4270 Hieronymianos
1144 4200 1381 4258 codices
1421 4207 1895 4260 connumcretur.

239 4285 375 4343 Post
413 4284 829 4357 qualecunque
861 4287 1354 4360 Martyrologium,
1390 4291 1664 4361 sequitur
1705 4292 1900 4349 nescio

2011 3139 2125 3212 legi.
2158 3138 2269 3194 Sed
2315 3151 2442 3207 nos,
2485 3149 2615 3192 cum
2658 3130 2959 3200 Bollando,
2994 3127 3255 3185 codicem
3304 3121 3467 3179 illum
3516 3132 3648 3212 nos-

2009 3210 2182 3298 trum,
2217 3224 2450 3282 caeteris
2501 3220 2885 3279 vetustiorem
2936 3212 3545 3309 prmstantioremque,
3581 3210 3647 3264 ut

2010 3316 2389 3387 archetypum
2444 3324 2773 3383 sequemur.
2821 3309 2984 3364 Nunc
3025 3297 3438 3360 Rhinovicnsis
3497 3297 3646 3387 frag-

2010 3405 2187 3462 menti
2220 3386 2398 3461 verba
2431 3401 2671 3459 attende
2707 3418 2718 3453 :
2751 3399 2895 3456 Kal.
2928 3395 3107 3454 Jnlii.
3158 3394 3236 3451 In
3273 3386 3643 3456 Nicomedia,

2007 3494 2192 3563 Zoeli,
2214 3494 2434 3562 Nemee,
2462 3490 2619 3563 Gagi
2645 3503 2825 3562 papa.
2858 3486 3052 3544 ania
3070 3480 3348 3554 virginis.
3375 3474 3649 3535 Processi

2008 3582 2068 3638 et
2081 3581 2333 3638 Marini.
2355 3582 2528 3635 Forte
2547 3594 2652 3651 pro
2672 3576 2941 3634 Marine.
2971 3571 3214 3629 Collatis
3232 3568 3539 3637 utriusque
3563 3568 3646 3622 ta-

2012 3670 2163 3728 bulae
2182 3670 2401 3740 verbis,
2425 3668 2523 3725 vix
2547 3668 2768 3741 syllaba
2788 3666 3158 3739 reperientur
3180 3679 3308 3736 quae
3338 3677 3411 3721 ex
3440 3660 3645 3731 majori

2008 3757 2296 3815 laterculo
2310 3760 2552 3828 accepta
2564 3760 2625 3812 et
2639 3754 2935 3826 descripta
2950 3769 3063 3810 non
3078 3753 3379 3809 sit.Jamad
3394 3751 3543 3808 alios
3556 3765 3647 3807 co-

2010 3846 2172 3904 dices
2185 3839 3642 3916 nostros,plerumqueliberaliores,descendamus.

2079 3941 2166 3993 29.
2202 3937 2316 3991 Eos
2347 3934 2500 3989 inter
2522 3933 2580 3987 in
2604 3931 2768 3988 Actis
2790 3930 3011 3987 nostris
3035 3927 3535 3988 nominatissimus
3552 3930 3647 3983 est

2009 4022 2493 4083 Richenooiensis
2512 4020 2635 4078 sive
2658 4019 2866 4093 Angice
2892 4019 3119 4077 Divitis
3150 4032 3333 4091 prope
3364 4018 3647 4073 Constan-

2010 4115 2148 4170 tiam
2171 4114 2229 4170 in
2252 4111 2573 4183 Germania,
2598 4110 2766 4180 cujus
2785 4110 3139 4182 ecgraphum
3161 4108 3439 4165 habemus
3461 4104 3648 4191 nitide

2009 4203 2371 4275 descriptum
2395 4202 2451 4258 in
2468 4202 2649 4257 forma
2664 4203 2871 4271 quarta
2886 4197 3399 4269 minore,illudque
3414 4194 3647 4252 invenio

2010 4307 2117 4350 nos
2151 4292 2396 4364 primum
2429 4290 2731 4361 accepisse
2758 4303 2909 4345 anno
2943 4292 3101 4345 1651.
3136 4289 3214 4342 De
3237 4283 3462 4342 codicis
3485 4286 3651 4343 auto-

238 4388 369 4445 quae
406 4372 615 4490 tabula
639 4375 960 4490 ’nominum,
989 4376 1044 4432 ni
1078 4376 1266 4447 fallor,
1293 4378 1756 4490 Hibernicorum,
1794 4395 1897 4453 per
1926 4429 1978 4490 Β
2006 4381 2213 4452 graphi
2236 4381 2417 4490 forma
2435 4381 2536 4436 aut
2557 4382 2731 4490 aetate
2754 4374 3430 4490 nihilnftatuin:videor
3453 4385 3650 4428 recor-

238 4463 347 4490 I-:p.
367 4464 426 4490 ΓΑ
462 4462 511 4490 ζει
556 4478 621 4490 ,ιη
679 4478 864 4490 ιιι-νηεινι
886 4466 1535 4490 Ακ..-ι...1..,.ἕ--ιι-...-..,.-
1578 4484 1726 4490 -.η-,μ
1750 4471 1872 4490 μμ-..
2014 4469 2131 4490 ,1-..2
2158 4470 2344 4490 πι-..--
2394 4468 2578 4490 -_:-_...
2649 4467 2805 4490 Διὶ-..
2837 4467 2927 4490 ει..-
2976 4466 2989 4490 ζ
3032 4472 3645 4490 ..η-..ηηηιηηηιινηηηηι

238 4463 350 4520 tria
367 4461 535 4534 folia,
555 4478 622 4520 ac
638 4462 867 4522 demum
883 4466 1168 4536 opuscula
1184 4467 1305 4523 sive
1319 4467 1731 4539 opuscolorum
1750 4471 1898 4541 frag-

239 4556 545 4622 menta,eo
559 4566 827 4609 sermone
846 4569 1014 4625 quem
1031 4570 1119 4612 me
1135 4556 1321 4612 fateor
1336 4571 1583 4628 prorsus
1604 4572 1714 4614 non
1730 4558 1899 4615 intel-

240 4637 450 4711 ligere.
481 4642 675 4712 Atque
699 4642 825 4698 haec
847 4641 917 4713 de
938 4642 1323 4701 Tamlactensi
1346 4645 1492 4702 satis
1512 4645 1672 4702 dicta
1697 4651 1892 4704 sunto.

307 4734 400 4786 27.
421 4728 672 4799 Subjieit
693 4729 1006 4788 Bollandus
1027 4733 1319 4803 specimen
1335 4733 1748 4792 contractioris
1769 4735 1898 4792 Hie-

239 4819 755 4892 ronymiani,quod
768 4820 1893 4898 olimRIainorciensisvelRhinociensis,

231 4904 406 4975 juxta
434 4908 722 4969 Basileam
745 4911 1015 4982 coenobii,
1034 4911 1160 4983 fuit,
1179 4918 1476 4985 repertum
1500 4914 1555 4969 in
1587 4913 1894 4985 Rosweydi

238 4994 502 5066 schedis,
521 4996 618 5068 qui
647 4996 791 5054 illud
816 5013 965 5055 anno
986 5004 1124 5057 1623
1146 5007 1453 5074 acceperat
1478 5018 1507 5058 a
1542 5006 1742 5059 nostro
1774 5005 1897 5060 Ste-

238 5084 437 5155 phano
452 5085 610 5157 Vito,
626 5086 721 5144 hic
738 5088 810 5144 ab
824 5087 952 5160 ipso
965 5090 1213 5147 coenobii
1225 5091 1635 5148 Rhinoviensis
1659 5093 1892 5163 abbate,

240 5175 303 5228 ut
317 5176 627 5231 testantur
640 5175 997 5247 superstites
1011 5176 1723 5251 litterze,Martyrologium
1740 5179 1893 5237 istud

234 5265 406 5319 recte
427 5265 711 5319 vocantes
733 5263 1139 5337 fragmentum,
1161 5281 1291 5324 cum
1324 5266 1514 5324 desint
1550 5267 1683 5324 folia
1715 5269 1787 5324 ab
1818 5283 1895 5325 vn

231 5346 361 5404 Kal.
390 5348 694 5407 Februarii
718 5350 789 5407 ad
812 5367 903 5409 xxv
928 5351 1027 5409 Kal
1053 5352 1287 5425 Aprilis,
1311 5358 1367 5411 et
1392 5369 1422 5410 a
1445 5354 1739 5424 vicesimo,
1765 5369 1894 5427 sep-

234 5434 387 5492 timo
418 5436 512 5493 die
546 5437 926 5512 Septembris,
964 5455 1146 5513 usque
1189 5441 1260 5497 ad
1307 5442 1645 5499 Decembris
1690 5443 1895 5499 vicesi-

231 5533 404 5580 mum
436 5528 729 5599 quartum.
760 5525 969 5605 Incipit
1002 5542 1032 5586 a
1065 5526 1158 5586 die
1188 5525 1368 5585 natali
1404 5529 1539 5585 Jesu
1574 5526 1786 5587 Christi
1834 5528 1891 5590 in

2009 4469 2133 4527 dari
2157 4467 2583 4525 Henschenium
2606 4467 2677 4523 de
2691 4467 2764 4524 iis
2778 4466 2991 4523 alicubi
3010 4464 3195 4522 fusius
3207 4462 3399 4533 egisse
3416 4472 3647 4529 ;verum

2008 4572 2273 4630 quaerere
2293 4556 2813 4629 supersedeo.cum
2838 4553 3073 4611 aliunde
3093 4551 3239 4609 satis
3267 4553 3467 4624 pateat
3497 4547 3649 4620 opti-

2006 4661 2111 4704 mae
2131 4649 2286 4703 notae
2307 4658 2455 4715 esse,
2471 4646 2551 4713 et,
2577 4643 2689 4699 nisi
2714 4642 2958 4700 multum
2983 4640 3172 4709 fallar,
3195 4637 3546 4706 Gellonensi,
3572 4635 3645 4691 ab

2005 4735 2256 4793 Acherio
2289 4733 2585 4806 Spicilegii
2619 4736 2776 4789 tomo
2799 4733 2919 4788 XIII
2953 4728 3323 4801 cdito,longe
3353 4726 3557 4798 purius
3585 4726 3647 4783 et

2007 4820 2649 4893 praestantius,tametsi
2680 4823 2878 4877 careat
2901 4817 3198 4874 Breviario
3220 4810 3641 4885 apostolorum,

2006 4910 2160 4982 quod
2182 4909 2240 4965 in
2271 4908 2601 4967 Gellonensi
2624 4907 3037 4979 Martyrologio
3062 4902 3459 4978 praemittitur.
3496 4898 3644 4956 Edu-

2005 5012 2205 5056 camus
2225 4998 2319 5055 hic
2342 5000 2653 5070 utriusque
2678 5000 2902 5055 textum
2929 4995 3087 5065 Julii,
3113 5006 3242 5051 cum
3274 4987 3480 5058 majori
3515 4987 3643 5043 Hie-

2004 5086 2341 5157 ronymiano
2366 5087 2482 5158 jam
2515 5086 2812 5157 descripto
2862 5080 3297 5143 conferendum.
3329 5074 3423 5133 Sic
3466 5075 3644 5132 habet

2004 5175 2468 5233 Richenoviense
2502 5194 2514 5229 :
2548 5176 2805 5234 Kalend.
2831 5176 2907 5232 In
2924 5168 3291 5238 Nicomedia,
3311 5165 3499 5237 Zoeli,
3531 5165 3643 5222 Ro—

1999 5278 2129 5336 ma,
2162 5263 2319 5337 Gagi
2336 5279 2533 5338 papa,
2558 5266 2752 5323 ania
2769 5261 3046 5334 virginis,
3071 5257 3364 5328 Processi,
3384 5254 3641 5325 Marini,

2001 5355 2080 5412 In
2110 5353 2447 5425 Antiochia,
2467 5353 2798 5412 Seueriani.
2834 5351 2913 5408 In
2938 5348 3133 5406 monte
3160 5348 3310 5417 Hor,
3353 5344 3641 5418 depositio

2002 5442 2202 5501 Aaron
2228 5442 2575 5501 sacerdotis.
2612 5438 3045 5530 Augusiidnno,
3096 5437 3326 5530 Leontii
3359 5433 3634 5530 episcopi.»

2003 5530 2088 5589 Ad
2119 5530 2351 5590 oculum
2382 5544 2588 5589 rursus
2616 5530 2778 5605 patet
2809 5527 3252 5601 ilieronymiana
3282 5533 3415 5595 esse
3445 5527 3635 5580 omnia
