3988 6158
217 261 314 320 ιιπ
1630 256 2175 315 ΡΒΟΙιΕϐΟΜΕΝΑ.

3500 263 3607 325 ιτθ

214 382 540 459 apographa
568 382 702 440 bina
730 381 863 454 alia,
890 382 993 439 sed
1024 380 1394 455 incomplete,
1430 395 1677 453 quorum
1707 380 1851 439 alte-
1876 382 1934 444 A
1964 385 2280 453 servatum,
2302 376 2556 440 indidem
2580 379 2892 440 transcribi
2918 380 3177 442 fecimus.
3201 380 3462 444 Alterum
3484 400 3603 445 mo-

212 488 333 532 rum
364 471 685 544 descripsit
704 471 1160 544 Papebrochius,
1182 472 1502 529 secundum
1528 472 1845 545 inchoavnt,

213 562 307 620 sed
341 559 658 633 complevit
676 574 880 617 manus
896 560 1118 632 eadem,
1140 574 1171 616 a
1191 574 1301 631 qua
1321 563 1458 617 sunt
1478 561 1593 618 duo
1613 561 1848 617 laudata

213 648 566 708 Casinensia.
597 649 850 705 Primum
882 664 914 705 a
946 648 1183 706 Kalend.
1216 649 1850 723 Januariisumptoini-

209 739 307 809 tio,
358 738 565 796 deficit
607 737 664 794 in
709 753 749 794 ιι
786 739 979 795 Nonas
1010 753 1112 796 seu
1145 755 1199 794 γι
1229 738 1375 794 Maii.
1412 739 1705 795 Uniforme
1737 753 1845 795 non

209 832 315 897 est,
337 841 473 883 nam
494 826 684 898 elogia
710 826 842 883 hinc
866 826 1000 884 inde
1025 826 1262 884 exhibet
1285 826 1567 884 clausulis
1585 827 1697 884 sibi
1719 843 1850 900 pro-

210 915 369 988 priis,
410 919 498 985 ut,
530 914 694 971 verbi
725 914 937 985 gratia,
970 914 1041 971 de
1072 916 1360 972 Genovefa
1384 930 1445 972 ιιι
1466 916 1589 971 Jan.
1619 934 1631 970 :
1660 916 1849 988 Cujus

207 1003 496 1075 reliquiis
516 1002 791 1061 honorem
809 1002 1072 1061 debitum
1082 1004 1496 1076 impendimus,
1508 1005 1782 1063 missales
1793 1005 1855 1062 et

207 1092 507 1149 orationes
511 1092 921 1164 persolvimus.
945 1092 1203 1149 Januarii
1224 1108 1277 1162 x,
1293 1093 1363 1148 de
1383 1091 1844 1150 Pauloeremita:

208 1180 719 1253 Nametapudnos
730 1180 821 1237 ita
832 1180 1105 1251 habetur,
1118 1182 1843 1253 etreliguiwoenerantur.

208 1271 324 1326 Jan.
354 1284 480 1340 xw,
508 1270 578 1326 de
599 1269 868 1326 Priscilla
892 1289 903 1323 :
933 1270 1122 1342 Cujus
1135 1272 1466 1343 gloriosum
1468 1286 1584 1344 pro
1610 1271 1848 1330 Christo

208 1372 475 1431 agonem,
488 1371 619 1416 eum
616 1358 983 1431 patrociniis
993 1359 1173 1432 digne
1182 1373 1549 1430 veneramur,
1557 1360 1849 1433 ofﬁcimu-

209 1460 317 1518 gue
330 1446 627 1504 diurnum
639 1491 657 1518 ,
679 1448 752 1504 ut
764 1450 884 1508 SS.
911 1448 1039 1506 PP.
1072 1449 1605 1521 sanxerunt,perso
1612 1449 1844 1506 luimus.

209 1535 430 1592 Rursus
459 1534 540 1591 ibi
572 1535 643 1591 de
675 1537 929 1593 Furseo:
965 1536 1155 1608 Cujus
1174 1536 1303 1594 cita
1311 1537 1498 1608 plena
1524 1535 1849 1594 virtutibus

208 1623 492 1697 refulget,
506 1624 568 1680 et
580 1637 792 1697 corpus
803 1623 1082 1683 venerati
1089 1626 1141 1682 le
1157 1626 1583 1683 monasterium
1597 1639 1713 1697 per
1738 1626 1850 1682 Ro-

1960 470 2202 527 nasterii
2227 471 2280 525 8.
2307 469 2531 542 Cyriaci
2558 470 2615 527 in
2646 471 2922 541 Thermis,
2948 471 3100 542 quod
3124 471 3293 530 unice
3315 488 3601 533 commen-

1960 560 2120 617 davit
2142 560 2527 631 adhibuitque
2566 561 2850 617 Baronius
2873 560 2928 615 in
2953 561 3312 618 recensendo
3333 563 3600 633 digeren-

1961 649 2150 720 doque
2165 651 2419 706 Romano
2441 649 2871 723 Martyrologio,
2894 650 3165 721 quodque
3186 665 3260 707 ex
3274 650 3601 709 Vallicella-

1960 741 2296 809 na,Patrum
2312 738 2566 795 Oratorii
2585 738 2936 796 bibliotheca
2952 740 3507 811 acceptum,pridem
3525 741 3598 800 ad

1960 842 2067 885 nos
2097 828 2279 899 misit,
2314 828 2644 885 studiorum
2675 832 3009 886 nostrorum
3040 829 3363 886 aestimator
3386 830 3601 888 fautor-

1960 930 2072 987 que
2085 917 2518 974 sincerissimus
2531 919 2584 973 S.
2602 918 2667 974 R.
2691 919 2750 973 Ε.
2769 917 3095 975 Cardinalis
3107 920 3318 976 Petrus
3332 918 3601 992 Aloysius

1960 1005 2200 1062 Carati‘a.
2234 1006 2488 1063 Tertium
2519 1021 2591 1062 ex
2622 1006 3063 1064 eminentissimi
3088 1008 3379 1065 Francisci
3412 1009 3607 1067 cardi-

1959 1094 2109 1152 nalis
2142 1094 2441 1152 Barberini
2484 1095 2939 1153 instructissima
2976 1111 3006 1152 a
3039 1096 3343 1155 codicibus
3374 1111 3604 1155 manus-

1960 1183 2169 1255 criptis
2192 1183 2545 1240 bibliotheca
2569 1185 2921 1257 accepimus,
2947 1184 3287 1256 acephalum
3310 1184 3456 1243 illud
3482 1185 3603 1258 qui-

1959 1271 2087 1329 dem
2121 1286 2306 1343 usque
2337 1273 2409 1329 ad
2441 1272 2577 1329 Idus
2604 1273 2858 1342 Martias,
2881 1277 2942 1329 et
2960 1277 3239 1344 quantum
3260 1288 3333 1330 ex
3353 1274 3602 1334 transla-

1959 1360 2116 1417 tione
2132 1362 2321 1419 sancti
2344 1361 2664 1432 Benedicti,
2683 1362 2885 1418 nvidus
2907 1362 3268 1434 Septembris
3290 1362 3594 1435 inscripta,

1959 1449 2943 1521 aliisqueindieiiscolligerelicuit,
2958 1465 3030 1506 ex
3054 1450 3248 1522 aliquo
3272 1451 3601 1509 Benedicti-

1959 1538 2100 1594 noin
2118 1538 2298 1595 Gallia
2321 1539 2676 1596 monasterio
2698 1541 2933 1596 Romam
2956 1539 3294 1596 advectum:
3321 1539 3425 1597 sed
3448 1540 3599 1612 opti-

1958 1641 2064 1683 mae
2096 1626 2250 1697 fidei,
2286 1641 2474 1698 neque
2504 1627 2585 1683 ita
2620 1631 2837 1684 temere
2860 1627 3250 1700 mendoseque
3270 1633 3373 1686 aut
3395 1642 3593 1701 parce,

208 1725 379 1768 mana
395 1712 640 1769 retinet.
660 1712 761 1768 Die
785 1714 1053 1784 sequenti
1076 1728 1189 1769 xvn
1205 1714 1483 1784 Januarii,
1507 1714 1577 1770 de
1596 1712 1844 1785 Sulpitio
1876 1737 1930 1797 Β
1960 1718 2027 1771 ιιι
2046 1715 2239 1786 priora
2264 1714 2397 1786 duo,
2418 1716 2521 1772 sed
2544 1715 2793 1787 fidelius,
2818 1715 3217 1788 prolixiusque
3241 1716 3595 1789 suppletum,

211 1799 562 1857 Bituricensi
610 1800 927 1874 episcopo:
987 1801 1177 1874 Cujus
1225 1802 1413 1859 citam
1462 1802 1739 1872 tenemus,
1791 1802 1849 1859 et
1960 1804 2169 1875 partim
2217 1818 2291 1860 ex
2339 1805 2781 1877 Hieronymiano
2816 1804 3247 1877 Martyrologio,
3283 1806 3493 1878 partim
3524 1820 3600 1863 ex

210 1888 897 1963 patrociniis/uicinum
914 1889 1079 1946 Tales
1100 1905 1207 1960 ego
1229 1888 1549 1959 elegiorum
1570 1889 1846 1947 formulas
1957 1891 2209 1963 propriis
2231 1892 2562 1949 dioeceseon
2586 1892 3010 1950 Gallicanarum
3035 1894 3286 1950 Fastis.»
3312 1895 3396 1951 Ita
3420 1896 3601 1965 Pape-

211 1976 262 2031 in
292 1975 479 2033 nullis
508 1977 791 2034 hactenus
822 1976 1252 2048 Martyrologiis
1291 1977 1550 2048 reperire
1590 1978 1842 2048 memini,
1957 1979 2236 2036 broehius
2259 1979 2548 2036 in'ordine
2571 1980 2641 2035 ad
2666 1980 2897 2050 Bedam,
2924 1980 3185 2037 codicem
3216 1980 3370 2038 hunc
3401 1980 3591 2049 effert,

212 2068 272 2121 ut
300 2066 454 2122 satis
497 2069 714 2137 pateat,
740 2065 1177 2137 compilatorem
1211 2065 1363 2121 hunc
1396 2065 1631 2137 pr0prio
1673 2065 1843 2135 genio
1955 2066 2011 2122 in
2037 2082 2151 2139 quo
2174 2071 2363 2125 tamen
2382 2068 2690 2125 advertere
2710 2070 2901 2140 potuit
2922 2069 3251 2125 recentiora
3271 2068 3384 2125 alia
3404 2067 3597 2139 adjec-

208 2154 543 2212 indulsisse.
582 2155 641 2209 in
674 2153 918 2225 reliquis
936 2157 1126 2210 tamen
1147 2154 1382 2210 brevior
1406 2157 1516 2224 est,
1545 2154 1845 2225 magisque
1956 2156 2248 2227 titiaesse,
2266 2161 2432 2214 utest
2455 2157 2967 2229 AssumptioB.M.
3000 2158 3596 2230 V.,ejusdemvigilia

209 2243 350 2315 style
385 2244 837 2314 Hieronymiano
866 2257 997 2299 sese
1030 2244 1450 2300 accommodat.
1952 2246 2371 2317 octava,atque
2401 2247 2534 2304 hinc
2566 2246 2698 2302 inde
2729 2247 2862 2316 alia,
2887 2260 3015 2317 qua:
3047 2260 3153 2303 nec
3184 2246 3590 2316 Hieronymum

270 2336 354 2389 3i.
385 2331 867 2387 Barberinianum
899 2331 1217 2388 secundum
1251 2332 1420 2402 longe
1451 2333 1636 2405 majus
1657 2337 1718 2389 et
1740 2333 1845 2389 dif-

209 2422 390 2480 fusius
407 2420 737 2493 est,primis
758 2426 945 2476 tamen
965 2420 1196 2478 duobus
1214 2421 1512 2478 mensibus
1529 2436 1660 2478 cum
1681 2421 1845 2478 dimi-

207 2508 295 2565 dio
317 2507 754 2577 mutilum,cum
775 2508 1020 2579 primum
1045 2508 1195 2564 diem
1222 2508 1509 2577 integrum
1529 2508 1720 2579 signet
1741 2509 1845 2564 Idi-

209 2597 308 2654 bus
337 2595 534 2652 Martii
562 2614 574 2650 :
599 2597 850 2654 Illustre
870 2594 1375 2669 Martyrologium
1404 2597 1722 2653 identidem
1748 2612 1845 2669 ap-

207 2682 1148 2758 pellavitHenschenius;quamvis
1162 2684 1514 2755 singularem
1530 2684 1685 2741 illam
1701 2700 1845 2757 prae-

206 2772 528 2844 rogativam
541 2787 655 2829 non
680 2787 883 2843 magno
900 2772 1073 2828 titulo
1095 2772 1148 2828 ei
1173 2773 1428 2829 debitam
1449 2773 1843 2845 deprchende-

207 2875 263 2918 re
275 2862 596 2934 potuerim,
612 2860 817 2918 saltem
832 2876 945 2932 quo
959 2862 1306 2933 praeferatur
1320 2862 1549 2920 duobus
1562 2862 1693 2918 aliis
1711 2879 1843 2920 mox

1954 2346 2061 2389 nec
2089 2334 2299 2390 Bedam
2330 2334 2582 2405 sapiunt.
2619 2335 2829 2390 Demus
2849 2333 2966 2403 jam
2998 2334 3372 2405 priefatorum
3413 2332 3589 2389 trium

1953 2422 2219 2479 codicum
2240 2436 2313 2478 ex
2344 2423 2698 2494 praesignato
2722 2421 2815 2477 die
2845 2422 3182 2493 specimina.
3546 2432 3549 2433 '

2024 2513 2109 2565 36.
2152 2511 2225 2565 Ut
2255 2523 2286 2564 a
2318 2514 2633 2581 postremo,
2678 2508 3092 2565 Barberiniano
3131 2507 3254 2579 illo,
3301 2507 3592 2580 incipiam,

1953 2596 2038 2653 sic
2058 2596 2200 2666 legit
2220 2615 2232 2651 :
2257 2598 2323 2653 Κ
2321 2598 2401 2655 al.
2420 2598 2645 2655 Julius.
2670 2599 2868 2654 Roma
2885 2597 3092 2654 natale
3110 2596 3462 2654 sanetamnn
3482 2597 3594 2653 Lu-

1950 2685 2057 2741 eice
2066 2684 2891 2758 cirginis,etAncemeregin¢e
2902 2684 3191 2743 cmnaliis
3204 2699 3316 2740 xxi.
3337 2682 3593 2741 Anisolce

1948 2773 2329 2844 monasterio,
2360 2773 2645 2846 depositio
2673 2773 2870 2831 sancti
2900 2773 3212 2844 Carilephi
3226 2772 3589 2845 presbyteri.

1950 2863 2029 2919 In
2054 2862 2248 2918 monte
2276 2863 2375 2932 0r,
2396 2862 2682 2932 depositio
2709 2863 2912 2919 Aaron
2935 2861 3281 2918 sacerdotis.
3309 2861 3388 2918 In
3405 2860 3591 2918 Meso-

205 2951 520 3021 seeuturis,
556 2964 760 3022 nempe
779 2949 967 3007 codici
988 2949 1445 3022 Hyeronymiano
1457 2951 1756 3024 Vaticano,
1783 2956 1843 3009 et
1941 2950 2239 3023 potamia,
2266 2950 2398 3008 Zeli
2416 2963 2549 3008 eum
2581 2950 2728 3009 aliis
2755 2963 2879 3008 seu.
2909 2949 3147 3008 Orionis
3172 2962 3306 3006 cum
3333 2948 3480 3007 aliis
3510 2963 3591 3019 ιιι,

205 3038 370 3097 alteri
393 3038 588 3097 codici
620 3039 673 3095 S.
706 3038 950 3109 Cyriaci,
982 3053 1096 3109 quo
1128 3054 1269 3096 usus
1289 3042 1382 3095 est
1404 3039 1720 3096 cardinalis
1744 3041 1844 3096 Ba-

1950 3039 2278 3097 etaliorum
2288 3039 2671 3097 ducentorum
2681 3039 3063 3111 septuaginta
3075 3037 3596 3110 guatuor.Augus-

205 3087 370 3097 -.----
396 3087 588 3097 ---η-
621 3087 673 3095 η-
712 3087 950 3109 _,-----,
985 3087 1092 3109 ν-
1131 3087 1268 3096 --μ
1293 3087 1380 3095 ---
1406 3087 1720 3096 "mu-.-
1744 3087 1819 3096 η
1951 3087 2157 3097 πω--.
2181 3087 2549 3097 "manu.--"
2573 3087 2736 3098 πη---
2784 3087 2885 3097 ,ηπ
2932 3087 3315 3109 "mra"--.
3340 3087 3565 3110 -..παπ

204 3130 437 3195 ronius;
462 3143 601 3199 non,
618 3128 1077 3201 inquam,video,
1100 3144 1206 3185 cur
1229 3129 1318 3185 his
1341 3130 1708 3201 praeferatur,
1731 3129 1842 3187 nisi
1874 3087 1924 3151 Ο
1955 3127 2189 3198 toduno,
2216 3128 2501 3215 depositio
2530 3087 2774 3185 Leontii
2788 3087 3064 3199 episcopi,
3095 3127 3157 3184 et
3177 3126 3376 3186 sancti
3409 3126 3593 3193 Quin-

204 3218 330 3289 quia
350 3217 491 3275 hinc
506 3218 641 3274 inde
660 3217 904 3275 liberius
916 3221 976 3274 et
992 3216 1297 3289 prolixius,
1316 3222 1435 3274 tum
1448 3222 1704 3289 sanctos,
1722 3222 1841 3276 tum

203 3305 385 3377 elogia
404 3306 638 3376 inserit,
655 3309 720 3363 ut
737 3320 978 3364 numero
998 3306 1265 3376 sequenti
1287 3321 1360 3361 ex
1378 3306 1625 3377 Prologo
1648 3307 1720 3364 ad
1743 3309 1845 3364 Be-

204 3394 325 3451 dam
343 3394 768 3465 intelligemus.
796 3395 966 3451 Certe
988 3394 1112 3451 haec
1126 3394 1240 3451 duo
1255 3395 1580 3465 posteriora
1607 3397 1844 3467 praecel-

204 3480 343 3554 lunt,
358 3484 519 3555 quod
532 3482 687 3555 stylo
701 3483 1143 3554 Hieronymiano
1159 3486 1463 3540 contracta
1479 3484 1716 3555 fuerint,
1734 3486 1842 3542 sub

203 3570 304 3628 hoc
333 3577 534 3629 autem
564 3587 696 3628 cum
730 3572 1144 3629 Barberiniano
1182 3572 1561 3642 concordant,
1598 3574 1750 3643 quod
1782 3577 1841 3629 et

201 3660 318 3731 ipsa
340 3675 416 3717 ex
437 3659 643 3717 eodem
668 3660 1110 3731 iiieronymiano
1126 3663 1428 3717 contracta
1456 3660 1694 3731 fuerint,
1710 3663 1844 3718 sub-

202 3748 329 3806 inde
358 3763 503 3805 vero
536 3751 708 3806 aucta
732 3748 942 3818 elogiis
965 3747 1260 3805 nonnullis
1282 3763 1355 3804 ex
1380 3746 1529 3803 Beda
1561 3749 1837 3820 acceptis.

206 3839 387 3909 Atque
411 3838 504 3895 bis
516 3838 709 3894 tribus
721 3835 1064 3909 applicanda
1079 3839 1190 3906 est,
1208 3851 1319 3892 non
1344 3836 1643 3893 infundata
1667 3838 1845 3909 Pape-

203 3925 427 3983 brochii
458 3925 678 3998 opinio,
724 3940 879 3995 num,
915 3929 949 3982 2
977 3924 1067 3982 sui
1106 3925 1176 3981 ad
1220 3924 1428 3980 Bedam
1476 3925 1698 3996 prologi
1748 3940 1845 3982 ex-

202 4028 424 4086 pressa,
475 4029 588 4087 qua
642 4029 703 4071 se
745 4027 1089 4087 persuasum
1123 4014 1360 4070 fatetur.
1400 4032 1427 4067 α
1456 4013 1513 4069 in
1546 4013 1842 4086 plerisque

198 4102 471 4162 Romanis
504 4102 786 4175 basilicis,
830 4104 1114 4174 abrogato
1148 4102 1573 4174 Hieronymiani
1615 4104 1842 4175 (nempe

199 4190 456 4262 majoris)
474 4190 871 4263 Martyrologii
905 4206 1035 4261 usu,
1060 4193 1120 4246 et
1152 4189 1270 4260 illo,
1294 4191 1447 4261 quod
1482 4190 1841 4261 Aquileiensi

197 4280 473 4353 episcopo
499 4293 530 4335 a
562 4280 836 4351 pontifice
872 4280 1111 4336 missum
1144 4294 1321 4351 supra
1355 4279 1703 4350 monuimus,
1732 4281 1844 4337 for-

203 4368 381 4425 tassis
409 4368 641 4425 nonnisi
663 4368 718 4424 in
745 4369 1048 4438 Laterano,
1075 4367 1325 4438 aliisque
1348 4368 1550 4438 paucis
1570 4368 1843 4425 ecclesiis

1953 3216 2129 3274 tiani.
2155 3214 2309 3273 Satis
2331 3220 2493 3288 patet
2515 3216 2756 3274 indiculi
2779 3215 2949 3286 hujus
2979 3214 3339 3287 corruptela,
3373 3214 3595 3286 aliquo-

1956 3320 2081 3362 rum
2096 3305 2369 3362 nonnulla
2382 3306 2883 3377 mutatio,necnon
2896 3305 3041 3362 satis
3061 3303 3593 3375 liberalisinterpo—

1952 3393 2117 3464 latio,
2145 3394 2357 3465 quibus
2379 3397 2562 3465 caret,
2591 3395 2795 3466 purius
2810 3393 3314 3465 Ilieronymianum
3329 3393 3592 3450 referens

1954 3484 2141 3539 codex
2162 3483 2495 3554 Vaticanus,
2513 3484 2647 3541 dum
2670 3484 2756 3540 sic
2780 3482 3128 3541 laterculum
3152 3498 3319 3541 suum
3350 3482 3588 3539 format:

1953 3570 2022 3626 Κ
2017 3585 2054 3627 ιι
2062 3571 2099 3628 l.
2114 3572 2310 3629 Junii.
2331 3574 2549 3643 Rome,
2564 3571 2680 3629 Gai
2681 3573 2934 3643 papas
2939 3572 3244 3629 auctorum
3255 3572 3399 3629 Luci
3410 3571 3599 3642 virgi.

1951 3659 2049 3716 nis
2080 3659 2140 3715 et
2175 3660 2410 3731 Aceegze
2436 3659 2621 3731 regis,
2663 3674 2797 3717 eum
2824 3659 2971 3717 aliis
2996 3659 3139 3718 octo.
3180 3660 3269 3716 Et
3299 3660 3367 3715 in
3404 3660 3600 3715 monte

1952 3747 2103 3817 Hor,
2150 3746 2437 3818 depositio
2479 3748 2683 3804 Aaron
2713 3745 3040 3804 sacerdotis
3066 3746 3277 3818 primi.
3322 3746 3594 3816 Ejusdem

1952 3835 2123 3907 plane
2173 3835 2394 3891 tenoris
2442 3835 2554 3891 imo
2599 3834 2858 3891 nonnihil
2896 3834 3239 3905 castigatior
3278 3837 3372 3890 est
3410 3832 3596 3891 codex

1955 3923 2008 3977 S.
2028 3921 2272 3993 Cyriaci,
2290 3921 2617 3993 siclegens:
2641 3923 2786 3979 Kal.
2809 3922 2990 3979 Julii.
3007 3923 3223 3992 Bonus,
3239 3920 3398 3993 Gagi
3408 3922 3592 3991 Papae

1954 4010 2016 4067 et
2057 4010 2400 4069 sanctorum
2443 4011 2671 4069 Luceiw
2702 4011 2851 4082 virg.
2884 4010 2944 4067 et
2976 4009 3196 4067 Aeeeiee
3234 4008 3420 4081 regis,
3458 4020 3597 4065 eum

1952 4100 2101 4158 aliis
2129 4101 2270 4158 octo.
2308 4101 2395 4158 Et
2424 4101 2492 4158 in
2517 4100 2712 4157 monte
2748 4101 2900 4170 Hor,
2929 4098 3216 4170 depositio
3245 4098 3466 4167 Aaron,
3499 4109 3595 4155 ιιι-ι

1951 4189 2205 4248 cerdotis
2210 4190 2422 4261 primi.
2439 4190 2559 4246 Non
2582 4202 2787 4259 magna
2802 4186 3161 4260 perspicacia
3175 4190 3416 4259 opus,ut
3437 4184 3596 4244 clare

1954 4277 2428 4349 deprehendatur
2468 4278 2650 4348 major
2690 4278 2934 4335 duorum
2977 4281 3406 4349 postremorum
3437 4274 3597 4333 codi-

1952 4381 2083 4422 cum
2106 4366 2260 4421 inter
2292 4380 2353 4421 se
2382 4369 2596 4422 etcum
2617 4366 3080 4437 Hieronymiano,
3107 4379 3276 4435 quam
3299 4378 3430 4422 cum
3461 4364 3596 4422 Bar-

200 4459 463 4529 recepto,
489 4457 570 4512 ita
595 4457 901 4529 probatum
924 4455 1055 4512 aliis
1080 4455 1288 4513 Bedam
1315 4456 1515 4526 fuisse,
1537 4460 1687 4513 uteo
1708 4472 1841 4513 eon-
1872 4438 1926 4500 D
1958 4453 2259 4510 beriniano
2306 4453 2694 4525 uniformitas,
2740 4455 3003 4525 quamvis
3042 4454 3112 4510 ad
3154 4452 3502 4525 lienschenii
3535 4454 3597 4508 et

201 4545 511 4603 venientur
551 4549 748 4616 aucto,
790 4545 1068 4603 utendum
1110 4543 1310 4617 plures
1338 4543 1449 4600 sibi
1483 4545 1837 4617 putaverint,

205 4646 388 4704 usque
407 4634 541 4691 dum
564 4634 868 4691 Usuardus
888 4633 1052 4691 visus
1073 4637 1165 4691 est
1191 4632 1614 4691 ecclesiasticis
1636 4632 1841 4690 usibus

201 4722 711 4780 accommodatior.
730 4742 759 4775 ii
790 4724 1002 4794 Nempe
1024 4723 1146 4780 hmo
1169 4722 1499 4794 apographa
1532 4721 1602 4777 ad
1631 4720 1841 4778 Bedam

201 4809 458 4868 retulere
510 4811 912 4869 Hensehenius
960 4816 1022 4867 et
1066 4811 1521 4883 Papebrochius,
1571 4810 1840 4887 quoniam

201 4896 388 4967 elogia
400 4898 527 4969 ejus
548 4898 1010 4972 Hieronymianis
1031 4899 1573 4956 annuntiationibus
1591 4898 1840 4955 immista

201 4989 567 5054 repererunt.
603 4988 721 5045 Nec
751 4986 1258 5059 praetermittenda
1292 4990 1427 5044 sunt
1460 5001 1587 5058 quae
1620 4987 1677 5042 in
1720 5001 1840 5042 rem

203 5074 479 5144 nostram,
534 5088 740 5146 nempe
798 5073 870 5131 ad
922 5075 1096 5133 trium
1150 5074 1525 5146 praefatorum
1574 5074 1841 5131 codicum

203 5157 662 5231 distinctionem,
684 5164 952 5235 sequenti
977 5164 1237 5235 proxime
1270 5178 1509 5220 numero
1538 5168 1606 5220 12
1636 5177 1842 5233 sugge-

200 5245 283 5303 rit
313 5247 581 5309 laudatus
611 5251 1067 5325 Papebrochius.
1105 5254 1188 5308 Ita
1219 5252 1428 5325 pergit.

272 5338 357 5392 35.
393 5358 422 5393 α
445 5340 591 5397 Sunt
622 5344 816 5397 autem
850 5341 962 5398 tria
993 5341 1138 5412 haac,
1171 5360 1201 5393 »
1234 5341 1675 5412 Hieronymiana
1707 5355 1842 5412 apo-

194 5424 416 5495 grapha
430 5427 600 5485 Beda
617 5427 829 5499 elogiis
851 5429 1022 5499 farta,
1051 5448 1080 5481 «
1104 5429 1349 5500 primum
1362 5427 1627 5485 ecclesiae
1650 5428 1837 5485 sancti

192 5510 360 5569 Petri
379 5514 438 5571 in
457 5514 760 5589 Vaticano,
786 5517 942 5590 quod
960 5518 1247 5577 hactenus
1267 5515 1326 5573 in
1349 5514 1839 5593 archivioibidem

1948 4542 2331 4613 Papebrochii
2352 4542 2639 4599 intentum
2663 4543 2809 4599 satis
2827 4546 3007 4613 esset,
3026 4542 3181 4613 quod
3205 4545 3586 4614 postremum,

1950 4630 2119 4687 Beda:
2152 4628 2338 4700 elogia
2375 4631 2621 4687 fortasse
2644 4630 2848 4702 purius
2877 4631 3146 4687 referret.

2024 4724 2109 4775 37.
2141 4720 2279 4775 Cum
2313 4719 2503 4777 tribus
2536 4719 2941 4790 superioribus
2973 4719 3408 4788 Barberiniano,
3439 4717 3596 4774 Vati~

1951 4820 2100 4863 cano
2123 4812 2184 4863 et
2207 4810 2260 4863 8.
2285 4807 2530 4879 Cyriaci,
2547 4808 2728 4865 citato
2744 4807 2967 4880 prologi
2991 4824 3143 4865 num.
3169 4813 3255 4879 12,
3273 4806 3473 4865 laudat
3490 4807 3594 4861 Pa-

1952 4895 2308 4967 pebrochius
2332 4915 2361 4948 α
2380 4897 2847 4954 vetustissimum
2880 4896 3343 4969 praeclarumque
3370 4894 3589 4964 regium

1951 4983 2172 5040 Sueciaa
2197 4986 2679 5056 manuscriptum,
2700 4985 2852 5057 quod
2877 4986 3077 5057 quanti
3103 4984 3310 5042 fecerit
3339 4982 3429 5039 vir
3459 4997 3593 5040 eru-

1950 5071 2281 5143 ditissimus
2303 5075 2489 5130 Lucas
2512 5074 2866 5145 Holstenius,
2883 5071 3384 5143 declarantipsius
3397 5072 3468 5129 ad
3483 5073 3592 5130 Ro-

1950 5174 2178 5217 manum
2201 5161 2671 5233 Martyrologium
2695 5163 3131 5230 Animadversa,
3149 5160 3281 5217 hinc
3294 5161 3414 5218 fere
3427 5175 3592 5219 acce-

1951 5253 2070 5320 pta,
2103 5252 2165 5305 et
2198 5254 2330 5322 post
2361 5249 2522 5308 illius
2550 5255 2793 5309 mortem
2825 5250 2979 5321 typis
3007 5248 3263 5319 vulgata.
3300 5251 3360 5307 In
3385 5250 3585 5309 hoc..."

1948 5336 2125 5393 etiam
2159 5338 2368 5396 Bedam
2408 5339 2769 5408 agnovimus,
2822 5356 2851 5389 »
2893 5336 3083 5408 inquit
3130 5339 3586 5410 Papebrochius,

1952 5444 1981 5478 α
2012 5426 2115 5483 sed
2138 5425 2346 5497 elogiis
2368 5440 2521 5497 saepe
2544 5425 3061 5484 contractioribus.
3077 5445 3106 5481 ιο
3122 5427 3415 5500 Quidquid
3429 5428 3593 5484 sitde

1949 5514 2120 5573 Beda:
2150 5514 2380 5591 elogiis,
2403 5514 2635 5576 omnino
2665 5513 2961 5575 fatendum
2988 5520 3083 5574 est
3121 5515 3591 5590 Martyrologium
