3988 6158
360 271 464 331 £79

1315 265 1685 324 USUARDUS
1723 259 2106 320 MONACHUS
2141 255 2786 316 SANGERMANENSIS.

3646 246 3756 312 580

356 395 486 468 hoc,
537 392 692 467 quod
734 391 870 452 olim
910 391 1016 452 fuit
1052 389 1121 452 ις’.
1177 390 1472 452 C’olmnbas
1513 391 1666 466 apud
1710 390 1998 457 Senones;

2134 415 2256 472 tum,
2275 401 2331 457 in
2355 415 2470 473 quo
2491 414 2611 473 prae
2635 397 2880 470 reliquis
2891 395 3120 469 diebus,
3137 393 3412 469 copiosus
3434 395 3528 451 est
3550 391 3750 473 lpJulii,

357 484 674 556 fatendum,
717 482 972 556 inquam,
1016 481 1169 540 inter
1207 481 1529 539 illustriora
1568 479 1998 553 Hieronymiani

2111 489 2208 546 ubi
2232 471 2316 546 sic
2338 471 2480 559 legit
2494 471 2518 544 ξ
2543 488 2687 546 Kal.
2703 487 2883 546 Julii.
2900 487 2978 544 In
2995 485 3189 542 monte
3211 486 3311 554 ογ,
3332 471 3618 556 depositio
3637 484 3760 542 Aa-

355 572 750 646 Martyrologii
783 574 1086 630 contracta
1119 571 1450 644 apographa
1473 571 1682 628 merito
1701 568 1999 628 recenseri
2105 593 2234 638 νοη,
2254 578 2471 636 Passio
2490 577 2832 636 sanctorum
2851 575 3248 648 apostolorum
3265 572 3538 631 Simonis
3561 571 3764 630 Cana-

357 677 556 737 posse.
577 663 736 718 Habe
767 660 860 718 hic
880 661 1008 731 ejus
1029 664 1256 717 textum
1285 679 1298 714 :
1329 661 1475 719 Kal.
1507 661 1687 720 Julii.
1720 661 1799 719 In
1824 659 2003 719 Nico-

355 751 578 822 media,
599 749 808 808 natale
827 749 1022 808 sancti
1048 749 1226 807 Zoili.
1265 751 1483 822 Roma,
1524 750 1811 823 depositio
1843 749 2003 822 Gagi

345 853 542 913 papa.
577 837 656 898 In
681 837 875 895 monte
902 839 1053 908 Hor,
1092 837 1378 910 depositio
1415 839 1616 898 Aaron
1650 839 1996 897 sacerdotis.

359 925 1084 1001 Augustidunoﬂepositio
1101 927 1328 984 Leontii
1347 928 1621 1000 episcopi.
1641 929 1848 987 Confer
1869 943 2000 986 cum

360 1015 853 1090 precedentibus,
897 1021 953 1072 et
991 1031 1096 1090 per
1125 1019 1185 1073 te
1223 1021 1452 1075 statues
1483 1017 1624 1074 nihil
1656 1019 1898 1091 pr0pius
1929 1019 2002 1076 ad

359 1104 800 1176 Hieronymiana
823 1106 1125 1164 accedere.
1141 1108 1261 1164 Hoc
1279 1105 1564 1179 dolemus,
1581 1107 1811 1164 nonnisi
1834 1108 2004 1165 muti-

359 1191 478 1251 lum
509 1197 808 1266 repertum
857 1194 1058 1267 fuisse,
1099 1199 1304 1269 utpote
1345 1196 1401 1252 in
1436 1211 1551 1267 quo
1582 1196 1774 1253 desint
1811 1197 2001 1254 omnia

363 1286 492 1355 post
515 1297 594 1340 vn
615 1282 768 1354 Idus,
787 1297 891 1342 seu
924 1283 1175 1358 septimo
1198 1283 1290 1343 die
1313 1285 1696 1358 Septembris.
1717 1286 2002 1343 Nonnulla

362 1369 435 1428 de
461 1371 571 1429 hoc
601 1375 660 1428 et
693 1371 765 1428 de
797 1373 852 1429 S.
880 1373 1104 1445 Cyriaci
1137 1373 1546 1446 Martyrologio
1567 1373 1736 1432 valde
1759 1375 2003 1432 confuse

359 1457 641 1518 lectorem
661 1459 894 1518 edocuit
921 1461 1306 1534 Castellanus,
1329 1463 1401 1520 ad
1424 1463 1670 1536 primum
1697 1463 1998 1534 Bimestre,

357 1548 693 1606 Ianuarium
717 1564 924 1622 nempe
953 1554 1011 1606 et
1045 1551 1442 1622 Februarium,
1465 1551 1854 1623 Martyrologii
1888 1553 2000 1624 sui,

365 1651 497 1694 cum
527 1637 948 1695 eruditissimis
977 1637 1134 1695 notis
1153 1638 1317 1709 editi,
1336 1653 1504 1711 pagg.
1530 1644 1694 1710 26,27
1717 1645 1869 1714 et_28
1894 1659 1906 1696 :
1933 1641 2004 1697 de

2107 669 2208 725 nei
2227 667 2288 724 et
2301 667 2498 725 Judas
2507 666 2749 724 Zewtis.
2767 665 2970 724 Remis
2981 663 3164 722 cioita
3171 663 3242 734 te,
3259 661 3548 733 depositio
3555 661 3760 718 sancti

2115 757 2424 816 Teuderici
2437 755 2799 830 presbyteri.
2836 756 2954 811 Hoc
2992 751 3258 810 ultimum
3288 749 3542 807 Rhemos
3585 748 3758 822 plane

2111 843 2424 916 redolet,et
2453 845 2835 902 Bhemensem
2871 840 3226 915 provinciam
3259 837 3378 895 late
3408 837 3547 894 olim
3589 837 3760 894 diffu-

2111 949 2260 992 sam:
2278 938 2336 992 et
2357 933 2568 991 similia
2587 930 2870 1004 exempla,
2892 928 2985 987 vel
3009 929 3123 986 levi
3141 927 3333 999 oculo,
3351 927 3590 998 ibidem,
3611 925 3760 984 locis

2111 1038 2223 1080 non
2244 1022 2413 1093 longe
2437 1021 3038 1094 remotis,‘,'occurrere
3060 1017 3340 1084 observo;
3365 1019 3431 1074 ut
3452 1014 3762 1072 idibusJu-

2111 1113 2190 1169 nii
2209 1132 2222 1168 :
2239 1111 2720 1184 Remisjcioitate,
2733 1107 3102 1181 superﬂuoio
3129 1104 3356 1177 Vetula,
3369 1104 3633 1163 dedicat.
3649 1105 3763 1161 See

2114 1202 2416 1278 Genufefa
2428 1201 2660 1274 oirg.Et
2671 1197 2863 1268 xr_Kal.
2879 1196 3265 1270 Septembris:
3277 1195 3480 1254 Remis
3489 1194 3760 1266 civitate,

2110 1293 2236 1349 nat.
2252 1289 2688 1363 SS.;Tltimotei
2709 1288 2769 1345 et
2778 1285 3140 1358 Apolinaris.
3154 1287 3184 1340 J
3191 1298 3342 1354 ungo
3361 1283 3458 1340 hic
3475 1285 3765 1352 mai-tyro-

2113 1378 2328 1450 logium
2343 1393 2512 1435 manu
2525 1375 2727 1434 Italica
2743 1377 3177 1446 transumptum
3193 1387 3267 1429 ex
3286 1376 3444 1429 torno
3455 1371 3578 1427 XXI
3593 1369 3766 1426 bibli-

2113 1467 2336 1526 othecae
2365 1465 2762 1524 Vallicellanaz
2792 1465 2900 1520 PP.
2935 1461 3188 1519 Oratorii
3231 1461 3444 1530 Romae,
3485 1458 3559 1516 de
3593 1457 3766 1529 cujus

2113 1560 2288 1614 aetate
2311 1555 2390 1612 nil
2411 1555 2550 1612 licet
2567 1557 2848 1612 statuere.
2877 1553 3098 1608 Auctor
3129 1549 3343 1621 stylum
3364 1547 3768 1619 Hieronymia-

2115 1660 2250 1702 num
2265 1644 2554 1701 brevitate
2577 1657 2680 1700 sua
2704 1641 2990 1712 sequitur,
3015 1639 3116 1696 sed
3139 1637 3374 1696 aliunde
3388 1637 3593 1708 plures
3606 1649 3769 1693 sanc-

364 1724 578 1796 quibus
601 1740 632 1784 a
655 1741 744 1784 me
765 1726 950 1784 amice
972 1726 1248 1798 monitus,
1267 1727 1691 1785 correctionem
1717 1729 2003 1786 sinceram
2033 1738 2088 1798 B
2116 1737 2214 1790 tos
2237 1731 2507 1803 contulit,
2541 1735 2604 1788 ut
2629 1733 2767 1788 sunt
2793 1729 3096 1802 prephetw
3122 1726 3356 1783 Veteris
3380 1724 3764 1796 Testamenti,

363 1811 668 1886 pollicitus
705 1819 820 1886 est,
855 1812 1272 1888 prolixissimis
1313 1815 1533 1872 litteris
1563 1815 2003 1890 gratiarumque

365 1901 745 1974 plenissimis,
782 1903 936 1960 datis
967 1918 1024 1961 ιιι
1051 1904 1308 1960 Januarii
1341 1910 1500 1962 1709:
1535 1906 1674 1962 Cum
1705 1919 1845 1963 vero
1879 1907 2006 1964 haec

367 1991 578 2062 omnia,
605 1992 872 2064 proximo
899 1993 1028 2063 ejus
1059 1993 1350 2064 Bimestri,
1387 1995 1536 2051 forte
1568 1977 1728 2052 brevi
1757 1995 2001 2066 edendo,

365 2079 709 2151 corrigenda
753 2095 1006 2153 sperem,
1042 2081 1114 2138 iis
1146 2081 1447 2153 sigillatim
1479 2083 1891 2140 enumerandis
1912 2082 2008 2140 hic

367 2168 746 2238 supersedeo.

438 2259 524 2312 38.
551 2257 622 2311 At
645 2271 758 2312 non
781 2257 857 2311 ita
884 2259 1339 2328 praetermittere
1360 2259 1496 2317 licet
1519 2259 1830 2318 nonnullas
1862 2260 2007 2316 alias

368 2341 680 2399 clarissimi
693 2343 804 2400 viri
819 2343 1510 2422 allucinationes,quibus
1525 2348 1761 2406 codices
1780 2349 2008 2420 aliquos

367 2429 946 2502 Hieronymianorum
977 2432 1156 2490 classi
1191 2448 1496 2506 perperam
1529 2435 1758 2492 inserit.
1795 2439 1909 2493 llas
1940 2451 2010 2493 eo

369 2517 560 2575 animo
580 2517 675 2575 hic
693 2533 942 2592 expono,
961 2536 1075 2592 quo
1097 2523 1245 2594 ipse,
1261 2523 1710 2582 humanissimas
1728 2529 1786 2582 et
1811 2524 2013 2582 corda-

368 2605 632 2662 tissimas
643 2607 866 2678 gratias
880 2609 1404 2682 referens,easdem
1421 2611 1529 2668 sibi
1543 2612 1836 2670 exhibitas
1849 2605 2013 2670 acce-

283 2719 286 2723 -
369 2694 474 2767 pit.
502 2695 706 2766 Itaque
737 2695 935 2754 citata;
967 2699 1428 2768 praemonitionis
1460 2699 1532 2756 ad
1565 2700 1811 2772 primum
1843 2716 2012 2758 suum

372 2781 657 2842 Bimestre
679 2798 810 2856 pag.
835 2789 922 2843 l7.
949 2785 1413 2859 Hieronymianis
1445 2789 1813 2846 brevioribus
1837 2803 2015 2848 annu-

370 2875 578 2944 merat,
595 2879 654 2930 1ο
669 2872 1132 2934 Marchianense
1151 2876 1209 2933 in
1231 2877 1499 2934 Flandria
1522 2895 1536 2945 ;
1569 2883 1630 2936 2ο
1651 2879 1936 2937 ιωτὶθηεθ
1957 2879 2013 2935 in

369 2961 666 3018 Hannonia
687 2979 704 3030 ;
735 2967 794 3018 3°
812 2964 880 3022 S.
907 2964 1206 3024 Lamberti
1227 2969 1287 3022 et
1308 2967 1377 3025 δ’.
1406 2967 1720 3026 Laurentii
1741 2967 2016 3025 Leodien-

2115 1837 2262 1892 quos
2288 1836 2361 1878 ex
2381 1822 2638 1877 Romano
2671 1833 2868 1890 parvo,
2905 1821 3002 1874 aut
3036 1831 3109 1873 ex
3137 1815 3356 1884 Adone,
3391 1818 3494 1872 aut
3515 1814 3678 1871 forte
3695 1828 3769 1870 ex

2113 1910 2382 1968 Usuardo
2426 1907 2772 1980 desumpsit.
2820 1907 2904 1962 Ex
2952 1903 3135 1960 Gallia
3174 1905 3412 1960 Romam
3451 1901 3768 1958 advectum

2116 1999 2347 2058 censuit
2375 1995 2832 2070 Papebrochius,
2867 1993 3094 2066 opinor,
3121 1991 3255 2064 quia
3278 1991 3336 2048 in
3357 2005 3428 2048 eo
3444 1991 3680 2064 reperit
3702 2010 3716 2046 :
3737 2007 3770 2046 v

2114 2089 2262 2148 Idas
2303 2101 2408 2144 seu
2447 2101 2505 2142 XI
2531 2085 2717 2155 Julii,
2750 2082 3212 2142 translationem
3239 2081 3306 2140 δ’.
3338 2079 3682 2150 Benedicti,
3713 2081 3773 2135 et

2115 2191 2174 2234 ιιι
2204 2176 2348 2233 Kal.
2383 2173 2670 2246 Augusti,
2701 2186 2806 2228 seu
2837 2185 2954 2228 χχιι
2981 2169 3148 2227 Julii:
3180 2167 3546 2226 Monasterio
3566 2166 3775 2225 Fonti-

2115 2265 2302 2334 nella,
2333 2263 2622 2336 depositio
2641 2263 2711 2320 S.
2738 2258 3131 2318 Guandresili
3151 2259 3280 2331 [pro
3312 2255 3772 2328 Wandregisili]

2116 2353 2490 2427 confessoris.
2537 2351 2894 2422 Adjiciamus
2941 2347 3036 2405 hic
3074 2347 3132 2404 in
3173 2345 3412 2404 solitum
3444 2345 3772 2418 specimen,

2120 2442 2368 2515 primum
2403 2454 2560 2513 saepe
2583 2437 2862 2496 nominati
2886 2435 3104 2494 mensis
3128 2435 3298 2492 diem.
3316 2434 3462 2492 Kal.
3475 2433 3670 2491 Julii.
3701 2433 3782 2492 In

2116 2529 2310 2588 monte
2337 2529 2490 2599 Hor,
2524 2526 2812 2600 depositio
2839 2526 3063 2596 Aaron,
3085 2522 3415 2582 sacerdotis
3437 2521 3664 2594 primi.
3704 2520 3782 2579 In

2121 2617 2428 2678 territorio
2449 2615 2854 2689 Lugdunensi,
2868 2613 3156 2685 depositio
3165 2609 3502 2670 Domitiani
3510 2609 3774 2668 abbatis.

2194 2711 2280 2764 40.
2306 2707 2446 2762 Post
2469 2705 2581 2761 hoc
2605 2703 2875 2775 sequitur
2896 2699 3387 2773 Martyrologium,
3405 2697 3563 2771 quod
3587 2697 3778 2755 nostri

2122 2797 2337 2852 vocant
2377 2795 2730 2851 Treoercnse
2755 2790 2952 2850 sancti
2975 2789 3254 2858 Martini,
3289 2787 3580 2860 scriptum
3603 2800 3780 2844 manu

2125 2880 2662 2954 Belgica,immistis
2677 2878 2933 2937 rubricis
2945 2892 3074 2950 quae
3087 2877 3256 2934 modo
3269 2874 3578 2934 oculorum
3589 2874 3780 2933 aciem

2125 2971 2306 3028 ferme
2337 2969 2642 3040 etl‘ug‘iunt.
2675 2971 2756 3024 De
2784 2967 2892 3024 hoc
2923 2970 3087 3024 recte
3114 2963 3452 3024 observavit
3476 2964 3784 3036 Papebro-

370 3049 488 3148 sia;
506 3053 567 3106 ιο
583 3051 652 3108 S.
673 3049 936 3110 Martini
951 3054 1315 3148 Tornacense
1330 3071 1345 3120 ;
1360 3059 1420 3110 5°
1433 3055 1503 3113 5’.
1522 3054 1758 3114 Gudilie
1779 3055 2013 3114 Bruxel-

2134 3059 2313 3130 chius,
2337 3074 2412 3116 ex
2429 3057 2610 3115 variis
2632 3055 2949 3114 collectum
2981 3069 3135 3126 esse,
3156 3054 3398 3126 ejusque
3428 3051 3784 3124 compilato-

373 3137 574 3204 lense;
618 3151 865 3209 quorum
903 3139 1127 3196 nullum
1157 3140 1228 3196 ad
1260 3141 1835 3220 Hieronymianprum
1865 3143 2020 3200 ordi-

371 3237 504 3280 nem
538 3225 818 3297 pertinet.
851 3227 924 3284 Ut
957 3241 988 3283 a
1019 3231 1320 3300 postremo
1350 3229 1644 3302 incipiam,
1659 3235 1752 3287 est
1785 3229 1930 3288 illud
1953 3233 2026 3290 ab

373 3311 843 3386 Hieronymianis
863 3318 982 3372 tam
1006 3319 1314 3388 remotum,
1332 3331 1502 3388 quam
1527 3318 1644 3374 sint
1669 3318 1796 3376 Ado
1817 3320 1944 3393 ipse
1965 3324 2024 3377 et

370 3401 697 3474 Usuardus,
714 3406 777 3458 ut
811 3417 938 3474 cap.
982 3408 1014 3458 3
1040 3417 1115 3460 ex
1147 3405 1605 3462 Usuardinorum
1647 3407 1800 3464 serie
1847 3409 2030 3465 mani-

373 3469 525 3544 feste
547 3489 860 3546 constabit.
881 3469 1135 3549 'l‘ornace
1160 3493 1348 3550 sancti
1376 3493 1604 3550 Martini
1635 3495 1782 3553 satis
1814 3511 2030 3554 conve-

383 3573 470 3632 nit
523 3591 654 3634 cum
703 3577 994 3651 Laetiensi,
1029 3584 1091 3637 ut
1121 3580 1258 3638 olim
1301 3584 1672 3641 conservavit
1714 3584 2030 3646 Bollandus

378 3665 748 3724 Praefationis
765 3667 1059 3738 generalis
1072 3683 1200 3742 pag.
1218 3685 1366 3742 χιιι,
1383 3675 1704 3744 utrumque
1717 3675 2029 3738 conterens

371 3767 506 3811 cum
535 3769 676 3812 mss.
706 3757 1120 3830 Antuerpiensi
1153 3762 1210 3816 et
1228 3759 1602 3818 LeodiensiS.
1621 3761 2032 3834 Lamberti,ex

375 3842 593 3914 quibus
623 3844 833 3916 conjici
865 3850 1082 3918 potest,
1129 3852 1410 3918 quantum
1442 3849 1516 3905 ab
1562 3848 2030 3922 Hieronymianis

377 3929 714 3989 deﬂectant.
755 3933 956 3990 Priora
995 3935 1129 4004 duo,
1167 3949 1374 4006 nempe
1406 3936 1690 3994 Laetiense
1718 3941 1782 3994 et
1810 3941 2032 3998 Torna.

373 4031 568 4088 cense,
594 4019 666 4074 ad
699 4019 910 4076 Bedam
943 4021 1128 4076 relata
1173 4025 1350 4078 sunt:
1399 4024 1832 4082 Lambertinum
1881 4028 2032 4086 Ado-

379 4103 571 4162 nianis
585 4105 764 4163 ferme
777 4107 1741 4183 ascriptum:Antuerpiense,qnod
1758 4128 1865 4171 nos
1879 4113 2030 4174 infra

375 4193 582 4264 majus
611 4194 974 4266 vocabimus,
1010 4195 1082 4253 ad
1113 4197 1437 4255 Usuardina
1468 4198 1638 4271 plane
1681 4202 2029 4261 trahendum

375 4283 489 4338 est.
519 4281 970 4341 Laurentianum
995 4285 1316 4344 Leodiense
1339 4287 1503 4346 abest
1534 4290 1609 4346 ab
1639 4289 2033 4364 Hieronymia-

377 4368 470 4425 nis
504 4368 864 4444 longissime,
888 4376 984 4430 est
1011 4373 1164 4430 enim
1199 4375 1386 4432 codex
1417 4391 1660 4436 crassus
1680 4383 1737 4436 et
1777 4380 2026 4453 amplus,

2135 3161 2256 3204 rem
2287 3162 2410 3219 prae
2441 3145 2630 3204 oculis
2671 3144 2882 3202 Bedam
2919 3143 3232 3210 habuisse;
3260 3156 3368 3199 nec
3404 3139 3649 3197 invenio
3690 3138 3784 3198 cui

2137 3233 2344 3292 melius
2374 3233 2664 3306 quadrent
2693 3233 2871 3289 verba
2902 3230 2958 3286 in
2983 3228 3222 3302 prologo
3250 3243 3406 3286 num.
3440 3231 3509 3286 14
3547 3227 3784 3284 relata:

2139 3343 2168 3377 α
2188 3325 2275 3380 Ita
2300 3322 2466 3378 Bedae
2489 3335 2722 3393 quoque
2741 3317 3156 3392 Martyrologio
3171 3332 3314 3376 usus
3331 3319 3424 3373 est
3451 3331 3561 3388 pro
3590 3315 3787 3373 Trevi-

2138 3411 2291 3469 rensi
2312 3408 2593 3481 Ecclesia,
2609 3407 2878 3480 quisquis
2905 3407 3004 3464 ille
3025 3409 3363 3464 sanctorum
3385 3406 3616 3474 Fastos,
3644 3419 3789 3477 quo-

2139 3514 2265 3557 rum
2288 3499 2568 3556 habemus
2593 3495 2894 3569 exemplar
2923 3509 3028 3552 ms.
3061 3493 3456 3566 composuit.»
3481 3491 3787 3550 Facillime

2138 3589 2408 3660 equidem
2427 3587 2756 3658 credidero,
2774 3585 2944 3658 plane
2967 3585 3036 3642 ad
3051 3597 3218 3642 usum
3231 3581 3506 3640 Ecclesiae
3525 3579 3788 3652 alicujus

2139 3681 2241 3736 aut
2259 3676 2620 3735 Trevirensis
2651 3675 2950 3732 autetiam
2981 3671 3230 3744 Belgica:
3261 3670 3531 3744 primitus
3554 3669 3790 3728 concin-

2139 3770 2338 3825 natum
2351 3765 2553 3836 fuisse,
2566 3780 2698 3824 cum
2713 3764 2768 3820 in
2783 3763 2912 3835 ipso
2928 3760 3215 3834 principio
3228 3775 3283 3817 ιν
3297 3757 3554 3816 Januarii
3579 3773 3792 3816 oecur-

2139 3859 2262 3912 rat:
2278 3849 2986 3924 Gandani,PltaraItildis
2995 3848 3352 3922 oirginis.Ut
3367 3861 3439 3902 ex
3451 3859 3569 3904 uno
3581 3859 3789 3902 mense

2141 3939 2634 4000 verosimillimam
2666 3939 2844 3997 facias
2873 3937 3268 4008 conjecturam
3295 3953 3311 4004 ;
3340 3934 3522 3992 habes
3553 3949 3591 3990 x
3619 3933 3791 3992 Julii

2137 4029 2784 4103 Amelbergceoirginis.
2802 4024 3302 4098 xw,Mm-cbelmi,
3313 4021 3786 4082 consociisancti

2138 4118 2400 4178 Libuini.
2417 4115 2820 4190 xvrblinulplti
2847 4115 2906 4173 et
2934 4111 3304 4186 Gundulphi.
3331 4125 3468 4182 xxn,
3493 4111 3576 4169 In
3599 4110 3790 4169 Blan-

2138 4209 2326 4280 dinio,
2367 4205 2799 4278 Wandregisili
2825 4203 3084 4263 abbatis.
3117 4204 3193 4259 Ut
3223 4200 3367 4258 alios
3398 4207 3647 4269 taceam,
3675 4213 3786 4256 non

2139 4295 2385 4354 multum
2416 4299 2676 4352 remotos
2697 4312 2712 4362 ;
2735 4298 2827 4352 est
2847 4309 2944 4351 vn.
2965 4291 3124 4364 Julii,
3153 4289 3512 4350 Willibaldi.
3535 4303 3662 4358 vni,
3680 4287 3792 4347 Ki-

2141 4385 2314 4444 liani.
2331 4399 2453 4456 xm,
2465 4383 2912 4452 Mildrademv,
2937 4379 3454 4450 Plecltelmi,xxm,
3475 4375 3794 4436 Libas-iiiis

378 4433 643 4514 Adonem
674 4433 864 4530 ipsum
899 4461 1079 4519 ferme
1111 4433 2026 4536 superans.Quidvﬁdemumivelit
2057 4433 2110 4494 Β
3529 4433 3792 4523 brevita-

377 4558 486 4617 per
514 4544 1020 4618 Hieronymianum
1041 4550 1503 4624 Marchianense,
1540 4553 1711 4626 plane
1735 4569 1826 4612 me
1847 4555 2029 4623 latet;

377 4633 451 4690 de
486 4633 828 4704 fragmentis
857 4637 1226 4711 Usuardinis,
1252 4654 1327 4696 ex
1356 4655 1427 4698 eo
1459 4642 1726 4700 eoenobio
1746 4643 2028 4715 acceptis,

376 4734 620 4791 agemus
651 4736 760 4780 suo
792 4722 938 4795 loco,
973 4726 1072 4782 ubi
1103 4727 1280 4784 etiam
1317 4727 1730 4787 Centulensem
1746 4731 2028 4802 codicem,

377 4808 548 4868 Beda
575 4811 807 4869 nomine
829 4813 976 4890 falso
1002 4815 1455 4888 prietitulatum,
1473 4821 1530 4874 et
1546 4831 1576 4874 a
1603 4816 1878 4875 Bollando
1898 4833 2028 4891 pag.

378 4911 551 4958 xum
581 4901 737 4960 inter
767 4903 938 4961 Beda;
975 4904 1390 4978 Martyrologia
1430 4910 1854 4978 computatum,
1880 4921 2034 4965 verae

380 5000 504 5046 sum
540 4987 719 5048 classi
751 4990 1155 5050 restituemus.
1183 4994 1294 5050 Sed
1325 4994 1561 5052 codices
1591 4993 1738 5051 alios
1764 4995 2036 5067 Hierony-

381 5073 731 5148 mianos,aut
753 5078 842 5136 eis
869 5079 1076 5137 saltem
1100 5080 1370 5139 alicunde
1387 5081 1588 5140 aﬁlnes
1603 5095 2032 5154 percurramus.

453 5165 541 5218 39.
569 5165 983 5240 Apographum
1015 5169 1296 5227 habemus
1318 5169 1486 5226 valde
1513 5174 1903 5242 contractum,
1929 5169 2024 5228 cui

384 5261 524 5320 pars
547 5251 838 5312 Breviculi
863 5255 1277 5328 Apostolorum
1303 5257 1646 5328 prmﬁgitur,
1671 5273 1842 5316 manu
1867 5260 1932 5314 Β.
1968 5259 2032 5314 Ρ.

383 5335 699 5397 Alexandri
713 5342 1029 5416 Wiltheim,
1045 5345 1244 5419 operis
1261 5343 1400 5403 olim
1415 5347 1605 5404 nostri
1619 5346 2035 5404 studiosissimi

381 5437 456 5482 ex
499 5441 603 5483 ms.
641 5429 972 5489 Trevironsi
1015 5434 1068 5490 S.
1114 5433 1404 5492 Maximini
1445 5432 1830 5506 descriptum,
1873 5433 2036 5490 etab

382 5513 587 5577 eodem
616 5516 791 5574 Patre
820 5518 1222 5594 Luxemburgo
1252 5523 1324 5581 ad
1351 5521 1698 5582 Bollandum
1730 5521 2039 5581 transmis-

2143 4562 2260 4616 tem
2280 4558 2779 4631 Hieronymianam
2803 4555 3016 4628 passim
3041 4557 3328 4624 sectatur,
3345 4565 3535 4624 eoque
3557 4551 3792 4624 potissi-

2142 4661 2296 4706 mum
2319 4647 2494 4705 titulo
2515 4645 2584 4702 ad
2608 4659 2808 4702 eorum
2833 4643 3081 4701 classem
3114 4641 3427 4699 reductum
3448 4643 3561 4696 est.
3591 4639 3651 4695 Si
3673 4652 3790 4710 qua

2141 4735 2330 4806 elogia
2359 4749 2434 4792 ex
2464 4733 2615 4790 Beda
2646 4735 2749 4790 aut
2777 4731 3012 4790 aliunde
3035 4730 3452 4794 intereurrant,
3482 4741 3551 4784 ea
3583 4725 3792 4800 paucis

2140 4821 2588 4894 circumscripta
2637 4823 2791 4877 sunt.
2845 4821 2986 4877 Cum
3021 4815 3402 4874 Vallicellano
3429 4813 3712 4872 convenit
3732 4813 3791 4870 in

2143 4907 2466 4966 referendis
2489 4905 2789 4980 prophetis
2816 4904 3048 4962 Veteris
3075 4900 3446 4960 Testamenti.
3481 4901 3568 4958 Ex
3589 4915 3610 4957 ι
3627 4897 3790 4966 Julii,

2142 4995 2364 5054 nullum
2387 4995 2534 5054 satis
2554 4997 2782 5052 eertum
2813 4991 3092 5050 indicium
3123 4991 3372 5048 eruitur.
3403 4988 3501 5046 Sic
3528 4987 3790 5045 habent:

2143 5084 2288 5142 Kal.
2302 5083 2482 5142 Julii.
2503 5085 2720 5153 Roma,
2735 5079 3069 5154 Gaiipapcs
3087 5078 3466 5152 etmartyris.
3493 5076 3554 5136 et
3569 5074 3792 5144 Lucio,

2142 5171 2656 5242 Fidei,Karitatis
2676 5169 2958 5242 virginis,
2973 5165 3538 5241 etSopbirematr-is
3557 5176 3790 5222 eas-am

2217 5261 2314 5316 LK.
2340 5258 2571 5316 Nullum
2597 5258 2719 5314 fere
2750 5257 2806 5316 in
2832 5259 2954 5314 tota
2977 5260 3180 5314 nostra
3207 5253 3795 5324 Hieronymianorum

2144 5345 2488 5406 collectione
2520 5343 3022 5406 characteristicis
3056 5343 3180 5403 suis
3211 5341 3397 5414 magis
3445 5340 3794 5399 distinctum

2145 5439 2430 5506 estquam
2461 5433 2606 5493 illud
2629 5433 2786 5507 quod
2807 5437 3084 5492 vocamus
3107 5431 3454 5491 Coloniense
3472 5430 3546 5488 δ’.
3570 5425 3798 5486 Mario

2145 5523 2228 5582 ad
2257 5522 2520 5598 Gradus,
2541 5538 2573 5582 a
2595 5525 2657 5580 P.
2677 5519 2898 5582 Joanne
2917 5519 3248 5592 Gamansio,
3272 5517 3330 5577 in
3361 5517 3530 5576 Actis
3561 5513 3796 5576 nostris
