3988 6158
202 208 294 264 681

1625 211 2167 274 PROLEGOMENA.

3492 245 3599 303 482

203 327 558 403 pereelebri,
574 328 645 387 ad
664 330 1002 389 Bollandum
1028 333 1269 392 missum
1291 349 1441 393 anno
1465 340 1603 427 1638
1622 351 1695 395 ex
1717 351 1852 410 apo-
1878 340 1935 399 A
1965 344 1989 397 1
2014 339 2171 397 Julii.
2188 342 2505 402 Romanum
2530 361 2769 419 parvum
2791 365 2861 408 eo
2877 351 2992 425 die,
3005 356 3178 417 unico
3199 362 3450 423 articulo
3469 369 3599 427 tex-

197 417 423 490 grapha
446 418 507 473 P.
523 418 699 475 Marci
722 420 1052 477 Cartusiani
1079 421 1465 495 Coloniensis,
1491 425 1587 496 qui
1611 426 1845 499 propria

202 522 374 564 manu
406 506 557 563 hanc
589 507 946 565 notationem
989 510 1261 582 apposuit
1298 531 1310 567 :
1342 512 1846 587 Martyrologium

188 608 492 668 perguam
499 596 841 666 antiquum,
852 599 1011 668 quod
1020 599 1103 655 ad
1114 597 1353 658 Gradus
1362 600 1578 661 Maria
1591 603 1847 663 Coloniae

196 697 433 740 reserva
442 683 563 754 tur,
584 683 808 741 incerto
836 686 1095 752 auctore,
1122 689 1189 745 in
1207 691 1843 763 guoplurimaliaben-

199 771 312 841 tur,
328 784 469 841 quae
480 771 545 829 in
561 772 831 830 Usuardo
843 773 1273 835 desiderentma
1291 780 1470 835 Recte
1484 780 1764 839 observat
1775 783 1837 839 Ρ.

195 860 445 928 larens,
463 861 561 916 sed
578 861 793 917 addere
808 863 1018 933 potuit,
1038 863 1283 934 plurima
1303 867 1357 922 in
1383 867 1491 925 hoc
1504 869 1842 941 Martyrolo-

193 948 286 1018 gio
306 947 637 1004 desiderari
655 965 782 1021 quae
795 951 949 1023 apud
963 953 1286 1011 Usuardum
1306 960 1366 1012 et
1380 956 1526 1014 alios
1542 958 1835 1028 leguntur.

196 1035 717 1092 Annuntiationum
730 1052 928 1094 norma
943 1038 1111 1110 plane
1125 1043 1839 1117 estHieronymiana,solis

196 1122 460 1180 locorum
506 1130 567 1180 et
609 1130 945 1184 sanctorum
995 1130 1324 1189 nominibus
1368 1136 1688 1207 expressis,
1724 1138 1835 1194 nisi

196 1211 343 1282 quod
357 1226 423 1268 ra
432 1213 795 1285 rissime,aut
808 1215 880 1272 de
895 1219 1206 1275 tormentis
1220 1223 1650 1293 perpessis,aut
1663 1224 1734 1281 de
1749 1240 1838 1283 se-

196 1298 427 1370 pultura
443 1302 665 1358 cursim
689 1303 790 1360 ﬁat
813 1304 1050 1363 mentio.
1067 1307 1159 1365 Sic
1184 1308 1472 1380 loquitur:
1494 1313 1637 1370 Kal.
1652 1315 1833 1373 Julii.

195 1390 404 1459 Rome,
428 1390 560 1448 nat.
583 1393 652 1450 ις’.
679 1391 1025 1466 Gaiipapa.
1052 1397 1113 1452 et
1135 1398 1204 1455 ις.
1233 1398 1836 1477 Uarileﬁpresbyteri,

193 1477 248 1533 et
269 1478 336 1535 S.
350 1477 759 1551 Monegundis
787 1483 1065 1555 virginis.
1098 1485 1348 1559 Vienna,
1360 1490 1556 1548 sancti
1574 1490 1837 1552 Martini

482 1569 817 1628 Domitiani
829 1571 958 1628 abb.
977 1573 1180 1644 Liquet
1196 1580 1434 1634 sanctos
1454 1578 1685 1651 aliquos
1706 1581 1835 1639 Hie-

195 1655 547 1726 ronymianis
565 1660 998 1730 superadditos.
1016 1663 1335 1722 Nonnullos
1357 1682 1494 1724 vero
1517 1668 1829 1741 populares
1858 1692 1911 1752 Β

194 1747 282 1799 aut
304 1743 540 1802 vicinos
571 1746 855 1819 adjectos,
879 1750 1090 1822 collige
1121 1766 1194 1808 ex
1224 1768 1280 1811 Iv
1307 1754 1465 1826 Julii,
1492 1758 1589 1814 ubi
1622 1761 1825 1830 ponit:

205 1833 559 1892 Woltlzarici
580 1837 856 1909 episcopi,
871 1852 900 1894 a
928 1839 1105 1897 titulo
1125 1843 1324 1900 sancti
1341 1848 1441 1901 aut
1464 1844 1621 1904 beati
1649 1849 1831 1906 absti-

194 1923 584 1980 nens.anulii
598 1924 866 1984 habetur:
882 1929 960 1985 In
969 1930 1226 2003 Bongia,
1239 1933 1445 1991 natale
1462 1938 1659 1994 sancti
1680 1936 1830 1996 θοα-

190 2009 272 2067 ris
296 2013 682 2085 confessoris.
707 2030 829 2087 vm,
849 2016 1119 2090 Kiliani,
1150 2024 1262 2078 etc.
1289 2037 1448 2095 xvm,
1485 2025 1828 2086 Translatio

188 2100 373 2188 sancti
386 2101 634 2174 Arnulﬂ
646 2102 948 2171 Metensis.
966 2121 1127 2179 xxm,
1146 2108 1376 2169 Iiborii
1395 2114 1669 2187 episcopi.
1688 2118 1830 2188 Apo-

187 2187 464 2258 graphum
477 2189 882 2262 imperfectum
896 2198 1009 2266 est,
1027 2195 1305 2255 deﬁciens
1326 2215 1381 2256 ix
1403 2200 1696 2275 Octobris,
1712 2187 1825 2277 quo

189 2274 273 2332 die
289 2277 633 2350 Dionysium
657 2295 788 2339 cum
812 2284 992 2341 sociis
1023 2286 1176 2357 apud
1206 2288 1466 2347 Parisios
1497 2274 1820 2364 consignat.

186 2361 574 2438 lartyrologii
590 2368 763 2442 hujus
775 2371 1122 2444 eompilator
1133 2375 1449 2434 Romanum
1463 2361 1703 2451 parvum
1717 2398 1823 2443 nec

188 2453 572 2528 consuluisse,
593 2472 699 2515 nec
721 2459 1083 2533 descripisse
1106 2462 1233 2520 ullo
1257 2471 1431 2536 pacto
1460 2467 1712 2528 videtur.

249 2545 333 2598 42.
362 2542 642 2603 Ultimum
665 2544 855 2605 locum
878 2549 936 2604 in
958 2554 1161 2609 nostro
1183 2553 1387 2611 codice
1417 2562 1667 2629 occupat
1697 2574 1826 2632 apo-

184 2630 483 2703 graphum,
509 2648 678 2691 manu
704 2635 934 2707 Belgica
959 2640 1266 2714 scriptum,
1282 2630 1823 2716 antiquissimti-

184 2718 367 2809 clesice
397 2722 943 2784 Romano-Gallica
968 2726 1417 2805 Martyrologii,
1448 2735 1602 2806 quod
1643 2751 1820 2809 supra

185 2804 451 2866 laudatus
473 2810 759 2870 Acherius
777 2826 907 2871 cum
930 2817 1251 2890 majoribus
1274 2804 1494 2881 nostris
1506 2828 1822 2883 communi-

184 2895 330 2952 cavit
352 2910 423 2953 an
446 2902 606 2955 1663.
631 2900 709 2957 De
732 2901 841 2960 hoc
863 2907 924 2960 et
945 2906 1205 2977 proxime
1234 2910 1523 2981 superiori
1544 2913 1821 2986 Martyro-

183 2980 330 3053 logio
361 2984 443 3042 sic
474 2986 533 3042 in
573 2987 815 3060 prologo
865 2992 937 3049 ad
988 2994 1220 3067 Bedam,
1256 2980 1410 3055 num.
1444 3003 1496 3071 3,
1528 2980 1818 3073 Papebro-

1958 429 2080 527 tum
2099 429 2396 527 concludit
2417 452 2428 487 :
2443 435 2523 527 ‘In
2540 436 2734 527 monte
2743 438 2894 527 Hor,
2910 442 3108 501 Aaron
3129 451 3457 512 sacerdotis
3463 457 3597 527 pri-

1951 515 2038 572 mi
2049 517 2116 573 in
2128 519 2294 589 Lege.
2315 519 2523 577 Confer
2546 523 2716 579 modo
2739 526 3291 593 Romano—Gallicum
3307 558 3320 592 :
3337 515 3595 601 KaltJu—

1957 602 2046 660 lii.
2066 605 2281 676 Romae,
2297 607 2364 664 in
2372 610 2567 667 monte
2587 614 2735 684 Hor,
2752 614 3038 687 depositio
3058 620 3257 681 Aaron
3268 629 3594 689 sacerdotis

2168 694 2324 790 {tein
2339 698 2561 790 sancta
2577 699 2974 790 {Vonegundis
2991 707 3266 780 virginis.
3294 715 3591 790 Lugduni,

1950 779 2287 878 ροφηίίίιιηί
2298 782 2551 878 abbatis.
2570 786 2643 844 Su
2650 789 2965 860 pplendum
2980 779 3214 853 videtur
3228 805 3360 870 post
3375 779 3590 878 nam;

1952 863 2096 925 Gaii
2107 883 2297 942 papae.
2325 871 2463 938 Quae
2485 873 2600 946 hic,
2616 878 2886 951 obsecro,
2904 881 3057 938 inter
3080 863 3394 959 utrumque
3417 863 3594 950 affini:

1950 957 2044 1012 tas
2081 957 2105 1011 ?
2143 959 2202 1012 in
2251 958 2360 1016 hoc
2411 962 2742 1037 multiplex,
2795 967 2853 1023 in
2886 968 3073 1028 altero
3104 978 3195 1030 est
3226 957 3591 1039 annuntiatio

1949 1044 2139 1101 unica.
2168 1044 2246 1116 Si,
2268 1047 2406 1118 quid
2438 1052 2706 1124 sentiam,
2729 1056 2960 1127 aperire
2991 1057 3168 1118 liceat
3195 1078 3308 1121 non
3343 1067 3587 1127 multum

1948 1133 2197 1190 verebor
2216 1144 2511 1211 asserere,
2545 1143 2667 1198 tum
2699 1143 2807 1200 hoc
2847 1147 3431 1228 Romano-Gallicum,
3465 1161 3590 1216 tum

1947 1222 2219 1293 superius
2247 1225 2301 1280 S.
2336 1227 2527 1285 Mariae
2560 1229 2630 1286 ad
2664 1232 2908 1305 Gradus,
2944 1237 3164 1298 Adonis
3202 1241 3294 1298 vel
3342 1222 3590 1306 Us'uardi

1946 1322 2019 1363 ex
2049 1323 2251 1381 magna
2276 1318 2441 1384 parte
2462 1319 2803 1389 compendia
2827 1337 2982 1396 esse,
3007 1342 3113 1397 pro
3134 1330 3298 1387 vario
3320 1335 3592 1407 compila-

1944 1398 2138 1454 torum
2165 1400 2439 1458 brevitati
2467 1406 2825 1466 studentium
2855 1416 3031 1481 gustu
3064 1417 3429 1478 concinnata.
3451 1398 3590 1481 Bro-

1944 1484 2079 1543 inde
2110 1493 2347 1559 rogatos
2366 1491 2461 1549 hic
2484 1493 2656 1552 velim
2679 1498 2916 1557 Romani
2942 1505 3103 1573 parvi
3127 1505 3584 1586 impugnatores,

1945 1588 2092 1645 quos
2123 1579 2389 1648 sequenti
2422 1583 2614 1654 capite
2647 1588 3007 1662 conveniam,
3041 1596 3105 1649 ut
3139 1595 3235 1665 qui
3267 1600 3384 1654 tam
3411 1579 3589 1657 conti;

1944 1659 2152 1719 denter
2182 1666 2495 1765 exinsigni
2528 1669 2627 1728 illo
2656 1676 2715 1729 et
2745 1659 3586 1765 vetustissimo-Martyrologio

1944 1749 2160 1808 Adonis
2181 1752 2589 1815 Kalendarium
2615 1761 2856 1836 faciunt,
2872 1765 3031 1824 hisce
3054 1774 3154 1826 aut
3175 1749 3466 1833 similibus
3487 1749 3586 1850 po-

1939 1836 2059 1894 tius
2088 1847 2469 1916 occupentur,
2505 1846 2575 1903 ad
2609 1863 2738 1919 quae
2770 1856 3244 1925 compendiorum
3268 1864 3371 1919 aut
3390 1836 3584 1922 extra-

1939 1926 2166 1982 ctorum
2208 1929 2637 1990 Adonianorum
2682 1936 3198 2003 characteristicas
3238 1950 3583 2007 convenien-

1937 2007 2056 2067 tius
2088 2014 2393 2072 transferri
2428 2034 2596 2090 posse
2618 2022 3038 2085 existimamus.

2008 2099 2094 2154 44.
2129 2099 2229 2193 liis
2246 2102 2542 2193 omnibus,
2578 2107 2786 2166 saltem
2820 2127 2926 2183 pro
2956 2113 3148 2187 aliqua
3180 2124 3368 2193 parte,
3403 2137 3581 2182 annu-

1937 2184 2147 2240 merari
2178 2186 2352 2244 etiam
2378 2197 2610 2261 possent
2635 2195 2871 2255 codices
2890 2198 3008 2272 alii,
3037 2184 3250 2273 quibus
3270 2206 3326 2262 in
3351 2184 3579 2268 edendo

1936 2266 2087 2325 Beda
2112 2271 2198 2328 usi
2222 2278 2357 2330 sunt
2381 2276 2779 2338 Henschenius
2795 2286 2852 2339 et
2877 2266 3337 2357 Pap'ebrochius:
3355 2307 3428 2349 ex
3441 2266 3576 2367 quo;

1936 2367 2061 2411 rum
2094 2360 2433 2418 recensione
2463 2365 2734 2438 observo,
2761 2369 2830 2425 ad
2868 2370 3441 2445 llieronymianorum
3458 2360 3581 2455 sty-

1935 2438 2052 2540 lu‘m
2085 2444 2229 2501 satis
2257 2447 2550 2540 accedere
2576 2452 3050 2540 Martyrologium
3083 2438 3575 2540 Aquisgranense,

1935 2527 2007 2583 ad
2036 2544 2200 2619 usum
2234 2531 2392 2591 illius
2420 2536 2695 2596 Ecclesiae
2725 2540 3060 2617 collectum,
3086 2527 3574 2619 quemadmodum

1935 2627 2109 2685 supra
2137 2616 2209 2674 de
2232 2620 2556 2679 Trevirensi
2581 2627 2766 2682 sancti
2789 2629 3017 2687 Martini
3041 2616 3311 2693 diximus.
3340 2640 3578 2698 Profero

1934 2715 2139 2763 rursus
2169 2705 2320 2763 diem
2336 2710 2583 2780 primum
2597 2713 2734 2770 Julii
2759 2734 2771 2769 :
2799 2717 3016 2790 Roma,
3030 2720 3316 2792 depositio
3329 2724 3577 2801 Gaiepi-

1929 2793 2111 2882 scopi,
2125 2795 2540 2856 etsanctarmn
2549 2801 2855 2873 virginum
2865 2807 3212 2882 Fidei,Spei
3223 2812 3284 2869 et
3293 2793 3575 2875 omnia

1931 2878 2028 2937 tis.
2048 2881 2200 2939 Nova
2226 2883 2359 2941 hinc
2384 2886 2515 2942 inde
2536 2888 2895 2964 inseruntur,
2913 2900 2977 2951 ut
2998 2878 3054 2951 Iv
3072 2878 3207 2954 Julii
3234 2920 3245 2954 :
3269 2901 3574 2963 Natioita-

1930 2967 2023 3060 tas
2047 2971 2244 3029 sancti
2270 2973 2584 3033 Hodelrici
2613 2979 2871 3052 episcopi
2898 2983 2960 3039 et
3001 2987 3377 3060 confessoris.
3413 2991 3570 3049 Idem

184 3045 343 3129 chius
369 3045 655 3146 εονίριίιω
684 3045 936 3150 simu};
959 3045 1815 3161 .1m3m'iaiatéiﬁii'ie
1846 3045 1896 3109 ο
1926 3055 2077 3161 ferte
2097 3061 2189 3161 set
2213 3061 3171 3161 aufereresupremam
3197 3076 3565 3138 Ψοιιιιαθείσί·

182 3158 429 3218 Romano
442 3177 624 3234 parvo
636 3166 973 3241 Rosweydi)
990 3172 1215 3230 modice
1230 3158 1487 3247 auctum,
1502 3158 1632 3235 cum
1648 3181 1815 3238 nobis

181 3261 242 3304 ex
254 3251 687 3322 antiquissimis
702 3259 1052 3315 membranis
1069 3263 1485 3335 transcriptum
1500 3269 1815 3325 communi-
1838 3292 1840 3295 ·

180 3343 335 3394 caret
366 3342 550 3400 Lucas
577 3344 919 3418 Dacherius,
952 3348 1207 3407 Romano
1240 3352 1520 3411 Gallicum
1552 3355 1813 3415 intitula-

182 3430 336 3482 verat
359 3427 523 3486 :olim
540 3438 734 3488 autem
756 3434 931 3491 etiam
957 3436 1213 3496 Coloniae
1237 3440 1292 3496 in
1317 3441 1567 3501 ecclesia
1589 3450 1811 3505 sanctae

180 3512 362 3572 Mariae
391 3517 461 3574 ad
496 3519 725 3577 Gradus
747 3520 861 3593 legi
891 3524 1150 3598 solitum,
1186 3529 1420 3599 probari
1456 3536 1672 3606 potest,
1708 3550 1811 3607 per

181 3599 332 3660 illius
370 3606 748 3680 ecgraphum,
780 3610 913 3668 inde
960 3617 1367 3676 transmissum
1399 3634 1430 3676 a
1456 3599 1676 3680 ioanne
1707 3599 1811 3682 Ca-

182 3692 389 3750 mansio
403 3699 629 3767 nostro,
649 3710 723 3753 ex
745 3698 991 3772 alicujus
1014 3704 1379 3763 Carthusiani
1405 3709 1639 3769 schedis
1662 3731 1674 3767 :
1697 3712 1808 3771 nisi

181 3779 360 3849 potius
371 3796 517 3840 nova
531 3782 656 3842 haec
670 3786 787 3844 dici
805 3790 1141 3861 compilatio
1159 3793 1392 3868 debeat,
1407 3810 1481 3855 ex
1501 3798 1682 3870 priori
1706 3800 1808 3858 illo

179 3871 233 3921 et
260 3866 367 3925 alio
396 3872 775 3942 posteriori.»
806 3877 891 3933 Ita
923 3866 1636 3956 Papebrochiusnondum
1661 3890 1805 3946 satis

177 3957 487 4016 examinata
508 3962 1048 4036 Martyrologiorum
1068 3969 1274 4044 stirpe,
1290 3974 1804 4048 progenie,natura

178 4046 234 4097 et
266 4044 617 4117 singulorum
648 4054 1128 4126 proprietatibus.
1164 4044 1423 4119 Admitte
1463 4044 1595 4124 cum
1632 4082 1805 4125 vene-

179 4130 345 4225 rando
364 4137 646 4206 magistro
661 4154 806 4211 meo,
827 4145 1138 4217 utrumque
1161 4145 1306 4206 illud
1330 4151 1802 4225 Martyrologium

177 4222 236 4272 et
262 4218 311 4274 S.
342 4222 532 4282 Maria:
562 4225 635 4284 ad
668 4228 912 4303 Gradus,
937 4237 998 4289 et
1027 4218 1586 4299 Romano-Gallicum
1608 4218 1800 4303 meras

178 4309 603 4380 compilationes
633 4330 764 4375 esse
790 4335 805 4387 ;
837 4322 898 4377 at
930 4320 1050 4378 falli
1075 4323 1212 4381 mihi
1234 4326 1489 4401 videtur,
1515 4330 1650 4389 dum
1674 4332 1799 4406 ipsa

1924 3159 1983 3200 γι
2000 3146 2162 3203 Julii
2200 3151 2291 3204 est
2336 3151 2697 3211 Witlebaldi.
2726 3170 2848 3227 vm,
2870 3158 3121 3219 Kiliani
3162 3163 3224 3220 et
3254 3167 3565 3227 sociorum.

1923 3247 2045 3305 xm,
2078 3236 2332 3330 ΗσΜίσρ
2361 3239 2761 3330 imperatoris.
2781 3260 2873 3317 xv,
2905 3246 3191 3323 Gondulﬂ
3213 3254 3274 3310 et
3290 3254 3565 3330 Monulﬁ.

1922 3335 2037 3392 xw,
2051 3324 2369 3384 Dedicatio
2380 3327 2448 3384 ις’.
2464 3327 3079 3407 MariaAguisgrani.
3091 3354 3263 3413 xxvii,
3284 3324 3566 3404 Transla-

1922 3409 2004 3467 tio
2022 3412 2220 3470 sancti
2244 3413 2469 3474 Caroli.
2487 3418 2556 3472 Et
2586 3418 2916 3490 husjumodi
2946 3425 3080 3498 alia,
3102 3443 3231 3500 qua:
3246 3409 3560 3503 praetereo.

1920 3501 2157 3558 Demum
2187 3508 2556 3564 annumerari
2585 3512 2759 3568 etiam
2793 3516 3011 3585 poterit
3035 3516 3187 3575 alter
3207 3501 3394 3579 codex
3417 3523 3567 3582 basi-

1920 3588 2048 3646 licae
2071 3593 2255 3649 sancti
2288 3595 2446 3650 Petri
2478 3597 2692 3669 Romae,
2720 3600 2874 3657 inter
2906 3605 3075 3661 Bedae
3107 3610 3439 3682 apographa
3471 3612 3566 3668 iti-

1921 3676 2049 3735 dem
2074 3681 2383 3755 repositus,
2407 3685 2670 3755 quamvis
2688 3687 2960 3747 videatur
2981 3676 3258 3751 arbitrari
3277 3676 3565 3759 collectus

1917 3767 1976 3820 et
2006 3770 2364 3839 contractus,
2390 3773 2453 3826 ut
2486 3773 2710 3842 patebit
2741 3788 2813 3831 ex
2842 3792 2861 3832 ι
2891 3778 2984 3834 die
3012 3780 3168 3851 Julii,
3196 3796 3312 3853 quo
3336 3788 3562 3844 textum
3616 3831 3624 3839 .

1917 3851 2001 3910 sic
2026 3854 2232 3911 format
2249 3874 2262 3911 :
2279 3857 2355 3914 In
2372 3859 2567 3917 monte
2593 3862 2746 3935 Hor,
2769 3864 3055 3937 depositio
3075 3851 3278 3927 Aaron
3294 3875 3563 3934 sacerdo-

1917 3941 1997 4000 tis
2010 3943 2224 4015 primi.
2240 3946 2319 4003 In
2331 3946 2633 4007 territorio
2648 3951 3051 4028 Lugdunensi,
3065 3958 3352 4031 depositio
3362 3964 3562 4023 Domi-

1913 4031 2079 4122 eiani
2108 4032 2362 4093 abbatis.
2386 4036 2475 4094 Et
2485 4040 2683 4098 sancti
2710 4042 3034 4110 Quineiani
3060 4049 3373 4122 martyris.
3402 4052 3560 4111 Idem

1915 4120 2065 4178 forte
2097 4122 2210 4180 dici
2243 4125 2460 4195 poterit
2493 4127 2567 4184 de
2600 4128 2844 4202 reliquis
2871 4134 3173 4196 codicibus
3203 4120 3357 4198 inter
3387 4143 3559 4203 Bedze

1914 4211 2186 4268 Auctaria
2218 4213 2433 4271 citatis.
2469 4215 2576 4273 Sed
2613 4218 2684 4274 de
2714 4222 2981 4282 omnibus
3028 4225 3119 4284 his
3148 4232 3561 4305 manuscriptis

1913 4300 2133 4356 nostris
2163 4301 2234 4358 ad
2264 4303 2727 4378 Hieronymiana,
2754 4323 2855 4367 seu
2880 4311 3126 4388 integre,
3153 4329 3254 4376 seu
3285 4333 3359 4377 ex
3387 4300 3557 4393 parte

175 4408 295 4452 cum
321 4399 573 4460 Romano
602 4421 783 4478 parvo
804 4413 1120 4485 componit,
1154 4419 1256 4471 aut
1286 4417 1409 4475 haec
1440 4390 1513 4475 ex
1539 4420 1641 4477 illo
1667 4390 1801 4480 con;
1830 4402 1883 4464 D
1913 4390 2318 4485 speclamibu?
2349 4392 2493 4485 Salis
2514 4393 2735 4454 dictum
2758 4398 2939 4472 Sit’eo
2963 4401 3087 4460 801°
3110 4405 3347 4479 imum“
3369 4390 3433 4466 ﬁt
3456 4411 3554 4483 qui

177 4480 299 4581 ﬂata
327 4489 640 4550 existimat.
674 4497 861 4555 Habet
894 4480 1159 4571 profecto
1198 4505 1516 4564 Romanum
1558 4524 1799 4581 parvum

164 4569 533 4637 characteres
567 4597 705 4641 suos
724 4569 1013 4661 proprios,
1043 4591 1256 4662 quibus
1284 4598 1344 4651 et
1374 4611 1404 4652 a
1436 4598 1698 4668 proxime
1721 4602 1800 4658 ci-

179 4659 287 4716 tata
317 4669 373 4721 et
402 4668 475 4724 ab
508 4669 618 4727 hoc
656 4659 1361 4750 Acheriana‘planissime
1403 4659 1793 4747 discernatur.

186 4808 189 4809 ν
245 4751 333 4843 43.
350 4754 534 4813 Unum
566 4764 656 4817 est
687 4760 743 4818 in
774 4777 889 4834 quo
921 4769 1161 4825 tenuem
1191 4770 1441 4843 aliquam
1464 4774 1799 4834 similitudi-

178 4847 290 4893 nem
318 4840 1060 4912 interRomano-Gallicum
1105 4862 1166 4913 et
1205 4840 1521 4921 Romanum
1556 4880 1796 4937 parvum

177 4924 425 5024 advertas
443 4937 598 5006 quod
614 4937 670 4994 in
684 4938 784 4997 illo
796 4942 972 5000 etiam
987 4943 1360 5007 inveniantur
1373 4924 1796 5024 prophetzeVe-

177 5013 301 5116 teris
318 5019 687 5099 Testamenti,
704 5043 908 5102 nempe
930 5046 1004 5089 ex
1023 5035 1220 5093 Adone
1244 5036 1333 5096 vel
1357 5013 1641 5116 iisuardo,
1662 5060 1793 5105 cum

176 5099 392 5200 reliquis
408 5110 754 5200 plerumque
769 5099 1017 5193 accepti.
1035 5125 1292 5196 Atquam
1316 5130 1523 5200 procul
1540 5099 1607 5189 in
1622 5099 1794 5192 caete:

174 5185 242 5243 ris
254 5191 445 5269 distet,
467 5199 601 5257 inde
621 5185 854 5277 collige,
877 5185 1030 5278 quod
1053 5185 1794 5279 Acherianum'diehu'swfer-

172 5284 246 5330 me
256 5280 493 5354 singulis
507 5291 739 5349 auctius
752 5293 1345 5370 sit.Rursus,Romani
1362 5306 1524 5376 parvi
1539 5308 1787 5381 phrasis,

171 5370 493 5465 {Blandaque
515 5372 787 5450 uberior;
809 5383 1293 5446 Romano-Gallici
1316 5370 1639 5465 semper-ad
1662 5370 1791 5454 Hie:

168 5459 614 5529 ronymianorum
636 5483 895 5532 normam
919 5477 1243 5538 contracta.
1269 5479 1352 5538 En
1381 5459 1708 5556 exemplum
1729 5485 1785 5543 in

1912 4480 2243 4535 sanctorum
2283 4482 2448 4539 Actis
2475 4486 2534 4539 et
2564 4489 2997 4547 commentariis
3039 4495 3259 4553 nostris
3288 4480 3554 4569 legendis

1911 4564 2298 4640 delectantur,
2337 4569 2568 4631 facilius
2597 4576 2954 4647 perspiciant
2986 4593 3115 4651 quae
3137 4586 3195 4639 et
3220 4564 3411 4657 qualia
3436 4587 3552 4644 sint

1908 4653 2316 4727 Martyrologia
2339 4673 2413 4715 ex
2437 4660 2651 4731 quibus
2676 4668 3015 4724 sanctorum
3040 4653 3297 4741 ipsorum
3320 4672 3549 4732 nomina

1907 4746 2173 4801 extracta
2211 4745 2446 4805 fuerint.

2474 4894 2864 4961 ARTICULUS
2908 4900 2976 4963 ΙΙ.

1902 5001 1993 5061 De
2008 5003 2185 5064 Beda
2218 5005 2280 5065 et
2300 5006 2469 5070 Flori
2494 5013 2955 5092 Martyrologiis
2989 5033 3149 5081 nova
3175 5017 3544 5097 conjecturae.

1974 5142 2060 5197 45.
2078 5141 2157 5198 De
2175 5142 2265 5201 his
2284 5146 2714 5235 Martyrologis,
2729 5168 2832 5211 seu
2844 5170 3044 5213 eorum
3066 5156 3315 5231 duobus,
3331 5173 3434 5220 seu
3454 5177 3547 5235 po-

1903 5226 2021 5323 tius
2042 5245 2155 5288 uno
2186 5234 2491 5309 utriusque
2513 5241 2947 5316 Martyrologio,
2980 5248 3227 5305 eatenus
3254 5226 3349 5308 hic
3380 5226 3547 5323 agan-

1902 5315 2038 5409 dum
2067 5323 2158 5377 est
2188 5328 2476 5395 quatenus
2498 5329 2652 5388 Beda
2677 5346 2807 5390 cum
2829 5315 3029 5390 Adone
3051 5338 3228 5409 atque
3243 5338 3390 5397 adeo
3410 5315 3544 5400 cum

1900 5404 2183 5483 Usuardo,
2235 5427 2349 5471 non
2397 5414 2630 5475 minima
2671 5420 2906 5490 generis
2953 5404 3363 5495 conjunctione
3408 5444 3544 5491 con-

1900 5495 2158 5556 nectitur
2175 5516 2190 5568 ;
2206 5503 2269 5559 ut
2292 5504 2491 5574 pateat
2514 5505 2679 5577 ordo,
2703 5508 2888 5570 series
2913 5514 2974 5570 et
3000 5514 3426 5586 quodammodo
3440 5530 3542 5585 ge-
