3974 6150
463 271 570 328 483

1357 215 1365 222 ’
1405 263 1795 326 υδυΑιωυε
1831 263 2214 327 MONACHUS
2251 261 2891 326 6ANGERMANENSIS.
3214 269 3236 274 -
3723 271 3796 330 ni

461 389 940 464 nealogia,quam
961 388 1138 464 supra
1167 391 1506 451 dicebamus
1525 407 1598 450 ex
1619 393 2096 466 Hieronymianis,
2131 395 2188 458 A
2218 395 2360 451 tium
2391 393 2447 449 in
2479 393 2740 450 tenebris
2771 390 2908 448 mihi
2940 386 3175 463 semper
3206 387 3400 447 visum
3433 391 3551 460 est,
3585 393 3649 445 et
3670 403 3792 462 quan-

467 480 619 538 Beda
653 485 714 537 et
741 481 1000 538 Romano
1030 493 1230 552 parvo,
1267 481 1337 538 ad
1370 480 1517 540 alios
1553 483 1736 553 magis
1773 483 1866 540 vel
1917 483 2107 542 minus

466 570 792 642 propinque
825 569 1203 626 descendere.
1223 570 1637 628 Pramittenda
1661 575 1798 629 sunt
1829 571 2000 630 Beda
2024 572 2106 644 ip-

463 659 588 716 sius
615 657 794 715 verba
819 657 876 713 in
896 656 1008 714 fine
1029 657 1342 729 Epitomes,
1369 658 1580 730 quibus
1604 663 1858 718 testatur
1879 675 1941 717 se
1964 661 2105 720 scri-

464 746 649 819 psisse
661 743 1171 819 Martyroloin
1197 746 1270 804 de
1285 747 1602 807 nataliciis
1625 749 1966 808 sanetam/in
1984 749 2108 807 die-

463 835 590 906 bus,
605 835 674 892 in
699 847 818 907 quo
846 847 1060 907 omnes,
1074 849 1222 907 quos
1247 835 1516 894 invenire
1529 837 1752 910 potuit,
1779 852 1898 896 non
1913 839 2108 896 solm

459 935 586 996 qua
599 922 718 994 die,
735 935 940 982 omne
960 923 1142 982 etiam
1159 937 1275 995 quo
1289 925 2104 998 genereeertaminis,oelmb

461 1025 578 1084 gata
598 1011 811 1085 judice
852 1012 1142 1070 mundum
1164 1012 1439 1085 vicerint,
1468 1014 1792 1088 diligenter
1817 1015 2107 1074 adnotare

461 1100 717 1162 studuit.
733 1102 852 1159 Hoc
865 1101 1036 1158 Beda
1053 1101 1527 1174 Martyrologium
1552 1105 1820 1177 prafatio
1842 1103 2103 1162 Bollandi

462 1194 523 1247 et
555 1188 833 1264 prologus
861 1191 1248 1263 Papebrochii
1273 1191 1354 1249 ita
1378 1191 1716 1266 depinxere,
1741 1193 1822 1250 ita
1847 1193 1918 1250 de
1938 1193 2104 1251 Floro

461 1281 534 1336 ab
566 1283 819 1351 utroque
851 1279 1233 1352 disputatum,
1256 1279 1338 1336 ita
1372 1285 1504 1352 post
1535 1281 1694 1354 ipsos
1720 1281 1817 1338 alii
1847 1282 2008 1340 varia
2031 1283 2104 1340 ad

461 1368 621 1441 ipsos
649 1368 978 1440 spectantia
1024 1368 1398 1442 expedivere,
1431 1373 1497 1428 ut
1527 1369 1584 1426 in
1615 1370 1818 1428 eadem
1848 1371 1955 1429 hac
1987 1370 2104 1429 tela

459 1457 782 1515 retexenda
813 1470 1050 1530 operam
1075 1457 1324 1531 perdere
1344 1458 1531 1516 videri
1564 1475 1813 1531 possem,
1835 1460 1944 1518 nisi
1967 1461 2106 1518 assi-

457 1548 572 1606 dua
602 1550 662 1604 et
691 1547 899 1605 horum
919 1550 978 1604 et
1003 1547 1248 1605 aliorum
1277 1547 1822 1621 Martyrologiorum
1843 1549 2106 1608 collatio-

456 1651 550 1710 ne,
574 1635 852 1695 nonnulla
892 1636 1312 1710 occurrissent,
1347 1651 1476 1708 qua
1507 1639 1636 1710 ipso
1663 1639 2019 1697 assentiente
2044 1643 2104 1697 et

2214 497 2384 556 quam
2409 481 2690 554 majorum
2709 479 2962 553 placitis,
2980 479 3335 536 auctoritate
3348 478 3569 536 ductus
3595 480 3797 551 acquies-

2214 587 2430 644 cerem,
2464 587 2538 628 ex
2594 585 2709 642 quo
2757 567 3235 626 illustrandorum
3288 570 3573 626 Actorum
3625 573 3798 644 suscepi

2217 661 2593 735 provinciam,
2615 674 2908 732 nunquam
2939 657 3135 716 induci
3169 657 3332 730 potui
3354 661 3418 714 ut
3441 671 3649 714 verum
3670 659 3798 730 ipsum

2214 755 2274 807 et
2302 748 2615 821 genuinum
2649 747 2799 804 Flori
2833 762 2984 820 opus
3016 747 3088 802 ab
3118 746 3488 804 Henschenio
3536 751 3798 819 repertum,

2215 855 2246 896 a
2277 838 2678 912 Papebrochio
2705 837 3008 908 vulgatum
3049 840 3214 893 certo
3249 836 3576 893 crederem.

2286 933 2372 988 48.
2391 929 2546 986 Bina
2569 932 2707 985 sunt
2727 927 2883 984 circa
2908 925 3059 982 Flori
3081 924 3558 997 Martyrologium
3581 925 3804 998 capitales

2171 1061 2190 1080 ι
2216 1017 2612 1087 difﬁcultates,
2639 1031 2784 1088 quas
2817 1029 2923 1072 nec
2951 1013 3538 1086 Papebrochius,nec
3557 1013 3802 1086 quisquam

2216 1105 2384 1176 alius,
2411 1109 2511 1162 aut
2531 1104 2678 1160 satis
2700 1103 2986 1161 hactenus
3006 1101 3174 1172 vidit,
3192 1105 3313 1173 aut,
3343 1103 3503 1160 sicut
3525 1103 3802 1176 oportebat,

2217 1191 2508 1264 dissolvit,
2543 1204 2805 1264 quasque
2837 1205 2946 1248 nos
2978 1189 3074 1246 hic
3105 1189 3178 1246 ad
3209 1189 3356 1247 duas
3388 1189 3731 1261 quastiones
3750 1207 3805 1249 re-

2216 1283 2500 1342 ducimus.
2536 1281 2728 1338 Prima
2762 1299 2775 1337 :
2810 1280 3084 1348 Quanam
3116 1293 3184 1336 ea
3216 1278 3448 1336 demum
3480 1283 3582 1337 aut
3616 1279 3722 1336 sint
3742 1287 3807 1338 aut

2215 1387 2352 1430 vere
2383 1371 2499 1429 dici
2534 1369 2784 1444 possint,
2812 1369 3028 1442 quibus
3047 1367 3558 1441 Martyrologium
3577 1369 3650 1426 in
3671 1367 3809 1428 laboro

2214 1462 2458 1522 Domini
2477 1462 2654 1520 Beda
2673 1460 3084 1533 compositum,
3101 1459 3272 1518 Flori
3289 1459 3511 1530 studio,
3527 1457 3810 1531 utloquitur

2217 1551 2362 1624 Ado,
2391 1551 2736 1622 decreverit,
2775 1541 3023 1622 quaque
3072 1552 3316 1606 sanctus
3364 1547 3463 1604 ille
3519 1548 3812 1608 Viennensis

2215 1640 2550 1714 episcopus,
2587 1639 2641 1696 in
2673 1637 3087 1710 Martyrologio
3114 1635 3469 1707 adornanda,
3496 1651 3558 1694 se
3590 1636 3812 1695 habuisse

461 1726 748 1799 probante
775 1725 910 1784 vivo
939 1725 1129 1783 adhuc
1178 1725 1458 1796 magistro
1507 1740 1634 1783 meo
1681 1727 2099 1801 Papebrochio,
2132 1749 2186 1810 Β
2218 1729 2547 1802 proﬁtetur.
2583 1727 2746 1794 Quod
2779 1731 2873 1783 est
2901 1740 3186 1798 quarere,
3213 1725 3352 1797 quid
3384 1726 3500 1782 sint
3533 1724 3734 1783 latiora
3747 1725 3811 1782 illa

465 1815 832 1873 eruditorum
850 1813 1069 1886 judicia
1093 1829 1207 1870 non
1232 1813 1548 1885 defugiant.
1577 1815 1746 1872 Beda
1767 1819 1910 1873 atas
1929 1817 2102 1874 hodie

462 1902 867 1976 receptissima
898 1906 1020 1969 est;
1051 1902 1238 1960 lucem
1261 1903 1509 1961 sortitus
1529 1918 1678 1960 anno
1699 1908 1804 1962 672
1825 1905 1897 1961 ad
1919 1919 2104 1977 usque

463 2005 677 2051 annum
706 1996 813 2050 735
841 1993 1020 2050 vitam
1051 1992 1362 2064 protraxit.
1388 1991 1540 2050 Flori
1565 1993 1703 2050 item
1727 1995 2103 2052 characteres

464 2081 612 2140 adeo
640 2081 1054 2140 verosimiliter
1083 2080 1377 2139 stabilitos
1404 2081 1698 2155 existimo,
1721 2088 1781 2140 ut
1815 2082 1957 2140 nihil
1991 2099 2106 2140 ma-

460 2175 719 2244 gnopere
766 2169 928 2228 dubii
969 2169 1197 2228 videam
1246 2170 1384 2242 quin
1417 2171 1679 2229 floruerit
1727 2171 2012 2245 Lugduni,
2045 2177 2104 2231 et

461 2258 932 2334 Martyrologium
959 2275 1146 2331 suum,
1176 2259 1362 2331 magis
1387 2259 1742 2319 nominatum
1789 2275 1959 2332 quam
2009 2276 2107 2319 no-

465 2353 611 2422 tum,
645 2347 950 2422 scripserit
993 2348 1149 2406 circa
1191 2363 1402 2406 annum
1446 2353 1568 2406 830.

533 2441 620 2496 46.
653 2437 776 2494 Non
806 2437 923 2494 erit
955 2437 1062 2494 abs
1093 2451 1156 2493 re
1189 2435 1473 2494 lectorem
1512 2436 1830 2508 eruditum,
1864 2437 2102 2496 tametsi

464 2526 618 2584 forte
641 2525 760 2598 jam
792 2526 974 2598 probe
994 2525 1369 2596 instructum,
1395 2525 1487 2582 hic
1508 2525 1699 2582 denuo
1722 2539 2101 2598 pramonere,

459 2615 952 2687 Martyrologium,
961 2613 1201 2686 praﬁxo
1213 2613 1383 2670 Beda
1397 2613 1627 2670 nomine
1641 2630 1671 2672 a
1686 2614 2106 2687 ChristOphoro

459 2701 732 2760 Plautino
761 2701 1064 2773 vulgatum
1094 2717 1244 2760 anno
1274 2705 1432 2773 1564,
1468 2701 1630 2760 nullo
1660 2707 1832 2774 pacto
1863 2717 1892 2760 a
1928 2703 2100 2776 Beda,

462 2791 567 2850 sed
599 2807 630 2848 a
661 2790 862 2849 nescio
893 2805 1027 2864 quo,
1057 2805 1132 2848 ex
1175 2790 1374 2848 Adone
1424 2789 1675 2863 aliisque
1725 2791 2104 2866 compilatum

463 2880 668 2953 fuisse,
698 2884 818 2938 tam
849 2893 984 2937 esse
1025 2878 1290 2952 evidens,
1324 2893 1494 2952 quam
1536 2879 1692 2952 quod
1731 2880 2106 2938 evidentissi-

457 2983 635 3042 mum,
669 2972 846 3042 atque
895 2968 1006 3026 hoc
1051 2971 1318 3042 tempore
1362 2967 1776 3040 indubitatum,
1811 2984 1942 3028 cum
1985 2970 2103 3042 jam

461 3059 684 3132 passim
713 3073 826 3116 non
857 3057 972 3116 alio
1000 3058 1230 3114 nomine
1261 3058 1476 3129 veniat,
1513 3073 1684 3130 quam
1715 3059 1886 3118 Beda
1914 3061 2100 3132 spurii

461 3151 560 3204 aut
593 3146 1126 3218 supposititii.Ego,
1160 3146 1414 3204 vitanda
1445 3145 1663 3204 odiosa
1692 3148 1857 3205 vocis
1885 3150 2098 3222 gratia,

458 3234 928 3293 Plantiniaamm
953 3233 1182 3292 Bedam
1210 3233 1537 3306 simplicius
1570 3235 1868 3308 appellare
1901 3237 2098 3295 malui.

461 3321 759 3381 Illustrior
779 3326 872 3380 est
893 3325 952 3379 et
973 3323 1046 3380 ab
1066 3323 1208 3380 orbe
1225 3323 1520 3394 universo,
1537 3325 1867 3396 prasertim
1891 3341 1921 3382 a
1947 3325 2103 3383 litte-

461 3412 629 3484 ratis,
652 3426 784 3470 cum
816 3409 1025 3482 plausu
1057 3415 1318 3484 accepta,
1345 3411 1640 3470 recentior
1662 3418 1720 3470 et
1743 3413 1913 3485 longe
1932 3431 2102 3474 accu-

461 3501 647 3556 ratior
675 3498 858 3555 editio
877 3497 1083 3571 altera,
1109 3513 1258 3556 anno
1278 3503 1418 3559 1668
1449 3504 1583 3558 ante
1603 3504 1824 3560 tomum
1847 3504 1895 3559 ll
1911 3503 2100 3561 Martii

458 3587 530 3645 ab
555 3587 987 3646 Henschenioet
1002 3588 1403 3662 Papebrochio
1415 3593 1752 3662 procurata,
1771 3606 1882 3664 qua
1905 3592 2104 3662 genui-

457 3691 593 3736 num
627 3676 798 3736 Beda
826 3680 1055 3736 textum
1077 3678 1150 3735 ab
1171 3677 1324 3737 Flori
1349 3679 1627 3737 auctariis
1651 3679 2101 3751 diligentissime

459 3769 850 3842 expurgatum
881 3771 1056 3840 atque
1105 3767 1470 3842 distinctum,
1505 3783 1570 3826 se
1615 3770 1938 3828 tradidisse
1987 3785 2102 3829 non

456 3857 825 3918 dubitarunt.
857 3857 1106 3930 Fuitque
1133 3858 1190 3916 id
1218 3857 1364 3916 adeo
1415 3859 1489 3914 ab
1538 3857 1706 3916 annis
1751 3859 1868 3931 jam
1920 3859 2101 3918 ferme

459 3946 882 4020 quinquaginta
914 3952 1030 4004 tam
1067 3947 1498 4019 incunctanter,
1533 3951 1651 4006 tam
1683 3948 2102 4007 universaliter

456 4034 529 4092 ab
559 4035 832 4092 omnibus
858 4034 1200 4106 admissum,
1235 4039 1297 4092 ut
1329 4035 1430 4106 qui
1461 4035 1647 4093 solide
1687 4038 2099 4096 contradicere

2133 3104 2182 3169 C

2215 1823 2274 1876 et
2305 1818 2484 1875 toties
2508 1817 2816 1874 decantata
2845 1815 3068 1873 latiora
3087 1813 3258 1872 Flori
3270 1813 3342 1870 ad
3356 1812 3571 1870 Bedam
3583 1815 3810 1887 vestigia.

2216 1905 2414 1963 Altera
2435 1925 2448 1962 :
2475 1905 2624 1972 Quid
2655 1903 2735 1961 sit
2756 1903 3018 1974 ejusdem
3041 1903 3208 1962 Flori
3227 1901 3378 1960 liber
3393 1903 3710 1974 secundus,
3722 1917 3810 1975 quo,

2216 1999 2434 2068 prater
2465 1992 2671 2050 latiora
2703 1992 2970 2064 vestigia,
3004 2007 3066 2049 se
3100 2007 3270 2050 usum
3317 2005 3450 2049 esse
3483 1997 3603 2048 tam
3645 1992 3814 2049 diserte

2216 2083 2432 2141 asserit
2457 2081 2780 2139 Usuardus.
2808 2083 2967 2137 Hanc
2986 2086 3338 2153 postremam
3361 2079 3604 2152 alicubi,
3633 2081 3681 2138 si
3701 2085 3816 2138 recte

2215 2171 2468 2242 memini,
2503 2169 2702 2241 attigit
2733 2169 3118 2242 Castellanus,
3165 2168 3416 2228 feliciter
3455 2169 3740 2243 divinans,
3761 2183 3818 2230 se-

2213 2260 2473 2320 cundum
2493 2257 2660 2317 Flori
2685 2257 3084 2330 librum,nihil
3115 2257 3274 2316 aliud
3303 2272 3436 2316 esse
3467 2273 3670 2332 posse,
3691 2273 3816 2332 quam

2215 2351 2406 2422 ipsum
2427 2362 2635 2421 purum
2661 2352 2864 2420 putum
2889 2345 3106 2403 Adonis
3127 2345 3626 2420 Martyrologium,
3644 2353 3707 2405 ut
3717 2362 3820 2422 pra-

2215 2436 2452 2496 fationis
2483 2437 2658 2509 hujus
2691 2435 2867 2492 tertio
2897 2434 3091 2508 capite
3122 2433 3422 2508 c0pi‘osius
3453 2435 3820 2494 demonstrare

2215 2525 2578 2592 conabimur;
2594 2523 2748 2581 unde
2761 2522 3172 2595 corrigendum
3185 2523 3299 2580 erit
3313 2523 3704 2584 inveteratum
3715 2540 3822 2600 pra-

2211 2612 2516 2685 judicium,
2541 2612 2718 2670 toties
2743 2627 2774 2668 a
2805 2611 3122 2683 Majoribus
3144 2612 3390 2683 nostris,
3417 2613 3599 2670 toties
3629 2614 3700 2671 ab
3726 2613 3820 2670 aliis

2216 2706 2344 2776 post
2369 2702 2528 2774 ipsos
2547 2699 2925 2773 inculcatum,
2951 2701 3197 2760 necdum
3221 2700 3452 2760 scilicet
3471 2707 3705 2775 reperta
3725 2715 3824 2761 esse

2215 2791 2470 2850 secunda
2495 2789 2646 2848 Flori
2673 2789 2960 2862 auctaria,
2987 2789 3081 2848 vel
3112 2788 3226 2848 alio
3255 2791 3509 2863 nomine,
3545 2793 3823 2850 secundum

2215 2880 2368 2937 Flori
2420 2879 2490 2938 ad
2543 2879 2753 2938 Bedam
2803 2879 3037 2951 librum,
3073 2894 3175 2937 seu
3224 2879 3703 2940 additamentum.
3734 2882 3825 2938 Huc

2213 2967 2648 3042 igiturjproprie
2665 2972 2723 3026 et
2748 2967 2918 3026 unice
2941 2973 3172 3042 spectat
3190 2967 3314 3027 sola
3340 2967 3504 3041 prior
3527 2967 3824 3039 difﬁcultas,

2215 3057 2285 3116 de
2317 3058 2504 3130 primo
2533 3071 2722 3129 eoque
2755 3072 2896 3115 vero
2935 3071 3114 3130 opere
3154 3057 3310 3130 quod
3358 3056 3514 3116 Flori
3564 3058 3746 3118 studio
3789 3057 3826 3114 in

2211 3145 2380 3204 Beda
2411 3145 2614 3204 labore
2663 3145 2996 3205 accrevisse
3035 3145 3322 3205 novimus.

2283 3247 2371 3302 49.
2405 3244 2516 3300 Sed
2546 3243 2660 3301 erit
2687 3243 2784 3316 qui
2815 3259 2942 3302 eam
2974 3259 3005 3302 a
3035 3243 3441 3316 Papebrochio
3475 3243 3701 3302 abunde
3731 3243 3827 3301 dis-

2211 3329 2458 3388 solutam
2499 3330 2779 3388 continuo
2827 3330 3147 3402 existimet,
3183 3329 3486 3388 distinctis
3535 3329 3652 3388 illis
3695 3328 3827 3386 Flori

2210 3419 2433 3490 elogiis,
2466 3434 2596 3490 qua
2627 3435 2658 3476 a
2690 3419 2860 3477 Beda
2893 3419 3155 3478 textibus
3183 3422 3303 3477 tam
3335 3424 3613 3478 accurate
3635 3423 3829 3476 remota

2211 3511 2270 3565 et
2301 3506 2567 3578 sejuncta
2601 3513 2753 3565 sunt.
2790 3510 3006 3566 Iterum
3040 3509 3270 3566 sincere
3311 3513 3536 3582 repeto,
3572 3524 3658 3566 me
3685 3505 3830 3578 Majo-

2212 3611 2338 3653 rum
2352 3611 2500 3669 Opus
2511 3597 2887 3655 vehementer
2901 3598 3226 3670 suspicere,
3243 3612 3310 3657 ac
3327 3611 3485 3672 sape
3509 3599 3828 3656 admiratum

2211 3689 2474 3744 essetam
2491 3687 2848 3744 fortunatum
2863 3701 3065 3744 eorum
3085 3687 3406 3759 inventum,
3423 3687 3581 3760 dum,
3599 3691 3658 3744 ut
3674 3697 3828 3758 supra

2212 3773 2719 3849 dicebam,[extam
2731 3776 2914 3833 variis
2938 3775 3404 3849 codicibus,tum
3429 3777 3639 3835 Bedam
3662 3776 3828 3848 ipsum

2213 3867 2488 3937 tanquam
2513 3863 2848 3936 genuinum,
2882 3868 3006 3922 tum
3038 3863 3192 3922 Flori
3243 3863 3573 3923 additiones
3620 3869 3725 3922 tam
3753 3876 3830 3920 so-

2212 3951 2394 4012 lerter
2424 3969 2454 4010 a
2488 3953 2658 4012 Beda
2686 3953 2903 4026 verbis,
2929 3959 2989 4012 et
3019 3953 3170 4026 stylo
3199 3953 3610 4036 dis‘creverint.
3639 3953 3829 4010 Verum

2213 4045 2440 4114 perstat
2473 4041 2744 4100 molestia
2772 4041 2911 4098 mihi
2941 4042 3184 4100 suborta
3227 4055 3302 4100 ex
3346 4047 3633 4116 perpetua
3673 4037 3830 4100 colla-

459 4124 559 4179 aut
589 4120 764 4193 velle,
794 4124 894 4179 aut
923 4126 1148 4195 posset,
1181 4121 1489 4195 hactenus,
1512 4129 1666 4194 quod
1697 4125 1898 4198 sciam,
1931 4141 2100 4185 nemo
2207 4127 2372 4185 tione
2403 4129 2592 4202 Beda,
2627 4129 2700 4188 ab
2730 4129 3095 4187 Henschenio
3121 4134 3180 4186 et
3231 4128 3634 4202 Papebrochio
3678 4124 3825 4193 editi,

458 4214 734 4284 repertus
765 4209 862 4268 sit.
897 4210 1085 4268 Solam
1124 4213 1460 4270 sanctorum
1509 4213 1764 4271 omnium
1817 4214 2102 4273 festivita-
2211 4228 2342 4273 cum
2373 4214 2634 4288 Rabano,
2669 4215 2868 4273 Adone
2897 4229 2967 4274 ac
2996 4215 3284 4274 Usuardo.
3317 4216 3380 4272 In
3421 4213 3534 4274 hoc
3579 4213 3721 4272 situs
3747 4212 3827 4266 est

454 4304 590 4373 tem,
623 4305 693 4360 ut
720 4299 999 4359 additiam
1035 4301 1477 4382 expungendam
1509 4301 1688 4376 aliqui
1719 4318 2024 4364 censuere.
2211 4300 2391 4358 cardo
2419 4301 2522 4373 rei,
2558 4303 2714 4374 quod
2744 4302 2870 4360 Ado
2898 4301 2956 4358 in
2984 4301 3324 4375 praefatione
3355 4315 3462 4360 sua
3495 4299 3748 4369 affirmet,
3769 4307 3830 4354 eo

523 4393 610 4449 47.
635 4390 760 4449 Non
784 4389 948 4464 potui
971 4404 1084 4448 non
1109 4391 1524 4464 magistrorum
1546 4407 1806 4452 meorum
1832 4409 2100 4454 consum-
2209 4404 2275 4448 se
2305 4389 2476 4448 Beda
2506 4390 2918 4464 Martyrologio
2939 4405 3126 4464 usum,
3144 4391 3298 4464 quod
3321 4389 3476 4448 Flori
3497 4383 3830 4448 venerabilis

451 4483 624 4540 mata
655 4479 712 4538 in
741 4480 833 4538 his
863 4481 1043 4540 rebus
1080 4482 1464 4555 experientia
1509 4487 1567 4542 et
1617 4483 2095 4545 doctissimorum
2123 4465 2176 4526 Ε
2209 4479 2409 4539 studio
2439 4479 2496 4538 in
2528 4479 2728 4540 labore
2760 4481 2952 4540 domni
2971 4481 3143 4540 Beda
3165 4485 3532 4555 accreverat,
3556 4478 3704 4540 unde
3721 4487 3831 4535 cer-

455 4569 703 4629 aliorum
733 4569 994 4630 virorum
1025 4571 1323 4644 suffragiis
1369 4587 1559 4632 meum
1608 4572 1883 4647 adjicere,
1918 4578 2097 4648 atque
2205 4569 2436 4628 tissime
2465 4570 2776 4630 dicendum
2807 4575 2917 4644 est,
2950 4571 3207 4629 Adonem
3246 4570 3434 4644 ipsius
3471 4570 3643 4642 Flori,
3675 4577 3830 4640 «ιιιθω

450 4659 598 4719 adeo
629 4659 687 4719 in
719 4664 841 4719 tota
870 4661 978 4719 hac
1008 4661 1260 4720 Usuardi
1293 4661 1654 4734 recensione,
1678 4661 1759 4720 ita
1793 4663 2006 4721 Bedam
2035 4668 2096 4722 et
2206 4658 2280 4718 de
2339 4659 2488 4718 facie
2537 4660 2772 4718 novisse
2819 4659 3406 4734 potuit,completum
3453 4663 3514 4718 et
3563 4659 3830 4728 integrum

454 4747 688 4808 Florum
735 4748 1054 4822 appellare,
1089 4751 1577 4822 quemadmodum
1625 4752 1698 4810 ab
1736 4751 1885 4826 ipsis
1927 4753 2094 4826 editi,
2206 4761 2356 4820 opus
2388 4746 2684 4820 habuisse,
2718 4747 2871 4820 quod
2899 4761 2973 4805 ex
3002 4749 3258 4806 Romano
3299 4760 3483 4820 parvo
3521 4750 3579 4804 et
3619 4738 3832 4803 aliunde

453 4839 629 4898 divisi
659 4843 719 4898 et
748 4839 986 4898 discreti
1019 4844 1177 4898 sunt.
1205 4839 1594 4900 Nihilominus
1611 4840 1729 4914 jam
1751 4842 1808 4900 in
1829 4842 2096 4901 terendis
2205 4833 2483 4908 supplere
2515 4835 2990 4910 aegrediebatur,
3025 4836 3170 4894 adeo
3219 4839 3286 4895 ut
3330 4850 3443 4894 non
3497 4833 3682 4894 solum
3730 4826 3836 4904 βτί·

453 4927 886 5002 Martyrologiis
917 4929 1062 4988 satis
1093 4929 1193 4988 diu
1222 4933 1516 5003 'versatus,
1547 4930 1870 5004 symbolam
1897 4936 1959 4988 et
1987 4947 2096 5004 ego
2205 4939 2359 4984 mum
2391 4922 2538 4983 illud
2566 4930 2628 4983 et
2657 4922 2826 4986 valde
2865 4926 3274 5001 imperfectum
3305 4925 3478 4985 Beda
3517 4917 3836 4996 Marti'l‘olo‘

449 5015 704 5090 aliquam
731 5017 844 5077 huc
875 5017 1074 5091 affero,
1093 5033 1222 5092 qua
1245 5017 1384 5078 licet
1414 5019 1873 5093 Papebrochiani
1897 5021 2094 5094 operis
2202 5013 2361 5085 gium
2391 5013 2684 5089 habuerit,
2719 5015 2824 5074 sed
2857 5014 3032 5075 simul
3063 5012 3274 5088 omnia,
3308 5029 3440 5088 qua
3461 5019 3587 5074 tum
3609 5009 3832 5076 aFIOPO.

453 5099 828 5168 fundamenta
851 5107 1278 5183 quadamtenus
1301 5109 1596 5182 suffodiat,
1621 5113 1684 5168 ut
1707 5114 1799 5168 est
1821 5111 2093 5170 veritatis

455 5197 680 5252 amator
691 5195 1360 5271 candidissimus,voluit
1377 5197 1871 5272 ipse,argumenta
1885 5215 2094 5275 propo-

453 5291 674 5366 nerem,
717 5298 846 5356 qua
893 5287 966 5346 ad
1013 5302 1160 5361 rem,
1209 5287 1455 5346 necdum
1503 5283 1674 5361 plane
1717 5286 2088 5366 elucidatam,

457 5365 712 5428 ulterius
729 5372 1155 5452 discutiendam
1183 5376 1724 5452 explanandamque
1734 5380 2087 5441 conferrent.

455 5455 545 5516 Ad
574 5455 807 5518 Florum
839 5470 1068 5534 spectat
1097 5472 1219 5526 tota
1241 5467 1602 5542 disquisitio,
1623 5468 1793 5542 cujus
1814 5467 2092 5542 Martyro-

451 5545 676 5624 logium
699 5552 1212 5630 quantumcunque
1229 5563 1290 5618 et
1313 5556 1736 5634 qualecunque,
1759 5572 1898 5620 vere
1918 5572 2092 5632 nego-

2205 5106 2326 5160 tum
2357 5117 2389 5162 a
2419 5103 2572 5162 Beda
2605 5101 2949 5180 composita,
2975 5104 3033 5164 in
3061 5118 3238 5164 unum
3267 5102 3694 5178 quodammodo
3721 5110 3840 5158 cor-

2204 5205 2315 5266 pus
2347 5191 2709 5267 coaluerant,
2743 5208 2992 5267 quorum
3023 5191 3270 5268 proinde
3302 5195 3550 5255 Sanctos
3580 5189 3759 5252 verba
3785 5188 3836 5243 et

2201 5279 2390 5354 elogia
2421 5281 2480 5340 in
2509 5296 2720 5343 novum
2771 5295 2941 5344 suum
2979 5280 3456 5361 Martyrologium
3507 5277 3838 5343 indistincte

2202 5369 2498 5446 retulerit,
2533 5377 2634 5431 aut
2667 5371 2877 5432 saltem
2915 5375 3140 5434 referre
3171 5373 3453 5450 potuerit.

2271 5475 2357 5530 50.
2394 5469 2731 5564 Clarissima
2744 5473 2802 5564 in
2815 5485 2939 5532 rem
2951 5476 3214 5534 nostram
3226 5477 3360 5534 sunt
3376 5470 3680 5564 ipsiusmet
3699 5460 3838 5564 Ade:

2200 5572 2292 5619 ms
2311 5561 2516 5635 verba,
2534 5561 2748 5636 quibus
2771 5563 2830 5624 in
2853 5565 3198 5640 praefatione
3221 5567 3500 5639 testatur,
3516 5575 3580 5624 se
3597 5559 3836 5632 im?”
