3974 6150
171 255 271 312 485
1601 249 1838 307 ΡΗΟΙιΕι

1971 253 2146 311 ΙΕΝΑ.
3469 267 3576 325 486

167 375 1150 452 acjussioxesanotormnvirmm
1169 373 1643 446 Martyrologium
1668 390 1812 431 com-
1838 378 1893 438 A
1928 383 2161 449 ceptum
2191 393 2346 437 esse.
2382 381 2462 436 En
2494 381 2726 451 nodum,
2757 383 3164 442 cui-solvendo
3194 385 3345 443 viam
3376 385 3578 446 hacte-

170 461 935 538 pilasse,utsupplerentur
953 460 1830 555 ἀίω,ᾳαὶαῦεᾳκθζηογηὶηἱὸτιςξ
1938 484 2048 525 nus
2104 473 2327 526 rectam.
2381 476 2440 526 et
2488 484 2756 527 securam
2805 486 2915 527 non
2966 473 3178 545 reperi,
3221 474 3339 555 nisi
3385 475 3576 548 elogia

167 551 1267 626 martyriuminMartyrologio(quod
1283 551 1643 609 venerabilis
1665 549 1832 607 Flori
1938 556 2126 624 omnia
2162 573 2192 613 a
2224 557 2544 626 majoribus
2576 557 2796 613 nostris
2839 557 3005 615 Floro
3044 549 3320 632 ascripta,
3365 563 3417 619 ei
3461 579 3579 620 om-

169 643 372 702 studio
393 643 463 699 in
478 640 679 698 labore
689 639 1104 697 dominiBedw
1114 641 1474 710 decreverat)
1488 640 1720 696 tantum
1731 653 1828 694 no-

175 733 291 789 tati
304 731 714 789 erantCazcus
733 729 808 784 sit
826 732 1056 800 oportet
1073 729 1169 800 qui
1185 728 1276 786 hic
1291 744 1400 784 non
1415 729 1610 784 videat
1629 727 1714 784 sic
1730 729 1831 783 Be-

175 821 262 877 die
285 818 762 890 Martyrologium
793 818 864 873 ab
899 817 1097 874 Adone
1121 817 1374 889 depingi,
1401 820 1463 874 ut
1488 817 1543 873 in
1567 831 1635 873 eo
1659 816 1830 873 simul

175 909 492 978 conjuncta
528 905 702 962 simul
731 911 1005 962 concerta
1042 906 1253 962 fuerint
1288 920 1649 976 quaecunque
1683 904 1832 960 Flori

178 997 384 1055 studio
401 997 458 1052 in
473 993 883 1066 Martyrologio
899 995 1066 1051 Beda}
1080 997 1249 1052 aucta
1266 999 1323 1050 et
1339 1010 1426 1050 am
1435 994 1690 1066 pliﬁcata
1717 994 1834 1050 fue-

176 1088 467 1143 rantJam
486 1099 629 1142 vero
647 1082 787 1139 nihil
812 1088 902 1139 est
930 1083 1299 1140 manifestius
1331 1098 1500 1154 quam
1534 1083 1685 1155 quod
1713 1083 1836 1138 Ade

177 1175 350 1232 Beda:
391 1173 644 1243 vestigia
673 1172 1159 1230 constantissime
1194 1173 1576 1244 premat,ejus
1599 1176 1835 1229 sanctos

175 1263 399 1337 passim
424 1260 892 1333 asciscat,elogia
921 1261 1103 1318 ferme
1125 1261 1536 1332 omnia,quoad
1560 1261 1644 1317 rei
1668 1261 1838 1318 subs-

177 1353 871 1422 tantiam,nonnunquam
885 1351 1176 1407 verbatim
1193 1350 1513 1421 describat,
1532 1350 1705 1420 idque
1720 1354 1836 1404 tam

177 1441 361 1512 clare,
392 1445 515 1498 tam
539 1453 842 1512 expresse,
870 1443 930 1496 ut
972 1439 1182 1496 Bedam
1221 1440 1275 1495 in
1299 1439 1496 1496 Adone
1528 1437 1838 1510 perSpicue

179 1543 497 1601 agnoscas.
528 1528 582 1584 Si
607 1543 748 1599 ergo
767 1528 1118 1585 Viennensis
1140 1528 1452 1600 episcopus
1477 1527 1638 1584 illum
1670 1526 1839 1582 Beda:

180 1618 448 1675 laborem
473 1631 595 1689 prae
617 1615 803 1674 oculis
838 1616 1062 1687 habuit,
1098 1616 1195 1688 qui
1227 1615 1426 1673 studio
1455 1615 1608 1672 Flori
1642 1629 1840 1672 accre-

179 1711 366 1777 verat,
404 1705 713 1762 evidenter
745 1705 1128 1776 consequitur
1158 1705 1344 1777 elogia
1391 1705 1566 1762 etiam
1600 1703 1696 1760 illa
1741 1704 1838 1759 de-

184 1793 536 1866 scripsisse,
573 1807 702 1864 quae
734 1793 933 1850 studio
964 1793 1136 1863 Flori,
1172 1793 1357 1850 labori
1399 1793 1568 1850 Bedae
1610 1791 1838 1862 adjecta

186 1882 452 1940 fuerant.
489 1880 665 1952 Atqui
695 1885 890 1937 tamen
921 1885 1048 1937 toto
1079 1880 1179 1937 illo
1203 1881 1440 1952 Adonis,
1469 1879 1840 1952 quantumvis

184 1971 429 2041 diﬂ‘uso,
458 1967 869 2042 Martyrologio
893 1968 1113 2026 nullum
1138 1984 1383 2042 prorsus
1405 1969 1656 2039 elogium
1680 1985 1844 2041 repe-

187 2061 343 2118 ritur
377 2074 458 2116 ex
487 2058 580 2130 iis,
625 2073 752 2131 quae
794 2058 848 2114 in
898 2058 1154 2116 editione
1201 2063 1404 2116 nostra
1452 2057 1620 2114 Floro
1667 2058 1845 2115 ascri-

185 2151 417 2208 buntur
449 2168 462 2204 :
488 2147 622 2206 hinc
646 2148 824 2219 igitur
846 2148 1115 2206 concludi
1140 2152 1333 2220 potest
1359 2147 1588 2205 Florum
1612 2162 1642 2204 a
1675 2147 1848 2218 majo-

189 2239 362 2297 ribus
406 2237 635 2294 nostris
673 2236 994 2308 vulgatum,
1047 2251 1157 2293 non
1206 2250 1340 2293 esse
1386 2236 1674 2306 geminum
1725 2237 1848 2292 Flo-

129 2315 133 2318 ’
190 2342 344 2399 rum,
382 2341 500 2383 non
540 2339 700 2396 esse,
753 2325 1006 2396 inquam,
1057 2341 1205 2398 Opus
1255 2325 1399 2382 illud
1448 2324 1600 2396 quod
1651 2325 1847 2382 studio

192 2416 349 2474 Flori
387 2415 450 2471 in
481 2414 683 2472 labore
723 2413 893 2470 Bedae
932 2420 1292 2486 accreverat,
1331 2414 1594 2486 adeoque
1629 2418 1726 2471 aut
1769 2414 1850 2470 ni-

193 2505 271 2563 hil
305 2504 604 2577 seripisse
637 2501 886 2574 Florum,
921 2508 1019 2561 aut
1053 2504 1102 2560 si
1135 2503 1272 2576 quid
1301 2503 1566 2577 scripsit,
1599 2502 1735 2561 alibi
1769 2503 1851 2559 in-

191 2593 636 2666 vestigandum.

257 2689 355 2743 61.
386 2686 813 2754 Argumentum
836 2696 949 2740 non
972 2681 1164 2739 minus
1187 2696 1402 2754 urgens
1423 2682 1753 2740 desumitur
1779 2697 1853 2738 ex

189 2771 615 2845 Martyrologio
645 2771 915 2844 Usuardi,
949 2771 1108 2844 quod
1137 2786 1210 2828 ex
1242 2771 1440 2828 Adone
1463 2771 1696 2844 quidem
1719 2787 1854 2829 con-

190 2868 462 2921 tractum
502 2861 742 2932 scimus,
786 2860 891 2918 sed
932 2860 1011 2917 ita
1051 2865 1114 2918 ut
1159 2861 1340 2918 variis
1389 2861 1534 2918 locis
1577 2860 1853 2918 nonnulla

193 2952 389 3024 elogia
411 2966 491 3010 ex
513 2951 666 3008 Beda
694 2949 1100 3022 descripserit,
1127 2951 1278 3008 unde
1301 2954 1497 3022 pateat
1522 2950 1692 3007 Beda
1714 2951 1855 3006 Mar-

193 3040 562 3114 tyrologium
591 3039 892 3109 habuisse,
927 3053 1039 3095 non
1073 3042 1135 3096 ut
1170 3039 1415 3111 primum
1448 3054 1478 3096 a
1512 3039 1664 3096 Beda
1705 3054 1857 3096 com-

195 3133 488 3205 positum,
521 3129 623 3186 sed
655 3133 718 3186 ut
751 3144 780 3184 a
827 3127 995 3184 Floro
1037 3131 1272 3184 auctum
1319 3129 1529 3199 fuerat,
1567 3129 1737 3200 cujus
1774 3127 1857 3184 rei

197 3218 745 3279 luculentissimum
762 3215 1161 3276 testimonium
1179 3217 1398 3288 praebet
1416 3217 1718 3274 Usuardus
1733 3216 1859 3289 ipse

197 3311 362 3368 sicin
379 3307 727 3380 praefatione
743 3321 845 3363 sua
861 3306 1166 3362 disserens
1182 3305 1252 3362 de
1273 3306 1701 3363 vetustioribus
1726 3309 1865 3362 Mar.

211 3396 537 3471 tyrologiis
571 3411 699 3466 qua:
730 3395 802 3452 ad
834 3410 1002 3452 suum
1033 3394 1496 3452 concinnandum
1536 3395 1684 3451 viam
1719 3410 1862 3466 pras-

197 3488 683 3548 monstraverant
720 3503 732 3540 :
769 3502 798 3537 (ί
821 3483 1254 3540 Venerabilium
1278 3484 1609 3554 Hieronymi
1635 3483 1858 3540 scilicet

201 3591 264 3634 ac
311 3573 496 3631 Beda;
537 3573 1016 3645 presbyterorum
1049 3572 1181 3644 piis,
1221 3572 1486 3642 quamvis
1521 3572 1859 3643 succinctis,

202 3679 392 3738 super
445 3663 555 3720 hoc
603 3661 961 3733 provocabar
1010 3661 1349 3733 descriptis.
1404 3661 1658 3726 Quorum
1707 3661 1864 3732 prior

204 3751 497 3811 brevitati
533 3749 803 3820 studens,
841 3747 992 3806 alter
1021 3764 1168 3806 vero
1187 3748 1562 3820 quamplures
1586 3748 1866 3806 Kalenda-

205 3857 335 3900 rum
387 3841 523 3898 dies
565 3839 819 3896 intactos
869 3837 1229 3910 relinquens,
1273 3837 1453 3895 multa
1494 3837 1867 3902 inveniuntur

206 3931 392 4003 hujus
415 3928 618 4000 operis
642 3927 1004 4000 praeteriisse
1027 3926 1362 3984 necessaria
1381 3945 1393 3981 :
1412 3930 1764 3997 quostamen
1779 3939 1869 3982 se-

206 4025 415 4089 cutus,
440 4017 649 4075 censui
680 4021 738 4074 et
770 4015 922 4074 Flori
952 4014 1346 4072 memorabilis
1377 4014 1484 4071 viri
1519 4013 1724 4071 latiora
1751 4015 1868 4084 jam

207 4108 264 4165 in
297 4123 380 4166 eo
414 4108 547 4179 ipso
577 4105 810 4176 negotio
831 4105 997 4176 sequi
1029 4104 1298 4175 vestigia,
1336 4104 1662 4176 praesertim
1695 4103 1750 4159 in
1783 4117 1872 4159 se-

209 4197 414 4255 cundo
450 4194 716 4265 ejusdem
754 4194 924 4252 libro.
958 4211 988 4247 »
1021 4193 1100 4250 De
1131 4193 1240 4250 hoc
1272 4193 1531 4251 secundo
1569 4191 1719 4249 libro
1751 4191 1868 4248 dixi

209 4286 265 4343 in
288 4285 410 4342 hac
437 4283 780 4356 praefatione
795 4281 1080 4354 agendum
1095 4281 1288 4355 capite
1301 4280 1594 4338 tertio.Ad
1609 4295 1872 4354 praesens

210 4377 633 4446 argumentum
666 4373 813 4429 satis
843 4376 934 4428 est
969 4386 1043 4428 ex
1071 4371 1180 4428 hoc
1219 4370 1348 4428 loco
1387 4370 1516 4428 luce
1556 4370 1874 4427 meridiana

208 4445 443 4520 clarius
457 4465 786 4534 patescere,
797 4459 960 4519 Flori
969 4459 1372 4519 memorabilis
1385 4461 1504 4518 rii-i
1519 4460 1878 4532 latiorajam
1900 4445 1954 4506 D

208 4553 276 4610 in
298 4566 376 4610 eo
408 4551 541 4623 ipso
574 4550 806 4622 negotio
826 4550 1107 4622 vestigia,
1140 4564 1243 4606 seu
1265 4548 1492 4606 domini
1519 4548 1694 4606 Bede
1725 4549 1877 4607 labo-

210 4655 365 4711 rem,
389 4639 502 4711 qui
523 4638 724 4696 studio
746 4638 1497 4708 Floriaccreverat,verbo,
1515 4637 1876 4709 ipsissimum

216 4727 400 4785 Bedze
432 4725 933 4798 Martyrologium,
967 4743 998 4784 a
1031 4727 1198 4784 Floro
1239 4727 1293 4783 in
1331 4726 1596 4783 latiorem
1638 4727 1876 4783 formam

215 4815 574 4886 deductum,
608 4817 943 4872 certissime
975 4820 1240 4873 secutum
1273 4831 1406 4872 esse
1440 4815 1784 4873 Usuardum.

281 4911 386 4964 5‘2.
422 4908 542 4977 Age
593 4919 752 4977 vero,
796 4907 984 4962 totum
1023 4905 1272 4962 Usuardi
1313 4904 1802 4976 Martyrologium,
1847 4918 1877 4960 a

211 4997 430 5074 capite
464 4995 534 5052 ad
580 4995 800 5052 calcem
839 4993 1044 5052 evolve
1083 4998 1140 5050 ct
1183 5000 1414 5066 excute,
1446 4994 1662 5051 viceris
1699 4994 1745 5051 si
1786 4993 1879 5050 vel

219 5080 473 5143 unicum
501 5084 754 5155 elogium
789 5085 1086 5157 repereris
1115 5099 1186 5142 ex
1233 5083 1306 5140 iis
1347 5083 1614 5141 omnibus
1654 5098 1782 5155 qua:
1825 5083 1881 5141 in

210 5175 490 5232 editione
521 5173 998 5246 Papebroehiana
1033 5173 1202 5231 Floro
1236 5173 1597 5244 tribuuntur,
1637 5177 1734 5230 aut
1770 5172 1884 5230 sal-

212 5267 338 5320 tem
373 5276 521 5319 vere
551 5261 637 5318 illi
669 5262 1191 5335 quomodocunque
1216 5263 1398 5320 tribui
1439 5267 1708 5335 possunt.
1751 5261 1881 5319 Seio

211 5349 507 5422 equidem
528 5366 707 5411 unum
733 5356 832 5410 aut
865 5352 1117 5410 alterum
1141 5368 1254 5410 non
1287 5352 1554 5410 absimile
1587 5365 1742 5422 esse,
1777 5350 1880 5408 sed

214 5438 378 5496 illud
407 5440 786 5511 probavimus
809 5457 838 5498 a
862 5441 1014 5498 Flori
1049 5441 1224 5498 istius
1256 5442 1479 5498 art'lice
1511 5457 1582 5497 ex
1614 5440 1881 5498 Usuardo

214 5524 624 5601 descriptum,
650 5543 716 5588 ac
745 5529 931 5602 ipsius
959 5529 1208 5587 Usuardi
1235 5528 1388 5601 stylo
1410 5530 1724 5601 verbisque
1747 5542 1883 5587 con~

1889 3086 1938 3149 C

1940 645 2077 701 nino
2106 644 2534 714 abjudieentur.
2555 647 2802 716 Rursus,
2830 651 2894 702 ut
2916 651 3139 704 certum
3163 664 3448 722 suppono,
3472 655 3580 711 Ra-

1943 734 2173 802 banum,
2201 738 2545 806 perpetuum
2570 735 2738 791 Beda}
2761 735 3206 808 descriptorem,
3241 738 3344 795 tali
3375 741 3582 812 Marty-

1943 821 2146 892 rologii
2181 822 2350 879 Bedze
2379 823 2694 896 exemplari
2730 839 2917 894 usum,
2963 825 3116 895 quod
3147 830 3205 882 et
3248 827 3438 898 ipsum
3481 844 3583 901 per

1944 910 2095 966 Flori
2129 926 2334 967 manus
2365 912 2668 968 transierit
2697 930 2711 978 ;
2745 913 2906 984 atqui
2949 928 3056 970 nec
3088 918 3216 971 toto
3257 915 3357 972 illo
3399 918 3586 974 Raba-

1944 999 2099 1054 niani
2123 999 2514 1071 Martyrologii
2537 1001 2811 1072 decursu,
2836 1001 2974 1058 talis
2999 1002 3204 1060 Florus
3227 1019 3472 1076 usquam
3495 1021 3587 1063 oc-

1945 1087 2151 1158 currit,
2188 1087 2416 1158 qualem
2449 1090 2853 1147 Henschenius
2891 1094 2947 1147 et
2991 1092 3428 1162 Papebrochius
3469 1093 3588 1151 edi-

1947 1175 2125 1244 dere;
2167 1181 2257 1232 est
2303 1177 2481 1246 igitur
2527 1183 2623 1233 aut
2676 1177 2872 1235 nullus
2920 1179 3144 1252 Florus,
3199 1187 3296 1238 aut
3355 1181 3589 1240 aliunde

1945 1265 2202 1322 eruenda
2243 1270 2376 1322 sunt
2427 1280 2492 1322 ea
2534 1266 2746 1336 quibus
2789 1267 2956 1324 Bedae
2997 1285 3146 1341 Opus
3189 1269 3586 1342 amplificavit.

1949 1355 2105 1410 Hanc
2128 1353 2526 1410 diﬂleultatem
2551 1369 2581 1409 a
2605 1354 2764 1410 nullo
2786 1355 3072 1414 hactenus
3093 1359 3467 1417 observatam
3483 1376 3594 1417 me-

1950 1442 2106 1512 mini,
2135 1443 2442 1513 nequidem
2467 1458 2496 1498 a
2523 1443 2799 1501 Bollando
2820 1450 2917 1502 aut
2952 1447 3338 1519 Ilenschenio,
3366 1448 3592 1507 sedulis

1949 1529 2492 1600 Martyrologiorum
2524 1530 2949 1605 evolutoribus,
2985 1549 3089 1591 nec
3111 1550 3141 1592 a
3166 1537 3589 1611 Papebrocbio,

1952 1618 2247 1691 przecipuo
2290 1618 2533 1676 Bedanze
2574 1620 2850 1677 editionis
2890 1624 3324 1682 concinnatore.
3368 1626 3591 1684 Nodum

1869 1731 1922 1792 Β
1951 1707 2268 1765 scrutando
2317 1712 2373 1764 et
2425 1709 2767 1766 ruminando
2811 1711 3031 1781 pridem
3073 1713 3590 1789 deprehenderam,

1951 1794 2055 1852 sed
2104 1809 2325 1852 cuneus
2373 1795 2596 1868 deerat,
2652 1812 2754 1868 per
2800 1799 2925 1855 avia
2974 1804 3032 1855 et
3080 1801 3244 1858 devia
3296 1801 3395 1861 diu
3452 1802 3601 1861 mul-

1951 1887 2191 1954 tumque
2221 1885 2538 1956 quaesimus
2573 1905 2585 1940 :
2620 1901 2691 1941 an
2733 1893 3005 1959 repertus
3046 1891 3144 1961 sit,
3188 1907 3259 1948 cx
3301 1893 3596 1964 sequenti-

1953 1973 2063 2030 bus
2096 1974 2314 2046 poterit
2344 1974 2682 2045 conjectari.

2000 2068 2112 2120 '33.
2150 2065 2230 2119 Ex
2252 2064 2452 2120 citatis
2478 2079 2653 2136 supra
2675 2065 2843 2121 Beda:
2865 2067 3081 2137 verbis,
3109 2083 3138 2123 a
3174 2067 3469 2142 Bollando,
3495 2072 3598 2128 Pa-

1954 2151 2270 2223 pebrochio
2283 2156 2338 2207 et
2359 2150 2489 2208 aliis
2512 2153 2724 2223 passim
2746 2154 2951 2210 referri
2969 2154 3184 2225 solitis,
3204 2156 3597 2215 indubitatum

1956 2242 2068 2308 est,
2104 2237 2576 2309 Martyrologium
2610 2238 2841 2310 aliquod
2877 2255 2906 2296 a
2938 2241 3258 2304 venerabili
3293 2247 3350 2298 et
3395 2248 3601 2301 sancto

1961 2325 2250 2398 scriptore
2273 2326 2686 2398 compositum,
2713 2342 2820 2383 nec
2844 2328 3034 2385 minus
3055 2334 3302 2401 certum,
3329 2329 3499 2387 valde
3523 2331 3605 2388 in-

1944 2415 2314 2488 eompletum
2340 2415 2520 2472 fuisse
2547 2435 2560 2470 :
2593 2420 3144 2490 certumprzeterea,
3173 2433 3203 2475 a
3228 2417 3389 2476 nullo
3409 2420 3606 2478 hacte-

1960 2521 2070 2564 nus
2095 2504 2435 2577 primigenia
2462 2504 2680 2576 phrasi,
2705 2505 2776 2561 de
2801 2520 2910 2576 qua
2934 2507 3166 2564 omnino
3197 2513 3453 2580 constet,
3487 2508 3608 2566 edi-

1960 2599 2083 2652 tum
2099 2594 2298 2650 fuisse.
2321 2595 2534 2648 Nostra
2567 2593 2748 2650 editio
2771 2593 2841 2649 ad
2867 2594 3175 2651 veritatem
3200 2597 3460 2668 proxime
3483 2599 3610 2670 qui-

1963 2684 2091 2741 dem
2108 2681 2354 2752 accedit,
2373 2681 2476 2738 sed
2492 2696 2622 2737 cum
2638 2682 2844 2739 festum
2861 2683 3204 2740 Sanctorum
3223 2684 3488 2742 Omnium
3513 2700 3609 2743 an-

1963 2772 2212 2842 nuntiet,
2245 2786 2347 2842 pro
2371 2768 2688 2827 universali
2722 2769 2978 2826 Ecclesia
3002 2775 3262 2844 tempore
3287 2773 3455 2831 Beda:
3477 2789 3610 2832 nec-

1963 2862 2100 2921 dum
2118 2860 2450 2918 institutum
2467 2874 2537 2915 ex
2553 2859 2725 2915 unico
2739 2873 2808 2915 eo
2824 2859 3038 2916 indicio
3053 2865 3112 2916 ut
3130 2865 3344 2918 caetera
3361 2866 3586 2920 taceam

1963 2952 2314 3024 colligimus,
2346 2964 2552 3020 purum
2577 2947 2746 3020 plane
2770 2953 2829 3004 et
2856 2949 3146 3018 integrum
3162 2950 3275 3008 dici
3289 2967 3399 3009 non
3415 2927 3608 3024 posset

1963 3045 2086 3099 Jam
2119 3054 2280 3109 vero,
2301 3037 2532 3094 aliunde
2557 3052 2627 3092 ex
2653 3035 2849 3093 Adone
2873 3038 3282 3110 patentissime
3314 3039 3609 3115 docemur,

1971 3129 2330 3204 ipsissimum
2356 3126 2522 3182 Beda:
2547 3124 3015 3196 Martyrologium
3032 3125 3396 3185 Floristudio
3420 3144 3615 3187 accre-

1969 3220 2150 3287 visse,
2177 3231 2460 3288 nusquam
2485 3219 2676 3271 autem
2703 3214 2983 3272 traditum
3006 3220 3120 3286 est,
3148 3216 3445 3288 peculiare
3467 3233 3615 3290 opus

1971 3307 2318 3381 (secundum
2351 3304 2562 3360 librum
2603 3303 2718 3360 alio
2759 3303 3110 3375 remisimus)
3153 3320 3182 3361 a
3224 3306 3392 3364 Floro
3433 3307 3615 3365 fuisse

1971 3396 2379 3468 compositum,
2407 3392 2560 3464 quod
2595 3393 2762 3449 Beda;
2787 3393 3282 3466 superaddidcrit,
3308 3394 3398 3453 vel
3423 3396 3618 3467 singu-

1974 3485 2078 3541 lari
2106 3485 2292 3555 modo,
2329 3482 2482 3554 stylo
2514 3486 2569 3538 et
2604 3481 2807 3539 ordine
2839 3483 2910 3538 ab
2933 3497 3001 3539 eo
3033 3483 3376 3556 sejunxerit,
3405 3489 3504 3543 aut
3537 3484 3620 3542 di-

1976 3576 2282 3632 screverit.
2320 3573 2507 3630 Subiit
2539 3572 2736 3643 itaque
2778 3573 3055 3642 cogitare,
3103 3589 3215 3629 non
3258 3573 3618 3632 infundatam

1976 3663 2371 3733 conjecturam
2406 3661 2548 3730 fore,
2584 3660 2633 3715 si
2669 3660 2799 3730 quis
2831 3660 3191 3730 opinaretur,
3231 3664 3414 3717 totum
3449 3661 3619 3719 Bedze

1977 3749 2469 3822 Martyrologium,
2521 3747 2611 3804 vel
2656 3748 2852 3820 potius
2903 3748 3299 3819 Martyrologii
3342 3748 3469 3818 ejus
3506 3747 3621 3806 ele-

1979 3844 2170 3897 menta
2205 3839 2284 3894 ita
2307 3838 2362 3893 in
2385 3835 3034 3908 Floriopustransfusa,
3072 3835 3152 3892 ita
3186 3835 3494 3908 utriusque
3526 3850 3624 3894 co-

1980 3929 2205 3985 namina
2232 3927 2286 3982 in
2311 3940 2486 3983 unum
2518 3923 2786 3996 idemque
2817 3940 2965 3997 opus
2994 3925 3266 3994 conﬂata,
3303 3928 3366 3982 ut
3398 3925 3620 3984 frustra

1980 4017 2379 4076 laboraverint
2426 4015 2828 4072 Ilenschenius
2879 4018 2936 4070 et
2997 4013 3450 4086 Papebrocbius,
3509 4030 3623 4086 quo

1982 4107 2131 4165 Flori
2183 4105 2398 4178 stylum
2445 4121 2475 4162 a
2526 4104 2723 4177 phrasi
2773 4103 2962 4175 Bedae,
3007 4119 3120 4175 quo
3156 4102 3327 4174 Flori,
3366 4103 3621 4177 inquam,

1983 4197 2244 4257 auctaria
2277 4211 2306 4254 a
2343 4194 2595 4268 prOpriis
2626 4193 2794 4251 Beda:
2823 4193 3087 4251 textibus
3120 4198 3522 4265 segregarent.

2056 4292 2141 4345 5t.
2178 4285 2309 4342 Mihi
2341 4289 2504 4343 certe
2536 4283 2704 4354 longe
2737 4283 3125 4356 probabilius,
3149 4283 3263 4340 imo
3291 4282 3422 4356 plus
3454 4298 3625 4356 quam

1983 4375 2300 4435 verisimile
2331 4378 2443 4445 est,
2475 4372 2705 4430 Florum
2735 4373 2814 4429 ita
2857 4372 3210 4431 locutionem
3253 4388 3417 4430 suam
3457 4373 3626 4432 Beda:

1987 4465 2240 4525 sermoni
2273 4469 2721 4536 attemperasse,
2755 4466 2817 4520 ut
2852 4461 3010 4520 nulla
3043 4462 3190 4519 satis
3213 4466 3313 4519 aut
3335 4462 3628 4520 industria

1986 4561 2084 4614 aut
2128 4554 2370 4612 solertia
2413 4551 2690 4624 distingui
2724 4551 2968 4624 possint.
3005 4550 3170 4618 Quod
3204 4551 3302 4623 qui
3343 4551 3629 4609 acciderit

1986 4644 2093 4701 hac
2115 4659 2224 4701 una
2246 4641 2470 4699 ratione
2496 4640 2599 4696 tibi
2626 4638 2897 4697 facillime
2922 4638 3306 4711 persuaseris.
3334 4637 3442 4706 Qui
3459 4639 3626 4696 Bedae

1987 4731 2456 4804 Martyrologium
2479 4733 2715 4800 norunt,
2740 4728 2944 4800 utique
2971 4728 3240 4799 ignorare
3267 4742 3508 4801 prorsus
3530 4741 3628 4784 ne-

1989 4827 2228 4895 queunt,
2246 4826 2344 4878 aut
2361 4819 2529 4876 modo
2550 4817 2988 4890 simplicissime
3001 4823 3232 4876 sanctos
3247 4817 3364 4874 illic
3379 4830 3628 4874 comme-

1989 4910 2221 4981 morari,
2248 4913 2347 4966 aut
2371 4905 2734 4979 longiuscula
2767 4906 3113 4980 quandoque
3142 4905 3477 4964 eorumdem
3499 4918 3630 4963 san-

1988 5002 2214 5055 ctorum
2237 4997 2422 5068 elogia
2447 4996 2672 5052 referri.
2700 4993 2848 5062 Quid
2872 4995 3040 5053 Floro
3066 4995 3171 5052 fuit
3196 4993 3627 5067 facilius,quam

1989 5083 2315 5156 bujusmodi
2340 5082 2622 5142 rationem
2653 5082 2946 5141 scribendi
2977 5082 3224 5140 imitari?
3248 5081 3398 5139 Beda
3430 5081 3486 5138 in
3519 5084 3632 5139 An-

1988 5173 2103 5243 glia
2125 5188 2195 5228 ex
2220 5173 2381 5229 Actis
2401 5172 2494 5230 vel
2519 5171 2886 5244 passionibus
2907 5175 3224 5241 martyrum
3249 5174 3476 5242 partem
3499 5170 3632 5228 hinc

1991 5261 2124 5317 inde
2141 5259 2392 5333 aliquam
2415 5260 2812 5332 decerpserat,
2849 5271 3019 5330 quam
3047 5271 3152 5313 nos
3191 5257 3426 5314 brevem
3460 5271 3636 5331 pane-

1989 5350 2196 5422 gyrim,
2221 5349 2494 5421 elogium,
2519 5347 2931 5418 laudationem,
2963 5349 3064 5403 aut
3085 5346 3411 5405 encomium
3435 5346 3636 5420 appel-

1993 5439 2112 5496 lare
2151 5439 2573 5497 consuevimus.
2619 5436 2890 5494 Eamdem
2930 5434 3266 5494 methodum
3305 5441 3548 5496 secutus
3575 5436 3631 5491 in

1993 5529 2174 5588 Gallia
2208 5530 2434 5599 Florus,
2468 5531 2533 5586 ut
2562 5529 2687 5584 erat
2729 5525 2987 5598 antiquis
3025 5528 3434 5596 monumentis,
3481 5527 3641 5581 teste‘
