3974 6150
361 288 475 348 ’48⁸1

1326 258 1700 323 USUARDUS
1736 244 2118 315 MONACHUS
2157 238 2801 305 SANGERMANENSIS.

3665 226 3759 287 488

362 407 800 475 Wandalberto,
835 400 983 459 satis
1004 397 1355 462 instructus,
1382 388 1528 447 alias
1552 384 1877 475 passiones,
1899 376 2012 435 alia
2042 374 2097 435 A
2127 398 2364 456 confero
2393 406 2603 453 versus
2634 406 2707 449 ex
2737 388 2980 446 metrico
3008 378 3274 455 ejusdem
3294 374 3533 451 mensis,
3560 378 3658 450 qui
3687 381 3760 436 ita

369 504 512 560 Acta
533 473 850 561 consuluit,
875 487 1023 546 alios
1046 482 1288 558 proinde
1320 481 1556 538 sanctos
1587 473 1824 546 reperit,
1861 483 2009 561 quos

367 558 585 661 ipse
619 558 857 656 paribus
883 574 1116 634 omnino
1145 569 1353 640 elogiis
1385 566 1727 630 exornaret;
1760 558 2011 618 servatis

370 651 524 736 idem
551 651 924 747 prafatarum
947 662 1283 738 passionum
1306 657 1480 727 veris,
1495 653 1589 712 vel
1604 651 1800 710 dubiis
1822 662 2014 706 narra-

370 737 652 833 tionibus,
669 737 988 826 earumque
1010 748 1373 823 compendiis
1394 742 1709 817 adOptatis.
1726 743 1798 796 Ut
1813 737 2014 833 paucis

372 871 494 914 rem
524 826 705 909 totam
735 845 1111 918 complectar,
1145 841 1232 896 sic
1263 836 1430 894 Beda
1470 833 1729 891 laborem
1759 832 1820 885 et
1861 826 2013 918 Flori

373 943 632 1004 studium
663 940 817 995 inter
849 917 912 992 Se
943 930 1235 990 coaluisse
1265 924 1557 994 existimo,
1590 925 1652 978 ut
1683 933 1790 976 nec
1820 917 2010 987 modo,

374 1047 485 1092 nec
507 1029 732 1099 ordine,
758 1039 865 1082 nec
886 1020 1038 1092 stylo
1062 1018 1230 1076 unius
1250 1010 1830 1073 commemorationes
1844 1003 2017 1076 ab_'al-

377 1121 564 1178 terius
593 1092 1263 1177 com'memorationibus,
1297 1103 1389 1161 vel
1438 1102 1510 1158 ab
1541 1100 1669 1171 ipso
1702 1095 1903 1151 Adone
1933 1092 2018 1149 di-

372 1208 576 1282 gnosci
608 1209 706 1263 aut
739 1200 990 1273 disiungi
1035 1194 1353 1271 potuerint,
1400 1189 1732 1258 unicunque
1775 1182 2017 1257 proinde

376 1273 801 1368 nuncupaverit
829 1289 1000 1348 Beda
1027 1280 1524 1356 Martyrologium,
1552 1276 1703 1349 quod
1726 1273 1876 1330 Flori
1897 1277 2020 1329 stu-

374 1387 474 1444 dio
501 1383 862 1451 accreverat,

446 1525 533 1577 55.
571 1518 687 1574 Hoc
715 1512 863 1587 pede
893 1513 1054 1568 recte
1094 1507 1228 1578 fixo,
1272 1502 1384 1562 alia
1421 1500 1515 1558 via
1556 1494 1870 1555 sternenda
1912 1494 2018 1551 fuit

376 1608 450 1668 ad
505 1604 894 1678 indagandum
945 1600 1225 1670 quantum
1274 1604 1467 1664 opera
1518 1587 2019 1678 Beda,_quantum

2120 487 2274 561 apud
2308 483 2616 542 Acherium
2650 478 3150 551 reprasentatur:

2225 579 2487 629 Machabei
2505 575 2730 635 Augusti
2752 584 2964 620 coronari
2972 575 3059 635 tur
3071 568 3265 635 mensis
3278 565 3513 635 innortut

2227 628 2564 697 Sanctumque
2585 628 2639 684 Et
2656 637 2878 693 Xystum
2897 632 3095 697 octavis
3115 633 3259 697 tenet
3278 629 3452 697 Idibus
3470 628 3677 672 nimum.

2230 702 2313 748 Bis
2333 703 2468 749 binis
2480 692 2647 745 'victor
2666 692 2866 754 superat
2898 694 3200 739 Laurentius
3216 692 3405 754 hostes.

2229 769 2410 814 Sancta
2432 764 2518 808 Dei
2538 752 2771 809 Genitrlx
2796 761 3042 810 senas;ter
3061 757 3264 800 constat
3294 752 3431 814 adire

2227 828 2501 884 Angelicos
2523 827 2669 868 vecta
2687 823 2821 884 inter
2837 823 3000 884 catus
3019 813 3464 884 Virgo‘Knlendns:

2231 875 2354 937 Inde
2374 886 2704 932 Thimotheus
2723 883 3037 928 undecimam
3055 880 3199 924 tenet
3223 876 3399 923 ordine
3414 875 3576 933 digno

2230 956 2394 1008 Atque
2413 949 2561 994 simul
2579 950 2773 1001 martyr
2792 944 2995 1008 sortitur
3016 940 3423 1008 Symphorianus.

2232 1003 2457 1060 Octonas
2478 1012 2685 1056 sanctus
2706 1008 2920 1051 sortitur
2939 1003 3351 1048 Barthoiomaus.

2230 1076 2316 1121 Bis
2332 1075 2467 1119 binis
2486 1082 2668 1130 passus
2693 1069 2878 1115 colitur
2898 1064 3125 1122 Baptista
3144 1065 3381 1108 Joannes.

2126 1158 2231 1216 Hic
2263 1161 2501 1214 sanctos
2540 1158 2672 1210 octo
2709 1161 3003 1219 numeras,
3049 1160 3197 1217 quos
3244 1145 3301 1201 in
3348 1146 3552 1201 nostra
3602 1141 3769 1213 hypo-

2127 1247 2283 1304 thesi
2304 1260 2442 1302 vere
2465 1241 2673 1317 a.Beda
2697 1240 2959 1310 signatos
2991 1233 3302 1292 dicendum
3332 1232 3467 1289 erit.
3501 1232 3652 1288 Sunt
3679 1244 3769 1286 au-

2127 1342 2246 1393 tem
2266 1335 2320 1391 in
2345 1331 2732 1405 Bedaznostro
2756 1326 2940 1384 notati
2963 1339 3033 1381 eo
3061 1336 3262 1380 mense
3294 1320 3504 1391 sancti,
3542 1333 3646 1377 seu
3679 1333 3768 1391 po-

2127 1425 2250 1482 tius
2273 1419 2745 1481 annuntiationes
2765 1419 2899 1473 octo
2917 1418 2976 1469 et
2992 1411 3199 1483 viginti
3216 1410 3355 1479 ;erit
3371 1423 3514 1479 ergo
3527 1420 3767 1464 necesse

2130 1513 2266 1569 hinc
2320 1508 2617 1580 consequi,
2672 1510 2733 1563 ut
2784 1499 3365 1561 commemorationes
3411 1496 3659 1554 circiter
3695 1495 3769 1551 vi-

2130 1602 2297 1673 ginti,
2332 1612 2530 1656 mense
2561 1598 2844 1666 Augusto,
2877 1590 3046 1647 Beda
3078 1605 3109 1646 a
3152 1587 3319 1645 Floro
3360 1584 3769 1658 superadditas

379 1696 588 1755 Florus
608 1675 667 1752 in
688 1689 1019 1784 colligendo
1048 1675 1834 1784 Martyrologionpo'sucrint.z
1869 1687 2025 1773 cum-
2050 1723 2104 1784 B
2136 1691 2317 1749 fuisse
2349 1690 2651 1745 fateamur,

381 1800 493 1860 que
526 1783 759 1842 aliunde
790 1761 1160 1837 notissimum
1202 1771 1412 1829 scirem
1462 1768 1632 1823 Beda
1672 1763 1901 1820 nomine
1942 1761 2025 1817 in-

381 1854 668 1948 scriptum
689 1883 820 1927 esse
844 1861 1320 1937 Ma'-tyrologium
1337 1855 1572 1928 aliquod
1585 1854 2024 1923 metricum,seu

382 1938 640 2025 carmine
663 1960 1003 2016 hexametro
1025 1949 1444 2019 conscriptum,
1468 1959 1581 2001 non
1602 1938 2027 1999 Wandalberti-

382 2069 519 2113 num
537 2049 702 2122 illud,
720 2052 781 2105 ut
799 2044 977 2117 aliqui
995 2040 1138 2099 falso
1156 2037 1271 2095 sibi
1293 2034 1651 2092 induxerunt
1672 2030 1729 2085 in
1752 2028 2023 2096 animum,

385 2139 542 2214 quod
564 2113 750 2195 totius
770 2113 913 2201 anni
928 2126 1215 2187 Kalendas
1238 2121 1502 2214 decurrit
1527 2140 1539 2175 ε
1562 2117 1665 2214 sed
1700 2115 1868 2187 longe
1900 2113 2029 2214 bre-

380 2199 531 2299 vius,
556 2199 974 2282 multos'etiam
1005 2214 1394 2273 Kalendarum
1427 2209 1554 2265 dies
1579 2206 1832 2262 intactos
1855 2199 2030 2258 relin-

387 2288 612 2390 quens;
645 2310 846 2386 putavi
876 2323 949 2365 ex
971 2305 1159 2379 ipsius
1180 2316 1310 2361 cum
1338 2297 1601 2371 prosaico
1623 2309 1653 2351 a
1678 2288 2028 2364 nobis‘_edito

386 2377 721 2472 collatione,
756 2400 905 2455 forte
937 2377 1156 2465 aliquid
1188 2387 1425 2448 luminis
1456 2394 1849 2450 accessurum,
1877 2377 2029 2434 unde

387 2507 499 2551 non
534 2464 1049 2553 inverosimiliter,
1070 2478 1237 2535 Beda
1269 2478 1605 2533 sanctorum
1633 2464 1969 2540 compilatio
1999 2477 2029 2519 a

386 2579 540 2637 Flori
564 2572 1003 2634 accretionibus
1025 2566 1324 2626 commode
1348 2560 1531 2619 dividi
1551 2563 1611 2615 et
1627 2554 1885 2629 separari
1902 2567 2033 2624 pos-

386 2670 502 2725 set.
538 2668 727 2736 Atque
756 2664 980 2730 cocum,
1016 2654 1323 2713 metricum
1356 2648 1500 2706 illud
1529 2649 1857 2719 opportune
1894 2641 2032 2698 mihi

387 2735 793 2828 suppeditavit
808 2746 1039 2806 Acherii
1054 2738 1426 2816 Spicilegium
1439 2742 1598 2828 tomo
1610 2737 1675 2828 Χ,
1701 2749 1731 2790 a
1750 2746 1881 2828 pag.
1906 2735 2029 2800 120,

387 2820 580 2918 quo-in
602 2838 944 2914 prafatione
960 2847 1088 2908 pag.
1107 2835 1194 2902 14,
1209 2829 1401 2887 editor
1415 2825 1656 2894 indicat,
1672 2820 2032 2918 exscriptum

386 2907 516 2991 esse
548 2947 580 2990 a
603 2907 917 2987 Mabilione
951 2907 979 2978 (ὲ
1010 2937 1083 2980 ex
1114 2918 1365 2978 coenobii
1397 2914 1583 2973 sancti
1614 2908 1857 2981 Remigii
1882 2907 2035 2979 Bhe-

387 3020 603 3080 mensis
634 3015 990 3091 apographo,
1024 3012 1267 3068 exarato
1298 3019 1470 3063 manu
1504 2998 1813 3071 Bertigarii
1842 3008 2034 3053 mona-

531 3076 779 3163 iEbbon‘e
818 3076 1275 3169 archiepiscopo,
1300 3092 1696 3164 praferreque
1730 3086 1899 3179 Beda
1932 3097 2034 3139 no-
2063 3076 2113 3140 C

388 3174 541 3265 men,
569 3190 910 3260 actitulum,
950 3186 1036 3243 uti
1067 3199 1195 3254 nos,
1232 3180 1456 3252 inquit,
1496 3179 1553 3234 in
1592 3180 1762 3233 textu
1799 3174 2034 3231 exhibe-
2084 3184 2089 3189 η

389 3260 576 3342 must»
591 3278 789 3350 Pergit
800 3274 1073 3349 pluribus
1087 3269 1400 3326 ostendere
1415 3264 1556 3322 nihil
1570 3278 1717 3335 esse,
1728 3260 2033 3334 quominus

388 3371 560 3429 Beda
571 3381 710 3426 vere
724 3364 1059 3423 ascribatur
1084 3357 1388 3414 metricum
1408 3355 1516 3410 hoc
1534 3350 2029 3423 Martyrologium,

390 3455 628 3516 tametsi
652 3456 708 3510 in
733 3454 915 3510 citato
940 3461 1119 3520 supra
1141 3444 1478 3501 testimonio
1501 3442 1571 3498 de
1605 3439 1737 3496 solo'
1762 3438 2031 3510 prosaico

392 3556 717 3603 sermonem
743 3538 1054 3596 instituere
1072 3534 1362 3602 videatur,
1388 3543 1577 3601 neque
1599 3528 1655 3583 in
1678 3526 1870 3584 indice
1898 3541 2035 3598 ope-

386 3647 514 3692 rum
539 3644 776 3689 suorum
799 3626 1106 3684 metricum
1131 3621 1290 3680 istud
1324 3615 1799 3691 Martyrologium
1835 3628 2035 3672 recen-

389 3725 535 3781 seat.
556 3719 615 3777 Id
638 3717 792 3776 enim
816 3714 1023 3773 mirum
1050 3710 1240 3770 videri
1270 3724 1381 3767 non
1414 3707 1610 3778 debet,
1641 3719 1773 3762 cum
1802 3718 1875 3760 ex
1906 3703 2035 3774 ipso

389 3822 567 3885 opere
580 3809 813 3867 constet
828 3806 939 3863 sub
954 3803 1124 3860 finem
1138 3800 1275 3858 vita
1300 3795 1692 3869 compositum
1716 3792 1920 3861 fuisse,
1946 3794 2037 3848 ut-

376 3880 517 3974 pote
528 3913 659 3957 cum
676 3898 734 3953 in
747 3906 1043 3966 eo,mense
1060 3880 2038 3974 Aprili,etiamWalf‘ridusjunior

382 3968 898 4053 commemoretur,
932 3980 1048 4049 cui,
1081 3992 1230 4035 anno
1268 3980 1375 4032 7‘22
1413 3973 1534 4031 vita
1577 3972 1797 4042 functo,
1839 3968 2034 4025 tribus

381 4074 570 4132 solum
591 4072 758 4129 annis
789 4069 943 4125 Beda
974 4063 1389 4138 supervixerit.
1424 4062 1556 4117 Hac
1589 4060 1770 4116 ferme
1804 4054 2034 4117 Acherii

384 4160 676 4220 sententia
715 4179 728 4214 :
765 4171 893 4230 qua
917 4156 963 4214 si
990 4167 1126 4212 vera
1150 4156 1263 4224 est,
1289 4166 1358 4209 ac
1379 4162 1518 4207 vere
1542 4146 1695 4204 Beda
1720 4145 2035 4219 postremis

389 4249 530 4307 vita
551 4247 720 4306 annis
742 4241 1219 4316 Martyrologium
1240 4253 1407 4298 suum
1431 4235 1837 4309 qualecunque
1854 4249 1927 4291 ex
1948 4248 2037 4292 so-

386 4336 512 4396 luta
536 4335 800 4395 oratione
824 4333 896 4391 ad
928 4331 1164 4403 ligatam
1194 4326 1592 4397 transtulerit,
1628 4340 1696 4383 ac
1728 4324 1878 4381 forte
1909 4337 2038 4381 san-

2208 1785 2293 1837 57.
2315 1780 2376 1834 In
2400 1776 2510 1833 alia
2532 1774 2626 1830 hic
2645 1784 2951 1829 versamur
2974 1763 3303 1839 hypothesi,
3329 1762 3612 1820 videlicet
3644 1774 3769 1818 vere

2137 1868 2208 1925 ad
2232 1866 2401 1924 Beda
2423 1859 2914 1934 Martyrologium,
2941 1856 3094 1928 quod
3118 1853 3269 1911 Flori
3283 1852 3483 1910 studio
3495 1850 3768 1919 accrevit,

2138 1955 2433 2029 pertinere
2454 1950 2643 2009 omnia
2666 1962 2795 2020 qua
2816 1942 3220 2003 Henschenius
3250 1945 3307 1998 et
3337 1936 3771 2012 Papebrochius

2136 2028 2412 2116 tanquam
2444 2042 2515 2098 ad
2546 2037 2830 2110 genuinos
2854 2033 3024 2091 Beda
3046 2035 3246 2088 textus
3270 2028 3607 2102 spectantia
3630 2031 3775 2084 retu-

2136 2134 2354 2190 lerunt.
2383 2129 2506 2186 Alia
2532 2140 2776 2201 prorsus
2789 2137 2974 2196 eaque
2988 2119 3386 2194 scrupulosior
3399 2116 3660 2191 quaestio
3672 2130 3776 2173 mo-

2137 2224 2399 2290 veretur,
2426 2222 2621 2275 utrum
2646 2213 2815 2269 Beda
2839 2215 2898 2268 et
2923 2208 3075 2267 Flori
3097 2222 3246 2279 opus
3260 2205 3513 2264 subinde
3531 2204 3777 2276 interpo-

2141 2308 2323 2366 latum
2347 2310 2445 2365 aut
2467 2305 2838 2362 decurtatum
2862 2314 2973 2357 non
2998 2298 3207 2355 fuerit?
3225 2297 3440 2353 Verum
3463 2293 3575 2352 hoc
3597 2292 3671 2350 ad
3701 2306 3778 2348 ar-

2138 2399 2478 2469 gumentum
2510 2392 2663 2465 quod
2686 2391 2778 2447 hic
2798 2392 3125 2448 tractamus
3148 2383 3456 2458 peregrina
3488 2386 3653 2439 sunt.
3676 2381 3774 2436 Aut

2143 2500 2371 2560 purum,
2398 2488 2497 2540 aut
2520 2496 2666 2553 puro
2690 2479 3016 2552 proximum
3030 2489 3165 2533 esse
3178 2478 3443 2531 nostrum
3459 2470 3635 2528 Beda
3647 2469 3778 2525 Mar-

2141 2572 2512 2646 tyrologium,
2549 2570 2818 2639 idemque
2843 2580 3105 2639 prorsus,
3140 2578 3254 2634 quo
3277 2575 3340 2618 se
3355 2574 3539 2618 .usum
3569 2560 3777 2616 fatetur

2144 2664 2288 2734 Ado,
2324 2663 2539 2734 prater
2571 2656 2797 2730 prologi
2826 2651 3288 2727 Papebrochiani
3306 2648 3605 2719 rationes,
3641 2646 3776 2704 satis

2144 2751 2449 2809 manifeste
2472 2748 2678 2822 probat
2702 2744 2825 2800 Ado
2849 2744 2994 2816 ipse,
3021 2742 3156 2799 dum
3183 2744 3371 2797 totum
3402 2736 3553 2795 illud
3583 2737 3779 2807 Marty-

2143 2840 2433 2911 rologium
2456 2838 2513 2893 in
2538 2848 2708 2893 suum
2722 2832 3050 2890 transtulit.
3067 2832 3268 2887 Totum
3285 2829 3419 2885 dico
3433 2841 3465 2884 a
3478 2825 3778 2899 potissima

2142 2934 2202 2986 et
2226 2928 2520 3001 pracipua
2544 2928 2740 2998 parte;
2763 2937 2893 2979 nam
2912 2920 2961 2977 si
2986 2919 3119 2991 quis
3143 2916 3354 2975 Bedam
3372 2919 3645 2973 nostrum
3659 2926 3778 2970 cum

2140 3019 2380 3075 Rabano
2409 3019 2467 3072 et
2501 3014 2700 3070 Adone
2727 3010 3010 3079 conferat,
3045 3004 3322 3064 nonnulla
3352 3003 3489 3060 hinc
3536 3002 3670 3059 inde
3698 3014 3782 3057 re-

2143 3109 2384 3164 current
2408 3103 2622 3174 quihus
2645 3102 2716 3158 ad
2737 3097 3095 3157 exactiorem
3125 3096 3366 3153 formam
3397 3091 3556 3149 Beda
3582 3094 3780 3147 noster

2141 3194 2325 3265 redigi
2348 3192 2516 3250 facile
2532 3192 2805 3262 queat.At
2820 3186 2973 3245 enim
2985 3200 3097 3242 non
3110 3184 3283 3241 video
3305 3188 3426 3239 tam
3440 3178 3782 3265 scrupulose

2137 3262 2555 3350 excutiendum
2573 3280 2802 3349 Bedam,
2831 3277 2967 3334 licet
2988 3276 3239 3331 fortasse
3264 3269 3528 3328 minutiis
3549 3262 3783 3325 non-nul-

2142 3374 2215 3431 lis
2248 3377 2500 3443 auctum,
2535 3371 2670 3427 dum
2703 3375 2821 3425 tam
2844 3364 3209 3424 confidenter
3231 3359 3675 3432 Hieronymiana
3700 3355 3780 3413 di-

2138 3462 2346 3533 cimus,
2395 3475 2523 3532 qua
2572 3459 2644 3515 ad
2683 3457 3093 3527 Hieronymum
3141 3448 3479 3509 nullatenus
3518 3452 3777 3520 spectare

2141 3565 2332 3624 posse,
2367 3549 2519 3622 apud
2551 3562 2752 3605 omnes
2785 3546 2841 3603 in
2869 3544 3135 3603 confesso
3166 3544 3276 3599 est.

2213 3645 2299 3698 58.
2334 3641 2575 3695 Frustra
2605 3636 2780 3693 etiam
2817 3645 3077 3706 Oppones
3117 3631 3379 3688 futurum
3409 3643 3480 3685 eo
3522 3629 3689 3700 pacto
3717 3628 3779 3681 ut

2142 3729 2336 3803 potior
2367 3741 2504 3799 pars
2532 3722 2903 3783 celeberrimi
2946 3717 3360 3791 Martyrologii,
3401 3731 3432 3773 a
3472 3713 3776 3786 Majoribus

2142 3802 2360 3876 nostris
2390 3830 2519 3885 cum
2551 3818 2715 3871 tanta
2748 3811 2918 3870 laude
2939 3809 3109 3866 Beda
3146 3804 3450 3875 vindicati,
3494 3802 3777 3861 mensibus

2143 3905 2386 3977 singulis
2398 3903 2569 3961 Beda
2583 3896 3209 3973 abjudicetur.Etenim
3222 3910 3353 3953 cum
3367 3893 3651 3951 hactenus
3669 3902 3775 3946 non

2143 3976 2331 4052 minus
2354 3995 2475 4050 fere
2497 3992 2530 4048 d
2541 3990 2737 4049 ubium
2761 3988 2937 4046 fuerit
2954 3985 3090 4059 quid
3105 3998 3178 4042 ex
3193 3983 3364 4041 Beda
3375 3976 3775 4053 Martyrologio

2144 4084 2314 4141 Beda
2354 4080 2654 4155 proprium
2686 4079 2760 4136 sit
2793 4091 2963 4149 quam
2993 4090 3068 4132 ex
3096 4070 3565 4144 Hieranymianis
3590 4067 3775 4125 Hiero-

2142 4171 2317 4244 nymi,
2337 4169 2611 4230 seuillius
2636 4167 2733 4241 qui
2755 4167 2943 4240 primo
2966 4161 3479 4235 Hieronymianum
3512 4158 3774 4228 Martyro-

2143 4261 2362 4332 logium
2376 4258 2848 4330 designavit,non
2859 4255 3133 4326 exiguum
3149 4254 3314 4310 certe
3327 4258 3526 4323 Opera
3536 4245 3774 4321 pretium

2145 4351 2361 4421 fecero,
2388 4349 2435 4406 si
2461 4362 2672 4421 purum
2695 4345 2883 4419 ipsum
2907 4342 3077 4402 Beda
3102 4356 3267 4414 opus,
3302 4336 3775 4411 quantulumcun-

386 4426 502 4486 θίίθ
525 4422 957 4483 recentioribus
977 4418 1201 4512 Ψίῗδίθῖδ
1220 4415 1470 4512 Wet“:
1494 4412 1689 4512 ίΡΪθθί
1712 4411 1811 4471 ubi
1827 4412 2032 4511 pede?”
2061 4436 2115 4497 D
2147 4453 2260 4512 que
2292 4411 2544 4511 demum,
2573 4411 2800 4495 auctori
2826 4450 2930 4492 suo
2951 4448 3065 4490 non
3088 4411 3411 4489 infundatis
3432 4418 3776 4498 argumentis

387 4514 639 4575 alterum
663 4513 853 4585 figam,
880 4514 941 4569 et
961 4508 1072 4567 nisi
1098 4508 1478 4566 vehementer
1500 4503 1689 4575 fallor,
1715 4517 1805 4574 ea,
1830 4515 1941 4573 qua
1976 4500 2033 4556 in

386 4602 553 4662 hisce
583 4601 711 4660 fieri
741 4604 936 4674 potest
966 4595 1516 4665 verosimilitudine,
1538 4591 1801 4650 laborem
1824 4587 1976 4647 Flori
2002 4603 2033 4645 a

387 4692 592 4768 primis
622 4690 792 4748 Beda
823 4686 1189 4746 lineamentis
1228 4684 1589 4756 distinguere
1625 4679 1869 4740 valeam.
1909 4680 2033 4735 Jam

388 4797 542 4842 nunc
574 4781 828 4840 fortasse
858 4781 1111 4836 mentem
1141 4786 1324 4832 meam
1356 4768 1710 4847 perceperis.

399 4961 406 4968 .
462 4920 550 4974 56.
583 4915 662 4972 Ea
692 4916 810 4985 est,
842 4914 903 4969 ut
935 4906 1261 4981 composito
1291 4905 1446 4963 inter
1473 4917 1536 4962 se
1574 4904 1828 4973 utroque
1865 4896 2033 4956 Beda

389 5002 824 5077 Martyrologio,
861 4998 1129 5073 prosaico
1151 5009 1379 5069 nempe,
1408 4998 1475 5052 ut
1497 4992 1569 5050 ab
1591 4987 1953 5077 Henschenio
1972 4992 2032 5044 et

391 5076 791 5162 Pepebrochio
822 5086 1044 5146 editum
1073 5088 1187 5157 est,
1229 5097 1361 5141 cum
1402 5079 1649 5137 metrico
1689 5076 2029 5147 Acheriano,

396 5175 530 5234 illos
556 5193 756 5239 omnes
787 5180 1026 5237 sanctos
1052 5178 1114 5233 et
1144 5175 1477 5232 sanctorum
1506 5167 1696 5239 elogia
1735 5166 1903 5223 Beda
1932 5163 2036 5220 tri-

394 5262 588 5335 buam,
622 5281 865 5337 quorum
894 5268 954 5324 in
985 5262 1228 5323 metrico
1261 5260 1387 5334 ipse
1419 5255 1785 5323 meminerit;
1818 5256 2034 5313 catera

393 5347 586 5408 omnia
613 5348 782 5407 Floro
806 5353 1149 5425 relinquam.
1170 5351 1243 5406 Ut
1266 5345 1535 5420 exemplo
1559 5358 1655 5401 res
1675 5345 1893 5415 pateat,
1920 5340 2034 5414 pri-

396 5451 553 5497 mum
601 5450 857 5495 mensem
905 5440 1147 5514 accipio,
1201 5437 1299 5512 qui
1348 5435 1487 5494 mihi
1524 5433 1735 5491 Bedam
1772 5432 2034 5488 nostrum

397 5525 687 5606 aperienti
707 5526 984 5599 occurrit,
1010 5542 1215 5602 nempe
1236 5530 1581 5601 Augustum,
1606 5526 1668 5583 et
1686 5534 1818 5582 cum
1831 5516 2034 5580 eodem

2144 4529 2473 4600 restituam,
2506 4525 2742 4585 cateris
2771 4523 2941 4582 Floro
2970 4526 3068 4580 aut
3101 4520 3235 4578 aliis
3264 4512 3776 4589 interpolatoribus

2144 4618 2462 4677 derelictis.
2496 4615 2774 4688 Equidem
2799 4618 2927 4686 post
2949 4610 3177 4682 longam
3201 4612 3262 4666 et
3283 4602 3774 4688 diligentissimam

2143 4722 2398 4781 Operam,
2427 4684 2642 4779 quanta
2662 4684 2825 4777 potui
2848 4716 2988 4760 cura
3011 4704 3068 4757 et
3102 4697 3301 4756 studio
3332 4694 3678 4781 adhibitam,
3701 4684 3776 4781 ni-

2149 4774 2231 4853 hil
2248 4798 2363 4855 huc
2384 4774 2572 4867 usque
2594 4774 2791 4867 reperi
2814 4791 2967 4865 quod
2994 4790 3065 4847 ad
3084 4785 3473 4846 omnimodam
3494 4774 3777 4842 verosimi-

2144 4885 2451 4945 litudinem
2474 4883 2719 4958 propius
2742 4881 3002 4940 accedat.
3028 4881 3217 4950 Atque
3239 4875 3345 4934 has
3366 4877 3605 4933 nostras
3616 4867 3775 4958 ratio?

2144 4989 2269 5047 nes,
2301 4989 2403 5033 seu
2434 4957 2618 5031 mavis
2650 4970 3042 5042 conjecturas,
3062 4966 3432 5025 eruditorum
3452 4957 3769 5047 censuriset

2137 5040 2373 5136 iudiciis
2432 5063 2722 5135 tantisper
2763 5040 3098 5133 proponere
3146 5070 3261 5113 non
3304 5052 3688 5117 formidamus,
3724 5040 3771 5098 si

2133 5154 2294 5211 forte
2322 5152 2590 5212 clarioris
2620 5150 2767 5209 lucis
2797 5148 3017 5222 aliquid
3056 5144 3291 5204 aliunde
3331 5140 3624 5214 effulgent,
3664 5145 3774 5222 quo

2143 5243 2379 5302 tandem
2416 5241 2624 5315 tutius,
2669 5221 2939 5300 securius
2975 5242 3035 5298 et
3087 5234 3332 5307 certius,
3390 5232 3571 5307 ipsius
3615 5221 3774 5315 Beda

2144 5350 2329 5408 purus
2364 5339 2422 5391 et
2462 5308 2752 5405 genuinus
2794 5331 2925 5390 fons
2966 5329 3039 5390 ab
3079 5324 3463 5388 inﬂuentibus
3500 5323 3561 5379 et
3592 5308 3777 5376 asciti-

2141 5424 2242 5483 tiis
2272 5422 2478 5483 rivulis
2507 5424 2888 5497 expurgetur.

2217 5518 2302 5574 59.
2339 5512 2577 5572 Interim
2608 5526 2748 5572 vero
2780 5508 3104 5571 monendus
3125 5507 3220 5568 hic
3249 5506 3464 5566 iterum
3494 5498 3667 5561 lector
3686 5500 3776 5548 me
