3974 6150
224 290 322 347 489

1631 272 2173 355 ΡιὶοίεροΜΕΝΑ.

3498 303 3601 355 490

223 416 337 468 tota
369 410 559 502 ferme
583 411 907 502 lisuardini
948 412 1339 485 Martyrologii
1381 413 1720 472 recensione
1772 432 1852 474 snc
1882 416 1939 477 A
1964 422 2183 491 nensis,
2211 424 2325 477 tam
2347 423 2510 478 certa
2542 419 2651 492 ipsi
2686 419 2793 477 fuit
2822 420 3169 476 solemniam
3196 420 3428 477 dienam
3456 434 3603 476 com-

228 514 453 572 semper
481 500 693 557 Bedam
721 504 780 557 et
796 500 1023 558 Florum
1045 502 1261 559 citasse
1276 508 1446 575 prout
1471 505 1544 561 ab
1573 504 1860 562 Hensche-
1963 509 2295 579 prehensio,
2330 514 2392 564 ut
2426 523 2534 564 non
2567 522 2743 578 saepe,
2778 511 2982 561 contra
3016 508 3434 578 apertissimam
3458 510 3604 565 anti-

228 588 312 644 nio
359 593 420 644 et
459 589 861 660 Papebrochio
908 590 1201 648 distinctis
1240 592 1396 663 typis
1437 592 1656 662 vulgati
1700 598 1854 664 sunt,

227 675 1142 749 quemadmodumiiieronymiana
1157 680 1615 752 apographa,seu
1627 682 1860 739 codices

232 764 706 836 Hieronymianos
739 765 1147 839 appello,quos
1166 767 1557 825 Florentinius
1579 774 1636 824 et
1680 770 1862 826 Ache-

229 853 341 910 rius
361 853 624 922 edidere,
664 857 763 910 aut
784 853 937 925 apud
961 870 1067 912 nos
1088 856 1467 927 manuscripti
1499 860 1751 927 exstant,
1776 861 1862 912 ta-

228 940 385 996 metsi
423 939 521 996 alii
554 939 684 996 aliis
713 941 1010 998 auctiores
1043 942 1178 1013 sint,
1212 942 1304 999 vel
1336 943 1516 1013 magis
1542 947 1639 999 aut
1674 943 1863 1001 minus

230 1028 579 1100 interpolati.
608 1029 662 1084 Si
696 1044 924 1100 quaeras
953 1031 1045 1087 cui
1080 1032 1422 1088 ascribenda
1455 1032 1568 1089 sint
1596 1032 1783 1102 elogia
1804 1033 1860 1089 in

228 1120 419 1172 nostra
439 1117 695 1174 editione
726 1118 893 1174 Floro
932 1118 1237 1191 attributa,
1274 1120 1499 1176 sincere
1532 1120 1757 1177 fatebor
1804 1120 1861 1175 id

228 1220 310 1262 me
342 1221 585 1278 prorsus
613 1206 899 1277 ignorare.
936 1208 1243 1278 Cmterum,
1277 1223 1407 1264 cum
1440 1208 1533 1263 hic
1573 1208 1629 1263 in
1670 1209 1863 1279 conje-

226 1292 433 1350 cturali
456 1294 700 1350 scientia
731 1309 1050 1365 versemur,
1068 1296 1205 1365 quid
1220 1299 1379 1352 vetat
1395 1296 1862 1368 prababilissime

227 1396 487 1438 asserere
513 1381 776 1452 singulos
795 1382 1083 1454 codicum,
1110 1398 1182 1440 ex
1205 1384 1415 1455 quibus
1436 1389 1674 1456 accepta
1699 1388 1881 1454 sunt,-

228 1469 640 1541 compilatores
679 1471 890 1527 Bedam
929 1475 988 1527 et
1029 1471 1260 1528 Florum
1301 1472 1581 1543 imitatos,
1617 1488 1722 1544 pro
1755 1487 1860 1529 suo

228 1572 511 1630 quemque
552 1558 782 1628 ingenio
821 1558 1133 1630 addidisse,
1179 1575 1305 1631 quae
1335 1575 1409 1616 ex
1440 1560 1864 1632 passionalibus

228 1651 321 1705 aut
353 1646 589 1704 aliunde
621 1645 895 1718 decerpta
933 1648 1196 1705 textibus
1229 1648 1349 1705 suis
1376 1653 1511 1720 apte
1546 1650 1859 1707 convenire

1969 596 2234 667 quiorum
2265 596 2785 668 Martyrologorum
2806 593 3173 664 sententiam,
3192 610 3294 665 pro
3316 611 3420 651 suo
3452 598 3603 652 arbi-

1970 684 2083 739 trio
2116 684 2241 740 dies
2273 684 2493 754 aliquot
2524 680 2982 753 transposuerit.

2039 776 2125 828 61.
2161 772 2298 838 Qum
2330 772 2422 827 hic
2453 770 2713 827 Bollandi
2751 768 3097 840 praefationi,
3145 767 3502 839 aliorumque
3536 770 3604 825 de

1970 859 2380 915 Wandalberto
2411 855 3339 928 narrationibus-superaddimus,
3370 870 3439 911 eo
3479 871 3606 927 spe-

1969 950 2132 1001 ctant
2162 947 2405 1003 maxime
2435 952 2503 1004 ut
2531 946 2843 1018 specimina
2875 944 3276 1012 exhibeamus,
3301 957 3371 997 ex
3396 944 3607 1012 quibus

1970 1039 2249 1106 appareat
2271 1034 2450 1091 multa
2470 1050 2575 1106 pro
2597 1050 2704 1091 suo
2727 1032 2896 1089 libitu
2916 1030 3394 1088 Wandalbertum
3422 1031 3611 1099 diges-

1976 1123 2176 1180 sissse.
2195 1124 2470 1191 Quaerant
2491 1122 2586 1179 alii
2611 1124 2842 1193 quinam
2868 1120 2904 1175 ii
2928 1120 3146 1177 fuerint
3161 1119 3303 1176 libri
3315 1119 3613 1177 authenti-

1968 1212 2043 1281 οἱ,
2060 1226 2128 1267 ac
2138 1212 2359 1268 veteres
2370 1211 2664 1267 emendati
2674 1210 2900 1267 codices
2914 1208 3066 1264 unde
3091 1207 3336 1263 Sanctos
3351 1222 3487 1262 suos
3502 1222 3615 1262 me-

1970 1300 2081 1355 tris
2112 1298 2421 1368 illigandos
2447 1297 2899 1355 Wandalbertus
2941 1296 3270 1367 acceperit;
3303 1309 3409 1363 ego
3452 1300 3613 1351 certe

1970 1387 2175 1445 dubito
2207 1402 2277 1443 an
2310 1387 2434 1443 haec
2465 1387 2655 1442 omnia
2679 1401 2789 1441 non
2825 1384 3007 1453 magis
3030 1388 3255 1453 ornate,
3283 1398 3451 1453 quam
3478 1398 3613 1438 vere

1974 1475 2385 1545 praedicentur.
2421 1474 2651 1543 Bedam,
2689 1478 2751 1529 ut
2782 1488 2811 1529 a
2833 1473 3036 1530 sancto
3066 1472 3126 1527 et
3139 1472 3615 1527 nominatissimo

1969 1562 2145 1621 Floro
2163 1568 2373 1619 auctus
2397 1563 2604 1630 fuerat,
2636 1575 2752 1632 prae
2785 1560 2974 1618 oculis
2997 1559 3271 1616 habuisse
3304 1558 3458 1615 ultro
3480 1573 3616 1613 con-

1972 1650 2252 1721 cedimus,
2278 1649 2486 1705 tamesi
2511 1650 2566 1705 in
2586 1663 2654 1705 eo
2677 1648 3081 1721 scrupulosior
3106 1647 3283 1703 fuisse
3307 1662 3416 1702 non
3444 1661 3618 1717 appa-

227 1733 637 1792 censebant.id
652 1733 1861 1793 certeadmittendumincodicibusUsuar-
1895 1761 1948 1820 Β
1980 1743 2121 1794 reat.
2140 1740 2224 1793 Ex
2239 1737 2541 1793 codicibus
2565 1736 3273 1808 Hieronymianissanctos
3288 1734 3507 1804 aliquot
3529 1733 3618 1788 de-

230 1825 393 1896 dinis,
421 1825 478 1880 in
501 1828 820 1896 quostanta
839 1823 1326 1895 iuterpolatorum
1341 1824 1585 1882 libertas
1602 1831 1865 1895 grassata

230 1918 333 1984 est,
361 1918 425 1970 ut
449 1913 713 1970 auctaria
746 1916 804 1969 et
831 1912 1225 1968 additamenta
1248 1912 1295 1968 si
1318 1913 1505 1968 omnia
1519 1915 1870 1983 conjungan-

230 2005 341 2071 tur,
379 2000 626 2070 singulis
660 2015 839 2073 prope
863 2000 1087 2071 diebus,
1122 2004 1347 2056 textum
1381 2001 1567 2072 ipsum
1598 2001 1871 2058 Usuardi-

232 2101 358 2143 num
392 2086 591 2159 duplo,
615 2086 815 2159 triplo,
850 2102 1005 2159 saepe
1033 2086 1381 2158 quadruplo,
1418 2087 1531 2143 imo
1563 2086 1871 2160 quintuplo

232 2179 287 2231 et
317 2175 569 2247 amplius
589 2179 964 2247 exsuperent.
982 2176 1116 2232 Hrec
1134 2176 1206 2233 de
1227 2175 1380 2232 Beda
1403 2180 1459 2232 et
1494 2174 1683 2233 Floro.
1709 2179 1870 2235 Nunc

233 2264 297 2319 ad
328 2267 457 2320 tres
485 2263 633 2321 alios
672 2263 960 2335 antiquos,
1005 2278 1107 2321 seu
1137 2263 1416 2321 classicos
1449 2264 1872 2336 martyrologos

234 2366 630 2424 properemus.

790 2421 1179 2479 ARTICULUS
1218 2424 1308 2478 III.

684 2527 708 2580 ς
726 2526 747 2571 Ι
768 2526 837 2570 De
858 2525 1206 2571 Wandalberti
1226 2527 1451 2572 metrico.

299 2615 389 2671 De
421 2613 608 2671 tribus
635 2613 782 2672 aliis
809 2613 1269 2686 Martyrologiis
1296 2615 1558 2672 Usuardi
1583 2615 1869 2687 cognatis.

300 2700 766 2772 Hieronymiana,
785 2701 998 2757 Bedam
1021 2704 1079 2756 et
1094 2700 1344 2771 Florum,
1363 2701 1515 2758 inter
1529 2700 1721 2757 Gallos
1733 2702 1876 2758 Mar-

230 2788 547 2861 tyrologos,
582 2793 756 2846 aetate
781 2789 1080 2860 proximus
1113 2788 1382 2859 sequitur
1402 2787 1871 2859 Wandalbertus,

237 2879 556 2935 monachus
577 2877 934 2934 Prumiensis
948 2877 1003 2933 in
1021 2877 1257 2933 dimcesi
1277 2876 1604 2933 Trevirensi
1622 2878 1719 2947 qui
1736 2878 1876 2932 Mar-

234 2966 587 3038 tyrologium
603 2980 792 3035 suum,
809 2964 1142 3021 utostendit
1158 2964 1471 3021 Bollandus
1484 2979 1613 3035 pag.
1632 2979 1725 3034 LII,
1742 2965 1879 3020 scri-

234 3055 512 3126 psitanno
525 3057 649 3124 842,
666 3052 816 3109 male
844 3054 915 3108 ab
928 3067 1169 3123 operum
1186 3052 1354 3109 Beda;
1375 3051 1875 3108 editoribustomo

234 3142 519 3199 insertum
550 3143 658 3199 sub
687 3140 1336 3211 tituloEpItemeridnm
1371 3140 1564 3210 Beda,
1596 3156 1727 3196 cum
1760 3154 1877 3195 me-

233 3232 441 3287 tricum
474 3230 647 3301 hujus
670 3228 1164 3300 Martyrologium,
1183 3228 1252 3284 de
1267 3244 1381 3299 quo
1397 3228 1647 3285 articulo
1663 3242 1877 3299 praece-

234 3320 391 3376 denti
421 3319 668 3388 egimus,
704 3316 1111 3373 brevissimum
1145 3316 1239 3387 sit,
1274 3320 1437 3373 certe
1470 3316 1639 3373 Bedae
1662 3315 1875 3372 ascribi

235 3408 391 3463 nefas
415 3407 514 3476 sit,
531 3406 641 3461 nisi
655 3405 1043 3477 quamplm'es
1057 3405 1473 3462 Kalendarum
1483 3405 1611 3463 dies
1622 3405 1879 3462 intactos

230 3494 559 3566 relinquat,
577 3494 674 3550 ubi
691 3494 922 3550 interim
937 3498 1203 3550 nostrum
1218 3492 1324 3549 hoc
1336 3493 1875 3550 Wandalbertinum

235 3598 336 3654 per
365 3587 555 3638 totum
588 3582 719 3637 anni
748 3581 1029 3638 circulum
1054 3597 1228 3638 unum
1259 3580 1461 3637 saltem
1492 3586 1755 3638 sanctum
1790 3596 1878 3637 re-

237 3670 341 3725 fert
376 3670 587 3726 diebus
617 3669 876 3739 singulis.
905 3669 1013 3725 Sed
1049 3669 1119 3724 de
1148 3683 1287 3725 vero
1322 3672 1560 3725 auctore
1585 3669 1875 3738 nemojam

232 3763 317 3814 est
353 3758 452 3829 qui
485 3757 748 3823 dubitet;
780 3762 841 3813 tu
875 3757 1006 3813 vide
1039 3756 1192 3827 apud
1226 3756 1563 3813 Bollandum
1596 3757 1879 3828 przefatio-

234 3860 363 3902 nem
388 3846 577 3917 ipsius
600 3844 1017 3915 Wandalberti,
1052 3860 1124 3900 ex
1153 3860 1262 3916 qua
1288 3845 1358 3901 ad
1392 3859 1513 3900 rem
1528 3848 1784 3901 nostram
1802 3845 1878 3900 fa-

234 3933 391 3989 ciunt
427 3931 732 4002 sequentia
747 3932 955 3987 verba:
983 3950 1012 3983 «
1045 3932 1104 3986 In
1139 3946 1252 4002 quo
1282 3946 1479 4003 opere,
1515 3932 1647 4003 quia
1671 3931 1877 3988 solem-

237 4021 388 4076 nium
423 4020 650 4076 dierum
680 4017 1006 4075 certissima
1038 4019 1481 4091 comprehensio
1513 4035 1625 4077 non
1668 4020 1878 4077 leviter

236 4122 338 4165 nec
371 4108 543 4165 facile
574 4122 679 4179 pro
720 4106 1001 4163 librorum
1030 4106 1321 4164 varietate
1353 4109 1650 4180 obstabat,
1685 4124 1794 4180 ope
1817 4113 1875 4165 et

237 4196 495 4253 subsidio
532 4195 824 4268 praecipue
846 4209 1124 4251 usussum
1153 4195 1337 4252 sancti
1361 4196 1876 4253 etnominatissimi

238 4280 405 4351 l-‘lori,
442 4281 843 4351 Lugdunensis
871 4280 1135 4337 ecclesia;
1156 4281 1518 4353 subdiaconi,
1554 4282 1652 4353 qui
1687 4285 1747 4338 ut
1785 4296 1881 4337 no-

238 4373 357 4425 stro
380 4374 672 4441 tempore,
691 4382 891 4425 revera
914 4367 1197 4439 singulari
1211 4369 1406 4425 studio
1428 4374 1484 4425 et
1511 4370 1875 4441 assiduitate,

241 4455 295 4512 in
326 4457 544 4514 Divinas
575 4456 896 4528 Scriptum
925 4457 1167 4513 scientia
1202 4455 1440 4528 pollere,
1484 4457 1563 4513 ita
1591 4458 1873 4514 librorum
1907 4447 1958 4508 D

243 4544 731 4613 authenticorum,
768 4558 878 4599 non
915 4542 1196 4601 mediocri
1225 4543 1391 4615 capia
1421 4547 1479 4599 et
1509 4544 1759 4601 veritate
1788 4560 1882 4601 co-

243 4632 541 4700 gnoscitur
568 4630 890 4702 abundare,
920 4633 1006 4688 Ab
1028 4631 1136 4689 hoc
1158 4646 1287 4703 ego,
1312 4631 1562 4703 sumptis
1582 4633 1882 4690 veteribus

246 4718 680 4788 emendatisque
727 4717 1045 4789 codicibus,
1084 4717 1556 4789 Martyrologium
1596 4716 1809 4775 librum
1851 4734 1880 4775 a

250 4805 512 4861 Kalendis
540 4805 797 4862 Januarii
830 4820 1018 4877 usque
1049 4805 1121 4862 ad
1151 4806 1319 4862 finem
1343 4806 1496 4877 anni,
1523 4819 1627 4877 per
1658 4804 1881 4883 dierum

250 4892 605 4963 singulorum
637 4898 1021 4952 occurrentes
1047 4894 1401 4952 festivitates
1431 4899 1618 4951 metro
1649 4894 1824 4951 edidi.
1850 4913 1880 4947 »

252 4981 512 5040 Oratorie
556 4982 651 5039 hic
685 4983 844 5054 loqui
886 4983 1121 5040 videtur
1155 4983 1636 5053 Wandalbertus;
1675 4999 1803 5041 nam
1834 4985 1881 5042 si

252 5082 367 5125 rem
388 5070 567 5142 ipsam
598 5069 937 5140 diligentius
957 5071 1350 5144 inspiciamus,
1378 5085 1738 5143 quaecunque
1761 5072 1883 5144 ipse

248 5170 320 5211 ex
334 5157 503 5217 libris
518 5157 637 5214 illis
657 5160 1042 5232 anthentieis,
1064 5159 1358 5217 veteribus
1377 5160 1435 5216 et
1452 5161 1779 5218 emendatis
1797 5175 1885 5219 co-

246 5241 472 5304 dicibus
494 5245 682 5302 scitur
696 5245 1108 5319 desumpsisse,
1126 5246 1195 5303 ad
1222 5260 1391 5303 unam
1404 5246 1880 5303 Kalendariorum

245 5329 596 5405 Hieronymi,
624 5333 793 5391 Beda:
822 5339 880 5389 et
916 5333 1064 5390 Flori
1088 5334 1629 5404 Martyrologiorum
1651 5340 1711 5390 et
1735 5333 1885 5389 forte

250 5421 662 5493 passionalium
685 5422 906 5495 aliquot
922 5421 1347 5496 supellectilem
1366 5422 1636 5479 facillime
1658 5426 1888 5479 contra-

242 5507 478 5570 hentur.
503 5512 620 5572 Nec
632 5511 973 5585 vero,etiam
988 5524 1092 5584 ope
1107 5511 1167 5569 et
1181 5507 1450 5571 subsidio
1468 5508 1636 5571 Fieri
1652 5508 1887 5588 Lugdu-

404 5610 677 5706 Pé'm“:
716 5609 1000 5706 CXXIII:

976 5692 1003 5711 ον

1906 3097 1956 3159 C

1977 1826 2292 1897 cerpsisse,
2345 1840 2509 1896 aeque
2557 1830 2784 1881 certum
2824 1829 2945 1887 est;
3005 1827 3060 1878 at
3110 1828 3393 1894 praeterea
3448 1820 3613 1887 alios,

1980 1913 2211 1970 aliunde
2231 1914 2572 1983 accersitos,
2600 1928 2705 1984 pro
2729 1916 2957 1968 suamet
2979 1911 3332 1967 auctoritate
3355 1910 3441 1965 eis
3465 1908 3618 1978 adje-

1978 2002 2154 2072 cisse,
2189 2000 2518 2058 luculenter
2548 1999 2934 2056 demonstrari
2970 2003 3185 2070 potest.
3219 1999 3298 2052 En
3334 2011 3513 2068 pauca
3547 1995 3617 2049 de

1982 2090 2182 2147 multis
2203 2089 2487 2161 exempla.
2529 2089 2621 2145 Sic
2652 2088 2855 2144 habet:

1979 2223 2066 2253 xm
2086 2210 2213 2254 Febr.
2242 2209 2607 2266 Bissenumque
2624 2208 2753 2254 diem
2769 2206 3018 2252 Martialis
3040 2209 3250 2252 sanctus
3266 2206 3490 2251 honorat.

1979 2285 2051 2315 xxi
2239 2271 2515 2325 Victorino,
2538 2274 2625 2315 tuo
2652 2280 2822 2315 nonus
2850 2270 2909 2313 de
2935 2269 3135 2313 nomine
3164 2269 3344 2324 fulget.

1980 2348 2062 2376 xxv
2246 2333 2431 2387 Quinta
2447 2333 2555 2377 dies
2573 2332 2835 2378 Crescenti
2857 2334 3075 2387 augetur
3094 2331 3241 2375 laude
3262 2330 3413 2374 beati.

1980 2408 2011 2437 ιι
2039 2395 2174 2439 Mart.
2249 2394 2395 2439 Senis
2423 2404 2533 2437 mox
2565 2393 2727 2437 Nonis
2757 2393 3006 2437 Heraclus
3046 2392 3331 2446 Paulusque
3371 2391 3619 2435 coluntur.

1981 2469 2037 2497 xx
2067 2454 2212 2512 April.
2243 2454 2489 2510 Festaque
2510 2454 2708 2509 Synesii
2726 2454 3045 2498 celebrantur
3064 2454 3301 2506 martyris
3323 2452 3457 2505 almi,

2248 2515 2508 2560 Pontiﬁcis
2535 2516 2740 2569 tumulo,
2760 2514 2989 2567 doctrina
3007 2517 3057 2557 et
3078 2518 3236 2557 morte
3256 2512 3408 2557 beati.

1981 2589 2059 2619 xm
2095 2577 2187 2621 Jul.
2246 2577 2452 2622 Tertius
2473 2576 2747 2632 Egyptum
2767 2579 3035 2631 praesentat
3057 2575 3331 2629 Serapioni,

2246 2638 2450 2683 Attalus
2478 2640 2531 2681 et
2550 2642 2743 2692 martyr
2763 2638 2955 2681 caelesti
2976 2636 3098 2680 ﬂore
3118 2637 3339 2689 nitescit,

2248 2699 2312 2743 Et
2333 2702 2527 2743 ternam
2554 2698 2733 2743 denam
2753 2698 3059 2742 Philibertus
3083 2699 3291 2740 sanctus
3311 2697 3531 2742 adornat.

2241 2761 2359 2804 Mox
2375 2770 2628 2814 nonam...,
2649 2760 2829 2815 Aquila
2848 2762 2903 2803 et
2924 2760 3102 2803 Niceta
3124 2762 3411 2813 sacrarunt,

2245 2820 2443 2871 Quatuor
2470 2822 2595 2864 habet
2623 2833 2770 2864 versus
2799 2820 2850 2863 de
2877 2822 3198 2863 consecratione
3228 2819 3387 2863 altaris
3416 2834 3443 2863 a
3474 2822 3517 2865 S.

2303 2882 2517 2939 Stephano
2553 2894 2681 2939 papa,
2715 2881 2904 2936 aliisque
2948 2893 2999 2925 eo
3048 2880 3343 2934 spectantibus
3387 2884 3438 2924 de
3468 2884 3621 2937 quibus

2303 2944 2415 2987 alibi
2435 2943 2571 2987 nihil.

2248 3004 2421 3049 Idibus
2443 3004 2655 3058 octavis,
2678 3007 2885 3048 mortem
2904 3013 3115 3059 passura
3137 3010 3435 3058 crucemque
3638 3046 3641 3049 .

2256 3066 2446 3110 Christi
2463 3070 2642 3109 sancta
2666 3065 3072 3120 caro,aatheream
3093 3064 3230 3107 dedit
3253 3067 3363 3108 ante
3391 3067 3620 3121 ﬁguram.

1985 3141 2091 3170 xxm
2253 3127 2440 3172 Lucius
2467 3130 2520 3170 et
2556 3128 2840 3171 Psolammus
2871 3127 3046 3170 denam
3075 3125 3265 3169 virtute
3287 3132 3541 3172 coronant.

1986 3203 2120 3232 xxrm
2247 3190 2356 3234 Hac
2384 3200 2577 3245 quoque
2601 3190 2860 3244 Pelagium
2889 3188 2999 3232 fuso
3026 3199 3114 3244 pro
3144 3190 3396 3243 sanguine
3412 3191 3622 3237 clarum.

1987 3264 2001 3292 ι
2041 3253 2162 3309 Sept.
2251 3252 2359 3297 Hac
2377 3256 2429 3295 et
2451 3251 2654 3296 Veneris
2676 3253 2889 3295 rutilant
2909 3250 3150 3295 solemnia
3171 3255 3371 3295 sanctae.

1986 3325 2030 3355 ιι
2248 3315 2356 3359 Has
2384 3314 2533 3357 simul
2554 3317 2605 3358 et
2623 3314 2764 3357 Felix
2786 3314 2920 3358 felici
2940 3315 3096 3356 morte
3124 3312 3330 3357 dicavit.

2249 3376 2614 3431 Martyrologlo
2636 3375 2831 3430 Regula
2850 3378 3023 3420 sancto
3044 3374 3330 3429 pariterque
3348 3374 3524 3422 beate.

2254 3468 2265 3480 .
2280 3470 2287 3478 .
2369 3437 2508 3481 votis
2527 3436 2754 3491 festoque
2775 3438 2986 3481 vocatur
3003 3436 3187 3490 eodem,

2246 3501 2509 3553 Exsilium,
2542 3498 2758 3555 ﬂagella,
2789 3501 2965 3554 minas,
2987 3502 3235 3544 tormenta
3256 3511 3530 3558 necemque

2250 3562 2344 3605 Pro
2364 3562 2569 3606 Christo
2591 3572 2828 3616 perpessa
2848 3562 2996 3606 simul
3015 3562 3269 3607 Domicilia
3290 3564 3566 3619 triumphat.

1982 2775 2052 2805 ιιι
2059 2775 2081 2803 ν

1983 2835 2115 2866 ΧΧΥῙΙΙ

1984 3020 2025 3048 vt
2058 3008 2173 3062 Aug.

1986 3448 2029 3479 ιι
2063 3436 2169 3488 Nov.

2057 3664 2261 3722 Plures
2286 3666 2686 3736 hujuscemodi
2710 3665 2895 3722 sancti
2920 3667 2975 3720 in
2999 3666 3410 3724 Wandalberto
3432 3686 3626 3727 recur-

1987 3759 2140 3825 runt,
2195 3770 2339 3825 quos
2388 3755 2539 3826 apud
2584 3754 2731 3810 alios
2773 3754 3210 3824 Martyrologos,
3279 3756 3485 3813 saltem
3539 3760 3629 3814 sic

1988 3844 2208 3915 positos
2250 3844 2469 3899 frustra
2518 3842 2843 3913 quaesieris.
2885 3841 3375 3907 Quemadmodum
3431 3852 3626 3902 autem

1987 3930 2168 3987 libere
2193 3936 2429 3988 sanctos
2461 3931 2673 3988 multos
2704 3930 2956 4000 signavit
2983 3929 3114 3985 aliis
3158 3932 3506 4003 incognitos,
3540 3936 3629 3991 sic

1989 4035 2099 4076 non
2131 4021 2337 4076 minori
2371 4020 2666 4089 libertate,
2709 4024 2811 4075 aut
2849 4018 3234 4076 Kalendarum
3277 4022 3404 4077 dies
3437 4026 3628 4078 trans-

1991 4107 2206 4180 posuit,
2259 4113 2360 4164 aut
2392 4107 2583 4178 aliqua
2637 4106 2904 4179 inseruit,
2956 4122 3082 4177 quae
3134 4109 3285 4179 apud
3341 4110 3628 4181 antiquio-

1989 4211 2083 4252 res
2134 4197 2556 4268 martyrologos
2616 4210 2730 4251 non
2790 4200 3110 4266 repererat.
3173 4198 3354 4253 Lubet
3416 4199 3629 4257 iterum

1987 4283 2272 4355 exemplis
2313 4284 2578 4356 pauculis
2622 4298 2744 4340 rem
2790 4282 3108 4341 elucidare.
3155 4286 3248 4341 Sic
3305 4286 3483 4342 habet
3537 4303 3629 4344 xxi

1989 4370 2243 4443 Aprilis.‘
2367 4363 2386 4382 ⁹

2093 4475 2364 4520 Undecima
2378 4475 2532 4522 Gaius
2552 4477 2740 4534 pariter
2759 4477 3060 4532 Simeonque
3081 4477 3330 4523 coluntur.

1990 4566 2109 4621 Non
2140 4569 2339 4636 potest
2365 4579 2499 4621 esse
2531 4565 2682 4623 alius
2715 4566 2809 4621 hic
2842 4566 3014 4622 Caius
3038 4580 3208 4636 quam
3235 4582 3401 4638 papa,
3427 4569 3524 4639 qui
3557 4571 3627 4651 ad

1991 4654 2142 4709 diem
2175 4658 2516 4725 sequentem
2559 4655 2835 4725 pertinet.
2879 4656 2924 4709 A
2955 4654 3164 4725 propio
3215 4654 3307 4709 die
3352 4657 3628 4712 remotior

1990 4746 2099 4812 est,
2127 4756 2302 4813 quum
2333 4756 2405 4797 ex
2430 4741 2704 4798 Januario
2735 4741 2821 4797 sic
2852 4741 3006 4797 canit
3042 4756 3134 4797 xvr
3167 4742 3291 4798 Maii
3328 4759 3343 4796 :
3432 4774 3442 4782 -

2096 4846 2313 4901 Septima
2333 4846 2620 4891 Timotheus
2639 4857 2755 4890 cum
2774 4847 2902 4891 dena
2920 4846 3123 4890 nomine
3142 4846 3294 4899 lucet,

2096 4906 2329 4952 Veridico
2352 4908 2537 4952 Paulus
2564 4907 2737 4952 docuit
2762 4919 2909 4964 quem
2928 4918 3049 4953 voce
3066 4907 3259 4952 beatus.

1992 4995 2085 5051 Sic
2115 5010 2171 5051 vr
2196 4996 2347 5052 Junii
2380 4995 2541 5054 illum
2576 4998 2792 5070 posuit,
2830 4998 2927 5069 qui
2959 4998 3030 5054 ad
3062 5012 3140 5055 vn
3172 5000 3400 5069 spectat
3439 5016 3450 5050 :

2098 5099 2314 5145 Octavus
2333 5100 2453 5145 Idus
2476 5102 2687 5147 Ceratus
2704 5104 2969 5159 episcopus
2986 5108 3146 5159 ornat,

2097 5159 2283 5205 Urbem
2302 5162 2387 5217 qui
2406 5162 2565 5219 fulsit,
2587 5165 2828 5211 Gratiano
2856 5177 2885 5211 a
2903 5165 3127 5222 principe
3148 5164 3355 5211 dictam.

1991 5248 2219 5305 Rursus
2264 5264 2338 5306 xx
2373 5251 2526 5307 Junii
2570 5252 2815 5309 Vitalem
2855 5253 3121 5325 collocat,
3166 5256 3331 5325 quasi
3372 5255 3467 5313 hic
3508 5264 3640 5329 post

1995 5333 2144 5392 filios
2174 5337 2511 5395 Gervasium
2540 5343 2599 5395 et
2637 5341 2966 5397 Protasium
2997 5340 3090 5396 die
3121 5344 3391 5414 sequenti
3424 5359 3637 5417 passus

1994 5422 2095 5567 siti
2130 5425 2201 5482 de
2223 5440 2338 5498 quo
2369 5425 2465 5483 alii
2490 5432 2666 5496 agunt
2701 5441 2874 5485 xxvm
2905 5428 3146 5503 Aprilis.
3178 5431 3259 5488 En
3300 5432 3427 5502 ejus
3457 5432 3637 5491 versi-

1998 5524 2072 5567 cu
2101 5526 2195 5567 um
2226 5533 2240 5567 :

1998 5524 2195 5574 culum
2226 5533 2240 5572 :

3402 5617 3482 5682 16
