3988 6158
313 257 407 318 691

413 375 694 434 Vitallsque
714 373 853 432 pater
870 374 1020 419 natos
1046 369 1274 429 sequitur
1301 368 1526 416 duodena

311 469 501 527 Prima
521 465 658 522 Julii
687 463 948 535 loquitur
978 463 1050 520 de
1081 460 1348 534 Ephrem,
1383 460 1479 532 qui
1512 461 1584 516 ab
1615 459 1746 516 aliis
1777 458 1956 516 refer-

307 563 406 614 tur
437 569 460 612 ῐ
487 552 818 618 Februarii;
853 551 956 610 sed
990 551 1044 605 in
1079 549 1188 606 hoc
1231 549 1440 605 Bedam
1472 552 1569 605 aut
1604 548 1832 604 Florum
1866 562 1956 604 se-

308 650 482 704 cutus
510 647 622 700 est.
663 645 733 698 At
772 655 866 696 XIV
905 639 1265 711 Septembris
1298 637 1462 695 solus
1499 637 1625 709 ipse
1667 637 1738 694 de
1782 638 1956 708 Epar—

313 733 424 790 cbo
451 731 590 801 agit,
627 729 724 785 alii
749 744 766 784 ι
795 727 952 784 Julii.

421 834 656 880 Praesulis
677 833 760 876 hic
779 833 930 878 etiam
948 831 1180 877 meritum
1204 829 1480 876 celebratur
1495 830 1702 890 Eparci,

315 924 424 982 Alii
457 921 825 992 Martyrologi
866 919 1171 976 Martinam
1220 933 1424 990 papam
1474 933 1585 973 non
1632 920 1959 988 agnoscunt

317 1025 410 1068 xvr
439 1008 818 1080 Septembris.
853 1007 946 1062 Sic
977 1006 1102 1078 ipse
1138 1025 1150 1060 :

424 1113 555 1159 Hinc
577 1116 718 1158 sexto
736 1112 866 1157 deuo
883 1110 1136 1156 Martinus
1154 1121 1284 1166 papa.
1311 1109 1510 1155 beatur.

320 1203 404 1260 Ad
453 1217 586 1260 xxiv
635 1201 908 1258 Octobris
951 1199 1234 1270 anticipat
1286 1199 1667 1255 festivitatem
1715 1197 1961 1268 quadra-

317 1292 478 1362 ginta
517 1305 622 1347 sex
651 1289 937 1360 militum,
981 1289 1054 1346 ab
1093 1287 1226 1344 aliis
1277 1287 1371 1344 die
1417 1287 1685 1358 sequenti
1739 1286 1960 1343 diserte

321 1381 703 1450 signatorum.

423 1485 566 1530 Nono
583 1481 892 1539 quadrageni
909 1462 1158 1534 effulgent
1182 1491 1372 1537 sexque
1393 1481 1647 1538 triumpho

423 1547 584 1591 Roma;
600 1545 788 1590 militias
806 1547 860 1589 et
879 1547 1056 1588 saneto
1075 1543 1346 1587 certamine
1365 1543 1505 1587 clari.

319 1637 442 1693 Jam
483 1648 624 1692 vero
671 1638 886 1705 praeter
929 1632 1272 1688 Sanctorum
1319 1631 1568 1693 nomina.
1621 1630 1732 1687 alia
1788 1631 1963 1686 etiam

1265 243 1638 305 USUARDUS
1672 241 2057 304 MONACHUS
2093 237 2748 322 SANGERMANENSIS.

3595 239 3702 296 ιω

1979 371 2033 431 Α
2061 391 2200 457 tem,
2234 385 2338 444 sed
2369 381 2763 440 Wandalberti
2804 379 3053 438 rivulum
3082 375 3450 436 consuluisse
3476 393 3492 444 ;
3525 375 3704 448 idque

2064 475 2300 552 patebat
2330 472 2550 530 clarius
2581 471 2674 527 die
2713 469 2968 527 secunda
2999 465 3334 524 Decembris
3367 464 3422 520 in
3457 465 3610 521 Vero
3637 468 3706 552 et

2066 551 2302 632 Securo,
2345 576 2376 617 a
2409 560 2590 616 sociis
2629 558 2764 614 aliis
2801 554 3126 614 octodecim
3167 559 3266 610 aut
3309 551 3708 610 novemdecim

2065 647 2287 706 avulsis
2311 667 2326 704 :

2169 769 2302 814 Vero
2319 771 2372 812 et
2389 767 2574 814 Securo
2592 765 2784 823 quartis
2803 763 2918 810 litat
2935 763 3104 808 Africa
3119 761 3286 808 nonis.

2065 877 2277 932 Verum
2308 873 2400 930 his
2426 873 2694 929 omnibus
2737 869 3206 943 przeponderavit
3244 865 3496 924 Usuardi
3538 865 3714 923 silen-

2065 963 2232 1031 tium,
2267 960 2386 1032 qui,
2411 960 2592 1016 duces
2631 973 2772 1014 suos
2809 961 3012 1029 aperte
3043 959 3412 1025 enumerans,
3446 953 3718 1011 Wandal-

2069 1050 2443 1106 bertinomen
2466 1047 2720 1104 reticuit.
2743 1045 2823 1101 Ad
2849 1045 2992 1114 haec,
3009 1043 3066 1099 in
3087 1043 3266 1100 allato
3287 1042 3557 1114 exemplo
3583 1041 3715 1098 Veri

2067 1142 2126 1194 et
2158 1137 2378 1208 Securi,
2412 1135 2614 1192 ambos
2651 1133 2954 1191 Usuardus
2985 1132 3200 1188 fratres
3232 1129 3510 1203 appellat,
3557 1129 3716 1200 quod

2072 1225 2273 1296 utique
2319 1223 2392 1280 ad
2430 1223 2904 1280 Wandalbertum
2945 1234 3057 1276 non
3089 1220 3330 1292 reperit.
3376 1220 3620 1274 Petrum
3662 1221 3719 1273 et

2069 1312 2456 1384 Euphrosium
2468 1310 2700 1368 aliunde
2715 1307 2978 1366 Usuardo
3001 1307 3055 1364 in
3064 1307 3328 1363 notuisse
3343 1319 3593 1362 necesse
3608 1310 3715 1360 est.

2074 1403 2140 1457 Ut
2166 1415 2306 1457 vero
2343 1399 2564 1456 certius
2605 1397 2918 1468 intelligas,
2964 1397 3116 1451 inter
3154 1394 3404 1452 Usuardi
3443 1397 3722 1465 protopa-

2074 1493 2272 1546 rentes
2302 1489 2494 1546 locum
2532 1486 2947 1544 Wandalberto
2987 1483 3362 1540 tribuendum
3404 1497 3516 1538 non
3561 1495 3719 1550 esse,

2075 1577 2248 1634 faciet
2273 1577 2398 1633 dies
2421 1591 2476 1632 ιν
2503 1573 2858 1642 Decembris,
2885 1587 3000 1643 quo
3021 1571 3323 1628 Usuardus
3348 1568 3542 1626 nullos
3567 1567 3721 1640 apud

2075 1664 2330 1720 Adonem
2371 1667 2608 1718 sanctos
2639 1661 2761 1716 illic
2793 1659 3110 1730 signandos
3142 1657 3465 1728 reperiens,
3501 1671 3625 1712 non
3656 1655 3723 1712 ad

324 1724 728 1819 insertifesseg
757 1735 1001 1819 qmle
1027 1719 1160 1819 “’39
1201 1719 1600 1819 intellmaftyr
1605 1717 1916 1819 ?l,°g_?s_pr
1921 1715 2046 1819 {1B
2075 1715 2829 1819 quide
2845 1715 3122 1804 vVictoria
3162 1715 3282 1814 agit
3323 1750 3379 1800 et
3415 1715 3723 1813 H'eracleo,

325 1826 455 1868 mus
487 1811 561 1866 sit
603 1814 826 1878 auctor,
862 1807 1045 1878 liquet
1086 1823 1160 1862 ex
1199 1821 1295 1862 vm
1345 1806 1522 1876 Junii,
1567 1806 1666 1862 ubi
1719 1805 1971 1862 Medardi

325 1904 384 1956 et
425 1898 684 1956 Gildardi
721 1897 1001 1954 famosum
1043 1893 1549 1966 synchronismum
1584 1893 1864 1966 adoptare
1895 1895 1975 1949 vi-

327 1987 520 2045 detur.

453 2090 726 2148 Progenies
745 2089 1065 2146 meritumque
1087 2088 1373 2145 pium,qnos
1383 2087 1560 2144 jungit
1579 2092 1632 2134 et
1650 2099 1752 2135 ara.

457 2152 724 2200 Gildardus
745 2162 912 2206 senas,
933 2151 1217 2208 pariterque
1234 2149 1496 2194 Medardus
1515 2150 1774 2195 honorant.

405 2241 550 2296 Vide
571 2241 745 2296 etiam
780 2255 855 2310 Ix,
891 2254 984 2295 XXI
1008 2238 1285 2295 Octobris
1309 2253 1376 2295 ac
1401 2237 1672 2309 pluribus
1703 2237 1836 2295 aliis
1865 2239 1982 2295 die-

333 2329 440 2384 bus
483 2327 539 2382 in
572 2327 794 2382 nostris
825 2326 898 2381 ad
929 2325 1256 2381 Usuardum
1291 2325 1819 2382 Observationibus
1853 2341 1978 2397 pro.

329 2415 457 2486 prio
477 2413 608 2468 loco
640 2413 935 2481 indicatis,
966 2427 1036 2468 ex
1061 2412 1282 2482 quibus
1317 2412 1587 2468 omnibus
1617 2411 1860 2483 colligas
1895 2429 1984 2471 sa-

327 2502 408 2571 tis
435 2501 620 2556 libero
647 2499 868 2558 calamo
899 2499 1387 2555 Wandalbertum
1419 2513 1627 2557 versus
1659 2516 1796 2557 suos
1818 2503 1986 2558 ador-

331 2603 522 2658 nasse,
549 2588 664 2644 nisi
710 2587 1082 2658 suspicemur
1118 2585 1574 2658 interpolatores
1615 2589 1862 2646 subinde
1893 2605 1986 2648 ac-

331 2677 605 2748 cessisse,
651 2691 798 2747 quos
840 2676 1048 2732 mirum
1097 2679 1259 2731 esset
1301 2675 1484 2746 magis
1514 2678 1586 2732 ab
1623 2677 1731 2733 hoc
1781 2679 1988 2750 Marty-

333 2763 577 2834 rologio,
639 2779 809 2834 quam
869 2765 942 2819 ab
998 2763 1268 2819 omnibus
1321 2763 1455 2820 aliis
1506 2779 1734 2820 manum
1809 2767 1988 2822 absti-

332 2853 549 2910 nuisse.
578 2853 884 2922 Utcunque
908 2852 1124 2908 factum
1155 2851 1254 2922 sit,
1288 2851 1410 2907 haec
1442 2866 1512 2907 eo
1545 2853 1890 2924 notavimus,
1925 2859 1987 2910 ut

330 2944 531 3012 pateat
582 2940 890 2996 metricum
939 2939 1412 3010 Martyrologium
1479 2940 1812 3012 Hieronymi
1865 2943 1988 3012 qui-

2083 1839 2188 1896 sed
2211 1839 2278 1894 ad
2305 1837 2572 1893 Rufinum
2598 1835 2878 1905 confugit,
2911 1849 2983 1890 ex
3012 1849 3126 1904 quo
3147 1833 3312 1888 binas
3344 1847 3482 1889 suas
3507 1845 3728 1888 annun-

2082 1925 2361 1982 tiationes
2382 1923 2674 1980 conﬂavit.
2701 1923 2857 1978 Idem
2879 1920 3249 1978 convincitur
3268 1934 3342 1976 ex
3363 1933 3462 1976 xix
3494 1920 3730 1976 Decem-

2087 2014 2228 2070 bris.
2265 2012 2361 2069 ubi
2387 2010 2832 2069 Wandalbertus
2866 2029 2878 2064 :

2193 2127 2439 2179 Quartum
2459 2135 2572 2169 cum
2589 2123 2718 2168 deno
2737 2122 2970 2168 Zozimus
2997 2121 3274 2178 Duriusque
3295 2122 3570 2174 coronant;

2090 2224 2146 2280 in
2177 2223 2442 2280 Usuardo
2466 2226 2658 2278 autem
2692 2219 2880 2277 solum
2913 2219 3130 2290 legitur
3163 2238 3175 2273 :
3213 2219 3476 2276 Civitate
3515 2218 3734 2286 Nicea,

2087 2312 2284 2368 sancti
2301 2311 2482 2367 Darii
2500 2309 2832 2380 martyris;
2853 2307 3007 2364 nulla
3043 2321 3284 2378 prorsus
3306 2321 3376 2362 eo
3389 2307 3484 2362 die
3514 2305 3734 2362 Zozimi

2093 2399 2243 2454 facta
2272 2397 2581 2454 mentione.
2606 2398 2743 2452 Tota
2768 2395 2952 2466 igitur
2979 2393 3451 2450 Wandalbertum
3487 2395 3652 2449 inter
3680 2399 3735 2449 et

2094 2485 2418 2542 Usuardum
2457 2484 2727 2554 cognatio
2767 2484 2824 2538 in
2865 2485 2974 2539 hoc
3011 2483 3288 2538 consistit
3339 2482 3734 2554 potissimum,

2095 2573 2251 2646 quod
2282 2576 2528 2642 uterque
2559 2572 2630 2628 de
2651 2570 3134 2642 Hieronymianis,
3161 2569 3310 2627 Beda
3333 2575 3389 2625 et
3405 2568 3577 2626 Floro
3612 2584 3740 2642 par-

2093 2663 2358 2734 ticipent.

2167 2756 2254 2808 63.
2279 2753 2486 2807 Posset
2511 2753 2567 2806 et
2591 2748 2685 2804 hic
2714 2763 2744 2804 a
2767 2747 3024 2808 curiosis
3047 2747 3316 2818 inquiriri
3342 2752 3537 2804 utrum
3569 2749 3743 2805 Wan-

2097 2839 2400 2896 dalbertus
2449 2839 2600 2894 inter
2640 2837 3047 2908 progenitores
3089 2850 3228 2892 suos
3268 2851 3579 2892 numerare
3628 2851 3740 2892 non

2099 2927 2310 2984 debeat
2323 2933 2624 2983 auctorem
2647 2925 2886 2980 Romani
2911 2923 3076 2995 parvi
3092 2924 3440 2981 ?Dubitandi
3466 2925 3628 2981 ratio
3653 2931 3743 2981 est

331 3029 462 3085 dem
483 3032 543 3084 et
575 3028 764 3098 Bedae,
791 3043 820 3082 a
855 3027 1020 3083 Flore
1063 3028 1243 3098 aucti,
1287 3030 1624 3098 progeniem
1669 3044 1824 3101 esse,
1871 3045 1986 3086 non
2015 3050 2063 3112 ο
2099 3016 2252 3112 quo?
2285 3015 2748 3112 ObseI‘Wtiomjf
2783 3017 2999 3112 Πίξεξξεθ
3039 3027 3450 3112 ξιοηηξιιξίιυθξη
3483 3013 3742 3070 doceam

333 3118 413 3172 ita
454 3120 647 3171 tamen
688 3119 752 3169 ut
791 3129 993 3169 eorum
1024 3114 1264 3184 placitis
1303 3131 1365 3171 se
1389 3117 1830 3185 astringendum
1883 3119 1984 3188 pui

334 3202 568 3271 taverit,
607 3205 814 3258 auctor
855 3201 978 3272 ipse
1030 3217 1134 3273 per
1187 3218 1248 3258 se
1291 3208 1350 3258 et
1398 3204 1529 3259 novi
1590 3205 1987 3276 Martyrologi-

333 3289 625 3358 eonditor,
679 3288 863 3358 Vulgo
915 3293 1112 3345 notum
1156 3294 1247 3344 est
1293 3291 1549 3346 Adonem
1604 3291 1659 3346 in
1717 3295 1986 3349 coenobio

333 3377 661 3433 Prumiensi
695 3376 1110 3431 verosimiliter
1131 3392 1261 3432 cum
1293 3377 1423 3447 ipso
1451 3379 1863 3435 Wandalberto
1887 3381 1987 3436 ali-

338 3464 594 3535 quandiu
639 3467 1058 3519 commoratum
1097 3483 1108 3516 :
1142 3467 1399 3520 attamen
1449 3471 1674 3522 certum
1715 3473 1986 3537 putamus

336 3551 640 3608 metricum
664 3551 1133 3622 Martyrologium
1157 3557 1258 3608 aut
1279 3568 1389 3608 non
1415 3555 1672 3626 novisse,
1704 3561 1804 3612 aut
1827 3563 1988 3613 certe

339 3655 408 3697 eo
451 3654 614 3696 usum
661 3655 773 3695 non
827 3641 1028 3696 fuisse.
1081 3641 1350 3698 Dubitavi
1401 3641 1735 3715 aliquando,
1779 3661 1884 3702 nec
1933 3647 1987 3702 in

341 3728 486 3785 meis
515 3729 586 3784 ad
618 3729 948 3785 Usuardum
984 3730 1480 3788 Obscvationibus
1522 3733 1666 3788 satis
1699 3738 1862 3791 certo
1895 3736 1991 3791 de-

340 3817 656 3875 terminare
689 3832 869 3874 ausus
900 3833 1046 3888 sum,
1082 3824 1275 3875 utrum
1319 3820 1374 3875 in
1419 3821 1664 3878 Usuardi
1706 3824 1991 3894 cognitio-

343 3921 471 3962 nem
510 3921 625 3962 non
683 3907 941 3970 venerit;
983 3921 1168 3977 neque
1211 3923 1350 3963 vero
1399 3909 1682 3966 hactenus
1735 3911 1790 3966 id
1853 3913 1988 3968 mihi

343 3996 508 4050 certo
527 3991 894 4064 exploratum
918 3993 1103 4048 ausim
1127 4009 1414 4050 asserere.
1441 3997 1670 4052 Partem
1697 3999 1992 4056 affirmati-

345 4093 474 4135 vam
517 4078 844 4134 suadebant
885 4080 1078 4134 Sancti
1130 4081 1324 4151 iidem,
1379 4081 1646 4153 pluribus
1687 4085 1893 4143 diebus
1935 4088 1990 4143 in

346 4170 597 4237 utroque
629 4171 1113 4236 recurrentes;at
1142 4184 1270 4224 mox
1309 4171 1507 4242 reponi
1543 4177 1773 4244 poterat
1806 4175 1859 4230 id
1896 4177 1996 4230 mi-

345 4268 473 4310 rum
507 4267 615 4309 non
647 4268 798 4324 esse,
839 4269 970 4311 cum
1014 4256 1248 4328 utrique
1294 4257 1466 4314 iidem
1511 4259 1720 4330 fontes,
1755 4268 1858 4320 aut
1889 4263 1996 4320 sal-

343 4347 462 4400 tem
495 4341 717 4398 similes
745 4343 1062 4414 patuerint.
1090 4345 1267 4415 Magis
1291 4348 1555 4418 urgebat,
1584 4349 1717 4406 dum
1751 4353 1995 4410 Sanctos

347 4429 666 4501 reperirem
695 4431 846 4501 apud
871 4431 1091 4488 nullum
1119 4433 1572 4504 martyrologum
1609 4439 1876 4496 Usuardo
1899 4456 1996 4496 an-

351 4517 690 4589 tiquiorum,
722 4525 1109 4592 praeterquam
1133 4521 1286 4593 apud
1310 4523 1495 4580 solum
1519 4527 1995 4584 Wandalbertum

350 4605 632 4676 signatos,
659 4607 813 4676 quod
839 4608 1006 4679 plane
1035 4609 1250 4666 accidit
1273 4626 1366 4666 xiv
1395 4613 1602 4685 Martii,
1625 4615 1722 4671 ubi
1755 4617 1846 4673 hic
1871 4631 1996 4676 ver-

351 4693 578 4752 siculus
615 4714 626 4748 :

457 4799 769 4856 Euphrasius
787 4801 946 4858 pridie
976 4804 1121 4848 Petro
1139 4815 1254 4850 eum
1275 4810 1494 4862 martyre
1511 4808 1686 4864 fulget.

425 4903 514 4956 62.
552 4899 668 4954 Hoc
698 4903 862 4955 certe
896 4899 1194 4972 impellere
1214 4902 1529 4960 videbatur
1557 4909 1622 4960 ut
1649 4904 1856 4962 saltem
1901 4923 1998 4964 no-

357 4986 546 5042 titiam
577 4986 829 5058 aliquam
875 4987 1027 5043 inter
1065 5003 1169 5045 eos
1211 4991 1636 5063 martyrologos
1678 4994 1860 5052 fuisse
1901 4995 1998 5053 ad-

359 5073 669 5130 mitterem.
743 5077 991 5144 Rursus,
1045 5077 1180 5134 dum
1237 5093 1310 5132 ex
1368 5077 1560 5150 aliqua
1613 5082 2001 5154 Hieronymia-

359 5172 563 5215 norum
609 5162 798 5221 classe
845 5180 995 5222 unus
1041 5171 1141 5222 aut
1190 5165 1342 5222 alter
1394 5167 1662 5240 Sanctus,
1707 5171 1996 5243 iidemque

358 5258 607 5316 prorsus
652 5253 709 5304 et
751 5252 823 5306 ab
872 5253 1136 5310 Usuardo
1175 5252 1374 5324 positi,
1409 5260 1468 5310 et
1515 5270 1548 5312 a
1586 5258 1997 5316 Wandalberto

359 5331 630 5390 versibus
667 5335 859 5394 innexi
901 5339 1368 5413 inveniebantur,
1406 5343 1551 5400 satis
1587 5345 1889 5416 probabile
1923 5348 1998 5405 vi-

361 5421 484 5482 deri
520 5425 750 5494 poterat
772 5425 1096 5490 Usuardum
1128 5444 1240 5487 non
1271 5429 1844 5505 Hieronymianorum
1878 5435 1998 5490 fon-

2094 3103 2326 3160 eosdem
2360 3107 2594 3158 sanctos
2626 3116 2657 3156 a
2681 3099 3096 3156 Wandalberto
3131 3099 3439 3168 celebrari,
3465 3115 3626 3172 quos
3660 3115 3745 3157 so-

2097 3190 2213 3246 lum
2253 3191 2570 3246 Romanum
2619 3203 2859 3260 parvum
2901 3189 3055 3244 inter
3096 3187 3456 3259 antiquiores
3497 3193 3746 3246 notasse

2095 3279 2472 3350 comperitur.
2504 3277 2779 3349 Exemplo
2811 3278 2924 3332 sint
2957 3277 3084 3332 Maii
3117 3292 3208 3346 xv,
3243 3292 3356 3346 quo

2131 3457 2149 3498 ι
2205 3392 2470 3497 Ρὲηῐὶῇοεε
2490 3395 2681 3447 septem
2709 3391 3000 3448 Hesperium
3022 3391 3173 3436 simul
3188 3391 3356 3435 idibus
3377 3395 3579 3435 ornant.

2170 3467 2222 3494 vn
2285 3465 2389 3497 unu
2410 3463 2422 3496 :

2098 3463 2149 3498 et
2170 3467 2222 3494 vn
2252 3463 2389 3497 Junu
2410 3463 2422 3496 :

2206 3516 2390 3559 Paulus
2409 3516 2658 3570 septenas,
2674 3516 2854 3570 praesul
2876 3519 3013 3568 tuus,
3035 3515 3136 3559 alta
3156 3513 3368 3570 Bizanti,

2099 3617 2160 3670 et
2191 3611 2400 3668 similia
2435 3611 2748 3684 plura,_,ex,
2777 3613 2989 3682 quibus
3019 3613 3222 3668 confici
3255 3628 3428 3684 posse
3469 3613 3749 3668 videatur

2101 3700 2749 3773 Wandalbertum"_n‘o,n.
2772 3701 3074 3772 ignorasse
3099 3702 3568 3772 Martyrologium
3595 3699 3748 3757 illud

2103 3790 2256 3860 quod
2289 3791 2600 3844 Romanum
2631 3777 2871 3859 parvum
2905 3805 3195 3846 vocamus.
3235 3791 3336 3846 llic
3366 3804 3474 3859 ego
3507 3803 3598 3844 me
3639 3791 3752 3846 hae-

2103 3893 2251 3948 rere,
2285 3881 2346 3933 et
2377 3877 2433 3932 in
2458 3877 2974 3934 Observationibus
2996 3892 3109 3933 non
3133 3877 3312 3934 semel
3336 3878 3580 3935 hesisse
3608 3891 3750 3934 con-

2105 3966 2292 4022 ﬁteor.
2327 3964 2478 4019 Nihil
2523 3963 2754 4036 quidem
2795 3965 3006 4036 piaculi
3035 3966 3228 4036 video,
3271 3967 3319 4023 si
3353 3966 3510 4023 ultro
3540 3981 3752 4024 conce-

2103 4054 2306 4110 damus
2327 4053 2640 4108 Romanum
2664 4069 2904 4124 parvum
2934 4053 3348 4112 Wandalberto
3369 4053 3746 4126 praeluxisse.

2104 4139 2382 4212 quidquid
2436 4141 2558 4196 Ade
2604 4141 2843 4211 gloriari
2896 4143 3168 4200 videatur
3223 4158 3287 4200 se
3331 4143 3583 4200 omnium
3629 4145 3752 4216 pri-

2105 4244 2257 4286 mum
2305 4229 2711 4286 absconditum
2743 4230 2908 4301 prius
2967 4231 3022 4286 in
3071 4231 3238 4287 Italia
3287 4231 3634 4288 thesaurum
3677 4233 3756 4288 ef-

2107 4316 2342 4386 fodisse,
2367 4331 2534 4394 quem
2560 4317 2616 4372 in
2631 4316 2870 4389 Galliam
2893 4318 3252 4390 deportaret.
3282 4320 3568 4376 Caeterum
3590 4334 3749 4390 cum,

2024 4393 2075 4452 Ι)
2108 4408 2260 4460 teste
2272 4399 2558 4474 Usuardo,
2575 4405 2814 4463 diversa
2823 4408 3164 4464 sanctorum
3179 4407 3435 4466 Patrum
3445 4406 3754 4480 Martyro-

2106 4492 2266 4564 logia
2295 4493 2652 4564 exstiterint,
2686 4493 2854 4554 facile
2875 4495 3218 4566 contingere
3243 4497 3432 4568 potuit
3459 4501 3522 4553 ut
3555 4511 3630 4552 ex
3652 4511 3754 4552 an-

2103 4581 2343 4652 tiquiori
2384 4581 2598 4654 aliquo,
2631 4587 2836 4639 auctor
2865 4583 3106 4640 Romani
3137 4585 3300 4657 parvi
3333 4586 3547 4656 Romae,
3581 4587 3754 4642 Wan-

2105 4669 2406 4727 dalbertus
2454 4671 2510 4726 in
2569 4669 2749 4727 Gallia
2801 4686 2904 4728 sua
2963 4672 3378 4748 desumpserit.
3431 4673 3539 4739 Qui
3583 4671 3748 4745 plura

2105 4759 2372 4814 conferre
2405 4763 2505 4814 aut
2543 4757 2874 4828 disquirere
2902 4759 3176 4832 voluerit,
3211 4760 3267 4816 in
3299 4761 3486 4832 prima
3517 4759 3750 4830 Molani,

2105 4850 2160 4901 et
2186 4845 2240 4901 in
2263 4847 2368 4902 hac
2391 4849 2590 4902 nostra
2614 4847 2860 4903 Usuardi
2883 4847 3160 4919 editione,
3189 4852 3373 4906 metra
3399 4849 3612 4906 diebus
3635 4848 3752 4906 sin-

2105 4933 2258 5004 gulis
2278 4947 2406 4990 cum
2424 4938 2588 4990 textu
2604 4935 2752 4991 Usua
2762 4934 2928 4993 rdino
2945 4937 3124 4994 ferme
3137 4939 3448 5008 conjuncta
3464 4937 3747 4995 inveniet.

2107 5021 2270 5092 Apud
2307 5021 2612 5078 Acherium
2645 5027 2804 5079 tomo
2831 5023 2876 5077 V
2917 5024 3233 5098 Spicilegii,
3269 5030 3457 5083 totum
3490 5021 3756 5082 Wandal-

2107 5109 2399 5166 bertinum
2422 5125 2536 5166 uno
2567 5110 2748 5168 ductu
2771 5110 2992 5170 editum
3023 5118 3133 5170 est.

2476 5233 2577 5287 ςῐι.
2593 5257 2644 5268 -
2664 5233 2735 5278 De
2755 5232 3120 5290 Martyrologio
3143 5235 3371 5293 Babanig

2177 5351 2264 5405 64.
2283 5347 2497 5404 Ordine
2519 5353 2577 5404 et
2593 5353 2768 5406 aetate
2791 5350 3418 5424 sequiturpraeclarum
3433 5351 3604 5409 Bedae
3622 5363 3756 5422 ger-

2111 5449 2258 5508 men,
2291 5437 2760 5516 Martyrologium
2793 5455 2824 5496 a
2855 5439 2914 5495 Β.
2950 5439 3188 5498 Rabano
3219 5440 3416 5502 Mauro
3454 5454 3526 5498 ex
3557 5451 3754 5499 mona-
