3974 6150
211 270 309 328 493
1625 278 1829 339 PROL]

1944 283 2169 342 DMENA.

3494 306 3599 362 694

210 393 313 451 cho
331 391 612 495 lfuidensi
636 394 1422 495 archiepiscopoMoguntino
1435 403 1844 495 compositum,
1878 407 1935 468 A
1963 406 2102 465 licet
2133 423 2311 467 causa
2341 410 2495 482 quod
2528 413 2696 472 ambo
2726 429 2799 472 ex
2836 416 3318 495 Hieronymianis,
3351 426 3503 483 Beda
3534 435 3595 487 et

212 481 359 553 quod
414 482 669 539 fortasse
717 498 831 541 non
881 484 1170 542 immerito
1218 487 1618 559 appellaretur
1677 492 1846 551 Beda:

208 568 679 640 Martyrologium
710 571 914 628 studio
945 572 1096 629 Flori
1129 579 1188 629 et
1218 576 1437 632 Rabaui
1469 578 1801 651 suppletum
1828 599 1842 649 ;

206 656 282 713 ita
305 657 584 714 Rabanus
610 658 865 715 fideliter
885 666 945 716 et
970 661 1189 731 passim
1213 663 1403 720 omnia
1422 664 1633 737 elogia,
1661 667 1717 723 in
1741 670 1844 725 Pa-

209 744 513 816 pebrochii
537 745 795 803 editione
818 748 989 805 Bedae
1011 750 1420 822 ascripta,suae
1443 754 1841 826 compilationi

206 832 478 903 inseruit,
506 836 570 889 ut
601 833 695 891 vel
725 848 798 890 ex
831 835 958 893 solo
980 836 1091 894 hoc
1113 838 1526 910 Martyrologio
1548 844 1841 900 recenseri

204 917 297 974 illa
321 924 379 976 et
408 921 560 977 forte
585 920 718 979 hinc
742 922 875 978 inde
898 925 1194 981 emendari
1219 930 1441 997 posset.
1459 928 1716 985 Credidit
1740 932 1843 987 Pa-

203 1007 556 1079 pebrochius
585 1009 640 1064 in
672 1009 924 1081 Prologo
974 1026 1100 1083 suo,
1135 1029 1288 1070 num.
1334 1021 1393 1071 11
1445 1015 1648 1072 eodem
1697 1020 1842 1074 tem-

204 1108 340 1166 pore
363 1096 664 1153 Rabanum
688 1097 743 1153 in
767 1098 1069 1156 Germania
1092 1101 1302 1157 Bedam
1326 1102 1840 1176 supplevisse,quo

201 1182 256 1239 id
287 1181 345 1239 iu
377 1184 618 1241 Francia
650 1188 976 1256 praestabat
1008 1187 1231 1259 Florus,
1264 1190 1525 1261 adeoque
1556 1192 1712 1248 circa
1744 1208 1841 1249 au-

201 1285 333 1327 uum
365 1275 512 1338 830;
543 1276 604 1329 at
633 1274 804 1330 nobis
836 1273 1005 1345 longe
1035 1277 1423 1334 verosimilior
1451 1278 1685 1336 videtur
1716 1282 1841 1337 Cas-

196 1357 402 1416 tellaui
443 1358 1199 1442 conjecturahpraefationis
1235 1380 1354 1421 suae
1387 1365 1458 1422 ad
1499 1382 1517 1422 ι
1558 1367 1839 1424 Bimestre

199 1461 328 1519 pag.
381 1452 471 1517 20,
522 1447 620 1504 ubi
669 1449 965 1506 Rabanum
1016 1452 1309 1509 existimat
1367 1454 1837 1525 Martyrologium

199 1534 478 1606 scripisse
507 1534 664 1593 circa
696 1551 907 1594 annum
955 1542 1079 1609 845,
1135 1545 1254 1597 tum
1303 1555 1529 1613 nempe,
1562 1557 1692 1599 cum
1743 1543 1840 1599 de-

198 1623 374 1679 missa
409 1637 559 1680 anno
578 1627 685 1681 842
706 1625 955 1682 εὺῠθιὶω
986 1625 1287 1685 Fuldeusis
1328 1630 1698 1700 praefectura,
1724 1630 1839 1702 pri-

1956 495 2144 587 Floro,
2171 513 2276 569 pro
2307 498 2509 569 majori
2543 502 2633 557 vel
2667 503 2871 559 minori
2907 512 3071 577 parte
3103 513 3397 581 progeniti
3431 522 3589 587 sunt,

1955 599 2086 642 cum
2109 586 2216 642 hac
2239 587 2658 646 notabilissima
2681 590 3042 666 diversitate,
3072 599 3222 667 quod
3250 601 3372 656 Ado
3400 603 3592 659 fecun-

1956 672 2238 732 dissimus
2253 675 2430 732 fuerit
2445 676 3233 753 aliorumMartyrologiorum
3250 692 3594 759 parens,Ba-

1954 761 2141 819 banus
2163 777 2302 822 vero
2324 779 2506 836 prope
2529 767 2693 835 ἄπαις
2712 768 2944 841 obierit,
2973 770 3158 827 solum
3187 775 3365 831 ferme
3390 779 3594 836 Notke-

1952 861 2080 905 rum
2141 863 2450 921 sequacem
2507 851 2748 923 habens,
2800 868 2872 910 ex
2932 871 3045 925 quo
3106 852 3361 916 fortasse
3410 865 3592 932 magis

1952 949 2122 1005 quam
2153 951 2227 993 ex
2272 937 2399 1008 ipso
2448 939 2670 996 Rabani
2717 942 2896 1013 fonte,
2951 945 3198 1014 paucula
3253 948 3305 1002 in
3358 950 3595 1007 codices

1951 1023 2313 1081 Usuardinos
2361 1025 2655 1083 auctiores
2705 1028 2966 1085 derivata
3013 1037 3166 1103 sunt,
3226 1038 3283 1090 ut
3336 1050 3591 1093 nonnun-

1952 1124 2121 1181 quam
2162 1112 2217 1168 in
2268 1114 2561 1170 Auctariis
2609 1116 2830 1172 nostris
2884 1117 3251 1177 indicandum
3306 1123 3432 1180 fuit.
3484 1124 3587 1191 Qui

1950 1197 2282 1270 plusculum
2312 1203 2594 1274 temporis
2624 1205 3052 1276 Martyrologiis
3085 1209 3174 1266 his
3203 1214 3473 1270 omnibus
3502 1230 3592 1270 ac-

1949 1288 2214 1345 curatius
2244 1289 2397 1346 inter
2438 1305 2501 1347 se
2551 1295 2966 1364 componendis
3019 1295 3352 1369 impendere
3405 1303 3593 1359 volue-

1950 1375 2047 1445 rit,
2084 1375 2354 1433 facillime
2388 1393 2614 1435 mecum
2642 1381 2905 1438 advertet
2941 1386 3093 1453 quod
3130 1386 3173 1442 si
3216 1401 3301 1455 ea,
3340 1404 3467 1458 quae
3518 1406 3589 1447 ex

1950 1462 2427 1537 Hieronymianis,
2457 1468 2607 1524 Beda
2638 1472 2696 1523 et
2722 1469 3212 1541 Floro,'Rahanus
3236 1475 3584 1547 desumpsit,

1947 1564 1976 1605 a
2038 1551 2281 1622 reliquis
2342 1554 2743 1628 sejungantur,
2798 1575 2982 1629 pauca
3042 1564 3415 1631 superfutura
3470 1565 3586 1621 sint

1948 1652 2076 1709 quae
2098 1641 2316 1696 Rabaui
2350 1644 2584 1715 propria
2617 1645 2739 1700 dici-
2765 1646 3033 1704 debeant.
3071 1647 3162 1706 Sic
3186 1650 3345 1717 item,
3380 1653 3427 1706 si
3454 1654 3589 1708 Not-

198 1715 367 1824 ylatus
400 1710 481 1809 ibi
512 1712 775 1783 degeret,
811 1727 960 1770 anno
1142 1715 1214 1772 ad
1262 1717 1832 1824 archiepiscopatum
1863 1763 1916 1824 B
1951 1726 2150 1784 kerum
2207 1710 2688 1803 Hieronymianis,
2740 1734 3111 1808 Rabauiauis,
3163 1744 3217 1794 et
3272 1741 3585 1796 Adonianis

199 1799 596 1869 Moguntinum
629 1806 986 1872 assumptus.
1023 1803 1116 1859 Sic
1148 1809 1282 1875 apte
1314 1805 1518 1863 divisis
1562 1807 1832 1878 tempori-

117 1931 129 1940 .
201 1886 321 1958 bus,
348 1888 652 1945 commode
684 1889 1033 1960 intelligitur
1065 1891 1216 1947 Flori
1249 1891 1506 1950 laborem
1538 1895 1594 1950 in
1625 1910 1836 1966 augen-

198 1974 268 2031 do
296 1975 457 2055 _Beda
491 1976 833 2047 pervenisse
865 1977 918 2032 in
954 1993 1155 2036 manus
1184 1980 1425 2052 Rabaui,
1458 1996 1627 2052 quem
1669 1983 1717 2039 is
1763 1996 1835 2040 ex

201 2063 400 2121 codice
432 2063 629 2136 aliquo
662 2065 1109 2137 Hieronymiano
1142 2066 1387 2140 aliisque
1436 2069 1525 2141 (ut
1571 2075 1698 2128 erat
1746 2072 1835 2129 vir

199 2151 599 2224 doctissimus)
649 2152 882 2210 aliunde
933 2154 1258 2227 acquisitis,
1313 2171 1420 2228 per
1464 2160 1652 2215 totum
1701 2159 1832 2216 anni

197 2241 483 2298 circulum
517 2240 868 2314 impleverit,
896 2243 966 2300 iis
988 2244 1433 2317 superadjectis,
1461 2261 1589 2317 qua
1612 2246 1683 2303 ad
1708 2247 1833 2304 Ful-

197 2328 409 2385 denses
431 2330 676 2386 seorsim
702 2330 1086 2403 pertinerent,
1102 2337 1168 2390 ut
1188 2339 1343 2389 esset
1363 2334 1832 2405 Martyrologium

196 2418 439 2473 ccenobii
480 2415 640 2474 illius
690 2417 1056 2475 celeberrimi
1111 2422 1319 2478 usibus
1368 2423 1828 2494 accomodatum,

196 2505 474 2575 quidquid
506 2506 940 2577 Papebrochius
978 2523 1131 2565 num.
1167 2513 1236 2565 14
1282 2514 1566 2580 autumet,
1600 2525 1713 2567 non
1764 2526 1833 2568 eo

195 2593 603 2664 Martyrologio
637 2610 780 2651 usus
813 2594 1148 2667 Fuldenses,
1175 2598 1277 2654 sed
1301 2597 1413 2655 alio
1447 2598 1503 2653 in
1526 2599 1830 2657 codicibus

195 2682 407 2750 regina:
438 2681 661 2739 Sueciaa
693 2688 951 2755 reperto,
990 2686 1145 2754 quod
1195 2701 1267 2741 ex
1316 2686 1515 2742 Adone
1565 2692 1832 2744 contrac-

194 2773 309 2825 tum
345 2771 559 2826 fuerat.
587 2771 695 2826 Sed
730 2772 878 2827 forte
912 2773 1210 2829 monachis
1243 2774 1417 2831 etiam
1449 2773 1567 2831 illis
1599 2775 1831 2846 placue-

194 2857 268 2911 rit
295 2858 482 2928 magis
514 2859 841 2916 Usuardina
865 2860 1192 2932 methodus,
1222 2862 1391 2933 longe
1414 2862 1606 2935 aptior
1630 2863 1828 2921 Oﬁicio

192 2944 621 3004 ecclesiastico.

257 3037 342 3090 65.
398 3035 687 3091 Praevenit
732 3035 928 3106 itaque
978 3037 1250 3094 Rabanus
1302 3042 1504 3094 noster
1546 3038 1824 3109 Adonem,

1946 1815 2258 1888 exspolies,
2294 1819 2365 1875 ad
2397 1820 2637 1877 nihilum
2670 1837 2849 1893 prope
2882 1825 3157 1881 redibunt
3190 1842 3316 1897 quae
3348 1843 3418 1883 ex
3459 1830 3585 1898 ejus

1945 1904 2358 1977 Martyrologio
2387 1912 2557 1965 erunt
2592 1909 2853 1981 reliqua;
2887 1919 3274 1985 prmterquam
3309 1918 3464 1988 quod
3504 1917 3587 1973 lo-

1945 1992 2032 2050 cis
2062 1996 2355 2052 nonnullis
2387 1998 2653 2056 mutilum
2685 2005 2797 2069 est,
2833 2006 2896 2057 ut
2928 2005 3125 2059 statim
3168 2005 3341 2075 paulo
3388 2007 3583 2075 copio-

1947 2082 2072 2139 sius
2100 2083 2545 2155 explicabimus.

2308 2214 2432 2269 ίῙΙῐ.
2456 2239 2505 2248 -
2524 2216 2594 2261 De
2617 2217 2979 2275 Martyrologlo
2997 2219 3223 2265 Notkeri.

2018 2330 2103 2383 67.
2128 2328 2245 2384 Hoc
2268 2329 2736 2401 Martyrologium
2761 2335 2954 2389 native
2970 2334 3279 2391 delineavit
3297 2337 3585 2407 Papebro-

1944 2414 2112 2472 chius
2142 2416 2197 2472 in
2231 2417 2469 2489 prologo
2500 2421 2570 2476 ad
2605 2422 2835 2491 Bedam,
2872 2438 3025 2479 num.
3070 2427 3158 2492 14,
3195 2425 3283 2479 his
3334 2426 3531 2481 verbis
3568 2447 3580 2480 :

1947 2520 1976 2555 ‹‹
2007 2503 2282 2560 Praedicti
2317 2501 2555 2562 Adonis‘
2585 2508 2947 2578 synclironus
2999 2510 3104 2566 fuit
3157 2512 3214 2564 Β.
3270 2512 3580 2579 Notkerus,

1943 2594 2279 2649 monasterii
2306 2597 2490 2651 sancti
2528 2596 2673 2651 Galli
2706 2599 3021 2654 monachus
3046 2615 3193 2654 anno
3220 2601 3431 2656 Christi
3458 2608 3579 2671 870,

1945 2678 2174 2747 quando
2205 2681 2327 2736 Ado
2359 2682 2545 2737 eidem
2578 2685 2933 2740 monasterio
2967 2688 3418 2743 communicavit
3454 2689 3583 2743 reli-

1944 2766 2111 2836 quias
2146 2769 2334 2825 sancti
2367 2770 2673 2842 Desiderii,
2708 2773 2965 2844 episc0pi
3001 2778 3054 2828 et
3092 2776 3366 2845 martyris
3420 2777 3585 2831 Vien-

1943 2856 2161 2925 nensis,
2199 2871 2233 2912 x
2264 2857 2382 2913 Kal.
2415 2859 2567 2914 Junii
2600 2859 2914 2929 recolendi,
2944 2863 3424 2930 quemadmodum
3459 2864 3583 2935 ipse

1942 2944 2013 2999 ad
2045 2944 2263 3001 dictum
2294 2947 2443 3001 diem
2478 2951 2732 3003 testatur
2763 2949 2819 3003 in
2842 2964 2948 3004 suo
2971 2951 3400 3020 Martyrologio,
3428 2953 3579 3021 quod

1940 3031 2175 3087 videtur
2207 3033 2422 3090 Adonis
2454 3035 2721 3107 exemplo
2772 3037 3108 3107 scripsisse,
3147 3039 3369 3108 integra
3424 3054 3579 3111 saepe

195 3122 281 3192 qui
317 3136 424 3193 per
453 3122 605 3179 idem
640 3103 870 3195 tempus
902 3126 1375 3196 Martyrologium
1408 3126 1565 3183 aliud
1598 3103 1835 3183 medita-
1861 3103 1909 3164 Ο
1939 3118 2123 3189 elogia
2158 3135 2231 3176 ex
2260 3136 2329 3178 eo
2361 3103 2720 3180 verbotenus
2753 3125 3082 3196 accipiens;
3118 3132 3383 3183 mortuus
3433 3143 3580 3184 anno

194 3210 384 3281 batur,
411 3209 484 3266 de
509 3226 633 3281 quo
648 3212 832 3268 fusius
856 3214 1243 3283 sequentibus
1276 3214 1505 3270 duobus
1536 3215 1829 3286 capitibus

192 3298 473 3367 agendum
507 3299 640 3356 erit.
676 3301 933 3370 Uterque
956 3302 1158 3357 eodem
1184 3300 1411 3357 laborat
1439 3302 1597 3371 vitio,
1625 3317 1829 3373 nempe

191 3387 405 3442 enormi
467 3387 1046 3459 illa‘inaequalitate,
1105 3405 1217 3460 qua
1269 3390 1477 3447 diebus
1536 3391 1831 3447 nonnullis

193 3488 335 3531 unus
366 3479 468 3532 aut
501 3474 653 3532 alter
683 3481 924 3534 sanctus
974 3477 1142 3535 valde
1181 3477 1378 3548 jejune
1427 3479 1824 3550 annuntiatur,

192 3561 282 3616 alii
316 3578 452 3618 vero
486 3563 680 3633 longis
711 3564 917 3634 elogiis
950 3566 1171 3633 referti,
1209 3567 1278 3623 ad
1322 3582 1596 3623 nauseam
1650 3568 1829 3623 ferme

194 3649 395 3726 prolixi
428 3657 587 3707 sunt.
624 3653 938 3709 Praeiverat
974 3654 1255 3710 ambobus
1298 3655 1469 3725 Beda,
1516 3655 1823 3726 praaiverat

193 3723 529 3807 Flor'us;ast
556 3740 860 3797 Usuardus
875 3741 1236 3812 singulorum
1260 3723 1482 3813 dierum
1508 3723 1825 3798 laterculos

193 3827 661 3897 compendiosius
686 3830 1046 3900 complexus,
1076 3831 1301 3901 priores
1326 3845 1524 3885 omnes
1549 3831 1827 3900 Martyro-

194 3910 349 3983 logos
380 3914 457 3971 ita
495 3915 856 3987 antecelluit,
891 3922 952 3974 ut
989 3918 1203 3988 ubique
1246 3923 1541 3989 receptus,
1578 3916 1822 3974 aliorum

193 4003 517 4059 memoriam
568 4003 993 4061 obliteraverit.
1030 4007 1098 4061 Ut
1155 4006 1226 4062 ad
1278 4006 1575 4062 Rabanum
1627 4007 1825 4062 redea-

191 4102 333 4160 mus,
364 4089 509 4146 nihil
538 4091 596 4146 in
626 4106 696 4149 eo
727 4092 1023 4163 peculiare
1062 4094 1319 4151 occurrit
1355 4094 1508 4165 quod
1543 4094 1825 4151 Observa-

197 4176 441 4235 tionibus
474 4180 699 4236 nostris
730 4181 875 4237 satis
925 4185 1201 4238 accurate
1248 4186 1511 4239 notatum
1560 4197 1671 4239 non
1722 4181 1819 4238 sit.

192 4263 305 4321 Hoc
336 4281 537 4339 nempe
570 4267 852 4338 singulari
884 4284 1023 4326 cura
1055 4270 1408 4341 studuimus,
1444 4273 1505 4327 ut
1540 4285 1643 4343 per
1691 4285 1824 4327 con-

191 4351 399 4410 tinuam
430 4353 591 4411 illam
622 4356 1094 4428 Martyrologium
1126 4358 1380 4414 omnium
1414 4358 1566 4414 inter
1607 4373 1670 4415 se
1722 4362 1817 4415 aut

1939 3211 2061 3277 912,
2080 3208 2164 3262 uti
2190 3208 2346 3265 clare
2371 3211 2903 3269 demonstrabimus
2930 3228 3124 3269 mense
3152 3214 3333 3284 Aprili
3360 3216 3429 3270 ad
3452 3216 3581 3285 ejus

1940 3294 2089 3350 diem
2116 3296 2384 3354 natalem.
2407 3301 2628 3356 Praeter
2652 3300 2873 3356 Adonis
2898 3302 3365 3373 lliartyrologium
3391 3303 3581 3372 (cujus

1939 3384 2236 3455 exemplar
2276 3386 2557 3443 credibile
2605 3392 2696 3444 est
2745 3390 3054 3459 ipsummet
3108 3390 3585 3458 Sangallensibus

1940 3471 2413 3543 misisse)habuit
2439 3476 2613 3531 etiam
2637 3478 2929 3534 Notkcrus
2955 3493 3073 3549 prae
3097 3478 3284 3534 oculis
3309 3481 3584 3549 Martyro-

1938 3558 2155 3629 logium
2187 3561 2427 3631 Rabani,
2464 3563 2534 3619 de
2568 3579 2679 3634 qno
2712 3580 2889 3635 supra
2923 3566 3165 3636 egimus,
3202 3571 3259 3621 et
3294 3581 3363 3621 eo
3408 3568 3581 3622 etiam

1939 3646 2249 3717 plurimum
2286 3666 2424 3706 usus
2456 3655 2564 3721 est,
2601 3653 2747 3707 adeo
2781 3658 2840 3708 ut
2875 3654 3059 3707 videri
3097 3655 3281 3723 possit
3327 3670 3500 3709 unum
3552 3670 3583 3709 e

1937 3734 2164 3790 duobus
2192 3736 2481 3792 conficere
2531 3737 2811 3794 voluisse.
2849 3759 2876 3789 »
2916 3740 3231 3794 Verissima
3281 3740 3403 3795 haec
3453 3756 3580 3797 esse

1937 3822 2105 3893 plane
2140 3824 2455 3894 perspiciet
2489 3825 2753 3894 quisquis
2806 3830 2927 3881 tres
2978 3826 3110 3881 illos
3159 3827 3579 3897 Martyrologos

1937 3909 2225 3981 inspicere
2248 3916 2303 3967 et
2329 3913 2613 3969 attentius
2636 3914 3016 3969 considerare
3039 3915 3397 3985 dignabitur,
3424 3915 3574 3985 quod

1934 3996 1991 4054 in
2016 4000 2539 4056 Observationibus
2564 4002 2784 4057 nostris
2806 4001 3150 4059 Usuardinis
3173 4008 3452 4059 aunotare
3469 4019 3575 4059 non

1935 4088 2441 4160 praetermisimus,
2486 4090 2883 4160 quotidianam
2919 4091 3097 4146 ferme
3146 4091 3579 4161 Martyrologio-

1935 4190 2060 4232 rum
2082 4175 2460 4233 classicorum
2483 4177 2881 4247 genealogiam
2906 4182 3424 4249 reprzeseutautes,
3443 4194 3580 4250 quo-

1934 4278 2059 4319 rum
2084 4268 2418 4335 postremus
2441 4269 2533 4320 est
2556 4266 2803 4336 hic,quo
2836 4267 2907 4321 de
2950 4265 3265 4337 loquimur,
3293 4268 3580 4324 Notkerus

1933 4350 2242 4418 Balbulus;
2266 4366 2434 4421 quem
2468 4352 2516 4407 si
2551 4367 2904 4423 pernoscere
2937 4354 3137 4424 cupiat
3169 4355 3439 4435 curiosus
3465 4353 3578 4409 lec-

191 4442 668 4513 convenientiam,
694 4450 793 4500 aut
818 4444 1343 4516 differentiame
1363 4446 1813 4517 ορροείιίοηθω,
1850 4455 1899 4518 C
1930 4442 2042 4505 tor,
2076 4438 2243 4493 adeat
2278 4440 2662 4510 Papebrochii
2696 4442 3176 4496 commentarium
3209 4456 3263 4497 vx
3298 4441 3514 4512 Aprilis
3548 4458 3575 4496 a

195 4527 295 4583 sub
322 4544 493 4586 unum
547 4535 852 4603 aspectum
906 4534 1178 4604 positam,
1232 4533 1592 4603 singulorum
1644 4532 1817 4590 simul

198 4616 576 4687 proprietates
599 4619 922 4691 Hagiophili
957 4621 1388 4692 dignoscerent.
1415 4623 1573 4678 Inter
1606 4626 1820 4678 caetera

197 4699 591 4763 iusiuuandum
624 4707 729 4763 fuit
759 4708 981 4764 Rabani
1004 4708 1479 4781 Martyrologium
1502 4708 1820 4766 Germania:

199 4786 393 4849 limites
425 4809 543 4851 non
574 4808 709 4852 esse
739 4798 1163 4869 traugressum,
1202 4802 1263 4855 ut
1308 4802 1442 4870 pote
1492 4797 1644 4869 quod
1696 4796 1819 4853 Ado

195 4881 252 4932 et
276 4879 568 4940 Usuardus
600 4883 770 4956 plane
800 4899 913 4941 non
940 4886 1204 4942 noverint
1234 4905 1249 4952 ;
1282 4886 1570 4943 Notkerus
1602 4889 1815 4956 autem,

196 4964 260 5021 de
289 4982 394 5039 quo
425 4986 562 5028 mox
608 4971 934 5045 loquemur,
970 4978 1157 5032 totum
1199 4974 1603 5047 descripserit,
1649 4987 1820 5031 auxe-

199 5053 285 5125 rit,
316 5063 407 5114 aut
439 5062 823 5118 contraxerit.

254 5146 333 5200 66.
347 5147 419 5203 Ut
438 5153 635 5205 autem
649 5154 969 5223 assumptae
985 5149 1261 5223 superius
1283 5151 1683 5222 generationis
1696 5164 1811 5207 me-

195 5230 436 5301 taphora;
449 5236 827 5308 inhaerentes,
846 5239 1385 5310 Martyrologiorum
1417 5237 1816 5310 genealogiam

198 5323 575 5396 pertexamus,
627 5340 698 5382 co
743 5327 1279 5397 consanguinitatis
1319 5328 1506 5399 gradu
1557 5327 1816 5383 Adonem

196 5406 368 5478 tangit
395 5411 693 5485 Rabanus,
720 5427 825 5471 seu
857 5415 1055 5487 potius
1077 5429 1280 5471 eorum
1304 5413 1738 5486 Martyrologia,
1754 5416 1820 5471 ut

193 5496 601 5560 quodammodo
626 5502 888 5573 germani
922 5503 1137 5560 fratres
1163 5501 1277 5560 dici
1302 5502 1547 5574 possint,
1573 5517 1641 5559 ea
1661 5501 1819 5560 vide-

1933 4540 2061 4597 pag.
2087 4530 2208 4597 576,
2246 4527 2342 4582 ubi
2377 4527 2528 4582 hunc
2557 4541 2587 4581 a
2618 4528 2799 4583 variis
2832 4527 2961 4584 aliis
2990 4528 3264 4583 Notkeris
3299 4534 3573 4585 accurate

1933 4613 2258 4683 distinguit.
2295 4614 2660 4671 Castellanus
2700 4616 3043 4686 compendio
3095 4617 3285 4672 omnia
3334 4616 3570 4686 collegit

1932 4702 1989 4757 in
2021 4701 2256 4759 laudata
2287 4703 2502 4774 szepius
2530 4704 2893 4774 praefatione,
2930 4720 2985 4775 p.
3020 4710 3107 4760 25.

2000 4795 2086 4848 68.
2142 4792 2321 4847 Porro
2365 4789 2481 4860 jam
2533 4790 2752 4847 dictum
2805 4792 3043 4847 Notkeri
3095 4791 3566 4864 Martyrologium

1931 4879 2153 4953 primus
2184 4894 2257 4935 ex
2287 4878 2644 4950 Sangallensi
2692 4878 3045 4937 bibliotheca
3096 4882 3271 4952 eruit,
3304 4886 3364 4936 et
3417 4881 3569 4952 typis

1929 4967 2189 5038 vulgavit
2206 4968 2358 5023 inter
2371 4968 2643 5039 antiquas
2667 4967 2953 5025 lectiones
2979 4970 3262 5026 Ilenricus
3287 4968 3566 5025 Canisius.

1932 5054 2078 5113 locis
2111 5055 2404 5126 aliquibus
2434 5056 2721 5128 mutilum,
2759 5061 2819 5113 ut
2855 5072 2885 5113 a
2916 5073 2994 5114 xu
3024 5058 3177 5114 Junii
3210 5058 3279 5114 ad
3314 5070 3427 5128 xxx,
3454 5070 3484 5113 a
3517 5072 3573 5114 χι

1931 5143 2062 5201 Julii
2097 5144 2167 5200 ad
2199 5158 2295 5215 vn,
2330 5160 2359 5201 a
2390 5159 2527 5202 xvm
2559 5147 2807 5216 Augusti
2842 5146 2910 5203 ad
2946 5162 3135 5213 xxvn;
3168 5146 3572 5217 imperfectum

1929 5248 2071 5289 vero
2104 5248 2133 5289 a
2164 5247 2295 5289 xxvr
2326 5233 2599 5291 Octobris
2628 5248 2813 5306 usque
2847 5234 2918 5290 ad
2944 5235 3075 5291 anni
3109 5234 3298 5291 finem.
3327 5236 3387 5291 In
3415 5236 3577 5292 Cani-

1932 5322 2092 5378 siana
2115 5320 2213 5378 illa
2235 5321 2494 5378 editione
2515 5323 2668 5379 hunc
2692 5322 2931 5394 praefert
2956 5320 3224 5378 titulum:
3247 5324 3325 5381 In
3344 5326 3581 5383 nomine

1927 5410 2192 5481 Domini,
2214 5409 2950 5483 incipitMartg/rologium
2966 5424 3083 5482 per
3112 5413 3260 5469 anni
3287 5413 3579 5471 circulum

1927 5498 1996 5559 ις.
2029 5499 2101 5558 Ρ.
2123 5499 2200 5561 Ν.
2225 5498 2499 5570 Notkeri,
2519 5498 2895 5568 cognomento
2914 5498 3188 5572 Balbuli,
3208 5501 3486 5561 maelii
3503 5500 3571 5556 δ’.
