  <div class='ocr_page' id='page_1' title='image "/cluster/home/n/w/nwhite01/storage/ocr_20150623/123/hvd.32044054759857/253.png"; bbox 0 0 3988 6158; ppageno 0'>
   <div class='ocr_carea' id='block_1_1' title="bbox 383 227 487 280">
    <p class='ocr_par' dir='ltr' id='par_1_1' title="bbox 383 227 487 280">
     <span class='ocr_line' id='line_1_1' title="bbox 383 227 487 280; baseline 0 0"><span class='ocrx_word' id='word_1_1' title='bbox 383 227 487 280; x_wconf 73' lang='grc'><strong>495</strong></span> 
     </span>
    </p>
   </div>
   <div class='ocr_carea' id='block_1_2' title="bbox 1341 221 2815 282">
    <p class='ocr_par' dir='ltr' id='par_1_2' title="bbox 1341 221 2815 282">
     <span class='ocr_line' id='line_1_2' title="bbox 1341 221 2815 282; baseline 0.001 -2"><span class='ocrx_word' id='word_1_2' title='bbox 1341 225 1712 281; x_wconf 79' lang='lat' dir='ltr'><strong>USUARDUS</strong></span> <span class='ocrx_word' id='word_1_3' title='bbox 1750 223 2134 280; x_wconf 80' lang='lat' dir='ltr'><strong>MONACHUS</strong></span> <span class='ocrx_word' id='word_1_4' title='bbox 2171 221 2815 282; x_wconf 73' lang='lat' dir='ltr'><strong>SANGERMANENSIS.</strong></span> 
     </span>
    </p>
   </div>
   <div class='ocr_carea' id='block_1_3' title="bbox 3671 237 3776 295">
    <p class='ocr_par' dir='ltr' id='par_1_3' title="bbox 3671 237 3776 295">
     <span class='ocr_line' id='line_1_3' title="bbox 3671 237 3776 295; baseline 0.019 -2"><span class='ocrx_word' id='word_1_5' title='bbox 3671 237 3776 295; x_wconf 64' lang='lat'><strong>‘96</strong></span> 
     </span>
    </p>
   </div>
   <div class='ocr_carea' id='block_1_4' title="bbox 383 345 3772 422">
    <p class='ocr_par' dir='ltr' id='par_1_4' title="bbox 383 345 3772 422">
     <span class='ocr_line' id='line_1_4' title="bbox 383 345 3772 422; baseline 0.002 -16"><span class='ocrx_word' id='word_1_6' title='bbox 383 345 568 406; x_wconf 84' lang='lat' dir='ltr'><strong>Galli.</strong></span> <span class='ocrx_word' id='word_1_7' title='bbox 614 349 730 403; x_wconf 82' lang='lat' dir='ltr'><strong>Non</strong></span> <span class='ocrx_word' id='word_1_8' title='bbox 780 348 955 405; x_wconf 88' lang='lat' dir='ltr'><strong>fuisse</strong></span> <span class='ocrx_word' id='word_1_9' title='bbox 1003 348 1148 404; x_wconf 90' lang='lat' dir='ltr'><strong>adeo</strong></span> <span class='ocrx_word' id='word_1_10' title='bbox 1197 353 1496 420; x_wconf 89' lang='lat' dir='ltr'><strong>receptum</strong></span> <span class='ocrx_word' id='word_1_11' title='bbox 1543 349 1670 420; x_wconf 89' lang='lat' dir='ltr'><strong>ejus</strong></span> <span class='ocrx_word' id='word_1_12' title='bbox 1733 353 2018 419; x_wconf 89' lang='lat' dir='ltr'><strong>tempore,</strong></span> <span class='ocrx_word' id='word_1_13' title='bbox 2051 348 2106 408; x_wconf 85' lang='lat' dir='ltr'><strong>A</strong></span> <span class='ocrx_word' id='word_1_14' title='bbox 2137 351 2376 405; x_wconf 89' lang='lat' dir='ltr'><strong>sanctus</strong></span> <span class='ocrx_word' id='word_1_15' title='bbox 2395 347 2495 408; x_wconf 92' lang='lat' dir='ltr'><strong>ille</strong></span> <span class='ocrx_word' id='word_1_16' title='bbox 2513 347 2857 406; x_wconf 79' lang='lat' dir='ltr'><strong>Viennensis</strong></span> <span class='ocrx_word' id='word_1_17' title='bbox 2877 349 3294 422; x_wconf 88' lang='lat' dir='ltr'><strong>episcopus,ad</strong></span> <span class='ocrx_word' id='word_1_18' title='bbox 3313 353 3772 414; x_wconf 88' lang='lat' dir='ltr'><strong>concinnandum</strong></span> 
     </span>
    </p>
   </div>
   <div class='ocr_carea' id='block_1_5' title="bbox 381 435 2020 508">
    <p class='ocr_par' dir='ltr' id='par_1_5' title="bbox 381 435 2020 508">
     <span class='ocr_line' id='line_1_5' title="bbox 381 435 2020 508; baseline 0 -16"><span class='ocrx_word' id='word_1_19' title='bbox 381 452 591 493; x_wconf 91' lang='lat' dir='ltr'><strong>annum</strong></span> <span class='ocrx_word' id='word_1_20' title='bbox 624 435 1103 493; x_wconf 90' lang='lat' dir='ltr'><strong>Ecclesiasticum</strong></span> <span class='ocrx_word' id='word_1_21' title='bbox 1138 451 1167 492; x_wconf 89' lang='lat' dir='ltr'><strong>a</strong></span> <span class='ocrx_word' id='word_1_22' title='bbox 1201 437 1517 494; x_wconf 86' lang='lat' dir='ltr'><strong>Nativitate</strong></span> <span class='ocrx_word' id='word_1_23' title='bbox 1549 437 1790 508; x_wconf 90' lang='lat' dir='ltr'><strong>Domini,</strong></span> <span class='ocrx_word' id='word_1_24' title='bbox 1817 441 1916 493; x_wconf 93' lang='lat' dir='ltr'><strong>aut</strong></span> <span class='ocrx_word' id='word_1_25' title='bbox 1947 437 2020 493; x_wconf 89' lang='lat' dir='ltr'><strong>ab</strong></span> 
     </span>
    </p>
   </div>
   <div class='ocr_carea' id='block_1_6' title="bbox 381 524 2018 596">
    <p class='ocr_par' dir='ltr' id='par_1_6' title="bbox 381 524 2018 596">
     <span class='ocr_line' id='line_1_6' title="bbox 381 524 2018 596; baseline 0.001 -16"><span class='ocrx_word' id='word_1_26' title='bbox 381 526 508 595; x_wconf 90' lang='lat' dir='ltr'><strong>ejus</strong></span> <span class='ocrx_word' id='word_1_27' title='bbox 533 524 732 594; x_wconf 82' lang='lat' dir='ltr'><strong>vigilia</strong></span> <span class='ocrx_word' id='word_1_28' title='bbox 757 524 1103 596; x_wconf 91' lang='lat' dir='ltr'><strong>incipere,ct</strong></span> <span class='ocrx_word' id='word_1_29' title='bbox 1121 525 1225 580; x_wconf 92' lang='lat' dir='ltr'><strong>hoc</strong></span> <span class='ocrx_word' id='word_1_30' title='bbox 1243 525 1533 580; x_wconf 82' lang='lat' dir='ltr'><strong>etRabani</strong></span> <span class='ocrx_word' id='word_1_31' title='bbox 1549 525 2018 596; x_wconf 78' lang='lat' dir='ltr'><strong>Martyrologium</strong></span> 
     </span>
    </p>
   </div>
   <div class='ocr_carea' id='block_1_7' title="bbox 381 613 2014 686">
    <p class='ocr_par' dir='ltr' id='par_1_7' title="bbox 381 613 2014 686">
     <span class='ocr_line' id='line_1_7' title="bbox 381 613 2014 686; baseline 0.001 -18"><span class='ocrx_word' id='word_1_32' title='bbox 381 615 791 686; x_wconf 90' lang='lat' dir='ltr'><strong>probant,cum</strong></span> <span class='ocrx_word' id='word_1_33' title='bbox 817 614 1031 669; x_wconf 90' lang='lat' dir='ltr'><strong>amboa</strong></span> <span class='ocrx_word' id='word_1_34' title='bbox 1057 613 2014 670; x_wconf 80' lang='lat' dir='ltr'><strong>KalendisJanuariiexordiantur.</strong></span> 
     </span>
    </p>
   </div>
   <div class='ocr_carea' id='block_1_8' title="bbox 382 700 2018 772">
    <p class='ocr_par' dir='ltr' id='par_1_8' title="bbox 382 700 2018 772">
     <span class='ocr_line' id='line_1_8' title="bbox 382 700 2018 772; baseline 0.002 -18"><span class='ocrx_word' id='word_1_35' title='bbox 382 700 534 756; x_wconf 86' lang='lat' dir='ltr'><strong>Nihil</strong></span> <span class='ocrx_word' id='word_1_36' title='bbox 567 700 926 756; x_wconf 86' lang='lat' dir='ltr'><strong>Florentinio</strong></span> <span class='ocrx_word' id='word_1_37' title='bbox 959 701 1015 757; x_wconf 92' lang='lat' dir='ltr'><strong>iu</strong></span> <span class='ocrx_word' id='word_1_38' title='bbox 1049 701 1446 757; x_wconf 89' lang='lat' dir='ltr'><strong>notationibus</strong></span> <span class='ocrx_word' id='word_1_39' title='bbox 1475 701 1545 756; x_wconf 91' lang='lat' dir='ltr'><strong>ad</strong></span> <span class='ocrx_word' id='word_1_40' title='bbox 1577 701 2018 772; x_wconf 86' lang='lat' dir='ltr'><strong>Hieronymiana</strong></span> 
     </span>
    </p>
   </div>
   <div class='ocr_carea' id='block_1_9' title="bbox 384 787 2016 860">
    <p class='ocr_par' dir='ltr' id='par_1_9' title="bbox 384 787 2016 860">
     <span class='ocr_line' id='line_1_9' title="bbox 384 787 2016 860; baseline 0.002 -18"><span class='ocrx_word' id='word_1_41' title='bbox 384 787 745 860; x_wconf 82' lang='lat' dir='ltr'><strong>familiarius,</strong></span> <span class='ocrx_word' id='word_1_42' title='bbox 793 804 961 860; x_wconf 88' lang='lat' dir='ltr'><strong>quam</strong></span> <span class='ocrx_word' id='word_1_43' title='bbox 1003 790 1316 845; x_wconf 86' lang='lat' dir='ltr'><strong>Notkerum</strong></span> <span class='ocrx_word' id='word_1_44' title='bbox 1350 789 1666 845; x_wconf 82' lang='lat' dir='ltr'><strong>identidem</strong></span> <span class='ocrx_word' id='word_1_45' title='bbox 1701 787 2016 860; x_wconf 91' lang='lat' dir='ltr'><strong>appellare,</strong></span> 
     </span>
    </p>
   </div>
   <div class='ocr_carea' id='block_1_10' title="bbox 385 876 2019 948">
    <p class='ocr_par' dir='ltr' id='par_1_10' title="bbox 385 876 2019 948">
     <span class='ocr_line' id='line_1_10' title="bbox 385 876 2019 948; baseline 0.001 -17"><span class='ocrx_word' id='word_1_46' title='bbox 385 890 496 932; x_wconf 91' lang='lat' dir='ltr'><strong>non</strong></span> <span class='ocrx_word' id='word_1_47' title='bbox 529 877 797 933; x_wconf 90' lang='lat' dir='ltr'><strong>consulto</strong></span> <span class='ocrx_word' id='word_1_48' title='bbox 823 879 1002 948; x_wconf 90' lang='lat' dir='ltr'><strong>fonte,</strong></span> <span class='ocrx_word' id='word_1_49' title='bbox 1031 877 1180 933; x_wconf 90' lang='lat' dir='ltr'><strong>unde</strong></span> <span class='ocrx_word' id='word_1_50' title='bbox 1213 879 1338 948; x_wconf 91' lang='lat' dir='ltr'><strong>ipse</strong></span> <span class='ocrx_word' id='word_1_51' title='bbox 1361 893 1462 933; x_wconf 88' lang='lat' dir='ltr'><strong>sua</strong></span> <span class='ocrx_word' id='word_1_52' title='bbox 1497 877 1686 933; x_wconf 90' lang='lat' dir='ltr'><strong>omnia</strong></span> <span class='ocrx_word' id='word_1_53' title='bbox 1727 876 2019 933; x_wconf 90' lang='lat' dir='ltr'><strong>clarisime</strong></span> 
     </span>
    </p>
   </div>
   <div class='ocr_carea' id='block_1_11' title="bbox 383 965 2015 1036">
    <p class='ocr_par' dir='ltr' id='par_1_11' title="bbox 383 965 2015 1036">
     <span class='ocr_line' id='line_1_11' title="bbox 383 965 2015 1036; baseline 0 -16"><span class='ocrx_word' id='word_1_54' title='bbox 383 965 692 1036; x_wconf 77' lang='lat' dir='ltr'><strong>derivavit,</strong></span> <span class='ocrx_word' id='word_1_55' title='bbox 721 966 872 1036; x_wconf 92' lang='lat' dir='ltr'><strong>quod</strong></span> <span class='ocrx_word' id='word_1_56' title='bbox 906 967 1050 1023; x_wconf 89' lang='lat' dir='ltr'><strong>satis</strong></span> <span class='ocrx_word' id='word_1_57' title='bbox 1079 982 1214 1022; x_wconf 92' lang='lat' dir='ltr'><strong>sero</strong></span> <span class='ocrx_word' id='word_1_58' title='bbox 1246 965 1730 1022; x_wconf 80' lang='lat' dir='ltr'><strong>animadvertisse</strong></span> <span class='ocrx_word' id='word_1_59' title='bbox 1761 965 2015 1036; x_wconf 90' lang='lat' dir='ltr'><strong>videtur,</strong></span> 
     </span>
    </p>
   </div>
   <div class='ocr_carea' id='block_1_12' title="bbox 383 1051 2020 1126">
    <p class='ocr_par' dir='ltr' id='par_1_12' title="bbox 383 1051 2020 1126">
     <span class='ocr_line' id='line_1_12' title="bbox 383 1051 2020 1126; baseline 0.002 -19"><span class='ocrx_word' id='word_1_60' title='bbox 383 1051 518 1110; x_wconf 91' lang='lat' dir='ltr'><strong>dum</strong></span> <span class='ocrx_word' id='word_1_61' title='bbox 554 1068 756 1124; x_wconf 90' lang='lat' dir='ltr'><strong>nempe</strong></span> <span class='ocrx_word' id='word_1_62' title='bbox 789 1069 859 1110; x_wconf 85' lang='lat' dir='ltr'><strong>xv</strong></span> <span class='ocrx_word' id='word_1_63' title='bbox 891 1054 1166 1110; x_wconf 83' lang='lat' dir='ltr'><strong>Octobris</strong></span> <span class='ocrx_word' id='word_1_64' title='bbox 1196 1069 1324 1126; x_wconf 94' lang='lat' dir='ltr'><strong>pag.</strong></span> <span class='ocrx_word' id='word_1_65' title='bbox 1359 1059 1466 1110; x_wconf 71' lang='lat'><strong>920</strong></span> <span class='ocrx_word' id='word_1_66' title='bbox 1514 1054 1748 1110; x_wconf 88' lang='lat' dir='ltr'><strong>tandem</strong></span> <span class='ocrx_word' id='word_1_67' title='bbox 1802 1055 2020 1110; x_wconf 82' lang='lat' dir='ltr'><strong>fatetur</strong></span> 
     </span>
    </p>
   </div>
   <div class='ocr_carea' id='block_1_13' title="bbox 380 1142 1730 1214">
    <p class='ocr_par' dir='ltr' id='par_1_13' title="bbox 380 1142 1730 1214">
     <span class='ocr_line' id='line_1_13' title="bbox 380 1142 1730 1214; baseline -0.002 -15"><span class='ocrx_word' id='word_1_68' title='bbox 380 1142 728 1208; x_wconf 58' lang='lat' dir='ltr'><strong>Naturam,</strong></span> <span class='ocrx_word' id='word_1_69' title='bbox 752 1143 1089 1214; x_wconf 65' lang='lat' dir='ltr'><strong>plu/rimam</strong></span> <span class='ocrx_word' id='word_1_70' title='bbox 1117 1156 1194 1198; x_wconf 76' lang='lat' dir='ltr'><strong>ea:</strong></span> <span class='ocrx_word' id='word_1_71' title='bbox 1219 1143 1420 1199; x_wconf 78' lang='lat' dir='ltr'><strong>Adone</strong></span> <span class='ocrx_word' id='word_1_72' title='bbox 1447 1143 1730 1214; x_wconf 76' lang='lat' dir='ltr'><strong>accipere.</strong></span> 
     </span>
    </p>
   </div>
   <div class='ocr_carea' id='block_1_14' title="bbox 452 1230 2019 1302">
    <p class='ocr_par' dir='ltr' id='par_1_14' title="bbox 452 1230 2019 1302">
     <span class='ocr_line' id='line_1_14' title="bbox 452 1230 2019 1302; baseline 0 -16"><span class='ocrx_word' id='word_1_73' title='bbox 452 1235 538 1286; x_wconf 87' lang='lat'><strong>69.</strong></span> <span class='ocrx_word' id='word_1_74' title='bbox 567 1231 674 1286; x_wconf 87' lang='lat' dir='ltr'><strong>Sed</strong></span> <span class='ocrx_word' id='word_1_75' title='bbox 699 1232 770 1287; x_wconf 91' lang='lat' dir='ltr'><strong>de</strong></span> <span class='ocrx_word' id='word_1_76' title='bbox 785 1231 875 1286; x_wconf 86' lang='lat' dir='ltr'><strong>his</strong></span> <span class='ocrx_word' id='word_1_77' title='bbox 890 1231 1376 1288; x_wconf 89' lang='lat' dir='ltr'><strong>Observationum</strong></span> <span class='ocrx_word' id='word_1_78' title='bbox 1399 1235 1734 1287; x_wconf 89' lang='lat' dir='ltr'><strong>nostrarum</strong></span> <span class='ocrx_word' id='word_1_79' title='bbox 1751 1230 2019 1302; x_wconf 87' lang='lat' dir='ltr'><strong>pluribus</strong></span> 
     </span>
    </p>
   </div>
   <div class='ocr_carea' id='block_1_15' title="bbox 383 1317 2018 1376">
    <p class='ocr_par' dir='ltr' id='par_1_15' title="bbox 383 1317 2018 1376">
     <span class='ocr_line' id='line_1_15' title="bbox 383 1317 2018 1376; baseline 0.002 -6"><span class='ocrx_word' id='word_1_80' title='bbox 383 1317 525 1374; x_wconf 91' lang='lat' dir='ltr'><strong>locis</strong></span> <span class='ocrx_word' id='word_1_81' title='bbox 557 1318 734 1375; x_wconf 90' lang='lat' dir='ltr'><strong>locuti</strong></span> <span class='ocrx_word' id='word_1_82' title='bbox 770 1335 992 1376; x_wconf 92' lang='lat' dir='ltr'><strong>sumus.</strong></span> <span class='ocrx_word' id='word_1_83' title='bbox 1029 1321 1315 1376; x_wconf 68' lang='lat' dir='ltr'><strong>Caeterum</strong></span> <span class='ocrx_word' id='word_1_84' title='bbox 1350 1335 1421 1374; x_wconf 90' lang='lat' dir='ltr'><strong>ex</strong></span> <span class='ocrx_word' id='word_1_85' title='bbox 1454 1319 1628 1376; x_wconf 91' lang='lat' dir='ltr'><strong>dictis</strong></span> <span class='ocrx_word' id='word_1_86' title='bbox 1653 1319 2018 1375; x_wconf 88' lang='lat' dir='ltr'><strong>manifestum</strong></span> 
     </span>
    </p>
   </div>
   <div class='ocr_carea' id='block_1_16' title="bbox 381 1406 2021 1478">
    <p class='ocr_par' dir='ltr' id='par_1_16' title="bbox 381 1406 2021 1478">
     <span class='ocr_line' id='line_1_16' title="bbox 381 1406 2021 1478; baseline 0 -16"><span class='ocrx_word' id='word_1_87' title='bbox 381 1412 656 1478; x_wconf 88' lang='lat' dir='ltr'><strong>estquam</strong></span> <span class='ocrx_word' id='word_1_88' title='bbox 683 1414 848 1464; x_wconf 89' lang='lat' dir='ltr'><strong>arcto</strong></span> <span class='ocrx_word' id='word_1_89' title='bbox 872 1408 1398 1477; x_wconf 85' lang='lat' dir='ltr'><strong>consanguinitatis</strong></span> <span class='ocrx_word' id='word_1_90' title='bbox 1423 1406 1886 1478; x_wconf 70' lang='lat' dir='ltr'><strong>martyrologicaa</strong></span> <span class='ocrx_word' id='word_1_91' title='bbox 1899 1407 2021 1463; x_wconf 92' lang='lat' dir='ltr'><strong>vin-</strong></span> 
     </span>
    </p>
   </div>
   <div class='ocr_carea' id='block_1_17' title="bbox 378 1495 2015 1566">
    <p class='ocr_par' dir='ltr' id='par_1_17' title="bbox 378 1495 2015 1566">
     <span class='ocr_line' id='line_1_17' title="bbox 378 1495 2015 1566; baseline 0.001 -16"><span class='ocrx_word' id='word_1_92' title='bbox 378 1495 512 1551; x_wconf 92' lang='lat' dir='ltr'><strong>culo</strong></span> <span class='ocrx_word' id='word_1_93' title='bbox 527 1497 960 1552; x_wconf 81' lang='lat' dir='ltr'><strong>Notkeruscum</strong></span> <span class='ocrx_word' id='word_1_94' title='bbox 983 1497 1220 1551; x_wconf 82' lang='lat' dir='ltr'><strong>Rabano</strong></span> <span class='ocrx_word' id='word_1_95' title='bbox 1241 1500 1297 1550; x_wconf 92' lang='lat' dir='ltr'><strong>et</strong></span> <span class='ocrx_word' id='word_1_96' title='bbox 1327 1495 1522 1551; x_wconf 85' lang='lat' dir='ltr'><strong>Adone</strong></span> <span class='ocrx_word' id='word_1_97' title='bbox 1543 1496 1898 1566; x_wconf 89' lang='lat' dir='ltr'><strong>cunjunctus</strong></span> <span class='ocrx_word' id='word_1_98' title='bbox 1921 1495 2015 1552; x_wconf 90' lang='lat' dir='ltr'><strong>sit.</strong></span> 
     </span>
    </p>
   </div>
   <div class='ocr_carea' id='block_1_18' title="bbox 381 1583 2018 1654">
    <p class='ocr_par' dir='ltr' id='par_1_18' title="bbox 381 1583 2018 1654">
     <span class='ocr_line' id='line_1_18' title="bbox 381 1583 2018 1654; baseline 0 -16"><span class='ocrx_word' id='word_1_99' title='bbox 381 1585 569 1654; x_wconf 84' lang='lat' dir='ltr'><strong>Atque</strong></span> <span class='ocrx_word' id='word_1_100' title='bbox 592 1585 714 1640; x_wconf 78' lang='lat' dir='ltr'><strong>haec</strong></span> <span class='ocrx_word' id='word_1_101' title='bbox 737 1584 968 1654; x_wconf 88' lang='lat' dir='ltr'><strong>quidem</strong></span> <span class='ocrx_word' id='word_1_102' title='bbox 984 1584 1266 1640; x_wconf 85' lang='lat' dir='ltr'><strong>hactenus</strong></span> <span class='ocrx_word' id='word_1_103' title='bbox 1288 1584 1358 1639; x_wconf 92' lang='lat' dir='ltr'><strong>de</strong></span> <span class='ocrx_word' id='word_1_104' title='bbox 1376 1583 1802 1654; x_wconf 89' lang='lat' dir='ltr'><strong>martyrologis,</strong></span> <span class='ocrx_word' id='word_1_105' title='bbox 1821 1598 1948 1653; x_wconf 70' lang='lat' dir='ltr'><strong>quae</strong></span> <span class='ocrx_word' id='word_1_106' title='bbox 1963 1583 2018 1638; x_wconf 91' lang='lat' dir='ltr'><strong>in</strong></span> 
     </span>
    </p>
   </div>
   <div class='ocr_carea' id='block_1_19' title="bbox 379 1668 2096 1748">
    <p class='ocr_par' dir='ltr' id='par_1_19' title="bbox 379 1668 2096 1748">
     <span class='ocr_line' id='line_1_19' title="bbox 379 1668 2096 1748; baseline 0.001 -24"><span class='ocrx_word' id='word_1_107' title='bbox 379 1668 530 1728; x_wconf 89' lang='lat' dir='ltr'><strong>linea</strong></span> <span class='ocrx_word' id='word_1_108' title='bbox 563 1672 787 1728; x_wconf 89' lang='lat' dir='ltr'><strong>directa</strong></span> <span class='ocrx_word' id='word_1_109' title='bbox 810 1671 900 1727; x_wconf 89' lang='lat' dir='ltr'><strong>vel</strong></span> <span class='ocrx_word' id='word_1_110' title='bbox 925 1672 1256 1728; x_wconf 88' lang='lat' dir='ltr'><strong>immediata</strong></span> <span class='ocrx_word' id='word_1_111' title='bbox 1281 1671 1544 1728; x_wconf 86' lang='lat' dir='ltr'><strong>Usuardo</strong></span> <span class='ocrx_word' id='word_1_112' title='bbox 1559 1671 1676 1741; x_wconf 90' lang='lat' dir='ltr'><strong>jam</strong></span> <span class='ocrx_word' id='word_1_113' title='bbox 1709 1671 2016 1744; x_wconf 86' lang='lat' dir='ltr'><strong>propinqui</strong></span> <span class='ocrx_word' id='word_1_114' title='bbox 2045 1690 2096 1748; x_wconf 80' lang='grc' dir='ltr'><strong>Β</strong></span> 
     </span>
    </p>
   </div>
   <div class='ocr_carea' id='block_1_20' title="bbox 380 1759 2018 1830">
    <p class='ocr_par' dir='ltr' id='par_1_20' title="bbox 380 1759 2018 1830">
     <span class='ocr_line' id='line_1_20' title="bbox 380 1759 2018 1830; baseline 0 -16"><span class='ocrx_word' id='word_1_115' title='bbox 380 1774 491 1815; x_wconf 92' lang='lat' dir='ltr'><strong>non</strong></span> <span class='ocrx_word' id='word_1_116' title='bbox 527 1765 684 1830; x_wconf 91' lang='lat' dir='ltr'><strong>sunt,</strong></span> <span class='ocrx_word' id='word_1_117' title='bbox 713 1774 1042 1830; x_wconf 89' lang='lat' dir='ltr'><strong>quanquam</strong></span> <span class='ocrx_word' id='word_1_118' title='bbox 1063 1764 1122 1814; x_wconf 90' lang='lat' dir='ltr'><strong>et</strong></span> <span class='ocrx_word' id='word_1_119' title='bbox 1156 1759 1278 1830; x_wconf 91' lang='lat' dir='ltr'><strong>ipse</strong></span> <span class='ocrx_word' id='word_1_120' title='bbox 1303 1773 1712 1830; x_wconf 89' lang='lat' dir='ltr'><strong>nonnunquam</strong></span> <span class='ocrx_word' id='word_1_121' title='bbox 1745 1759 2018 1830; x_wconf 85' lang='lat' dir='ltr'><strong>Hierony-</strong></span> 
     </span>
    </p>
   </div>
   <div class='ocr_carea' id='block_1_21' title="bbox 379 1845 2015 1917">
    <p class='ocr_par' dir='ltr' id='par_1_21' title="bbox 379 1845 2015 1917">
     <span class='ocr_line' id='line_1_21' title="bbox 379 1845 2015 1917; baseline 0.001 -15"><span class='ocrx_word' id='word_1_122' title='bbox 379 1847 563 1903; x_wconf 90' lang='lat' dir='ltr'><strong>miana</strong></span> <span class='ocrx_word' id='word_1_123' title='bbox 597 1851 654 1904; x_wconf 85' lang='lat' dir='ltr'><strong>ct</strong></span> <span class='ocrx_word' id='word_1_124' title='bbox 700 1848 910 1904; x_wconf 90' lang='lat' dir='ltr'><strong>Bedam</strong></span> <span class='ocrx_word' id='word_1_125' title='bbox 961 1863 990 1902; x_wconf 91' lang='lat' dir='ltr'><strong>a</strong></span> <span class='ocrx_word' id='word_1_126' title='bbox 1043 1847 1210 1902; x_wconf 85' lang='lat' dir='ltr'><strong>Flore</strong></span> <span class='ocrx_word' id='word_1_127' title='bbox 1261 1845 1593 1917; x_wconf 90' lang='lat' dir='ltr'><strong>suppletum</strong></span> <span class='ocrx_word' id='word_1_128' title='bbox 1645 1847 2015 1903; x_wconf 88' lang='lat' dir='ltr'><strong>consuluisse</strong></span> 
     </span>
    </p>
   </div>
   <div class='ocr_carea' id='block_1_22' title="bbox 381 1934 2010 2006">
    <p class='ocr_par' dir='ltr' id='par_1_22' title="bbox 381 1934 2010 2006">
     <span class='ocr_line' id='line_1_22' title="bbox 381 1934 2010 2006; baseline 0.001 -16"><span class='ocrx_word' id='word_1_129' title='bbox 381 1934 876 2006; x_wconf 89' lang='lat' dir='ltr'><strong>deprehendatur.</strong></span> <span class='ocrx_word' id='word_1_130' title='bbox 912 1937 1074 1992; x_wconf 88' lang='lat' dir='ltr'><strong>Nunc</strong></span> <span class='ocrx_word' id='word_1_131' title='bbox 1105 1935 1174 1990; x_wconf 89' lang='lat' dir='ltr'><strong>ad</strong></span> <span class='ocrx_word' id='word_1_132' title='bbox 1209 1935 1564 2006; x_wconf 60' lang='lat' dir='ltr'><strong>pracipuum</strong></span> <span class='ocrx_word' id='word_1_133' title='bbox 1594 1935 1720 2004; x_wconf 86' lang='lat' dir='ltr'><strong>ejus</strong></span> <span class='ocrx_word' id='word_1_134' title='bbox 1762 1935 2010 2006; x_wconf 67' lang='lat' dir='ltr'><strong>familiae,</strong></span> 
     </span>
    </p>
   </div>
   <div class='ocr_carea' id='block_1_23' title="bbox 376 2022 2014 2094">
    <p class='ocr_par' dir='ltr' id='par_1_23' title="bbox 376 2022 2014 2094">
     <span class='ocr_line' id='line_1_23' title="bbox 376 2022 2014 2094; baseline 0.001 -16"><span class='ocrx_word' id='word_1_135' title='bbox 376 2036 478 2079; x_wconf 92' lang='lat' dir='ltr'><strong>seu</strong></span> <span class='ocrx_word' id='word_1_136' title='bbox 490 2025 886 2094; x_wconf 72' lang='lat' dir='ltr'><strong>geneologicae</strong></span> <span class='ocrx_word' id='word_1_137' title='bbox 901 2025 1128 2080; x_wconf 86' lang='lat' dir='ltr'><strong>arboris</strong></span> <span class='ocrx_word' id='word_1_138' title='bbox 1139 2023 1398 2094; x_wconf 90' lang='lat' dir='ltr'><strong>stipitem</strong></span> <span class='ocrx_word' id='word_1_139' title='bbox 1415 2023 1838 2079; x_wconf 89' lang='lat' dir='ltr'><strong>descendimus.</strong></span> <span class='ocrx_word' id='word_1_140' title='bbox 1851 2022 2014 2079; x_wconf 90' lang='lat' dir='ltr'><strong>Illum</strong></span> 
     </span>
    </p>
   </div>
   <div class='ocr_carea' id='block_1_24' title="bbox 378 2111 2014 2182">
    <p class='ocr_par' dir='ltr' id='par_1_24' title="bbox 378 2111 2014 2182">
     <span class='ocr_line' id='line_1_24' title="bbox 378 2111 2014 2182; baseline 0.001 -17"><span class='ocrx_word' id='word_1_141' title='bbox 378 2125 516 2167; x_wconf 89' lang='lat' dir='ltr'><strong>vero</strong></span> <span class='ocrx_word' id='word_1_142' title='bbox 547 2113 864 2169; x_wconf 88' lang='lat' dir='ltr'><strong>statuimus</strong></span> <span class='ocrx_word' id='word_1_143' title='bbox 897 2113 1213 2168; x_wconf 82' lang='lat' dir='ltr'><strong>Romanum</strong></span> <span class='ocrx_word' id='word_1_144' title='bbox 1239 2111 1383 2168; x_wconf 91' lang='lat' dir='ltr'><strong>illud</strong></span> <span class='ocrx_word' id='word_1_145' title='bbox 1410 2115 1600 2180; x_wconf 89' lang='lat' dir='ltr'><strong>vetus,</strong></span> <span class='ocrx_word' id='word_1_146' title='bbox 1630 2127 1659 2167; x_wconf 87' lang='lat' dir='ltr'><strong>a</strong></span> <span class='ocrx_word' id='word_1_147' title='bbox 1684 2112 2014 2182; x_wconf 84' lang='lat' dir='ltr'><strong>Rosweydo</strong></span> 
     </span>
    </p>
   </div>
   <div class='ocr_carea' id='block_1_25' title="bbox 378 2200 2009 2272">
    <p class='ocr_par' dir='ltr' id='par_1_25' title="bbox 378 2200 2009 2272">
     <span class='ocr_line' id='line_1_25' title="bbox 378 2200 2009 2272; baseline -0.001 -16"><span class='ocrx_word' id='word_1_148' title='bbox 378 2201 818 2272; x_wconf 81' lang='lat' dir='ltr'><strong>nostro&#39;pridem</strong></span> <span class='ocrx_word' id='word_1_149' title='bbox 836 2201 995 2256; x_wconf 90' lang='lat' dir='ltr'><strong>editu</strong></span> <span class='ocrx_word' id='word_1_150' title='bbox 1008 2201 1160 2270; x_wconf 88' lang='lat' dir='ltr'><strong>m,ab</strong></span> <span class='ocrx_word' id='word_1_151' title='bbox 1177 2200 1374 2255; x_wconf 90' lang='lat' dir='ltr'><strong>Adone</strong></span> <span class='ocrx_word' id='word_1_152' title='bbox 1389 2201 1676 2256; x_wconf 66' lang='lat' dir='ltr'><strong>Ravennae</strong></span> <span class='ocrx_word' id='word_1_153' title='bbox 1691 2206 1927 2271; x_wconf 88' lang='lat' dir='ltr'><strong>repertu</strong></span> <span class='ocrx_word' id='word_1_154' title='bbox 1939 2217 2009 2270; x_wconf 92' lang='lat' dir='ltr'><strong>m,</strong></span> 
     </span>
    </p>
   </div>
   <div class='ocr_carea' id='block_1_26' title="bbox 378 2287 2010 2358">
    <p class='ocr_par' dir='ltr' id='par_1_26' title="bbox 378 2287 2010 2358">
     <span class='ocr_line' id='line_1_26' title="bbox 378 2287 2010 2358; baseline 0 -16"><span class='ocrx_word' id='word_1_155' title='bbox 378 2289 455 2342; x_wconf 89' lang='lat' dir='ltr'><strong>ibi</strong></span> <span class='ocrx_word' id='word_1_156' title='bbox 487 2289 558 2343; x_wconf 91' lang='lat' dir='ltr'><strong>ab</strong></span> <span class='ocrx_word' id='word_1_157' title='bbox 589 2288 716 2358; x_wconf 89' lang='lat' dir='ltr'><strong>ipso</strong></span> <span class='ocrx_word' id='word_1_158' title='bbox 749 2289 1132 2358; x_wconf 90' lang='lat' dir='ltr'><strong>descriptum,</strong></span> <span class='ocrx_word' id='word_1_159' title='bbox 1168 2287 1222 2342; x_wconf 91' lang='lat' dir='ltr'><strong>in</strong></span> <span class='ocrx_word' id='word_1_160' title='bbox 1257 2288 1450 2358; x_wconf 87' lang='lat' dir='ltr'><strong>capite</strong></span> <span class='ocrx_word' id='word_1_161' title='bbox 1482 2287 1879 2358; x_wconf 80' lang='lat' dir='ltr'><strong>Martyrologii</strong></span> <span class='ocrx_word' id='word_1_162' title='bbox 1923 2288 2010 2344; x_wconf 91' lang='lat' dir='ltr'><strong>sui</strong></span> 
     </span>
    </p>
   </div>
   <div class='ocr_carea' id='block_1_27' title="bbox 377 2375 2012 2446">
    <p class='ocr_par' dir='ltr' id='par_1_27' title="bbox 377 2375 2012 2446">
     <span class='ocr_line' id='line_1_27' title="bbox 377 2375 2012 2446; baseline 0.001 -16"><span class='ocrx_word' id='word_1_163' title='bbox 377 2376 652 2446; x_wconf 91' lang='lat' dir='ltr'><strong>positum,</strong></span> <span class='ocrx_word' id='word_1_164' title='bbox 705 2381 762 2430; x_wconf 92' lang='lat' dir='ltr'><strong>et</strong></span> <span class='ocrx_word' id='word_1_165' title='bbox 811 2377 866 2430; x_wconf 91' lang='lat' dir='ltr'><strong>in</strong></span> <span class='ocrx_word' id='word_1_166' title='bbox 918 2375 1072 2432; x_wconf 90' lang='lat' dir='ltr'><strong>istud</strong></span> <span class='ocrx_word' id='word_1_167' title='bbox 1123 2375 1292 2446; x_wconf 86' lang='lat' dir='ltr'><strong>plane</strong></span> <span class='ocrx_word' id='word_1_168' title='bbox 1339 2377 1718 2432; x_wconf 82' lang='lat' dir='ltr'><strong>transfusum.</strong></span> <span class='ocrx_word' id='word_1_169' title='bbox 1769 2378 1850 2431; x_wconf 88' lang='lat' dir='ltr'><strong>Ex</strong></span> <span class='ocrx_word' id='word_1_170' title='bbox 1898 2392 2012 2446; x_wconf 87' lang='lat' dir='ltr'><strong>quo</strong></span> 
     </span>
    </p>
   </div>
   <div class='ocr_carea' id='block_1_28' title="bbox 375 2463 2014 2534">
    <p class='ocr_par' dir='ltr' id='par_1_28' title="bbox 375 2463 2014 2534">
     <span class='ocr_line' id='line_1_28' title="bbox 375 2463 2014 2534; baseline 0.002 -15"><span class='ocrx_word' id='word_1_171' title='bbox 375 2463 576 2520; x_wconf 89' lang='lat' dir='ltr'><strong>videas</strong></span> <span class='ocrx_word' id='word_1_172' title='bbox 607 2465 924 2520; x_wconf 82' lang='lat' dir='ltr'><strong>Romanum</strong></span> <span class='ocrx_word' id='word_1_173' title='bbox 951 2463 1110 2520; x_wconf 89' lang='lat' dir='ltr'><strong>istud</strong></span> <span class='ocrx_word' id='word_1_174' title='bbox 1143 2467 1335 2534; x_wconf 90' lang='lat' dir='ltr'><strong>vetus,</strong></span> <span class='ocrx_word' id='word_1_175' title='bbox 1364 2463 1516 2534; x_wconf 90' lang='lat' dir='ltr'><strong>quod</strong></span> <span class='ocrx_word' id='word_1_176' title='bbox 1551 2479 1656 2520; x_wconf 91' lang='lat' dir='ltr'><strong>nos</strong></span> <span class='ocrx_word' id='word_1_177' title='bbox 1685 2465 2014 2522; x_wconf 75' lang='lat' dir='ltr'><strong>Romanam</strong></span> 
     </span>
    </p>
   </div>
   <div class='ocr_carea' id='block_1_29' title="bbox 367 2552 2011 2626">
    <p class='ocr_par' dir='ltr' id='par_1_29' title="bbox 367 2552 2011 2626">
     <span class='ocr_line' id='line_1_29' title="bbox 367 2552 2011 2626; baseline -0.002 -14"><span class='ocrx_word' id='word_1_178' title='bbox 367 2568 621 2626; x_wconf 63' lang='lat' dir='ltr'><strong>parvum</strong></span> <span class='ocrx_word' id='word_1_179' title='bbox 650 2554 916 2624; x_wconf 90' lang='lat' dir='ltr'><strong>dicimus,</strong></span> <span class='ocrx_word' id='word_1_180' title='bbox 951 2569 1081 2610; x_wconf 92' lang='lat' dir='ltr'><strong>cum</strong></span> <span class='ocrx_word' id='word_1_181' title='bbox 1117 2554 1264 2609; x_wconf 88' lang='lat' dir='ltr'><strong>Beda</strong></span> <span class='ocrx_word' id='word_1_182' title='bbox 1296 2569 1325 2608; x_wconf 90' lang='lat' dir='ltr'><strong>a</strong></span> <span class='ocrx_word' id='word_1_183' title='bbox 1359 2552 1527 2609; x_wconf 89' lang='lat' dir='ltr'><strong>Floro</strong></span> <span class='ocrx_word' id='word_1_184' title='bbox 1567 2559 1759 2624; x_wconf 86' lang='lat' dir='ltr'><strong>aucto,</strong></span> <span class='ocrx_word' id='word_1_185' title='bbox 1797 2553 2011 2609; x_wconf 89' lang='lat' dir='ltr'><strong>Adonis</strong></span> 
     </span>
    </p>
   </div>
   <div class='ocr_carea' id='block_1_30' title="bbox 375 2641 2009 2714">
    <p class='ocr_par' dir='ltr' id='par_1_30' title="bbox 375 2641 2009 2714">
     <span class='ocr_line' id='line_1_30' title="bbox 375 2641 2009 2714; baseline -0.001 -16"><span class='ocrx_word' id='word_1_186' title='bbox 375 2647 598 2714; x_wconf 89' lang='lat' dir='ltr'><strong>patrem</strong></span> <span class='ocrx_word' id='word_1_187' title='bbox 625 2657 792 2714; x_wconf 88' lang='lat' dir='ltr'><strong>posse</strong></span> <span class='ocrx_word' id='word_1_188' title='bbox 816 2642 1158 2714; x_wconf 87' lang='lat' dir='ltr'><strong>nuncupari,</strong></span> <span class='ocrx_word' id='word_1_189' title='bbox 1183 2641 1353 2712; x_wconf 90' lang='lat' dir='ltr'><strong>cujus</strong></span> <span class='ocrx_word' id='word_1_190' title='bbox 1377 2656 1543 2698; x_wconf 90' lang='lat' dir='ltr'><strong>avum</strong></span> <span class='ocrx_word' id='word_1_191' title='bbox 1571 2642 2009 2713; x_wconf 84' lang='lat' dir='ltr'><strong>Hieronymiana</strong></span> 
     </span>
    </p>
   </div>
   <div class='ocr_carea' id='block_1_31' title="bbox 377 2727 2012 2800">
    <p class='ocr_par' dir='ltr' id='par_1_31' title="bbox 377 2727 2012 2800">
     <span class='ocr_line' id='line_1_31' title="bbox 377 2727 2012 2800; baseline 0 -18"><span class='ocrx_word' id='word_1_192' title='bbox 377 2742 488 2785; x_wconf 90' lang='lat' dir='ltr'><strong>non</strong></span> <span class='ocrx_word' id='word_1_193' title='bbox 512 2729 706 2800; x_wconf 91' lang='lat' dir='ltr'><strong>inepte</strong></span> <span class='ocrx_word' id='word_1_194' title='bbox 728 2727 1138 2800; x_wconf 88' lang='lat' dir='ltr'><strong>appellaveris.</strong></span> <span class='ocrx_word' id='word_1_195' title='bbox 1164 2729 1300 2783; x_wconf 85' lang='lat' dir='ltr'><strong>Tum</strong></span> <span class='ocrx_word' id='word_1_196' title='bbox 1325 2741 1484 2798; x_wconf 91' lang='lat' dir='ltr'><strong>vero,</strong></span> <span class='ocrx_word' id='word_1_197' title='bbox 1501 2743 1572 2783; x_wconf 89' lang='lat' dir='ltr'><strong>ex</strong></span> <span class='ocrx_word' id='word_1_198' title='bbox 1597 2727 1792 2783; x_wconf 86' lang='lat' dir='ltr'><strong>Adone</strong></span> <span class='ocrx_word' id='word_1_199' title='bbox 1817 2727 2012 2782; x_wconf 90' lang='lat' dir='ltr'><strong>imme-</strong></span> 
     </span>
    </p>
   </div>
   <div class='ocr_carea' id='block_1_32' title="bbox 370 2815 2012 2896">
    <p class='ocr_par' dir='ltr' id='par_1_32' title="bbox 370 2815 2012 2896">
     <span class='ocr_line' id='line_1_32' title="bbox 370 2815 2012 2896; baseline 0 -25"><span class='ocrx_word' id='word_1_200' title='bbox 370 2815 698 2873; x_wconf 90' lang='lat' dir='ltr'><strong>diatissime</strong></span> <span class='ocrx_word' id='word_1_201' title='bbox 727 2817 1049 2896; x_wconf 89' lang='lat' dir='ltr'><strong>procedere</strong></span> <span class='ocrx_word' id='word_1_202' title='bbox 1080 2816 1408 2873; x_wconf 90' lang='lat' dir='ltr'><strong>Usuardum</strong></span> <span class='ocrx_word' id='word_1_203' title='bbox 1453 2815 1647 2887; x_wconf 90' lang='lat' dir='ltr'><strong>capite</strong></span> <span class='ocrx_word' id='word_1_204' title='bbox 1681 2820 1711 2871; x_wconf 89' lang='lat'>3</span> <span class='ocrx_word' id='word_1_205' title='bbox 1743 2815 2012 2871; x_wconf 91' lang='lat' dir='ltr'><strong>demons-</strong></span> 
     </span>
    </p>
   </div>
   <div class='ocr_carea' id='block_1_33' title="bbox 370 2904 2010 2976">
    <p class='ocr_par' dir='ltr' id='par_1_33' title="bbox 370 2904 2010 2976">
     <span class='ocr_line' id='line_1_33' title="bbox 370 2904 2010 2976; baseline 0 -17"><span class='ocrx_word' id='word_1_206' title='bbox 370 2906 647 2961; x_wconf 89' lang='lat' dir='ltr'><strong>trabitur.</strong></span> <span class='ocrx_word' id='word_1_207' title='bbox 683 2905 784 2962; x_wconf 81' lang='lat' dir='ltr'><strong>Hic</strong></span> <span class='ocrx_word' id='word_1_208' title='bbox 819 2904 1225 2976; x_wconf 67' lang='lat' dir='ltr'><strong>priemittcnda</strong></span> <span class='ocrx_word' id='word_1_209' title='bbox 1257 2908 1351 2960; x_wconf 91' lang='lat' dir='ltr'><strong>est</strong></span> <span class='ocrx_word' id='word_1_210' title='bbox 1392 2904 1588 2974; x_wconf 81' lang='lat' dir='ltr'><strong>gravis</strong></span> <span class='ocrx_word' id='word_1_211' title='bbox 1639 2904 1710 2960; x_wconf 91' lang='lat' dir='ltr'><strong>de</strong></span> <span class='ocrx_word' id='word_1_212' title='bbox 1753 2904 2010 2961; x_wconf 82' lang='lat' dir='ltr'><strong>Romano</strong></span> 
     </span>
    </p>
   </div>
   <div class='ocr_carea' id='block_1_34' title="bbox 2129 435 3772 510">
    <p class='ocr_par' dir='ltr' id='par_1_34' title="bbox 2129 435 3772 510">
     <span class='ocr_line' id='line_1_34' title="bbox 2129 435 3772 510; baseline 0.006 -18"><span class='ocrx_word' id='word_1_213' title='bbox 2129 435 2598 506; x_wconf 72' lang='lat' dir='ltr'><strong>Martyrologium</strong></span> <span class='ocrx_word' id='word_1_214' title='bbox 2612 452 2798 508; x_wconf 90' lang='lat' dir='ltr'><strong>suum,</strong></span> <span class='ocrx_word' id='word_1_215' title='bbox 2827 453 2890 494; x_wconf 91' lang='lat' dir='ltr'><strong>se</strong></span> <span class='ocrx_word' id='word_1_216' title='bbox 2911 439 3172 510; x_wconf 88' lang='lat' dir='ltr'><strong>adjutum</strong></span> <span class='ocrx_word' id='word_1_217' title='bbox 3201 440 3421 498; x_wconf 84' lang='lat' dir='ltr'><strong>fatetur</strong></span> <span class='ocrx_word' id='word_1_218' title='bbox 3446 445 3772 503; x_wconf 89' lang='lat' dir='ltr'><strong>venerabili</strong></span> 
     </span>
    </p>
   </div>
   <div class='ocr_carea' id='block_1_35' title="bbox 2129 525 3777 605">
    <p class='ocr_par' dir='ltr' id='par_1_35' title="bbox 2129 525 3777 605">
     <span class='ocr_line' id='line_1_35' title="bbox 2129 525 3777 605; baseline 0.007 -27"><span class='ocrx_word' id='word_1_219' title='bbox 2129 529 2190 578; x_wconf 86' lang='lat' dir='ltr'><strong>et</strong></span> <span class='ocrx_word' id='word_1_220' title='bbox 2221 525 2569 596; x_wconf 88' lang='lat' dir='ltr'><strong>perantiquo</strong></span> <span class='ocrx_word' id='word_1_221' title='bbox 2601 526 3030 598; x_wconf 79' lang='lat' dir='ltr'><strong>Martyrologio,</strong></span> <span class='ocrx_word' id='word_1_222' title='bbox 3063 528 3136 584; x_wconf 89' lang='lat' dir='ltr'><strong>ab</strong></span> <span class='ocrx_word' id='word_1_223' title='bbox 3177 529 3322 585; x_wconf 88' lang='lat' dir='ltr'><strong>urbe</strong></span> <span class='ocrx_word' id='word_1_224' title='bbox 3370 530 3551 588; x_wconf 80' lang='lat' dir='ltr'><strong>Roma</strong></span> <span class='ocrx_word' id='word_1_225' title='bbox 3607 535 3777 605; x_wconf 80' lang='lat' dir='ltr'><strong>Aqui-</strong></span> 
     </span>
    </p>
   </div>
   <div class='ocr_carea' id='block_1_36' title="bbox 2131 609 3774 687">
    <p class='ocr_par' dir='ltr' id='par_1_36' title="bbox 2131 609 3774 687">
     <span class='ocr_line' id='line_1_36' title="bbox 2131 609 3774 687; baseline 0.008 -22"><span class='ocrx_word' id='word_1_226' title='bbox 2131 609 2321 681; x_wconf 92' lang='lat' dir='ltr'><strong>leiam,</strong></span> <span class='ocrx_word' id='word_1_227' title='bbox 2358 613 2586 670; x_wconf 90' lang='lat' dir='ltr'><strong>cuidam</strong></span> <span class='ocrx_word' id='word_1_228' title='bbox 2617 619 2822 670; x_wconf 87' lang='lat' dir='ltr'><strong>sancto</strong></span> <span class='ocrx_word' id='word_1_229' title='bbox 2851 615 3126 686; x_wconf 89' lang='lat' dir='ltr'><strong>episcopo</strong></span> <span class='ocrx_word' id='word_1_230' title='bbox 3158 631 3188 672; x_wconf 88' lang='lat' dir='ltr'><strong>a</strong></span> <span class='ocrx_word' id='word_1_231' title='bbox 3217 617 3493 687; x_wconf 84' lang='lat' dir='ltr'><strong>pontifice</strong></span> <span class='ocrx_word' id='word_1_232' title='bbox 3517 619 3774 677; x_wconf 84' lang='lat' dir='ltr'><strong>Romano</strong></span> 
     </span>
    </p>
   </div>
   <div class='ocr_carea' id='block_1_37' title="bbox 2131 699 3777 778">
    <p class='ocr_par' dir='ltr' id='par_1_37' title="bbox 2131 699 3777 778">
     <span class='ocr_line' id='line_1_37' title="bbox 2131 699 3777 778; baseline 0.007 -24"><span class='ocrx_word' id='word_1_233' title='bbox 2131 699 2359 756; x_wconf 88' lang='lat' dir='ltr'><strong>directo</strong></span> <span class='ocrx_word' id='word_1_234' title='bbox 2376 717 2389 766; x_wconf 93' lang='lat'>;</span> <span class='ocrx_word' id='word_1_235' title='bbox 2406 719 2434 752; x_wconf 77' lang='grc' dir='ltr'><strong>ιο</strong></span> <span class='ocrx_word' id='word_1_236' title='bbox 2452 701 2584 757; x_wconf 90' lang='lat' dir='ltr'><strong>hinc</strong></span> <span class='ocrx_word' id='word_1_237' title='bbox 2608 701 2760 758; x_wconf 90' lang='lat' dir='ltr'><strong>idem</strong></span> <span class='ocrx_word' id='word_1_238' title='bbox 2784 703 3294 760; x_wconf 89' lang='lat' dir='ltr'><strong>Eminentissimus</strong></span> <span class='ocrx_word' id='word_1_239' title='bbox 3317 705 3503 763; x_wconf 90' lang='lat' dir='ltr'><strong>citato</strong></span> <span class='ocrx_word' id='word_1_240' title='bbox 3527 708 3724 778; x_wconf 87' lang='lat' dir='ltr'><strong>capite</strong></span> <span class='ocrx_word' id='word_1_241' title='bbox 3745 715 3777 766; x_wconf 89' lang='lat'>8</span> 
     </span>
    </p>
   </div>
   <div class='ocr_carea' id='block_1_38' title="bbox 2131 785 3775 866">
    <p class='ocr_par' dir='ltr' id='par_1_38' title="bbox 2131 785 3775 866">
     <span class='ocr_line' id='line_1_38' title="bbox 2131 785 3775 866; baseline 0.009 -26"><span class='ocrx_word' id='word_1_242' title='bbox 2131 785 2346 842; x_wconf 88' lang='lat' dir='ltr'><strong>inferre</strong></span> <span class='ocrx_word' id='word_1_243' title='bbox 2370 803 2482 844; x_wconf 92' lang='lat' dir='ltr'><strong>non</strong></span> <span class='ocrx_word' id='word_1_244' title='bbox 2508 789 2794 846; x_wconf 89' lang='lat' dir='ltr'><strong>dubitavit</strong></span> <span class='ocrx_word' id='word_1_245' title='bbox 2825 809 2837 844; x_wconf 95' lang='lat'>:</span> <span class='ocrx_word' id='word_1_246' title='bbox 2874 809 2903 842; x_wconf 83' lang='lat'><em>«</em></span> <span class='ocrx_word' id='word_1_247' title='bbox 2926 792 3042 846; x_wconf 81' lang='lat' dir='ltr'><strong>Hoc</strong></span> <span class='ocrx_word' id='word_1_248' title='bbox 3065 791 3257 862; x_wconf 89' lang='lat' dir='ltr'><strong>ipsum</strong></span> <span class='ocrx_word' id='word_1_249' title='bbox 3281 792 3527 865; x_wconf 87' lang='lat' dir='ltr'><strong>simplex</strong></span> <span class='ocrx_word' id='word_1_250' title='bbox 3553 795 3775 866; x_wconf 87' lang='lat' dir='ltr'><strong>absque</strong></span> 
     </span>
    </p>
   </div>
   <div class='ocr_carea' id='block_1_39' title="bbox 2129 873 3775 954">
    <p class='ocr_par' dir='ltr' id='par_1_39' title="bbox 2129 873 3775 954">
     <span class='ocr_line' id='line_1_39' title="bbox 2129 873 3775 954; baseline 0.007 -26"><span class='ocrx_word' id='word_1_251' title='bbox 2129 873 2244 930; x_wconf 90' lang='lat' dir='ltr'><strong>alio</strong></span> <span class='ocrx_word' id='word_1_252' title='bbox 2258 875 2656 932; x_wconf 88' lang='lat' dir='ltr'><strong>additamento</strong></span> <span class='ocrx_word' id='word_1_253' title='bbox 2669 879 2987 934; x_wconf 81' lang='lat' dir='ltr'><strong>Romanum</strong></span> <span class='ocrx_word' id='word_1_254' title='bbox 3001 879 3775 954; x_wconf 80' lang='lat' dir='ltr'><strong>Martyrologium,idemque</strong></span> 
     </span>
    </p>
   </div>
   <div class='ocr_carea' id='block_1_40' title="bbox 2132 963 3775 1039">
    <p class='ocr_par' dir='ltr' id='par_1_40' title="bbox 2132 963 3775 1039">
     <span class='ocr_line' id='line_1_40' title="bbox 2132 963 3775 1039; baseline 0.007 -23"><span class='ocrx_word' id='word_1_255' title='bbox 2132 963 2438 1032; x_wconf 90' lang='lat' dir='ltr'><strong>perbreve,</strong></span> <span class='ocrx_word' id='word_1_256' title='bbox 2475 963 2531 1018; x_wconf 93' lang='lat' dir='ltr'><strong>in</strong></span> <span class='ocrx_word' id='word_1_257' title='bbox 2563 979 2678 1034; x_wconf 92' lang='lat' dir='ltr'><strong>quo</strong></span> <span class='ocrx_word' id='word_1_258' title='bbox 2710 967 2934 1021; x_wconf 91' lang='lat' dir='ltr'><strong>tantum</strong></span> <span class='ocrx_word' id='word_1_259' title='bbox 2967 966 3197 1023; x_wconf 89' lang='lat' dir='ltr'><strong>nomina</strong></span> <span class='ocrx_word' id='word_1_260' title='bbox 3247 968 3580 1039; x_wconf 77' lang='lat' dir='ltr'><strong>Martyrum,</strong></span> <span class='ocrx_word' id='word_1_261' title='bbox 3610 969 3775 1027; x_wconf 91' lang='lat' dir='ltr'><strong>locus</strong></span> 
     </span>
    </p>
   </div>
   <div class='ocr_carea' id='block_1_41' title="bbox 2130 1051 3776 1131">
    <p class='ocr_par' dir='ltr' id='par_1_41' title="bbox 2130 1051 3776 1131">
     <span class='ocr_line' id='line_1_41' title="bbox 2130 1051 3776 1131; baseline 0.007 -27"><span class='ocrx_word' id='word_1_262' title='bbox 2130 1064 2194 1105; x_wconf 88' lang='lat' dir='ltr'><strong>ac</strong></span> <span class='ocrx_word' id='word_1_263' title='bbox 2227 1051 2354 1107; x_wconf 92' lang='lat' dir='ltr'><strong>dies</strong></span> <span class='ocrx_word' id='word_1_264' title='bbox 2389 1053 2678 1123; x_wconf 89' lang='lat' dir='ltr'><strong>passionis</strong></span> <span class='ocrx_word' id='word_1_265' title='bbox 2709 1054 2887 1124; x_wconf 90' lang='lat' dir='ltr'><strong>positi</strong></span> <span class='ocrx_word' id='word_1_266' title='bbox 2919 1053 3297 1126; x_wconf 86' lang='lat' dir='ltr'><strong>haberentur,</strong></span> <span class='ocrx_word' id='word_1_267' title='bbox 3331 1071 3461 1113; x_wconf 91' lang='lat' dir='ltr'><strong>esse</strong></span> <span class='ocrx_word' id='word_1_268' title='bbox 3493 1057 3644 1115; x_wconf 91' lang='lat' dir='ltr'><strong>illud</strong></span> <span class='ocrx_word' id='word_1_269' title='bbox 3698 1061 3776 1131; x_wconf 82' lang='lat' dir='ltr'><strong>ip-</strong></span> 
     </span>
    </p>
   </div>
   <div class='ocr_carea' id='block_1_42' title="bbox 2130 1139 3464 1209">
    <p class='ocr_par' dir='ltr' id='par_1_42' title="bbox 2130 1139 3464 1209">
     <span class='ocr_line' id='line_1_42' title="bbox 2130 1139 3464 1209; baseline 0.007 -17"><span class='ocrx_word' id='word_1_270' title='bbox 2130 1153 2275 1209; x_wconf 88' lang='lat' dir='ltr'><strong>sum,</strong></span> <span class='ocrx_word' id='word_1_271' title='bbox 2310 1139 2478 1209; x_wconf 90' lang='lat' dir='ltr'><strong>cujus</strong></span> <span class='ocrx_word' id='word_1_272' title='bbox 2511 1141 2772 1196; x_wconf 86' lang='lat' dir='ltr'><strong>meminit</strong></span> <span class='ocrx_word' id='word_1_273' title='bbox 2805 1141 2944 1198; x_wconf 89' lang='lat' dir='ltr'><strong>Ado.</strong></span> <span class='ocrx_word' id='word_1_274' title='bbox 2979 1159 3006 1193; x_wconf 79' lang='lat' dir='ltr'><strong>n</strong></span> <span class='ocrx_word' id='word_1_275' title='bbox 3044 1143 3129 1198; x_wconf 87' lang='lat' dir='ltr'><strong>Ita</strong></span> <span class='ocrx_word' id='word_1_276' title='bbox 3161 1143 3464 1201; x_wconf 92' lang='lat' dir='ltr'><strong>Baronius.</strong></span> 
     </span>
    </p>
   </div>
   <div class='ocr_carea' id='block_1_43' title="bbox 2199 1227 3769 1299">
    <p class='ocr_par' dir='ltr' id='par_1_43' title="bbox 2199 1227 3769 1299">
     <span class='ocr_line' id='line_1_43' title="bbox 2199 1227 3769 1299; baseline 0.006 -18"><span class='ocrx_word' id='word_1_277' title='bbox 2199 1231 2287 1282; x_wconf 82' lang='lat' dir='ltr'><strong>7f.</strong></span> <span class='ocrx_word' id='word_1_278' title='bbox 2325 1227 2435 1282; x_wconf 91' lang='lat' dir='ltr'><strong>Sed</strong></span> <span class='ocrx_word' id='word_1_279' title='bbox 2467 1242 2609 1298; x_wconf 90' lang='lat' dir='ltr'><strong>pace</strong></span> <span class='ocrx_word' id='word_1_280' title='bbox 2633 1229 2817 1299; x_wconf 89' lang='lat' dir='ltr'><strong>ipsius</strong></span> <span class='ocrx_word' id='word_1_281' title='bbox 2841 1229 3084 1286; x_wconf 88' lang='lat' dir='ltr'><strong>dixero:</strong></span> <span class='ocrx_word' id='word_1_282' title='bbox 3111 1243 3222 1286; x_wconf 91' lang='lat' dir='ltr'><strong>non</strong></span> <span class='ocrx_word' id='word_1_283' title='bbox 3247 1233 3394 1288; x_wconf 88' lang='lat' dir='ltr'><strong>satis</strong></span> <span class='ocrx_word' id='word_1_284' title='bbox 3413 1235 3769 1291; x_wconf 90' lang='lat' dir='ltr'><strong>conveniunt</strong></span> 
     </span>
    </p>
   </div>
   <div class='ocr_carea' id='block_1_44' title="bbox 2129 1315 3774 1390">
    <p class='ocr_par' dir='ltr' id='par_1_44' title="bbox 2129 1315 3774 1390">
     <span class='ocr_line' id='line_1_44' title="bbox 2129 1315 3774 1390; baseline 0.007 -21"><span class='ocrx_word' id='word_1_285' title='bbox 2129 1327 2196 1369; x_wconf 89' lang='lat' dir='ltr'><strong>ea</strong></span> <span class='ocrx_word' id='word_1_286' title='bbox 2229 1329 2358 1384; x_wconf 64' lang='lat' dir='ltr'><strong>quas</strong></span> <span class='ocrx_word' id='word_1_287' title='bbox 2388 1315 2703 1386; x_wconf 85' lang='lat' dir='ltr'><strong>Gregorius</strong></span> <span class='ocrx_word' id='word_1_288' title='bbox 2737 1317 2791 1372; x_wconf 93' lang='lat' dir='ltr'><strong>in</strong></span> <span class='ocrx_word' id='word_1_289' title='bbox 2824 1316 3076 1388; x_wconf 88' lang='lat' dir='ltr'><strong>epistola</strong></span> <span class='ocrx_word' id='word_1_290' title='bbox 3111 1318 3183 1386; x_wconf 80' lang='lat' dir='ltr'><strong>ad</strong></span> <span class='ocrx_word' id='word_1_291' title='bbox 3215 1319 3518 1390; x_wconf 85' lang='lat' dir='ltr'><strong>Eulogium</strong></span> <span class='ocrx_word' id='word_1_292' title='bbox 3559 1321 3637 1378; x_wconf 89' lang='lat' dir='ltr'><strong>de</strong></span> <span class='ocrx_word' id='word_1_293' title='bbox 3671 1338 3774 1380; x_wconf 91' lang='lat' dir='ltr'><strong>suo</strong></span> 
     </span>
    </p>
   </div>
   <div class='ocr_carea' id='block_1_45' title="bbox 2133 1402 3774 1476">
    <p class='ocr_par' dir='ltr' id='par_1_45' title="bbox 2133 1402 3774 1476">
     <span class='ocr_line' id='line_1_45' title="bbox 2133 1402 3774 1476; baseline 0.007 -20"><span class='ocrx_word' id='word_1_294' title='bbox 2133 1402 2447 1474; x_wconf 83' lang='lat' dir='ltr'><strong>Martyrum</strong></span> <span class='ocrx_word' id='word_1_295' title='bbox 2497 1402 2700 1460; x_wconf 92' lang='lat' dir='ltr'><strong>libello</strong></span> <span class='ocrx_word' id='word_1_296' title='bbox 2753 1405 3053 1476; x_wconf 68' lang='lat' dir='ltr'><strong>praedicat,</strong></span> <span class='ocrx_word' id='word_1_297' title='bbox 3085 1421 3215 1462; x_wconf 90' lang='lat' dir='ltr'><strong>cum</strong></span> <span class='ocrx_word' id='word_1_298' title='bbox 3265 1407 3774 1468; x_wconf 89' lang='lat' dir='ltr'><strong>characteristicis</strong></span> 
     </span>
    </p>
   </div>
   <div class='ocr_carea' id='block_1_46' title="bbox 2131 1489 3768 1568">
    <p class='ocr_par' dir='ltr' id='par_1_46' title="bbox 2131 1489 3768 1568">
     <span class='ocr_line' id='line_1_46' title="bbox 2131 1489 3768 1568; baseline 0.006 -25"><span class='ocrx_word' id='word_1_299' title='bbox 2131 1489 2523 1561; x_wconf 88' lang='lat' dir='ltr'><strong>Martyrologii</strong></span> <span class='ocrx_word' id='word_1_300' title='bbox 2555 1491 2845 1548; x_wconf 65' lang='lat' dir='ltr'><strong>Ravennae</strong></span> <span class='ocrx_word' id='word_1_301' title='bbox 2871 1493 3088 1562; x_wconf 89' lang='lat' dir='ltr'><strong>reperti</strong></span> <span class='ocrx_word' id='word_1_302' title='bbox 3114 1493 3187 1549; x_wconf 90' lang='lat' dir='ltr'><strong>ab</strong></span> <span class='ocrx_word' id='word_1_303' title='bbox 3211 1493 3408 1550; x_wconf 80' lang='lat' dir='ltr'><strong>Adone</strong></span> <span class='ocrx_word' id='word_1_304' title='bbox 3439 1495 3768 1568; x_wconf 49' lang='lat' dir='ltr'><strong>delineatig</strong></span> 
     </span>
    </p>
   </div>
   <div class='ocr_carea' id='block_1_47' title="bbox 2130 1579 3768 1655">
    <p class='ocr_par' dir='ltr' id='par_1_47' title="bbox 2130 1579 3768 1655">
     <span class='ocr_line' id='line_1_47' title="bbox 2130 1579 3768 1655; baseline 0.005 -23"><span class='ocrx_word' id='word_1_305' title='bbox 2130 1581 2195 1632; x_wconf 89' lang='lat' dir='ltr'><strong>ut</strong></span> <span class='ocrx_word' id='word_1_306' title='bbox 2227 1579 2537 1650; x_wconf 89' lang='lat' dir='ltr'><strong>utriusque</strong></span> <span class='ocrx_word' id='word_1_307' title='bbox 2573 1581 2746 1636; x_wconf 87' lang='lat' dir='ltr'><strong>verba</strong></span> <span class='ocrx_word' id='word_1_308' title='bbox 2779 1580 3104 1637; x_wconf 90' lang='lat' dir='ltr'><strong>conferenti</strong></span> <span class='ocrx_word' id='word_1_309' title='bbox 3135 1582 3203 1637; x_wconf 92' lang='lat' dir='ltr'><strong>ad</strong></span> <span class='ocrx_word' id='word_1_310' title='bbox 3235 1582 3468 1640; x_wconf 92' lang='lat' dir='ltr'><strong>oculum</strong></span> <span class='ocrx_word' id='word_1_311' title='bbox 3501 1586 3768 1655; x_wconf 87' lang='lat' dir='ltr'><strong>patebit:</strong></span> 
     </span>
    </p>
   </div>
   <div class='ocr_carea' id='block_1_48' title="bbox 2129 1667 3769 1742">
    <p class='ocr_par' dir='ltr' id='par_1_48' title="bbox 2129 1667 3769 1742">
     <span class='ocr_line' id='line_1_48' title="bbox 2129 1667 3769 1742; baseline 0.007 -23"><span class='ocrx_word' id='word_1_312' title='bbox 2129 1678 2316 1736; x_wconf 90' lang='lat' dir='ltr'><strong>neque</strong></span> <span class='ocrx_word' id='word_1_313' title='bbox 2345 1667 2496 1723; x_wconf 93' lang='lat' dir='ltr'><strong>enim</strong></span> <span class='ocrx_word' id='word_1_314' title='bbox 2531 1667 2653 1723; x_wconf 87' lang='lat' dir='ltr'><strong>Ado</strong></span> <span class='ocrx_word' id='word_1_315' title='bbox 2687 1683 2930 1739; x_wconf 84' lang='lat' dir='ltr'><strong>usquam</strong></span> <span class='ocrx_word' id='word_1_316' title='bbox 2955 1669 3769 1742; x_wconf 78' lang='lat' dir='ltr'><strong>insinuavitMartyrologium</strong></span> 
     </span>
    </p>
   </div>
   <div class='ocr_carea' id='block_1_49' title="bbox 2125 1753 3778 1831">
    <p class='ocr_par' dir='ltr' id='par_1_49' title="bbox 2125 1753 3778 1831">
     <span class='ocr_line' id='line_1_49' title="bbox 2125 1753 3778 1831; baseline 0.004 -22"><span class='ocrx_word' id='word_1_317' title='bbox 2125 1768 2156 1809; x_wconf 91' lang='lat' dir='ltr'><strong>a</strong></span> <span class='ocrx_word' id='word_1_318' title='bbox 2187 1754 2443 1809; x_wconf 81' lang='lat' dir='ltr'><strong>Romano</strong></span> <span class='ocrx_word' id='word_1_319' title='bbox 2475 1753 2752 1825; x_wconf 87' lang='lat' dir='ltr'><strong>pontifice</strong></span> <span class='ocrx_word' id='word_1_320' title='bbox 2785 1754 3108 1825; x_wconf 87' lang='lat' dir='ltr'><strong>Aquileiam</strong></span> <span class='ocrx_word' id='word_1_321' title='bbox 3143 1755 3372 1812; x_wconf 89' lang='lat' dir='ltr'><strong>cuidam</strong></span> <span class='ocrx_word' id='word_1_322' title='bbox 3394 1762 3605 1815; x_wconf 87' lang='lat' dir='ltr'><strong>sancto</strong></span> <span class='ocrx_word' id='word_1_323' title='bbox 3627 1761 3778 1831; x_wconf 87' lang='lat' dir='ltr'><strong>epis-</strong></span> 
     </span>
    </p>
   </div>
   <div class='ocr_carea' id='block_1_50' title="bbox 2123 1841 3776 1916">
    <p class='ocr_par' dir='ltr' id='par_1_50' title="bbox 2123 1841 3776 1916">
     <span class='ocr_line' id='line_1_50' title="bbox 2123 1841 3776 1916; baseline 0.003 -19"><span class='ocrx_word' id='word_1_324' title='bbox 2123 1856 2271 1912; x_wconf 94' lang='lat' dir='ltr'><strong>copo</strong></span> <span class='ocrx_word' id='word_1_325' title='bbox 2293 1841 2600 1912; x_wconf 89' lang='lat' dir='ltr'><strong>directum,</strong></span> <span class='ocrx_word' id='word_1_326' title='bbox 2619 1849 2720 1898; x_wconf 90' lang='lat' dir='ltr'><strong>aut</strong></span> <span class='ocrx_word' id='word_1_327' title='bbox 2731 1842 3017 1914; x_wconf 71' lang='lat' dir='ltr'><strong>perbreve</strong></span> <span class='ocrx_word' id='word_1_328' title='bbox 3035 1857 3187 1916; x_wconf 90' lang='lat' dir='ltr'><strong>esse,</strong></span> <span class='ocrx_word' id='word_1_329' title='bbox 3215 1848 3317 1901; x_wconf 91' lang='lat' dir='ltr'><strong>aut</strong></span> <span class='ocrx_word' id='word_1_330' title='bbox 3341 1845 3463 1902; x_wconf 94' lang='lat' dir='ltr'><strong>sola</strong></span> <span class='ocrx_word' id='word_1_331' title='bbox 3489 1845 3776 1903; x_wconf 79' lang='lat' dir='ltr'><strong>duntaxat</strong></span> 
     </span>
    </p>
   </div>
   <div class='ocr_carea' id='block_1_51' title="bbox 2123 1928 3782 2000">
    <p class='ocr_par' dir='ltr' id='par_1_51' title="bbox 2123 1928 3782 2000">
     <span class='ocr_line' id='line_1_51' title="bbox 2123 1928 3782 2000; baseline 0.004 -16"><span class='ocrx_word' id='word_1_332' title='bbox 2123 1929 2367 1986; x_wconf 82' lang='lat' dir='ltr'><strong>nomina</strong></span> <span class='ocrx_word' id='word_1_333' title='bbox 2393 1928 2742 2000; x_wconf 73' lang='lat' dir='ltr'><strong>Martyrum</strong></span> <span class='ocrx_word' id='word_1_334' title='bbox 2770 1930 3096 2000; x_wconf 92' lang='lat' dir='ltr'><strong>continere,</strong></span> <span class='ocrx_word' id='word_1_335' title='bbox 3133 1936 3236 1987; x_wconf 90' lang='lat' dir='ltr'><strong>aut</strong></span> <span class='ocrx_word' id='word_1_336' title='bbox 3268 1931 3454 1988; x_wconf 91' lang='lat' dir='ltr'><strong>solum</strong></span> <span class='ocrx_word' id='word_1_337' title='bbox 3489 1933 3688 1990; x_wconf 72' lang='lat' dir='ltr'><strong>locum</strong></span> <span class='ocrx_word' id='word_1_338' title='bbox 3713 1949 3782 1991; x_wconf 70' lang='lat' dir='ltr'><strong>ac</strong></span> 
     </span>
    </p>
   </div>
   <div class='ocr_carea' id='block_1_52' title="bbox 2124 2016 3775 2090">
    <p class='ocr_par' dir='ltr' id='par_1_52' title="bbox 2124 2016 3775 2090">
     <span class='ocr_line' id='line_1_52' title="bbox 2124 2016 3775 2090; baseline 0.004 -18"><span class='ocrx_word' id='word_1_339' title='bbox 2124 2016 2282 2072; x_wconf 67' lang='lat' dir='ltr'><strong>diem</strong></span> <span class='ocrx_word' id='word_1_340' title='bbox 2305 2017 2609 2086; x_wconf 74' lang='lat' dir='ltr'><strong>passionis</strong></span> <span class='ocrx_word' id='word_1_341' title='bbox 2643 2031 2888 2087; x_wconf 92' lang='lat' dir='ltr'><strong>ponere;</strong></span> <span class='ocrx_word' id='word_1_342' title='bbox 2931 2031 3060 2086; x_wconf 66' lang='lat' dir='ltr'><strong>qua:</strong></span> <span class='ocrx_word' id='word_1_343' title='bbox 3106 2018 3296 2074; x_wconf 91' lang='lat' dir='ltr'><strong>omnia</strong></span> <span class='ocrx_word' id='word_1_344' title='bbox 3341 2019 3666 2090; x_wconf 84' lang='lat' dir='ltr'><strong>Gregorius</strong></span> <span class='ocrx_word' id='word_1_345' title='bbox 3709 2023 3775 2078; x_wconf 92' lang='lat' dir='ltr'><strong>de</strong></span> 
     </span>
    </p>
   </div>
   <div class='ocr_carea' id='block_1_53' title="bbox 2123 2102 3769 2166">
    <p class='ocr_par' dir='ltr' id='par_1_53' title="bbox 2123 2102 3769 2166">
     <span class='ocr_line' id='line_1_53' title="bbox 2123 2102 3769 2166; baseline 0.005 -8"><span class='ocrx_word' id='word_1_346' title='bbox 2123 2119 2229 2158; x_wconf 91' lang='lat' dir='ltr'><strong>suo</strong></span> <span class='ocrx_word' id='word_1_347' title='bbox 2260 2108 2373 2158; x_wconf 89' lang='lat' dir='ltr'><strong>tam</strong></span> <span class='ocrx_word' id='word_1_348' title='bbox 2403 2102 2561 2159; x_wconf 91' lang='lat' dir='ltr'><strong>clare</strong></span> <span class='ocrx_word' id='word_1_349' title='bbox 2592 2108 2652 2158; x_wconf 92' lang='lat' dir='ltr'><strong>et</strong></span> <span class='ocrx_word' id='word_1_350' title='bbox 2685 2108 2800 2158; x_wconf 90' lang='lat' dir='ltr'><strong>tam</strong></span> <span class='ocrx_word' id='word_1_351' title='bbox 2831 2104 3131 2162; x_wconf 87' lang='lat' dir='ltr'><strong>distinctis</strong></span> <span class='ocrx_word' id='word_1_352' title='bbox 3171 2107 3443 2163; x_wconf 86' lang='lat' dir='ltr'><strong>terminis</strong></span> <span class='ocrx_word' id='word_1_353' title='bbox 3490 2111 3769 2166; x_wconf 87' lang='lat' dir='ltr'><strong>asseruit.</strong></span> 
     </span>
    </p>
   </div>
   <div class='ocr_carea' id='block_1_54' title="bbox 2125 2191 3772 2269">
    <p class='ocr_par' dir='ltr' id='par_1_54' title="bbox 2125 2191 3772 2269">
     <span class='ocr_line' id='line_1_54' title="bbox 2125 2191 3772 2269; baseline 0.006 -23"><span class='ocrx_word' id='word_1_354' title='bbox 2125 2193 2410 2247; x_wconf 61' lang='lat' dir='ltr'><strong>Caeterum</strong></span> <span class='ocrx_word' id='word_1_355' title='bbox 2443 2191 2724 2262; x_wconf 85' lang='lat' dir='ltr'><strong>quidquid</strong></span> <span class='ocrx_word' id='word_1_356' title='bbox 2759 2193 2884 2262; x_wconf 90' lang='lat' dir='ltr'><strong>ejus</strong></span> <span class='ocrx_word' id='word_1_357' title='bbox 2915 2193 3015 2263; x_wconf 89' lang='lat' dir='ltr'><strong>sit,</strong></span> <span class='ocrx_word' id='word_1_358' title='bbox 3053 2201 3479 2267; x_wconf 67' lang='lat' dir='ltr'><strong>prteconceptze</strong></span> <span class='ocrx_word' id='word_1_359' title='bbox 3510 2199 3772 2269; x_wconf 92' lang='lat' dir='ltr'><strong>opinioni</strong></span> 
     </span>
    </p>
   </div>
   <div class='ocr_carea' id='block_1_55' title="bbox 2124 2278 3774 2358">
    <p class='ocr_par' dir='ltr' id='par_1_55' title="bbox 2124 2278 3774 2358">
     <span class='ocr_line' id='line_1_55' title="bbox 2124 2278 3774 2358; baseline 0.007 -25"><span class='ocrx_word' id='word_1_360' title='bbox 2124 2278 2404 2336; x_wconf 91' lang='lat' dir='ltr'><strong>insistens</strong></span> <span class='ocrx_word' id='word_1_361' title='bbox 2434 2280 2738 2351; x_wconf 88' lang='lat' dir='ltr'><strong>Baronius,</strong></span> <span class='ocrx_word' id='word_1_362' title='bbox 2775 2281 2920 2337; x_wconf 85' lang='lat' dir='ltr'><strong>satis</strong></span> <span class='ocrx_word' id='word_1_363' title='bbox 2968 2281 3181 2338; x_wconf 89' lang='lat' dir='ltr'><strong>ibidem</strong></span> <span class='ocrx_word' id='word_1_364' title='bbox 3237 2285 3516 2354; x_wconf 89' lang='lat' dir='ltr'><strong>patefacit</strong></span> <span class='ocrx_word' id='word_1_365' title='bbox 3567 2287 3774 2358; x_wconf 87' lang='lat' dir='ltr'><strong>ingens</strong></span> 
     </span>
    </p>
   </div>
   <div class='ocr_carea' id='block_1_56' title="bbox 2121 2367 3772 2442">
    <p class='ocr_par' dir='ltr' id='par_1_56' title="bbox 2121 2367 3772 2442">
     <span class='ocr_line' id='line_1_56' title="bbox 2121 2367 3772 2442; baseline 0.007 -21"><span class='ocrx_word' id='word_1_366' title='bbox 2121 2367 2382 2435; x_wconf 90' lang='lat' dir='ltr'><strong>ejusdem</strong></span> <span class='ocrx_word' id='word_1_367' title='bbox 2404 2367 2581 2424; x_wconf 91' lang='lat' dir='ltr'><strong>istius</strong></span> <span class='ocrx_word' id='word_1_368' title='bbox 2606 2369 3023 2440; x_wconf 87' lang='lat' dir='ltr'><strong>Martyrologii,</strong></span> <span class='ocrx_word' id='word_1_369' title='bbox 3049 2384 3163 2440; x_wconf 92' lang='lat' dir='ltr'><strong>quo</strong></span> <span class='ocrx_word' id='word_1_370' title='bbox 3191 2372 3520 2442; x_wconf 89' lang='lat' dir='ltr'><strong>tenebatur,</strong></span> <span class='ocrx_word' id='word_1_371' title='bbox 3540 2374 3772 2433; x_wconf 82' lang='lat' dir='ltr'><strong>deside-</strong></span> 
     </span>
    </p>
   </div>
   <div class='ocr_carea' id='block_1_57' title="bbox 2122 2455 3763 2535">
    <p class='ocr_par' dir='ltr' id='par_1_57' title="bbox 2122 2455 3763 2535">
     <span class='ocr_line' id='line_1_57' title="bbox 2122 2455 3763 2535; baseline 0.007 -26"><span class='ocrx_word' id='word_1_372' title='bbox 2122 2455 2291 2523; x_wconf 91' lang='lat' dir='ltr'><strong>rium,</strong></span> <span class='ocrx_word' id='word_1_373' title='bbox 2327 2455 2461 2511; x_wconf 90' lang='lat' dir='ltr'><strong>dum</strong></span> <span class='ocrx_word' id='word_1_374' title='bbox 2495 2456 2574 2511; x_wconf 90' lang='lat' dir='ltr'><strong>ita</strong></span> <span class='ocrx_word' id='word_1_375' title='bbox 2607 2456 2868 2527; x_wconf 89' lang='lat' dir='ltr'><strong>loquitur</strong></span> <span class='ocrx_word' id='word_1_376' title='bbox 2903 2477 2914 2512; x_wconf 92' lang='lat'>:</span> <span class='ocrx_word' id='word_1_377' title='bbox 2952 2477 2981 2510; x_wconf 74' lang='grc' dir='ltr'><strong>α</strong></span> <span class='ocrx_word' id='word_1_378' title='bbox 3011 2459 3192 2515; x_wconf 89' lang='lat' dir='ltr'><strong>Porro</strong></span> <span class='ocrx_word' id='word_1_379' title='bbox 3221 2459 3276 2514; x_wconf 91' lang='lat' dir='ltr'><strong>in</strong></span> <span class='ocrx_word' id='word_1_380' title='bbox 3309 2461 3582 2519; x_wconf 90' lang='lat' dir='ltr'><strong>omnibus</strong></span> <span class='ocrx_word' id='word_1_381' title='bbox 3635 2479 3763 2535; x_wconf 66' lang='lat' dir='ltr'><strong>quae</strong></span> 
     </span>
    </p>
   </div>
   <div class='ocr_carea' id='block_1_58' title="bbox 2121 2543 3769 2621">
    <p class='ocr_par' dir='ltr' id='par_1_58' title="bbox 2121 2543 3769 2621">
     <span class='ocr_line' id='line_1_58' title="bbox 2121 2543 3769 2621; baseline 0.005 -21"><span class='ocrx_word' id='word_1_382' title='bbox 2121 2543 2362 2600; x_wconf 90' lang='lat' dir='ltr'><strong>viderim</strong></span> <span class='ocrx_word' id='word_1_383' title='bbox 2396 2544 2825 2615; x_wconf 84' lang='lat' dir='ltr'><strong>Martyrologiis</strong></span> <span class='ocrx_word' id='word_1_384' title='bbox 2857 2545 3073 2604; x_wconf 90' lang='lat' dir='ltr'><strong>Adonis</strong></span> <span class='ocrx_word' id='word_1_385' title='bbox 3103 2546 3410 2619; x_wconf 88' lang='lat' dir='ltr'><strong>impressis</strong></span> <span class='ocrx_word' id='word_1_386' title='bbox 3455 2551 3593 2621; x_wconf 92' lang='lat' dir='ltr'><strong>(non</strong></span> <span class='ocrx_word' id='word_1_387' title='bbox 3649 2553 3769 2610; x_wconf 92' lang='lat' dir='ltr'><strong>scio</strong></span> 
     </span>
    </p>
   </div>
   <div class='ocr_carea' id='block_1_59' title="bbox 2121 2630 3768 2708">
    <p class='ocr_par' dir='ltr' id='par_1_59' title="bbox 2121 2630 3768 2708">
     <span class='ocr_line' id='line_1_59' title="bbox 2121 2630 3768 2708; baseline 0.005 -21"><span class='ocrx_word' id='word_1_388' title='bbox 2121 2630 2266 2688; x_wconf 91' lang='lat' dir='ltr'><strong>alias</strong></span> <span class='ocrx_word' id='word_1_389' title='bbox 2293 2632 2584 2688; x_wconf 90' lang='lat' dir='ltr'><strong>editiones</strong></span> <span class='ocrx_word' id='word_1_390' title='bbox 2613 2637 2753 2690; x_wconf 92' lang='lat' dir='ltr'><strong>tunc</strong></span> <span class='ocrx_word' id='word_1_391' title='bbox 2783 2635 3084 2691; x_wconf 85' lang='lat' dir='ltr'><strong>exstitisse</strong></span> <span class='ocrx_word' id='word_1_392' title='bbox 3115 2639 3334 2707; x_wconf 76' lang='lat' dir='ltr'><strong>praeter</strong></span> <span class='ocrx_word' id='word_1_393' title='bbox 3366 2637 3768 2708; x_wconf 88' lang='lat' dir='ltr'><strong>imperfectam</strong></span> 
     </span>
    </p>
   </div>
   <div class='ocr_carea' id='block_1_60' title="bbox 2120 2719 3767 2798">
    <p class='ocr_par' dir='ltr' id='par_1_60' title="bbox 2120 2719 3767 2798">
     <span class='ocr_line' id='line_1_60' title="bbox 2120 2719 3767 2798; baseline 0.007 -25"><span class='ocrx_word' id='word_1_394' title='bbox 2120 2719 2413 2791; x_wconf 90' lang='lat' dir='ltr'><strong>Lipomani</strong></span> <span class='ocrx_word' id='word_1_395' title='bbox 2453 2726 2514 2776; x_wconf 88' lang='lat' dir='ltr'><strong>et</strong></span> <span class='ocrx_word' id='word_1_396' title='bbox 2565 2721 2734 2777; x_wconf 90' lang='lat' dir='ltr'><strong>aliam</strong></span> <span class='ocrx_word' id='word_1_397' title='bbox 2781 2723 3096 2793; x_wconf 81' lang='lat' dir='ltr'><strong>Mosandri)</strong></span> <span class='ocrx_word' id='word_1_398' title='bbox 3148 2723 3291 2781; x_wconf 89' lang='lat' dir='ltr'><strong>illud</strong></span> <span class='ocrx_word' id='word_1_399' title='bbox 3345 2725 3532 2798; x_wconf 90' lang='lat' dir='ltr'><strong>ipsum</strong></span> <span class='ocrx_word' id='word_1_400' title='bbox 3587 2729 3767 2785; x_wconf 82' lang='lat' dir='ltr'><strong>Roma</strong></span> 
     </span>
    </p>
   </div>
   <div class='ocr_carea' id='block_1_61' title="bbox 2120 2809 3768 2885">
    <p class='ocr_par' dir='ltr' id='par_1_61' title="bbox 2120 2809 3768 2885">
     <span class='ocr_line' id='line_1_61' title="bbox 2120 2809 3768 2885; baseline 0.005 -21"><span class='ocrx_word' id='word_1_401' title='bbox 2120 2813 2423 2880; x_wconf 90' lang='lat' dir='ltr'><strong>acceptum</strong></span> <span class='ocrx_word' id='word_1_402' title='bbox 2476 2809 2863 2867; x_wconf 87' lang='lat' dir='ltr'><strong>desideratur.</strong></span> <span class='ocrx_word' id='word_1_403' title='bbox 2918 2812 3220 2882; x_wconf 85' lang='lat' dir='ltr'><strong>Egregiam</strong></span> <span class='ocrx_word' id='word_1_404' title='bbox 3267 2819 3450 2885; x_wconf 88' lang='lat' dir='ltr'><strong>certe,</strong></span> <span class='ocrx_word' id='word_1_405' title='bbox 3505 2830 3575 2872; x_wconf 87' lang='lat' dir='ltr'><strong>ac</strong></span> <span class='ocrx_word' id='word_1_406' title='bbox 3625 2817 3768 2873; x_wconf 88' lang='lat' dir='ltr'><strong>viris</strong></span> 
     </span>
    </p>
   </div>
   <div class='ocr_carea' id='block_1_62' title="bbox 2119 2896 3769 2974">
    <p class='ocr_par' dir='ltr' id='par_1_62' title="bbox 2119 2896 3769 2974">
     <span class='ocr_line' id='line_1_62' title="bbox 2119 2896 3769 2974; baseline 0.005 -22"><span class='ocrx_word' id='word_1_407' title='bbox 2119 2896 2370 2953; x_wconf 90' lang='lat' dir='ltr'><strong>eruditis</strong></span> <span class='ocrx_word' id='word_1_408' title='bbox 2403 2897 2632 2966; x_wconf 87' lang='lat' dir='ltr'><strong>dignam</strong></span> <span class='ocrx_word' id='word_1_409' title='bbox 2666 2904 3044 2970; x_wconf 87' lang='lat' dir='ltr'><strong>optatamquc</strong></span> <span class='ocrx_word' id='word_1_410' title='bbox 3077 2907 3347 2958; x_wconf 87' lang='lat' dir='ltr'><strong>navasset</strong></span> <span class='ocrx_word' id='word_1_411' title='bbox 3377 2917 3621 2974; x_wconf 87' lang='lat' dir='ltr'><strong>operam</strong></span> <span class='ocrx_word' id='word_1_412' title='bbox 3661 2905 3769 2962; x_wconf 73' lang='lat' dir='ltr'><strong>Mo-</strong></span> 
     </span>
    </p>
   </div>
   <div class='ocr_carea' id='block_1_63' title="bbox 371 2985 3768 3096">
    <p class='ocr_par' dir='ltr' id='par_1_63' title="bbox 371 2985 3768 3096">
     <span class='ocr_line' id='line_1_63' title="bbox 371 2985 3768 3096; baseline 0.001 -50"><span class='ocrx_word' id='word_1_413' title='bbox 371 2993 486 3048; x_wconf 92' lang='lat' dir='ltr'><strong>isto</strong></span> <span class='ocrx_word' id='word_1_414' title='bbox 519 3007 698 3063; x_wconf 88' lang='lat' dir='ltr'><strong>parvo</strong></span> <span class='ocrx_word' id='word_1_415' title='bbox 731 2993 882 3047; x_wconf 90' lang='lat' dir='ltr'><strong>inter</strong></span> <span class='ocrx_word' id='word_1_416' title='bbox 911 2993 1178 3048; x_wconf 89' lang='lat' dir='ltr'><strong>eruditos</strong></span> <span class='ocrx_word' id='word_1_417' title='bbox 1203 2991 1646 3054; x_wconf 88' lang='lat' dir='ltr'><strong>controversia;</strong></span> <span class='ocrx_word' id='word_1_418' title='bbox 1700 2991 1902 3062; x_wconf 89' lang='lat' dir='ltr'><strong>paucis</strong></span> <span class='ocrx_word' id='word_1_419' title='bbox 1953 2992 2007 3047; x_wconf 93' lang='lat' dir='ltr'><strong>id</strong></span> <span class='ocrx_word' id='word_1_420' title='bbox 2038 3032 2088 3096; x_wconf 79' lang='lat' dir='ltr'>C</span> <span class='ocrx_word' id='word_1_421' title='bbox 2120 2985 2352 3056; x_wconf 89' lang='lat' dir='ltr'><strong>sander,</strong></span> <span class='ocrx_word' id='word_1_422' title='bbox 2377 2986 2422 3041; x_wconf 92' lang='lat' dir='ltr'><strong>si</strong></span> <span class='ocrx_word' id='word_1_423' title='bbox 2457 2986 2785 3056; x_wconf 91' lang='lat' dir='ltr'><strong>hujusmodi</strong></span> <span class='ocrx_word' id='word_1_424' title='bbox 2821 2987 3051 3044; x_wconf 91' lang='lat' dir='ltr'><strong>illustre</strong></span> <span class='ocrx_word' id='word_1_425' title='bbox 3081 2991 3398 3047; x_wconf 84' lang='lat' dir='ltr'><strong>vetustatis</strong></span> <span class='ocrx_word' id='word_1_426' title='bbox 3430 3006 3768 3050; x_wconf 87' lang='lat' dir='ltr'><strong>monumen-</strong></span> 
     </span>
     <span class='ocr_line' id='line_1_64' title="bbox 371 3073 3663 3096; baseline 0 0"><span class='ocrx_word' id='word_1_427' title='bbox 371 3080 492 3096; x_wconf 58' lang='lat'><strong>|,,.</strong></span> <span class='ocrx_word' id='word_1_428' title='bbox 631 3095 638 3096; x_wconf 60' lang='lat'><strong><em>,</em></strong></span> <span class='ocrx_word' id='word_1_429' title='bbox 722 3084 735 3096; x_wconf 75' lang='grc' dir='ltr'><strong><em>ι</em></strong></span> <span class='ocrx_word' id='word_1_430' title='bbox 924 3080 966 3096; x_wconf 32' lang='grc' dir='ltr'><strong>ογ</strong></span> <span class='ocrx_word' id='word_1_431' title='bbox 1109 3085 1150 3096; x_wconf 45' lang='grc' dir='ltr'><strong>Α.</strong></span> <span class='ocrx_word' id='word_1_432' title='bbox 1257 3081 1326 3096; x_wconf 57' lang='lat'><strong>.-,</strong></span> <span class='ocrx_word' id='word_1_433' title='bbox 1613 3095 1618 3096; x_wconf 63' lang='lat'><strong><em>,</em></strong></span> <span class='ocrx_word' id='word_1_434' title='bbox 1661 3084 1974 3096; x_wconf 55' lang='lat'><strong><em>,,_,,,,.,,_,</em></strong></span> <span class='ocrx_word' id='word_1_435' title='bbox 2117 3078 2236 3096; x_wconf 69' lang='grc' dir='ltr'><strong>ιη...</strong></span> <span class='ocrx_word' id='word_1_436' title='bbox 2275 3073 3033 3096; x_wconf 64' lang='lat'><strong>_-_-.1:_.-_--.._-_-_--_:_4‘_</strong></span> <span class='ocrx_word' id='word_1_437' title='bbox 3069 3077 3534 3096; x_wconf 59' lang='lat' dir='ltr'><strong>AJ___-L-L_,--.,</strong></span> <span class='ocrx_word' id='word_1_438' title='bbox 3579 3085 3593 3096; x_wconf 63' lang='grc' dir='ltr'><strong>Α</strong></span> <span class='ocrx_word' id='word_1_439' title='bbox 3651 3088 3663 3096; x_wconf 87' lang='grc'><em>.</em></span> 
     </span>
    </p>
   </div>
   <div class='ocr_carea' id='block_1_64' title="bbox 367 3080 2008 3150">
    <p class='ocr_par' dir='ltr' id='par_1_64' title="bbox 367 3080 2008 3150">
     <span class='ocr_line' id='line_1_65' title="bbox 367 3080 2008 3150; baseline 0.001 -18"><span class='ocrx_word' id='word_1_440' title='bbox 367 3080 650 3135; x_wconf 88' lang='lat' dir='ltr'><strong>hactenus</strong></span> <span class='ocrx_word' id='word_1_441' title='bbox 681 3084 741 3134; x_wconf 92' lang='lat' dir='ltr'><strong>ut</strong></span> <span class='ocrx_word' id='word_1_442' title='bbox 765 3080 1076 3148; x_wconf 89' lang='lat' dir='ltr'><strong>genuinum</strong></span> <span class='ocrx_word' id='word_1_443' title='bbox 1097 3085 1156 3134; x_wconf 90' lang='lat' dir='ltr'><strong>et</strong></span> <span class='ocrx_word' id='word_1_444' title='bbox 1181 3081 1480 3150; x_wconf 87' lang='lat' dir='ltr'><strong>antiquum</strong></span> <span class='ocrx_word' id='word_1_445' title='bbox 1505 3081 1819 3134; x_wconf 82' lang='lat' dir='ltr'><strong>Romanum</strong></span> <span class='ocrx_word' id='word_1_446' title='bbox 1845 3084 2008 3134; x_wconf 87' lang='lat' dir='ltr'><strong>tuen-</strong></span> 
     </span>
    </p>
   </div>
   <div class='ocr_carea' id='block_1_65' title="bbox 369 3166 2006 3238">
    <p class='ocr_par' dir='ltr' id='par_1_65' title="bbox 369 3166 2006 3238">
     <span class='ocr_line' id='line_1_66' title="bbox 369 3166 2006 3238; baseline 0.001 -18"><span class='ocrx_word' id='word_1_447' title='bbox 369 3166 547 3237; x_wconf 92' lang='lat' dir='ltr'><strong>tibus,</strong></span> <span class='ocrx_word' id='word_1_448' title='bbox 575 3166 841 3238; x_wconf 89' lang='lat' dir='ltr'><strong>pluribus</strong></span> <span class='ocrx_word' id='word_1_449' title='bbox 869 3166 1001 3222; x_wconf 89' lang='lat' dir='ltr'><strong>aliis</strong></span> <span class='ocrx_word' id='word_1_450' title='bbox 1023 3167 1234 3222; x_wconf 87' lang='lat' dir='ltr'><strong>obnixe</strong></span> <span class='ocrx_word' id='word_1_451' title='bbox 1255 3170 1457 3222; x_wconf 89' lang='lat' dir='ltr'><strong>contra</strong></span> <span class='ocrx_word' id='word_1_452' title='bbox 1483 3166 1871 3235; x_wconf 88' lang='lat' dir='ltr'><strong>certantibus,</strong></span> <span class='ocrx_word' id='word_1_453' title='bbox 1900 3181 2006 3222; x_wconf 90' lang='lat' dir='ltr'><strong>nec</strong></span> 
     </span>
    </p>
   </div>
   <div class='ocr_carea' id='block_1_66' title="bbox 367 3253 2001 3325">
    <p class='ocr_par' dir='ltr' id='par_1_66' title="bbox 367 3253 2001 3325">
     <span class='ocr_line' id='line_1_67' title="bbox 367 3253 2001 3325; baseline -0.001 -16"><span class='ocrx_word' id='word_1_454' title='bbox 367 3261 555 3324; x_wconf 86' lang='lat' dir='ltr'><strong>vetus,</strong></span> <span class='ocrx_word' id='word_1_455' title='bbox 575 3270 680 3310; x_wconf 90' lang='lat' dir='ltr'><strong>nec</strong></span> <span class='ocrx_word' id='word_1_456' title='bbox 707 3256 1046 3324; x_wconf 81' lang='lat' dir='ltr'><strong>Romanum,</strong></span> <span class='ocrx_word' id='word_1_457' title='bbox 1074 3269 1177 3309; x_wconf 90' lang='lat' dir='ltr'><strong>nec</strong></span> <span class='ocrx_word' id='word_1_458' title='bbox 1203 3269 1339 3308; x_wconf 85' lang='lat' dir='ltr'><strong>vere</strong></span> <span class='ocrx_word' id='word_1_459' title='bbox 1362 3253 1830 3323; x_wconf 77' lang='lat' dir='ltr'><strong>Martyrologium</strong></span> <span class='ocrx_word' id='word_1_460' title='bbox 1851 3269 2001 3325; x_wconf 89' lang='lat' dir='ltr'><strong>esse,</strong></span> 
     </span>
    </p>
   </div>
   <div class='ocr_carea' id='block_1_67' title="bbox 368 3343 2004 3413">
    <p class='ocr_par' dir='ltr' id='par_1_67' title="bbox 368 3343 2004 3413">
     <span class='ocr_line' id='line_1_68' title="bbox 368 3343 2004 3413; baseline 0.002 -18"><span class='ocrx_word' id='word_1_461' title='bbox 368 3343 470 3397; x_wconf 90' lang='lat' dir='ltr'><strong>sed</strong></span> <span class='ocrx_word' id='word_1_462' title='bbox 505 3344 699 3413; x_wconf 88' lang='lat' dir='ltr'><strong>potius</strong></span> <span class='ocrx_word' id='word_1_463' title='bbox 729 3343 1156 3412; x_wconf 82' lang='lat' dir='ltr'><strong>Kalendarium,</strong></span> <span class='ocrx_word' id='word_1_464' title='bbox 1180 3347 1279 3398; x_wconf 87' lang='lat' dir='ltr'><strong>aut</strong></span> <span class='ocrx_word' id='word_1_465' title='bbox 1303 3347 1670 3398; x_wconf 88' lang='lat' dir='ltr'><strong>contractum</strong></span> <span class='ocrx_word' id='word_1_466' title='bbox 1701 3358 1772 3398; x_wconf 83' lang='lat' dir='ltr'><strong>ex</strong></span> <span class='ocrx_word' id='word_1_467' title='bbox 1806 3343 2004 3398; x_wconf 86' lang='lat' dir='ltr'><strong>Adone</strong></span> 
     </span>
    </p>
   </div>
   <div class='ocr_carea' id='block_1_68' title="bbox 369 3429 2005 3501">
    <p class='ocr_par' dir='ltr' id='par_1_68' title="bbox 369 3429 2005 3501">
     <span class='ocr_line' id='line_1_69' title="bbox 369 3429 2005 3501; baseline 0.001 -15"><span class='ocrx_word' id='word_1_468' title='bbox 369 3430 814 3501; x_wconf 88' lang='lat' dir='ltr'><strong>compendium;</strong></span> <span class='ocrx_word' id='word_1_469' title='bbox 840 3429 970 3485; x_wconf 91' lang='lat' dir='ltr'><strong>aliis</strong></span> <span class='ocrx_word' id='word_1_470' title='bbox 991 3430 1241 3500; x_wconf 76' lang='lat' dir='ltr'><strong>demum,</strong></span> <span class='ocrx_word' id='word_1_471' title='bbox 1269 3436 1540 3500; x_wconf 90' lang='lat' dir='ltr'><strong>tanquam</strong></span> <span class='ocrx_word' id='word_1_472' title='bbox 1566 3445 1757 3486; x_wconf 80' lang='lat' dir='ltr'><strong>scenae</strong></span> <span class='ocrx_word' id='word_1_473' title='bbox 1779 3435 2005 3501; x_wconf 83' lang='lat' dir='ltr'><strong>specta-</strong></span> 
     </span>
    </p>
   </div>
   <div class='ocr_carea' id='block_1_69' title="bbox 368 3519 2000 3590">
    <p class='ocr_par' dir='ltr' id='par_1_69' title="bbox 368 3519 2000 3590">
     <span class='ocr_line' id='line_1_70' title="bbox 368 3519 2000 3590; baseline 0.001 -16"><span class='ocrx_word' id='word_1_474' title='bbox 368 3521 616 3584; x_wconf 86' lang='lat' dir='ltr'><strong>toribus,</strong></span> <span class='ocrx_word' id='word_1_475' title='bbox 671 3519 884 3576; x_wconf 89' lang='lat' dir='ltr'><strong>nullam</strong></span> <span class='ocrx_word' id='word_1_476' title='bbox 939 3519 996 3574; x_wconf 92' lang='lat' dir='ltr'><strong>iu</strong></span> <span class='ocrx_word' id='word_1_477' title='bbox 1047 3520 1329 3575; x_wconf 88' lang='lat' dir='ltr'><strong>utramvis</strong></span> <span class='ocrx_word' id='word_1_478' title='bbox 1379 3523 1600 3590; x_wconf 89' lang='lat' dir='ltr'><strong>partem</strong></span> <span class='ocrx_word' id='word_1_479' title='bbox 1653 3519 2000 3575; x_wconf 86' lang='lat' dir='ltr'><strong>sententiam</strong></span> 
     </span>
    </p>
   </div>
   <div class='ocr_carea' id='block_1_70' title="bbox 365 3607 1997 3678">
    <p class='ocr_par' dir='ltr' id='par_1_70' title="bbox 365 3607 1997 3678">
     <span class='ocr_line' id='line_1_71' title="bbox 365 3607 1997 3678; baseline -0.001 -14"><span class='ocrx_word' id='word_1_480' title='bbox 365 3609 708 3665; x_wconf 86' lang='lat' dir='ltr'><strong>ferentibus.</strong></span> <span class='ocrx_word' id='word_1_481' title='bbox 739 3610 869 3663; x_wconf 75' lang='lat' dir='ltr'><strong>ilzec</strong></span> <span class='ocrx_word' id='word_1_482' title='bbox 903 3607 1162 3678; x_wconf 87' lang='lat' dir='ltr'><strong>proximo</strong></span> <span class='ocrx_word' id='word_1_483' title='bbox 1193 3607 1386 3678; x_wconf 86' lang='lat' dir='ltr'><strong>capite</strong></span> <span class='ocrx_word' id='word_1_484' title='bbox 1419 3607 1490 3662; x_wconf 90' lang='lat' dir='ltr'><strong>ab</strong></span> <span class='ocrx_word' id='word_1_485' title='bbox 1521 3623 1628 3663; x_wconf 88' lang='lat' dir='ltr'><strong>ovo</strong></span> <span class='ocrx_word' id='word_1_486' title='bbox 1661 3607 1997 3678; x_wconf 85' lang='lat' dir='ltr'><strong>repetenda,</strong></span> 
     </span>
    </p>
   </div>
   <div class='ocr_carea' id='block_1_71' title="bbox 361 3695 1570 3767">
    <p class='ocr_par' dir='ltr' id='par_1_71' title="bbox 361 3695 1570 3767">
     <span class='ocr_line' id='line_1_72' title="bbox 361 3695 1570 3767; baseline -0.002 -15"><span class='ocrx_word' id='word_1_487' title='bbox 361 3703 418 3752; x_wconf 93' lang='lat' dir='ltr'><strong>et</strong></span> <span class='ocrx_word' id='word_1_488' title='bbox 452 3697 793 3767; x_wconf 84' lang='lat' dir='ltr'><strong>diligentius</strong></span> <span class='ocrx_word' id='word_1_489' title='bbox 821 3695 1168 3751; x_wconf 76' lang='lat' dir='ltr'><strong>excutienda</strong></span> <span class='ocrx_word' id='word_1_490' title='bbox 1199 3695 1570 3766; x_wconf 89' lang='lat' dir='ltr'><strong>suscipimus.</strong></span> 
     </span>
    </p>
   </div>
   <div class='ocr_carea' id='block_1_72' title="bbox 805 3815 1554 3882">
    <p class='ocr_par' dir='ltr' id='par_1_72' title="bbox 805 3815 1554 3882">
     <span class='ocr_line' id='line_1_73' title="bbox 805 3815 1554 3882; baseline -0.001 -1"><span class='ocrx_word' id='word_1_491' title='bbox 805 3817 1066 3881; x_wconf 78' lang='lat' dir='ltr'><strong>CAPUT</strong></span> <span class='ocrx_word' id='word_1_492' title='bbox 1125 3815 1554 3882; x_wconf 53' lang='lat' dir='ltr'><strong>SECUNDUM</strong></span> 
     </span>
    </p>
   </div>
   <div class='ocr_carea' id='block_1_73' title="bbox 361 3935 1994 4014">
    <p class='ocr_par' dir='ltr' id='par_1_73' title="bbox 361 3935 1994 4014">
     <span class='ocr_line' id='line_1_74' title="bbox 361 3935 1994 4014; baseline -0.002 -17"><span class='ocrx_word' id='word_1_493' title='bbox 361 3940 456 3997; x_wconf 62' lang='lat' dir='ltr'><strong>De</strong></span> <span class='ocrx_word' id='word_1_494' title='bbox 488 3936 946 4014; x_wconf 63' lang='lat' dir='ltr'><strong>dlerero/ogio</strong></span> <span class='ocrx_word' id='word_1_495' title='bbox 978 3935 1144 4014; x_wconf 78' lang='lat' dir='ltr'><strong>quod</strong></span> <span class='ocrx_word' id='word_1_496' title='bbox 1168 3954 1353 3994; x_wconf 62' lang='lat' dir='ltr'><strong>verus</strong></span> <span class='ocrx_word' id='word_1_497' title='bbox 1385 3935 1684 3995; x_wconf 69' lang='lat' dir='ltr'><strong>Rmuxuu</strong></span> <span class='ocrx_word' id='word_1_498' title='bbox 1717 3935 1994 4014; x_wconf 79' lang='lat' dir='ltr'><strong>appella-</strong></span> 
     </span>
    </p>
   </div>
   <div class='ocr_carea' id='block_1_74' title="bbox 449 4021 1995 4104">
    <p class='ocr_par' dir='ltr' id='par_1_74' title="bbox 449 4021 1995 4104">
     <span class='ocr_line' id='line_1_75' title="bbox 449 4021 1995 4104; baseline -0.001 -20"><span class='ocrx_word' id='word_1_499' title='bbox 449 4027 535 4084; x_wconf 79' lang='grc' dir='ltr'><strong>ι’ίί</strong></span> <span class='ocrx_word' id='word_1_500' title='bbox 573 4025 948 4104; x_wconf 77' lang='lat' dir='ltr'><strong>primusque</strong></span> <span class='ocrx_word' id='word_1_501' title='bbox 996 4023 1187 4080; x_wconf 69' lang='lat' dir='ltr'><strong>edidit</strong></span> <span class='ocrx_word' id='word_1_502' title='bbox 1238 4021 1626 4081; x_wconf 74' lang='lat' dir='ltr'><strong>Heribcrtus</strong></span> <span class='ocrx_word' id='word_1_503' title='bbox 1678 4022 1995 4100; x_wconf 54' lang='lat' dir='ltr'><strong>Roswey-</strong></span> 
     </span>
    </p>
   </div>
   <div class='ocr_carea' id='block_1_75' title="bbox 441 4111 2006 4191">
    <p class='ocr_par' dir='ltr' id='par_1_75' title="bbox 441 4111 2006 4191">
     <span class='ocr_line' id='line_1_76' title="bbox 441 4111 2006 4191; baseline -0.001 -20"><span class='ocrx_word' id='word_1_504' title='bbox 441 4114 576 4185; x_wconf 81' lang='lat' dir='ltr'><strong>(lus,</strong></span> <span class='ocrx_word' id='word_1_505' title='bbox 615 4131 731 4171; x_wconf 82' lang='lat' dir='ltr'><strong>nos</strong></span> <span class='ocrx_word' id='word_1_506' title='bbox 773 4111 1091 4191; x_wconf 75' lang='lat' dir='ltr'><strong>[aulispm&#39;</strong></span> <span class='ocrx_word' id='word_1_507' title='bbox 1141 4113 1438 4170; x_wconf 66' lang='lat' dir='ltr'><strong>Heu-mm!</strong></span> <span class='ocrx_word' id='word_1_508' title='bbox 1487 4129 1726 4171; x_wconf 70' lang='lat' dir='ltr'><strong>PARVUM</strong></span> <span class='ocrx_word' id='word_1_509' title='bbox 1785 4111 2006 4171; x_wconf 78' lang='lat' dir='ltr'><strong>vocari</strong></span> 
     </span>
    </p>
   </div>
   <div class='ocr_carea' id='block_1_76' title="bbox 429 4218 1006 4281">
    <p class='ocr_par' dir='ltr' id='par_1_76' title="bbox 429 4218 1006 4281">
     <span class='ocr_line' id='line_1_77' title="bbox 429 4218 1006 4281; baseline -0.005 -19"><span class='ocrx_word' id='word_1_510' title='bbox 429 4220 628 4281; x_wconf 70' lang='lat' dir='ltr'><strong>pOSSP</strong></span> <span class='ocrx_word' id='word_1_511' title='bbox 659 4218 1006 4259; x_wconf 59' lang='lat'><em>001130121113.</em></span> 
     </span>
    </p>
   </div>
   <div class='ocr_carea' id='block_1_77' title="bbox 427 4315 1993 4376">
    <p class='ocr_par' dir='ltr' id='par_1_77' title="bbox 427 4315 1993 4376">
     <span class='ocr_line' id='line_1_78' title="bbox 427 4315 1993 4376; baseline 0.002 -4"><span class='ocrx_word' id='word_1_512' title='bbox 427 4323 514 4372; x_wconf 90' lang='lat'><strong>70.</strong></span> <span class='ocrx_word' id='word_1_513' title='bbox 551 4315 1074 4371; x_wconf 84' lang='lat' dir='ltr'><strong>Eminentissumus</strong></span> <span class='ocrx_word' id='word_1_514' title='bbox 1106 4315 1408 4370; x_wconf 81' lang='lat' dir='ltr'><strong>Annalium</strong></span> <span class='ocrx_word' id='word_1_515' title='bbox 1453 4315 1993 4376; x_wconf 87' lang='lat' dir='ltr'><strong>ecclesiasticorum</strong></span> 
     </span>
    </p>
   </div>
   <div class='ocr_carea' id='block_1_78' title="bbox 2117 3073 3763 3148">
    <p class='ocr_par' dir='ltr' id='par_1_78' title="bbox 2117 3073 3763 3148">
     <span class='ocr_line' id='line_1_79' title="bbox 2117 3073 3763 3148; baseline 0.005 -20"><span class='ocrx_word' id='word_1_516' title='bbox 2117 3075 2422 3143; x_wconf 90' lang='lat' dir='ltr'><strong>tum,quod</strong></span> <span class='ocrx_word' id='word_1_517' title='bbox 2447 3075 2500 3130; x_wconf 94' lang='lat' dir='ltr'><strong>in</strong></span> <span class='ocrx_word' id='word_1_518' title='bbox 2517 3089 2625 3131; x_wconf 92' lang='lat' dir='ltr'><strong>suo</strong></span> <span class='ocrx_word' id='word_1_519' title='bbox 2639 3073 3040 3147; x_wconf 81' lang='lat' dir='ltr'><strong>manuscripto</strong></span> <span class='ocrx_word' id='word_1_520' title='bbox 3055 3077 3252 3134; x_wconf 86' lang='lat' dir='ltr'><strong>Adone</strong></span> <span class='ocrx_word' id='word_1_521' title='bbox 3268 3079 3466 3135; x_wconf 85' lang='lat' dir='ltr'><strong>haberi</strong></span> <span class='ocrx_word' id='word_1_522' title='bbox 3481 3084 3763 3148; x_wconf 87' lang='lat' dir='ltr'><strong>testatur,</strong></span> 
     </span>
    </p>
   </div>
   <div class='ocr_carea' id='block_1_79' title="bbox 2121 3163 3768 3240">
    <p class='ocr_par' dir='ltr' id='par_1_79' title="bbox 2121 3163 3768 3240">
     <span class='ocr_line' id='line_1_80' title="bbox 2121 3163 3768 3240; baseline 0.006 -24"><span class='ocrx_word' id='word_1_523' title='bbox 2121 3177 2227 3217; x_wconf 90' lang='lat' dir='ltr'><strong>una</strong></span> <span class='ocrx_word' id='word_1_524' title='bbox 2261 3177 2392 3218; x_wconf 90' lang='lat' dir='ltr'><strong>cum</strong></span> <span class='ocrx_word' id='word_1_525' title='bbox 2425 3163 2550 3234; x_wconf 92' lang='lat' dir='ltr'><strong>ipso</strong></span> <span class='ocrx_word' id='word_1_526' title='bbox 2581 3164 2990 3234; x_wconf 82' lang='lat' dir='ltr'><strong>Martyrologio</strong></span> <span class='ocrx_word' id='word_1_527' title='bbox 3022 3165 3258 3237; x_wconf 88' lang='lat' dir='ltr'><strong>Adonis,</strong></span> <span class='ocrx_word' id='word_1_528' title='bbox 3295 3167 3446 3237; x_wconf 86' lang='lat' dir='ltr'><strong>quod</strong></span> <span class='ocrx_word' id='word_1_529' title='bbox 3479 3175 3618 3240; x_wconf 86' lang='lat' dir='ltr'><strong>post</strong></span> <span class='ocrx_word' id='word_1_530' title='bbox 3671 3170 3768 3227; x_wconf 90' lang='lat' dir='ltr'><strong>Su-</strong></span> 
     </span>
    </p>
   </div>
   <div class='ocr_carea' id='block_1_80' title="bbox 2119 3249 3766 3321">
    <p class='ocr_par' dir='ltr' id='par_1_80' title="bbox 2119 3249 3766 3321">
     <span class='ocr_line' id='line_1_81' title="bbox 2119 3249 3766 3321; baseline 0.007 -19"><span class='ocrx_word' id='word_1_531' title='bbox 2119 3249 2265 3304; x_wconf 92' lang='lat' dir='ltr'><strong>rium</strong></span> <span class='ocrx_word' id='word_1_532' title='bbox 2297 3250 2368 3304; x_wconf 91' lang='lat' dir='ltr'><strong>ad</strong></span> <span class='ocrx_word' id='word_1_533' title='bbox 2397 3250 2709 3321; x_wconf 90' lang='lat' dir='ltr'><strong>septimum</strong></span> <span class='ocrx_word' id='word_1_534' title='bbox 2737 3255 2956 3307; x_wconf 86' lang='lat' dir='ltr'><strong>tomum</strong></span> <span class='ocrx_word' id='word_1_535' title='bbox 2991 3253 3254 3310; x_wconf 88' lang='lat' dir='ltr'><strong>Vitarum</strong></span> <span class='ocrx_word' id='word_1_536' title='bbox 3286 3259 3628 3312; x_wconf 90' lang='lat' dir='ltr'><strong>sanctorum</strong></span> <span class='ocrx_word' id='word_1_537' title='bbox 3675 3259 3766 3313; x_wconf 88' lang='lat' dir='ltr'><strong>ad-</strong></span> 
     </span>
    </p>
   </div>
   <div class='ocr_carea' id='block_1_81' title="bbox 2111 3335 2618 3406">
    <p class='ocr_par' dir='ltr' id='par_1_81' title="bbox 2111 3335 2618 3406">
     <span class='ocr_line' id='line_1_82' title="bbox 2111 3335 2618 3406; baseline 0.006 -15"><span class='ocrx_word' id='word_1_538' title='bbox 2111 3335 2274 3406; x_wconf 87' lang='lat' dir='ltr'><strong>jecit,</strong></span> <span class='ocrx_word' id='word_1_539' title='bbox 2307 3339 2618 3394; x_wconf 88' lang='lat' dir='ltr'><strong>edidisset.</strong></span> 
     </span>
    </p>
   </div>
   <div class='ocr_carea' id='block_1_82' title="bbox 2183 3427 3764 3501">
    <p class='ocr_par' dir='ltr' id='par_1_82' title="bbox 2183 3427 3764 3501">
     <span class='ocr_line' id='line_1_83' title="bbox 2183 3427 3764 3501; baseline 0.008 -21"><span class='ocrx_word' id='word_1_540' title='bbox 2183 3431 2270 3481; x_wconf 72' lang='lat'><strong>72.</strong></span> <span class='ocrx_word' id='word_1_541' title='bbox 2305 3427 2436 3482; x_wconf 90' lang='lat' dir='ltr'><strong>Tam</strong></span> <span class='ocrx_word' id='word_1_542' title='bbox 2471 3427 2754 3498; x_wconf 53' lang='lat' dir='ltr'><strong>praiclaro</strong></span> <span class='ocrx_word' id='word_1_543' title='bbox 2779 3431 3083 3501; x_wconf 87' lang='lat' dir='ltr'><strong>purpurati</strong></span> <span class='ocrx_word' id='word_1_544' title='bbox 3113 3432 3306 3489; x_wconf 85' lang='lat' dir='ltr'><strong>Patris</strong></span> <span class='ocrx_word' id='word_1_545' title='bbox 3326 3433 3628 3491; x_wconf 87' lang='lat' dir='ltr'><strong>desiderio</strong></span> <span class='ocrx_word' id='word_1_546' title='bbox 3657 3436 3764 3491; x_wconf 88' lang='lat' dir='ltr'><strong>fac-</strong></span> 
     </span>
    </p>
   </div>
   <div class='ocr_carea' id='block_1_83' title="bbox 2118 3515 3764 3593">
    <p class='ocr_par' dir='ltr' id='par_1_83' title="bbox 2118 3515 3764 3593">
     <span class='ocr_line' id='line_1_84' title="bbox 2118 3515 3764 3593; baseline 0.008 -26"><span class='ocrx_word' id='word_1_547' title='bbox 2118 3517 2282 3570; x_wconf 90' lang='lat' dir='ltr'><strong>turus</strong></span> <span class='ocrx_word' id='word_1_548' title='bbox 2312 3515 2454 3571; x_wconf 89' lang='lat' dir='ltr'><strong>satis</strong></span> <span class='ocrx_word' id='word_1_549' title='bbox 2483 3517 2828 3572; x_wconf 85' lang='lat' dir='ltr'><strong>lleribertus</strong></span> <span class='ocrx_word' id='word_1_550' title='bbox 2849 3521 3048 3574; x_wconf 85' lang='lat' dir='ltr'><strong>noster</strong></span> <span class='ocrx_word' id='word_1_551' title='bbox 3079 3519 3468 3593; x_wconf 81' lang='lat' dir='ltr'><strong>Rosweydus,</strong></span> <span class='ocrx_word' id='word_1_552' title='bbox 3495 3537 3634 3578; x_wconf 92' lang='lat' dir='ltr'><strong>cum</strong></span> <span class='ocrx_word' id='word_1_553' title='bbox 3669 3538 3764 3580; x_wconf 88' lang='lat' dir='ltr'><strong>no-</strong></span> 
     </span>
    </p>
   </div>
   <div class='ocr_carea' id='block_1_84' title="bbox 2113 3604 3762 3682">
    <p class='ocr_par' dir='ltr' id='par_1_84' title="bbox 2113 3604 3762 3682">
     <span class='ocr_line' id='line_1_85' title="bbox 2113 3604 3762 3682; baseline 0.005 -24"><span class='ocrx_word' id='word_1_554' title='bbox 2113 3618 2239 3659; x_wconf 92' lang='lat' dir='ltr'><strong>vam</strong></span> <span class='ocrx_word' id='word_1_555' title='bbox 2276 3604 2557 3660; x_wconf 87' lang='lat' dir='ltr'><strong>Adoniani</strong></span> <span class='ocrx_word' id='word_1_556' title='bbox 2593 3606 3008 3676; x_wconf 86' lang='lat' dir='ltr'><strong>Martyrologii,</strong></span> <span class='ocrx_word' id='word_1_557' title='bbox 3043 3609 3518 3680; x_wconf 87' lang='lat' dir='ltr'><strong>exactioremque</strong></span> <span class='ocrx_word' id='word_1_558' title='bbox 3551 3612 3762 3682; x_wconf 84' lang='lat' dir='ltr'><strong>priori-</strong></span> 
     </span>
    </p>
   </div>
   <div class='ocr_carea' id='block_1_85' title="bbox 2116 3693 3763 3763">
    <p class='ocr_par' dir='ltr' id='par_1_85' title="bbox 2116 3693 3763 3763">
     <span class='ocr_line' id='line_1_86' title="bbox 2116 3693 3763 3763; baseline 0.005 -16"><span class='ocrx_word' id='word_1_559' title='bbox 2116 3693 2221 3748; x_wconf 85' lang='lat' dir='ltr'><strong>bus</strong></span> <span class='ocrx_word' id='word_1_560' title='bbox 2248 3693 2561 3748; x_wconf 90' lang='lat' dir='ltr'><strong>editionem</strong></span> <span class='ocrx_word' id='word_1_561' title='bbox 2596 3695 3000 3763; x_wconf 87' lang='lat' dir='ltr'><strong>meditaretur,</strong></span> <span class='ocrx_word' id='word_1_562' title='bbox 3035 3711 3210 3751; x_wconf 90' lang='lat' dir='ltr'><strong>curas</strong></span> <span class='ocrx_word' id='word_1_563' title='bbox 3241 3712 3371 3753; x_wconf 89' lang='lat' dir='ltr'><strong>mox</strong></span> <span class='ocrx_word' id='word_1_564' title='bbox 3422 3713 3631 3755; x_wconf 90' lang='lat' dir='ltr'><strong>omnes</strong></span> <span class='ocrx_word' id='word_1_565' title='bbox 3685 3701 3763 3756; x_wconf 91' lang='lat' dir='ltr'><strong>in-</strong></span> 
     </span>
    </p>
   </div>
   <div class='ocr_carea' id='block_1_86' title="bbox 2114 3781 3761 3856">
    <p class='ocr_par' dir='ltr' id='par_1_86' title="bbox 2114 3781 3761 3856">
     <span class='ocr_line' id='line_1_87' title="bbox 2114 3781 3761 3856; baseline 0.007 -22"><span class='ocrx_word' id='word_1_566' title='bbox 2114 3781 2320 3852; x_wconf 89' lang='lat' dir='ltr'><strong>tendit,</strong></span> <span class='ocrx_word' id='word_1_567' title='bbox 2349 3785 2410 3837; x_wconf 90' lang='lat' dir='ltr'><strong>ut</strong></span> <span class='ocrx_word' id='word_1_568' title='bbox 2443 3781 2703 3838; x_wconf 90' lang='lat' dir='ltr'><strong>codicem</strong></span> <span class='ocrx_word' id='word_1_569' title='bbox 2736 3781 2924 3854; x_wconf 86' lang='lat' dir='ltr'><strong>ipsum</strong></span> <span class='ocrx_word' id='word_1_570' title='bbox 2963 3785 3422 3856; x_wconf 91' lang='lat' dir='ltr'><strong>manuscriptum</strong></span> <span class='ocrx_word' id='word_1_571' title='bbox 3456 3787 3509 3842; x_wconf 92' lang='lat' dir='ltr'><strong>S.</strong></span> <span class='ocrx_word' id='word_1_572' title='bbox 3550 3789 3761 3845; x_wconf 87' lang='lat' dir='ltr'><strong>Panta-</strong></span> 
     </span>
    </p>
   </div>
   <div class='ocr_carea' id='block_1_87' title="bbox 2112 3868 3760 3940">
    <p class='ocr_par' dir='ltr' id='par_1_87' title="bbox 2112 3868 3760 3940">
     <span class='ocr_line' id='line_1_88' title="bbox 2112 3868 3760 3940; baseline 0.007 -18"><span class='ocrx_word' id='word_1_573' title='bbox 2112 3868 2316 3940; x_wconf 91' lang='lat' dir='ltr'><strong>leonis,</strong></span> <span class='ocrx_word' id='word_1_574' title='bbox 2349 3885 2420 3925; x_wconf 88' lang='lat' dir='ltr'><strong>ex</strong></span> <span class='ocrx_word' id='word_1_575' title='bbox 2452 3885 2566 3940; x_wconf 88' lang='lat' dir='ltr'><strong>quo</strong></span> <span class='ocrx_word' id='word_1_576' title='bbox 2617 3885 2775 3927; x_wconf 89' lang='lat' dir='ltr'><strong>suam</strong></span> <span class='ocrx_word' id='word_1_577' title='bbox 2823 3871 3040 3928; x_wconf 91' lang='lat' dir='ltr'><strong>Adonis</strong></span> <span class='ocrx_word' id='word_1_578' title='bbox 3086 3873 3400 3930; x_wconf 86' lang='lat' dir='ltr'><strong>editionem</strong></span> <span class='ocrx_word' id='word_1_579' title='bbox 3455 3876 3760 3934; x_wconf 80' lang='lat' dir='ltr'><strong>Mosander</strong></span> 
     </span>
    </p>
   </div>
   <div class='ocr_carea' id='block_1_88' title="bbox 2108 3959 3756 4033">
    <p class='ocr_par' dir='ltr' id='par_1_88' title="bbox 2108 3959 3756 4033">
     <span class='ocr_line' id='line_1_89' title="bbox 2108 3959 3756 4033; baseline 0.005 -19"><span class='ocrx_word' id='word_1_580' title='bbox 2108 3963 2503 4030; x_wconf 88' lang='lat' dir='ltr'><strong>expresserat,</strong></span> <span class='ocrx_word' id='word_1_581' title='bbox 2549 3959 2795 4016; x_wconf 90' lang='lat' dir='ltr'><strong>nancissi</strong></span> <span class='ocrx_word' id='word_1_582' title='bbox 2849 3965 3090 4031; x_wconf 91' lang='lat' dir='ltr'><strong>posset;</strong></span> <span class='ocrx_word' id='word_1_583' title='bbox 3137 3977 3324 4033; x_wconf 88' lang='lat' dir='ltr'><strong>eoque</strong></span> <span class='ocrx_word' id='word_1_584' title='bbox 3374 3978 3413 4021; x_wconf 90' lang='lat' dir='ltr'><strong>a</strong></span> <span class='ocrx_word' id='word_1_585' title='bbox 3463 3964 3756 4024; x_wconf 61' lang='lat' dir='ltr'><strong>Carﬁnia</strong></span> 
     </span>
    </p>
   </div>
   <div class='ocr_carea' id='block_1_89' title="bbox 2110 4047 3761 4121">
    <p class='ocr_par' dir='ltr' id='par_1_89' title="bbox 2110 4047 3761 4121">
     <span class='ocr_line' id='line_1_90' title="bbox 2110 4047 3761 4121; baseline 0.005 -17"><span class='ocrx_word' id='word_1_586' title='bbox 2110 4047 2446 4104; x_wconf 76' lang='lat' dir='ltr'><strong>Coloniensi</strong></span> <span class='ocrx_word' id='word_1_587' title='bbox 2462 4047 2826 4120; x_wconf 74' lang='lat' dir='ltr'><strong>perbonigne</strong></span> <span class='ocrx_word' id='word_1_588' title='bbox 2854 4049 3166 4121; x_wconf 73' lang='lat' dir='ltr'><strong>submisso,</strong></span> <span class='ocrx_word' id='word_1_589' title='bbox 3197 4051 3350 4107; x_wconf 91' lang='lat' dir='ltr'><strong>idem</strong></span> <span class='ocrx_word' id='word_1_590' title='bbox 3399 4051 3544 4109; x_wconf 90' lang='lat' dir='ltr'><strong>illud</strong></span> <span class='ocrx_word' id='word_1_591' title='bbox 3592 4056 3761 4112; x_wconf 70' lang='lat' dir='ltr'><strong>eam</strong></span> 
     </span>
    </p>
   </div>
   <div class='ocr_carea' id='block_1_90' title="bbox 2109 4135 3757 4213">
    <p class='ocr_par' dir='ltr' id='par_1_90' title="bbox 2109 4135 3757 4213">
     <span class='ocr_line' id='line_1_91' title="bbox 2109 4135 3757 4213; baseline 0.005 -21"><span class='ocrx_word' id='word_1_592' title='bbox 2109 4137 2439 4192; x_wconf 80' lang='lat' dir='ltr'><strong>Romanam</strong></span> <span class='ocrx_word' id='word_1_593' title='bbox 2465 4135 2990 4209; x_wconf 73' lang='lat' dir='ltr'><strong>Martyrologium,</strong></span> <span class='ocrx_word' id='word_1_594' title='bbox 3015 4143 3077 4194; x_wconf 94' lang='lat' dir='ltr'><strong>ut</strong></span> <span class='ocrx_word' id='word_1_595' title='bbox 3100 4139 3224 4210; x_wconf 91' lang='lat' dir='ltr'><strong>ipse</strong></span> <span class='ocrx_word' id='word_1_596' title='bbox 3245 4145 3438 4210; x_wconf 91' lang='lat' dir='ltr'><strong>vocat,</strong></span> <span class='ocrx_word' id='word_1_597' title='bbox 3468 4143 3624 4213; x_wconf 89' lang='lat' dir='ltr'><strong>quod</strong></span> <span class='ocrx_word' id='word_1_598' title='bbox 3651 4159 3757 4200; x_wconf 91' lang='lat' dir='ltr'><strong>suo</strong></span> 
     </span>
    </p>
   </div>
   <div class='ocr_carea' id='block_1_91' title="bbox 2030 4223 3754 4304">
    <p class='ocr_par' dir='ltr' id='par_1_91' title="bbox 2030 4223 3754 4304">
     <span class='ocr_line' id='line_1_92' title="bbox 2030 4223 3754 4304; baseline 0.006 -27"><span class='ocrx_word' id='word_1_599' title='bbox 2030 4285 2046 4295; x_wconf 44' lang='grc' dir='ltr'><strong><em>ο</em></strong></span> <span class='ocrx_word' id='word_1_600' title='bbox 2109 4223 3092 4297; x_wconf 68' lang='lat' dir='ltr'><strong>Adopraaﬁxerat,magnovirorum</strong></span> <span class='ocrx_word' id='word_1_601' title='bbox 3127 4228 3495 4285; x_wconf 88' lang='lat' dir='ltr'><strong>eruditorum</strong></span> <span class='ocrx_word' id='word_1_602' title='bbox 3521 4230 3754 4304; x_wconf 58' lang='lat' dir='ltr'><strong>applauo</strong></span> 
     </span>
    </p>
   </div>
   <div class='ocr_carea' id='block_1_92' title="bbox 2107 4313 3758 4385">
    <p class='ocr_par' dir='ltr' id='par_1_92' title="bbox 2107 4313 3758 4385">
     <span class='ocr_line' id='line_1_93' title="bbox 2107 4313 3758 4385; baseline 0.007 -19"><span class='ocrx_word' id='word_1_603' title='bbox 2107 4327 2192 4382; x_wconf 90' lang='lat' dir='ltr'><strong>su,</strong></span> <span class='ocrx_word' id='word_1_604' title='bbox 2214 4327 2322 4368; x_wconf 88' lang='lat' dir='ltr'><strong>una</strong></span> <span class='ocrx_word' id='word_1_605' title='bbox 2336 4328 2463 4370; x_wconf 91' lang='lat' dir='ltr'><strong>cum</strong></span> <span class='ocrx_word' id='word_1_606' title='bbox 2483 4313 2679 4370; x_wconf 85' lang='lat' dir='ltr'><strong>Adone</strong></span> <span class='ocrx_word' id='word_1_607' title='bbox 2694 4314 2953 4385; x_wconf 85' lang='lat' dir='ltr'><strong>vulgavit</strong></span> <span class='ocrx_word' id='word_1_608' title='bbox 2970 4320 3288 4384; x_wconf 80' lang='lat' dir='ltr'><strong>ann01613,</strong></span> <span class='ocrx_word' id='word_1_609' title='bbox 3306 4317 3451 4374; x_wconf 91' lang='lat' dir='ltr'><strong>nihil</strong></span> <span class='ocrx_word' id='word_1_610' title='bbox 3479 4319 3758 4377; x_wconf 88' lang='lat' dir='ltr'><strong>dubitans</strong></span> 
     </span>
    </p>
   </div>
   <div class='ocr_carea' id='block_1_93' title="bbox 357 4370 3752 4479">
    <p class='ocr_par' dir='ltr' id='par_1_93' title="bbox 357 4370 3752 4479">
     <span class='ocr_line' id='line_1_94' title="bbox 357 4370 3752 4479; baseline 0.001 -21"><span class='ocrx_word' id='word_1_611' title='bbox 357 4370 625 4460; x_wconf 60' lang='lat' dir='ltr'><strong>conditor</strong></span> <span class='ocrx_word' id='word_1_612' title='bbox 667 4402 991 4458; x_wconf 85' lang='lat' dir='ltr'><strong>Cardinalis</strong></span> <span class='ocrx_word' id='word_1_613' title='bbox 1032 4402 1334 4472; x_wconf 87' lang='lat' dir='ltr'><strong>Baronius,</strong></span> <span class='ocrx_word' id='word_1_614' title='bbox 1359 4403 1415 4458; x_wconf 91' lang='lat' dir='ltr'><strong>in</strong></span> <span class='ocrx_word' id='word_1_615' title='bbox 1459 4370 1994 4474; x_wconf 53' lang='lat' dir='ltr'><strong>p‘rongaaeagza</strong></span> <span class='ocrx_word' id='word_1_616' title='bbox 2028 4370 2078 4429; x_wconf 73' lang='grc' dir='ltr'>θ</span> <span class='ocrx_word' id='word_1_617' title='bbox 2107 4370 2243 4470; x_wconf 76' lang='lat' dir='ltr'><strong>quin</strong></span> <span class='ocrx_word' id='word_1_618' title='bbox 2279 4401 2464 4472; x_wconf 89' lang='lat' dir='ltr'><strong>ipsum</strong></span> <span class='ocrx_word' id='word_1_619' title='bbox 2498 4401 2643 4458; x_wconf 89' lang='lat' dir='ltr'><strong>illud</strong></span> <span class='ocrx_word' id='word_1_620' title='bbox 2691 4370 3752 4479; x_wconf 47' lang='lat' dir='ltr'><strong>enigmatait’iéi&#39;igsgi&#39;m</strong></span> 
     </span>
    </p>
   </div>
   <div class='ocr_carea' id='block_1_94' title="bbox 355 4491 1994 4562">
    <p class='ocr_par' dir='ltr' id='par_1_94' title="bbox 355 4491 1994 4562">
     <span class='ocr_line' id='line_1_95' title="bbox 355 4491 1994 4562; baseline 0.001 -14"><span class='ocrx_word' id='word_1_621' title='bbox 355 4508 514 4548; x_wconf 85' lang='lat' dir='ltr'><strong>suam</strong></span> <span class='ocrx_word' id='word_1_622' title='bbox 531 4491 921 4562; x_wconf 70' lang='lat' dir='ltr'><strong>Martyrologii</strong></span> <span class='ocrx_word' id='word_1_623' title='bbox 949 4492 1181 4548; x_wconf 76' lang='lat' dir='ltr'><strong>Romani</strong></span> <span class='ocrx_word' id='word_1_624' title='bbox 1206 4507 1336 4548; x_wconf 92' lang='lat' dir='ltr'><strong>cum</strong></span> <span class='ocrx_word' id='word_1_625' title='bbox 1362 4493 1772 4550; x_wconf 91' lang='lat' dir='ltr'><strong>Notationibus</strong></span> <span class='ocrx_word' id='word_1_626' title='bbox 1787 4494 1994 4550; x_wconf 87' lang='lat' dir='ltr'><strong>editio-</strong></span> 
     </span>
    </p>
   </div>
   <div class='ocr_carea' id='block_1_95' title="bbox 356 4581 1994 4653">
    <p class='ocr_par' dir='ltr' id='par_1_95' title="bbox 356 4581 1994 4653">
     <span class='ocr_line' id='line_1_96' title="bbox 356 4581 1994 4653; baseline 0.002 -17"><span class='ocrx_word' id='word_1_627' title='bbox 356 4583 840 4652; x_wconf 65' lang='lat' dir='ltr'><strong>uem,prmsertim</strong></span> <span class='ocrx_word' id='word_1_628' title='bbox 865 4581 1058 4651; x_wconf 90' lang='lat' dir='ltr'><strong>capite</strong></span> <span class='ocrx_word' id='word_1_629' title='bbox 1081 4584 1574 4651; x_wconf 86' lang='lat' dir='ltr'><strong>octavo,totusest</strong></span> <span class='ocrx_word' id='word_1_630' title='bbox 1591 4583 1644 4637; x_wconf 92' lang='lat' dir='ltr'><strong>in</strong></span> <span class='ocrx_word' id='word_1_631' title='bbox 1679 4583 1994 4653; x_wconf 63' lang='lat' dir='ltr'><strong>quaerendo</strong></span> 
     </span>
    </p>
   </div>
   <div class='ocr_carea' id='block_1_96' title="bbox 353 4668 1990 4740">
    <p class='ocr_par' dir='ltr' id='par_1_96' title="bbox 353 4668 1990 4740">
     <span class='ocr_line' id='line_1_97' title="bbox 353 4668 1990 4740; baseline 0.001 -14"><span class='ocrx_word' id='word_1_632' title='bbox 353 4669 594 4740; x_wconf 87' lang='lat' dir='ltr'><strong>antiquo</strong></span> <span class='ocrx_word' id='word_1_633' title='bbox 623 4668 1036 4739; x_wconf 81' lang='lat' dir='ltr'><strong>Martyrologio</strong></span> <span class='ocrx_word' id='word_1_634' title='bbox 1062 4671 1334 4739; x_wconf 82' lang='lat' dir='ltr'><strong>Romano,</strong></span> <span class='ocrx_word' id='word_1_635' title='bbox 1365 4669 1533 4738; x_wconf 88' lang='lat' dir='ltr'><strong>cujus</strong></span> <span class='ocrx_word' id='word_1_636' title='bbox 1563 4671 1806 4739; x_wconf 87' lang='lat' dir='ltr'><strong>vestigia</strong></span> <span class='ocrx_word' id='word_1_637' title='bbox 1840 4671 1990 4727; x_wconf 91' lang='lat' dir='ltr'><strong>haud</strong></span> 
     </span>
    </p>
   </div>
   <div class='ocr_carea' id='block_1_97' title="bbox 351 4757 1988 4828">
    <p class='ocr_par' dir='ltr' id='par_1_97' title="bbox 351 4757 1988 4828">
     <span class='ocr_line' id='line_1_98' title="bbox 351 4757 1988 4828; baseline 0.002 -14"><span class='ocrx_word' id='word_1_638' title='bbox 351 4760 602 4814; x_wconf 87' lang='lat' dir='ltr'><strong>obscura</strong></span> <span class='ocrx_word' id='word_1_639' title='bbox 645 4761 944 4828; x_wconf 88' lang='lat' dir='ltr'><strong>repererat</strong></span> <span class='ocrx_word' id='word_1_640' title='bbox 994 4757 1045 4812; x_wconf 94' lang='lat' dir='ltr'><strong>in</strong></span> <span class='ocrx_word' id='word_1_641' title='bbox 1099 4757 1316 4814; x_wconf 84' lang='lat' dir='ltr'><strong>celebri</strong></span> <span class='ocrx_word' id='word_1_642' title='bbox 1371 4758 1634 4828; x_wconf 88' lang='lat' dir='ltr'><strong>Gregorii</strong></span> <span class='ocrx_word' id='word_1_643' title='bbox 1685 4758 1868 4828; x_wconf 87' lang='lat' dir='ltr'><strong>Magni</strong></span> <span class='ocrx_word' id='word_1_644' title='bbox 1921 4761 1988 4817; x_wconf 89' lang='lat' dir='ltr'><strong>ad</strong></span> 
     </span>
    </p>
   </div>
   <div class='ocr_carea' id='block_1_98' title="bbox 351 4846 1993 4920">
    <p class='ocr_par' dir='ltr' id='par_1_98' title="bbox 351 4846 1993 4920">
     <span class='ocr_line' id='line_1_99' title="bbox 351 4846 1993 4920; baseline 0.001 -17"><span class='ocrx_word' id='word_1_645' title='bbox 351 4848 650 4916; x_wconf 83' lang='lat' dir='ltr'><strong>Eulogium</strong></span> <span class='ocrx_word' id='word_1_646' title='bbox 678 4847 1130 4903; x_wconf 87' lang='lat' dir='ltr'><strong>Alexandrinum</strong></span> <span class='ocrx_word' id='word_1_647' title='bbox 1157 4847 1499 4918; x_wconf 88' lang='lat' dir='ltr'><strong>episcopum</strong></span> <span class='ocrx_word' id='word_1_648' title='bbox 1526 4846 1795 4917; x_wconf 90' lang='lat' dir='ltr'><strong>epistola,</strong></span> <span class='ocrx_word' id='word_1_649' title='bbox 1821 4863 1993 4920; x_wconf 92' lang='lat' dir='ltr'><strong>supe-</strong></span> 
     </span>
    </p>
   </div>
   <div class='ocr_carea' id='block_1_99' title="bbox 351 4934 1992 5008">
    <p class='ocr_par' dir='ltr' id='par_1_99' title="bbox 351 4934 1992 5008">
     <span class='ocr_line' id='line_1_100' title="bbox 351 4934 1992 5008; baseline 0.002 -18"><span class='ocrx_word' id='word_1_650' title='bbox 351 4937 472 4993; x_wconf 89' lang='lat' dir='ltr'><strong>rius</strong></span> <span class='ocrx_word' id='word_1_651' title='bbox 487 4953 514 4992; x_wconf 88' lang='lat' dir='ltr'><strong>a</strong></span> <span class='ocrx_word' id='word_1_652' title='bbox 534 4935 970 4993; x_wconf 77' lang='lat' dir='ltr'><strong>nobislaudata.</strong></span> <span class='ocrx_word' id='word_1_653' title='bbox 989 4936 1244 5005; x_wconf 87' lang='lat' dir='ltr'><strong>Cumque</strong></span> <span class='ocrx_word' id='word_1_654' title='bbox 1266 4934 1583 4991; x_wconf 91' lang='lat' dir='ltr'><strong>relatorum</strong></span> <span class='ocrx_word' id='word_1_655' title='bbox 1603 4949 1634 4991; x_wconf 92' lang='lat' dir='ltr'><strong>a</strong></span> <span class='ocrx_word' id='word_1_656' title='bbox 1659 4936 1824 4992; x_wconf 85' lang='lat' dir='ltr'><strong>nobis</strong></span> <span class='ocrx_word' id='word_1_657' title='bbox 1848 4953 1992 5008; x_wconf 61' lang='lat' dir='ltr'><strong>prae-</strong></span> 
     </span>
    </p>
   </div>
   <div class='ocr_carea' id='block_1_100' title="bbox 347 5023 1991 5095">
    <p class='ocr_par' dir='ltr' id='par_1_100' title="bbox 347 5023 1991 5095">
     <span class='ocr_line' id='line_1_101' title="bbox 347 5023 1991 5095; baseline 0.002 -19"><span class='ocrx_word' id='word_1_658' title='bbox 347 5025 576 5078; x_wconf 78' lang='lat' dir='ltr'><strong>cedenti</strong></span> <span class='ocrx_word' id='word_1_659' title='bbox 601 5024 793 5094; x_wconf 85' lang='lat' dir='ltr'><strong>capite</strong></span> <span class='ocrx_word' id='word_1_660' title='bbox 817 5023 1096 5093; x_wconf 88' lang='lat' dir='ltr'><strong>majorum</strong></span> <span class='ocrx_word' id='word_1_661' title='bbox 1131 5023 1706 5094; x_wconf 82' lang='lat' dir='ltr'><strong>llieronymiauorum</strong></span> <span class='ocrx_word' id='word_1_662' title='bbox 1749 5038 1991 5095; x_wconf 85' lang='lat' dir='ltr'><strong>apogra-</strong></span> 
     </span>
    </p>
   </div>
   <div class='ocr_carea' id='block_1_101' title="bbox 352 5110 1990 5184">
    <p class='ocr_par' dir='ltr' id='par_1_101' title="bbox 352 5110 1990 5184">
     <span class='ocr_line' id='line_1_102' title="bbox 352 5110 1990 5184; baseline 0.003 -21"><span class='ocrx_word' id='word_1_663' title='bbox 352 5110 459 5180; x_wconf 89' lang='lat' dir='ltr'><strong>pba</strong></span> <span class='ocrx_word' id='word_1_664' title='bbox 478 5111 532 5166; x_wconf 93' lang='lat' dir='ltr'><strong>in</strong></span> <span class='ocrx_word' id='word_1_665' title='bbox 547 5112 675 5181; x_wconf 92' lang='lat' dir='ltr'><strong>ejus</strong></span> <span class='ocrx_word' id='word_1_666' title='bbox 689 5112 1145 5183; x_wconf 88' lang='lat' dir='ltr'><strong>autcujusquam</strong></span> <span class='ocrx_word' id='word_1_667' title='bbox 1161 5111 1507 5181; x_wconf 87' lang='lat' dir='ltr'><strong>alterius,ad</strong></span> <span class='ocrx_word' id='word_1_668' title='bbox 1524 5111 1762 5169; x_wconf 84' lang='lat' dir='ltr'><strong>Romani</strong></span> <span class='ocrx_word' id='word_1_669' title='bbox 1784 5114 1990 5184; x_wconf 85' lang='lat' dir='ltr'><strong>Marty-</strong></span> 
     </span>
    </p>
   </div>
   <div class='ocr_carea' id='block_1_102' title="bbox 352 5196 1988 5274">
    <p class='ocr_par' dir='ltr' id='par_1_102' title="bbox 352 5196 1988 5274">
     <span class='ocr_line' id='line_1_103' title="bbox 352 5196 1988 5274; baseline 0.003 -22"><span class='ocrx_word' id='word_1_670' title='bbox 352 5196 554 5267; x_wconf 91' lang='lat' dir='ltr'><strong>rologii</strong></span> <span class='ocrx_word' id='word_1_671' title='bbox 581 5200 1049 5258; x_wconf 88' lang='lat' dir='ltr'><strong>reformationem</strong></span> <span class='ocrx_word' id='word_1_672' title='bbox 1064 5199 1628 5271; x_wconf 87' lang='lat' dir='ltr'><strong>deputati,notitiam</strong></span> <span class='ocrx_word' id='word_1_673' title='bbox 1653 5216 1761 5258; x_wconf 90' lang='lat' dir='ltr'><strong>non</strong></span> <span class='ocrx_word' id='word_1_674' title='bbox 1789 5216 1988 5274; x_wconf 88' lang='lat' dir='ltr'><strong>perve-</strong></span> 
     </span>
    </p>
   </div>
   <div class='ocr_carea' id='block_1_103' title="bbox 351 5285 1983 5360">
    <p class='ocr_par' dir='ltr' id='par_1_103' title="bbox 351 5285 1983 5360">
     <span class='ocr_line' id='line_1_104' title="bbox 351 5285 1983 5360; baseline 0.002 -20"><span class='ocrx_word' id='word_1_675' title='bbox 351 5285 594 5357; x_wconf 88' lang='lat' dir='ltr'><strong>nissent,</strong></span> <span class='ocrx_word' id='word_1_676' title='bbox 622 5302 808 5358; x_wconf 87' lang='lat' dir='ltr'><strong>neque</strong></span> <span class='ocrx_word' id='word_1_677' title='bbox 833 5289 977 5346; x_wconf 88' lang='lat' dir='ltr'><strong>adeo</strong></span> <span class='ocrx_word' id='word_1_678' title='bbox 999 5287 1470 5359; x_wconf 82' lang='lat' dir='ltr'><strong>Martyrologium</strong></span> <span class='ocrx_word' id='word_1_679' title='bbox 1505 5288 1683 5345; x_wconf 89' lang='lat' dir='ltr'><strong>ullum</strong></span> <span class='ocrx_word' id='word_1_680' title='bbox 1716 5289 1983 5360; x_wconf 90' lang='lat' dir='ltr'><strong>vidisset,</strong></span> 
     </span>
    </p>
   </div>
   <div class='ocr_carea' id='block_1_104' title="bbox 349 5373 1987 5449">
    <p class='ocr_par' dir='ltr' id='par_1_104' title="bbox 349 5373 1987 5449">
     <span class='ocr_line' id='line_1_105' title="bbox 349 5373 1987 5449; baseline 0.004 -21"><span class='ocrx_word' id='word_1_681' title='bbox 349 5374 442 5432; x_wconf 84' lang='lat' dir='ltr'><strong>cui</strong></span> <span class='ocrx_word' id='word_1_682' title='bbox 477 5373 774 5448; x_wconf 86' lang='lat' dir='ltr'><strong>descripta</strong></span> <span class='ocrx_word' id='word_1_683' title='bbox 805 5393 836 5433; x_wconf 88' lang='lat' dir='ltr'><strong>a</strong></span> <span class='ocrx_word' id='word_1_684' title='bbox 869 5378 1148 5449; x_wconf 83' lang='lat' dir='ltr'><strong>Gregorio</strong></span> <span class='ocrx_word' id='word_1_685' title='bbox 1178 5377 1464 5434; x_wconf 89' lang='lat' dir='ltr'><strong>elementa</strong></span> <span class='ocrx_word' id='word_1_686' title='bbox 1497 5377 1822 5434; x_wconf 89' lang='lat' dir='ltr'><strong>omnimode</strong></span> <span class='ocrx_word' id='word_1_687' title='bbox 1855 5393 1987 5434; x_wconf 90' lang='lat' dir='ltr'><strong>con-</strong></span> 
     </span>
    </p>
   </div>
   <div class='ocr_carea' id='block_1_105' title="bbox 347 5462 1984 5544">
    <p class='ocr_par' dir='ltr' id='par_1_105' title="bbox 347 5462 1984 5544">
     <span class='ocr_line' id='line_1_106' title="bbox 347 5462 1984 5544; baseline 0 -20"><span class='ocrx_word' id='word_1_688' title='bbox 347 5462 547 5524; x_wconf 84' lang='lat' dir='ltr'><strong>venire</strong></span> <span class='ocrx_word' id='word_1_689' title='bbox 574 5470 857 5539; x_wconf 88' lang='lat' dir='ltr'><strong>possent;</strong></span> <span class='ocrx_word' id='word_1_690' title='bbox 891 5465 1041 5525; x_wconf 89' lang='lat' dir='ltr'><strong>lecta</strong></span> <span class='ocrx_word' id='word_1_691' title='bbox 1083 5467 1298 5527; x_wconf 88' lang='lat' dir='ltr'><strong>Adonis</strong></span> <span class='ocrx_word' id='word_1_692' title='bbox 1348 5466 1712 5544; x_wconf 70' lang='lat' dir='ltr'><strong>praefatione,</strong></span> <span class='ocrx_word' id='word_1_693' title='bbox 1767 5466 1821 5524; x_wconf 90' lang='lat' dir='ltr'><strong>in</strong></span> <span class='ocrx_word' id='word_1_694' title='bbox 1873 5479 1984 5544; x_wconf 84' lang='lat' dir='ltr'><strong>qua</strong></span> 
     </span>
    </p>
   </div>
   <div class='ocr_carea' id='block_1_106' title="bbox 2103 4487 3755 4562">
    <p class='ocr_par' dir='ltr' id='par_1_106' title="bbox 2103 4487 3755 4562">
     <span class='ocr_line' id='line_1_107' title="bbox 2103 4487 3755 4562; baseline 0.005 -19"><span class='ocrx_word' id='word_1_695' title='bbox 2103 4487 2239 4544; x_wconf 93' lang='lat' dir='ltr'><strong>olim</strong></span> <span class='ocrx_word' id='word_1_696' title='bbox 2261 4490 2576 4560; x_wconf 88' lang='lat' dir='ltr'><strong>Gregorius</strong></span> <span class='ocrx_word' id='word_1_697' title='bbox 2599 4492 2835 4562; x_wconf 86' lang='lat' dir='ltr'><strong>Magnus</strong></span> <span class='ocrx_word' id='word_1_698' title='bbox 2855 4493 2925 4548; x_wconf 88' lang='lat' dir='ltr'><strong>ad</strong></span> <span class='ocrx_word' id='word_1_699' title='bbox 2951 4491 3252 4562; x_wconf 89' lang='lat' dir='ltr'><strong>Eulogium</strong></span> <span class='ocrx_word' id='word_1_700' title='bbox 3271 4494 3755 4552; x_wconf 86' lang='lat' dir='ltr'><strong>scribenslauda—</strong></span> 
     </span>
    </p>
   </div>
   <div class='ocr_carea' id='block_1_107' title="bbox 2104 4580 3747 4654">
    <p class='ocr_par' dir='ltr' id='par_1_107' title="bbox 2104 4580 3747 4654">
     <span class='ocr_line' id='line_1_108' title="bbox 2104 4580 3747 4654; baseline 0.005 -22"><span class='ocrx_word' id='word_1_701' title='bbox 2104 4583 2288 4635; x_wconf 90' lang='lat' dir='ltr'><strong>verat.</strong></span> <span class='ocrx_word' id='word_1_702' title='bbox 2318 4581 2489 4635; x_wconf 84' lang='lat' dir='ltr'><strong>Juvat</strong></span> <span class='ocrx_word' id='word_1_703' title='bbox 2525 4580 2912 4651; x_wconf 80' lang='lat' dir='ltr'><strong>Rosweydum</strong></span> <span class='ocrx_word' id='word_1_704' title='bbox 2944 4580 3130 4652; x_wconf 91' lang='lat' dir='ltr'><strong>ipsum</strong></span> <span class='ocrx_word' id='word_1_705' title='bbox 3154 4581 3490 4653; x_wconf 90' lang='lat' dir='ltr'><strong>loquentem</strong></span> <span class='ocrx_word' id='word_1_706' title='bbox 3515 4583 3747 4654; x_wconf 87' lang='lat' dir='ltr'><strong>audire,</strong></span> 
     </span>
    </p>
   </div>
   <div class='ocr_carea' id='block_1_108' title="bbox 2105 4665 3752 4740">
    <p class='ocr_par' dir='ltr' id='par_1_108' title="bbox 2105 4665 3752 4740">
     <span class='ocr_line' id='line_1_109' title="bbox 2105 4665 3752 4740; baseline 0.005 -20"><span class='ocrx_word' id='word_1_707' title='bbox 2105 4665 2160 4721; x_wconf 91' lang='lat' dir='ltr'><strong>in</strong></span> <span class='ocrx_word' id='word_1_708' title='bbox 2183 4681 2286 4723; x_wconf 89' lang='lat' dir='ltr'><strong>sua</strong></span> <span class='ocrx_word' id='word_1_709' title='bbox 2309 4667 2380 4724; x_wconf 90' lang='lat' dir='ltr'><strong>ad</strong></span> <span class='ocrx_word' id='word_1_710' title='bbox 2403 4667 2644 4724; x_wconf 92' lang='lat' dir='ltr'><strong>Paulum</strong></span> <span class='ocrx_word' id='word_1_711' title='bbox 2672 4669 2715 4723; x_wconf 89' lang='lat' dir='ltr'><strong>V</strong></span> <span class='ocrx_word' id='word_1_712' title='bbox 2739 4668 3075 4740; x_wconf 79' lang='lat' dir='ltr'><strong>pontificem</strong></span> <span class='ocrx_word' id='word_1_713' title='bbox 3099 4669 3414 4726; x_wconf 88' lang='lat' dir='ltr'><strong>maximum</strong></span> <span class='ocrx_word' id='word_1_714' title='bbox 3447 4670 3752 4729; x_wconf 87' lang='lat' dir='ltr'><strong>dedicato-</strong></span> 
     </span>
    </p>
   </div>
   <div class='ocr_carea' id='block_1_109' title="bbox 2105 4755 3751 4830">
    <p class='ocr_par' dir='ltr' id='par_1_109' title="bbox 2105 4755 3751 4830">
     <span class='ocr_line' id='line_1_110' title="bbox 2105 4755 3751 4830; baseline 0.004 -20"><span class='ocrx_word' id='word_1_715' title='bbox 2105 4755 2188 4810; x_wconf 90' lang='lat' dir='ltr'><strong>ria</strong></span> <span class='ocrx_word' id='word_1_716' title='bbox 2220 4755 2468 4828; x_wconf 89' lang='lat' dir='ltr'><strong>epistola</strong></span> <span class='ocrx_word' id='word_1_717' title='bbox 2506 4774 2518 4809; x_wconf 94' lang='lat'>:</span> <span class='ocrx_word' id='word_1_718' title='bbox 2556 4776 2584 4808; x_wconf 86' lang='lat'>«</span> <span class='ocrx_word' id='word_1_719' title='bbox 2616 4758 2760 4813; x_wconf 85' lang='lat' dir='ltr'><strong>Fero</strong></span> <span class='ocrx_word' id='word_1_720' title='bbox 2793 4772 2967 4828; x_wconf 91' lang='lat' dir='ltr'><strong>nunc,</strong></span> <span class='ocrx_word' id='word_1_721' title='bbox 3005 4758 3218 4830; x_wconf 89' lang='lat' dir='ltr'><strong>inquit,</strong></span> <span class='ocrx_word' id='word_1_722' title='bbox 3253 4759 3326 4816; x_wconf 89' lang='lat' dir='ltr'><strong>ad</strong></span> <span class='ocrx_word' id='word_1_723' title='bbox 3363 4760 3751 4817; x_wconf 87' lang='lat' dir='ltr'><strong>Sanctitatem</strong></span> 
     </span>
    </p>
   </div>
   <div class='ocr_carea' id='block_1_110' title="bbox 2104 4845 3749 4919">
    <p class='ocr_par' dir='ltr' id='par_1_110' title="bbox 2104 4845 3749 4919">
     <span class='ocr_line' id='line_1_111' title="bbox 2104 4845 3749 4919; baseline 0.003 -21"><span class='ocrx_word' id='word_1_724' title='bbox 2104 4845 2384 4915; x_wconf 87' lang='lat' dir='ltr'><strong>Vestram,</strong></span> <span class='ocrx_word' id='word_1_725' title='bbox 2411 4849 2584 4902; x_wconf 88' lang='lat' dir='ltr'><strong>vetus</strong></span> <span class='ocrx_word' id='word_1_726' title='bbox 2609 4845 2714 4902; x_wconf 92' lang='lat' dir='ltr'><strong>hoc</strong></span> <span class='ocrx_word' id='word_1_727' title='bbox 2737 4847 3053 4904; x_wconf 82' lang='lat' dir='ltr'><strong>Romanum</strong></span> <span class='ocrx_word' id='word_1_728' title='bbox 3077 4847 3574 4919; x_wconf 83' lang='lat' dir='ltr'><strong>Martyrologium,</strong></span> <span class='ocrx_word' id='word_1_729' title='bbox 3591 4847 3749 4919; x_wconf 85' lang='lat' dir='ltr'><strong>quod</strong></span> 
     </span>
    </p>
   </div>
   <div class='ocr_carea' id='block_1_111' title="bbox 2102 4933 3750 5007">
    <p class='ocr_par' dir='ltr' id='par_1_111' title="bbox 2102 4933 3750 5007">
     <span class='ocr_line' id='line_1_112' title="bbox 2102 4933 3750 5007; baseline 0.005 -21"><span class='ocrx_word' id='word_1_730' title='bbox 2102 4933 2416 5002; x_wconf 87' lang='lat' dir='ltr'><strong>Gregorius</strong></span> <span class='ocrx_word' id='word_1_731' title='bbox 2449 4934 2710 5006; x_wconf 89' lang='lat' dir='ltr'><strong>pontifex</strong></span> <span class='ocrx_word' id='word_1_732' title='bbox 2741 4935 3026 4992; x_wconf 85' lang='lat' dir='ltr'><strong>maximus</strong></span> <span class='ocrx_word' id='word_1_733' title='bbox 3061 4937 3131 4992; x_wconf 91' lang='lat' dir='ltr'><strong>ad</strong></span> <span class='ocrx_word' id='word_1_734' title='bbox 3162 4937 3470 5007; x_wconf 88' lang='lat' dir='ltr'><strong>Eulogium</strong></span> <span class='ocrx_word' id='word_1_735' title='bbox 3503 4936 3750 4994; x_wconf 84' lang='lat' dir='ltr'><strong>Alexan-</strong></span> 
     </span>
    </p>
   </div>
   <div class='ocr_carea' id='block_1_112' title="bbox 2101 5020 3748 5096">
    <p class='ocr_par' dir='ltr' id='par_1_112' title="bbox 2101 5020 3748 5096">
     <span class='ocr_line' id='line_1_113' title="bbox 2101 5020 3748 5096; baseline 0.003 -21"><span class='ocrx_word' id='word_1_736' title='bbox 2101 5020 2330 5077; x_wconf 91' lang='lat' dir='ltr'><strong>drinum</strong></span> <span class='ocrx_word' id='word_1_737' title='bbox 2365 5023 2706 5094; x_wconf 90' lang='lat' dir='ltr'><strong>episcopum</strong></span> <span class='ocrx_word' id='word_1_738' title='bbox 2731 5024 3019 5094; x_wconf 89' lang='lat' dir='ltr'><strong>scribens,</strong></span> <span class='ocrx_word' id='word_1_739' title='bbox 3049 5038 3154 5096; x_wconf 92' lang='lat' dir='ltr'><strong>per</strong></span> <span class='ocrx_word' id='word_1_740' title='bbox 3175 5026 3375 5082; x_wconf 90' lang='lat' dir='ltr'><strong>orbem</strong></span> <span class='ocrx_word' id='word_1_741' title='bbox 3408 5023 3748 5082; x_wconf 85' lang='lat' dir='ltr'><strong>universum</strong></span> 
     </span>
    </p>
   </div>
   <div class='ocr_carea' id='block_1_113' title="bbox 2101 5109 3750 5186">
    <p class='ocr_par' dir='ltr' id='par_1_113' title="bbox 2101 5109 3750 5186">
     <span class='ocr_line' id='line_1_114' title="bbox 2101 5109 3750 5186; baseline 0.002 -22"><span class='ocrx_word' id='word_1_742' title='bbox 2101 5109 2427 5181; x_wconf 90' lang='lat' dir='ltr'><strong>dispersum</strong></span> <span class='ocrx_word' id='word_1_743' title='bbox 2461 5115 2521 5166; x_wconf 91' lang='lat' dir='ltr'><strong>et</strong></span> <span class='ocrx_word' id='word_1_744' title='bbox 2551 5111 2780 5183; x_wconf 87' lang='lat' dir='ltr'><strong>optavit</strong></span> <span class='ocrx_word' id='word_1_745' title='bbox 2811 5117 2872 5168; x_wconf 92' lang='lat' dir='ltr'><strong>et</strong></span> <span class='ocrx_word' id='word_1_746' title='bbox 2899 5111 3174 5170; x_wconf 90' lang='lat' dir='ltr'><strong>credidit.</strong></span> <span class='ocrx_word' id='word_1_747' title='bbox 3222 5113 3368 5170; x_wconf 85' lang='lat' dir='ltr'><strong>Fero</strong></span> <span class='ocrx_word' id='word_1_748' title='bbox 3416 5112 3571 5186; x_wconf 89' lang='lat' dir='ltr'><strong>quod</strong></span> <span class='ocrx_word' id='word_1_749' title='bbox 3616 5111 3750 5168; x_wconf 83' lang='lat' dir='ltr'><strong>Ado</strong></span> 
     </span>
    </p>
   </div>
   <div class='ocr_carea' id='block_1_114' title="bbox 2103 5197 3751 5272">
    <p class='ocr_par' dir='ltr' id='par_1_114' title="bbox 2103 5197 3751 5272">
     <span class='ocr_line' id='line_1_115' title="bbox 2103 5197 3751 5272; baseline 0.001 -20"><span class='ocrx_word' id='word_1_750' title='bbox 2103 5197 2267 5253; x_wconf 89' lang='lat' dir='ltr'><strong>annis</strong></span> <span class='ocrx_word' id='word_1_751' title='bbox 2298 5198 2506 5255; x_wconf 89' lang='lat' dir='ltr'><strong>abhinc</strong></span> <span class='ocrx_word' id='word_1_752' title='bbox 2537 5199 2914 5271; x_wconf 87' lang='lat' dir='ltr'><strong>octingentis,</strong></span> <span class='ocrx_word' id='word_1_753' title='bbox 2942 5201 3090 5256; x_wconf 89' lang='lat' dir='ltr'><strong>tanti</strong></span> <span class='ocrx_word' id='word_1_754' title='bbox 3126 5201 3286 5272; x_wconf 90' lang='lat' dir='ltr'><strong>fecit,</strong></span> <span class='ocrx_word' id='word_1_755' title='bbox 3313 5206 3379 5258; x_wconf 91' lang='lat' dir='ltr'><strong>ut</strong></span> <span class='ocrx_word' id='word_1_756' title='bbox 3408 5198 3751 5258; x_wconf 87' lang='lat' dir='ltr'><strong>venerabile</strong></span> 
     </span>
    </p>
   </div>
   <div class='ocr_carea' id='block_1_115' title="bbox 2099 5286 3754 5361">
    <p class='ocr_par' dir='ltr' id='par_1_115' title="bbox 2099 5286 3754 5361">
     <span class='ocr_line' id='line_1_116' title="bbox 2099 5286 3754 5361; baseline 0.001 -21"><span class='ocrx_word' id='word_1_757' title='bbox 2099 5289 2157 5340; x_wconf 91' lang='lat' dir='ltr'><strong>et</strong></span> <span class='ocrx_word' id='word_1_758' title='bbox 2185 5286 2591 5357; x_wconf 90' lang='lat' dir='ltr'><strong>perantiquum</strong></span> <span class='ocrx_word' id='word_1_759' title='bbox 2615 5287 3132 5360; x_wconf 90' lang='lat' dir='ltr'><strong>duxerit,sibique,</strong></span> <span class='ocrx_word' id='word_1_760' title='bbox 3151 5287 3313 5346; x_wconf 89' lang='lat' dir='ltr'><strong>velut</strong></span> <span class='ocrx_word' id='word_1_761' title='bbox 3335 5289 3519 5361; x_wconf 88' lang='lat' dir='ltr'><strong>prima</strong></span> <span class='ocrx_word' id='word_1_762' title='bbox 3546 5286 3754 5359; x_wconf 89' lang='lat' dir='ltr'><strong>operis</strong></span> 
     </span>
    </p>
   </div>
   <div class='ocr_carea' id='block_1_116' title="bbox 2099 5371 3750 5449">
    <p class='ocr_par' dir='ltr' id='par_1_116' title="bbox 2099 5371 3750 5449">
     <span class='ocr_line' id='line_1_117' title="bbox 2099 5371 3750 5449; baseline 0.001 -20"><span class='ocrx_word' id='word_1_763' title='bbox 2099 5373 2188 5429; x_wconf 90' lang='lat' dir='ltr'><strong>sui</strong></span> <span class='ocrx_word' id='word_1_764' title='bbox 2223 5371 2570 5430; x_wconf 89' lang='lat' dir='ltr'><strong>lineamenta</strong></span> <span class='ocrx_word' id='word_1_765' title='bbox 2604 5375 2950 5434; x_wconf 91' lang='lat' dir='ltr'><strong>adumbrata</strong></span> <span class='ocrx_word' id='word_1_766' title='bbox 2989 5377 3388 5448; x_wconf 91' lang='lat' dir='ltr'><strong>proposuerit,</strong></span> <span class='ocrx_word' id='word_1_767' title='bbox 3413 5375 3567 5449; x_wconf 88' lang='lat' dir='ltr'><strong>quod</strong></span> <span class='ocrx_word' id='word_1_768' title='bbox 3611 5373 3750 5431; x_wconf 85' lang='lat' dir='ltr'><strong>suis</strong></span> 
     </span>
    </p>
   </div>
   <div class='ocr_carea' id='block_1_117' title="bbox 2099 5459 3754 5542">
    <p class='ocr_par' dir='ltr' id='par_1_117' title="bbox 2099 5459 3754 5542">
     <span class='ocr_line' id='line_1_118' title="bbox 2099 5459 3754 5542; baseline 0.001 -26"><span class='ocrx_word' id='word_1_769' title='bbox 2099 5474 2305 5518; x_wconf 89' lang='lat' dir='ltr'><strong>rursus</strong></span> <span class='ocrx_word' id='word_1_770' title='bbox 2338 5459 2636 5519; x_wconf 91' lang='lat' dir='ltr'><strong>coloribus</strong></span> <span class='ocrx_word' id='word_1_771' title='bbox 2659 5462 2947 5538; x_wconf 83' lang='lat' dir='ltr'><strong>pingeret,</strong></span> <span class='ocrx_word' id='word_1_772' title='bbox 2973 5461 3126 5521; x_wconf 91' lang='lat' dir='ltr'><strong>lucis</strong></span> <span class='ocrx_word' id='word_1_773' title='bbox 3149 5461 3464 5542; x_wconf 83' lang='lat' dir='ltr'><strong>splendore</strong></span> <span class='ocrx_word' id='word_1_774' title='bbox 3485 5460 3754 5529; x_wconf 76' lang='lat' dir='ltr'><strong>illustra-</strong></span> 
     </span>
    </p>
   </div>
  </div>
