3974 6150
234 240 341 300 697

1655 241 2198 305 PROLEGOIENA.

3528 239 3630 297 £98

232 370 348 424 ret.
386 366 532 425 Fero
563 366 715 438 quod
740 365 811 424 ad
844 365 995 425 hunc
1034 381 1218 441 usque
1264 369 1414 427 diem
1461 370 1629 429 latuit
1667 391 1679 427 :
1712 371 1880 443 cujus
1909 373 1965 433 Α
1995 369 2167 429 laetus
2197 371 2268 428 de
2319 370 2555 427 invento
2594 385 2623 428 a
2664 385 2727 427 se
2768 370 3061 439 thesauro,
3106 368 3477 439 redditoque,
3532 369 3625 427 cui

230 453 534 513 desiderio
565 458 882 527 tantopere
914 456 1192 527 ﬂagrabat
1228 459 1545 517 cardinalis
1577 462 1878 532 Baronius,

233 549 300 601 ut
331 543 505 601 animi
529 544 619 600 sui
646 546 832 601 testes
858 544 1086 602 tabulas
1108 551 1345 604 exstare
1368 548 1640 618 voluerit,
1669 552 1881 623 quibus

229 633 523 690 editorem
550 633 859 703 excitaret,
894 637 953 689 et
985 635 1235 703 gratiam
1264 644 1400 693 ante
1426 639 1768 696 beneﬁcium
1792 656 1880 697 re-

227 725 500 794 poneret.
536 723 653 778 Hoc
685 722 865 791 igitur
898 723 1367 796 Martyrologium
1400 731 1562 785 tanto
1604 729 1879 787 ﬁdentius

225 811 301 867 ad
344 809 727 866 Sanctitatem
780 812 1041 868 Vestram
1090 813 1308 884 defero,
1362 820 1580 886 quanto
1624 816 1877 889 plurium

222 898 712 969 gravissimorum
746 899 1003 957 virorum
1044 904 1371 973 patrocinio
1402 906 1740 965 comitatum
1784 925 1878 966 ve-

226 987 335 1044 nit.
368 1008 396 1040 η

298 1080 388 1133 73.
416 1078 503 1135 Ita
525 1077 887 1150 Rosweydus
909 1077 1214 1151 splendide
1239 1098 1305 1140 ac
1321 1084 1624 1155 eleganter
1644 1103 1871 1160 munus,

223 1167 321 1223 vel
351 1171 608 1239 partum,
645 1172 708 1224 ut
737 1168 817 1225 ita
851 1168 1059 1239 dicam,
1094 1186 1262 1229 suum
1295 1176 1581 1232 communi
1616 1176 1874 1237 ﬁdelium

224 1256 387 1312 Patri
422 1256 619 1312 verbis
649 1272 878 1327 ornare,
914 1273 980 1313 ac
1012 1258 1304 1330 religiose,
1352 1279 1459 1318 non
1502 1264 1870 1338 Thrasonice,

223 1348 291 1401 ut
320 1344 510 1413 garrit
542 1345 808 1416 Beckius,
842 1347 1123 1417 modeste,
1154 1348 1407 1420 inquam,
1436 1357 1736 1410 ostentare
1763 1372 1871 1412 non

223 1432 546 1489 dubitavit.
584 1448 772 1504 neque
806 1439 944 1490 tunc
975 1449 1104 1491 cum
1137 1435 1238 1492 illo
1269 1438 1613 1497 dubitabant
1654 1444 1871 1500 eruditi

219 1516 678 1588 gravissimique
722 1518 853 1589 viri,
908 1534 1150 1590 quorum
1194 1524 1520 1592 patrocinio
1560 1528 1872 1586 comitatus

222 1604 521 1672 veniebat,
557 1605 696 1675 quin
730 1621 866 1663 vere
900 1608 1371 1679 Martyrologium
1403 1614 1475 1668 ab
1507 1620 1711 1670 sancto
1735 1617 1870 1673 Gre-

1990 461 2381 532 competebat,
2436 460 2698 530 Domino,
2746 460 3109 525 Heribertus,
3158 466 3319 517 certe
3377 456 3627 516 eximius

1990 550 2136 622 ipse,
2172 549 2313 607 solis
2344 549 2647 621 sapientiae
2678 549 2896 618 radius,
2931 549 3047 605 vivi
3083 550 3213 606 ﬁdei
3256 552 3432 609 fontis
3473 552 3627 608 rivu-

1989 639 2101 709 lus,
2146 638 2391 695 virentis
2425 637 2673 708 justitiaz
2713 638 2938 708 stipitis
2980 652 3191 708 ramus,
3220 638 3454 711 jamque
3492 640 3623 697 coeli

1991 727 2296 799 pulchrum
2328 741 2394 783 ac
2426 730 2710 782 aeternum
2741 726 2924 782 sidus.
2960 746 2986 776 ι)

2058 822 2144 872 75.
2182 816 2400 886 Ecquid
2434 815 2665 871 diceres
2704 815 3091 885 Rosweydum
3134 814 3225 871 hic
3265 830 3295 870 a
3341 817 3627 889 Saussayo

1990 906 2168 961 ferme
2198 905 2497 976 apotheosi
2531 905 2843 960 donatum?
2873 904 2981 959 Sed
3027 904 3156 959 faxo
3200 905 3359 960 brevi
3398 919 3625 962 versam

1986 994 2282 1065 cytharam
2306 993 2619 1063 intelligas.
2647 992 2753 1059 Qui
2779 992 2870 1047 hic
2894 995 3008 1048 tam
3033 991 3333 1061 magniﬁce
3356 994 3629 1065 Roswey-

1986 1084 2121 1141 dum
2166 1083 2409 1153 ejusque
2458 1080 2717 1138 oblatum
2759 1080 3029 1137 Pontiﬁci
3074 1095 3283 1137 munus
3321 1082 3388 1137 ad
3433 1082 3625 1139 sidera

1988 1186 2170 1243 usque
2192 1171 2446 1240 extollit,
2475 1171 2626 1226 idem
2651 1171 2775 1241 ipse
2799 1168 2937 1225 alibi
2965 1170 3268 1240 praefatum
3291 1170 3629 1241 Martyrolo-

1983 1262 2161 1331 gium,
2189 1259 2617 1331 prmconceptis
2640 1259 2762 1315 suis
2786 1258 2857 1313 de
2882 1259 3231 1329 Areopagita
3256 1273 3329 1313 ex
3352 1258 3626 1317 Hilduino

1982 1350 2355 1421 opinionibus
2378 1348 2675 1405 adversari
2700 1348 3040 1415 observans,
3058 1348 3221 1417 quasi
3245 1352 3427 1403 oestro
3442 1350 3627 1419 perci-

1988 1444 2099 1507 tus,
2158 1440 2317 1494 diras
2375 1438 2799 1509 quodammodo
2860 1437 2916 1491 in
2974 1437 3162 1506 ipsum
3222 1436 3625 1508 editoremque

1981 1528 2217 1598 evomit,
2239 1528 2954 1597 turpiterrecantansquze
2980 1524 3034 1579 in
3060 1525 3368 1595 utriusque
3394 1524 3623 1582 laudem

1982 1621 2097 1672 tam
2128 1606 2383 1685 gloriose
2417 1616 2731 1681 cecinerat,
2769 1616 2832 1669 ut
2873 1613 3142 1683 pluribus
3186 1618 3468 1670 memorat
3503 1614 3625 1670 Flo-

218 1692 385 1762 gorio
417 1694 885 1750 commendatum
916 1695 1173 1752 Romano
1204 1699 1465 1768 pontiﬁci
1510 1704 1860 1772 porrigeret.
1896 1720 1949 1780 Β
1981 1705 2269 1760 rentinius
2302 1705 2357 1760 in
2390 1703 2887 1760 admonitionibus
2919 1702 3043 1757 suis
3076 1702 3327 1772 praeviis,
3366 1718 3493 1774 pag.
3534 1709 3619 1773 17,

223 1781 435 1837 Verum
468 1781 593 1839 haec
623 1786 975 1853 praemature
1009 1784 1162 1841 dicta
1187 1788 1537 1844 crediderim
1560 1792 1868 1860 agnovisse

221 1869 474 1926 subinde
526 1870 912 1941 Bosweydum
954 1872 1163 1942 ipsum.
1210 1875 1508 1948 Nimirum,
1563 1879 1696 1936 dum
1748 1882 1870 1939 haec

220 1957 537 2026 scriberet,
583 1958 833 2014 nondum
876 1958 1107 2016 illustre
1157 1961 1311 2017 istud
1365 1964 1867 2036 Hieronymianum

220 2047 681 2117 Epternacense,
717 2046 789 2102 de
821 2062 936 2117 quo
967 2048 1151 2119 priori
1183 2050 1375 2121 capite
1416 2068 1546 2110 cum
1590 2055 1866 2113 Bollando

218 2134 468 2204 egimus,
513 2149 544 2189 e
585 2134 883 2192 carthusia
924 2137 1253 2194 Trevirensi
1307 2140 1559 2198 feliciter
1606 2150 1862 2201 eruerat.

220 2224 471 2293 Etenim,
497 2238 571 2279 ex
594 2223 922 2295 utriusque,
948 2229 1090 2296 puta
1114 2227 1865 2299 HieronymianietRomani

218 2313 380 2385 parvi
406 2312 863 2383 comparatione,
889 2314 1058 2385 facile
1089 2318 1424 2384 agnovisset
1452 2320 1543 2375 vir
1574 2322 1867 2393 perspica-

217 2399 514 2469 cissimus,
548 2415 659 2455 non
690 2400 825 2456 huic
858 2404 980 2457 tam
1013 2404 1249 2474 proprie
1281 2419 1449 2475 quam
1482 2406 1652 2463 alteri
1676 2410 1865 2480 aptari

219 2503 389 2559 posse
442 2487 629 2557 Magni
678 2489 943 2557 Gregorii
985 2490 1463 2563 descriptionem,
1504 2510 1614 2565 qua
1663 2498 1865 2568 utique

218 2576 515 2633 indicatur
561 2576 1038 2647 Martyrologium
1079 2580 1605 2653 llieronymianum,
1647 2585 1714 2640 in
1750 2594 1867 2655 qua

217 2665 453 2721 tantum
481 2664 725 2722 nomine
752 2667 1112 2738 martyrum,
1149 2669 1309 2726 locus
1340 2670 1398 2725 et
1422 2670 1550 2727 dies
1556 2674 1867 2743 passionis

212 2753 395 2824 positi
429 2752 812 2811 haberentur.
851 2754 1014 2820 Quod
1040 2756 1329 2828 perbreve
1353 2758 1497 2814 velit
1529 2774 1661 2816 esse
1693 2762 1865 2818 Baro-

216 2841 364 2911 nius,
383 2856 497 2898 non
513 2846 689 2897 estex
704 2846 895 2898 mente
910 2844 1195 2915 Gregorii,
1221 2860 1351 2902 cum
1374 2846 1430 2901 in
1456 2846 1642 2918 ipsius
1665 2848 1865 2907 libello

212 2930 390 2987 multi
411 2943 489 2986 ea:
508 2930 765 2988 diversis
797 2930 976 2989 terris
1006 2933 1189 3003 atque
1204 2935 1562 3006 provinciis,
1595 2950 1706 3007 per
1740 2938 1867 2997 dies

1980 1808 2203 1862 nosque
2237 1791 2410 1864 paulo
2448 1792 2594 1847 infra
2638 1790 2877 1847 uberius
2919 1790 3317 1846 ostendemus.
3362 1793 3442 1847 Ne
3484 1807 3623 1848 vero

1982 1880 2250 1951 pluribus
2269 1880 2401 1936 aliis
2426 1878 2755 1948 Rosweydi,
2784 1878 3026 1947 ejusque
3050 1882 3382 1947 procurata;
3402 1881 3622 1935 veteris

1980 1969 2216 2025 Romani
2241 1966 2637 2037 Martyrologii
2659 1965 2936 2021 editionis
2960 1964 3621 2037 laudatoribusconqui-

1981 2057 2179 2112 rendis
2212 2060 2440 2126 tempus
2472 2059 2676 2123 teram,
2712 2057 2812 2109 aut
2845 2052 3053 2108 lectori
3076 2066 3271 2107 creem
3296 2053 3615 2123 fastidium,

1980 2159 2153 2202 unum
2194 2145 2509 2215 producam
2549 2141 2784 2211 egregie
2826 2140 3080 2211 doctum,
3117 2141 3423 2211 magnique
3464 2142 3620 2197 inter

1977 2232 2242 2289 eruditos
2284 2230 2531 2287 nominis
2579 2231 2787 2299 virum,
2840 2229 3148 2285 Henricum
3197 2228 3510 2299 Valcsium,
3563 2230 3619 2287 in

1978 2320 2393 2377 dissertatione
2427 2318 2589 2375 brevi
2621 2316 3008 2386 discutienda,
3045 2317 3154 2373 hoc
3184 2316 3254 2371 de
3287 2318 3375 2373 sui
3400 2321 3621 2389 tempo-

1979 2409 2061 2465 ris
2091 2408 2482 2479 scriptoribus
2515 2405 2911 2462 testimonium
2947 2405 3229 2460 ferentem
3265 2423 3275 2458 :
3312 2423 3339 2456 »
3385 2419 3622 2476 persua-

1976 2497 2145 2565 sisse,
2180 2496 2469 2563 nimirum,
2506 2493 2696 2550 doctis
2735 2491 3067 2549 hominibus
3107 2493 3519 2564 Rosweydum,
3556 2497 3621 2551 ut

1976 2586 2049 2641 ab
2081 2584 2351 2640 omnibus
2382 2581 2628 2638 diversae
2659 2581 2833 2637 etiam
2867 2581 3292 2637 communionis
3324 2581 3466 2638 viris
3509 2582 3621 2638 hoc

1976 2671 2448 2743 Martyrologium
2465 2686 2570 2742 pro
2588 2674 2789 2725 vetere
2812 2670 3069 2724 Romano
3092 2669 3437 2739 accipiatur,
3464 2670 3618 2739 ejus-

1978 2775 2089 2832 que
2119 2759 2475 2817 auctoritate
2504 2773 2572 2815 ac
2605 2756 2941 2814 testimonio
2972 2770 3173 2812 omnes
3204 2756 3421 2827 passim
3464 2757 3520 2812 in
3552 2757 3617 2813 li-

1978 2849 2101 2905 bris
2131 2848 2254 2905 suis
2283 2851 2545 2905 utantur.
2582 2864 2609 2897 ››

2044 2941 2131 2993 76.
2174 2938 2295 2992 Non
2344 2939 2435 2991 est
2474 2931 2710 2990 insolita
2748 2930 2979 2987 Valesio
3017 2930 3296 2999 grandior
3335 2933 3610 2988 auxesis:

213 3018 1866 3118 singulqseognoseammmartyrz‘ocoronati,quichara-
1893 3062 1942 3124 Ο
1978 3040 2165 3096 neque
2213 3025 2364 3080 enim
2414 3023 2494 3079 ita
2539 3025 2666 3093 post
2710 3019 3097 3089 Rosweydum
3138 3019 3410 3124 abierunt
3457 3020 3615 3079 docti

214 3111 337 3164 cter
390 3106 859 3176 Ilieronymianis
907 3109 1182 3179 proprius
1222 3114 1311 3167 est
1339 3128 1353 3178 ;
1384 3112 1636 3169 Romano
1678 3129 1859 3184 parvo
1894 3106 1942 3124 υ
1970 3111 2691 3182 homines,utnullusante
2714 3108 3006 3165 Valesium
3032 3107 3427 3179 Martyrologii
3454 3108 3612 3167 illius

216 3210 320 3252 non
351 3195 518 3263 item,
553 3198 619 3251 ut
651 3195 813 3251 brevi
846 3195 1065 3253 clarius
1095 3196 1410 3255 elucescet.
1441 3201 1572 3257 Hac
1595 3202 1783 3258 omnia
1807 3203 1855 3259 si

214 3286 530 3341 observare
553 3283 843 3355 potuisset
864 3285 1244 3356 Rosweydus,
1271 3285 1422 3343 haud
1446 3288 1685 3346 dubium
1718 3290 1853 3361 quin

214 3378 380 3430 vetus
402 3388 573 3430 suum
598 3387 727 3429 cum
753 3373 1108 3442 Gregoriano
1130 3374 1363 3431 minime
1384 3377 1853 3436 confundendum

215 3465 499 3534 putasset.
535 3463 651 3517 Nec
681 3475 821 3517 vero
854 3461 987 3517 inde
1012 3462 1294 3533 splendor
1316 3464 1731 3536 Martyrologio
1755 3468 1854 3524 isti

214 3552 391 3621 gratis
413 3549 846 3621 quodammodo
869 3551 1264 3607 accersendos
1294 3557 1443 3621 erat,
1468 3568 1600 3609 cum
1620 3554 1854 3613 aliunde

213 3640 361 3695 veris
386 3638 515 3696 suis
538 3637 909 3710 propriisque
931 3652 1044 3693 non
1067 3638 1853 3715 careatlaudibus,quasipsi

217 3728 548 3795 utmeritas,
567 3730 630 3783 ut
652 3725 882 3782 debitas
909 3730 1034 3781 toto
1061 3727 1171 3783 hoc
1194 3728 1844 3799 eapitevindicabimus.

276 3820 363 3874 74.
397 3818 688 3873 Caeterum
710 3814 867 3885 quod
894 3814 1066 3870 modo
1096 3815 1293 3871 aiebat
1326 3817 1855 3890 Rosweydus,plu-

216 3906 367 3962 rinam
372 3903 879 3977 gravissimorum
890 3904 1243 3975 virorumpa
1248 3904 1499 3962 tractatio
1509 3906 1725 3963 eomita
1731 3907 1855 3965 tum

215 3994 406 4051 venire
437 3994 701 4061 Romam,
755 4005 929 4047 suum
981 3990 1123 4048 illud
1164 3996 1334 4049 vetus
1378 3994 1851 4066 Martyrologium

218 4081 580 4139 verissimum
595 4079 890 4149 existimo,
910 4085 1091 4137 tamet
1110 4080 1159 4137 si
1176 4081 1345 4137 modo
1362 4088 1690 4154 promptum
1715 4085 1851 4140 mihi

215 4184 317 4226 non
339 4170 416 4227 sit
431 4169 700 4225 vivorum
718 4167 953 4225 illorum
973 4169 1248 4239 suffragia
1262 4169 1659 4241 colligere.Sit
1681 4174 1851 4229 nobis

218 4258 302 4314 hic
327 4274 474 4316 unus
498 4257 755 4313 omnium
780 4257 966 4313 instar
1007 4257 1268 4314 Andreas
1292 4261 1639 4331 Saussayus,
1667 4261 1721 4316 in
1745 4262 1851 4317 hac

218 4345 408 4404 saltem
423 4351 594 4419 parte
607 4344 839 4401 minime
855 4347 1855 4418 suspectusRosweyediencomias-

221 4438 317 4491 tes.
342 4435 704 4491 Laudaverat
728 4434 850 4506 ipse
874 4448 987 4489 non
1020 4449 1132 4490 uno
1158 4433 1287 4489 loco
1317 4439 1635 4506 apparatus
1665 4437 1751 4493 sui
1776 4438 1847 4492 ad

220 4522 674 4593 Martyrologium
690 4520 1067 4592 Gallicanum,
1078 4526 1446 4593 procuratam
1458 4523 1677 4580 veteris
1692 4524 1847 4582 illius

221 4610 594 4682 Martyrologii
618 4610 1069 4680 editionem,sed
1096 4625 1222 4681 cap.
1243 4610 1626 4682 19dispersos
1651 4612 1846 4670 radios

220 4697 505 4770 colligens,
542 4699 665 4757 haec
698 4699 852 4754 inter
883 4698 993 4753 alia
1039 4698 1110 4755 de
1143 4698 1467 4769 Rosweydo
1514 4699 1791 4770 praedicat
1830 4721 1840 4755 :

223 4805 247 4835 ι
272 4787 733 4859 Martyrologium
766 4791 934 4843 vetus
956 4788 1294 4857 Romanum,
1323 4792 1408 4844 tot
1432 4787 1663 4845 saeculis
1685 4789 1845 4845 abdi-

222 4878 346 4940 tum,
378 4879 543 4932 tanto
573 4878 719 4932 aestu
752 4890 782 4930 a
814 4875 1058 4932 Baronio
1090 4875 1507 4946 desideratum,
1544 4876 1842 4948 multoque

221 4962 414 5019 sudore
463 4979 495 5019 a
528 4978 592 5019 se
642 4963 1047 5035 perquisitum,
1085 4963 1314 5020 tandem
1366 4963 1562 5020 divino
1604 4981 1841 5023 munere

225 5052 439 5122 reperit,
476 5067 544 5108 ac
596 5056 893 5123 repertum
942 5052 1188 5123 primum
1230 5052 1284 5108 in
1321 5051 1508 5109 lucem
1542 5055 1836 5125 produxit,

223 5140 625 5197 notatiunculis
638 5154 740 5197 sua
757 5140 1087 5197 eruditione
1102 5141 1837 5214 dignisinstructum,quod

224 5224 376 5285 Paulo
406 5232 449 5286 V
484 5229 742 5301 pontiﬁci
776 5230 1045 5301 maxime,
1082 5230 1441 5301 pereleganti
1464 5231 1711 5303 epistola
1742 5232 1840 5287 de-

220 5310 442 5385 dicavit;
474 5323 537 5375 ut
568 5319 640 5375 ad
672 5317 1375 5390 solem,quemadmodum
1399 5320 1499 5387 ait,
1529 5320 1836 5389 radius,ad

1966 3207 2334 3274 oppugnator
2356 3200 2550 3257 fuerit.
2578 3199 2816 3255 Novisse
2839 3201 3075 3269 poterat
3098 3212 3423 3268 censorem,
3442 3198 3611 3269 plane

1968 3290 2289 3360 liberalem,
2333 3292 2395 3345 V.
2444 3290 2502 3345 C.
2544 3290 2818 3344 Joannem
2867 3288 3234 3355 Frontonem,
3280 3286 3609 3342 Kalendarii

1966 3379 2202 3436 Romani
2233 3378 2542 3443 editorem;
2579 3392 2693 3446 quo
2738 3389 2905 3431 nemo
2947 3374 3206 3445 brevius,
3250 3388 3415 3432 nemo
3459 3376 3611 3431 forte

1963 3468 2159 3525 acrius
2189 3471 2393 3524 contra
2425 3464 2766 3521 insurrexit.
2804 3462 2914 3519 Sed
2949 3462 3102 3519 hunc
3142 3463 3288 3520 infra
3332 3478 3438 3519 suo
3481 3463 3610 3521 loco

1963 3556 2322 3613 conveniam.
2351 3557 2545 3624 Neque
2568 3552 2897 3622 ignorabat,
2928 3552 3157 3621 opinor,
3186 3550 3459 3608 Valesius
3484 3552 3612 3609 Bol-

1965 3645 2118 3702 landi
2142 3642 2663 3716 prudentissimum
2688 3640 2759 3695 de
2782 3634 2990 3694 cedem
3016 3638 3432 3709 Martyrologio
3456 3640 3610 3709 judi-

1961 3735 2134 3803 cium,
2172 3732 2325 3802 quod
2359 3731 2697 3802 priusquam
2733 3727 2884 3783 ultra
2931 3727 3360 3797 progredimur,
3402 3728 3496 3784 hic
3536 3744 3608 3783 ex

1963 3818 2305 3894 praefatione
2352 3815 2632 3887 generali,
2681 3829 2806 3885 cap.
2864 3817 2914 3883 4,
2976 3813 3018 3885 ς
3076 3819 3126 3884 5,
3190 3814 3606 3884 compendiose

1963 3908 2359 3979 subjiciemus.
2404 3905 2575 3961 Plura
2624 3903 2895 3973 equidem
2945 3902 3022 3961 ibi
3073 3902 3330 3969 oﬁ‘endo,
3386 3903 3441 3958 in
3496 3903 3605 3959 hoc

1964 4003 2164 4055 nostro
2204 4010 2402 4067 opere,
2435 3997 2535 4050 aut
2587 3992 2864 4048 restituta
2906 3995 3007 4047 aut
3036 3989 3254 4047 clarius
3294 3992 3604 4062 exposita;

1962 4102 2161 4143 verum
2186 4084 2341 4156 quod
2354 4083 2425 4138 ad
2443 4082 2619 4137 toties
2626 4080 2742 4149 jam
2760 4079 3114 4135 nominatum
3130 4078 3602 4150 Martyrologium

1962 4176 2195 4243 attinet,
2227 4173 2384 4230 clare
2418 4170 2496 4227 ibi
2530 4168 2843 4225 Bollandus
2874 4167 3170 4237 edisserit,
3209 4187 3236 4219 «
3266 4183 3378 4223 non
3411 4184 3541 4225 esse
3573 4186 3601 4225 a

1963 4260 2525 4333 Rosweydocditum
2549 4257 2691 4314 illud
2718 4257 2872 4328 quod
2895 4260 3024 4314 erat
3046 4258 3103 4312 F.
3132 4256 3394 4327 Gregorii
3427 4263 3601 4315 aetate

1963 4349 2458 4421 Martyrologium.
2477 4367 2504 4399 »
2522 4349 2859 4416 Rursusque
2875 4349 3008 4416 post
3024 4344 3299 4401 nonnulla
3315 4344 3447 4416 alia,
3466 4362 3602 4403 ocu-

1961 4439 2248 4497 latissimo
2269 4441 2482 4494 caetera
2506 4434 2784 4491 Bollando
2808 4449 2918 4489 non
2943 4434 3087 4490 satis
3106 4438 3247 4489 tunc
3269 4439 3596 4505 perspecta,

1958 4529 2037 4585 ita
2067 4526 2408 4599 pronuntiat
2436 4544 2447 4578 :
2477 4545 2505 4577 «
2530 4523 2677 4580 Illud
2701 4528 2891 4579 tamen
2924 4521 3146 4593 liquido
3177 4527 3450 4579 constare
3481 4524 3599 4578 exi-

1956 4618 2151 4684 stimo,
2186 4630 2299 4671 non
2332 4628 2485 4684 esse,
2522 4612 2676 4684 quod
2710 4612 2997 4668 describit
3020 4613 3259 4666 sanctus
3283 4612 3597 4681 Gregorius

1955 4705 2099 4762 illud
2143 4704 2298 4775 quod
2349 4707 2438 4758 est
2482 4717 2511 4757 a
2558 4699 2879 4770 Rosweydo
2920 4698 3241 4767 vulgatum.
3279 4700 3473 4768 Neque
3516 4704 3599 4755 ta-

1954 4809 2103 4863 men,
2137 4813 2166 4845 »
2201 4790 2404 4848 subdit
2438 4810 2450 4844 :
2488 4809 2516 4841 «
2556 4789 2667 4845 hoc
2707 4786 3060 4845 cuicuimodi
3110 4788 3205 4856 sit,
3243 4787 3591 4858 respuimus.

1953 4883 2180 4938 Utinam
2203 4879 2405 4951 plures
2430 4877 2639 4934 similia
2654 4876 3026 4946 antiquitatis
3044 4876 3593 4945 monumenta,quod

1954 4972 2218 5041 possunt,
2273 4970 2570 5023 eruerent.
2631 4986 2656 5016 »
2716 4965 2879 5020 Mitto
2938 4963 3297 5035 scrupulum,
3351 4978 3465 5033 quo
3515 4964 3593 5019 ibi

1955 5055 2267 5114 Bollandus
2311 5055 2561 5123 laborat,
2615 5067 2684 5108 ne
2735 5052 2965 5109 scilicet
3015 5050 3509 5123 Martyrologium,
3564 5069 3593 5109 a

1948 5143 2275 5214 Rosweydo
2288 5142 2509 5199 editum
2524 5141 3063 5198 Romanumminus
3078 5145 3395 5211 nuncupet,
3415 5159 3443 5192 α
3461 5142 3594 5213 quia

1948 5249 2017 5290 eo
2040 5232 2214 5290 titulo
2234 5232 2517 5303 (Romani
2532 5230 2771 5299 veteris)
2794 5230 3016 5285 editum
3042 5242 3071 5282 a
3095 5228 3219 5283 viro
3252 5229 3595 5286 doctissimo

1944 5338 2127 5394 eaque
2160 5322 2311 5393 apud
2344 5321 2613 5377 eruditos
2636 5317 2880 5374 invaluit
2914 5316 3323 5374 nomenclatio.
3352 5338 3379 5369 ››
3415 5320 3594 5374 Nemo

222 5401 410 5461 fontem
435 5406 685 5477 rivulus,
712 5407 783 5464 ad
805 5407 1066 5479 stipitem
1087 5422 1302 5477 ramus,
1329 5408 1398 5463 ad
1428 5407 1639 5463 coelum
1672 5406 1836 5462 sidus
1943 5426 2097 5482 aegre
2122 5412 2270 5467 feret
2291 5424 2493 5466 vocem
2516 5409 2681 5465 vetus
2706 5421 2817 5462 non
2843 5406 2920 5461 ita
2955 5406 3401 5463 convenientem
3435 5423 3466 5462 a
3500 5419 3587 5461 me

220 5492 437 5566 rediret,
471 5501 588 5554 etc.
622 5498 707 5553 lta
740 5497 1021 5569 praefatur
1051 5496 1120 5552 ad
1154 5496 1488 5567 pontiﬁcem
1522 5510 1831 5564 summum,

1945 5501 2001 5557 in
2013 5514 2274 5572 parvum
2296 5501 2595 5565 mutatam,
2623 5498 2686 5552 ut
2707 5494 3271 5583 contradistinguam
3297 5497 3369 5552 ab
3392 5496 3590 5550 Hiero-
