3988 6158
332 263 435 317 699

1281 251 1650 312 USUARDUS
1686 246 2072 307 MONACHUS
2110 245 2756 305 SANGERMANENSIS.

3611 249 3716 304 800

327 377 598 451 'nymiano
617 377 852 448 majore,
888 377 1041 450 quod
1065 379 1354 434 facturum
1379 376 1558 433 fuisse
1578 371 1966 444 Rosweydum
1995 369 2053 432 A
2079 374 2329 442 ctorum,
2380 369 2698 429 innumeris
2755 369 2898 427 locis
2951 373 3281 428 recurrunt.
3341 370 3474 428 Haec
3521 374 3712 429 autem
3749 393 3754 400 ε

331 480 519 536 ipsum
554 463 725 536 plane
748 465 1046 534 existimo,
1073 464 1121 521 si
1150 468 1271 521 tum
1295 461 1555 519 codicem
1579 459 1973 531 Hieronymia-

330 568 463 610 num
497 553 668 624 longe
700 553 1084 609 vestutiorem
1123 552 1388 620 vidisset,
1429 565 1558 606 cum
1599 549 1788 606 minus
1825 547 1969 604 illud

329 657 498 698 suum
528 644 868 711 Romanum,
902 657 1014 698 non
1049 645 1163 698 tam
1224 645 1412 710 vetus,
1453 638 1617 710 prelo
1669 649 1971 694 commune

330 729 608 786 reddidit.

399 823 488 874 77.
524 819 622 874 Est
658 819 856 888 itaque
891 833 1026 874 vera
1061 816 1320 874 Bollandi
1351 821 1410 872 et
1435 820 1633 872 nostra
1658 813 1968 883 sententia,

331 908 705 963 characteres
735 922 764 962 a
800 906 852 961 S.
887 907 1165 975 Gregorio
1206 906 1261 960 in
1303 904 1520 961 celebri
1560 904 1627 959 ad
1672 903 1971 972 Eulogium

331 1001 390 1050 et
425 1010 580 1066 saepe
605 995 721 1064 jam
749 994 981 1050 laudata
1005 993 1255 1065 epistola
1279 993 1592 1062 exhibitos,
1620 993 1674 1047 in
1698 992 1973 1062 Martyro-

336 1083 551 1154 logium
585 1099 614 1140 a
657 1084 982 1153 Rosweydo
1019 1084 1242 1138 editum
1283 1082 1570 1152 quadrare
1611 1095 1972 1152 nequaquam

339 1185 541 1242 posse;
575 1187 704 1227 cum
739 1171 836 1226 ille
863 1170 1178 1227 indiculum
1203 1169 1440 1238 indicet,
1477 1171 1531 1225 in
1556 1183 1833 1241 quopeue
1859 1183 1974 1226 om-

335 1262 502 1317 uiwm
517 1262 875 1331 martyrum,
897 1261 1200 1318 distinctis
1208 1274 1323 1331 per
1336 1260 1604 1332 singulos
1616 1259 1976 1330 disspassio-

336 1348 530 1419 uibus,
553 1349 798 1406 collecta
835 1349 1075 1404 nomina
1106 1349 1490 1417 habebantur,
1520 1348 1673 1417 quod
1705 1348 1974 1416 Roswey-

337 1435 474 1492 dino
516 1437 928 1506 Maatyrologio
967 1441 1086 1492 tam
1117 1440 1206 1492 est
1236 1440 1461 1492 certum
1496 1451 1607 1491 non
1640 1435 1970 1505 convenire,

339 1539 506 1596 quam
533 1531 758 1580 certum
784 1526 856 1579 sit
876 1524 1092 1580 diesibi
1110 1524 1328 1594 aliquot
1345 1538 1560 1580 vacuos
1574 1523 1975 1594 rcperiri,plu-

338 1611 534 1679 rimos,
561 1616 752 1666 autem
779 1611 876 1666 ubi
903 1611 1106 1667 unicus
1131 1626 1244 1666 uno
1278 1611 1369 1665 die
1403 1611 1782 1679 consignatur
1813 1625 1975 1666 sanc-

2080 459 2269 516 omnia
2308 474 2438 516 cum
2480 459 2729 516 veritate
2778 473 2891 515 non
2929 459 3226 516 cohaerere
3266 458 3716 517 Observationes

2081 552 2296 605 nostrae
2309 548 2515 606 diebus
2529 547 2771 619 singulis
2791 547 2978 604 textui
2996 547 3318 604 Usuardino
3335 547 3580 617 adjectae
3595 547 3717 603 sole

2081 636 2401 693 meridiano
2425 636 2642 694 elarius
2675 637 3144 694 manifestabunt.

2149 731 2238 782 79.
2277 723 2443 782 Prior
2480 730 2672 782 autem
2719 724 3078 782 diﬂlcultatis
3127 739 3281 796 pars,
3325 725 3486 797 quod
3510 725 3756 797 plures-

2079 815 2264 872 multo
2273 815 2507 873 sanctos
2518 813 2869 872 babeatAdo
2881 815 2948 872 in
2957 828 3064 872 suo
3073 813 3723 886 Martyrologioguam

2080 905 2189 974 qui
2207 904 2502 962 iumiuori
2520 905 2782 962 Romano
2793 904 3169 962 continentur
3185 917 3454 975 ;quoque
3474 903 3721 976 proinde

2068 1007 2295 1064 parum
2315 993 2640 1066 aclmodum
2656 993 2849 1050 «villo
2867 992 3126 1051 subsidii
3147 991 3720 1064 bam-irepotuisset,

2083 1097 2224 1154 pace
2247 1082 2506 1140 Bollandi
2529 1082 2752 1152 dixero,
2778 1081 3047 1139 facillime
3069 1081 3430 1152 dissolvitur,
3446 1096 3584 1138 nam
3606 1081 3724 1139 Ado

2083 1184 2365 1241 nusquam
2389 1169 2639 1227 insinuat
2663 1183 2724 1225 se
2743 1184 2945 1226 omnes
2963 1174 3198 1226 sanctos
3229 1183 3364 1226 suos
3383 1183 3457 1224 ex
3482 1181 3726 1226 acuent-

2083 1258 2194 1316 bili
2232 1261 2292 1316 et
2313 1259 2679 1330 perautiquo
2717 1257 3153 1330 Martyrologio
3185 1257 3602 1328 desumpsisse,
3629 1257 3725 1314 sed

2083 1347 2362 1418 adjutum
2373 1360 2434 1403 se
2446 1361 2515 1402 eo
2530 1347 2977 1416 fatetur,utdies
2987 1346 3346 1418 martyrum,
3360 1345 3470 1416 qui
3486 1345 3729 1418 confusi

2080 1435 2149 1492 in
2177 1435 2475 1492 Kalendis
2493 1435 2647 1492 satis
2669 1435 2929 1492 inveniri
2947 1435 3224 1503 solerent,
3235 1434 3546 1492 verissim
3567 1433 3728 1490 nota-

2081 1523 2376 1582 rauturJd
2391 1537 2518 1579 nem
2528 1523 2732 1594 pe,nisi
2747 1524 3122 1580 vehementer
3137 1521 3326 1592 fallor,
3343 1525 3588 1578 sanctus
3600 1523 3730 1577 Mar-

2084 1611 2392 1682 tyrologus
2433 1611 2640 1682 innuit,
2677 1611 2964 1682 reperisse
2997 1625 3056 1666 se
3097 1609 3152 1665 in
3185 1625 3252 1666 eo
3295 1608 3729 1681 Martyrologio,

339 1699 731 1767 tus.Acccdit,
751 1699 902 1768 quod
917 1697 1976 1766 exeodemGregoriitestimoniocon-
2007 1722 2061 1782 Β
2090 1699 2420 1756 distinctam
2453 1699 2675 1755 dierum
2701 1714 2798 1756 seu
2823 1699 3210 1755 Kalendarum
3243 1698 3474 1765 seriem,
3506 1711 3644 1767 quze
3677 1696 3729 1752 in

339 1791 478 1856 stet,
507 1787 560 1842 in
587 1787 788 1843 eodem
812 1787 1104 1843 volumine
1129 1801 1237 1842 non
1263 1786 1526 1855 indicari,
1551 1787 1689 1857 quis
1709 1787 1978 1858 qualiter
2087 1787 2550 1859 Hieronymiano,
2587 1803 2699 1858 quo
2721 1787 2896 1842 etiam
2933 1787 3260 1844 certissime
3297 1801 3438 1842 usus
3467 1789 3587 1855 est,
3625 1791 3733 1840 tur-

337 1876 420 1932 sil
437 1889 680 1946 passas,
711 1877 816 1932 sccl
845 1876 1242 1931 tantummodo
1271 1889 1498 1945 nomen,
1533 1877 1721 1932 locum
1747 1877 1804 1931 et
1821 1876 1978 1932 diem
2091 1876 2248 1946 bato,
2283 1875 2482 1932 luxato
2510 1881 2567 1932 et
2608 1877 2848 1933 confuso
2887 1877 3112 1945 ordine,
3147 1875 3332 1931 adhuc
3372 1875 3569 1944 hodie,
3609 1876 3732 1944 post

326 1964 636 2034 passionis
662 1965 851 2034 poni,-
881 1968 936 2018 at
981 1963 1218 2018 Romani
1259 1963 1423 2034 parvi
1461 1968 1669 2020 auctor
1710 1964 1875 2034 plura
1915 1968 1974 2020 et
2085 1961 2398 2023 multorum
2428 1961 2792 2018 eruditorum
2825 1961 3324 2031 diligentissimam
3352 1975 3620 2032 operam,
3654 1971 3754 2042 re:

337 2052 706 2108 distinctiora
752 2052 997 2122 addidit,
1032 2066 1136 2122 per
1177 2067 1305 2123 quae
1345 2053 1759 2122 Gregorianum
1806 2051 1976 2124 longe
2087 2054 2494 2122 praesentatur.
2532 2051 2720 2120 Atque
2750 2050 2860 2106 huc
2893 2050 3083 2106 refero
3111 2055 3171 2108 τό
3211 2048 3520 2106 verissime
3571 2047 3736 2103 uota-

338 2145 598 2212 superat,
633 2155 744 2196 non
780 2140 1011 2210 quidem
1045 2144 1242 2210 aetate,
1284 2141 1386 2197 sed
1426 2141 1635 2210 nitore,
1679 2140 1970 2211 claritate,

336 2233 394 2282 et
418 2235 625 2284 exacto
651 2243 843 2306 rerum
867 2229 1090 2284 ordine.
1117 2231 1350 2285 Demum
1373 2229 1688 2286 Romanum
1712 2234 1975 2286 nostrum

337 2317 605 2386 pluribus
629 2316 776 2372 locis
797 2316 933 2370 talia
966 2317 1154 2386 signat
1181 2333 1308 2386 qum
1343 2318 1620 2385 Gregorio
1645 2319 1973 2388 posteriora

335 2410 491 2475 sunt,
518 2410 579 2460 ut
599 2410 738 2475 puta
762 2420 862 2460 xm
885 2404 1010 2459 Maii
1045 2407 1253 2460 festum
1283 2406 1350 2462 S.
1384 2405 1602 2462 Maria:
1628 2407 1711 2462 ad
1744 2406 1977 2477 Marty-

333 2508 430 2551 res
450 2511 475 2562 ;
502 2509 593 2549 xiv
639 2493 1014 2563 Septembris,
1041 2493 1678 2564 liguumsaluti/‘erum
1705 2495 1900 2551 crucis
1937 2508 1976 2550 a

334 2583 718 2654 Sergiopapa
730 2582 1050 2650 inventum,
1068 2585 1179 2636 etc.
1199 2599 1213 2647 ;
1231 2597 1247 2636 ι
1262 2581 1618 2651 Novembris,
1640 2583 1848 2639 festum
1861 2597 1978 2640 om-

333 2673 502 2728 nium
535 2672 874 2728 sanctorum
895 2671 1088 2726 Romae
1112 2671 1466 2740 institutum,
1493 2669 1722 2742 aliaque
1753 2673 1825 2728 ab
1845 2687 1977 2728 eru-

337 2759 460 2815 dito
495 2759 719 2815 lectore
753 2757 922 2814 facile
953 2759 1338 2828 observanda,
1375 2773 1502 2828 quae
1539 2759 1798 2816 codicem
1837 2761 1977 2816 Ros-

336 2847 665 2918 weydinum
724 2847 795 2902 ad
847 2846 1125 2903 saeculum
1176 2852 1444 2904 octavum
1495 2847 1788 2917 rejiciunt.
1841 2849 1975 2906 Hac

335 2939 390 2992 in
425 2935 686 2992 Bollandi
720 2936 1028 2992 sententiae
1059 2936 1445 2993 omnimodam
1476 2935 1975 2994 confirmationem

334 3025 642 3082 suﬂiciant.

403 3116 490 3166 78.
528 3112 711 3165 Unum
743 3113 832 3164 est
867 3109 1018 3178 quod
1055 3124 1166 3165 non
1200 3110 1342 3166 satis
1373 3112 1670 3182 perspexit
1699 3125 1978 3168 veneran-

335 3200 445 3255 dus
467 3197 748 3265 magister
770 3201 990 3267 noster,
1009 3197 1142 3254 dum
1167 3212 1371 3269 nempe
1385 3197 1449 3253 in
1461 3198 1738 3270 ambiguo
1750 3200 1971 3270 posuit,

333 3286 536 3343 utrum
565 3298 640 3342 ex
677 3285 774 3342 liis
809 3287 1052 3343 sanctus
1089 3285 1214 3342 Ado
1253 3285 1551 3357 habuerit,
1585 3289 1784 3345 minus
1816 3288 1979 3346 illud

334 3375 816 3444 Rosrcsydiuum,
841 3387 922 3428 au
953 3374 1059 3430 hoc
1084 3375 1305 3444 majus,
1333 3373 1562 3430 scilicet
1585 3376 1978 3446 Hieronymia-

335 3477 510 3526 num;
547 3461 681 3515 mihi
713 3460 865 3515 enim
896 3459 1285 3518 certisslmum
1328 3460 1560 3518 videtur
1598 3463 1852 3520 Adonem
1892 3465 1978 3521 sic

337 3551 516 3621 loqui,
552 3555 612 3606 ut
649 3554 766 3606 tota
799 3549 928 3620 ejus
957 3551 1148 3606 oratio
1172 3551 1487 3608 Romanum
1512 3567 1750 3624 parvum
1774 3557 1978 3624 aperte

336 3641 622 3710 designet,
649 3654 753 3695 nec
778 3639 958 3696 ullum
984 3639 1144 3696 aliud
1165 3639 1638 3710 Martyrologium
1669 3641 1979 3712 designare

341 3729 545 3800 possit.
574 3731 647 3783 At
670 3729 858 3799 inquit
882 3727 1217 3798 Bollandus,
1245 3748 1273 3780 «
1306 3727 1505 3800 plures
1535 3729 1720 3787 multo
1742 3735 1980 3789 sanctos

339 3819 513 3874 habet
540 3819 661 3874 Ado
687 3819 741 3874 in
771 3835 877 3876 suo
900 3817 1330 3888 Martyrologio,
1357 3833 1526 3888 quam
1551 3819 1647 3890 qui
1681 3820 1738 3874 in
1769 3820 1977 3878 minori

340 3909 597 3962 Romano
630 3908 1038 3971 continentur;
1065 3907 1179 3962 imo
1211 3920 1414 3976 parum
1444 3907 1755 3964 admodum
1775 3923 1848 3978 ex
1879 3908 1980 3966 illo

340 3994 574 4048 haurire
598 3993 844 4048 subsidii
870 3993 1182 4062 potuisset,
1207 4007 1337 4048 cum
1372 3994 1697 4063 praesertim
1729 3997 1978 4053 Usuardi

341 4080 581 4135 haberet
615 4079 1110 4149 Martyrologium,
1147 4079 1300 4149 quod
1330 4082 1390 4134 et
1420 4081 1646 4137 natales
1685 4083 1982 4140 indicabat

343 4167 706 4236 singulorum
739 4171 914 4236 atque
945 4167 1121 4222 etiam
1152 4165 1472 4237 plurium...
1499 4186 1527 4219 ››
1561 4170 1740 4226 Recte
1763 4171 1982 4228 fatetur

347 4255 660 4311 Bollandus
682 4255 781 4312 hic
801 4254 913 4310 sibi
937 4269 1160 4325 aquam
1171 4255 1419 4313 haerere:
1437 4271 1586 4328 opus
1607 4257 1758 4314 enim
1775 4259 1982 4316 fuisset

342 4343 654 4416 plurimum
687 4358 965 4400 annorum
1007 4342 1226 4414 labore,
1263 4343 1515 4415 plurium
1545 4346 1984 4418 Martyrologio-

2083 2147 2314 2216 routur,
2348 2147 2457 2202 hoc
2505 2151 2594 2202 est
2625 2147 2924 2216 distincte,
2966 2161 3094 2201 nam
3136 2144 3528 2218 Martyrologii
3566 2143 3740 2200 istius

2089 2239 2312 2303 auctor,
2343 2234 2605 2305 quisquis
2629 2234 2823 2302 fuerit,
2857 2233 2997 2288 nihil
3028 2233 3216 2290 minus
3245 2247 3482 2289 curasse
3496 2231 3740 2288 videtur

2089 2335 2258 2391 quam
2284 2325 2346 2376 ut
2370 2321 2441 2376 ad
2464 2336 2637 2378 veros
2657 2322 2852 2378 obitus
2873 2324 2973 2378 aut
2997 2321 3257 2394 martyrii
3283 2321 3410 2378 dies
3428 2320 3624 2377 sancti
3649 2334 3732 2376 re-

2088 2405 2445 2462 ducerentur
2469 2425 2483 2473 ;
2508 2407 2652 2462 satis
2672 2421 2733 2462 se
2759 2407 2965 2464 fecisse
2987 2406 3345 2476 existimans,
3362 2406 3408 2463 si
3424 2421 3578 2476 quos
3602 2405 3733 2463 hinc

2089 2492 2221 2548 inde
2251 2507 2324 2547 ex
2353 2493 2550 2548 Veteri
2587 2495 2976 2565 Testamento,
3019 2508 3183 2566 aeque
3213 2508 3278 2550 ac
3310 2508 3384 2549 ex
3412 2494 3598 2564 Novo,
3633 2493 3730 2550 sed

2088 2579 2335 2636 maxime
2363 2594 2436 2636 ex
2456 2581 2662 2638 Ruﬁno
2682 2579 2996 2652 colligebat
3019 2587 3270 2652 sanctos,
3286 2581 3468 2638 certis
3495 2581 3729 2652 diebus,

2089 2683 2194 2739 pro
2223 2683 2328 2725 suo
2353 2669 2471 2725 fere
2494 2669 2757 2738 arbitrio,
2784 2669 3130 2726 innecteret.
3166 2671 3356 2740 Atque
3385 2668 3509 2724 haec
3540 2667 3731 2726 altera

2087 2760 2283 2813 nostra
2316 2757 2648 2814 observatio
2675 2761 2786 2828 est,
2821 2771 2925 2829 per
2955 2757 3215 2828 singulos
3246 2758 3426 2812 ferme
3457 2755 3590 2812 dies
3622 2757 3734 2814 dis-

2083 2859 2348 2916 currens,
2392 2860 2519 2916 quae
2559 2845 2810 2914 majores
2854 2851 3086 2903 nostros
3125 2847 3406 2903 hactenus
3443 2843 3730 2914 latuerat,

2088 2948 2333 3006 quaeque
2355 2949 2466 2990 non
2489 2933 2596 2991 nisi
2623 2934 2912 2992 indefessa
2934 2938 2993 2991 et
3020 2935 3358 2992 continuato
3387 2934 3735 3008 Martyrolo-

2083 3020 2652 3095 giorumjnostrorum
2669 3023 3132 3094 perscrutatione
3153 3023 3588 3094 erui,digeri,et
3601 3037 3735 3080 con-

2087 3109 2302 3166 firmari
2333 3111 2545 3182 potuit,
2578 3111 2664 3168 Ad
2711 3111 2857 3168 duas
2903 3111 3329 3184 propositiones
3376 3128 3498 3170 rem
3543 3116 3734 3169 totam

2083 3198 2396 3266 contraho;
2427 3213 2670 3269 quarum
2710 3199 2833 3256 haec
2872 3199 3054 3271 prima
3089 3220 3102 3255 :
3137 3201 3260 3257 Ado
3291 3199 3345 3255 in
3389 3199 3737 3256 adornando

2085 3286 2496 3358 Martyrologio
2517 3302 2622 3343 suo
2645 3303 2784 3344 usus
2805 3292 2893 3344 est
2917 3289 3171 3345 Romano
3193 3291 3372 3360 p'arvo
3392 3287 3734 3360 Rosweydi,

2085 3377 2361 3445 tanquam
2410 3375 2738 3447 staminine,
2787 3377 2834 3433 si
2880 3377 2959 3432 ita
3004 3376 3161 3448 loqui
3211 3377 3366 3448 licet,
3419 3380 3739 3447 totumque

2087 3461 2266 3518 ferme
2290 3461 2361 3518 ad
2383 3463 2624 3520 verbum
2649 3464 2980 3536 descripsit.
3012 3466 3145 3522 Haec
3167 3465 3352 3522 altera
3379 3484 3392 3520 :
3425 3465 3738 3522 Usuardus

2086 3549 2364 3620 Adonem,
2395 3565 2566 3621 quem
2599 3551 2750 3608 Flori
2783 3551 2995 3609 librum
3029 3553 3348 3610 secundum
3377 3552 3735 3625 appellavit,

2089 3639 2169 3694 ita
2210 3637 2267 3694 in
2307 3639 2574 3696 omnibus
2613 3644 2852 3698 secutus
2887 3645 2996 3712 est,
3039 3647 3100 3698 ut
3143 3655 3343 3697 verum
3394 3640 3507 3698 dici
3550 3641 3740 3714 possit

2088 3725 2308 3784 Adonis
2340 3727 2765 3798 compendium.
2811 3728 2921 3784 Sed
2952 3729 3024 3784 de
3055 3729 3160 3784 hac
3201 3727 3631 3801 propositione,
3677 3733 3742 3787 ut

2083 3813 2200 3885 jam
2224 3829 2400 3885 supra
2424 3815 2766 3885 monuimus,
2791 3830 2917 3886 cap.
2953 3819 2985 3871 3
3017 3815 3200 3873 fusius
3228 3816 3627 3872 tractandum.

2160 3907 2247 3960 80.
2266 3901 2446 3958 Hisad
2461 3906 2803 3973 sequentem
2817 3901 3289 3960 dissertationem
3303 3904 3742 3974 quodammodo

2092 3988 2515 4061 praereqnisitis
2533 3993 2594 4046 et
2617 3989 3253 4061 praecognitisﬁomani
3280 3991 3464 4063 parvi,
3485 3991 3750 4064 ejusque

2091 4075 2335 4133 editoris
2365 4077 2670 4150 Rosweydi
2704 4077 3090 4148 patrocinium
3122 4079 3218 4136 hic
3242 4079 3322 4135 ita
3360 4077 3740 4151 suscipimus,

2092 4168 2156 4222 ut
2189 4163 2326 4221 licet
2354 4179 2484 4222 cum
2517 4165 2819 4236 Bollando,
2854 4166 2912 4222 in
2943 4181 3013 4224 eo
3041 4166 3211 4239 plane
3237 4181 3470 4224 errasse
3498 4182 3743 4225 censea-

2093 4268 2240 4324 mus,
2257 4254 2410 4326 quod
2433 4254 2910 4328 martyrologium
2925 4270 3094 4314 suum
3118 4257 3261 4314 illud
3284 4271 3414 4314 esse
3437 4257 3741 4329 putaverit

2090 4341 2163 4400 de
2196 4358 2311 4414 quo
2341 4344 2658 4415 Gregorius
2685 4345 2756 4402 ad
2797 4345 3100 4416 Eulogium
3134 4345 3589 4404 Alexandrinum
3623 4361 3744 4403 me-

344 4447 468 4489 rum
495 4432 939 4502 diligentissima
965 4431 1118 4488 inter
1137 4446 1199 4489 se
1212 4431 1547 4505 collatione,
1563 4435 1633 4491 ad
1651 4435 1980 4506 huiusmodi
2012 4425 2066 4486 D
2095 4431 2281 4503 minit,
2315 4432 2420 4504 sic,
2447 4431 2679 4506 inquam
2701 4433 2828 4504 ejus
2850 4433 3234 4506 patrocinium
3266 4433 3640 4506 suscipimus,
3678 4437 3742 4491 ut

345 4521 558 4578 nodum
583 4521 1038 4590 dissolvendum,
1075 4520 1244 4592 cujus
1277 4535 1411 4593 pars
1443 4524 1736 4593 posterior
1763 4525 1861 4581 vix
1892 4526 1988 4582 de-

346 4625 498 4666 mum
540 4615 674 4681 post
708 4609 1127 4680 quinquaginta
1169 4613 1232 4666 et
1269 4609 1520 4682 amplius
1568 4614 1640 4669 ab
1688 4627 1868 4684 opere
1916 4615 1989 4672 de

350 4699 512 4755 Actis
535 4703 866 4755 sanctorum
891 4699 1156 4756 inchoata
1185 4715 1368 4756 annos
1397 4715 1428 4756 a
1459 4701 1858 4772 Papebrochio
1891 4704 1991 4759 ob-

355 4794 588 4844 servata
635 4791 725 4844 est
767 4790 924 4844 tomo
956 4791 1000 4843 V
1029 4788 1206 4858 Junii,
1234 4802 1360 4860 pag.
1396 4793 1518 4859 250,
1553 4789 1666 4846 col.
1701 4795 1724 4846 1
1765 4791 1820 4846 in
1856 4791 1986 4848 fine.

354 4876 628 4933 Nimirum
647 4879 1008 4948 praepostere
1029 4891 1059 4932 a
1084 4876 1400 4946 majoribus
1422 4877 1642 4934 nostris
1665 4891 1894 4952 semper
1913 4879 1994 4936 ci-

350 4965 460 5018 tari
486 4965 696 5020 solitos
729 4963 1053 5020 Usuardum
1084 4969 1145 5020 et
1169 4963 1446 5035 Adonem,
1475 4979 1820 5038 semperque
1843 4967 1900 5024 in
1922 4982 1990 5025 ea

345 5053 746 5121 suppositione
762 5052 917 5124 quod
941 5050 1040 5107 ille
1074 5051 1182 5108 hoc
1213 5056 1370 5108 esset
1403 5053 1904 5127 antiquior,atque
1934 5072 1992 5114 a-

347 5137 456 5194 deo
469 5139 724 5199 Adonem
739 5157 842 5198 sua
856 5155 930 5197 ex
943 5140 1209 5197 Usuardo
1225 5140 1546 5212 accepisse,
1565 5143 1885 5201 autsaltem
1899 5158 1992 5202 ac-

343 5223 538 5294 cipere
553 5229 813 5298 potuisse
835 5249 846 5284 :
863 5228 979 5300 vel,
996 5229 1131 5285 utin
1148 5227 1394 5300 prologo
1409 5230 1479 5286 ad
1498 5231 1708 5287 Bedam
1729 5248 1881 5288 num.
1900 5239 1987 5304 11,

344 5311 436 5368 vel
460 5315 618 5370 tomo
641 5317 710 5369 IV
737 5319 910 5388 Junii,
949 5333 1075 5390 pag.
1113 5321 1236 5388 482,
1277 5317 1424 5374 infra
1460 5319 1521 5390 Β,
1558 5321 1841 5390 arguebat
1874 5320 1994 5379 lau-

345 5401 518 5457 datus
530 5403 605 5457 Pa
613 5403 1677 5477 pebrochiusmiliilalterumscivisse
1688 5408 1761 5465 de
1779 5409 1988 5466 altera.

343 5489 568 5558 Quibus
589 5489 800 5548 similia
827 5507 931 5564 ρει·
961 5495 1167 5564 viginti
1201 5500 1322 5554 tres
1353 5501 1544 5559 tomos
1569 5497 1642 5556 de
1669 5497 1834 5556 Actis
1857 5498 1994 5555 San-

2095 4525 2299 4578 contra
2329 4520 2545 4580 multos
2565 4523 2998 4580 obtrectatores
3021 4536 3367 4580 asseramus.
3394 4537 3622 4593 verum,
3652 4535 3746 4580 υθ-

2095 4609 2384 4682 nerabile,
2397 4611 2884 4682 etperautiquwm
2893 4610 3396 4684 Martyrologium
3405 4610 3640 4682 esse,ab
3651 4625 3748 4669 ur-

2101 4697 2166 4756 be
2186 4699 2374 4756 Roma
2393 4699 2760 4771 Aquileiam,
2783 4699 3035 4770 quidam
3052 4701 3258 4757 sancto
3269 4699 3536 4772 episcopo
3553 4712 3746 4772 apau-

2101 4786 2530 4858 tiﬂceRomauo
2549 4787 2860 4858 directum,
2883 4790 2942 4844 et
2958 4787 3141 4845 Adoni
3167 4788 3538 4860 postmodum
3553 4801 3748 4861 aquo-

2099 4874 2238 4932 dam
2271 4875 2553 4948 religioso
2575 4875 2788 4948 fratrs
2837 4877 3079 4948 aliquot
3118 4875 3324 4934 diebus
3349 4877 3695 4949 prostitui»
3724 4895 3746 4931 :

2099 4963 2428 5034 quod,Ado,
2442 4963 2506 5021 di
2513 4963 2723 5036 ligeuti
2732 4977 2879 5023 cura
2891 4965 3576 5036 branscﬁptumgositus
3585 4963 3751 5038 apud

2102 5052 2540 5123 Raomuam,iu
2566 5053 2761 5126 capite
2789 5053 2878 5110 sui
2901 5054 3099 5126 operis
3123 5053 3746 5126 poueudumputaeit:

2103 5153 2429 5211 quanquam
2457 5155 2568 5197 non
2610 5141 2957 5198 ditilteamur
2990 5141 3480 5214 interpolationes
3519 5141 3748 5214 aliquas

2103 5227 2362 5298 adjectas
2385 5227 2584 5301 fuisse,
2611 5229 2824 5300 quibus
2857 5229 3079 5287 nullum
3103 5231 3386 5287 hactenus
3406 5227 3748 5302 Martyrolo-

2101 5317 2259 5389 gium
2271 5331 2517 5374 vacuum
2533 5317 2793 5390 reperire
2809 5319 3265 5392 potuimus.Haac
3283 5318 3570 5374 adversus
3585 5319 3752 5375 Sans-

2103 5420 2322 5480 sayum,
2367 5407 2733 5478 Frontonem,
2774 5407 3210 5477 Florentinium,
3255 5410 3314 5464 et
3345 5417 3749 5478 quoscumque

2104 5493 2252 5553 alios
2276 5495 2514 5554 Romani
2547 5496 2708 5570 parvi
2738 5495 3105 5556 adversarios
3135 5495 3556 5569 propugnanda
3585 5495 3744 5554 sunt.
