3974 6150
187 226 372 285 .501

1689 234 2232 297 PROLEGOMENA.

3554 246 3661 306 809

232 414 241 421 _
274 348 541 441 Alterum
573 352 742 410 nobis
772 367 901 411 cum
931 355 1178 415 Henrico
1210 358 1438 417 Valesio
1469 361 1784 431 negotium,
1812 361 1909 432 qui
1940 362 1993 422 A
2023 370 2207 428 multo
2231 366 2420 425 minus
2440 367 2509 424 ad
2529 368 2790 438 juniores
2808 368 3225 441 Martyrologos
3247 369 3476 434 referri.
3502 370 3656 430 haud

275 439 513 499 titulum
539 441 738 514 potius
770 457 938 512 quam
967 444 1362 518 Martyrologii
1414 448 1597 520 ipsius
1643 451 1914 507 substan-

275 529 414 586 tiam
448 544 859 599 aggressurus,
881 530 1116 588 citatam
1138 533 1609 596 dissertationem
1633 537 1913 608 deprope-

275 618 446 688 ravit,
478 618 822 674 Eusebianm
851 619 1092 675 editioni
1124 622 1193 677 ad
1228 622 1445 679 calcem
1478 639 1605 695 pag.
1646 629 1747 681 315
1779 627 1910 682 sub-

272 719 500 776 nexam,
541 720 711 775 quam
742 706 835 762 hic
865 707 1110 778 primum
1140 710 1546 767 excutiendam
1575 713 1907 784 arripimus,

268 800 352 865 ut,
387 793 561 851 salvo
595 794 808 866 capite,
834 794 1119 865 reliquum
1139 812 1353 869 corpus
1378 798 1606 855 facilius
1628 805 1905 857 tutcmur.

849 892 1236 948 ARTICULUS
1279 895 1317 948 Ι.

270 980 537 1037 Parvum
569 980 885 1050 Rosweydi
911 979 1413 1053 Martyrologium
1439 996 1556 1039 non
1589 983 1909 1056 incongrue

334 1059 542 1117 vocari
558 1072 737 1131 posse
757 1060 1096 1131 Romanum,
1126 1060 1334 1118 contra
1371 1062 1667 1120 Valesium
1696 1066 1758 1120 et
1778 1065 1910 1121 Flo-

334 1139 669 1216 rentinium
704 1139 1015 1197 statuitur.

334 1240 421 1292 81.
468 1235 756 1291 Henricus
786 1234 1049 1291 Valesius
1079 1251 1253 1307 supra
1288 1236 1580 1309 laudatus,
1624 1239 1903 1310 singulari

267 1322 361 1378 illa
394 1337 499 1379 sua
521 1322 955 1392 dissertatione,
975 1339 1084 1393 qua
1109 1325 1415 1395 Rosweydi
1436 1328 1904 1398 Martyrologium

265 1415 441 1481 atqua
473 1425 583 1466 una
617 1410 1124 1481 Hieronymianum
1146 1413 1505 1483 aggreditur,
1533 1416 1779 1485 primum
1806 1433 1907 1488 pu-

262 1503 421 1568 gnat,
458 1502 592 1553 ante
639 1498 856 1554 sixtum
898 1499 942 1553 V
973 1496 1187 1555 nullam
1240 1500 1295 1555 in
1344 1501 1604 1558 Ecclesia
1649 1504 1902 1560 Romana

264 1587 445 1642 fuisse
477 1586 774 1658 peculiare
807 1586 1295 1656 Martyrologium.
1331 1590 1523 1659 Ipsum
1556 1592 1859 1648 audiamus
1888 1612 1899 1646 ε

2016 458 2257 517 dubium
2291 456 2427 527 quin
2460 456 2533 511 de
2564 457 2841 525 Romano,
2866 456 2988 536 sive
3009 472 3234 528 magno,
3261 464 3356 514 aut
3384 459 3657 531 Hierony-

2016 547 2228 617 miano,
2251 545 2374 602 sive
2398 545 2468 601 de
2499 547 2698 601 vetere
2717 544 3026 614 Rosweydi
3051 551 3106 600 et
3134 560 3311 616 parvo
3329 545 3654 617 intelligan-

2016 640 2131 691 tur.
2167 634 2341 690 Refer
2372 648 2484 703 quo
2514 632 2789 701 volueris,
2822 632 3189 689 convincitur
3220 633 3485 690 Valesius
3517 640 3652 692 ante

2016 721 2160 777 Sixti
2222 722 2265 774 V
2325 724 2585 792 tempora
2634 722 3115 776 Manrvnonocwu
3175 721 3458 776 ROMANUH
3513 737 3651 780 vere

2012 809 2338 865 exstitisse.
2364 808 2675 864 Conveniat
2699 809 2825 879 ipse
2862 808 3033 864 modo
3056 824 3187 864 cum
3207 807 3561 865 Florentinio
3581 811 3650 866 de

2012 912 2078 953 ea
2103 896 2514 968 appellatione,
2533 896 2988 965 lIieronymianis
3005 895 3415 965 abscribenda,
3441 910 3547 966 ego
3579 897 3650 954 ad

2013 1000 2252 1056 parvum
2282 989 2543 1041 nostrum
2575 983 2809 1053 accedo,
2845 984 3255 1053 contendoque
3285 989 3343 1039 et
3376 983 3485 1053 ipsi
3520 999 3651 1041 con-

2012 1073 2331 1129 cedendam
2362 1087 2492 1129 esse
2525 1072 2778 1128 Romani
2806 1070 3252 1144 Martyrologii,
3280 1071 3379 1127 sed
3396 1070 3651 1130 minoris

2010 1176 2111 1218 seu
2132 1163 2317 1234 parvi
2346 1159 2863 1217 nomenclaturam.

2079 1254 2165 1307 83.
2200 1250 2302 1305 Hic
2333 1264 2464 1305 cum
2495 1254 2747 1318 utroque
2784 1248 2912 1304 viro
2948 1246 3271 1304 clarissimo
3302 1249 3647 1306 certandum

2008 1342 2120 1392 est.
2155 1340 2377 1406 Negant
2408 1337 2575 1392 ambo
2606 1336 2931 1405 Rosweydo
2955 1335 3423 1406 Martyrologium
3440 1340 3651 1395 Roma-

2004 1440 2145 1483 num
2164 1425 2277 1480 dici
2301 1440 2491 1496 posse,
2520 1424 2621 1479 sed
2644 1424 3002 1492 argumentis
3025 1422 3194 1493 plane
3226 1424 3496 1480 diversis.
3525 1425 3650 1481 Flo-

2008 1512 2294 1568 rentinius
2326 1512 2497 1581 enim,
2525 1516 2586 1566 ut
2622 1511 2765 1565 infra
2799 1509 3017 1566 clarius
3050 1510 3294 1580 patebit,
3323 1512 3651 1581 putatMar-

2006 1601 2355 1670 tyrologium
2377 1614 2404 1654 a
2440 1601 2759 1669 Rosweyeo
2781 1599 3023 1667 editum,
3050 1613 3160 1653 non
3180 1613 3307 1654 esse
3333 1598 3472 1654 illud
3496 1600 3647 1669 quod

264 1694 290 1725 α
322 1676 441 1764 Ego
470 1689 611 1729 "01‘0
640 1679 843 1730 00mm
878 1674 1115 1764 ειπίιτηο,
1151 1676 1355 1746 inqu“,
1393 1677 1612 1733 nullum
1648 1696 1896 1750 unquam
1927 1705 1980 1764 Β
2012 1688 2326 1758 Ado-opcri
2362 1702 2465 1743 suo
2502 1686 2769 1757 praeﬁxit,
2805 1685 2907 1741 sed
2940 1686 3138 1756 potius
3167 1690 3537 1743 contractum
3578 1702 3649 1744 ex

264 1763 437 1819 fuisse
466 1763 766 1833 preprium
790 1777 854 1818 ac
885 1763 1177 1832 peculiare
1205 1765 1669 1836 Martyrologium
1704 1769 1900 1824 Eccle-

261 1852 358 1908 sia)
376 1851 670 1919 Romanae,
689 1842 820 1905 ante
843 1850 982 1907 illud
1007 1851 1511 1923 quodjusquysti
1537 1856 1579 1907 V
1605 1857 1900 1925 pontificis

261 1939 732 1995 maximieditum
758 1944 847 1995 est
872 1939 978 1995 hoc
1013 1940 1202 2009 titulo,
1228 1956 1293 1997 ac
1322 1943 1557 1998 'Baronii
1593 1945 1901 2000 notationi-

259 2029 365 2084 bus
386 2026 818 2083 illustratum.»
841 2027 1024 2082 Affert
1038 2028 1248 2084 deinde
1263 2044 1470 2087 causas
1485 2047 1611 2102 quae
1628 2032 1810 2103 ipsum
1827 2034 1897 2090 ad

257 2117 332 2171 ita
358 2115 730 2171 sentiendum
757 2115 1113 2186 impulerint,
1133 2116 1235 2172 sed
1257 2134 1497 2188 quarum
1519 2119 1813 2191 pleraeque
1828 2122 1896 2177 ad

254 2218 470 2260 meram
515 2203 586 2259 de
634 2204 864 2259 nomine
916 2206 1297 2275 quaestionem
1330 2207 1621 2277 recidunt,
1658 2213 1719 2264 ut
1754 2210 1898 2266 bene

255 2292 517 2348 ostendit
553 2290 962 2361 Florentinius,
1007 2292 1397 2350 admonitione
1429 2300 1479 2365 5,
1516 2298 1696 2351 totam
1741 2296 1897 2353 illam

254 2379 472 2436 Valesii
499 2379 819 2436 machinam
844 2379 1092 2436 feliciter
1119 2386 1410 2438 evertens.
1436 2383 1699 2440 Omnium
1724 2385 1900 2440 mani-

256 2470 363 2525 bus
388 2471 669 2524 teruntur
692 2482 759 2523 ca
782 2483 979 2539 opera,
999 2472 1061 2524 ut
1077 2469 1318 2540 proinde
1332 2470 1614 2527 hictelam
1629 2476 1898 2529 retexere

255 2572 407 2628 opus
422 2571 535 2611 non
551 2556 647 2612 sit.
667 2557 907 2626 Probat,
926 2560 985 2611 et
1003 2561 1183 2627 recte,
1201 2557 1610 2629 Florentinius,
1629 2560 1902 2631 Hierony-

255 2645 510 2700 mianum
532 2658 563 2699 a
587 2658 651 2699 se
675 2643 998 2713 vulgatum,
1022 2644 1173 2715 quod
1201 2646 1493 2703 vetustius
1513 2647 1899 2707 occidentalis

250 2732 540 2791 Ecclesia
569 2731 1076 2804 Martyrologium
1116 2732 1458 2802 intitulavit,
1495 2735 1725 2791 omnino
1758 2750 1899 2792 nun-

253 2820 458 2893 cupari
521 2834 694 2891 posse
752 2823 1101 2891 Romanum,
1144 2836 1248 2877 seu
1297 2824 1575 2879 Romana
1618 2825 1902 2881 Ecclesiae

248 2906 781 2979 Martyrologium,
818 2910 1055 2965 tametsi
1086 2923 1156 2965 eo
1185 2910 1435 2979 nomine,
1473 2924 1579 2966 nec
1611 2926 1639 2966 a
1672 2911 1726 2965 S.
1764 2912 1898 2967 Gre-

250 2997 442 3067 gorio,
466 3011 574 3052 nec
604 3010 635 3051 a
671 2996 843 3066 Beda,
865 2996 1083 3067 Adone,
1106 3000 1205 3052 aut
1238 2998 1503 3054 Usuardo
1526 2998 1894 3070 designatum

254 3085 456 3141 fuerit.
492 3084 556 3139 Id
605 3088 767 3140 certe
816 3083 1021 3141 mirum
1068 3085 1302 3141 videtur
1348 3085 1641 3142 Valesium
1693 3103 1899 3159 nempe

254 3186 579 3243 agnoscere
612 3172 987 3229 characteres
1015 3187 1215 3228 omnes
1248 3188 1275 3229 a
1310 3174 1362 3227 S.
1388 3162 1666 3244 Gregorio
1697 3176 1902 3232 distin-

253 3265 382 3317 ctos
415 3259 830 3331 Martyrologio
887 3260 1330 3331 Hieronymiano
1390 3262 1649 3333 apprime
1695 3279 1902 3320 convc-

256 3350 411 3415 nire;
448 3350 581 3421 imo,
624 3349 820 3406 dicere
853 3347 1212 3420 Gregorium
1238 3348 1548 3421 Magnum,
1579 3350 1796 3409 habere
1840 3366 1904 3410 se

253 3437 783 3510 Martyrologium,
806 3437 872 3493 in
883 3451 997 3508 quo
1017 3439 1339 3495 multorum
1356 3439 1545 3496 simul
1559 3438 1904 3511 Martyrum

253 3527 522 3598 nomina,
545 3530 685 3595 etc.,
711 3528 1055 3582 constanter
1078 3529 1267 3581 tamen
1293 3528 1549 3583 abnuere
1572 3529 1905 3585 Romanum

255 3612 536 3686 Martyro
544 3614 816 3685 logiuma
829 3613 1114 3686 Gregorio
1124 3613 1346 3686 Magno
1367 3628 1491 3672 esse
1510 3616 1900 3686 nominatum,

258 3704 367 3759 aut
400 3701 912 3774 Martyrologium
955 3703 1115 3759 illud
1155 3703 1467 3774 propriam
1506 3716 1577 3759 ac
1590 3705 1904 3775 peculiare

243 3792 446 3863 fuisse
473 3791 758 3848 Ecclesia
779 3792 1072 3847 Romanae.
1103 3790 1275 3856 Quasi
1295 3790 1451 3847 aliud
1472 3790 1642 3846 hodie
1662 3792 1741 3847 sit
1763 3793 1903 3849 Mar-

260 3879 617 3950 tyrologium
640 3880 957 3935 Romanum
982 3894 1151 3950 quam
1176 3877 1328 3949 quod
1351 3892 1649 3937 commune
1669 3881 1759 3937 est
1773 3894 1905 3938 cum

259 3967 520 4039 reliquis
570 3966 841 4022 ecclesiis
886 3966 1367 4024 occidentalibus.

328 4059 417 4113 82.
476 4053 613 4110 Tale
671 4058 863 4110 autem
919 4054 1389 4125 Martyrologium
1463 4054 1627 4110 annis
1695 4054 1906 4112 abhinc

266 4143 419 4199 mille
452 4146 691 4199 exstare
725 4142 1015 4212 debuisse,
1050 4145 1115 4199 ut
1144 4142 1320 4198 etiam
1354 4143 1620 4199 terminis
1650 4143 1793 4214 ipsis
1816 4158 1907 4200 ce-

267 4231 357 4287 dat
374 4230 670 4301 Valesius,
688 4230 1153 4288 luculentissimo
1174 4230 1512 4287 testimonio
1525 4232 1819 4288 evincitur
1835 4247 1907 4288 ex

266 4319 512 4376 concilio
544 4318 1035 4389 Cloveshoviensi,
1071 4334 1218 4376 anno
1249 4324 1353 4376 747
1402 4320 1512 4376 sub
1560 4320 1902 4391 Cuthberto,

1932 3045 1980 3107 Ο

2010 1777 2208 1832 Adone
2257 1775 2681 1845 compendium,
2710 1773 2926 1830 saeculo
2959 1775 3263 1830 undecimo
3295 1790 3406 1831 non
3457 1781 3651 1833 vetus-

2008 1865 2160 1919 tius:
2180 1863 2434 1919 Romani
2454 1861 2905 1932 appellationem
2938 1861 3384 1933 haudquaquam
3409 1868 3651 1932 negatu-

2010 1967 2129 2021 rus,
2149 1952 2196 2007 si
2220 1967 2357 2007 vere
2382 1950 2526 2007 illud
2550 1964 2679 2006 esse
2698 1950 2990 2019 crederet,
3010 1952 3164 2020 quod
3188 1953 3650 2022 allomanopon-
3740 2010 3745 2017 ,

2009 2040 2188 2111 tijlce,
2203 2039 2441 2096 cuidam
2456 2038 2660 2095 sancto
2683 2038 2949 2108 episcopo
2969 2038 3315 2107 Aquileiam
3335 2038 3646 2109 directum,

2008 2132 2183 2197 atque
2216 2128 2287 2181 ab
2330 2126 2528 2181 Adone
2570 2126 2855 2180 Ravennae
2889 2129 3184 2195 repertum
3205 2128 3260 2180 et
3288 2126 3648 2196 descriptum

2007 2215 2405 2271 est.Nimirum
2423 2213 2568 2269 male
2583 2213 2858 2284 supponit
2876 2213 2962 2269 vir
2977 2212 3353 2269 doctissimus
3366 2227 3476 2268 non
3491 2213 3650 2269 aliud

2008 2302 2482 2374 Martyrologium
2525 2303 2813 2356 Ravennae
2854 2300 3146 2369 reperisse
3176 2303 3232 2355 et
3259 2300 3650 2371 descripsisse

2009 2390 2468 2459 Adonem,quam
2491 2387 2997 2455 Hieronymianum
3015 2387 3225 2457 ipsum,
3245 2386 3413 2457 quale
3429 2402 3491 2442 se
3506 2387 3652 2444 Ado-

2006 2476 2541 2546 niconjunctum,in
2557 2490 2671 2532 uno
2686 2479 2781 2531 aut
2801 2474 2990 2530 altero
3003 2474 3654 2545 codice,deprehendis-

2008 2579 2071 2620 se
2089 2568 2366 2620 testatur.
2382 2563 2742 2619 Florentinio
2758 2562 3091 2618 destinatur
3114 2563 3376 2632 proxime
3399 2577 3655 2632 sequens

2009 2651 2312 2721 articulus,
2348 2651 2435 2707 sic
2468 2655 2527 2706 ut
2562 2650 2754 2719 modo,
2790 2664 2921 2705 cum
2954 2648 3083 2704 solo
3114 2648 3347 2705 Valesio
3393 2649 3650 2720 supersit

2008 2737 2406 2796 controversia
2434 2753 2448 2803 ;
2483 2736 2579 2807 qui
2606 2739 2911 2807 postquam
2944 2736 3201 2791 Romani
3221 2734 3658 2806 Martyrologii

2007 2824 2356 2882 vocabulum
2389 2823 2591 2893 majori
2636 2822 2722 2878 illi
2761 2825 2822 2877 et
2851 2822 3185 2891 vetustiori,
3220 2836 3250 2877 a
3281 2824 3333 2877 S.
3373 2822 3653 2892 Gregorio

2009 2916 2348 2981 memorato,
2382 2910 2612 2982 eripere
2646 2910 2865 2965 frustra
2898 2909 3169 2979 tentavit,
3198 2910 3287 2964 sic
3319 2909 3549 2965 demum
3579 2910 3649 2965 ad

2006 2999 2457 3069 Rosweydinum
2492 2998 2832 3054 descendit:
2862 3016 2889 3049 «
2928 2998 2993 3051 Et
3042 2996 3167 3053 haec
3200 2997 3433 3067 quidem
3465 2995 3537 3052 ad
3570 2996 3654 3053 lo-

2009 3104 2139 3146 cum
2173 3087 2437 3157 Gregorii
2468 3085 2651 3155 Magni
2682 3086 2828 3141 satis
2862 3084 2979 3139 sint
3010 3084 3186 3139 dicta.
3223 3083 3383 3148 Quod
3419 3087 3656 3155 spectat

2010 3176 2080 3233 ad
2107 3174 2504 3231 testimonium
2532 3174 2749 3229 Adonis
2770 3172 3139 3241 Viennensis,
3158 3187 3268 3227 non
3285 3170 3538 3227 dimcilis
3562 3175 3652 3228 est

2011 3264 2338 3336 responsio.
2357 3265 2494 3319 Nam
2511 3267 2900 3334 praeterquam
2916 3261 3069 3331 quod
3084 3260 3382 3317 recentior
3394 3263 3484 3315 est
3503 3259 3647 3330 Ado,

2010 3367 2117 3409 nec
2149 3352 2217 3407 ad
2253 3355 2434 3407 tantae
2475 3350 2793 3407 vetustatis
2833 3351 3266 3404 monumentum
3305 3347 3651 3403 confirman-

2012 3442 2147 3497 dum
2177 3440 2324 3496 satis
2346 3440 2612 3509 idoneus,
2634 3454 2707 3494 ex
2730 3438 2860 3509 ejus
2883 3437 3080 3493 verbis
3100 3436 3243 3491 nihil
3274 3435 3407 3492 elici
3432 3439 3649 3507 potest,

2013 3542 2126 3598 quo
2168 3529 2451 3599 probetur
2496 3526 2672 3583 fuisse
2714 3525 2894 3582 ullum
2942 3523 3419 3596 Martyrologium
3452 3524 3653 3579 Roma-

2012 3630 2166 3671 num.
2185 3616 2279 3670 Ait
2302 3614 2453 3669 enim
2474 3614 2596 3669 Ado
2614 3612 3081 3669 vetustissimum
3096 3609 3567 3681 Martyrologium
3583 3609 3656 3665 si-

2014 3703 2068 3758 bi
2094 3702 2372 3758 traditum
2397 3700 2578 3756 fuisse
2602 3715 2632 3755 a
2665 3700 2935 3770 quodam,
2960 3698 3114 3768 quod
3142 3697 3277 3753 olim
3310 3712 3339 3752 a
3371 3695 3653 3751 Pontiﬁce

2010 3792 2270 3847 Romano
2303 3788 2538 3844 missum
2569 3790 2725 3842 esset
2771 3785 3116 3856 Aquileiam.
3152 3785 3272 3839 Non
3321 3782 3461 3837 dicit
3506 3781 3649 3851 Ado,

2012 3878 2486 3950 Martyrologium
2501 3876 2678 3932 fuisse
2692 3876 3032 3937 Romanum;
3051 3870 3153 3927 sed
3170 3874 3393 3926 tantum
3408 3869 3650 3925 missum

2013 3984 2041 4024 a
2075 3967 2360 4024 Pontiﬂce
2400 3967 2658 4022 Romano
2698 3961 3041 4034 Aquileiam.
3078 3961 3289 4015 Verum
3334 3956 3652 4013 monachus

2016 4057 2135 4126 ille,
2169 4055 2266 4127 qui
2299 4056 2410 4112 hoc
2442 4052 2624 4110 Adoni
2658 4050 3000 4118 afﬁrmabat,
3035 4048 3087 4103 ei
3121 4044 3395 4117 imposuit
3448 4043 3653 4115 procul

2016 4144 2211 4215 dubio,
2240 4148 2302 4201 ut
2337 4143 2613 4213 majorem
2646 4138 2833 4196 codici
2857 4153 2963 4194 suo
2987 4134 3402 4192 auctoritatem
3424 4146 3656 4203 compa-

2017 4236 2199 4302 raret,
2218 4236 2276 4288 et
2301 4244 2511 4285 munus
2529 4243 2716 4297 suum,
2733 4242 2799 4283 ac
2823 4222 3195 4281 dcscribendi
3219 4220 3465 4292 copiam,
3484 4234 3653 4290 quam

2020 4320 2205 4377 Adoni
2261 4319 2500 4385 fecerat,
2534 4315 2886 4373 venditaret.
2928 4314 3052 4369 Non
3104 4310 3254 4365 enim
3305 4310 3515 4378 Romae,
3552 4307 3654 4363 sed

268 4407 716 4465 Dorobernicnsi
778 4407 1239 4480 archiepiscopo,
1290 4407 1549 4479 capitulo
1616 4413 1700 4479 13,
1755 4408 1906 4481 apud
1939 4391 1989 4450 D
2024 4399 2967 4477 Aquileizecompositumestillud
2990 4394 3653 4468 Martyrologium,quod

271 4496 675 4567 Spelmannum
736 4500 891 4551 tomo
946 4497 987 4565 Ι,
1048 4511 1174 4567 pag.
1209 4499 1350 4562 249;
1409 4496 1562 4566 apud
1620 4496 1911 4553 Labbeum

276 4588 425 4640 tomo
454 4584 549 4654 Vl,
583 4583 694 4640 col.
732 4589 889 4653 1577,
926 4584 1021 4640 ubi
1048 4583 1171 4640 haec
1204 4583 1607 4639 formalissima
1626 4584 1803 4639 verba
1827 4583 1913 4639 di-

280 4676 432 4728 serte
452 4672 869 4744 exprimuntur
895 4691 907 4726 :
933 4673 1201 4743 Itemque
1226 4673 1299 4729 ut
1317 4685 1433 4743 per
1462 4685 1686 4744 gyrum
1732 4672 1912 4729 totius

278 4762 433 4832 anni,
462 4761 821 4818 natalitiam
839 4761 1178 4818 sanctorum
1196 4775 1310 4817 uno
1323 4760 1635 4831 eodemque
1645 4760 1761 4831 die,
1765 4762 1913 4831 jux-

280 4846 336 4904 ta
360 4848 874 4921 Martyrologium
894 4848 1155 4919 ejusdem
1178 4848 1446 4904 Romanae
1470 4847 1915 4918 Ecclesiae,cum

276 4935 383 4993 sibi
393 4937 763 4996 convenienti
770 4937 1109 5008 psalmodia
1119 4951 1221 4994 seu
1233 4951 1338 4994 can
1348 4938 1393 4994 ti
1402 4939 1534 4995 lena
1543 4938 1909 4995 venerentur.

278 5023 383 5080 Nec
404 5024 566 5081 aliud
598 5039 731 5081 esse
764 5025 954 5096 potuit
986 5024 1455 5096 Martyrologium
1491 5027 1642 5096 quod
1671 5027 1915 5082 abbatcs

280 5112 550 5183 Francia},
586 5113 641 5167 in
677 5118 971 5169 conventu
1006 5113 1462 5184 Aquisgranensi
1506 5129 1655 5170 anno
1705 5120 1808 5171 817
1860 5114 1912 5168 in

281 5199 449 5258 choro
475 5201 844 5257 recitandum
866 5202 1353 5272 prmscripserunt
1377 5201 1635 5273 capitulo
1657 5206 1745 5271 69,
1763 5200 1914 5272 apud

285 5287 568 5346 Labbeum
598 5294 756 5345 tomo
779 5290 895 5359 VII,
914 5290 1201 5359 col.1511,
1219 5290 1309 5346 his
1332 5290 1554 5347 verbis:
1576 5292 1652 5346 Ut
1669 5290 1920 5360 adcapi-

284 5374 467 5435 talum
494 5378 783 5451 primitus
809 5376 1315 5450 Martyrologium
1346 5379 1599 5450 legatur.
1621 5378 1759 5442 Quae
1786 5392 1916 5432 cum

288 5462 351 5522 de
368 5467 714 5539 imperfecto
738 5466 905 5524 Bedm
929 5481 1105 5538 opere
1139 5466 1324 5537 accipi
1341 5479 1578 5536 prorsus
1604 5470 1915 5536 nequeant,

2023 4494 2143 4550 Ado
2172 4491 2581 4564 Martyrologio
2613 4506 2719 4548 suo
2752 4487 3022 4561 praefixit,
3058 4500 3125 4541 ac
3156 4482 3517 4553 Rosweydus
3552 4496 3656 4552 pro

2018 4583 2220 4636 vetere
2251 4581 2505 4635 Romano
2538 4577 2707 4634 nobis
2738 4579 2939 4647 postea
2970 4571 3173 4628 edidit.
3211 4589 3238 4622 ι)

2091 4672 2178 4725 84.
2197 4667 2370 4724 Multa
2394 4667 2486 4722 hic
2508 4665 2710 4736 paucis
2736 4680 2838 4735 pro
2860 4659 3215 4717 auctoritate
3240 4656 3385 4713 satis
3409 4653 3657 4710 rotunde

2020 4761 2079 4812 et
2112 4756 2476 4812 conﬁdenter
2515 4752 2716 4811 definit
2758 4749 3048 4818 Valesius,
3085 4760 3350 4819 quorum,
3388 4748 3449 4799 ut
3482 4756 3511 4796 a
3547 4741 3657 4795 ﬁne

2024 4844 2316 4915 incipiam,
2352 4848 2645 4915 postrema
2677 4841 2792 4896 duo
2827 4838 2909 4893 illi
2943 4841 3145 4909 aperte
3177 4831 3425 4900 inﬁcior,
3452 4844 3658 4900 nempe

2024 4931 2362 4988 monachum
2388 4931 2571 4987 Adoni
2596 4927 2964 5000 imposuisse,
2983 4924 3134 4996 quod
3155 4921 3321 4978 valde
3343 4923 3583 4987 temere,
3600 4922 3659 4973 et

2024 5019 2499 5090 Martyrologium
2515 5017 2795 5090 Aquileia;
2808 5014 3196 5087 compositum
3209 5023 3359 5077 esse,
3379 5005 3533 5077 quod
3550 5021 3661 5062 non

2026 5107 2235 5162 minori
2267 5106 2506 5164 levitate
2538 5106 2859 5171 astruitur;
2892 5117 2998 5159 nec
3037 5100 3188 5157 enim
3228 5095 3541 5165 vcst’gium
3574 5109 3668 5165 ap-

2028 5198 2194 5266 paret
2226 5196 2450 5267 uSpiam
2484 5211 2598 5266 quo
2632 5194 2813 5265 magis
2836 5190 3117 5261 Aquileiae
3143 5202 3312 5258 quam
3338 5181 3667 5253 Hierosoly-

2028 5281 2136 5337 mis
2157 5284 2545 5355 compositum
2570 5283 2801 5339 dicatur
2822 5275 3135 5346 Rosweydi
3168 5270 3660 5344 Martyrologium,

2028 5370 2134 5428 nec
2173 5371 2229 5427 id
2264 5372 2417 5443 juris
2446 5371 2680 5428 Valesio
2735 5368 3017 5424 tributum
3059 5363 3357 5421 credimus
3399 5364 3494 5418 aut
3540 5357 3662 5443 sine

2029 5474 2228 5531 causa,
2250 5440 2437 5517 virum
2462 5458 2798 5528 religiosum
2818 5453 3100 5510 audacter
3125 5449 3411 5509 mandacii
3436 5440 3656 5513 arguat.
