3988 6158
284 146 388 204 503

1238 129 1610 193 USUARDUS
1645 127 2028 188 MONACHUS
2065 125 2709 218 SANGERHANENSIS.

3565 131 3664 190 θοι

357 291 516 349 Vidit
537 292 660 346 haec
682 290 816 344 ante
835 297 945 356 me,
963 283 1072 340 nisi
1093 281 1281 352 fallor,
1298 279 1924 338 eruditissimusMahi-
1949 277 2006 340 A
2035 279 2170 336 ﬂata
2202 279 2299 338 sit.
2334 279 2542 336 Fateor
2581 276 2957 335 nihilominus
3006 277 3131 335 hac
3180 275 3302 334 sola
3353 290 3508 348 esse,
3542 291 3669 350 qua

289 383 384 450 lio,
420 381 476 436 in
519 374 859 452 praefatione
891 371 961 429 ad
997 371 1138 428 Smc.
1181 371 1270 426 IV.
1307 368 1665 426 Benedictin.
1699 371 1924 438 partem

289 466 620 534 secundam,
653 477 784 534 pag.
821 475 1030 517 LXXVIII
1061 463 1116 514 et
1151 457 1438 528 sequenti,
1475 456 1573 512 illa
1605 455 1728 526 ipsa
1762 453 1927 512 Vale-

290 557 356 614 sii
389 553 567 611 verba
600 551 889 614 referens;
920 546 1022 604 sed
1046 545 1240 602 nescio
1263 559 1376 615 quo
1395 543 1694 614 religionis
1715 542 1928 599 obstri-

287 649 421 702 ctus
447 639 703 708 vinculo,
730 639 811 692 ita
841 635 1126 704 subjecit:
1158 653 1186 685 α
1208 635 1362 689 Hanc
1385 633 1496 688 viri
1518 629 1924 699 eruditissimi,

290 736 348 788 et
382 729 518 786 mihi
551 726 798 782 maxime
829 721 1186 794 suspiciendi
1217 719 1567 776 sententiam
1589 717 1820 790 penitus
1843 733 1931 774 re-

293 820 481 875 futare
513 814 708 881 nolim,
745 811 844 868 sed
879 815 1066 866 tamen
1121 807 1490 866 dissimulare
1537 821 1647 861 non
1698 821 1929 877 possum

293 905 705 963 auctoritatem
739 897 968 956 concilii
997 881 1521 964 Cloveshoviensis,
1547 913 1574 946 »
1599 899 1738 964 etc.,
1763 894 1933 963 cujus

293 999 350 1050 ct
383 987 868 1062 Aquisgranensis
896 987 1073 1042 verba
1103 983 1365 1056 proxime
1397 983 1728 1040 retutimus.
1762 981 1934 1053 Equi-

294 1083 422 1138 dem
445 1079 733 1135 Valesium
757 1081 812 1132 et
839 1075 1048 1131 doctos
1069 1073 1364 1144 quoslibet
1388 1072 1548 1128 viros
1571 1070 1818 1127 demisse
1840 1084 1934 1126 su-

295 1169 478 1240 spicio
507 1170 563 1222 et
599 1179 862 1232 veneror,
899 1163 1000 1218 sed
1036 1175 1218 1231 usque
1268 1160 1338 1216 ad
1389 1173 1538 1229 aras,
1575 1173 1685 1215 non
1714 1157 1816 1228 ita,
1852 1156 1934 1213 in-

297 1272 486 1329 quam,
523 1259 584 1312 ut
616 1252 844 1324 prodita
891 1249 1142 1306 veritate
1183 1248 1497 1319 quidquam
1531 1248 1602 1303 ab
1631 1247 1719 1302 eis
1751 1245 1936 1302 susci-

296 1344 466 1415 piam,
503 1340 655 1411 quod
688 1339 812 1395 sine
843 1338 1011 1407 vade,
1046 1336 1171 1392 sine
1201 1338 1354 1391 teste
1393 1333 1930 1390 comminiscuntur.

295 1432 416 1487 Non
449 1431 610 1485 tanta
638 1427 774 1483 mihi
799 1425 1016 1483 Valesii
1048 1423 1354 1491 autoritas,
1390 1426 1452 1479 ut
1485 1436 1594 1478 non
1625 1424 1849 1490 contra,
1875 1423 1936 1476 et

297 1517 552 1587 religiosi
588 1515 804 1583 fratris,
840 1514 961 1568 sive
984 1513 1034 1568 is
1055 1511 1390 1578 monachus,
1421 1511 1542 1566 sive
1563 1509 1713 1566 alius
1736 1508 1932 1578 fuerit,

2036 371 2201 425 tanto
2231 368 2358 425 viro
2389 367 2582 438 digna,
2619 367 2673 422 in
2713 381 2780 422 ea
2821 364 3241 434 dissertatione
3275 365 3388 422 dici
3423 367 3667 440 possint,
3695 362 3709 373 ’

2036 470 2280 526 qumque
2330 455 2384 510 in
2419 453 2942 511 Observationibus
2991 453 3212 510 nostris
3263 451 3334 509 ad
3385 451 3672 524 plurimos

2033 543 2394 601 Usuardinos
2425 545 2644 612 textus,
2665 545 2792 598 toto
2823 555 3000 613 opere
3033 539 3472 598 inculcavimus.
3491 543 3562 598 At
3581 555 3676 598 ve-

2038 647 2102 687 ro
2129 634 2252 688 tota
2275 631 2534 687 concidit
2557 629 2770 686 Valesii
2794 628 3420 700 conclusio,vicelicet,
3444 628 3679 702 Marty-

2035 719 2332 791 rologium
2357 719 2537 790 illud,
2567 717 2727 790 quod
2753 717 2878 776 Ade
2921 717 3263 775 Viennensis
3283 731 3388 774 suo
3403 717 3688 790 praﬂzit

2037 805 2492 878 Martyrologio,
2529 806 2698 863 nullo
2734 805 2902 862 modo
2949 805 3074 863 dici
3108 818 3280 878 posse
3322 806 3678 864 Romanum.

2040 895 2203 962 Quod
2255 899 2448 952 autem
2499 909 2642 951 nova
2693 893 2898 952 auxesi
2953 894 3271 966 intorquet,
3296 895 3687 968 gravissimis

2039 983 2341 1042 erroribus
2387 983 2632 1054 scatere,
2667 983 2739 1039 ad
2791 997 2966 1040 unum
3015 981 3396 1054 restringitur
3424 982 3687 1042 Theodo-

2041 1077 2164 1130 tum
2203 1072 2610 1129 Laodicenum.

2112 1165 2198 1216 87.
2219 1162 2320 1216 Ast
2345 1159 2436 1216 hic
2459 1173 2626 1216 error
2647 1157 3042 1230 Martyrologii
3067 1159 3241 1216 istius
3264 1161 3491 1216 auctori
3516 1159 3690 1218 facile

2043 1247 2488 1318 condonabitur,
2526 1247 2576 1304 si
2607 1247 3042 1304 meminerimus
3072 1247 3220 1304 bona
3245 1247 3358 1304 fide
3381 1263 3455 1305 ex
3475 1249 3691 1306 Ruﬁno

2044 1339 2370 1406 acceptum,
2395 1335 2468 1391 ab
2489 1334 2717 1390 homine
2740 1349 2846 1392 nec
2869 1335 3014 1391 satis
3037 1335 3232 1404 docto,
3260 1349 3368 1392 nec
3399 1335 3546 1392 satis
3578 1335 3693 1392 cri-

2045 1423 2181 1494 tico,
2201 1427 2262 1479 ut
2286 1423 2518 1478 aliunde
2535 1422 3384 1494 deprehenderet,Thcodotum
3402 1424 3458 1479 in
3476 1423 3692 1481 Ariana

2044 1511 2251 1568 haeresi
2287 1525 2721 1582 perseverasse,
2747 1510 2898 1582 quod
2933 1515 3021 1566 tot
3055 1510 3202 1567 alios
3231 1511 3392 1568 viros
3421 1511 3695 1569 eruditos

294 1610 353 1661 et
387 1604 606 1660 Adonis
636 1600 1034 1658 testimonium
1083 1598 1372 1654 sincerum
1403 1601 1460 1653 et
1491 1612 1692 1653 verum
1733 1597 1936 1652 existi-
1963 1619 2017 1680 Β
2049 1598 3697 1671 postipsumlatuit,quemadmodumnovimusEusebium

297 1707 485 1759 mem;
516 1705 621 1746 nec
651 1689 708 1745 id
741 1687 876 1743 mihi
909 1687 1056 1758 eripi
1091 1685 1300 1756 patiar,
1333 1684 1444 1741 nisi
1489 1683 1804 1741 contrariis
1848 1697 1936 1740 ar-

295 1781 588 1852 gumentis
627 1777 890 1849 apertius
936 1775 1258 1831 evincatur.

366 1875 454 1928 85.
473 1869 542 1924 Et
565 1866 869 1936 utriusque
892 1863 1241 1920 testimoniis
1261 1861 1447 1917 habeo
1470 1859 1939 1931 Martyrologium

207 1994 217 2007 .
297 1963 358 2014 et
389 1957 621 2028 quidem
649 1953 986 2011 venerabile
1031 1965 1096 2007 ac
1126 1949 1594 2022 perantiquum;
1622 1949 1808 2004 habeo
1865 1947 1940 2006 ab

294 2045 440 2104 urbe
454 2047 643 2103 Roma
654 2042 1001 2115 Aquileiam
1013 2039 1254 2097 cuidam
1265 2037 1466 2096 sancto
1477 2037 1943 2110 episcopaapouo

295 2137 454 2208 tiflce
500 2137 763 2192 Romano
804 2131 1111 2190 directum.
1148 2129 1316 2198 Quid,
1352 2142 1566 2198 quaso,
1599 2131 1807 2198 sponte
1837 2141 1940 2184 sua

298 2225 430 2281 inde
463 2223 760 2294 proﬂuat?
791 2221 900 2278 nisi
933 2217 1402 2288 Martyrologium
1427 2216 1571 2272 illud
1593 2216 1786 2272 Romae
1809 2229 1942 2272 con-

297 2311 600 2381 scriptum,
654 2311 848 2364 Romae
911 2307 1192 2364 usitatum
1245 2305 1446 2374 fuisse,
1491 2303 1741 2373 demum,
1776 2317 1942 2372 aeque

298 2400 630 2456 Romanum
660 2395 944 2452 nominari
977 2407 1167 2464 posse,
1193 2405 1262 2448 ac
1284 2389 1430 2448 illud
1452 2389 1746 2446 vetustius
1767 2389 1942 2459 vulgo

298 2483 806 2552 Hieronymianum
837 2495 868 2536 a
893 2481 946 2536 S.
971 2478 1250 2548 Gregorio
1275 2476 1760 2546 commendatum,
1789 2477 1942 2548 quod

300 2571 514 2644 passim
537 2569 754 2627 eruditi
779 2568 876 2624 alii
899 2582 1029 2625 cum
1056 2565 1336 2622 Bollando
1359 2569 1414 2621 et
1434 2564 1792 2621 Florentinio
1807 2578 1943 2620 vere

299 2663 362 2716 et
393 2659 630 2732 proprie
653 2659 969 2714 Romanum
995 2654 1111 2710 dici
1134 2668 1307 2726 posse
1331 2652 1752 2724 assentiuntur,
1781 2651 1944 2724 quid-

301 2747 441 2820 quid
478 2745 747 2803 Valesius
779 2748 982 2802 contra
1015 2743 1285 2814 tricetur,
1319 2742 1375 2798 in
1406 2741 1512 2798 hac
1553 2744 1718 2812 parte
1757 2755 1788 2796 a
1821 2740 1944 2797 Flos

299 2833 553 2892 rentinio
575 2831 1074 2890 abundantissime
1092 2831 1448 2887 confutatus.
1479 2829 1674 2900 Neque
1687 2843 1945 2900 opponas

299 2923 433 2978 hinc
463 2922 584 2978 fore
635 2933 1004 2992 consequens
1055 2919 1208 2989 quod
1257 2918 1372 2974 duo
1424 2917 1636 2973 fuerint
1688 2916 1943 2972 Romana

2049 1688 2460 1745 Caesariensem
2487 1702 2590 1759 per
2606 1691 2694 1743 tot
2718 1687 2930 1745 saecula
2949 1688 3004 1742 in
3017 1687 3264 1744 Usuardi
3280 1687 3698 1758 Martyrologio

2049 1775 2240 1832 locum
2287 1775 2442 1832 inter
2473 1779 2708 1832 sanctos
2739 1775 3086 1846 obtinuisse,
3131 1791 3245 1847 quo
3291 1789 3422 1831 eum
3455 1775 3698 1832 tandem

2049 1863 2440 1920 deturbavere
2471 1862 2863 1933 Martyrologii
2895 1863 3135 1919 Romani
3171 1864 3613 1920 reformatores.
3641 1863 3700 1920 Si

2051 1957 2167 2008 tam
2199 1965 2372 2008 carus
2394 1950 2624 2008 Valesio
2654 1951 2865 2008 fuisset
2883 1951 3234 2023 Theodotus,
3263 1952 3414 2008 forte
3436 1967 3546 2024 pro
3571 1951 3704 2022 ejus

2049 2039 2392 2098 orthodoxia
2423 2039 2760 2110 asserenda,
2795 2053 2960 2111 aeque
2992 2054 3058 2094 ac
3099 2055 3206 2111 pro
3237 2040 3566 2097 Eusebiana
3601 2039 3706 2097 de-

2050 2131 2360 2185 certasset.
2393 2127 2486 2183 Sic
2519 2126 2742 2198 pridem
2775 2127 2830 2182 in
2864 2126 3082 2183 litteris
3111 2127 3182 2182 ad
3216 2142 3304 2182 me
3327 2127 3704 2185 Castellanus

2051 2216 2299 2286 ingenue
2317 2217 2506 2272 fassus
2518 2218 2631 2285 est,
2648 2214 2904 2286 iniquam
2927 2229 3218 2285 agnoccns
3242 2215 3456 2272 Valesii
3482 2215 3704 2286 agendi

2053 2303 2334 2360 rationem
2367 2321 2382 2357 :
2419 2321 2447 2354 ‹‹
2478 2301 2723 2359 Videtur
2753 2303 2926 2372 enim,
2951 2302 3272 2374 inquiebat,
3295 2303 3366 2359 ad
3398 2303 3707 2360 vindican-

2052 2391 2188 2448 dum
2219 2389 2556 2460 Eusebium,
2590 2390 2682 2446 vel
2715 2405 2784 2447 eo
2819 2391 3181 2463 potissimum
3215 2391 3511 2461 inductus,
3539 2390 3706 2463 quod

2051 2493 2082 2535 e
2139 2479 2397 2538 Romano
2455 2477 2868 2549 Martyrologio
2938 2493 3169 2536 erasum
3240 2479 3455 2550 aegrius
3512 2480 3706 2536 ferret

2051 2566 2429 2636 Theodotum,
2463 2579 2532 2622 eo
2564 2565 2758 2624 acrius
2787 2567 3188 2639 perstringere
3220 2567 3375 2638 quod
3409 2567 3464 2623 in
3496 2581 3567 2624 eo
3606 2581 3706 2624 su-

2053 2658 2282 2728 perstes
2329 2654 2404 2710 sit
2439 2673 2452 2708 :
2487 2669 2652 2726 aequa
2694 2655 2845 2712 ratio
2893 2655 3228 2728 postulabat
3279 2658 3341 2711 ut
3371 2654 3461 2712 vel
3493 2655 3710 2713 ambos

2053 2741 2484 2815 damnaret,lvel
2515 2745 2784 2800 tueretur
2812 2742 3035 2799 ambos.
3063 2761 3092 2794 »
3117 2745 3188 2800 Ut
3222 2747 3286 2800 ut
3317 2742 3708 2814 est,afﬂrmat

2054 2831 2308 2902 quidem,
2341 2845 2488 2904 pene
2517 2829 2777 2888 dixeram
2817 2829 3038 2886 divinat
3085 2829 3370 2902 Valesius,
3402 2831 3504 2888 sed
3533 2830 3711 2890 nullo

2055 2919 2226 2976 modo
2261 2919 2467 2990 prohat
2503 2937 2531 2970 «
2564 2922 2658 2974 aut
2697 2918 2953 2974 Adonem
3003 2918 3216 2988 fucum,
3246 2918 3417 2976 nobis
3457 2917 3708 2990 fecisse,

298 3009 727 3080 Martyrologia,
763 2987 892 3064 nam
924 3007 981 3063 in
1013 2987 1086 3062 eo
1112 3005 1255 3062 nihil
1288 3005 1472 3073 magis
1503 3003 1738 3076 piaculi,
1773 3017 1942 3074 quam
1973 2987 2024 3051 C
2057 3007 2153 3077 qui
2185 2987 2296 3064 hoc
2327 3005 2818 3076 Martyrologium,
2853 3009 3126 3076 tanquam
3161 3021 3190 3062 a
3220 3007 3474 3062 Romano
3506 2987 3712 3079 ponti-

300 3098 452 3169 quod
470 3096 637 3168 plura
653 3095 764 3150 sibi
781 3095 1027 3151 invicem
1043 3091 1502 3149 Sacramentaria
1519 3091 1938 3160 successerint,

300 3189 366 3242 ut
404 3182 819 3253 Gregorianum
873 3179 1195 3250 Gelasiano,
1231 3177 1375 3234 illud
1424 3179 1532 3235 hoc
1575 3177 1840 3235 ornatius
1882 3181 1944 3233 et

299 3271 567 3330 exactius
597 3289 609 3324 :
637 3270 721 3326 sic
742 3269 893 3326 enim
916 3267 1108 3324 minus
1122 3268 1458 3336 Romanum,
1486 3264 1730 3322 nitidius
1747 3269 1808 3322 et
1829 3265 1944 3322 cla-

301 3360 444 3429 rius,
475 3359 644 3414 alteri
671 3357 871 3427 majori
905 3359 964 3412 et
995 3354 1316 3412 confusiori
1349 3352 1518 3410 facile
1542 3353 1822 3410 substitui
1847 3367 1945 3426 po-

300 3447 434 3515 tuit,
471 3445 612 3500 licet
644 3447 866 3515 septem
897 3447 1000 3500 aut
1029 3447 1162 3500 octo
1189 3441 1317 3498 dies
1348 3455 1502 3499 nunc
1551 3440 1720 3498 vacui
1770 3455 1944 3513 appa-

299 3537 488 3602 reant,
525 3532 621 3603 qui
656 3532 807 3587 forte
837 3531 1274 3588 amanuensium
1308 3529 1575 3587 socordia
1609 3528 1694 3586 sic
1726 3528 1942 3585 fuerint

302 3620 514 3676 relicti.
549 3621 620 3676 At
651 3620 844 3676 Romae
877 3618 1097 3676 nullum
1130 3617 1456 3688 hujusmodi
1488 3615 1816 3690 exemplum
1857 3630 1944 3672 re-

299 3713 526 3782 pertum
561 3712 674 3765 est.
710 3707 856 3774 Quid
889 3712 1008 3764 tum
1029 3711 1230 3780 postea
1252 3707 1276 3762 ?
1297 3707 1438 3774 Quis
1457 3707 1649 3764 Romae
1674 3705 1944 3777 Hierony-

299 3797 551 3854 mianum
582 3795 802 3852 invenit
831 3796 856 3850 ?
883 3795 1025 3863 Quis
1052 3794 1239 3852 nescit
1277 3794 1529 3850 Romana
1561 3793 1659 3849 illa
1684 3796 1938 3865 vetusta,

300 3899 404 3941 seu
438 3899 704 3954 magnum
737 3898 838 3940 seu
874 3898 1134 3955 parvum,
1173 3881 1344 3953 plane
1375 3881 1765 3950 intercidisse,
1792 3885 1946 3952 post-

301 3987 472 4044 quam
504 3972 915 4041 Usuardinum,
932 3969 1294 4026 commodius
1316 3973 1374 4024 et
1399 3967 1728 4039 elegantius
1746 3968 1803 4024 in
1825 3982 1944 4024 om-

300 4074 406 4114 nes
451 4059 575 4114 fere
622 4057 962 4114 Occidentis
1011 4056 1306 4114 Ecclesias
1353 4055 1752 4113 introductum
1802 4056 1945 4112 est?

299 4145 639 4202 Plusculum
672 4145 821 4202 lucis
849 4159 921 4200 ex
953 4143 1220 4202 dicendis
1251 4143 1511 4201 accedet.

370 4236 458 4289 86.
493 4231 692 4300 Pergit
723 4230 990 4287 Valesius
1015 4250 1027 4286 :
1057 4232 1310 4287 «Totum
1342 4231 1462 4286 fere
1490 4229 1646 4286 istud
1667 4230 1945 4300 Martyro-

2055 3094 2160 3150 ﬁce
2190 3095 2596 3151 transmissum
2625 3093 2897 3164 ediderit,
2930 3098 3030 3150 aut
3059 3094 3420 3166 monachum,
3448 3094 3547 3166 qui
3581 3094 3713 3152 hoc

2055 3182 2237 3238 Adoni
2260 3182 2654 3253 aﬁlrmaverit,
2669 3181 2754 3238 illi
2777 3183 3142 3253 imposuisse.
3163 3201 3192 3235 »
3209 3184 3324 3239 Nos
3347 3183 3420 3238 ab
3442 3187 3713 3254 utroque

2053 3282 2190 3325 vera
2206 3268 2388 3326 relata
2405 3269 2721 3340 credimus,
2737 3274 2798 3326 et
2817 3268 3288 3341 Martyrologium
3313 3284 3344 3325 a
3366 3270 3712 3342 Rosweydo

2053 3355 2296 3425 editum,
2331 3357 2586 3414 Romam”
2614 3356 2790 3414 titulo
2821 3356 3156 3428 neutiquam
3181 3357 3545 3428 privandum.

2124 3447 2212 3501 88.
2239 3443 2384 3500 Sane
2403 3457 2516 3500 non
2540 3443 2742 3500 multis
2765 3445 3126 3514 argumentis
3147 3460 3294 3517 opus
3313 3448 3425 3514 est,
3442 3448 3505 3500 ut
3527 3445 3716 3502 refel-

2055 3531 2211 3588 latur
2233 3531 2388 3602 quod
2409 3532 2596 3602 gratis
2616 3532 2934 3599 astruitur;
2961 3547 3066 3590 nec
3085 3547 3226 3590 vero
3249 3532 3467 3589 Adonis
3488 3534 3718 3590 sancti-

2053 3623 2254 3690 tatem,
2290 3633 2397 3676 nec
2427 3618 2685 3690 religiosi
2719 3620 2921 3678 fratris
2953 3619 3144 3691 ﬁdem,
3180 3623 3300 3678 tota
3335 3618 3431 3676 illa
3458 3634 3560 3676 sua
3583 3619 3716 3678 dis-

2055 3707 2396 3778 sertatione,
2431 3706 2639 3764 saltem
2662 3709 2815 3779 apud
2839 3708 3114 3764 cordatos
3138 3706 3512 3764 labefactavit
3535 3707 3714 3765 Vale-

2055 3797 2196 3854 sius.
2233 3799 2304 3854 Ut
2339 3801 2554 3868 autem,
2601 3796 2698 3867 qui
2749 3797 3100 3853 sententiam
3151 3800 3410 3853 nostram
3459 3798 3712 3868 egregie

2053 3884 2376 3954 confirmet,
2431 3883 2704 3941 laudatus
2756 3883 2928 3940 modo
2979 3883 3256 3941 Claudius
3306 3882 3706 3956 Castellanus,

2053 3972 2212 4043 mihi,
2247 3977 2314 4028 ut
2340 3986 2514 4042 supra
2549 3971 2832 4039 dicebam,
2849 3971 2920 4028 ad
2941 3971 3231 4029 edendum
3253 3971 3589 4030 Usuardum
3611 3973 3707 4030 ad-

2053 4059 2322 4116 hortator
2353 4059 2745 4130 incitatorque
2779 4060 3130 4132 praecipuus,
3167 4059 3222 4116 in
3251 4074 3352 4117 sua
3402 4059 3474 4116 ad
3525 4060 3704 4130 primi

2053 4147 2360 4204 Bimestris
2406 4145 2800 4218 Martyrologii
2848 4147 3108 4218 Romani,
3144 4149 3302 4205 notis
3330 4146 3708 4218 longioribus

2054 4233 2357 4306 illustrati,
2394 4235 2854 4308 praemonitione,
2883 4235 3158 4306 prudens,
3185 4235 3440 4306 doctum,
3468 4250 3704 4307 verum,

301 4319 514 4388 logium
547 4319 702 4390 quod
736 4333 765 4375 a
799 4317 1122 4390 Rosweydo
1173 4317 1530 4390 publicatum
1578 4321 1692 4388 est,
1727 4317 1945 4375 descri-
1973 4337 2026 4398 D
2056 4323 3071 4396 sensatum,exactumquejudicium
3087 4324 3281 4381 ferens
3296 4324 3707 4398 pag.16,quod

300 4413 462 4481 ptum
477 4412 568 4464 est
590 4422 662 4464 ex
682 4406 1090 4465 ecclesiastica
1113 4406 1368 4463 Historia
1395 4405 1583 4463 Rufini
1608 4407 1940 4478 presbyteri

301 4495 708 4567 Aquileiensis,
743 4510 873 4553 cum
895 4495 1040 4568 ipsis
1055 4495 1231 4552 etiam
1255 4495 1483 4552 mendis
1501 4509 1629 4566 quae
1655 4494 1711 4550 in
1735 4494 1942 4552 Rufino

299 4586 666 4642 habentur.»
702 4585 881 4655 [dque
913 4585 1125 4656 probat
1167 4599 1272 4656 pro
1315 4587 1440 4641 toto
1484 4583 1614 4640 anni
1661 4584 1937 4652 decursu,

298 4687 372 4728 ex
395 4671 602 4728 diebus
623 4672 880 4744 quinque
905 4688 920 4737 ;
955 4686 1029 4728 ex
1052 4671 1241 4744 pridie
1265 4673 1452 4728 Nonas
1475 4669 1807 4736 Februarii;
1833 4669 1942 4725 Idi-

301 4762 409 4816 bus
423 4759 668 4832 Aprilis;
689 4760 826 4816 item
852 4775 946 4816 xu
969 4759 1242 4818 Octobris
1261 4777 1275 4828 ;
1291 4760 1550 4818 secnndo
1573 4757 1936 4827 Novembris,

298 4852 356 4903 et
393 4863 447 4904 ιν
478 4848 741 4917 ejusdem
774 4849 1012 4918 mensis,
1051 4849 1148 4905 ubi
1181 4863 1291 4904 non
1340 4848 1488 4904 male
1527 4845 1938 4904 animadvertit

305 4935 661 4994 Theodotum
685 4937 1080 4995 Laodiceuu/m
1107 4950 1412 5009 perperam
1445 4950 1475 4992 a
1507 4934 1747 4990 Romani
1778 4933 1939 5004 parvi

300 5024 681 5094 compilatore
713 5025 868 5081 inter
901 5029 1140 5081 sanctos
1168 5024 1438 5093 relatum,
1473 5026 1534 5078 ut
1569 5021 1839 5094 pluribus
1869 5020 1940 5077 ad

300 5108 449 5164 diem
501 5127 540 5168 ιι
583 5113 924 5170 Novembris
974 5111 1380 5170 disseruimus.
1417 5110 1772 5182 Quamquam
1827 5123 1940 5166 non

301 5197 770 5272 dissimulavero,
801 5217 1004 5273 magna
1037 5201 1130 5258 hic
1161 5201 1352 5258 denuo
1383 5199 1816 5272 superjectione
1837 5199 1943 5255 Va-

301 5287 508 5345 lesium
541 5289 650 5358 uti,
693 5304 824 5346 cum
864 5305 1052 5362 neque
1081 5294 1294 5360 totum,
1332 5303 1519 5360 neque
1552 5287 1740 5345 media
1781 5301 1939 5359 pars,

301 5377 415 5433 imo
447 5390 554 5435 nec
585 5375 786 5448 quinta
820 5392 956 5450 pars
987 5378 1226 5436 Romani
1270 5377 1430 5451 parvi
1463 5391 1537 5435 ex
1573 5375 1780 5434 Ruﬁno
1807 5388 1943 5432 con-

2051 4413 2144 4469 hic
2175 4426 2247 4468 ex
2278 4412 2498 4470 Gallico
2531 4413 2794 4472 Latinum
2825 4413 2993 4469 facio.
3030 4414 3115 4469 Ita
3147 4413 3319 4470 habet
3345 4433 3358 4466 :
3385 4431 3415 4464 «
3446 4414 3704 4472 Parvum

2051 4501 2545 4573 Martyrologium,
2566 4502 2744 4558 Ro'ma
2779 4500 3099 4572 Aquileiam
3133 4501 3442 4570 directum,
3470 4501 3705 4559 editum

2051 4593 2142 4645 est
2171 4603 2201 4645 a
2237 4589 2586 4660 Rosweydo,
2623 4588 2730 4644 sub
2761 4587 2990 4644 nomine
3020 4602 3252 4644 VETERIS
3281 4587 3509 4644 Ronan
3533 4605 3548 4654 ;
3576 4589 3704 4646 sive

2050 4676 2289 4734 titulum
2323 4677 2481 4734 istud
2511 4677 2567 4732 in
2619 4690 2724 4732 ms.
2779 4676 2965 4732 sancti
3007 4675 3380 4733 Pautaleonis
3437 4675 3704 4733 Coloniae

2051 4765 2202 4836 apud
2227 4765 2605 4822 Cartusianos
2626 4767 2861 4820 servato
2885 4763 3194 4834 repererit,
3211 4763 3333 4820 sive
3355 4763 3482 4835 ipse
3502 4763 3576 4820 de
3595 4779 3706 4822 suo

2051 4853 2392 4924 ascripserit
2412 4871 2424 4906 :
2443 4851 2596 4922 quod
2611 4856 2776 4908 certe
2788 4865 2902 4908 non
2917 4851 3029 4908 nisi
3045 4851 3420 4908 meritissimo
3435 4852 3699 4923 fecisset,

2051 4940 2522 5012 quandoquidem
2553 4939 2611 4995 in
2639 4953 2708 4996 eo
2739 4954 2842 4996 ms.
2870 4939 3200 4996 inveniatur
3222 4938 3702 5012 Martyrologium

2051 5027 2299 5098 longiori
2323 5027 2544 5084 Adonis
2568 5027 2887 5100 praefixum,
2906 5031 3221 5100 pateatque
3242 5031 3506 5085 sanctum
3533 5027 3700 5084 illum

2049 5115 2428 5173 Viennensem
2479 5115 3000 5187 archiepiscopum,
3050 5116 3104 5170 in
3155 5115 3553 5188 Martyrologii
3605 5114 3700 5172 sui

2052 5205 2392 5277 praefatione
2422 5219 2710 5274 asserere,
2747 5218 2807 5261 se
2849 5203 2903 5260 in
2936 5203 3128 5275 capite
3175 5203 3372 5276 operis
3424 5202 3702 5276 posuisse

2050 5293 2384 5350 venerabile
2413 5297 2474 5348 et
2517 5292 2926 5364 perantiquum
2977 5291 3479 5363 Martyrologium,
3512 5293 3698 5348 Roma

2053 5381 2394 5452 Aquileiam,
2420 5379 2650 5438 cuidam
2681 5383 2885 5438 sancto
2915 5379 3194 5454 episcopo
3217 5394 3249 5436 a
3274 5381 3530 5438 Romano
3553 5393 3698 5452 pon-
