3974 6150
204 252 304 310 ωδ
1614 249 2158 313 PROLEGOMENA.

3485 254 3590 316 υοθ

200 372 357 433 tit'lce
381 374 693 445 directum,
722 375 875 447 quod
898 374 1211 448 religiosus
1236 378 1434 450 frater,
1461 378 1669 451 inquit,
1696 378 1833 436 mihi
1861 377 1918 441 A
1949 386 2136 452 erant,
2170 378 2419 449 aliisque
2447 376 2947 443 circumstantiis;
2979 392 3109 449 quae
3139 379 3329 437 omnia
3382 392 3588 453 perap-

202 462 423 534 aliquot
453 461 662 519 diebus
691 464 993 535 praestitit,
1019 466 1288 536 quodque
1320 467 1473 538 apud
1502 468 1835 524 Ravennam

200 552 431 624 positus
454 551 820 623 transcripsi.
845 551 986 618 Quis
1009 553 1290 611 credibile
1314 555 1485 612 faciat
1518 557 1835 613 Romanum

200 638 535 712 pontiﬁcem
576 638 732 696 aliud
777 640 1247 711 Martyrologium
1297 643 1613 699 Romanum
1663 643 1838 714 Aqui-

201 727 331 783 liam
365 726 677 799 direxisse,
714 741 883 799 quam
925 730 1077 800 quod
1125 731 1319 797 Romae
1368 736 1505 788 tunc
1557 732 1840 803 temporis

156 839 161 845 υ
200 819 363 875 esset
392 815 719 873 usitatum?
747 834 776 869 κο

268 909 358 962 89.
397 923 426 956 «
468 905 538 961 At
590 918 730 962 vero
777 902 1136 976 (Castellum
1177 914 1403 981 seniper
1446 906 1624 966 verba
1671 908 1837 977 sunt)

205 993 353 1066 quod
390 993 596 1067 probat
630 994 994 1053 manifestius
1022 996 1495 1068 Martyrologium
1537 997 1595 1054 in
1645 998 1840 1070 capite

206 1082 493 1140 Adoniani
524 1083 738 1154 aperis,
774 1084 926 1156 apud
959 1086 1147 1141 sancti
1180 1086 1554 1144 Pantaleonis
1587 1086 1839 1143 Coloniae

204 1174 533 1244 repertum,
560 1172 891 1229 certissime
922 1187 1052 1229 esse
1083 1175 1384 1245 antiquum
1408 1177 1741 1246 Romanum,
1767 1174 1839 1231 ad

201 1273 372 1316 usum
403 1259 683 1317 Ecclesia
707 1261 995 1331 Romanae,
1021 1276 1338 1334 verumque
1358 1264 1753 1335 apographum
1776 1263 1842 1318 il-

204 1347 334 1418 lius,
370 1347 526 1419 quod
557 1348 847 1406 Romanus
878 1351 1139 1421 pontifex
1162 1350 1482 1422 Aquileiam
1509 1352 1838 1418 direxerat;

203 1450 310 1491 non
350 1436 542 1493 solum
576 1435 709 1492 inde
739 1438 1010 1507 sumitur,
1045 1440 1200 1508 quod
1231 1440 1418 1495 sancti
1443 1440 1521 1495 ibi
1546 1440 1841 1511 reperian-

202 1527 297 1580 tur
323 1524 598 1580 Romanae
632 1525 760 1581 urbi
794 1526 1014 1597 proprii
1055 1530 1115 1581 et
1163 1528 1625 1597 Hieronymianis
1672 1528 1840 1599 plane

203 1611 507 1682 incogniti,
544 1617 607 1669 ut
638 1613 900 1683 Martina,
934 1615 1189 1685 Dal‘rosa,
1224 1616 1433 1686 Papias
1481 1621 1541 1672 et
1584 1618 1835 1685 Maurus,

1945 472 2135 547 posite
2167 471 2222 526 in
2250 466 2440 524 veteri
2490 465 2877 537 Rosweydino
2927 467 3354 537 exprimuntur.
3412 467 3582 540 Quid,

1948 561 2103 636 quod
2133 556 2416 618 credibile
2449 556 2546 628 sit,
2572 554 2714 613 illud
2747 555 2936 627 ipsum
2958 569 3089 612 esse
3110 556 3585 629 Martyrologium

1947 653 2215 708 Romante
2236 646 2664 716 Ecclesiae,tota
2685 643 3000 700 Occidente
3023 644 3320 714 cognitum
3343 648 3415 702 ab
3433 662 3584 704 anno

1946 744 2074 808 747,
2101 735 2254 809 quod
2288 736 2345 791 in
2376 733 2580 804 Anglia
2611 732 2875 790 habitum
2905 736 2964 788 et
2996 732 3309 789 concilium
3352 734 3585 793 Cloves-

1948 828 2246 896 hoviense,
2299 823 2469 895 cujus
2526 837 2709 880 canon
2762 825 2829 877 13
2878 821 3001 879 haec
3050 822 3229 878 verba
3283 821 3581 882 definitiva

1948 916 2445 976 subministrat....
2480 930 2509 965 ))
2541 911 2731 968 Habes
2763 924 2941 982 supra
2973 924 3127 966 num.
3162 914 3251 968 81.

2019 1012 2105 1063 91.
2141 1004 2339 1074 Pergit
2370 1000 2734 1059 Castellanus
2770 998 3105 1069 ostendere,
3139 999 3416 1069 Adonem,
3452 999 3584 1058 dum

1947 1093 2102 1151 circa
2134 1105 2344 1149 annum
2376 1094 2481 1147 858
2509 1087 2982 1158 Martyrologium
3030 1087 3339 1156 scriberet,
3376 1088 3587 1144 merito

1949 1183 2251 1239 ductorem
2283 1193 2450 1236 suum
2501 1177 2779 1248 Aquileiae
2813 1182 3130 1248 repertum.
3153 1177 3590 1248 perantiquum

1948 1284 2147 1340 meque
2170 1282 2237 1324 ac
2252 1266 2588 1325 venerabile
2608 1263 2906 1336 appellare
2920 1264 3206 1336 potuisse.
3228 1266 3343 1322 Nec
3358 1265 3469 1321 sibi
3490 1266 3589 1322 ob-

1943 1356 2152 1428 jectari
2185 1356 2409 1427 patitur
2439 1354 2684 1426 paucula
2718 1353 2956 1410 Romani
2978 1352 3141 1424 parvi
3164 1352 3585 1422 additamenta,

1952 1450 2014 1503 ut
2045 1445 2448 1513 Erminonem,
2481 1457 2582 1499 seu
2603 1443 2921 1499 Erminu/m
2938 1441 3275 1498 Lobiensem
3292 1455 3401 1497 xxv
3424 1440 3590 1512 Apri-

1951 1533 2023 1590 lis
2040 1550 2054 1600 ;
2074 1533 2467 1589 inventionem
2485 1531 2890 1601 reliquiarum
2901 1531 2968 1587 in
2985 1528 3309 1599 Stubeleto,
3324 1529 3586 1599 ejusdem

1951 1622 2167 1677 mensis
2190 1636 2259 1676 xx
2285 1625 2385 1677 aut
2409 1620 2839 1677 dedicationem
2850 1618 3462 1676 Malmundariensem
3473 1631 3589 1675 xvn

203 1700 323 1756 solo
353 1715 552 1757 mense
581 1701 890 1767 Jannario;
922 1716 1109 1772 neque
1139 1718 1211 1759 ex
1242 1718 1311 1759 eo
1351 1705 1502 1774 quod
1551 1705 1835 1760 Cathedra
1867 1725 1922 1784 Β
1952 1710 2326 1774 Novembris;
2359 1724 2489 1766 cum
2520 1709 2665 1764 satis
2696 1713 2914 1779 pateat,
2948 1706 3157 1763 similia
3203 1722 3233 1762 a
3280 1706 3586 1777 cmnobiis,

202 1788 388 1844 sancti
421 1789 581 1843 Petri
608 1789 847 1860 pr0prio
871 1789 964 1846 die
987 1791 1353 1861 signetur,ab
1372 1792 1727 1849 Antiochena
1752 1808 1839 1847 re-

201 1876 463 1934 ctissime
488 1877 767 1933 distincta
792 1895 806 1943 ;
840 1892 1039 1934 verum
1070 1880 1265 1949 etiam,
1293 1881 1444 1950 quod
1470 1881 1622 1948 inter
1646 1881 1838 1936 varias

200 1964 584 2022 ecclesiarum
614 1966 999 2023 Romanarum
1033 1968 1450 2039 dedicationes,
1478 1968 1576 2023 illa
1609 1983 1838 2039 quoque

202 2058 497 2123 occurrat,
524 2067 653 2125 quae
682 2058 774 2111 est
804 2056 1005 2112 sacelli
1039 2056 1163 2126 alti,
1190 2057 1367 2114 castri
1398 2057 1585 2113 sancti
1610 2058 1833 2128 Angeli,

127 2188 137 2196 .
199 2156 480 2214 expressa
512 2156 616 2214 per
649 2143 927 2200 terminos
956 2159 1120 2201 mrsu
1152 2160 1347 2215 nuces,
1384 2146 1655 2217 quodque
1687 2147 1837 2203 festo

200 2230 385 2288 sancti
413 2230 1000 2301 Sebastiani,legatur
1021 2234 1146 2303 ejus
1164 2233 1470 2304 sepultura
1489 2250 1544 2290 IN
1565 2249 1837 2292 vasncns

200 2333 625 2389 APOSTOLORUI,
653 2320 1013 2403 designando
1045 2336 1147 2391 per
1178 2322 1300 2379 hzec
1329 2324 1508 2379 verba
1540 2324 1839 2379 Catacum-

202 2408 322 2476 bas,
340 2410 403 2463 in
418 2407 630 2478 quibus
650 2411 987 2464 sanctorum
1009 2410 1165 2475 Petri
1189 2413 1245 2464 et
1272 2410 1432 2467 Pauli
1465 2426 1711 2482 corpora
1737 2411 1838 2468 ali-

201 2496 458 2565 quandiu
492 2496 861 2567 quieverunt.
889 2496 961 2551 Et
992 2496 1301 2567 quomodo,
1330 2498 1537 2569 inquit,
1564 2505 1693 2571 post
1713 2500 1837 2556 haec

199 2582 461 2639 moderni
486 2583 664 2654 aliqui
688 2584 1034 2655 scriptores,
1062 2588 1259 2641 mutua
1286 2589 1547 2643 terentes
1566 2588 1833 2657 vestigia,

198 2673 321 2728 ausi
355 2676 495 2729 sunt
530 2685 801 2728 asserere
824 2671 1295 2743 Martyrologium
1318 2688 1347 2729 a
1372 2675 1698 2747 Rosweydo
1717 2675 1837 2730 edi-

200 2764 317 2817 tum
356 2775 472 2817 non
503 2774 630 2818 esse
658 2764 830 2818 vetus
857 2761 1196 2833 Romanum,
1223 2763 1326 2819 sed
1347 2764 1542 2834 potius
1560 2764 1837 2834 Hierony-

197 2847 368 2905 miani
402 2847 801 2920 Martyrologii
839 2850 1277 2922 apographum?
1321 2852 1540 2921 Ecquid
1591 2852 1725 2907 inde
1771 2851 1837 2906 li-

196 2942 354 3007 quet,
380 2936 542 2993 viros
574 2935 726 3007 illos,
753 2937 1038 3009 siquidem
1061 2938 1529 3010 Martyrologium
1554 2938 1696 2995 illud
1721 2939 1836 2995 ins-

195 3025 487 3095 pexerint,
531 3040 642 3081 non
690 3026 802 3081 nisi
854 3025 965 3081 levi
1015 3027 1184 3083 oculo
1225 3027 1564 3083 lectitasse?
1609 3027 1833 3083 Etenim
1865 3067 1914 3131 Ο

196 3117 413 3183 praeter
441 3127 530 3183 ea,
557 3128 685 3184 quae
709 3114 780 3169 de
803 3115 1027 3171 sanctis
1050 3116 1342 3185 Romanis,
1367 3120 1427 3171 et
1447 3116 1833 3172 Romanarum

191 3202 577 3259 ecclesiarum
610 3202 1006 3273 singularibus
1038 3204 1507 3262 dedicationibus
1530 3205 1646 3273 jam
1688 3204 1833 3259 dixi-

192 3305 338 3359 mus,
374 3291 609 3347 minima
643 3292 863 3363 quaevis
893 3293 1144 3348 attentio
1176 3296 1272 3348 aut
1296 3292 1610 3365 applicatio
1633 3296 1833 3363 paten-

190 3383 280 3435 ter
300 3379 587 3449 ostendit,
604 3383 791 3435 totum
806 3380 1179 3451 Rosweydini
1204 3380 1674 3452 Martyrologium
1698 3396 1832 3438 con-

190 3471 439 3536 textum,
491 3468 564 3523 ab
623 3468 895 3524 omnibus
954 3467 1385 3538 Hieronymiani
1436 3469 1829 3540 Martyrologii

186 3556 445 3627 cognitis
479 3556 833 3628 apographis
861 3556 1326 3613 diversissimum
1357 3571 1506 3614 esse.
1543 3576 1564 3607 ι
1706 3614 1707 3617 η

249 3650 342 3701 90.
380 3645 519 3700 Haec
540 3645 731 3700 omnia
754 3660 785 3701 a
808 3644 1140 3702 Castellano
1165 3644 1493 3701 rectissime
1516 3646 1827 3703 observata

182 3737 337 3802 sunt,
367 3732 540 3804 plura
566 3732 719 3789 haud
744 3734 920 3790 dubie
942 3733 1198 3804 dicturo,
1220 3733 1266 3789 si
1294 3733 1484 3789 adhuc
1506 3733 1679 3804 paulo
1701 3748 1830 3805 pro-

183 3821 426 3879 fundius
457 3822 699 3878 Romani
729 3823 889 3893 parvi
940 3837 1152 3878 arcana
1204 3823 1493 3892 rimasset,
1530 3836 1658 3893 quae
1700 3825 1828 3878 toto

182 3908 291 3967 hoc
322 3924 510 3982 opere
536 3908 755 3966 clarius
776 3911 850 3965 ob
872 3909 1077 3967 oculos
1111 3910 1298 3981 posita
1325 3915 1481 3967 sunt.
1510 3910 1828 3967 Audiamus

182 4000 377 4055 tamen
406 3998 619 4054 factam
642 3998 718 4055 ab
739 4012 809 4054 eo
830 3999 997 4055 Parvi
1015 3999 1200 4055 nostri
1222 4014 1352 4055 cum
1368 3999 1831 4070 Hieronymianis

180 4086 688 4158 comparationem
723 4105 736 4141 :
774 4106 802 4139 α
834 4087 893 4143 In
916 4087 1307 4160 Rosweydino
1331 4087 1457 4144 dies
1487 4087 1653 4144 vacui
1676 4087 1830 4143 inve-

178 4174 450 4244 niuntur,
474 4176 534 4231 in
566 4175 1029 4248 Ilieronymianis
1062 4180 1577 4247 quantumcunque
1626 4177 1831 4232 abbre-

178 4263 382 4333 viatis,
408 4278 613 4321 omnes
633 4263 760 4320 dies
779 4263 933 4335 pleni
958 4268 1112 4320 sunt.
1139 4264 1362 4321 Rursus
1384 4264 1439 4319 in
1468 4263 1570 4320 illo
1608 4278 1833 4335 compo-

180 4351 295 4407 sita
329 4352 527 4409 omnia
558 4355 621 4409 et
650 4352 936 4422 ordinata,
970 4352 1026 4407 in
1059 4352 1218 4408 hisce
1240 4352 1506 4409 confusio
1530 4352 1734 4421 ingens
1758 4352 1829 4407 ab

176 4441 343 4497 varia
374 4440 669 4512 ecgrapba
701 4441 917 4512 saepius
940 4444 1323 4512 transumpta.
1353 4442 1413 4495 In
1445 4441 1832 4512 Roswcydino

178 4530 390 4600 plures
405 4529 1001 4585 VeterisTestamenti
1020 4529 1321 4601 prophetae
1334 4529 1824 4599 consignatisunt,

177 4618 229 4673 in
249 4616 694 4689 Hieronymiani
715 4617 1146 4675 vetustioribus
1166 4617 1517 4689 apograpbis
1528 4617 1743 4673 nullus.
1766 4618 1829 4673 In

176 4704 312 4763 illos
338 4709 634 4777 martyres
654 4709 712 4761 et
736 4706 923 4762 sancti
948 4705 1042 4762 alii
1066 4721 1138 4762 ex
1150 4706 1357 4762 Ruﬁno
1377 4706 1626 4776 accepti,
1642 4709 1826 4761 atnon

175 4794 648 4865 Lugdunenses;
682 4794 739 4851 in
772 4795 903 4851 istis
935 4794 1350 4865 Lugdunenses
1383 4805 1514 4851 sunt
1546 4799 1605 4850 et
1656 4795 1824 4866 pauci

172 4882 294 4952 alii,
323 4884 479 4939 adeo
513 4887 573 4939 ut
610 4884 906 4939 fatendum
939 4883 1016 4939 sit
1048 4883 1498 4954 Rosweydinum
1530 4887 1700 4941 vetus
1730 4898 1828 4939 au-

170 4973 538 5043 tographum
568 4984 721 5041 esse,
757 4985 963 5041 magno
995 4971 1193 5027 studio
1223 4971 1640 5041 elaborainum,
1668 4971 1827 5028 nullo

168 5066 379 5118 autem
412 5059 585 5117 modo
616 5074 689 5115 ex
720 5059 834 5115 alio
873 5060 1261 5132 desumptum.
1316 5060 1457 5117 Hinc
1508 5061 1828 5132 prudenter

164 5150 520 5233 conjicitur,
538 5149 829 5204 Romanos
853 5148 1305 5219 Hieronymiani,
1324 5151 1380 5205 in
1403 5164 1515 5220 quo
1530 5150 1655 5206 sola
1680 5165 1827 5207 mar-

162 5243 373 5307 tyrum
410 5236 641 5293 nomina
673 5241 734 5291 et
765 5235 1053 5307 palaestrae
1101 5238 1476 5308 notabantur,
1514 5241 1820 5309 pertmsos,

158 5325 328 5383 aliud
368 5328 759 5397 praeoptasse,
784 5324 840 5380 in
870 5339 984 5395 quo
1006 5325 1207 5382 selecti
1231 5329 1292 5381 et
1314 5326 1445 5383 novi
1469 5327 1675 5395 sancti,
1700 5331 1824 5382 tum

154 5417 636 5485 martyres,tum
658 5412 1000 5483 alii,minori
1037 5427 1276 5469 numero
1314 5415 1819 5483 annuntiarentur,

149 5501 462 5574 ascriptis
476 5501 1333 5574 imperatoribusjudicibusve,
1350 5502 1460 5559 sub
1476 5503 1685 5571 quibus
1701 5515 1825 5572 pas-

1951 1814 2195 1869 quorum
2226 1798 2284 1853 id
2315 1802 2413 1853 aut
2448 1797 2636 1852 simile
2671 1795 3130 1865 manuscriptum
3164 1793 3343 1851 olium
3388 1795 3584 1863 fuerit,

1950 1886 2222 1942 facillime
2253 1885 2425 1953 adjici
2459 1885 2743 1955 potuisse,
2777 1882 3261 1954 quemadmodum
3300 1882 3589 1947 Quirinus

1947 1989 2056 2030 xxx
2085 1974 2317 2045 Aprilis,
2335 1974 2486 2030 addo
2507 1972 2787 2043 vigiliam
2807 1971 3215 2042 Apostolorum
3237 1972 3442 2028 eodem
3467 1970 3582 2038 die,

1946 2068 2047 2119 aut
2062 2062 2390 2134 hujusmodi
2413 2061 2686 2116 minutias
2704 2059 3023 2129 alias,quas
3044 2059 3318 2114 Romanis
3335 2059 3586 2115 fatemur

1946 2168 2057 2210 non
2075 2151 2388 2208 convenire
2407 2170 2419 2204 :
2435 2164 2507 2204 ex
2529 2148 2660 2205 aliis
2683 2149 2833 2204 enim
2860 2148 3126 2219 plurimis
3148 2147 3585 2219 apertissimum

1945 2244 2059 2309 est,
2081 2237 2343 2307 singulas
2368 2250 2628 2306 quasque
2651 2236 2845 2290 Romae
2878 2234 3148 2304 proprias
3179 2233 3586 2289 solemnitates

1947 2326 2024 2384 ita
2054 2327 2126 2382 ab
2178 2326 2376 2382 Adone
2414 2324 2765 2394 descriptas,
2801 2326 2863 2378 ut
2915 2323 3360 2390 antesignanum
3416 2335 3583 2378 suum

1947 2428 2177 2485 semper
2193 2414 2357 2483 quasi
2382 2412 2567 2481 digito
2592 2412 3113 2482 praemonstretﬂe
3128 2408 3584 2479 cmtero,mirum

1945 2502 2180 2559 videtur
2210 2500 2561 2568 Castellano,
2595 2503 2653 2553 et
2685 2499 2891 2554 mirum
2923 2498 3135 2568 cuique
3165 2496 3350 2553 videri
3385 2495 3583 2567 debet,

1946 2594 2063 2645 tam
2095 2590 2399 2658 antiquum
2427 2586 2710 2656 codicem,
2749 2591 2864 2643 tam
2918 2586 3209 2655 integrum
3259 2584 3332 2641 ad
3382 2587 3582 2640 nostra

1944 2683 2209 2748 tempora
2237 2675 2786 2747 pervenisse.Porro
2810 2689 2878 2730 an
2906 2673 3114 2728 festum
3134 2672 3388 2729 omnium
3412 2672 3585 2728 Sanc-

1946 2772 2140 2823 torum
2172 2766 2326 2820 inter
2374 2763 2747 2820 accessiones
2778 2761 3007 2819 censeri
3038 2761 3268 2829 debeat,
3304 2775 3410 2817 suo
3452 2759 3581 2817 loco

1946 2856 2475 2912 dicemus.Fatetur
2496 2856 2689 2908 autem
2713 2866 2817 2922 per
2839 2864 3158 2919 errorem,a
3184 2846 3579 2918 Martyrologii

1945 2944 2105 3000 illius
2137 2946 2400 3011 auctore,
2421 2941 2687 2997 Ruﬁnum
2713 2939 2882 2995 nimis
2903 2952 3055 2994 caece
3078 2940 3303 3005 secuto,
3325 2935 3583 2992 Theodo-

1944 3038 2067 3089 tum
2091 3030 2474 3087 Laodicenum
2499 3030 2787 3099 adjectum
2814 3026 3013 3093 fuisse,
3039 3026 3110 3081 de
3134 3040 3247 3095 quo
3278 3038 3385 3081 nos
3412 3023 3580 3094 plura

1945 3120 2104 3178 alibi.
2133 3120 2257 3176 Alia
2278 3117 2727 3187 Castellani,pro
2749 3115 3344 3183 authentia,vetutate
3367 3116 3427 3168 et
3450 3127 3582 3169 auc-

1943 3210 2187 3266 toritate
2226 3207 2468 3263 Romani
2520 3206 2682 3277 parvi
2729 3207 3070 3274 argumenta
3120 3201 3370 3272 sparsim
3417 3214 3582 3271 repe-

1943 3299 2175 3355 riuntur
2208 3300 2336 3353 toto
2366 3295 2553 3368 primo
2585 3292 2872 3362 bimestri,
2897 3292 2969 3348 ab
3001 3292 3129 3362 ipso
3163 3292 3293 3346 cum
3324 3288 3583 3359 egregiis

1942 3387 2098 3442 notis
2127 3383 2387 3455 vulgato,
2414 3383 2582 3453 cujus
2604 3381 2803 3454 operis
2835 3377 3325 3451 complementum
3360 3378 3580 3433 utinam

1940 3473 2253 3545 aliquando
2284 3473 2481 3529 videre
2516 3471 2733 3527 liceat?
2763 3470 2873 3525 Sed
2899 3468 3016 3538 jam
3041 3468 3219 3537 dicta,
3247 3465 3403 3523 ultra
3428 3480 3585 3523 men-

1940 3577 2156 3632 suram,
2192 3562 2249 3617 ni
2283 3560 2472 3629 fallor,
2510 3559 2825 3627 sufﬁciunt,
2858 3561 2921 3613 ut
2957 3555 3174 3612 Valesii
3216 3554 3582 3627 aliorumque

1939 3651 2169 3721 objecta
2201 3649 2436 3720 penitus
2465 3645 2888 3703 convellantur.

2009 3744 2096 3795 92.
2132 3737 2234 3793 Hic
2261 3737 2442 3793 verbo
2470 3734 2794 3790 monendus
2818 3732 3005 3788 lector
3030 3731 3184 3787 inter
3207 3729 3581 3788 adversarios

1940 3826 2076 3881 mihi
2108 3836 2469 3894 nequaquam
2521 3818 2912 3889 objiciendum
2945 3818 3341 3874 venerandum
3374 3815 3581 3885 magis-

1940 3919 2094 3970 trum
2146 3925 2335 3968 meum
2383 3906 2677 3966 Danielem
2727 3906 3215 3978 Papebrochium,
3267 3905 3402 3961 dum
3456 3904 3581 3959 haec

1941 4002 2158 4070 scribo,
2184 4000 2255 4055 ad
2290 3998 2554 4054 laborum
2587 4010 2884 4065 coronam,
2911 3994 3075 4051 senio
3107 3998 3165 4049 et
3198 3992 3425 4048 meritis
3452 4006 3580 4062 gra-

1940 4104 2087 4161 vem,
2123 4104 2153 4146 a
2184 4087 2444 4157 Domino,
2479 4086 2564 4142 uti
2616 4083 2786 4156 plane
2833 4082 3200 4151 confidimus,
3250 4084 3576 4138 evocatum.

1937 4180 2084 4249 Non,
2119 4178 2373 4247 inquam,
2408 4173 2505 4230 ille
2537 4174 2691 4229 inter
2720 4170 3093 4229 adversarios
3123 4171 3217 4227 hic
3259 4170 3405 4226 mihi.
3437 4169 3583 4240 obji-

1938 4263 2393 4335 ciatur,tametsi
2418 4261 2597 4319 variis
2619 4261 2848 4332 locis,in
2874 4275 3080 4330 magno
3104 4264 3310 4317 nostro
3333 4259 3404 4316 de
3422 4258 3581 4315 Actis

1944 4356 2287 4411 Sanctorum
2322 4365 2522 4422 opere,
2550 4349 2652 4406 sed
2684 4349 2979 4421 praecipue
2998 4354 3157 4406 tomo
3181 4350 3224 4403 V
3245 4347 3419 4416 Junii,
3447 4362 3574 4418 pag.

1862 4413 1915 4473 D
1945 4448 2067 4512 550,
2094 4442 2208 4496 litt.
2238 4442 2298 4510 C,
2324 4413 2655 4511 oppositam
2680 4413 3028 4495 sententiam
3050 4451 3123 4493 ex
3145 4413 3426 4492 incidenti
3447 4413 3579 4507 pro-

1939 4534 2177 4602 pugnet.
2205 4528 2435 4585 Pridem
2461 4533 2519 4585 ct
2543 4542 2699 4598 sape
2724 4528 2914 4583 fassus
2936 4529 3046 4595 est,
3069 4538 3131 4581 se
3164 4524 3220 4580 in
3251 4538 3454 4580 eorum
3485 4523 3578 4579 hic

1938 4632 2179 4676 numero
2202 4632 2510 4688 esse,quos
2532 4616 2791 4689 proxime
2815 4615 3005 4670 aiebat
3028 4611 3578 4681 Castellanus,viros

1937 4713 2148 4764 caetera
2183 4706 2640 4775 eruditissimos,
2667 4719 2729 4759 re
2753 4718 2866 4759 non
2889 4702 3036 4759 satis
3056 4701 3405 4769 examinata,
3430 4697 3577 4754 alios

1936 4796 2401 4867 transcripsisse,
2429 4798 2604 4864 atque
2629 4792 2774 4848 adeo
2797 4792 2868 4848 de
2894 4793 3149 4847 Romano
3163 4793 3371 4846 nostro
3396 4801 3576 4859 parvo

1938 4899 2047 4941 non
2064 4884 2323 4941 sensisse
2336 4899 2444 4955 pro
2469 4882 2697 4938 merito.
2720 4881 2804 4936 Ibi
2820 4884 2984 4936 certe
3000 4877 3434 4950 Papebrochius
3452 4873 3578 4931 Flo-

1938 4972 2175 5028 rentinii
2195 4972 2528 5043 opinionem
2551 4968 2756 5041 paucis
2786 4968 2984 5025 verbis
3015 4971 3198 5024 totam
3235 4964 3577 5037 complexus

1936 5064 2026 5117 est
2052 5077 2066 5125 ;
2100 5060 2202 5117 sed
2235 5060 2455 5117 auditis
2486 5059 2733 5116 subinde
2752 5056 3139 5115 solidioribus
3164 5055 3453 5112 rationum
3479 5069 3580 5111 no-

1936 5154 2192 5205 strarum
2225 5147 2918 5218 momentis,iniquiorem
2952 5145 3109 5202 illam
3157 5157 3483 5213 censuram,
3517 5147 3578 5200 et

1935 5251 2004 5293 eo
2037 5235 2166 5293 loco
2196 5242 2257 5293 et
2287 5250 2635 5308 quocunque
2667 5235 2783 5291 alio
2816 5235 2874 5290 in
2906 5235 3070 5290 Actis
3104 5219 3579 5304 adoptatam,‘1n-

1935 5326 2068 5382 duci
2102 5340 2349 5397 prorsus
2378 5330 2438 5381 et
2472 5324 2635 5381 eradi
2669 5323 2871 5381 voluit.
2899 5324 3082 5377 Porro
3104 5324 3221 5377 tam
3252 5321 3421 5377 citati
3453 5321 3580 5379 Flo-

1935 5414 2191 5485 rentinii,
2218 5419 2339 5471 tum
2364 5418 2712 5471 caeterorum
2744 5409 2983 5466 Romani
3013 5410 3179 5482 parvi
3214 5409 3577 5483 impugnato-

1934 5518 2061 5561 rum
2088 5506 2450 5574 argumenta,
2483 5515 2597 5557 non
2627 5499 2816 5555 minus
2848 5512 3017 5570 quam
3054 5499 3380 5565 Valcsiana,
3403 5499 3573 5565 longe
