3988 6158
377 268 480 332 807

1332 267 1704 328 USUARDUS
1740 269 2121 329 MONACHUS
2159 269 2802 330 SANGERMANENSIS.

3653 282 3749 338 508

377 410 407 454 a
441 409 620 468 scopo
649 393 947 463 aberrare,
972 405 1078 450 nec
1105 389 1225 450 ullo
1254 396 1427 464 pacto
1457 393 1816 453 venerabilis
1845 394 2012 467 etpe-
2038 394 2094 456 A
2123 407 2255 450 esse
2285 395 2622 464 Romanum,
2658 395 2760 452 sed
2790 399 3059 452 tenemur
3087 409 3216 468 quae
3249 409 3384 454 vera
3432 402 3566 457 sunt
3615 415 3742 473 pro-

373 483 652 554 rautiqui
680 480 1054 552 Rosweydioi
1077 479 1472 552 Martyrologii
1495 483 1906 540 auctoritatem
1930 483 2012 540 in-

378 573 651 644 fringere,
679 571 797 641 jam
827 569 1004 625 etiam
1037 569 1502 627 demonstratum
1532 575 1643 627 est.

945 675 1332 731 ARTICULUS
1371 677 1438 731 ll.

375 765 634 825 Frustra
659 765 940 821 nituntur
967 763 1307 821 adversarii
1337 764 1659 835 ostendere,
1683 766 2015 822 Romanum

434 858 698 917 parcum
723 844 886 900 illud
929 843 1125 915 ipsum
1158 857 1278 898 non
1319 857 1443 902 esse
1486 843 2010 916 Martyrobgium,

443 937 560 995 quo
587 935 650 980 se
677 922 954 995 adjutum
967 922 1213 994 fatetur
1236 922 1382 994 Ado,
1415 923 1688 994 quodque
1713 922 2013 994 Martyro-

439 1004 544 1075 yio
572 1017 677 1061 suo
703 1017 768 1060 se
785 1005 1128 1076 prce/tame
1155 1003 1473 1061 asseverat.

373 1107 452 1162 ιι.
471 1131 524 1140 -
541 1107 849 1152 Refelluutur
871 1107 1089 1152 Andreas
1110 1108 1400 1163 Saussayus
1417 1109 1470 1152 et
1489 1109 1706 1152 Joannes
1724 1107 1920 1153 Fronto.

447 1191 534 1244 93.
559 1189 681 1242 Iam
705 1202 776 1244 ex
797 1187 1126 1245 Castellano
1153 1187 1483 1244 audivimus
1515 1187 1846 1244 neotericos
1875 1203 2012 1273 non-

377 1274 588 1345 nullos,
624 1290 687 1333 re
719 1275 952 1332 minime
991 1289 1298 1347 perpensa,
1325 1275 1725 1348 descriptores
1755 1281 2006 1347 mutuos,

2114 481 2286 538 ferre.
2323 500 2350 534 »
2384 481 2724 552 Huiusmodi
2760 483 3072 540 ratiocinio
3103 484 3364 554 argutari
3397 486 3526 557 quis
3582 487 3746 547 facile

2111 574 2338 639 posset,
2381 568 2766 639 Menologium
2818 570 3079 627 Graecum
3129 585 3159 628 a
3207 573 3488 629 cardinali
3540 574 3747 633 Sirleto

2113 657 2312 715 Latine
2344 658 2660 729 redditum,
2694 673 2807 716 non
2835 674 2967 717 esse
2999 675 3029 716 a
3079 661 3327 717 Baronio
3375 662 3431 718 in
3481 663 3750 734 Martyro-

2113 745 2330 816 logium
2361 749 2677 804 Romanum
2715 748 3080 820 translatum,
3117 749 3217 807 sed
3249 750 3440 822 ipsum
3472 751 3616 808 illud
3648 753 3750 809 Me-

2111 835 2410 906 nologium
2443 850 2516 892 ex
2548 836 2806 893 Romano
2837 837 3114 894 moderno
3163 843 3496 896 extractum
3549 840 3744 898 fuisse.

2182 931 2269 983 95.
2309 927 2478 981 Certe
2509 926 2712 997 paucis
2743 926 2836 982 hic
2871 925 3050 982 multa
3087 925 3358 996 transigit
3409 926 3502 982 vir
3535 927 3746 984 doctis-

2113 1014 2318 1084 simus,
2354 1027 2474 1070 rem
2509 1029 2618 1070 una
2650 1014 3048 1083 confecturus,
3083 1014 3132 1070 si
3184 1013 3393 1070 solidis
3443 1016 3748 1073 momentis

2112 1115 2420 1158 censuram
2445 1101 2788 1158 fulcivisset.
2821 1101 2874 1156 Si
2898 1115 3006 1172 ego
3031 1101 3170 1158 ﬂatu
3195 1101 3368 1159 unico
3389 1107 3577 1158 totam
3601 1102 3748 1159 illam

2110 1189 2466 1261 periocham,
2501 1204 2613 1245 non
2645 1187 2832 1245 solum
2875 1189 3176 1258 incertam,
3231 1189 3334 1246 sed
3383 1189 3598 1260 levem,
3653 1191 3749 1247 sed

2112 1277 2320 1333 falsam
2338 1277 2986 1348 pronuntiavero,uemo
3009 1277 3216 1333 merito
3239 1277 3488 1347 dixerit,
3510 1291 3614 1334 me
3632 1291 3752 1336 cou-

375 1377 550 1420 ausos
573 1363 950 1420 nihilominus
972 1377 1234 1420 asserere
1257 1364 1576 1420 Romanum
1599 1368 1864 1420 nostrum
1884 1378 2012 1434 par-
2099 1365 2359 1437 jectu/ris
2378 1365 2855 1436 indulgere,cum
2880 1365 3037 1421 dicta
3062 1364 3362 1436 sigillatim
3389 1366 3750 1438 probaturus

377 1465 528 1522 vum,
549 1466 580 1508 a
603 1451 930 1522 Rosweydo
951 1451 1273 1522 vulgatum,
1298 1466 1371 1507 ex
1389 1451 1590 1522 majori
1614 1456 1672 1507 et
1695 1452 2007 1508 vetustiori

375 1539 836 1610 Romano,vulgo
853 1539 1690 1610 Hieronymiano,contractum
1710 1554 1842 1596 esse
1856 1555 2010 1595 com-

374 1627 668 1697 pendium.
693 1627 858 1683 Tales
877 1642 986 1697 ego
1007 1641 1224 1699 paucos
1251 1629 1509 1698 reperire
1529 1627 2007 1699 meminiﬁverum

2112 1452 2239 1508 sim.
2274 1453 2409 1510 Non
2437 1452 2618 1522 magis
2646 1465 2779 1509 mea
2805 1453 3013 1524 refert,
3037 1467 3208 1523 quam
3240 1453 3561 1522 Frontinis,
3599 1453 3753 1511 illud

2108 1539 2610 1612 Martyrologium
2639 1553 2762 1597 esse
2791 1541 2888 1596 vel
2905 1553 3022 1596 non
3044 1552 3168 1597 esse
3187 1541 3556 1607 Romanu/ni,-
3583 1540 3680 1596 sed
3703 1541 3745 1596 si

2111 1628 2395 1698 tenemur,
2411 1641 2544 1698 quae
2560 1641 2704 1684 ocra
2722 1627 2868 1684 sunt
2876 1627 3171 1699 proferre,
3191 1627 3394 1683 eadem
3417 1627 3548 1699 plan
3561 1642 3597 1683 e
3620 1627 3746 1684 reli-

377 1714 705 1786 quicunque
731 1715 766 1770 ii
791 1716 930 1786 sint,
957 1730 1044 1772 nae
1067 1714 1200 1772 illos
1224 1715 1278 1770 in
1295 1715 2009 1786 hujusmodirebusimpe-
2036 1742 2090 1802 Β
2119 1716 2290 1785 gione
2319 1719 2605 1775 tenemur.
2631 1729 2756 1786 quae
2791 1715 2954 1785 falsa,
2981 1720 3080 1771 aut
3114 1719 3248 1772 sunt
3282 1715 3617 1772 autsaltcm
3643 1715 3753 1788 pla-

377 1801 693 1858 ritissimos
710 1817 843 1860 esse
866 1807 1122 1875 oportet,
1147 1803 1241 1873 qui
1267 1818 1338 1858 ex
1361 1803 1534 1859 unius
1557 1802 1742 1860 solius
1766 1804 2004 1872 mensis,

377 1889 490 1945 imo
514 1905 826 1962 paucorum
849 1892 1073 1948 dierum
1092 1892 1239 1947 facta
1256 1891 1654 1948 intercodiees
1669 1891 2004 1963 collatione,

374 1979 746 2050 apertissime
777 1979 1042 2036 convinci
1090 1984 1358 2051 possunt,
1394 1979 1794 2052 Martyrologti
1849 1980 2008 2036 illius

373 2069 672 2124 auctorem
722 2072 838 2124 tam
889 2083 1020 2124 esse
1061 2069 1134 2124 ab
1183 2068 1646 2138 Hieronymianis
1695 2073 2004 2138 remotum,

376 2159 438 2211 ut
468 2155 764 2227 plerisque
796 2156 1004 2214 diebus
1036 2171 1107 2212 ne
1137 2171 1312 2213 unum
1345 2156 1580 2226 quidem
1613 2171 1819 2213 nomen
1865 2157 2010 2212 refe-

374 2247 486 2314 rat,
513 2245 668 2316 quod
699 2245 754 2300 in
789 2244 1250 2315 llierouymianis
1282 2245 1630 2302 inveniatur.
1660 2247 1882 2302 Censeo
1906 2245 2011 2302 ita-

375 2346 506 2403 que,
531 2331 682 2388 tales
712 2333 1085 2390 adversarios
1108 2347 1215 2388 nec
1237 2333 1592 2389 refutatione
1615 2333 1825 2402 dignos
1854 2347 2002 2388 esse.

375 2421 554 2492 Maius
594 2423 888 2478 facessunt
937 2421 1256 2490 negotium,
1291 2421 1388 2490 qui
1434 2421 1716 2476 exteriori
1761 2421 2007 2490 quadam

373 2509 680 2581 fallacique
713 2509 1056 2565 similitudis
1091 2508 1338 2578 imagine
1366 2509 1573 2579 delusi,
1609 2509 1721 2564 sibi
1772 2509 2011 2566 induxe-

373 2601 507 2654 runt
539 2599 596 2653 in
629 2597 901 2667 animum,
936 2595 1410 2666 Martyrologium
1443 2599 1708 2652 nostrum
1741 2611 2005 2668 parvum,

373 2701 488 2744 non
520 2685 675 2743 aliud
709 2699 863 2756 esse,
899 2699 1068 2756 quam
1103 2699 1306 2756 puram
1341 2690 1537 2756 putam
1573 2685 1794 2740 Adonis
1823 2685 2011 2756 epito-

372 2787 522 2844 men,
558 2773 788 2830 duobus
820 2771 1116 2829 minimum
1149 2771 1384 2830 saeculis
1415 2773 1542 2844 ipso
1576 2769 1796 2828 Adone'
1816 2776 2011 2842 poste-

371 2861 604 2919 riorem.
639 2863 798 2917 Inter
819 2861 926 2918 hos
958 2861 1236 2933 pracipui
1269 2866 1404 2917 sunt
1435 2861 1656 2917 laudati
1681 2861 1798 2931 jam
1831 2875 2008 2932 supra

372 2951 634 3008 Andreas
667 2951 1010 3022 Saussayus,
1037 2949 1092 3005 in
1123 2963 1302 3021 opere
1329 2949 1401 3005 de
1433 2948 1831 3021 scriptoribus
1863 2963 2011 3019 mys-

371 3039 508 3096 ticis
537 3053 569 3095 a
600 3036 958 3094 Florentinio
999 3037 1219 3094 citatus
1250 3057 1262 3092 :
1295 3039 1548 3094 Joannes
1598 3038 1834 3106 Fronto,
1867 3050 2011 3107 prae-

371 3129 710 3180 notatorum
769 3124 842 3180 ad
889 3121 1326 3191 Kalendarium,
1381 3136 1532 3178 anno
1577 3126 1718 3180 1652
1765 3122 2008 3190 editum,

374 3211 417 3284 ε
444 3215 498 3281 8,
531 3214 590 3266 et
623 3210 965 3266 Franciscus
995 3210 1168 3265 Maria
1201 3209 1609 3279 Florentinius,
1635 3209 1706 3264 ad
1737 3210 2014 3279 Martyro-

377 3299 593 3370 logium
623 3299 1130 3368 Hieronymianum
1163 3297 1554 3353 admonitione
1584 3297 1796 3368 praevia
1823 3301 1856 3354 4
1875 3301 1934 3352 et
1957 3303 2008 3353 5.

375 3387 420 3442 A
452 3387 741 3442 Frontone
772 3385 1062 3456 incipiam,
1087 3383 1658 3455 cujusparagraphus
1685 3399 1756 3440 eo
1787 3383 2014 3441 facilius

375 3473 700 3542 evertitur,
721 3471 876 3542 quod
908 3473 1156 3528 rotunda
1189 3472 1315 3542 ejus
1343 3477 1402 3527 et
1436 3470 1591 3527 nulla
1626 3472 1850 3528 ratione
1880 3475 2014 3530 sub-

377 3560 512 3617 nixa
544 3561 868 3632 affirmatio,
905 3575 1009 3634 per
1062 3560 1388 3632 oppositam
1435 3560 1803 3630 negationem
1847 3575 2012 3632 aeque

377 3648 648 3718 rotunde,
681 3647 850 3721 plane
879 3653 947 3706 et
969 3663 1214 3720 prorsus
1245 3647 1518 3704 elidatur.
1553 3648 1908 3720 Paragraphi
1933 3649 2015 3722 ip-

377 3737 504 3794 sius
532 3737 747 3796 titulus
776 3742 870 3794 est
901 3757 914 3792 :
950 3738 1108 3805 Quid
1151 3737 1502 3796 censendum
1539 3737 1610 3794 de
1654 3735 2014 3809 Martyrolo-

368 3826 474 3898 ,σέο
494 3827 758 3884 Romano
784 3827 998 3897 cetere,
1027 3825 1186 3898 quod
1211 3825 1448 3883 eddidit
1472 3823 1835 3897 Rosroeydus
1853 3831 1880 3882 7
1911 3826 2016 3881 De-

374 3915 631 3972 cretoria
663 3919 753 3972 est
784 3915 1126 3986 responsio;
1159 3913 1416 3970 attende.

446 4007 534 4058 94,
574 4021 603 4054 ‹‹
633 4001 1108 4074 Martyrologium
1141 4001 1286 4057 illud
1315 4016 1428 4058 non
1457 4005 1550 4058 est
1599 4001 1712 4057 nisi
1760 4001 2015 4072 epitome

381 4088 777 4160 Martyrologii
811 4089 1052 4160 Adonis,
1075 4092 1137 4146 ut
1169 4087 1338 4145 facile
1367 4094 1667 4160 agnoscet,
1693 4089 1791 4160 qui
1823 4092 2016 4147 confe-

384 4182 472 4232 ret
495 4177 688 4249 ipsum
723 4195 736 4232 :
770 4177 946 4234 habet
965 4178 1168 4234 eadem
1190 4181 1408 4248 errata,
1433 4177 1608 4233 habet
1631 4177 1832 4234 eadem
1859 4193 2015 4251 saepe

381 4263 594 4332 verba;
629 4263 926 4322 nonnullla
959 4266 1120 4322 fuere
1147 4265 1344 4322 addita
1379 4281 1394 4320 :
1428 4265 1679 4338 denique
1709 4265 1869 4323 nullo
1898 4282 2018 4324 mo-

383 4351 458 4409 do
486 4353 805 4410 Romanum
835 4358 947 4423 est,
982 4368 1087 4411 nec
1115 4359 1306 4411 vetus.
1339 4355 1410 4411 Et
1440 4355 1596 4425 quod
1633 4369 1746 4412 non
1797 4355 1876 4412 sit
1922 4369 2017 4412 ve-

2042 3084 2090 3146 Ο

2118 1818 2188 1858 ne
2214 1803 2489 1859 videntur
2520 1817 2857 1872 coarguere.
2896 1803 3132 1874 Amabo,
3167 1803 3305 1874 quid
3335 1817 3409 1858 ex
3437 1803 3528 1859 his
3569 1803 3753 1874 sequi-

2118 1895 2234 1961 tur,
2256 1890 2435 1946 babet
2459 1892 2661 1948 eadem
2683 1892 2906 1962 errata,
2933 1891 3112 1948 habet
3137 1892 3340 1948 eadem
3369 1905 3520 1962 saepe
3539 1892 3765 1950 verba?

2118 1982 2201 2034 An
2233 1980 2387 2050 quod
2421 1980 2740 2036 Romanum
2773 1995 3013 2051 parvum
3045 1994 3117 2036 ex
3150 1980 3350 2036 Adone
3371 1981 3395 2034 ?
3415 1993 3486 2036 an
3510 1995 3631 2036 non
3657 1980 3759 2036 evi-

2119 2067 2370 2138 dentius,
2389 2068 2544 2138 quod
2569 2067 2692 2124 Ado
2715 2083 2786 2123 ex
2807 2069 3063 2124 Romano
3087 2083 3266 2138 parvo
3285 2069 3609 2138 acceperit,
3636 2069 3757 2140 ipso

2118 2156 2447 2227 praesertim
2464 2161 2582 2212 tam
2597 2155 2927 2212 luculenter
2941 2155 3345 2224 testante,sibi
3357 2155 3521 2227 apud
3532 2157 3759 2214 Raven-

2115 2257 2257 2300 nam
2264 2245 2482 2314 posito,
2514 2259 2553 2301 a
2581 2245 2839 2314 quodam
2867 2244 3149 2314 religioso
3153 2243 3362 2316 fratre
3381 2245 3634 2314 aliquot
3649 2244 3762 2300 die-

2118 2331 2224 2388 bus
2233 2332 2591 2402 praestitum,
2617 2345 2654 2388 a
2675 2345 2738 2388 se
2757 2333 3042 2402 diligenti
3061 2346 3209 2390 cura
3230 2331 3688 2404 transcriptum,
3710 2332 3764 2388 et

2117 2419 2183 2476 in
2202 2421 2397 2490 capite
2417 2421 2610 2492 operis
2632 2421 2730 2478 sui
2738 2421 3007 2490 positum
3025 2426 3052 2476 Ρ
3070 2420 3195 2476 Sint
3216 2420 3295 2476 ibi
3317 2425 3516 2476 errata
3533 2419 3760 2489 eadem,

2119 2507 2236 2564 sint
2257 2507 2458 2564 eadem
2481 2509 2658 2564 verba
2680 2509 3015 2578 omnia,sint
3039 2509 3214 2565 iidem
3237 2509 3472 2580 apices;
3498 2508 3638 2579 quis
3667 2508 3763 2564 ob-

2119 2613 2309 2668 secro,
2331 2598 2489 2654 aliud
2514 2597 2748 2669 educat,
2775 2613 2945 2668 quam
2971 2597 3131 2653 illum
3164 2597 3642 2670 transcripsisse,
3669 2595 3761 2668 qui

2120 2701 2183 2743 se
2206 2685 2595 2742 disertissime
2611 2685 3061 2757 transcripsisse
3085 2685 3435 2757 profitetur?
3456 2687 3526 2740 At
3549 2699 3660 2740 nec
3679 2697 3764 2740 oe-

2121 2775 2348 2845 tus,est,
2367 2789 2472 2830 nec
2486 2776 2836 2831 Romanum.
2855 2775 3222 2830 Postremum
3240 2773 3469 2831 abunde
3496 2772 3765 2830 demons-

2120 2867 2337 2918 tratum
2360 2866 2472 2932 est,
2501 2876 2676 2934 porro
2708 2861 3232 2932 demonstrabitur,
3257 2875 3363 2916 nec
3395 2860 3681 2916 miserum
3713 2874 3764 2915 IN

2109 2951 2313 3018 ,Pmcrs
2342 2963 2472 3006 eum
2505 2949 2674 3005 nobis
2707 2948 2944 3006 titulum
2986 2948 3299 3019 eripiet,de
3349 2961 3462 3018 quo
3513 2945 3764 3004 videnda

2121 3038 2468 3094 Observatio
2501 3037 2571 3094 ad
2603 3037 2846 3093 citatum
2871 3036 3022 3093 diem
3045 3051 3140 3092 xxv
3160 3035 3436 3092 Januarii.
3463 3036 3548 3092 De
3573 3039 3768 3092 vetus-

2121 3131 2242 3186 tate
2291 3127 2370 3182 ita
2403 3127 2564 3183 brevi
2597 3130 2942 3196 statuemus,
2976 3130 3038 3181 ut
3070 3140 3142 3182 ex
3175 3125 3495 3182 festivitate
3528 3124 3768 3179 Sancto-

2122 3231 2248 3271 rum
2281 3215 2556 3284 omnium,
2588 3213 2732 3269 nihil
2765 3213 3040 3270 Frontoni
3074 3213 3321 3270 subsidii
3370 3212 3448 3270 sit
3493 3225 3769 3268 accessu-
3801 3231 3820 3241 ο

2121 3318 2248 3360 rum
2283 3323 2296 3359 :
2332 3303 2425 3358 hic
2453 3302 2624 3358 modo
2648 3301 2718 3358 ad
2753 3317 2872 3358 rem
2905 3307 3164 3358 nostram
3197 3301 3344 3357 satis
3372 3304 3484 3370 est,
3518 3303 3646 3355 tam
3678 3313 3768 3356 ve-

2122 3396 2220 3449 tus
2249 3405 2401 3460 esse,
2436 3396 2499 3447 ut
2530 3390 2716 3446 Adoni
2745 3391 2803 3446 in
2833 3389 3168 3447 adornanda
3197 3387 3620 3460 Martyrologio
3662 3401 3766 3444 suo

2120 3494 2258 3536 vere
2291 3477 2615 3550 praelucere
2644 3479 2928 3550 potuerit.

2191 3571 2278 3624 96.
2314 3566 2640 3640 Supersunt
2675 3566 2792 3622 bini
2825 3565 3171 3636 adversarii,
3198 3566 3520 3636 Saussayus
3545 3569 3607 3620 et
3646 3564 3770 3620 Flo-

2123 3655 2688 3725 rentinius,quorum
2708 3669 2821 3710 non
2846 3653 3420 3724 deﬁnitionibus,sed
3435 3652 3769 3710 rationibus

2123 3743 2595 3816 respondendum
2619 3742 3071 3800 est.Retulimus
3084 3757 3198 3800 non
3212 3742 3292 3798 ita
3307 3741 3535 3814 pridem
3550 3740 3768 3812 magni-

2125 3832 2230 3889 ﬁca
2261 3832 2534 3903 Saussayi
2564 3832 2621 3887 in
2653 3831 3068 3902 Rosweydum,
3093 3831 3169 3887 ob
3201 3829 3422 3887 veteris
3452 3829 3614 3886 illius
3661 3829 3770 3885 Ro-

2123 3920 2274 3976 mani
2306 3919 2702 3990 Martyrologii
2742 3917 3230 3990 publicationem,
3265 3917 3502 3989 profusa
3553 3915 3764 3987 elogia.

2123 4009 2333 4065 Verum
2364 4011 2677 4078 congestas
2707 4007 2916 4064 laudes
2949 4006 3086 4064 alibi
3120 4007 3174 4062 in
3219 4005 3510 4078 vituperia
3561 4004 3764 4072 vertit,

2125 4110 2253 4167 quae
2273 4109 2402 4151 cum
2426 4095 2578 4167 apud
2602 4094 3023 4152 Florentinium
3049 4094 3425 4164 inveniam,in
3441 4093 3601 4150 fonte
3614 4106 3768 4164 quae-

2124 4199 2254 4241 rere
2288 4183 2666 4256 supersedeo.
2700 4185 2862 4241 Hunc
2889 4183 3068 4255 igitur
3099 4183 3425 4252 audiemus,
3455 4185 3516 4238 et
3563 4195 3768 4253 presso

2124 4273 2271 4344 pede
2291 4286 2604 4343 sequemur
2625 4272 2696 4330 ad
2721 4271 3117 4342 singula.Erat
3142 4271 3332 4343 primo
3359 4273 3686 4340 Saussayus
3709 4267 3767 4323 in

2123 4360 2372 4431 eo,quod
2390 4359 2703 4431 Rosweydi
2729 4359 2990 4417 codicem
3010 4375 3140 4416 cum
3164 4358 3334 4416 Beda}
3356 4355 3768 4430 Mrrtyrologio

383 4445 500 4512 tus,
534 4440 972 4500 demonstratur
1001 4456 1074 4498 ex
1103 4457 1174 4500 eo
1223 4443 1378 4514 quob
1421 4443 1714 4500 solemnit.
1747 4443 2011 4500 Omnium
2043 4430 2096 4490 D
2127 4430 2506 4521 componens,
2531 4430 2780 4506 ridicule
2803 4453 3192 4518 asserat,esse
3213 4461 3443 4504 merum
3469 4445 3769 4517 Martyro-

376 4528 729 4586 Sanctorum
763 4530 1054 4601 inscribit,
1080 4543 1252 4608 quam
1269 4535 1494 4589 certum
1525 4535 1616 4588 est
1645 4546 1758 4588 non
1791 4535 2020 4588 antece-

384 4617 525 4674 dere
548 4621 810 4690 tempora
843 4619 1108 4693 Gregorii
1135 4621 1230 4691 In,
1265 4619 1361 4690 qui
1397 4620 1552 4677 sedit
1582 4635 1732 4677 anno
1762 4625 1887 4690 731,
1917 4623 2020 4677 aut

387 4706 578 4764 Caroli
598 4708 804 4780 Magni,
832 4709 928 4780 qui
953 4707 1210 4765 decessit
1233 4723 1382 4765 anno
1402 4713 1599 4779 813,ut
1621 4709 2016 4765 demonstravi

385 4796 458 4852 ad
489 4811 508 4853 ι
538 4796 690 4852 diem
723 4797 1087 4854 Novembris.
1113 4797 1430 4854 Romanum
1455 4811 1569 4853 non
1591 4801 1702 4866 est,
1728 4810 1857 4852 nam
1887 4811 2018 4852 cum

386 4885 459 4942 de
493 4888 700 4942 sancto
721 4884 910 4942 Felice
929 4884 1192 4955 loquitur
1213 4899 1304 4940 xrv
1333 4885 1609 4954 Januarii,
1634 4898 1739 4940 seu
1769 4899 1864 4942 xxx
1893 4883 2014 4942 Kal.

387 4973 712 5044 Februarii,
736 4973 822 5030 sic
844 4972 1054 5030 scribit
1079 4991 1090 5028 :
1115 4974 1302 5044 Nola,
1325 4973 1544 5030 Felicis
1563 4973 1923 5046 presbyteri,
1953 4974 2022 5031 iu

383 5061 594 5120 Piucis
621 5062 861 5134 sepulti.
884 5062 954 5118 Et
983 5061 1116 5132 quis
1137 5061 1328 5118 nescit
1351 5075 1532 5117 rmcrs
1553 5075 1686 5118 esse
1709 5061 1897 5119 locum
1921 5063 2018 5134 qui

385 5149 578 5205 Romae
600 5156 709 5221 est,
745 5165 858 5207 non
890 5163 1030 5207 vero
1051 5148 1230 5220 Nola,
1255 5153 1318 5206 ut
1342 5149 1740 5208 demonstravi
1763 5149 1834 5207 ad
1859 5149 2020 5207 illum

387 5233 580 5290 diem?
607 5238 726 5294 Hoc
755 5243 948 5296 autem
979 5242 1239 5294 erratum
1267 5251 1380 5294 non
1412 5237 1569 5294 cadit
1603 5239 1659 5294 in
1703 5240 2020 5296 Romanum

388 5321 762 5395 scriptorem,
795 5327 896 5384 sed
931 5326 1091 5384 venit
1117 5340 1190 5382 ex
1228 5324 1444 5382 Adone.
1497 5327 1673 5383 Nemo
1724 5327 1883 5384 dicat
1933 5341 2022 5382 me

390 5409 486 5466 hic
514 5411 874 5482 coniecturis
904 5413 1228 5486 indulgere,
1263 5428 1356 5471 res
1386 5418 1548 5471 certa
1579 5420 1694 5472 est.
1750 5413 2023 5486 Alioquin

389 5511 513 5557 mea
544 5513 658 5556 non
690 5500 890 5572 refert,
925 5502 1398 5576 Martyrologium
1430 5503 1574 5564 illud
1601 5517 1754 5576 esse,
1787 5501 1882 5560 vel
1910 5517 2023 5560 non

2117 4537 2215 4610 gii
2233 4537 2408 4594 Beda
2427 4537 2720 4606 iudicem;
2733 4537 2884 4592 forte
2898 4535 2996 4607 qui
3009 4535 3187 4592 alium
3213 4535 3426 4592 Bedam
3451 4549 3564 4591 non
3598 4546 3772 4590 nove-

2129 4630 2218 4682 rat
2251 4629 2468 4697 prwter
2505 4623 2953 4693 Plantinianum,
2985 4638 3057 4680 ex
3110 4622 3308 4680 Adone
3359 4621 3508 4680 male
3560 4635 3770 4678 consu-

2129 4719 2272 4786 tum,
2309 4715 2360 4770 fa
2375 4713 2486 4772 cile
2520 4712 2713 4770 induci
2745 4713 2958 4784 potuit,
2989 4717 3054 4769 ut
3084 4711 3332 4768 alterum
3363 4709 3612 4767 alterius
3647 4707 3771 4778 epi-

2129 4807 2323 4859 tomen
2355 4803 2594 4872 faceret,
2621 4799 3104 4872 quemadmodum
3127 4797 3524 4856 Florentinius
3557 4795 3770 4852 Adonis

2127 4891 2423 4962 epitomen
2443 4889 2840 4961 censuit,dum
2864 4888 3054 4962 ipsum
3075 4902 3208 4946 cum
3231 4886 3433 4944 Adone
3447 4887 3763 4944 conferret.

2129 4981 2204 5034 At
2235 4976 2513 5050 pupillam
2553 4977 2709 5036 oculi
2762 4979 3048 5049 Saussayo
3098 4975 3333 5032 laeserat
3385 4970 3765 5044 Rosweydus,

2130 5065 2386 5122 Hilduini
2403 5066 2474 5123 de
2491 5065 2769 5138 Dionysio
2785 5065 2998 5138 placita
3011 5077 3203 5121 exsuo
3216 5063 3424 5120 codice
3439 5063 3702 5135 impugna
3713 5072 3772 5112 n-

2130 5153 2224 5210 do.
2245 5153 2388 5210 Hinc
2412 5154 2670 5212 acriores
2687 5153 2803 5210 illae
2817 5154 2872 5209 in
2887 5152 3280 5224 Rosweydum
3295 5151 3616 5219 invectiva,
3631 5145 3771 5202 hinc

2133 5241 2229 5299 illa
2263 5241 2516 5314 plurium
2549 5247 3024 5314 argumentorum
3055 5241 3262 5312 series,
3296 5254 3408 5312 qua
3441 5239 3626 5311 ipsum
3663 5233 3772 5290 im-

2132 5333 2358 5402 petens,
2391 5329 2708 5401 plerosque
2737 5339 2948 5402 graves
2977 5333 3038 5385 et
3067 5329 3334 5386 eruditos
3360 5327 3522 5384 viros
3559 5336 3774 5394 negare

2133 5417 2398 5488 aﬂlrmat,
2423 5416 2900 5490 Martyrologium
2923 5416 3066 5474 illud
3099 5415 3410 5488 Rosweydi
3440 5429 3571 5473 esse
3598 5413 3776 5467 vetus

2133 5505 2476 5578 Romanum,
2510 5507 2582 5564 ab
2620 5507 2815 5565 Adone
2842 5505 3161 5577 laudatum,
3195 5510 3256 5562 et
3301 5519 3332 5561 a
3383 5503 3439 5559 S.
3493 5497 3776 5570 Gregorio
