3988 6158
274 274 379 335 309

1698 273 2241 334 PROLEGOMENA.

3571 286 3676 340 810

275 396 719 469 depictum,etc.
745 398 937 456 Verbo
958 400 1231 472 cpia-ium
1252 401 1537 469 decernit,
1565 400 1863 459 diversum
1882 415 1922 458 a
1948 400 2005 461 A
2102 405 2188 458 99.
2216 398 2384 458 Aliud
2410 364 2575 471 aeque
2598 400 2907 472 insipidum
2929 407 3040 458 est.
3068 402 3373 476 Rosweydi
3398 405 3676 476 Martyro-

269 498 403 543 τινα
433 486 495 543 et
508 485 949 559 repudiandum
969 502 1108 558 esse,
1128 490 1242 545 imo
1262 491 1624 561 corruptum,
1635 491 1924 562 fucatam

272 574 332 634 et
359 586 439 632 ea:
457 576 905 647 corruptissimo
926 578 1120 635 codice
1140 578 1561 651 depromptum.
1590 579 1707 635 Siin
1730 583 1921 635 extre-

271 678 361 724 ma
393 664 666 736 opposita
699 664 849 721 foede
891 665 1301 737 prolabuntur,
1349 668 1446 738 qui
1491 668 1562 724 de
1598 668 1775 724 rebus
1808 683 1919 724 non

270 752 418 809 satis
441 752 728 810 discussis
756 758 815 809 et
842 754 1163 825 perpensis,
1190 770 1341 811 nunc
1362 770 1579 825 amore,
1610 770 1761 813 nunc
1785 757 1919 812 odio

272 839 568 911 distracti,
604 845 824 897 temere
856 844 1255 913 pronuntiant.
1305 844 1466 899 Ultro
1509 844 1732 914 admisi,
1783 846 1921 901 Ros-

270 929 466 1002 weydi
490 929 963 1003 Martyrologium
981 946 1092 988 non
1106 946 1238 989 esse
1260 932 1704 1003 Gregorianum;
1727 938 1786 989 at
1808 949 1919 991 non

269 1031 407 1076 esse
432 1019 786 1090 ipssisimum
810 1020 975 1089 illud,
1000 1008 1249 1091 quodab
1276 1022 1470 1078 Adone
1493 1022 1914 1094 landatum‘est,

270 1107 331 1163 id
364 1121 506 1164 vero
545 1122 819 1179 pernego,
855 1123 959 1164 nec
1002 1109 1058 1164 id
1101 1124 1357 1180 unquam
1388 1111 1707 1167 extundent
1751 1112 1920 1168 Sans-

269 1196 395 1266 sayi
425 1200 526 1251 aut
560 1194 897 1252 Florentinii
940 1197 1262 1267 ratiocinia,
1300 1212 1546 1267 quorum
1592 1203 1652 1255 ut
1703 1200 1920 1255 medul-

270 1282 384 1340 lam
416 1283 776 1353 contraham,
803 1284 884 1340 sic
907 1284 1111 1341 ordine
1142 1300 1487 1356 prosequor.

339 1375 430 1427 97.
477 1371 796 1441 Arguebat,
848 1376 912 1427 ut
950 1372 1141 1442 video,
1198 1373 1514 1444 Saussayus
1553 1388 1583 1430 a
1632 1376 1917 1432 vocabulo

264 1459 520 1529 natalis,
546 1459 646 1516 sed
680 1473 849 1529 quam
873 1460 1089 1516 imbelli
1116 1460 1254 1529 telo,
1290 1467 1404 1516 tam
1431 1477 1538 1517 non
1564 1463 1739 1531 digno
1764 1463 1918 1532 quod

267 1548 615 1620 repellatur.
638 1567 665 1600 α
695 1551 765 1604 At
794 1554 1000 1617 urgent
1028 1550 1260 1615 fortius,
1287 1551 1472 1620 inquit
1503 1552 1913 1623 Florentinius,

265 1651 399 1706 quae
432 1637 645 1692 deinde
678 1652 884 1702 censor
915 1639 1177 1708 opponit,
1210 1639 1678 1710 Martyrologium
1715 1656 1918 1713 nempe

2034 488 2248 558 logium
2274 488 2459 545 Adoni
2475 490 2764 560 tanquam
2775 490 2841 544 Κ
2836 490 3217 547 alenda/rium
3226 495 3465 565 praﬂgi
3466 495 3674 565 potius

2017 579 2238 649 potuit.
2273 579 2472 633 Jamne
2515 578 2751 647 excidit,
2798 578 3129 649 quodpaulo
3172 585 3303 637 ante
3354 582 3672 654 Saussayus

2030 667 2278 736 dixerat,
2294 681 2521 724 merum
2531 667 3035 738 Martyrologium
3054 669 3230 725 Beda
3240 669 3495 726 indicem
3506 674 3672 729 esse?

2028 756 2297 812 Profecto
2316 755 2482 824 longe
2507 756 2660 811 inter
2684 771 2745 811 se
2770 755 3051 813 differunt
3079 757 3434 827 Beda,etiam
3461 774 3671 830 suppo-

2029 844 2271 913 sititius,
2293 847 2353 899 et
2376 844 2527 909 Ado;
2556 845 2761 900 saltem
2787 849 3034 911 tantum,
3065 849 3125 901 ut
3151 845 3386 915 utrique
3414 846 3565 901 idem
3589 848 3672 903 in-

2029 932 2139 989 dex
2160 936 2259 989 aut
2284 933 2689 991 Kalendarium
2711 948 2818 989 non
2843 932 3290 989 conveniat.Sed
3316 947 3501 1005 neque
3524 934 3668 993 illud

2030 1022 2175 1078 satis
2203 1023 2390 1092 capio,
2425 1037 2533 1091 qua
2568 1023 2793 1079 demum
2815 1021 3328 1079 verisimilitudine
3351 1024 3668 1079 Romanum

2030 1125 2290 1181 parvum,
2322 1114 2593 1180 tanquam
2616 1111 2840 1167 Adonis
2862 1109 3667 1181 Kalendariumvenditetur,

2029 1199 2076 1254 si
2090 1204 2311 1256 certum
2330 1200 2680 1268 ostenditur,
2694 1199 2977 1255 inmultis
2988 1211 3120 1254 eum
3130 1198 3329 1254 Adone
3348 1212 3463 1254 non
3475 1212 3671 1255 conve-

2026 1289 2178 1356 nire,
2202 1289 2266 1343 in
2287 1287 2596 1357 aliquibus
2616 1286 2974 1343 exuberare?
2995 1286 3051 1340 Si
3076 1285 3247 1341 index
3271 1292 3369 1342 aut
3395 1286 3671 1343 Kalenda-

2029 1376 2197 1445 rium,
2231 1390 2360 1431 cum
2390 1390 2564 1445 opere
2597 1390 2707 1430 non
2741 1374 3030 1445 convenit,
3068 1376 3264 1446 operis
3305 1372 3463 1430 illius
3495 1374 3669 1430 index

2028 1468 2126 1519 aut
2178 1463 2583 1518 Kalendarium
2634 1462 2747 1517 dici
2791 1463 3022 1518 omnino
3067 1462 3287 1533 nequit,
3342 1476 3453 1517 non
3486 1463 3669 1531 magis

2030 1566 2197 1621 quam
2215 1550 2617 1606 Kalendarium
2633 1550 2842 1606 Missali
2868 1553 3123 1606 Romano
3139 1549 3457 1621 praeﬁxum,
3476 1549 3664 1619 aptari

2030 1639 2500 1711 possitLiturgia)
2516 1640 2881 1705 Grmcaniem,
2899 1643 2996 1695 aut
3015 1638 3286 1709 Coptica}.
3310 1638 3549 1692 Nimiam
3572 1637 3664 1693 hic

263 1725 413 1781 illud
447 1740 809 1797 nequaquam
842 1742 970 1782 esse
995 1743 1185 1797 posse,
1214 1728 1365 1798 quod
1400 1729 1521 1783 Ado
1547 1730 1826 1800 laudavit,
1860 1736 1915 1786 et
1948 1734 2002 1792 B
2032 1728 2201 1783 video
2233 1728 2508 1782 minutias
2555 1728 2801 1797 quisque
2842 1727 3179 1783 excutiendi
3213 1726 3463 1795 indeque
3496 1739 3665 1794 argu-

262 1828 293 1869 a
320 1829 439 1885 quo
468 1828 528 1870 se
564 1814 870 1886 plurimum
897 1816 1156 1885 adjutnm
1186 1817 1419 1872 fatetur.
1448 1818 1721 1885 Primum,
1759 1821 1912 1889 quod

257 1919 333 1959 ex
352 1904 546 1960 tribus
560 1905 817 1974 antiquis
829 1904 1017 1960 codici
1030 1907 1154 1971 bus,
1167 1906 1379 1974 quibus
1396 1907 1757 1975 Rosweydus
1773 1924 1913 1965 usus

260 1996 380 2061 est,
417 1993 477 2047 in
510 2007 623 2048 uno
654 1996 883 2048 tantum
926 1993 1214 2049 invenerit
1248 1993 1431 2048 Adoni
1468 1995 1786 2064 praefixum,
1818 1997 1911 2052 cui

254 2080 465 2151 potius
479 2084 754 2151 tanquam
769 2080 1176 2137 Kalendariuin
1193 2081 1411 2152 praefigi
1430 2084 1713 2152 potuerit,
1741 2088 1797 2140 et
1815 2100 1915 2139 cn-

247 2168 354 2238 jus
386 2170 682 2240 specimen
715 2184 918 2226 revera
941 2185 1053 2225 non
1090 2172 1467 2239 incongruum
1491 2170 1745 2226 exhibet.
1778 2172 1914 2228 Inde

254 2256 654 2326 Rosweydum
684 2257 1132 2327 exagitat,quod
1167 2259 1465 2328 putaverit
1500 2259 1754 2315 Adonem
1794 2262 1915 2315 ubi-

251 2359 375 2415 que
397 2345 666 2414 vestigiis
685 2346 920 2401 Romani
945 2347 1164 2402 veteris
1189 2347 1487 2413 insistere,
1516 2363 1647 2403 cum
1672 2362 1742 2403 ex
1768 2348 1914 2405 locis

250 2433 560 2489 adnotatis
586 2437 815 2490 certum
839 2434 1133 2505 ostendat,
1168 2436 1486 2491 Romanum
1522 2436 1665 2492 illud
1701 2438 1916 2507 putati-

255 2522 411 2577 tium
428 2522 488 2577 in
504 2521 703 2578 multis
721 2538 850 2579 cum
870 2524 1068 2580 Adone
1082 2539 1191 2578 non
1206 2524 1602 2594 convenire,in
1624 2525 1916 2595 aliquibus

249 2610 615 2666 exuberare.
645 2629 673 2662 α
695 2611 751 2665 Si
776 2611 917 2666 nihil
940 2611 1018 2667 ibi
1046 2612 1252 2667 habeat
1280 2612 1606 2681 Saussayus
1629 2602 1780 2681 quOd
1808 2614 1916 2669 for-

250 2697 384 2754 tius
408 2702 639 2768 urgeat,
662 2713 798 2755 vere
812 2699 1143 2756 ostenditse
1164 2714 1229 2755 ea
1250 2699 1436 2755 solum
1452 2714 1626 2755 causa
1642 2701 1917 2771 Roswey-

248 2785 399 2842 dum
431 2786 695 2856 aggredi,
731 2790 791 2843 ut
826 2786 1158 2843 Hilduinum
1190 2802 1360 2844 suum
1392 2792 1650 2843 tueatur.
1687 2788 1833 2853 Quid
1868 2789 1911 2844 si

250 2873 491 2944 decem,
518 2874 657 2945 quid
688 2874 736 2930 si
760 2875 963 2944 viginti
988 2875 1223 2931 codices
1244 2876 1574 2932 Adonianos
1594 2877 1916 2946 reperisset

248 2962 650 3033 Rosweydus,
695 2964 952 3018 Romano
995 2978 1173 3035 parvo
1203 2978 1438 3031 vacuos,
1482 2966 1657 3033 atque
1694 2963 1751 3019 in
1792 2963 1916 3020 solo

2027 1817 2183 1872 tandi
2210 1816 2587 1887 pruriginem,
2608 1817 2704 1871 ubi
2729 1815 3201 1884 moderatiori,et
3227 1813 3661 1871 accommodata

2025 1907 2199 1962 rebus
2214 1904 2357 1975 ipsis
2379 1919 2625 1959 censura
2644 1908 2736 1959 est
2758 1919 2924 1974 opus.
2944 1906 3153 1959 Demus
3168 1903 3389 1973 aliquid
3406 1901 3664 1970 antiquis

2025 1994 2348 2063 codicibus,
2378 1995 2778 2061 fateamurque
2809 2006 2938 2048 eum
2967 1991 3558 2059 Flarentinio,sacras
3582 1989 3666 2060 ip-

2025 2097 2119 2138 sas
2142 2082 2408 2151 Tabulas,
2442 2084 2505 2138 ut
2546 2079 3025 2143 Sacramentaria,
3059 2079 3358 2149 Diptycha,
3386 2078 3664 2147 Martyro-

2024 2169 2197 2239 logia,
2234 2185 2342 2225 non
2374 2170 2636 2241 potuisse
2669 2168 2739 2221 ad
2774 2182 2876 2221 nos
2908 2171 3022 2221 tam
3063 2166 3289 2234 integra
3325 2167 3658 2235 perventre,

2025 2262 2089 2313 ut
2106 2274 2205 2328 per
2220 2273 2496 2314 summam
2521 2257 2879 2312 notariorum
2901 2259 3001 2310 aut
3024 2253 3457 2309 amanuensium
3479 2250 3666 2307 eccle-

2026 2345 2395 2400 siasticorum
2422 2345 2720 2409 incuriam,
2748 2346 2844 2398 aut
2880 2344 3288 2407 truncata,aut
3311 2337 3662 2408 interpolata

2026 2448 2136 2487 non
2164 2432 2312 2497 sint;
2346 2432 2490 2487 adeo
2524 2436 2587 2487 ut
2620 2430 2961 2499 rigidiorum
2989 2429 3234 2484 eriticen
3270 2427 3327 2482 id
3358 2440 3543 2496 genus
3573 2439 3666 2481 co-

2026 2522 2187 2577 dices
2221 2535 2517 2587 revoeare,
2554 2520 2704 2575 idem
2747 2520 2824 2574 sit
2856 2535 2922 2574 ac
2955 2533 3057 2573 eos
3090 2531 3267 2587 prepe
3310 2513 3660 2583 convellere,

2025 2610 2505 2680 quemadmodum
2547 2610 2599 2663 in
2634 2608 2935 2664 codicibus
2958 2607 3081 2662 suis
3104 2603 3565 2675 lIieronymianis
3586 2616 3669 2658 sa-

2029 2697 2105 2751 tis
2125 2699 2406 2767 expertus
2419 2700 2511 2751 est
2526 2695 3008 2763 Florentinius,et
3023 2693 3193 2748 nimis
3210 2706 3378 2763 quam
3399 2692 3665 2760 frequen-

2030 2790 2119 2839 ter
2150 2784 2554 2856 experiuntur,
2593 2784 2687 2852 qui
2730 2784 2967 2839 codices
3007 2782 3301 2852 antiquos,
3337 2778 3666 2851 praesertim

2030 2872 2283 2941 usuales,
2312 2876 2374 2928 ut
2397 2876 2533 2927 sunt
2564 2870 3058 2939 Martyrologium,
3084 2869 3299 2939 sazpius
3330 2870 3587 2922 versant.

2098 2967 2217 3017 100.
2247 2959 2420 3015 Multa
2450 2959 2752 3015 Mosander
2774 2958 2831 3012 in
2855 2971 2956 3012 sua
2985 2956 3201 3011 Adonls
3224 2954 3482 3011 editione
3516 2957 3667 3010 aste-

247 3051 483 3122 aliquo,
499 3051 702 3107 ordine
718 3052 1306 3122 quintoetvigesimo,
1327 3051 1576 3107 feliciter
1592 3052 1910 3123 przelixum,
1947 3065 1997 3127 α
2026 3050 2181 3105 risco
2198 3051 2519 3116 notaverat,
2540 3049 2809 3116 tanquam
2825 3042 3450 3112 auctoriabjudicanda
3469 3060 3482 3109 ;
3499 3040 3666 3113 plura

245 3154 319 3196 an
355 3139 526 3209 inde,
557 3140 818 3209 obsecro,
857 3140 1098 3196 minoris
1138 3139 1437 3196 faciendus
1468 3143 1627 3195 esset
1659 3144 1777 3195 tam
1811 3141 1909 3195 diu
2035 3139 2097 3193 in
2123 3137 2501 3209 appendicem
2535 3136 2818 3191 refecerat
2844 3133 3207 3203 Rosweydus
3235 3130 3367 3186 :sed
3392 3144 3529 3186 ecce
3559 3131 3668 3185 Ma-

244 3228 590 3301 expetitus,
616 3229 817 3285 tandiu
842 3228 1213 3285 desideratus
1238 3228 1581 3285 thesaurus?
1604 3230 1686 3283 An
1712 3230 1924 3294 minori
2036 3227 2195 3296 bilio,
2230 3226 2412 3280 citato
2440 3224 2555 3293 jam
2580 3223 2729 3291 loco,
2760 3222 3036 3293 pleraque
3068 3218 3431 3276 restituenda
3470 3222 3669 3290 putat;

204 3336 213 3345 ·
243 3316 634 3373 eruditorum
665 3317 918 3373 omnium
948 3316 1231 3388 applausu
1270 3317 1487 3388 ubique
1522 3321 1802 3388 acceptus
1834 3322 1925 3373 est
2034 3315 2145 3369 alia
2178 3328 2336 3383 vero,
2373 3327 2499 3383 quae
2531 3312 2627 3368 alii
2648 3311 2897 3381 genuina
2919 3311 3293 3377 censuerant,
3314 3308 3386 3363 ab
3414 3307 3672 3377 interpo-

244 3405 434 3474 Beda,
459 3419 493 3461 a
525 3404 833 3474 Maioribus
852 3406 1071 3462 nostris
1096 3405 1308 3475 editus,
1340 3405 1571 3461 tametsi
1612 3410 1924 3463 contextus
2035 3403 2476 3459 latoreinserta.
2495 3402 2632 3468 Quae
2658 3414 2727 3456 eo
2750 3398 2937 3456 solum
2968 3399 3079 3455 huc
3100 3395 3464 3464 adducimus,
3483 3399 3547 3451 ut
3576 3408 3672 3466 pa-

246 3493 353 3550 ille
388 3507 425 3549 a
449 3494 719 3550 centenis
748 3494 1054 3551 codicibus
1077 3493 1350 3565 abfuerit,
1379 3494 1433 3549 in
1460 3510 1573 3550 uno
1598 3494 1783 3551 solum
1824 3500 1925 3551 aut
2035 3489 2267 3546 teatvix
2284 3488 2618 3545 humanitus
2636 3488 2965 3558 fieriposse,
2985 3489 3047 3542 ut
3065 3484 3212 3540 tales
3226 3482 3461 3539 codices
3474 3482 3543 3537 ad
3570 3496 3675 3538 nos

242 3582 474 3651 altero,
510 3580 626 3638 imo
648 3582 703 3637 in
727 3581 955 3639 duabus
978 3582 1206 3639 laciniis
1227 3584 1482 3639 Romana
1506 3581 1714 3652 altera,
1737 3582 1922 3638 altera
2034 3578 2244 3648 integri
2280 3576 2897 3648 perveniant;quodin
2928 3574 3038 3629 hac
3063 3576 3261 3627 nostra
3291 3568 3675 3626 Usuardiedi-

243 3670 601 3729 Divionensi
634 3674 923 3741 repertus.
2035 3668 2192 3722 tione
2218 3665 2425 3721 diebus
2455 3678 2636 3734 prope
2669 3661 2916 3731 singulis
2938 3659 3229 3716 usuvenit.
3257 3656 3407 3712 Nihil
3428 3656 3673 3727 proinde

313 3763 419 3817 68.
457 3757 606 3813 Edat
633 3758 799 3815 nobis
825 3758 995 3815 modo
1020 3757 1233 3827 aliquis
1266 3761 1349 3813 tot
1387 3756 1626 3813 latentia
1659 3756 1926 3826 antiquo-
2034 3755 2163 3811 miri
2196 3754 2329 3823 erit,
2372 3754 2418 3809 si
2452 3754 2507 3807 in
2548 3754 2802 3806 Romano
2842 3764 3023 3820 parvo
3069 3747 3267 3803 addita
3308 3744 3522 3815 aliqua,
3559 3743 3671 3799 alia

246 3862 381 3903 rum
411 3844 788 3917 opera,velsi
810 3861 839 3901 a
866 3844 1121 3901 millenis
1143 3844 1275 3902 aliis
1311 3843 1921 3901 codicibusabfuerint
2034 3844 2164 3898 hinc
2198 3841 2329 3897 inde
2345 3841 2607 3896 detracta
2632 3835 3148 3906 fuerint,quamvis
3168 3833 3221 3889 id
3240 3831 3673 3889 raroaccidisse

244 3933 391 3988 faxo
429 3934 490 3986 et
525 3934 828 3999 gratanter
858 3935 918 3986 et
950 3929 1229 3986 benevole
1262 3931 1334 3985 ab
1375 3928 1626 3986 eruditis
1654 3928 1924 3985 omnibus
2035 3929 2609 4001 deprehenderimus.
2645 3925 2944 3992 Quomodo
2967 3924 3147 3994 igitur
3171 3921 3678 3993 adhucmagisop-

243 4016 677 4083 admittantur,
695 4016 744 4071 si
769 4015 928 4072 nullo
949 4014 1063 4071 alio
1081 4019 1472 4085 praeterquam
1489 4013 1751 4070 raritatis
1776 4012 1923 4068 vitio
2024 4019 2303 4092 pugnant
2328 4016 2644 4088 Rosweydi
2673 4012 3250 4071 Kalendariumdies
3264 4009 3620 4084 frequentes
3639 4021 3679 4066 α

246 4103 562 4160 ιεδονθηι·
590 4102 812 4159 δθίωυε
835 4103 907 4157 ab
934 4101 1165 4172 Alol'SiO
1190 4105 1323 4173 ροει
1346 4101 1574 4170 longam
1598 4100 1926 4158 Πιοῖοδῐεωο
2027 4107 2398 4180 martyribus
2423 4105 2790 4163 oaeui?Vere
2813 4101 3087 4159 obtundit
3113 4102 3452 4171 Saussayus.
3471 4099 3678 4154 Nume-

245 4208 361 4263 qne
385 4190 887 4264 perquisitionem
914 4194 1212 4261 repertum
1235 4205 1364 4246 esse
1392 4188 1924 4261 Adonisexemplar
2030 4210 2225 4253 remus
2240 4196 2485 4267 primum
2501 4196 2640 4264 quot
2664 4191 2857 4247 diesin
2885 4192 3138 4246 Romano
3163 4186 3673 4261 parvovacuisint,

244 4280 528 4354 aliquod.
548 4280 613 4336 ἱπ
641 4282 813 4352 cuius
840 4280 1300 4351 comparatione,
1324 4293 1491 4335 Omne
1512 4293 1732 4338 Clu/rum
1760 4277 1929 4334 nihil
2030 4285 2320 4341 subducta
2351 4282 2595 4346 ratione,
2641 4280 2975 4337 universum
3018 4278 3380 4350 reperiemus
3414 4280 3633 4347 septem
3661 4290 3676 4339 ;

244 4368 602 4428 esseduaeit.
623 4367 1176 4425 Cedocuihominiin
1193 4371 1442 4423 mentem
1461 4366 1923 4437 venerit,editio-
1949 4413 2001 4472 D
2029 4374 2300 4428 nimirum
2327 4386 2481 4427 xxv"
2504 4368 2823 4439 Februarii,
2844 4384 2974 4424 xxrv
2995 4366 3231 4438 Aprilis,
3252 4380 3390 4422 xxm
3413 4364 3678 4432 Maii,vm

244 4474 381 4515 nem
419 4456 561 4527 ejus
590 4455 1134 4527 redarguere,qnod
1151 4456 1272 4512 sola
1294 4461 1354 4512 et
1378 4455 1558 4526 prima
1584 4457 1776 4511 esset?
1794 4454 1920 4509 Alia
1950 4451 2000 4472 ”
2028 4460 2203 4530 Junii,
2230 4476 2300 4516 xv
2333 4459 2625 4529 Octobris,
2652 4473 2724 4514 xx
2748 4457 3024 4514 Octobris
3060 4458 3120 4511 et
3152 4469 3280 4510 xxv:
3312 4451 3673 4509 Novembris.

243 4544 535 4616 exempla
588 4544 791 4614 ωθείε,
838 4542 931 4600 V91
974 4543 1163 4600 minus
1211 4543 1436 4612 ἰηιθενε
1477 4541 1622 4598 Vidit
1668 4540 1916 4609 MabiliO,
2034 4552 2221 4619 Atque
2247 4548 2303 4603 hi
2334 4552 2469 4605 sunt
2484 4547 2840 4620 frequentes
2868 4544 3085 4600 illidies
3114 4556 3153 4599 a
3181 4539 3552 4613 martyribus
3579 4550 3680 4593 va-

243 4635 542 4691 viderunt
567 4630 687 4702 alii,
709 4647 740 4688 a
765 4632 978 4702 quibus
1000 4631 1176 4687 etiam
1203 4632 1353 4686 forte
1377 4631 1580 4686 aberat
1603 4630 1920 4684 Romanum
2030 4637 2160 4694 cui?
2178 4636 2395 4707 Ecquid
2414 4635 2677 4691 terminis
2691 4634 3191 4703 abutioportet,ut
3209 4629 3677 4685 intertrecentos

247 4736 537 4795 parvum,
562 4720 674 4776 imo
696 4719 821 4792 ipsa
847 4720 1064 4776 Adonis
1094 4719 1389 4792 prmfatio;
1416 4732 1522 4774 nec
1554 4723 1744 4773 tamen
1768 4716 1917 4771 inter

2033 4725 2334 4794 sexaginta
2366 4724 2621 4794 quinque
2653 4722 2797 4791 dies,
2824 4719 3237 4777 deficientibus
3260 4716 3404 4773 solis
3429 4716 3674 4785 septem,

246 4811 544 4875 eruditos
568 4807 723 4867 ullus
746 4824 818 4865 ex
840 4824 910 4865 eo
932 4809 1124 4881 capite
1149 4812 1491 4880 suspectum
1516 4806 1740 4875 habuit,
1766 4804 1921 4876 quod
2034 4816 2399 4879 Fuscusurss
2422 4813 2693 4867 dicantur
2714 4809 3000 4865 deﬁcere?
3024 4810 3094 4863 At
3113 4806 3285 4874 enim,
3312 4804 3358 4859 si
3385 4805 3544 4857 recte
3567 4800 3677 4855 hoc

245 4903 372 4957 tam
392 4896 666 4956 feliciter
694 4898 820 4954 orbi
846 4898 1138 4954 litterario
1159 4901 1507 4969 porrexerat
1540 4894 1919 4965 Rosweydus,
2035 4905 2439 4971 argumentum
2470 4898 2842 4971 expenditur,
2870 4913 2985 4967 quo
3011 4893 3440 4967 frequentiores
3463 4888 3677 4945 fuerint

246 4989 424 5061 quid,
458 4986 618 5058 quod
641 4989 893 5042 testetur
925 4986 1197 5043 laudatus
1231 4985 1460 5041 Mabilio
1492 4983 1715 5041 Saecula
1748 4999 1801 5039 ιν
1826 4984 1926 5038 Bc-
2038 4992 2091 5046 in
2124 4992 2380 5046 Romano
2411 5003 2588 5059 parvo
2615 4988 2746 5043 dies
2779 4986 2965 5055 vacui,
2992 5000 3061 5041 eo
3092 4984 3283 5039 minus
3314 4978 3566 5050 speciem
3598 4992 3681 5032 re-

246 5075 594 5145 nedietino,
631 5079 796 5147 parte
819 5090 879 5146 ιι,
907 5090 1033 5147 pag.
1069 5081 1192 5145 272,
1218 5076 1284 5132 in
1294 5074 1597 5147 plu/ribus,
1623 5086 1755 5145 qua
1772 5072 1932 5129 cidit

244 5167 451 5226 istius
490 5163 925 5236 Martyrologii
963 5162 1227 5235 (Adonis)
1267 5162 1707 5234 exemplaribus
1743 5174 1930 5217 manu

246 5253 577 5322 multis,
621 5266 738 5309 non
771 5265 1108 5324 comparere
1144 5252 1366 5309 Adonis
1403 5265 1642 5318 nomen;
1689 5264 1759 5305 an
1795 5247 1928 5304 inde

248 5344 529 5400 fortasse
580 5340 756 5397 etiam
800 5344 1008 5410 arguet
1048 5340 1393 5409 Saussayus,
1432 5336 1917 5408 Martyrologium,

2041 5344 2150 5400 bus
2174 5344 2359 5414 festis,
2387 5342 2532 5399 male
2556 5340 2810 5410 alioquin
2834 5353 2937 5409 per
2955 5334 3217 5405 singulos
3241 5334 3366 5391 dies
3390 5347 3456 5389 ac
3478 5332 3684 5388 Kalen-

246 5432 422 5505 quod
442 5429 671 5493 Adonis
683 5429 910 5486 nomine
932 5428 1110 5499 venit,
1128 5442 1431 5499 perperam
1455 5427 1506 5482 ei
1521 5424 1917 5493 attribui,quia

2042 5432 2146 5489 das
2169 5432 2492 5505 dispositis,
2521 5431 2627 5486 hoc
2653 5429 2938 5500 (Romano
2945 5432 3159 5497 pareo)
3186 5437 3330 5481 usus
3351 5426 3534 5492 esset,
3552 5434 3679 5477 eum

246 5520 309 5577 in
331 5516 560 5577 multis
574 5512 1933 5591 exemplaribus,Adouisnomenuoueomparet?
2040 5526 2102 5578 et
2133 5522 2188 5577 in
2220 5535 2290 5577 eo
2313 5519 2492 5590 aliqui
2515 5517 2642 5573 dies
2656 5515 2996 5586 deficerent,
3029 5529 3137 5571 non
3166 5514 3366 5586 utique
3391 5509 3600 5567 Bedam
3622 5510 3680 5562 et

2039 5080 2187 5134 feret
2219 5077 2521 5134 Adoniani
2542 5074 2927 5143 Kalendarii,
2962 5077 3023 5129 ut
3045 5074 3216 5127 vocat
3238 5070 3559 5135 Saussayus
3580 5069 3680 5123 aut

2036 5167 2363 5225 Adonianee
2389 5166 2684 5237 epitomes,
2717 5162 2942 5233 qualem
2978 5160 3143 5229 fingit
3175 5155 3588 5213 Florentinius.

2110 5259 2231 5311 161.
2258 5257 2444 5310 Instat
2468 5256 2817 5322 Saussayus:
2844 5250 2939 5304 «Si
2957 5247 3144 5304 Adoin
3172 5243 3541 5318 prmﬁgendis
3563 5241 3683 5300 die-
