3988 6158
297 230 396 297 UH

1261 227 1634 290 USUARDUS
1669 224 2053 286 MONACHUS
2089 225 2735 288 SANGERMANENSIS.

3594 227 3697 283 ΜΞ

298 358 527 418 Florum
555 354 828 428 supplere
868 353 1174 427 potuisset.
1211 371 1239 406 ››
1272 354 1466 411 Novus
1497 352 1590 409 hic
1622 351 1938 424 scrupulus
1967 350 2022 410 A
2053 366 2108 406 in
2133 350 2241 408 hoc
2256 355 2453 410 nostro
2467 353 2725 410 Romano
2749 365 2928 424 parvo
2947 350 3143 423 posita
3167 350 3264 408 sit.
3298 347 3462 416 Quod
3498 347 3549 406 si
3570 347 3698 408 hac

295 452 391 506 est
422 464 434 502 :
467 458 753 517 nusquam
793 441 1032 514 scripsit
1066 440 1188 498 Ado
1237 455 1301 497 se
1351 455 1420 497 ex
1460 442 1716 498 Romano
1755 455 1938 512 parvo

2052 440 2299 511 primum
2313 441 2584 498 instituta
2601 440 2941 498 fueritanno
2959 442 3116 508 1049,
3133 438 3456 498 LeonceIX
3460 438 3702 496 astante

299 533 665 608 supplevisse
696 531 823 589 dies
853 544 1053 587 omnes
1084 529 1181 601 qui
1221 528 1280 586 in
1312 527 1462 586 Beda
1494 543 1526 585 a
1566 528 1734 586 Floro
1765 531 1938 586 aucto
2047 529 2802 600 ponti/tce,vide,obsecro,
2821 532 3035 598 quanta
3057 527 3310 584 absurda
3335 526 3470 584 inde
3491 541 3704 584 conse-

299 621 807 688 desiderabantur,
825 618 925 674 sed
940 614 1279 687 adjutum’se
1297 617 1532 687 fatetur,
1558 616 1764 674 atdies
1782 630 1940 674 mar-

301 712 503 784 tyr-mn
519 707 846 776 verissime,
868 706 975 762 hoc
998 707 1092 760 est
1113 704 1410 776 distincte,
1433 705 1803 774 notarentwr,
1840 706 1938 776 qui

193 861 204 868 _
300 796 542 870 confusi
584 797 650 852 in
679 794 976 852 Kalendis
1002 793 1263 851 inveniri
1291 791 1558 858 solebant
1587 808 1698 849 non
1740 793 1942 864 utique

304 888 360 944 in
395 885 544 942 Beda
575 889 636 942 et
657 881 826 940 Floro
849 881 1076 940 confusi
1102 880 1225 951 ;sed
1244 881 1302 938 in
1325 881 1643 954 antiquiori
1667 881 1944 952 Hierony-

302 973 514 1044 miano,
541 988 612 1030 ex
635 987 748 1044 quo
769 972 1012 1030 necdum
1035 971 1431 1028 confusionem
1454 985 1678 1027 omnem
1700 969 1944 1029 sustulit

304 1061 713 1120 Florentinius.
748 1060 986 1118 Fuerint
1025 1060 1204 1130 igitur
1234 1058 1359 1115 dies
1387 1063 1611 1130 septem
1645 1061 1829 1130 vacui,
1871 1074 1944 1116 an

307 1153 378 1208 de
399 1154 616 1208 caetero
635 1165 749 1207 non
761 1153 923 1206 recte
937 1147 1198 1218 adiutum
1213 1162 1274 1204 se
1291 1147 1551 1219 profiteri
1577 1151 1775 1218 potest
1799 1149 1940 1218 Ado,

309 1242 443 1297 dum
474 1253 712 1297 cccnvm
743 1238 870 1294 dies
900 1237 1104 1309 plenos
1136 1237 1390 1308 reperit?
1430 1237 1513 1291 An
1545 1235 1598 1292 ei
1633 1236 1947 1293 defuerunt

311 1327 502 1384 Sancti
533 1326 652 1397 alii,
689 1327 900 1398 quibus
931 1323 1210 1398 pauculos
1251 1323 1386 1380 illos
1425 1324 1551 1381 dies
1593 1323 1948 1395 suppleret?

309 1415 702 1473 Dissolvamus
731 1415 920 1471 omnia
949 1433 960 1468 :
991 1428 1164 1470 xxvui
1195 1411 1496 1471 Februarii
1527 1426 1600 1468 ex
1626 1411 1838 1468 vicinia
1857 1426 1949 1468 ac-

308 1504 550 1562 cersivit
581 1505 912 1562 Romanam
937 1501 1206 1558 abbatem
1219 1502 1542 1558 Jurensem.
1577 1516 1706 1556 xv1v
1733 1502 1949 1572 Aprilis

312 1607 423 1649 non
450 1593 694 1649 vacabat
735 1591 908 1660 Beda,
951 1594 1012 1646 et
1040 1594 1232 1646 tamen
1273 1603 1342 1645 eo
1385 1589 1510 1660 ipso
1550 1589 1643 1646 die
1683 1596 1948 1648 sanctum

2054 622 2345 688 quantur;
2373 618 2488 688 jam
2521 618 2673 674 enim
2705 615 3114 688 Martyrologia
3138 620 3338 673 nostra
3370 614 3562 672 omnia
3597 615 3705 672 Be-

2053 706 2160 776 dae,
2185 705 2604 776 Wandalberti,
2624 706 2862 776 Rabani,
2891 704 3130 774 Adonis,
3145 703 3415 768 Usuardi,
3432 703 3701 774 Notkeri,

2056 794 2170 852 imo
2182 799 2240 852 et
2255 794 2697 866 Hieronymiana
2715 795 2862 866 ipsa,
2879 792 3326 865 composita,cel
3335 793 3567 864 scripta
3563 792 3709 864 fue-

2051 884 2186 942 rint
2206 885 2512 941 undecimo
2540 884 2752 941 sacnlo
2781 882 3146 961 excurrente,
3181 895 3312 938 cum
3345 881 3400 936 in
3421 880 3495 937 iis
3518 880 3708 938 omni-

2057 973 2166 1030 bus
2203 973 2404 1031 eadem
2436 973 2562 1044 ipsa
2591 971 2935 1028 solemnitas
2960 969 3350 1026 disertissime
3395 969 3709 1026 annuntie-

2057 1066 2172 1120 tur.
2209 1061 2263 1117 Si
2304 1062 2414 1117 hoc
2446 1061 2593 1118 sat‘s
2625 1074 2738 1116 non
2763 1063 2875 1130 est,
2911 1059 3056 1130 ipsis
3095 1057 3366 1114 omnibus
3403 1057 3712 1128 antiquior

2059 1150 2374 1220 Gregorius
2412 1148 2768 1206 Turonensis
2803 1147 3036 1204 saeculis
3070 1147 3325 1217 quinque
3352 1145 3555 1215 junior
3578 1145 3705 1215 ﬁet,

2057 1253 2188 1295 cum
2215 1239 2273 1294 in
2296 1238 2552 1294 Historia
2583 1239 2956 1306 Francorum,
2982 1250 3108 1306 cap.
3137 1240 3195 1292 21
3236 1233 3490 1292 assuerit
3515 1253 3528 1288 :
3559 1231 3710 1290 Fac-

2059 1327 2185 1382 tam
2203 1325 2295 1383 est
2309 1325 2509 1383 autem
2527 1325 2739 1396 atpost
2753 1323 2882 1382 dies
2892 1336 3120 1394 paucos
3141 1321 3378 1380 adesset
3385 1319 3716 1393 festivitas

2057 1413 2254 1472 sancti
2283 1413 2567 1484 Remigii,
2606 1425 2738 1484 qua
2783 1411 2960 1468 initio
3006 1411 3226 1468 mensis
3260 1407 3524 1467 Octobris
3565 1408 3718 1466 cele-

2061 1502 2288 1560 bratur.
2322 1501 2494 1558 Diem
2525 1500 2733 1570 selegit
2767 1502 2879 1556 Leo
2912 1500 2980 1555 1x
3021 1513 3192 1570 quem
3235 1502 3405 1554 antea
3456 1495 3713 1566 Remigii

2062 1589 2756 1662 festivitatﬁdestinatum
2795 1589 2978 1658 probe
3009 1591 3273 1643 noverat.

310 1681 720 1738 Alexandrum
741 1676 1680 1748 Lugdunensem,Mellito,aBeda
1695 1679 1946 1750 signato,
1981 1693 2033 1752 Β
2135 1683 2256 1736 104.
2293 1680 2542 1750 Stuporo
2572 1677 2772 1749 potius
2794 1691 2963 1747 quam
2995 1675 3381 1732 admiratione
3411 1672 3720 1746 porcellor

313 1768 526 1838 adjecit
559 1782 696 1824 χχιιι
718 1767 865 1836 Maii,
903 1781 1009 1821 non
1046 1765 1247 1834 procul
1279 1766 1706 1821 excurrendum
1738 1767 1866 1838 fuit,
1894 1775 1958 1826 ut

311 1855 662 1913 Desiderias
683 1854 1079 1923 Lingonensis,
1097 1853 1212 1908 imo
1236 1852 1328 1908 vel
1353 1853 1694 1910 Viennensis
1715 1870 1959 1928 synony-

315 1957 444 2000 mus
473 1947 1055 2000 commemoraretur:
1090 1941 1206 1997 vidi
1253 1941 1329 1996 ibi
1361 1942 1827 1998 observationem
1863 1960 1962 2002 no-

315 2037 495 2088 stram
518 2029 919 2087 Usuardinam.
946 2029 1214 2086 vaunii
1237 2029 1439 2085 habuit
1465 2030 1520 2084 in
1555 2029 1704 2085 Beda
1723 2031 1961 2091 Medar-

314 2120 473 2188 dum,
508 2133 622 2190 quo
655 2121 843 2174 tamen
884 2121 1196 2174 contentus
1237 2131 1350 2172 non
1398 2117 1526 2173 fuit.
1562 2133 1634 2174 xv
1663 2120 1958 2192 Octobris,

316 2207 652 2276 Lugdunum
673 2205 1044 2274 Antiochum,
1081 2203 1318 2262 Colonia
1346 2203 1614 2277 Mam-os,
1648 2210 1960 2278 suggessit.

319 2311 392 2352 xx
437 2294 724 2364 Octobris,
768 2293 1068 2366 popularis
1122 2293 1174 2348 S
1214 2291 1544 2362 Caprasius
1601 2295 1752 2350 haud
1792 2295 1960 2365 longe

319 2381 667 2452 quaerendus
715 2383 863 2435 erat.
909 2378 1165 2448 Denique
1230 2379 1702 2455 xv1_Novembris
1752 2381 1962 2438 adfuit-

319 2466 1084 2539 LugdunensisEncherias.
1103 2467 1278 2522 Vides
1299 2481 1413 2522 non
1436 2481 1639 2536 magna
1668 2467 1963 2537 adjumen-

317 2561 374 2612 ta
399 2555 583 2613 Adoni
612 2554 845 2611 aliunde
868 2553 1202 2624 accessisse,
1227 2558 1288 2610 ut
1313 2553 1564 2624 proinde
1595 2555 1960 2612 verissimum

318 2647 568 2714 maneat,
603 2642 847 2700 maxime
885 2647 942 2698 et
976 2641 1267 2714 praecipue
1307 2656 1381 2697 ex
1409 2641 1743 2700 venerabile
1772 2642 1872 2699 illo
1900 2647 1961 2698 et

308 2732 670 2808 per-antiquo
697 2730 1132 2803 Martyrologio
1166 2730 1444 2802 adjatum
1477 2729 1672 2788 fuisse.

390 2825 511 2879 102.
565 2819 840 2892 Sequitur
887 2823 1228 2889 argumenta
1279 2819 1431 2890 quod
1483 2819 1678 2876 nescio
1727 2821 1880 2877 unde
1930 2833 1962 2877 a

320 2913 603 2981 Saussayo
633 2908 854 2966 desumi
887 2913 986 2966 aut
1026 2906 1309 2979 exsculpi,
1346 2923 1456 2978 qua
1489 2911 1683 2964 autem
1714 2907 1806 2965 vel
1837 2909 1959 2966 veri

318 2999 519 3056 umbra
545 3011 576 3053 a
599 2996 954 3052 Florentinio
975 2997 1181 3052 referri
1207 2995 1482 3066 potuerit.
1511 2997 1696 3053 Aures
1727 2997 1920 3066 arrige
1941 3016 1958 3058 _:

321 3105 350 3138 α
379 3087 622 3156 Insuper
651 3083 848 3152 negari
880 3083 1080 3152 nequit
1111 3081 1360 3152 (semper
1389 3081 1751 3140 Florentinii
1787 3083 1966 3140 verba

316 3171 523 3240 recito)
559 3170 694 3241 quin
737 3171 808 3226 ad
841 3168 1168 3225 recentiora
1202 3172 1462 3238 tempora
1495 3168 1964 3240 Martyrologium

211 3299 216 3302 -
320 3259 462 3316 illud
487 3254 1568 3329 (Romannmparwm)ablegent,qu:c
1584 3257 1780 3313 subdit
1799 3259 1968 3314 Saus-

321 3363 513 3418 sayus,
546 3345 617 3401 ad
659 3359 870 3400 annum
911 3343 1134 3400 scilicet
1167 3346 1324 3399 1069.
1373 3342 1598 3398 Etenim
1628 3358 1758 3399 cum
1801 3344 1856 3398 in
1895 3357 1966 3400 eo

321 3435 389 3490 ad
431 3431 584 3488 diem
615 3446 690 3488 xx
727 3429 1018 3500 Octobris,
1051 3429 1286 3486 Rhemis
1320 3427 1657 3486 solemnitas
1685 3431 1738 3486 S.
1776 3430 1969 3486 Remi-

318 3521 397 3592 gii
431 3519 764 3589 adnotetur,
783 3533 910 3590 qua;
933 3523 1102 3574 antea
1127 3517 1221 3575 die
1252 3517 1625 3588 migrationis
1645 3533 1744 3574 xm
1764 3519 1969 3574 Janua-

322 3610 390 3666 rii
433 3608 631 3682 peragi
679 3611 1085 3678 consueverat,
1137 3610 1196 3663 et
1240 3606 1362 3664 haec
1413 3607 1470 3662 in
1507 3605 1772 3663 eumdem
1815 3607 1967 3663 diem

321 3697 751 3757 accommodata
777 3696 950 3753 fuerit
974 3696 1030 3752 in
1052 3694 1300 3753 concilio
1323 3695 1656 3766 Rhemensi,
1691 3696 1874 3752 Leone
1899 3697 1969 3752 IX

320 3791 552 3844 astante
581 3785 875 3858 pontifice,
899 3799 1067 3842 nemo
1092 3788 1288 3857 potest
1317 3783 1662 3855 concedere,
1687 3786 1968 3856 Martyro-

320 3875 535 3948 logium
568 3873 712 3932 illud
742 3887 892 3944 esse,
923 3871 1078 3944 quod
1109 3872 1476 3944 autographa
1511 3887 1618 3929 suo
1647 3872 1968 3943 praefixerit

322 3965 465 4034 Ado,
489 3963 798 4034 episcOpns
816 3959 1181 4030 Viennensis,
1194 3959 1350 4016 circa
1375 3974 1586 4016 annum
1609 3964 1714 4017 875
1729 3961 1966 4026 (melius

317 4050 606 4110 scriberet
639 4051 801 4108 circa
838 4063 1065 4106 annm
1101 4053 1228 4116 858)
1280 4047 1382 4104 sed
1422 4045 1828 4119 compositum,
1873 4047 1961 4105 vel

321 4139 601 4211 scriptum
645 4137 946 4194 undecimo
977 4135 1190 4194 saeculo
1219 4137 1571 4192 excurrente
1592 4154 1622 4186 »
1656 4135 1770 4192 Nec
1799 4134 1964 4192 (Edi-

322 4243 430 4301 pus
456 4227 580 4300 ipse
611 4225 703 4282 hic
735 4224 902 4282 nobis
917 4224 1226 4296 edisserat,
1259 4223 1399 4295 quid
1428 4227 1550 4280 tota
1573 4222 1678 4279 hac
1701 4222 1959 4295 speciosa

321 4331 515 4372 rerum
557 4313 846 4384 farragine
897 4312 1006 4370 sibi
1048 4312 1279 4370 demum
1321 4311 1503 4370 velint
1547 4313 1864 4384 Sanssayus
1901 4315 1960 4368 et

322 4377 745 4473 Florentinius:
773 4402 882 4460 nisi
923 4406 1124 4474 aperte
1167 4402 1482 4472 fateantur,
1527 4415 1590 4458 se
1617 4377 1786 4458 vetus
1821 4401 1960 4458 Ros-
1992 4377 2044 4438 D

318 4489 512 4562 weydi
543 4489 1012 4563 Martyrologium
1053 4505 1343 4560 nunquam
1377 4489 1722 4562 inspexisse,
1756 4489 1960 4548 saltem

319 4595 410 4650 co,
445 4578 544 4650 qui
571 4577 810 4648 citatur,
835 4579 927 4634 die
957 4593 1030 4634 xx
1057 4578 1347 4633 Octobris.

390 4671 514 4725 103.
557 4667 772 4722 Iterum
812 4669 1015 4736 repeto
1047 4679 1135 4720 me
1166 4679 1410 4736 prorsus
1440 4680 1550 4721 non
1582 4679 1793 4735 capere
1823 4680 1961 4734 quo-

321 4757 490 4815 modo
521 4755 643 4813 haec
671 4753 726 4809 in
758 4753 1014 4810 virorum
1052 4757 1267 4810 caetera
1305 4753 1666 4810 eruditorum
1709 4754 1960 4810 mentem

319 4845 574 4904 incidere
613 4843 732 4902 ullo
769 4844 940 4915 pacto
991 4841 1310 4912 potuerint.
1363 4839 1588 4896 Etenim
1629 4838 1675 4894 si
1716 4853 1853 4896 vere
1905 4839 1960 4896 in

317 4934 646 5006 exemplum
677 4931 990 4990 adducitur
1019 4929 1144 4987 dies
1163 4945 1236 4986 xx
1263 4929 1818 4997 Octobris,monstra
1851 4927 1958 4984 sibi

323 5021 563 5093 lingunt,
589 5037 718 5094 qua:
743 5026 870 5078 tuto
892 5019 1360 5093 profligent,cum
1385 5016 1434 5072 is
1465 5014 1707 5086 praecise
1735 5015 1862 5073 dies
1887 5031 1961 5072 ex

322 5112 545 5178 septem
577 5125 726 5168 unus
751 5110 828 5168 sit
849 5124 994 5182 quos
1024 5108 1082 5164 in
1113 5121 1183 5164 eo
1213 5105 1414 5164 codice
1445 5117 1653 5161 vacare
1685 5103 1957 5162 diximus.

323 5195 519 5264 Neque
543 5211 698 5268 vero,
729 5202 854 5255 toto
875 5213 945 5255 eo
975 5210 1192 5265 mense,
1225 5193 1336 5250 alia
1358 5190 1601 5262 Remigii
1624 5191 1962 5250 solemnitas

324 5281 775 5354 rcfertur,quam
798 5300 926 5356 quae
949 5285 1091 5358 ipsis
1110 5281 1384 5340 Kalendis
1405 5279 1746 5350 consignata
1760 5283 1850 5338 est
1865 5279 1957 5337 his

325 5369 519 5428 verbis
553 5371 662 5428 εει
671 5371 912 5430 ΙίΙιωηίε
922 5371 1382 5445 civitate,sancti
1395 5368 1661 5442 Remigii
1679 5369 1954 5440 episcopi.

324 5460 442 5516 lmo
460 5458 583 5518 baac
605 5459 771 5517 unica
801 5464 860 5518 et
893 5461 1013 5520 sola
1045 5461 1400 5532 solemnitas,
1425 5473 1552 5532 quae
1575 5459 1646 5517 de
1674 5456 1955 5529 Remigio,

2070 1765 2619 1839 dum_hujuscemodi
2634 1764 2900 1834 cavillos,
2919 1763 3277 1833 nasnias,imo
3290 1777 3434 1834 pura
3454 1765 3600 1834 puta
3618 1760 3721 1831 fig-

2071 1859 2261 1911 menta
2305 1854 2572 1926 protrudi
2623 1853 2812 1922 video,
2855 1857 2914 1908 et
2953 1852 3119 1922 quasi
3153 1865 3256 1922 per
3296 1863 3504 1906 manus
3535 1849 3720 1906 etiam

2071 1944 2377 2000 doctorum
2407 1943 2666 1998 virorum
2707 1941 2980 2010 derivari,
3017 1955 3146 2011 qua)
3177 1939 3248 1996 ab
3281 1937 3636 1996 acatholicis
3663 1953 3724 1995 a-

2071 2032 2202 2088 vide
2242 2035 2498 2103 arrepta,
2524 2031 2581 2086 in
2614 2033 2878 2086 nostrum
2909 2028 3266 2099 vituperium
3304 2025 3718 2096 venditantur,

2073 2134 2138 2176 ac
2161 2117 2369 2176 similia
2393 2117 2866 2181 comminiscendi
2882 2131 3077 2172 ansam
3093 2115 3238 2187 ipsis
3251 2115 3518 2186 praebent
3541 2114 3727 2171 viam-

2072 2221 2183 2278 que
2214 2207 2546 2263 ostendant.
2575 2207 2744 2262 Certe
2771 2205 2990 2262 citatus
3021 2219 3197 2276 supra
3223 2203 3487 2273 Beckius,
3517 2201 3728 2260 istius-

2074 2294 2227 2350 modi
2259 2281 2522 2350 tlosculi‘s
2555 2309 2625 2348 ex
2655 2294 2963 2364 Saussayo,
2996 2291 3227 2348 Valesio
3258 2295 3318 2348 et
3351 2291 3727 2348 Florentinio

2073 2381 2358 2450 collectis,
2377 2396 2545 2437 suum
2569 2380 2710 2437 illud
2729 2384 3082 2452 praetensum
3099 2378 3418 2435 Germania:
3434 2379 3728 2448 Martyro-

2074 2470 2289 2540 logium
2311 2469 2544 2538 egregie
2557 2469 2885 2539 exornavit,
2901 2472 2962 2524 et
2983 2482 3055 2524 ne
3079 2465 3323 2538 palmam
3337 2466 3426 2524 eis
3448 2466 3724 2538 cederet,

2073 2557 2439 2629 ineptissimo
2462 2562 2789 2613 commento
2812 2555 3214 2627 locupletavit.
3231 2557 3547 2626 Postquam
3561 2555 3726 2612 enim

2073 2644 2461 2714 Rosweydum
2482 2643 2758 2700 Thrasoni
2782 2642 3029 2700 similem
3053 2657 3125 2699 ex
3155 2643 3387 2700 Valesio
3421 2643 3724 2716 depinxit,

2074 2733 2172 2804 qui
2202 2747 2406 2804 nempe
2440 2731 2951 2803 sesquipedalibus
2978 2731 3176 2788 verbis
3197 2730 3539 2788 Pontificem
3571 2731 3728 2788 allo-

2073 2824 2248 2878 cutus
2262 2820 2359 2890 sit,
2380 2819 2627 2890 puerilia
2645 2820 2758 2876 alia
2784 2819 3136 2889 admiscens,
3153 2817 3386 2875 tandem
3409 2821 3468 2874 et
3484 2818 3621 2890 ipse
3637 2833 3734 2875 ca-

2074 2913 2174 2981 pto
2197 2924 2229 2965 e
2252 2923 2389 2980 pera
2403 2907 2624 2980 lapillo,
2651 2907 2980 2965 Goliathum
3005 2921 3067 2964 se
3083 2910 3518 2979 prostraturum
3533 2907 3731 2964 desti-

1996 3032 2045 3094 Ο
2074 3003 2208 3054 nato
2237 2997 2358 3054 ictu
2386 2996 2705 3053 existimat.
2732 2995 2879 3094 nudi
2905 3009 3082 3094 porro
3107 3009 3278 3094 quam
3308 2993 3461 3052 belle
3471 2999 3730 3094 argute-

2077 3087 2174 3140 tur
2203 3099 2332 3156 pag.
2351 3089 2446 3142 22:
2475 3084 2884 3142 «Recentioris
2901 3083 3078 3139 etiam
3091 3083 3199 3140 aevi
3215 3082 3734 3156 Martyrologium-

2077 3173 2565 3244 Rosweydianum
2577 3177 2852 3243 arguunt,
2871 3187 2999 3244 qua:
3013 3188 3066 3228 IV
3079 3173 3270 3228 Nonas
3283 3171 3419 3228 Julii
3435 3171 3734 3242 leguntur

2075 3261 2296 3318 Eodem
2307 3261 2718 3333 dieAagusta,
2729 3261 2926 3319 sancti
2952 3261 3230 3318 Uldarici
3251 3259 3506 3332 episcopi
3517 3260 3737 3317 etcen-

2061 3349 2346 3422 fessoris:
2374 3351 2472 3422 qui
2503 3365 2643 3406 vero
2666 3349 2884 3407 saeculo
2917 3364 2951 3405 x
2971 3349 3138 3419 vixit,
3173 3352 3230 3405 et
3253 3349 3378 3405 sine
3398 3348 3578 3406 dubio
3601 3363 3733 3405 non

2079 3437 2276 3494 statim
2296 3437 2802 3496 estcanonizatus.
2822 3437 2943 3494 Ado
2967 3451 3106 3494 sane
3129 3451 3203 3493 ex
3225 3437 3334 3494 hoc
3359 3437 3517 3493 fonte
3530 3451 3602 3508 aq
3615 3451 3734 3494 uas

2079 3525 2346 3583 derivare
2377 3541 2488 3584 non
2518 3526 2732 3598 potuit,
2770 3525 2988 3598 quippe
3018 3525 3236 3582 saeculo
3264 3539 3323 3598 ix
3352 3524 3576 3594 vivens,
3601 3525 3732 3582 nisi

2078 3614 2274 3671 dicere
2293 3615 2581 3688 ivelimus,
2614 3630 2645 3671 a
2687 3614 3003 3672 recentiori
3037 3614 3330 3686 scriptore
3363 3613 3560 3669 addita
3592 3611 3736 3672 haec

2080 3702 2280 3773 fuisse,
2297 3707 2474 3775 atque
2498 3703 2577 3760 ita
2599 3705 2868 3760 statuunt
2881 3702 3258 3758 Mosanderet
3279 3699 3664 3772 Rosweydus
3679 3701 3736 3758 in

2077 3791 2419 3862 appendice,
2453 3791 2666 3861 quibus
2689 3795 2963 3862 suspecta
3001 3789 3125 3846 haec
3147 3803 3280 3846 esse
3301 3788 3600 3859 videntur,
3651 3793 3737 3846 at-

2077 3893 2188 3950 que
2219 3894 2250 3936 a
2283 3879 2599 3950 posteriori
2624 3893 2815 3950 manu,
2843 3878 3114 3935 fortassis
3137 3876 3402 3934 monachi
3443 3876 3736 3936 Benedic-

2075 3966 2201 4036 tini,
2254 3967 2309 4022 in
2360 3967 2528 4036 cujus
2575 3965 2758 4023 solius
2812 3965 3012 4023 codice
3053 3969 3192 4022 sunt
3241 3968 3498 4038 reperta,
3548 3969 3616 4022 et
3674 3967 3728 4023 in

2074 4055 2266 4112 tribus
2288 4054 2532 4126 reliquis
2554 4069 2692 4112 mss.
2727 4055 2992 4126 aberant,
3026 4053 3274 4124 adjecta.
3309 4072 3338 4106 »

2144 4147 2265 4200 105.
2291 4146 2551 4214 Ignosce,
2578 4143 2784 4213 lector,
2808 4143 2857 4198 si
2886 4141 3060 4198 bilem
3084 4141 3220 4198 mihi
3245 4145 3476 4198 moveat
3495 4140 3724 4214 inepta,

2071 4229 2228 4288 fatua
2249 4234 2308 4287 et
2333 4230 2794 4288 mendacissimis
2814 4229 3292 4300 gerriscontexta
3317 4227 3724 4299 ratiocinatio,

2071 4321 2137 4375 ut
2165 4315 2338 4376 ovum
2388 4334 2518 4390 ovo,
2559 4321 2640 4376 ita
2682 4319 3061 4388 Saussayanaa
3103 4315 3440 4389 persimilis,
3487 4321 3548 4374 et
3595 4317 3725 4390 pari

2071 4421 2315 4478 prorsus
2338 4407 2712 4464 fundamento
2736 4406 3014 4472 subnixa;
3039 4419 3168 4462 nam
3193 4403 3610 4477 patentissime
3625 4404 3729 4462 fal-

2072 4509 2200 4553 sum
2231 4499 2344 4565 est,
2375 4495 2557 4552 citata
2609 4495 2704 4552 hic
2751 4510 2781 4550 a
2823 4493 3032 4551 Beckio
3081 4492 3152 4550 de
3203 4495 3408 4549 sancto
3439 4491 3726 4550 Udalrico

2072 4587 2415 4656 Augustano
2428 4585 2692 4655 verba,in
2707 4587 2834 4640 toto
2848 4583 3106 4638 Romano
3131 4581 3726 4652 veteriRosweydino

2071 4687 2316 4743 usquam
2357 4671 2627 4742 reperiri,
2671 4671 2881 4727 nedum
2926 4685 2982 4726 ιν
3021 4670 3212 4726 Nonas
3250 4666 3409 4738 Julii,
3447 4671 3512 4723 ut
3547 4667 3726 4725 homo

2070 4760 2182 4818 iste
2205 4760 2496 4832 intrepide
2519 4758 2704 4830 fingit,
2723 4759 2820 4830 qui
2843 4759 2994 4815 forte
3015 4757 3194 4814 citata
3219 4757 3395 4813 verba
3421 4755 3477 4810 in
3504 4769 3726 4828 appen-

2069 4849 2197 4906 dice
2222 4849 2516 4906 Adoniana
2534 4847 2846 4918 Rosweydi
2868 4846 3192 4918 reperiens,
3221 4843 3402 4902 multa
3426 4858 3727 4901 commen-

2069 4937 2197 4994 titia
2223 4937 2643 5008 superstruxit,
2679 4950 2808 5006 qua
2840 4934 3147 4992 manifeste
3170 4931 3514 5002 ostendunt,
3543 4945 3723 4989 ruere

2070 5025 2358 5082 hominem
2407 5025 2840 5082 Andabatarum
2901 5037 3084 5094 more,
3143 5036 3250 5078 nec
3307 5025 3724 5090 argumentum

2069 5127 2318 5170 noscens
2350 5112 2422 5170 de
2455 5128 2569 5184 quo
2600 5113 2972 5170 tractandum
3011 5114 3160 5180 erat,
3193 5124 3296 5166 nec
3328 5109 3534 5179 libros,
3569 5121 3725 5179 quos

2070 5216 2237 5258 manu
2255 5202 2548 5258 versabat.
2567 5201 2935 5258 Mosandrum
2957 5194 3511 5270 Rosweydojungit,
3549 5195 3722 5267 quasi

2067 5295 2126 5348 et
2143 5290 2238 5347 ille
2249 5292 2568 5347 Romanum
2585 5303 2824 5361 parvum
2838 5287 3110 5358 ediderit,
3130 5301 3258 5358 quze
3281 5285 3468 5344 altera
3485 5283 3724 5342 falsitas

2067 5384 2178 5436 est.
2211 5379 2424 5449 Tertio,
2455 5377 2742 5435 Mosandri
2773 5376 3154 5450 appendicem
3185 5373 3466 5447 appellat,
3511 5371 3608 5444 qui
3645 5371 3725 5429 de

2067 5467 2366 5528 condenda
2399 5466 2720 5541 appendicc
2758 5480 2830 5524 ne
2853 5465 3164 5522 somniavit
3195 5461 3448 5534 quidem,
3485 5461 3543 5518 in
3583 5459 3724 5532 ipso
