3974 6150
320 251 425 308 818

1281 241 1652 302 USUARDUS
1687 239 2070 301 MONACHUS
2105 240 2751 301 SANGEBMANENSIS.

3608 248 3710 306 816

387 378 509 432 110.
534 373 650 430 Nec
678 368 948 444 pluribus
977 382 1128 442 Opus
1157 372 1340 440 esset,
1366 373 1430 425 ut
1459 371 1586 426 tota
1617 369 1741 426 hac
1769 367 1955 441 prima
1985 369 2042 430 A
2069 367 2378 440 diaconus,
2410 367 2690 426 auctioris
2724 366 2892 424 Beda.I
2913 366 3310 440 Martyrologii
3338 367 3703 442 compilator.

318 459 660 520 Florentinii
693 463 1122 530 argumentatio
1150 457 1322 530 plane
1349 461 1750 516 enervaretur.
1777 459 1959 515 Lubet

317 557 513 608 tamen
547 549 600 606 in
634 548 1002 605 curiosorum
1038 547 1310 616 gratiam,
1348 545 1599 602 ulterius
1639 546 1958 616 inquirere,

320 640 476 698 sitne
505 653 649 695 usus
681 637 737 692 in
771 635 1032 692 Ecclesia
1064 635 1248 704 magis
1279 635 1552 705 recentis,
1586 649 1768 691 annos
1796 650 1828 691 a
1855 637 1961 690 Ka-

320 726 518 786 lendis
549 724 828 793 Januarii,
865 737 1034 794 quam
1065 737 1095 778 a
1127 721 1326 792 natali,
1357 727 1456 778 aut
1498 737 1528 778 a
1575 721 1770 792 vigilia
1819 723 1962 778 nati'

319 814 540 885 vitatis,
575 817 674 870 aut
706 811 940 869 aliunde
971 810 1231 868 exordiri
1266 829 1278 865 :
1316 825 1444 880 quae
1495 823 1590 866 res
1635 811 1788 882 apud
1833 825 1960 867 eru-

317 903 475 960 ditos
504 901 692 958 adhuc
724 900 872 957 satis
903 900 1128 956 incerta
1163 903 1223 955 et
1252 898 1522 968 ambigua
1554 904 1667 954 est.
1712 901 1956 956 Percur-

319 1005 517 1048 ramus
547 989 823 1060 antiquos
873 987 1136 1044 Rituales
1184 987 1366 1043 libros
1412 991 1473 1042 et
1523 987 1950 1058 Martyrologia.

317 1081 554 1136 Certum
594 1081 706 1146 est,
742 1075 939 1132 Allatii
990 1080 1049 1131 et
1101 1073 1411 1132 Frontonis
1458 1073 1798 1131 Kalendaria
1848 1090 1954 1146 pro

313 1166 574 1238 antiquis
598 1163 820 1235 haberi,
847 1163 1066 1220 similia
1089 1177 1221 1219 esse
1257 1177 1363 1218 nec
1385 1167 1561 1219 {etate
1583 1162 1826 1220 multum
1849 1163 1954 1218 dif-

315 1255 490 1313 ferre.
545 1253 918 1324 Allatianum,
971 1251 1352 1322 quadriennio
1402 1255 1535 1308 ante
1581 1253 1949 1323 Frontonem,

315 1357 522 1414 nempe
547 1357 696 1399 anno
721 1345 860 1398 1648
877 1340 1043 1411 operi
1065 1340 1137 1396 de
1153 1339 1544 1396 Consensione
1559 1339 1952 1396 Occidentalis

313 1435 373 1487 et
397 1430 716 1487 Orientalis
737 1428 1152 1500 Ecclesiae,sub
1175 1428 1343 1484 finem
1365 1428 1646 1484 insertum
1668 1431 1781 1484 est.
1811 1428 1953 1484 Con-

314 1520 400 1576 fer
426 1523 773 1589 utrumque;
798 1517 998 1574 statim
1024 1517 1454 1573 animadvertes
1486 1514 1837 1572 Allatianum
1870 1515 1953 1570 in-

311 1607 509 1678 cipere
529 1622 562 1663 a
587 1605 884 1662 Dominica
910 1605 1092 1676 prima
1118 1605 1439 1672 Adventus,
1457 1604 1700 1673 diesque
1723 1607 1947 1674 notare,

2072 458 2234 515 Adde
2275 458 2364 514 his
2395 459 2714 528 Rabanum,
2748 459 2806 512 et
2839 455 3028 526 ipsum
3060 456 3260 514 Adone
3300 459 3706 532 vetustiorem,

2070 546 2218 602 adde
2249 545 2563 602 Notkerum
2596 545 2648 600 ei
2683 545 2865 600 ferme
2897 543 3200 616 aequalem,
3228 545 3576 617 patebitque
3597 547 3712 604 evi-

2069 636 2297 705 denter,
2333 635 2485 704 quod
2519 647 2694 705 supra
2735 633 3018 703 dicebam,
3057 633 3292 692 modum
3325 634 3503 692 istum
3533 649 3712 694 annos

2067 723 2394 795 inchoandi,
2414 737 2516 796 per
2538 723 2592 778 id
2617 727 2848 793 tempus
2872 721 3040 778 valde
3063 722 3441 780 arbitrarium
3464 723 3523 780 in
3546 723 3713 784 libris

2065 811 2500 881 ecclesiasticis,
2525 810 2626 868 sed
2650 809 2941 882 praecipue
2963 809 3019 865 in
3051 811 3478 882 Martyrologiis
3511 811 3709 870 fuisse.

2065 899 2350 971 Quinimo,
2385 914 2415 955 a
2458 898 2657 968 majori
2699 897 3133 969 antiquiorique
3187 899 3712 972 Martyrologorum

2063 992 2396 1046 nostrorum
2419 1001 2660 1044 numero
2692 985 2769 1041 ita
2795 985 3097 1042 stabilitur
3117 987 3358 1042 Romani
3389 985 3561 1060 parvi
3583 1003 3714 1048 auc-

2060 1077 2292 1146 toritas,
2307 1079 2372 1132 ut
2397 1074 2589 1146 potius
2607 1077 3024 1159 consequatur,
3039 1073 3236 1130 seculo
3258 1073 3383 1146 ipso
3395 1080 3612 1133 octavo
3635 1076 3716 1134 in.

2061 1164 2457 1220 choandorum
2480 1175 2758 1218 annorum
2781 1161 3063 1218 rationem
3086 1175 3116 1217 a
3148 1161 3424 1220 Kalendis
3443 1163 3711 1223 Januarii

2060 1252 2526 1324 cmpisse,‘quam
2549 1264 2622 1306 ex
2643 1249 2982 1306 Florentinii
3004 1248 3364 1319 eonjecturis
3383 1251 3509 1308 ullo
3542 1256 3716 1324 pacto

2063 1339 2374 1396 verisimile
2397 1339 2492 1410 sit,
2509 1337 2852 1395 recentioris
2875 1352 3014 1394 usus
3034 1351 3163 1395 esse
3186 1337 3268 1396 sic
3283 1339 3717 1397 annosexordi-

2061 1427 2130 1484 ri.
2148 1429 2280 1484 Haec
2299 1426 2586 1484 concludo
2608 1425 3049 1498 prmfatiuncula
3062 1425 3382 1498 Bollandi,r
3394 1425 3492 1484 die
3503 1428 3732 1486 Janus--

2062 1516 2155 1586 rii,
2181 1516 2260 1572 ita
2291 1529 2438 1587 opus
2469 1529 2634 1571 suum
2665 1513 3021 1586 auspicantia
3051 1533 3064 1570 :
3092 1533 3121 1567 α
3142 1514 3445 1587 Praecipua
3479 1530 3718 1589 semper

2061 1603 2344 1674 religione
2367 1603 2682 1660 celebratae
2704 1617 2734 1658 a
2759 1603 3102 1660 Christianis
3123 1603 3396 1661 Kalendas
3415 1605 3718 1664 Januaria

312 1700 576 1751 veterum
616 1695 1008 1750 Romanorum
1041 1696 1100 1748 et
1141 1690 1685 1762 Martyrologiorum
1725 1695 1954 1748 nostro-
1979 1712 2034 1773 Β
2063 1697 2218 1762 sunt,
2257 1695 2495 1764 propter
2521 1691 2798 1748 Dominici
2838 1691 3050 1748 natalis
3088 1695 3372 1763 octavam,
3409 1707 3718 1751 sacrosan-

314 1797 441 1840 rum
466 1797 645 1853 more,
673 1797 778 1854 per
807 1781 1111 1850 Kalendas,
1136 1781 1328 1835 Nonas
1358 1785 1417 1836 et
1441 1780 1592 1836 ldus.
1621 1781 1834 1836 Contra
1857 1795 1952 1836 ve-

313 1885 381 1926 ro
405 1870 713 1927 Frontonis
735 1869 920 1925 editio
943 1868 1172 1924 initium
1196 1867 1332 1922 facit
1355 1867 1493 1923 adie
1507 1866 1944 1937 nataliDomini,

316 1957 520 2028 sicque
543 1957 1017 2027 more,hodierno
1039 1970 1144 2026 per
1165 1953 1462 2010 ordinales
1477 1969 1750 2010 numeros
1763 1955 1949 2011 totius

311 2045 447 2100 anni
471 2045 598 2102 dies
623 2045 908 2102 decurrit.
936 2045 997 2098 In
1020 2043 1500 2100 Sacramentariis
1531 2057 1562 2098 a
1593 2043 1864 2098 Menardo
1889 2047 1949 2098 et

307 2133 611 2190 Thomasio
633 2133 811 2189 editis
833 2133 1062 2189 initium
1086 2131 1337 2188 sumitur
1360 2130 1608 2200 aVigilia
1624 2131 1949 2187 nativitatis

306 2221 552 2291 Domini,
577 2236 653 2276 ex
676 2221 868 2276 tribus
889 2236 1028 2277 vero
1045 2219 1378 2289 Gallicanis,
1395 2219 1468 2274 ab
1487 2218 1691 2274 eodem
1713 2218 1950 2274 Thoma-

306 2308 414 2379 sio,
443 2314 503 2364 et
518 2303 664 2380 'post
685 2322 715 2364 a
740 2307 1046 2364 Mabillone
1068 2307 1347 2376 vulgatis,
1365 2306 1585 2362 nullum
1610 2311 1722 2376 est,
1742 2306 1813 2362 de
1833 2321 1948 2375 quo

301 2393 569 2463 judicare
610 2395 822 2466 possis,
849 2393 1149 2450 consimile
1193 2394 1364 2450 alteri
1415 2393 1692 2449 habuisse
1735 2392 1949 2462 princi-

308 2482 484 2553 pium.
505 2483 623 2538 Nec
643 2480 973 2538 dissimulat
997 2480 1228 2537 Mabillo
1261 2480 1331 2536 de
1365 2480 1621 2549 Liturgia
1655 2479 1946 2536 Gallicana

309 2583 438 2642 pag.
472 2574 562 2641 98,
596 2584 750 2626 num.
784 2574 854 2635 3;
889 2583 1017 2640 pag.
1055 2573 1176 2638 176,
1206 2583 1364 2638 num,
1391 2574 1441 2638 5,
1467 2571 1526 2622 et
1557 2567 1716 2638 alibi,
1739 2568 1950 2625 dubias

307 2661 366 2712 et
399 2657 656 2714 incertas
687 2672 822 2714 csse
853 2657 924 2712 de
953 2657 1116 2712 hisce
1150 2657 1328 2712 rebus
1359 2655 1751 2725 conjecturas.

379 2751 502 2802 111.
537 2747 740 2802 Parem
774 2749 914 2816 puto
949 2745 1148 2814 fuisse,
1183 2745 1287 2800 hoc
1318 2751 1408 2799 cst
1439 2759 1551 2799 non
1603 2743 1944 2813 stabilitam,

307 2832 411 2890 sed
432 2833 803 2890 arbitrariam
828 2832 1835 2903 Martyrologioruminchoandorum
1861 2846 1950 2887 ra-

304 2920 542 2993 tionem,
579 2923 650 2978 de
693 2937 803 2992 qua
844 2919 984 2978 nihil
1025 2921 1170 2979 satis
1193 2925 1554 2991 compertum
1597 2920 1690 2977 sit.
1723 2923 1846 2976 Jam
1875 2921 1948 2976 de

2061 1786 2173 1839 etas
2202 1779 2660 1837 circumcisionis
2687 1778 2899 1836 Christi
2929 1779 3284 1850 memoriam,
3314 1785 3374 1836 et
3407 1781 3718 1852 augustis-

2058 1869 2267 1926 simum
2297 1883 2500 1926 nomen
2530 1869 2686 1936 Jesu,
2714 1867 2768 1922 in
2799 1881 2915 1937 quo
2943 1866 3214 1924 nimirum
3239 1871 3479 1940 oportet
3511 1883 3722 1928 omnes

2058 1957 2317 2013 homines
2345 1955 2537 2013 salvos
2562 1955 2710 2011 fieri.
2735 1953 2940 2012 Merito
2953 1955 3134 2025 igitur
3145 1957 3718 2028 veteresRomanos,

2059 2045 2114 2100 in
2147 2043 2500 2115 auspicando
2531 2044 2603 2099 ab
2629 2042 2736 2100 hoc
2774 2043 2866 2098 die
2905 2057 3076 2114 anno,
3109 2043 3275 2114 sequi
3306 2044 3571 2102 Ecclesia
3604 2059 3723 2102 ma-

2058 2132 2188 2203 luit,
2213 2147 2382 2202 quam
2406 2135 2651 2188 caeteras
2671 2135 2898 2202 gentes,
2925 2145 3054 2202 quae
3077 2130 3233 2188 aliud
3258 2132 3578 2204 quodpiam
3604 2137 3724 2190 sta-

2055 2224 2290 2277 tuerent
2323 2219 2648 2289 exordium,
2680 2223 2744 2274 ut
2777 2219 2900 2290 ipse
2924 2218 3049 2276 dies
3071 2233 3299 2276 sacrum
3322 2225 3546 2278 nostra
3566 2235 3724 2294 sym-

2061 2307 2253 2366 bolum
2271 2306 2476 2364 salutis
2492 2307 2794 2378 praeferret
2809 2307 2873 2362 ἲ»
2889 2305 3001 2363 Sed
3027 2307 3098 2364 de
3110 2306 3200 2364 his
3214 2307 3343 2380 plus
3357 2323 3533 2380 quam
3545 2311 3720 2368 satis.

2131 2399 2252 2452 113.
2278 2395 2595 2462 Pergamus
2614 2408 2746 2450 cum
2770 2392 3125 2451 Florentinio
3144 2395 3565 2467 compendiose
3585 2411 3728 2454 eva-

2057 2483 2182 2554 gari
2203 2502 2215 2536 :
2235 2483 2337 2536 «In
2363 2481 2484 2552 ipsa
2510 2484 2704 2537 autem
2728 2481 3114 2538 Kalendarum
3131 2482 3245 2550 die,
3263 2482 3474 2555 inquit,
3493 2490 3725 2556 praeter

2055 2575 2319 2626 octavam
2353 2568 2566 2625 natalis
2597 2573 2655 2624 et
2685 2569 3206 2640 circumcisionem,
3233 2585 3342 2626 non
3366 2570 3515 2628 alios
3537 2587 3723 2644 quam

2060 2662 2184 2714 tres
2211 2664 2499 2728 martyres
2526 2657 2784 2722 exhibet,
2807 2657 3154 2728 unicumque
3175 2658 3604 2732 confessorem,
3635 2675 3729 2718 re-

2059 2745 2215 2802 lictis
2236 2746 2387 2816 apud
2411 2745 2690 2816 Adonem,
2711 2745 2953 2814 triginta
2976 2750 3294 2816 martyrum
3317 2747 3725 2806 Romanorum

2055 2848 2289 2905 corona,
2321 2834 2694 2904 Euphrosyna
2734 2832 2958 2902 virgine
2999 2848 3063 2890 ac
3095 2834 3370 2903 Eugendo
3403 2835 3655 2893 abbate.
3693 2855 3722 2890 ι

2057 2922 2158 2977 Hic
2182 2922 2504 2977 basreamus
2527 2921 2836 2992 tantisper,
2854 2935 3295 2992 quaeramusque
3316 2935 3389 2978 ex
3420 2921 3725 2980 Florenti-

303 3009 754 3082 Hieronymiano
784 3010 1200 3081 Epternacensi
1238 3013 1296 3066 et
1330 3010 1481 3066 Beda
1513 3009 1746 3066 locutus
1774 3024 1898 3066 sum
1932 3028 1944 3063 :
1977 3052 2027 3117 Ο
2057 3010 2152 3066 nio
2167 3014 2401 3066 rectene
2417 3008 3163 3081 Martyrologiicompilator
3178 3015 3526 3081 praetensam
3543 3027 3722 3069 suam

310 3097 441 3117 ,με
475 3099 562 3117 με-
802 3098 1156 3117 nudanda-
1728 3100 1773 3117 -.
1814 3099 1920 3117 ιη--
2529 3097 2766 3117 dum
2825 3097 2910 3117 ---ι
2957 3096 3358 3117 ...ιηλμεηφΔ
3671 3104 3686 3117 .

307 3097 444 3154 addi
475 3099 567 3155 his
596 3099 770 3154 debet
802 3098 1184 3153 Blumianum.
1211 3100 1464 3153 Luccnsc
1496 3102 1687 3153 autem
1721 3100 1779 3151 et
1813 3099 1945 3152 Cor-

306 3183 542 3241 beiense
571 3200 685 3240 non
714 3200 742 3240 a
777 3184 970 3254 vigilia
1004 3185 1346 3254 nativitatis,
1374 3189 1435 3240 ut
1461 3185 1582 3239 Ado
1611 3184 1939 3256 Roswcydi,

303 3275 408 3332 sed
448 3287 578 3329 cum
620 3272 1011 3328 Frontoniano
1050 3271 1415 3341 Kalendario,
1451 3273 1523 3327 ab
1563 3287 1662 3327 vm
1701 3271 1820 3327 Kal.
1853 3275 1944 3327 Ja-

301 3359 512 3431 nuarii,
554 3375 658 3416 seu
709 3360 782 3415 ab
835 3360 959 3430 ipso
1004 3359 1181 3415 natali
1231 3359 1453 3414 Domini
1497 3374 1705 3414 annum
1753 3360 1942 3430 auspi-

301 3451 534 3504 cantur.
577 3449 760 3502 Porro
799 3446 1066 3516 Aloysius
1103 3450 1162 3502 et
1211 3446 1513 3502 Mosander
1552 3447 1632 3502 sic
1681 3447 1938 3503 Adonem

301 3535 633 3604 ediderant,
669 3538 730 3590 ut
762 3549 790 3588 a
825 3532 1096 3590 Kalendis
1123 3533 1380 3591 Januarii
1416 3534 1758 3605 principium
1794 3536 1940 3591 face-

303 3626 454 3679 rent.
473 3623 983 3694 Rosweydusvero
1006 3623 1086 3680 sic
1109 3623 1312 3680 ultimo
1335 3623 1796 3694 praefatiuncula:
1818 3639 1938 3680 suae

302 3711 673 3784 paragrapho
697 3711 956 3783 loquitur
981 3732 992 3767 :
1023 3712 1236 3778 «Quod
1268 3713 1324 3767 in
1353 3711 1761 3783 Martyrologio
1789 3713 1938 3768 Ado-

298 3800 388 3858 nis
409 3800 637 3857 initium
659 3803 942 3872 sumatur,
961 3816 1071 3858 non
1095 3817 1124 3856 a
1147 3800 1418 3857 Kalendis
1437 3800 1786 3871 Januarii,ut
1807 3801 1938 3857 hac-

293 3892 468 3946 tenus
488 3889 732 3960 editum,
756 3891 857 3946 sed
883 3903 913 3946 a
935 3889 1130 3960 vigilia
1164 3889 1488 3945 nativitatis
1519 3888 1761 3959 Domini,
1789 3888 1934 3945 scias

2060 3099 2372 3169 epitomen,
2405 3097 2496 3153 vel
2527 3097 2792 3165 indicem,
2825 3097 2916 3152 vel
2957 3096 3364 3154 Kalendarium
3395 3103 3718 3173 contexat,

2054 3187 2188 3241 dum
2239 3189 2360 3241 tres
2413 3186 2642 3240 omnino
2698 3185 3170 3241 annuntiationes
3229 3185 3383 3257 apud
3437 3187 3720 3244 Adonem

2053 3271 2302 3328 intactas
2324 3271 2635 3341 relinquit?
2655 3272 2773 3340 Ego
2795 3270 2971 3326 talem
3001 3271 3266 3342 indicem,
3296 3271 3385 3328 vel
3417 3273 3724 3332 Kalenda-

2051 3359 2220 3430 rium,
2247 3359 2335 3415 vol
2360 3375 2432 3414 ex
2455 3360 2563 3414 hoc
2595 3359 2717 3414 solo
2739 3359 2952 3430 capite,
2982 3364 3042 3416 ut
3077 3359 3314 3416 inﬁdum
3345 3365 3402 3415 et
3433 3363 3723 3432 spurium

2050 3447 2372 3517 rejicercm.
2409 3447 2746 3512 Qumramus
2795 3447 2986 3504 denuo
3031 3463 3099 3503 an
3152 3449 3275 3519 ipse
3323 3448 3722 3508 collationem

2049 3551 2210 3593 suam
2233 3536 2378 3592 satis
2409 3539 2736 3606 opportune
2769 3535 2901 3590 inde
2935 3535 3192 3606 incipiat,
3220 3537 3316 3592 ubi
3347 3541 3514 3594 tanta
3549 3539 3722 3596 inter

2049 3625 2304 3681 Adonem
2327 3627 2384 3680 et
2408 3626 2720 3679 Romanum
2747 3639 2985 3694 parvum
3013 3623 3407 3696 discrepantia
3430 3633 3526 3681 est
3543 3627 3573 3682 ?
3601 3630 3724 3685 Cur

2047 3714 2116 3770 ad
2141 3713 2457 3770 secundum
2479 3712 2734 3768 Januarii
2761 3713 2910 3766 diem
2947 3727 3288 3783 progressus
3316 3728 3427 3769 non
3461 3717 3606 3771 est?
3631 3716 3719 3773 Ibi

2047 3806 2209 3859 certe
2237 3801 2405 3870 longe
2437 3800 2709 3870 majorem
2733 3800 3050 3856 invenisset
3079 3802 3580 3860 conformitatem.
3609 3807 3720 3862 Ve-

2050 3906 2174 3946 rum
2199 3905 2270 3946 ne
2290 3891 2470 3946 nimis
2493 3889 2708 3946 twdeat
2725 3889 3086 3959 (Florentinii
3110 3891 3288 3947 verba
3312 3892 3474 3963 sunt)
3498 3895 3719 3953 omnia

2040 3979 2370 4051 sigillatim
2395 3977 2487 4034 hic
2518 3977 2900 4049 perpendere,
2937 3979 3118 4035 verbo
3148 3979 3320 4036 unico
3350 3993 3474 4036 rem
3509 3981 3721 4040 absol-

2041 4083 2200 4133 vam;
2233 4067 2355 4124 sive
2385 4060 2702 4123 Romanum
2734 4080 2974 4138 parvum
2995 4082 3126 4124 cum
3151 4067 3722 4130 annuntiationibus

2042 4150 2712 4224 Adonianis'conveniat,
2739 4153 2860 4210 sive
2883 4154 2938 4210 in
2962 4169 3204 4212 numero
3226 4155 3552 4228 discrepet,
3580 4159 3718 4216 sive

287 4242 487 4296 tanter
517 4240 598 4295 ita
629 4239 983 4296 exhibebant
1021 4239 1128 4296 tria
1159 4255 1294 4298 mss.
1319 4239 1692 4312 exemplaria,
1720 4240 1934 4312 quibus
2041 4242 2292 4311 deficiat,
2338 4241 2460 4298 sive
2499 4241 2806 4312 exuberet,
2848 4241 2988 4296 nihil
3033 4241 3167 4299 inde
3223 4246 3427 4300 contra
3489 4244 3717 4303 Roma-

286 4341 430 4390 usus
455 4343 601 4386 sum.
629 4347 658 4382 ››
684 4331 767 4384 An
799 4328 949 4384 forte
982 4333 1120 4385 tunc
1153 4329 1452 4386 immemor
1472 4333 1598 4385 erat
1621 4329 1711 4386 vir
1733 4344 1931 4386 accur-
2041 4345 2175 4387 num
2220 4344 2458 4401 parvum
2501 4329 2827 4400 coniicitur,
2860 4345 2990 4387 cum
3021 4329 3313 4388 adductus
3340 4346 3370 4388 a
3403 4330 3711 4390 Florenti-

286 4417 636 4488 ratissimus,
678 4418 994 4474 Romanum
1045 4432 1212 4474 suum
1254 4420 1443 4487 vetus,
1498 4417 1695 4474 Adone
1745 4404 2010 4475 multoD
2040 4419 2136 4476 nio
2205 4417 2592 4475 Kalendarum
2659 4422 2858 4475 textus
2922 4418 3077 4491 apud
3149 4433 3350 4476 omnes
3414 4420 3716 4480 cordatos

285 4505 604 4579 antiquius,
649 4521 680 4562 a
721 4505 991 4563 Kalendis
1024 4505 1282 4562 Januarii
1323 4505 1617 4562 exordiri?
1647 4505 1700 4561 Si
1736 4507 1924 4562 omnia
2041 4507 2288 4580 probare
2355 4505 2586 4577 debeat,
2654 4506 2911 4564 Adonem
2986 4508 3370 4578 posteriorem
3419 4521 3452 4563 a
3507 4510 3712 4581 priori

285 4595 504 4654 Adonis
551 4595 943 4667 manuscripta
989 4593 1343 4667 exemplaria
1395 4594 1548 4651 inter
1593 4608 1655 4651 se
1702 4596 1926 4652 confer-
2034 4594 2331 4668 accepisse
2373 4594 2656 4666 quidquid
2695 4594 2752 4652 in
2791 4609 2861 4652 eo
2899 4595 3332 4667 continebatur,
3367 4594 3707 4671 addidisse,

283 4689 508 4757 rentur,
537 4683 703 4757 plura
724 4683 902 4741 credo
923 4688 1226 4756 repertum
1257 4682 1349 4753 iri,
1385 4698 1513 4755 quas
1543 4683 1600 4740 in
1629 4683 1734 4740 hac
1757 4687 1924 4755 parte
2035 4699 2164 4756 quae
2195 4685 2331 4741 alibi
2371 4688 2694 4757 repererat,
2727 4689 2825 4741 aut
2872 4685 3171 4758 Lugduno,
3205 4684 3305 4742 ubi
3344 4685 3710 4758 Martyrolo-

284 4776 542 4834 Romano
572 4787 752 4846 parvo
781 4777 976 4830 essent
1005 4772 1343 4830 conformia.
2034 4773 2190 4843 gium
2221 4773 2540 4843 scribebat,
2573 4772 2850 4829 viciniora
2883 4777 3072 4830 erant.

353 4869 476 4922 112.
510 4862 638 4920 Fuit
661 4860 1116 4918 Wandalbertus
1138 4859 1353 4917 Adonis
1373 4859 1635 4930 aequalis,
1661 4857 1774 4914 imo
1797 4857 1922 4929 ipso
2104 4865 2226 4918 111.
2260 4861 2582 4918 Meminisse
2621 4864 2850 4933 poterat
2883 4861 3256 4933 debebatque
3294 4861 3386 4918 vir
3417 4860 3710 4921 doctissi-

281 4951 475 5008 senior
495 4955 557 5008 et
581 4955 716 5008 ante
741 4950 926 5022 ipsum
952 4947 1400 5020 Martyrologus,
1423 4950 1631 5018 utpote
1653 4945 1752 5017 qui
1773 4960 1922 5004 anno
2033 4964 2162 5007 mus
2182 4947 2355 5021 paulo
2377 4954 2512 5006 ante
2534 4964 2564 5006 a
2588 4963 2649 5006 se
2662 4949 2882 5006 dictum
2905 4964 3016 5007 non
3042 4950 3120 5006 ita
3146 4949 3406 5008 Adonem
3428 4950 3715 5011 Romani

279 5041 386 5094 842
405 5038 705 5112 scripserit
725 5056 740 5107 ;
765 5037 888 5110 ipse
902 5036 1275 5093 nihilominus
1289 5034 1369 5094 sic
1382 5035 1665 5106 praefatur
1689 5052 1702 5088 :
1729 5037 1773 5092 Α
1795 5036 1922 5093 Ka-
2020 5038 2204 5114 parvi
2215 5037 2489 5110 vestigiis
2501 5052 2562 5095 se
2575 5038 3014 5096 accommodare
3030 5038 3387 5110 coluisse,ut
3400 5051 3476 5095 ne
3499 5038 3714 5099 mm

282 5122 473 5182 lendis
497 5127 1039 5197 Januariis,mque
1067 5125 1149 5183 ad
1163 5125 1352 5197 ﬁnem
1379 5125 1549 5195 anni,
1559 5137 1674 5196 per
1689 5123 1924 5181 dierum
2027 5126 2547 5199 quidemuunguem
2567 5131 2943 5196 trangressus
2958 5126 3332 5194 sit.Quinimo
3347 5129 3706 5198 transgredi

276 5211 652 5281 singulorum
707 5215 1076 5274 occim'entec
1124 5212 1497 5286 festivitates
1563 5212 1920 5284 (Martyrolo—
2029 5215 2259 5272 omnino
2289 5215 2512 5286 debuit,
2539 5215 2674 5273 dum
2698 5215 2931 5272 aliunde
2953 5215 3213 5274 subsidia
3238 5215 3502 5287 adfuere,
3529 5217 3708 5288 quod

278 5296 463 5369 gium)
489 5303 675 5359 metro
704 5304 902 5375 edidi;
929 5304 1082 5361 idem
1115 5299 1403 5358 factitavit
1438 5301 1505 5373 is,
1529 5303 1703 5373 cujus
1731 5315 1835 5373 ope
1863 5301 1925 5358 et
2029 5302 2302 5360 Kalendis
2321 5304 2578 5361 Januarii
2601 5303 2771 5376 plane
2793 5303 3086 5361 ostendit:
3114 5303 3418 5376 alibi,dum
3441 5309 3705 5363 sanctos

276 5383 1306 5466 subsidioWandalbertuspmcipue
1323 5404 1470 5450 usus
1490 5389 1850 5462 est,sanctus
1863 5391 1925 5448 et
2028 5391 2172 5450 alios
2202 5407 2315 5450 non
2347 5392 2588 5466 reperit,
2620 5396 2688 5449 ut
2718 5392 2970 5451 secunda
3001 5391 3096 5450 die
3143 5390 3402 5452 Januarii
3429 5395 3489 5448 et
3524 5405 3706 5466 sape

2027 5479 2190 5555 alias,
2223 5479 2416 5542 nullos
2443 5481 2749 5542 exornavit
2783 5485 3044 5554 sanctos,
3073 5483 3292 5555 praeter
3317 5493 3424 5542 eos
3449 5491 3606 5552 quos
3638 5481 3704 5538 ei

291 3975 403 4035 hoc
425 3991 500 4033 ex
519 3980 789 4033 Romana:
813 3976 1086 4034 Ecclesia:
1109 3978 1227 4034 ritu
1253 3978 1624 4047 factum,quae
1647 3977 1779 4032 anni
1800 3992 1934 4048 epo-

288 4063 455 4119 cham
484 4065 620 4121 olim
643 4063 846 4120 habuit
869 4064 1244 4120 Nativitatem
1269 4064 1502 4133 Christi,
1527 4069 1584 4120 et
1609 4079 1640 4119 a
1664 4064 1932 4136 Vesperis

290 4149 504 4220 vigiliae
527 4151 712 4224 ipsius
731 4151 1066 4208 Nativitatis
1088 4165 1298 4210 annum
1321 4151 1932 4223 auspicabatur.Cons-

277 5474 798 5543 nom'naﬂmmm
813 5478 1050 5556 FW,
1062 5481 1478 5556 madentem
1493 5479 1779 5543 Ecclesia
1786 5477 1920 5541 sub-

3411 5791 3438 5806 ι-
3455 5795 3460 5799 -
3495 5787 3528 5802 ι’
3539 5772 3648 5804 ⁸⁴δ³κο
