3974 6150
194 258 297 319 817

1614 252 2156 315 PROLEGOMENA.

3481 266 3596 326 818

191 383 515 439 Romanum
549 394 789 454 parvum
818 384 1211 453 suggesserat.
1237 380 1402 450 Quod
1423 381 1471 440 si
1491 387 1697 440 contra
1729 383 1841 441 fac-
1867 386 1924 445 A
1952 383 2090 441 item
2124 399 2251 457 pag.
2279 387 2349 442 54
2362 387 2420 441 et
2448 387 2537 441 tot
2559 381 2708 454 aliis,
2736 399 2880 456 quas
2909 383 3207 456 sigillatim
3238 400 3583 447 enumerare

191 480 314 539 tum
355 476 538 539 esset,
593 477 754 542 puta,
797 472 843 528 si
888 473 1204 529 Romanum
1238 486 1477 543 parvum
1518 487 1592 528 ex
1640 473 1837 530 Adone

194 561 545 633 accepisset,
573 575 857 631 quamam,
882 563 1145 632 obsecro,
1167 561 1498 631 cogitabilis
1516 577 1688 619 causa
1713 562 1838 619 dari

196 653 539 722 posset,cur
562 648 801 705 indiculi
818 652 1043 719 auctor,
1066 653 1282 705 exocto
1304 648 1841 708 Adonianisannun—

199 736 570 805 tiationibus,
596 735 749 792 solas
769 736 1025 807 quinque
1047 735 1369 807 selegisset,
1388 737 1458 794 iis
1470 739 1686 794 sanctis
1698 753 1841 809 prae-

199 825 508 895 termissis,
535 824 633 895 qui
664 830 833 891 erant
853 826 1182 882 notissimi?
1210 827 1451 896 Rursus,
1485 841 1615 897 quae
1643 842 1838 898 causa,

193 928 299 970 cur
313 912 608 984 velipsam
625 913 868 984 primam
882 912 1382 985 celebrioremque
1398 914 1613 971 Adonis
1625 931 1734 971 ann
1744 931 1842 973 un-

195 1002 507 1057 tiationem
583 999 967 1072 immutasset,
1020 1002 1287 1058 addendo
1336 1004 1397 1059 et
1446 1004 1841 1076 circumcisio,

197 1103 326 1160 qua
373 1088 555 1145 verba
604 1103 636 1145 a
666 1089 978 1146 Viennensi
1026 1090 1289 1146 aberant.
1342 1090 1580 1148 Dicetne
1614 1092 1843 1149 Floren-

197 1174 383 1232 tinius
427 1174 613 1246 ipsam
662 1174 1124 1233 circumcisionis
1156 1178 1651 1236 nomenclaturam
1697 1195 1846 1240 usus

196 1263 377 1319 etiam
410 1276 535 1320 esse
559 1264 944 1321 recentioris?
975 1264 1077 1320 sed
1105 1278 1241 1321 vere
1272 1266 1514 1324 inutiles
1543 1282 1842 1327 sermones

196 1350 501 1421 caedimus,
534 1349 706 1407 nimis
734 1350 893 1407 clare
923 1365 1053 1409 sese
1090 1348 1391 1424 explicuit.
1426 1355 1549 1411 Ado
1581 1357 1727 1427 ipse,
1762 1358 1844 1413 ni-

203 1439 313 1495 mis
347 1437 631 1495 distincte
653 1443 710 1494 et
743 1442 945 1510 aperte
978 1440 1281 1497 ductorem
1311 1447 1371 1497 et
1400 1445 1842 1515 antesignanum

202 1541 374 1583 suum
406 1526 904 1598 praemonstravit,
938 1532 1001 1584 ut
1032 1529 1283 1586 articulo
1314 1531 1582 1601 sequenti
1623 1532 1845 1604 liquido

198 1613 694 1671 manifestabitur.

1948 488 2442 545 supervacaneum
2481 476 2589 529 est.
2640 472 2784 528 Aliis
2825 473 3002 529 armis
3040 489 3206 546 opus,
3240 480 3301 531 ut
3343 477 3583 534 Romani

1952 561 2115 634 parvi
2148 561 2469 632 antiquitas
2496 560 2884 617 concutiatur.

2021 654 2142 706 117.
2174 652 2295 705 Jam
2345 664 2506 718 vero,
2541 649 2694 719 quod
2742 648 3133 720 Martyrologii
3185 650 3354 708 istius
3382 658 3585 711 auctor

1948 737 2423 795 constantissime
2436 738 2699 793 Romano
2707 737 2989 809 pontiﬁci
3010 737 3229 793 tribuat
3245 739 3585 810 appellatio-

1950 839 2079 881 nem
2096 839 2294 897 papae,
2316 825 2422 881 hoc
2453 824 2661 895 ipsum,
2696 824 2850 880 inter
2881 824 3014 896 alia,
3046 830 3388 895 argumento
3418 829 3585 885 nobis

1951 927 2078 970 esse
2107 914 2303 985 debet,
2331 912 2671 985 praedictum
2697 912 3166 983 Martyrologium
3188 915 3384 971 Romae
3405 915 3585 987 scrip-

1951 1005 2094 1071 tum,
2120 1003 2313 1057 Romm
2346 1001 2624 1057 usitatum
2652 1000 2927 1071 fuisse,et
2948 1000 3363 1058 verosimiliter
3394 1018 3586 1073 perse-

1950 1102 2205 1160 verasse,
2232 1088 2555 1159 usquedum
2580 1088 2963 1145 Usuardinum
2988 1089 3203 1160 Romae,
3220 1089 3307 1145 uti
3331 1090 3386 1146 in
3409 1091 3587 1147 omni-

1953 1176 2061 1233 bus
2099 1175 2228 1232 aliis
2268 1175 2742 1232 Occidentalibus
2788 1173 3078 1246 Ecclesiis,
3114 1176 3426 1234 admissum
3473 1182 3584 1236 est.

1952 1264 2050 1319 Vis
2078 1267 2137 1319 et
2170 1265 2349 1320 robur
2386 1268 2610 1321 asserto
2650 1267 2850 1319 nostro
2881 1263 3218 1334 adjungitur
3249 1280 3323 1320 ex
3353 1270 3589 1323 vetusto

1954 1352 2298 1408 Kalendario
2343 1354 2616 1423 Romano,
2651 1357 2770 1408 tum
2821 1357 2883 1407 ut
2915 1352 2987 1407 ab
3036 1351 3272 1422 Allatio,
3306 1358 3428 1410 tum
3462 1358 3526 1411 ut
3554 1368 3586 1411 a

1955 1441 2240 1496 Frontone
2271 1440 2491 1496 editum
2522 1445 2633 1510 est,
2666 1454 2795 1495 nam
2825 1439 2903 1494 ibi
2932 1454 3136 1495 nomen
3156 1455 3336 1513 papae
3375 1442 3588 1513 sapius

1955 1528 2226 1599 recurrit,
2262 1528 2411 1584 unde
2453 1527 2824 1584 nihilominus
2864 1528 2992 1598 quis
3033 1528 3279 1598 pessime
3311 1533 3584 1599 argueret
3634 1594 3637 1595 ν

1957 1616 2169 1673 saeculo
2189 1620 2395 1673 octavo
2416 1631 2542 1672 esse
2569 1616 2880 1687 posterius,
2898 1616 3129 1687 turpius
3149 1631 3289 1673 vero
3313 1618 3383 1674 ad
3408 1619 3589 1676 unde-

268 1707 398 1758 115.
427 1702 715 1759 Craterum
738 1709 1076 1773 argumenta
1101 1704 1442 1762 Florentinii
1466 1707 1692 1778 singula
1713 1724 1842 1781 per-
1872 1720 1923 1780 Β
1954 1705 2164 1761 cimum
2190 1705 2460 1775 ablegare
2481 1704 2882 1761 contenderet.
2900 1704 3063 1771 Quod
3088 1708 3281 1762 autem
3304 1706 3589 1764 Florenti-

201 1790 516 1861 currenda,
559 1790 806 1861 singulis
845 1806 948 1848 sua
989 1795 1323 1865 reponenda
1356 1794 1572 1852 solutio
1607 1816 1619 1851 ε
1653 1799 1841 1855 omnia

198 1879 622 1950 expendamus.
668 1880 761 1935 Sic
811 1882 1125 1951 procedit:
1171 1883 1500 1940 «Conferat
1543 1886 1598 1941 in
1639 1888 1844 1943 eodem

198 1967 389 2037 primo
417 1980 617 2022 mense
648 1967 916 2024 curiosus
959 1967 1145 2025 lector
1194 1970 1346 2026 diem
1386 1987 1505 2042 xm,
1542 1988 1711 2044 quam
1746 1976 1846 2032 Co-

197 2066 339 2107 rona
371 2057 434 2109 et
476 2051 810 2110 nominibus
849 2054 1233 2124 quadraginta
1282 2058 1531 2114 militum
1581 2060 1845 2130 mutilat;

195 2153 310 2208 nx,
338 2139 441 2196 ubi
465 2140 813 2197 Pontianum
836 2142 907 2197 ad
934 2143 1154 2199 bestias
1178 2144 1511 2203 damnatum
1542 2162 1614 2203 ex
1646 2148 1847 2206 multis

195 2226 449 2298 colligit.
487 2248 515 2280 ››
545 2228 699 2284 Nihil
744 2229 839 2285 hic
874 2231 1007 2287 novi
1040 2231 1355 2289 adducitur
1404 2235 1555 2305 quod
1589 2235 1643 2291 in
1678 2252 1848 2309 supe-

196 2316 341 2371 riori
390 2316 842 2373 ratiocinatione
874 2318 1190 2376 adductum
1221 2325 1279 2376 et
1311 2321 1570 2379 solutum
1604 2339 1716 2381 non
1747 2327 1846 2396 sit,

197 2403 481 2476 Sequitur
504 2403 647 2462 falsa
669 2404 1031 2477 Florentinii,
1049 2408 1150 2464 sed
1176 2414 1460 2480 perpetua
1483 2411 1609 2481 ejus
1632 2428 1852 2484 suppo-

195 2490 357 2561 sitio,
384 2507 456 2548 ex
493 2491 777 2563 Saussayo
808 2492 1036 2564 hausta,
1072 2497 1227 2566 qu'od
1259 2498 1575 2555 Romanum
1608 2516 1849 2571 parvum

196 2578 421 2637 seculo
449 2594 507 2635 χι
536 2595 651 2636 non
682 2580 756 2637 sit
789 2582 1102 2652 antiquius.
1133 2585 1386 2642 Adverte
1418 2586 1511 2643 hic
1534 2602 1643 2658 qua
1674 2589 1731 2645 id
1764 2606 1852 2646 ra-

198 2668 360 2724 tione
391 2666 739 2724 conﬁrmare
770 2674 1034 2726 conetur.
1062 2672 1153 2727 Sic
1176 2672 1301 2727 inﬁt
1329 2693 1340 2728 :
1371 2694 1399 2725 «
1422 2674 1530 2731 Sed
1555 2678 1850 2748 prmcipue

198 2770 271 2811 xx
304 2754 463 2811 diem
497 2756 840 2825 (Januarii)
866 2757 1135 2813 advertat
1156 2764 1214 2813 et
1240 2767 1518 2829 agnoscet
1541 2765 1851 2821 Fabianum

200 2844 274 2899 ab
309 2843 516 2899 Adone
548 2845 740 2900 Roma;
764 2846 1095 2917 episcopum
1117 2847 1249 2917 dici,
1275 2863 1304 2903 a
1332 2850 1667 2908 Drcviatore
1690 2868 1847 2925 vero,

198 2931 526 2988 recentiori
578 2947 735 2988 more
770 2947 1000 3004 papam
1047 2935 1359 3006 appellari;
1404 2952 1572 3007 quem
1616 2941 1851 2997 titulum

1954 1792 2085 1850 nius
2114 1793 2421 1851 cordatum
2454 1793 2723 1850 lectorem
2750 1792 2945 1847 mittat
2976 1792 3045 1847 ad
3080 1808 3169 1863 xx,
3205 1808 3318 1864 χχι,
3352 1809 3487 1852 χχιι
3528 1800 3585 1852 et

1954 1896 2064 1937 xxx
2090 1882 2365 1952 Januarii,
2398 1885 2523 1937 tum
2556 1881 2625 1936 ad
2659 1896 2714 1936 χι
2744 1880 2952 1949 Martii,
2985 1880 3057 1935 ad
3087 1880 3208 1936 Kal.
3244 1882 3480 1953 Aprilis,
3515 1883 3586 1940 ad

1955 1983 2032 2024 vn
2062 1969 2438 2039 Septembris,
2473 1968 2544 2025 ad
2584 1968 2707 2023 Kal.
2751 1968 3112 2039 Novembris,
3144 1968 3216 2024 ad
3255 1985 3307 2038 x,
3342 1985 3492 2041 xxvr,
3525 1974 3585 2027 et

1956 2072 2129 2114 xxvm
2160 2056 2417 2126 ejusdem
2450 2056 2691 2120 mensis;
2724 2054 2974 2125 denique
3004 2055 3076 2111 ad
3108 2070 3244 2111 xvm
3273 2059 3329 2111 et
3360 2071 3455 2115 xxx
3483 2058 3589 2113 De-

1956 2145 2225 2216 cembris,
2261 2149 2325 2200 ut
2354 2160 2424 2200 ex
2467 2143 2582 2199 illis
2622 2148 2846 2213 arguat,
2889 2144 3089 2200 omnia
3113 2158 3340 2214 prmum
3373 2145 3592 2217 putum

1957 2233 2215 2290 Adonem
2232 2245 2467 2304 sapere:
2488 2245 2595 2301 ego
2618 2230 2895 2287 lectorem
2917 2230 3182 2286 eumdem
3207 2230 3591 2288 libentissime

1960 2320 2242 2377 arbitrum
2276 2319 2448 2389 eligo,
2475 2334 2545 2374 an
2576 2334 2649 2374 ex
2677 2318 2876 2375 citatis
2906 2317 3051 2387 istis,
3078 2317 3192 2373 imo
3224 2332 3297 2374 ex
3324 2318 3594 2376 omnibus

1962 2408 2082 2464 fere
2113 2408 2294 2464 totius
2316 2408 2448 2462 anni
2480 2406 2704 2476 diebus,
2732 2407 2962 2462 omnino
2982 2406 3340 2464 contrarium
3362 2421 3472 2464 non
3499 2421 3593 2478 pa-

1960 2498 2103 2564 teat,
2131 2509 2334 2565 nempe
2358 2493 2632 2564 Adonem,
2662 2508 2870 2564 purum
2896 2498 3098 2564 putum
3122 2494 3441 2551 Romanum
3467 2508 3594 2565 par-

1962 2598 2093 2640 vum
2128 2598 2332 2654 sapere
2363 2583 2695 2652 ubicunque
2735 2585 2967 2639 sanctos
2996 2581 3156 2651 alios,
3189 2581 3422 2638 aliunde
3462 2597 3596 2639 con-

1964 2671 2209 2740 quisitos
2229 2671 2280 2725 ei
2305 2685 2414 2725 non
2439 2669 2863 2740 superinducit,
2889 2672 2949 2724 ut
2976 2668 3219 2738 proinde
3242 2668 3383 2724 nihil
3408 2669 3598 2725 minus

1962 2757 2277 2814 verisimile
2307 2758 2379 2813 sit
2425 2772 2594 2827 quam
2634 2772 2708 2811 ex
2744 2756 3081 2811 Florentinii
3125 2756 3301 2812 dictis
3328 2757 3599 2814 constare

1960 2847 2126 2903 vetus
2157 2848 2505 2914 Romanum,
2538 2846 2663 2900 sive
2682 2858 2815 2900 cum
2833 2844 3126 2899 Bollando
3154 2845 3355 2901 minus
3386 2845 3598 2900 Roma-

1961 2949 2123 3004 num,
2146 2949 2220 2990 ea:
2238 2934 2438 2991 Adone
2455 2933 2824 2989 contractum
2840 2932 3046 3001 potius
3067 2944 3280 3000 esse...,
3302 2944 3487 3001 quam
3504 2931 3599 2988 uti

196 3034 326 3075 cum
363 3019 587 3089 ubique
609 3025 665 3076 et
689 3022 1163 3077 constantissime
1188 3025 1438 3080 Romano
1470 3028 1727 3096 pontiﬁci
1754 3029 1854 3083 tri-
1885 3049 1932 3110 α
1957 3024 2385 3095 perantiquth
2413 3022 2605 3110 Adoni
2629 3022 2838 3110 facem
2855 3020 3231 3110 pratulisse;
3261 3033 3389 3074 nam
3422 3018 3596 3091 plane

199 3107 365 3178 buat,
400 3112 463 3161 et
505 3107 801 3163 rarissime
849 3109 1003 3180 apud
1054 3111 1308 3165 Adonem
1358 3112 1707 3183 inveniatur,
1743 3131 1854 3172 non

197 3195 453 3252 obscure
489 3195 722 3251 videtur
751 3211 1018 3267 arguere,
1046 3198 1375 3255 Kalcndarii
1401 3206 1697 3258 auctorem
1724 3208 1858 3274 post

197 3283 551 3353 Gregorium
605 3283 697 3338 Vll
748 3284 1061 3355 advixisse,
1097 3288 1251 3356 quod
1294 3303 1442 3344 anno
1474 3290 1687 3346 Christi
1721 3298 1858 3348 1073

199 3373 469 3441 pontifex
502 3370 600 3427 ille
632 3373 927 3444 statuerit,
962 3389 1164 3429 nomen
1184 3390 1381 3447 papae,
1415 3377 1545 3433 aliis
1577 3378 1859 3436 hactenus

196 3459 502 3531 episcopis
525 3463 583 3514 et
612 3460 962 3518 clarioribus
985 3464 1348 3534 presbyteris
1377 3481 1699 3537 commune,
1729 3484 1861 3539 pro-

199 3545 391 3615 prium
468 3543 749 3617 deinceps
811 3552 871 3602 et
926 3547 1222 3617 singulare
1278 3552 1516 3609 Romani
1568 3555 1860 3626 pontiﬁcis

196 3637 653 3704 cognomentum
686 3648 813 3690 esse
843 3635 1077 3693 debere.
1112 3657 1141 3689 »

268 3726 396 3777 116.
433 3723 570 3777 Haec
612 3722 862 3793 est'illa,
900 3738 1068 3795 quam
1117 3741 1226 3782 non
1261 3729 1439 3784 semel
1483 3730 1667 3800 digito
1708 3747 1863 3788 mon-

199 3809 409 3878 stravi,
452 3808 794 3865 Florentinii
840 3811 1200 3883 hypothesis,
1234 3829 1344 3883 qua
1396 3818 1709 3874 Romanum
1766 3834 1862 3875 no-

197 3901 392 3954 strum
419 3912 663 3969 parvum
693 3900 765 3955 ad
791 3899 1073 3958 saeculum
1094 3916 1148 3957 x1
1171 3916 1491 3960 excurrens
1514 3907 1858 3976 retrahitur,

210 3984 637 4057 plausibiliori,
657 3990 715 4043 ut
740 4002 942 4044 verum
967 3990 1171 4060 fatear,
1191 4005 1359 4061 quam
1384 3995 1670 4065 superius,
1688 3996 1865 4053 ratio-

201 4088 315 4141 ne;
350 4074 459 4132 sed
492 4078 695 4141 tamen
719 4074 898 4147 nulla,
922 4092 1053 4133 cum
1082 4092 1155 4134 ex
1193 4078 1405 4137 scholae
1439 4080 1673 4151 placitis
1698 4099 1865 4154 argu-

200 4167 469 4218 mentum
504 4161 643 4217 nihil
673 4164 903 4235 probet,
936 4165 1072 4221 dum
1099 4167 1306 4237 probat
1328 4169 1607 4242 'nimium,
1642 4187 1864 4244 suoque

197 4249 310 4305 sibi
343 4248 549 4320 gladio
578 4249 975 4309 adversarium
1005 4253 1193 4325 ipsum
1210 4254 1460 4326 jugulat.
1489 4257 1545 4314 Si
1573 4275 1709 4317 vere
1735 4263 1865 4318 sub-

197 4338 363 4394 sistit
380 4337 725 4394 Florentinii
750 4341 1266 4414 ratiocinium,jam
1290 4346 1494 4402 eodem
1518 4354 1862 4418 argumento

197 4425 543 4496 conﬁcitur,
587 4427 1097 4500 Hieronymianum
1146 4432 1423 4502 Lucenso,
1461 4434 1573 4490 imo
1620 4441 1677 4491 et
1730 4439 1863 4493 Cor-

203 4512 450 4570 beiense
481 4513 552 4569 ad
578 4514 853 4573 saeculum
885 4533 940 4574 xi
967 4533 1096 4575 esse
1128 4520 1624 4591 revocanda,cum
1648 4524 1756 4596 ipsi
1781 4525 1864 4580 illi

199 4600 449 4658 codices
473 4616 491 4657 ι
511 4601 648 4659 Julii
674 4605 817 4661 (ἶλαι
849 4606 1043 4662 ωιΡεῖ
1074 4622 1113 4663 ιι
1132 4606 1290 4678 Julii,
1318 4610 1622 4667 Mchmnaa
1651 4614 1748 4669 Pr.
1773 4614 1866 4671 vel

200 4689 509 4747 MILTIADIS
553 4707 729 4765 ram,
760 4698 820 4749 et
861 4710 893 4749 x
936 4695 1297 4767 Septembris
1324 4698 1539 4755 11mm
1579 4716 1750 4772 raris,
1786 4703 1869 4759 di-

196 4778 596 4836 stinctissimc
617 4782 983 4854 annuntient,
1009 4787 1066 4839 et
1093 4785 1243 4841 forte
1268 4785 1406 4843 alibi
1439 4788 1641 4844 eadem
1672 4790 1868 4861 appel-

198 4865 350 4924 latio
385 4873 675 4939 recurrat,
707 4870 859 4940 quod
894 4870 1145 4929 ulterius
1176 4875 1429 4931 scrutari
1451 4890 1598 4947 opus
1623 4892 1731 4933 non
1755 4884 1863 4935 est.

197 4952 359 5021 Quid
400 4955 603 5026 plura?
625 4957 776 5014 Beda
810 4959 935 5031 ipse
964 4960 1193 5017 nomine
1210 4977 1389 5035 papa
1415 4965 1626 5035 passim
1660 4966 1867 5037 utitur,

196 5047 257 5098 et
288 5057 507 5100 omnes
530 5044 725 5102 saeculi
751 5048 884 5103 noni
912 5048 1285 5121 Martyrologi
1310 5067 1454 5123 quos
1476 5052 1579 5109 tali
1602 5068 1674 5109 ex
1698 5069 1870 5111 causa

198 5128 417 5203 inepte
447 5133 579 5202 quis
616 5133 865 5192 ridicule
915 5137 987 5193 ad
1041 5138 1406 5196 undecimum
1453 5141 1730 5198 saeculum
1777 5157 1874 5198 ex-

195 5232 462 5277 currens
491 5221 803 5281 amandare
834 5231 1235 5297 praesumeret.
1270 5227 1432 5296 Quod
1461 5244 1603 5287 vero
1635 5232 1715 5287 ait
1747 5231 1871 5288 Flo-

198 5309 524 5381 rentinius,
547 5313 865 5371 rarissime
891 5316 1055 5387 apud
1082 5317 1343 5375 Adonem
1368 5319 1634 5378 inveniri
1662 5335 1868 5378 nomen

190 5410 405 5470 papa,
440 5398 648 5458 mirum
679 5403 967 5475 profecto,
999 5408 1058 5461 et
1100 5404 1269 5477 plane
1318 5407 1545 5479 falsum,
1580 5423 1708 5465 nam
1748 5409 1871 5468 sola

198 5497 346 5575 pag.
384 5487 453 5544 47
487 5487 575 5549 bis
604 5490 1160 5567 recurrit,proxima
1191 5491 1324 5552 inde
1356 5509 1487 5568 pag.
1521 5500 1591 5556 52
1617 5496 1870 5563 iterum;

1890 4393 1943 4453 D

1964 3111 2315 3182 oppositum,
2350 3109 2624 3165 refutatis
2649 3108 2764 3177 jam
2798 3107 3262 3163 adversariorum
3294 3121 3599 3176 argumen-

1964 3200 2061 3269 tis,
2096 3214 2168 3254 cx
2198 3199 2459 3269 professo
2491 3197 2893 3251 demonstrare
2923 3194 3316 3264 aggredimur.

2039 3291 2157 3343 118.
2176 3287 2427 3343 Verbum
2452 3300 2626 3341 unum
2648 3299 2777 3340 cum
2801 3283 3154 3338 Florentinio
3177 3287 3469 3354 superest,
3488 3299 3601 3354 quo

1965 3376 2179 3431 cursim
2229 3374 2531 3431 ostendam
2578 3373 2767 3429 virum
2814 3370 3218 3441 clarissimum,
3256 3371 3431 3427 nimio
3483 3370 3604 3429 lau-

1970 3462 2141 3518 dandi
2170 3461 2606 3531 exornandique
2628 3459 3055 3530 Hieronymiani
3087 3459 3175 3515 sui
3207 3458 3599 3530 Martyrologii

1969 3555 2114 3607 aestu
2148 3551 2474 3620 abreptum,
2502 3547 2641 3604 illud
2668 3547 2853 3618 ipsum
2878 3548 2933 3601 in
2955 3547 3194 3602 Romani
3225 3548 3388 3617 parvi
3413 3546 3602 3604 locum

1971 3638 2272 3694 intrudere
2319 3637 2597 3707 voluisse,
2639 3636 2809 3706 eique
2857 3636 3230 3691 characteres
3280 3639 3483 3706 aptare
3531 3636 3604 3692 ab

1972 3726 2169 3782 Adone
2192 3725 2467 3796 signatos,
2495 3738 2719 3793 nempe,
2750 3722 3085 3780 venerabile
3104 3723 3165 3779 et
3166 3723 3602 3794 perantiqumn

1971 3814 2044 3872 ab
2073 3814 2217 3870 urbe
2238 3816 2425 3870 Roma
2455 3812 2814 3883 Aquileiam,
2839 3812 3080 3868 cuidam
3106 3811 3310 3868 sancto
3339 3811 3603 3882 episcopo

1971 3903 2302 3974 apontiﬂce
2323 3903 2583 3958 Romano
2604 3900 2913 3956 directum.
2942 3918 2971 3951 «
2992 3900 3075 3959 [ta
3100 3898 3372 3970 suadent,
3389 3898 3597 3969 inquit,

1973 3991 2105 4047 hinc
2137 3989 2318 4046 nostri
2344 3987 2574 4044 codices
2600 3986 2658 4043 in
2690 3987 2921 4058 quibus,
2955 3989 3017 4043 D.
3050 3988 3396 4057 Hieronymo
3427 3986 3603 4045 ascri-

1976 4084 2157 4152 ptum,
2189 4081 2247 4133 et
2280 4092 2310 4133 a
2342 4076 2510 4133 nobis
2539 4075 2861 4132 exhibitum
2894 4074 3385 4147 Martyrologium,
3418 4074 3605 4132 Adoni

1974 4182 2214 4240 prorsus
2257 4164 2534 4235 sociatur,
2585 4164 2738 4235 quod
2786 4164 3009 4234 antiqui
3061 4165 3455 4235 characteres,
3508 4163 3606 4234 qui

1976 4255 2390 4327 Gregorianum
2439 4252 2669 4310 omnino
2714 4252 3134 4323 demonstrant,
3169 4253 3268 4309 vix
3298 4252 3604 4309 dubitandi

1977 4344 2163 4401 locum
2179 4343 2514 4413 relinquunt
2531 4341 2665 4411 quin
2683 4340 2825 4398 illud
2850 4341 3035 4413 ipsum
3061 4341 3133 4397 sit
3158 4339 3311 4412 apud
3325 4341 3605 4412 Adonem,

1973 4431 2305 4491 venerabile
2336 4434 2393 4487 et
2425 4430 2851 4503 perantiquum,
2884 4450 2913 4482 »
2946 4433 3059 4486 etc.
3087 4428 3387 4486 Credimus
3407 4443 3479 4485 an
3512 4428 3610 4500 qui

1974 4523 2201 4578 amant?
2223 4521 2483 4593 profecto
2505 4518 2551 4575 si
2575 4519 2837 4575 codicum
2861 4518 3103 4575 sociatio
3124 4516 3343 4588 aliquid
3376 4519 3607 4590 probat,

1972 4614 2061 4668 tot
2089 4610 2338 4668 sociatos
2368 4622 2643 4681 reperere
2684 4608 2932 4677 majores
2962 4605 3165 4677 nostri,
3192 4609 3277 4661 tot
3311 4605 3368 4662 in
3399 4620 3616 4663 musaeo

1976 4704 2178 4758 nostro
2197 4698 2427 4757 collecti
2450 4702 2508 4753 et
2522 4697 2728 4754 sociati
2742 4700 2897 4766 sunt,
2918 4699 2976 4753 ut
2992 4710 3064 4751 ex
3078 4694 3149 4752 iis
3173 4694 3405 4766 probari
3434 4693 3616 4766 possit

1980 4790 2297 4861 quidlibet;
2320 4792 2459 4860 puta
2484 4791 2541 4843 et
2575 4787 2901 4843 Usuardum
2932 4799 3006 4841 ex
3033 4785 3287 4854 Rabano,
3313 4788 3372 4840 et
3403 4782 3613 4839 Bedam

1979 4893 2051 4936 ex
2074 4878 2213 4934 solis
2232 4875 2692 4946 Hieronymianis
2710 4872 3209 4945 conﬁatum,quod
3224 4871 3364 4928 nihil
3386 4875 3474 4928 est
3497 4871 3616 4928 ine-

1980 4966 2154 5038 ptius.
2183 4965 2237 5020 Si
2269 4964 2562 5021 tantillum
2594 4978 2787 5036 operae
2819 4962 3109 5036 posuisset
3140 4960 3532 5019 Florentinius
3558 4959 3615 5015 in

1979 5053 2345 5111 conferendis
2363 5067 2494 5109 cum
2518 5053 2716 5110 Adone
2750 5051 3209 5124 Hieronymianis
3240 5049 3613 5122 apographis,

1982 5142 2108 5198 luce
2131 5140 2444 5197 meridiana
2467 5140 2685 5198 clarius
2706 5140 3315 5214 deprehendisset,vix
3338 5138 3617 5211 majorem

1980 5229 2163 5286 Adoni
2193 5244 2321 5287 cum
2358 5230 2837 5303 Hieronymianis,
2872 5246 3042 5302 quam
3081 5244 3213 5287 cum
3253 5227 3620 5290 Kalendariis

1982 5318 2268 5391 Bucberii,
2294 5319 2753 5391 Carthaginensi,
2780 5318 2977 5375 Allatii
3008 5322 3067 5374 et
3101 5318 3410 5375 Frontonis
3440 5314 3621 5376 affini-

1978 5410 2162 5466 tatem
2190 5408 2762 5482 intercedere,atque
2784 5406 2929 5465 adeo
2947 5406 3135 5478 gratis
3152 5405 3387 5465 omnino
3407 5408 3468 5464 et
3490 5418 3618 5478 per-

1983 5511 2181 5570 peram
2214 5498 2349 5569 dici,
2383 5495 2483 5557 illa
2513 5497 2697 5556 Adoni
2729 5496 2910 5562 facem
2942 5496 3223 5569 praferre
3250 5493 3532 5570 potuisse.
3610 5542 3623 5548 -
