3974 6150
352 239 457 307 51's

1303 176 1676 294 MSUARDUS
1711 227 2095 290 MONACHUS
2133 225 2776 283 SANGERMANENSIS.

3641 229 3742 285 uso

420 373 542 428 117.
573 368 707 426 Hac
735 366 808 423 ad
839 361 1193 438 speciosiora
1225 359 1562 417 Florentinii
1584 355 1811 428 objecta
1844 353 1985 413 satis
2017 358 2073 419 Α
2100 349 2280 438 tione,
2340 353 2625 438 perpetuo
2671 345 2956 438 examine,
3008 344 3302 438 animique
3351 342 3738 438 volutatione,

353 459 507 516 dicta
539 456 674 528 sint,
704 455 798 512 cui
839 467 910 510 ne
939 450 1080 508 nihil
1133 464 1373 523 prorsus
1420 446 1619 518 largiri
1669 444 1990 514 videamur,

353 547 461 603 hoc
489 545 543 602 ei
574 559 685 600 non
727 539 1146 608 recusabimus,
1183 553 1296 610 quo
1337 535 1787 594 admonitionem
1832 546 1993 602 suam

355 638 621 707 quartam
657 629 954 688 concludit
995 625 1268 684 videlicet
1298 623 1767 695 Martyrologium
1797 621 1995 676 Hiero-

357 721 705 795 nymianum,
726 737 754 772 ‹‹
777 731 950 798 supra
974 715 1182 786 omnia,
1201 724 1328 786 qua
1351 711 1634 768 hactenus
1653 709 1813 798 edita
1835 711 1990 798 sunt,

356 827 428 866 ex
469 807 590 866 sola
629 807 811 880 ipsius
840 795 1292 862 no'menclatura
1334 799 1712 872 inspectione,
1749 795 1996 854 additio-

360 911 496 955 num
524 900 719 966 atate,
747 899 806 951 et
839 891 1112 965 loquendi
1149 889 1320 962 stylo,
1343 888 1636 947 vetustius
1663 885 1998 943 existiman-

361 986 496 1043 dum
524 999 684 1050 esse;
713 986 941 1039 tantum
986 995 1126 1037 vero
1163 977 1307 1035 illud
1346 993 1377 1034 a
1405 973 1730 1047 Rosweydo
1772 973 1995 1030 editum

356 1072 724 1141 antecedere,
757 1073 1036 1142 quantum
1065 1068 1254 1124 omnia
1289 1066 1343 1122 in
1397 1063 1713 1121 vetustatis
1758 1062 1997 1118 charac-

361 1160 588 1218 teribus
609 1157 996 1229 antecedit,et
1021 1160 1301 1228 quantum
1324 1155 1377 1210 in
1405 1151 1827 1224 simplicissima
1855 1151 1997 1206 Mar-

361 1252 554 1320 tyrum
603 1261 787 1304 messe
832 1244 995 1316 largo
1043 1247 1329 1315 proventu
1376 1255 1551 1313 supra
1598 1239 1740 1296 illud
1789 1239 1998 1296 redun-

361 1336 481 1393 dat.
506 1355 538 1388 »
561 1335 698 1405 Hoc,
724 1334 978 1405 inquam,
994 1330 1350 1388 Florentinio
1370 1330 1491 1386 sive
1513 1327 1859 1398 liberaliter,
1876 1327 1997 1384 sive

365 1426 427 1480 ut
451 1421 901 1492 debitum,ultro
923 1417 1784 1488 tribuimus;Hieronymianum
1799 1419 1995 1486 atate,

363 1513 678 1580 vetustate,
721 1514 778 1565 et
827 1509 1142 1580 Martyrum
1192 1521 1454 1576 numero,
1504 1506 1822 1562 Romanum
1872 1518 2000 1560 nos-

366 1602 520 1655 trum
574 1611 813 1670 parvum
873 1595 1245 1668 pracellerc;
1293 1599 1350 1650 at
1402 1595 1458 1650 in
1513 1592 1757 1649 multum
1813 1591 1999 1648 vicem

364 1686 530 1743 nobis
597 1684 837 1742 concedi
905 1683 1288 1756 postulamus,
1359 1683 1676 1738 Romanum
1739 1695 1998 1750 parvum,
2033 1699 2086 1759 Β

365 1773 576 1845 nitore,
625 1773 848 1844 ordine,
899 1777 1105 1830 exacta
1163 1770 1548 1828 Kalendarum
1607 1768 2002 1838 distinctione,

2105 437 2410 508 utriusque
2465 433 2858 507 Martyrologii
2930 430 3403 492 annuntiationes
3477 432 3746 504 approxi-

2105 542 2284 598 mans,
2319 539 2639 596 severaque
2677 524 2961 582 scrutinio
2991 523 3328 589 conferens;
3359 521 3495 578 inde
3527 520 3744 580 Adonis

2105 616 2288 689 ipsius
2309 615 2530 686 insigne
2553 613 2952 670 testimonium
2975 627 3270 684 experiens
3289 625 3364 668 ex
3385 610 3531 682 ipsis
3553 615 3747 668 autem

2107 707 2190 763 rei
2220 705 2542 764 visceribus
2570 704 2736 776 plura
2770 703 3030 775 quotidie
3072 702 3392 772 offendens,
3429 715 3563 772 qua
3613 714 3748 757 vere

2105 795 2422 852 Romanum
2465 807 2703 865 parvum
2743 791 2944 848 Adone
2983 791 3279 848 vetustius
3315 788 3701 847 ostenderent
3734 808 3747 844 :

2107 882 2376 938 omnibus
2406 885 2677 938 accurate
2708 893 2930 937 mecum
2961 877 3215 948 libratis,
3247 878 3436 935 victas
3467 876 3606 934 dedi
3642 891 3752 934 ma-

2107 985 2216 1026 nus
2244 974 2586 1041 certumque
2617 967 2822 1040 agnovi
2864 965 3175 1024 Castellani
3213 965 3473 1037 effatum,
3510 979 3692 1038 supra
3721 979 3752 1020 a

2107 1071 2262 1114 num.
2287 1062 2374 1116 87.
2401 1055 2670 1128 relatum,
2697 1055 2944 1125 scilicet,
2972 1054 3129 1112 viros
3149 1053 3283 1110 illos
3303 1066 3529 1123 omnes,
3557 1066 3755 1124 quam-

2106 1145 2322 1203 tumvis
2351 1143 2634 1216 eruditos,
2669 1158 2732 1201 re
2778 1157 3144 1215 nequaquam
3192 1141 3341 1199 satis
3363 1145 3597 1198 attente
3631 1155 3756 1212 per-

2109 1246 2308 1305 pensa,
2330 1231 2452 1289 sola
2484 1231 2580 1288 illa
2613 1231 2802 1298 fallaci
2830 1230 3242 1288 conformitate
3272 1232 3481 1300 captos
3511 1232 3572 1284 et
3597 1227 3757 1284 delu-

2108 1335 2224 1389 sos,
2255 1334 2319 1376 se
2345 1323 2546 1376 mutuo
2567 1319 3034 1391 transcripsisse.
3063 1317 3123 1373 ld
3153 1317 3362 1389 quibus
3392 1315 3758 1386 argumentis

2110 1408 2478 1478 confecerim,
2505 1407 2586 1464 sic
2615 1422 2744 1465 cum
2771 1407 2989 1464 lectore
3011 1405 3398 1476 communico,
3423 1407 3489 1462 ut
3514 1407 3760 1476 paratus

2109 1497 2214 1555 sim
2247 1498 2318 1554 ad
2359 1497 2611 1570 priorem
2663 1496 2857 1553 redire
2904 1495 3278 1565 sententiam,
3312 1493 3500 1565 siquis
3551 1491 3759 1564 majori

2112 1586 2400 1642 rationum
2433 1585 2688 1658 pondere
2730 1598 2953 1642 mecum
2991 1586 3202 1640 certet.
3245 1583 3445 1654 Neque
3482 1580 3666 1652 enim,
3698 1587 3762 1638 ut

2115 1673 2424 1730 Frontonis
2462 1673 2640 1730 verba
2692 1676 2972 1744 repetam,
3023 1685 3156 1728 mea
3204 1668 3503 1728 ullatenus
3545 1669 3761 1743 refert,

2113 1761 2616 1834 Martyrologium
2643 1760 2805 1819 illud
2831 1773 2958 1818 esse
2983 1759 3082 1816 cel
3103 1772 3222 1816 non
3249 1771 3374 1816 esse
3403 1759 3761 1828 Bovianum,

365 1864 492 1917 tota
524 1860 774 1931 denique
804 1860 1000 1932 operis
1029 1859 1119 1917 sui
1160 1858 1516 1932 symmetria,
1551 1855 2008 1928 Hieronymianis
2115 1853 2285 1907 vetus
2314 1848 2405 1905 vel
2434 1864 2666 1920 novum,
2697 1847 2882 1904 Adoni
2931 1846 3293 1919 praluxisse,
3325 1845 3420 1903 vel
3449 1860 3564 1902 non
3621 1859 3766 1918 pra.

364 1947 669 2006 codicibus
691 1948 960 2005 omnibus
978 1951 1095 2005 tam
1127 1948 1298 2017 longe
1319 1945 1858 2014 anteferendum,ut
1883 1943 2006 2014 ipsa
2117 1938 2334 1994 luxisse
2366 1938 2518 2008 (cum
2548 1936 2681 1993 hinc
2711 1935 2958 1992 Usuardi
3006 1934 3251 2007 puritas,
3286 1938 3388 1992 aut
3445 1933 3765 2004 integritas

366 2035 438 2092 ad
466 2034 572 2092 hoc
605 2050 676 2092 ne
709 2035 828 2092 ullo
857 2036 1088 2107 quidem
1123 2038 1292 2108 pacto
1318 2032 1705 2105 comparanda
1735 2031 1870 2088 sint.
1896 2030 2006 2088 Sed
2115 2040 2478 2098 nequaquam
2521 2025 2794 2097 pendeat)
2823 2024 2930 2082 sed
2958 2025 3242 2094 tenemur,
3272 2036 3406 2094 qua
3440 2035 3588 2082 cera
3623 2022 3772 2080 sunt

361 2123 478 2192 jam
529 2128 765 2196 tempus
811 2127 922 2194 est,
975 2123 1282 2195 ipsummet
1339 2120 1754 2179 controversia
1806 2121 2003 2190 caput,
2111 2111 2640 2188 proferre,etquod
2667 2127 2973 2184 possumus
2996 2121 3573 2185 pracavere,nequa
3596 2109 3770 2166 nobis

368 2214 540 2268 vetus
584 2210 897 2283 Rosweydi
948 2209 1442 2282 Martyrologium,
1479 2209 1646 2266 nobis
1691 2208 2006 2263 Romanum
2117 2202 2216 2259 diu
2262 2201 2446 2258 illusit
2491 2203 2682 2258 fucata
2725 2201 2912 2270 imago
2943 2199 3090 2256 alios
3119 2199 3176 2256 in
3206 2212 3465 2256 errorem
3500 2197 3768 2255 inducat.

371 2311 634 2369 parvum,
669 2299 903 2370 penitus
933 2297 1400 2370 introspiciendi.
2187 2294 2309 2347 122.
2336 2291 2408 2346 Ut
2438 2288 2510 2346 de
2538 2293 2663 2346 tota
2689 2289 2794 2344 hac
2817 2287 3214 2360 disputatione
3237 2291 3416 2358 recte,
3441 2292 3500 2342 et
3526 2285 3770 2343 seclusa

929 2393 1318 2450 ARTICULUS
1356 2393 1447 2446 In.
2120 2378 2373 2450 partium
2396 2376 2614 2447 studio,
2635 2375 2917 2448 judicium
2949 2376 3190 2446 feratur,
3217 2389 3510 2446 nunquam
3533 2375 3768 2444 abesse,

372 2481 706 2540 Romanum
730 2493 992 2552 parcum
1019 2481 1109 2538 sic
1144 2479 1475 2537 delineavit
1505 2477 1649 2548 Ado,
1683 2479 1761 2535 ut
1779 2491 1855 2534 ea;
1880 2480 2003 2550 ejus

2119 2480 2224 2521 nec
2257 2465 2330 2521 ab
2361 2465 2570 2535 animo,
2609 2478 2712 2520 nec
2744 2465 2817 2520 ab
2845 2463 3031 2520 oculis
3063 2467 3326 2535 possunt,
3359 2478 3448 2536 ea,
3476 2478 3606 2535 qua
3638 2477 3772 2520 san-

427 2549 792 2631 prafatione
813 2559 1159 2616 ostendatur
1178 2558 1548 2630 ipsissimum
1565 2570 1690 2616 esse
1717 2557 1876 2628 quod
1905 2549 2012 2614 suo
2117 2557 2252 2609 ctus
2277 2552 2621 2609 Viennensis
2645 2552 2960 2624 episcopus
2991 2553 3047 2608 in
3081 2566 3186 2608 sua
3211 2551 3551 2624 prafatione
3584 2549 3773 2609 diser-

437 2635 1184 2710 Ma/rtyrologiopmﬁait,
2119 2640 2348 2698 tissime
2401 2641 2762 2712 pronuntiat,
2807 2655 2934 2710 qua
2986 2639 3057 2696 ad
3107 2654 3211 2697 sex
3253 2640 3446 2710 capita
3500 2640 3772 2696 revocari

440 2737 564 2790 120.
605 2733 727 2789 Jam
767 2733 1059 2790 variorum
1099 2733 1392 2804 variisque
1449 2733 1635 2790 modis
1695 2735 2010 2790 Romanum
2122 2729 2338 2784 debere
2368 2729 2660 2784 existimo.
2696 2728 2951 2784 Primum
2983 2731 3095 2798 est,
3130 2727 3388 2784 Adonem
3419 2742 3566 2800 opus
3596 2742 3771 2785 suum

374 2835 614 2893 parvum
666 2821 1126 2893 impugnantium
1178 2821 1554 2893 argumentis,
1589 2836 1661 2878 ex
1699 2821 1904 2878 ordine
1952 2825 2014 2878 et
2120 2816 3774 2889 easecutmnfuisse,..imperioetjussioncsanctorum“-

369 2907 666 2980 sigillatim
701 2909 993 2980 refutatis,
1028 2915 1296 2982 superest
1329 2913 1394 2966 ut
1427 2911 1498 2966 de
1527 2911 1710 2982 ipsius
1738 2912 2014 2981 Martyro—
2119 2920 2340 2974 rarum,
2365 2907 2435 2963 ut
2459 2906 2875 2978 supplerentur
2894 2905 3038 2976 dies,
3053 2905 3162 2976 qui
3184 2903 3408 2976 absque
3425 2904 3774 2964 nominibus

371 2990 508 3067 logii
539 3011 680 3054 vero
701 3012 936 3067 genere,
964 2998 1338 3068 auctoritate,
1365 2996 1535 3069 stylo,
1562 3002 1736 3054 atate
1757 2998 2013 3055 cateris-

2045 3043 2095 3106 C

2119 2995 2458 3066 martyrum
2477 2995 2542 3050 in
2562 2993 3018 3065 Martyrologio,
3040 2993 3202 3064 quod
3217 2991 3579 3052 venerabilis
3599 2993 3775 3051 Ποῖ-ί

369 3098 484 3155 que
527 3085 782 3155 propriis
825 3085 1266 3142 characteribus
1313 3099 1378 3140 ea
1429 3085 1856 3156 depromamus,
1883 3100 2012 3156 qua
2045 3081 2095 3106 υ
2119 3082 2336 3151 studio,
2370 3083 2437 3138 in
2469 3081 2666 3138 labore
2693 3082 2894 3138 domui
2931 3081 3106 3138 Beda
3134 3082 3494 3153 decreverat,
3531 3082 3774 3141 tantum

371 3171 542 3240 longa
583 3171 1030 3240 exercitatione,
1075 3186 1142 3227 ac
1183 3171 1510 3242 multiplici,
1549 3173 1666 3241 jam
1708 3172 1874 3228 annis
1913 3172 2013 3228 ali-

370 3261 532 3328 quot,
555 3257 1095 3328 Martyrologiorum
1117 3258 1390 3328 omnium,
1419 3260 1743 3330 prasertim
1774 3260 2011 3316 Romani

370 3346 556 3417 ipsius
585 3346 747 3416 parvi
770 3351 830 3400 et
853 3345 1092 3416 Adonis,
1120 3347 1271 3403 facta
1300 3345 1369 3402 ad
1400 3347 1645 3403 invicem
1675 3347 2007 3419 collatione,

373 3432 542 3488 nobis
572 3432 809 3488 tandem
853 3438 1290 3504 persuaserunt,
1326 3449 1438 3488 non
1481 3434 1639 3491 aliud
1678 3436 2013 3505 Martyrolo-

369 3519 526 3590 gium
552 3519 608 3576 in
633 3519 850 3576 Adonis
874 3520 1214 3592 prafationc
1243 3521 1534 3592 designari
1559 3522 1817 3594 potuisse
1841 3539 2011 3594 quam

371 3608 719 3680 ipsissimum
769 3608 910 3666 illud
962 3613 1134 3666 vetus
1175 3625 1278 3668 seu
1331 3626 1569 3682 parvum
1620 3613 1936 3667 Romanum
1979 3627 2011 3668 a

367 3697 691 3768 Rosvveydo
723 3697 945 3754 editum
983 3717 995 3752 :
1031 3699 1184 3768 quod
1219 3704 1496 3771 tanquam
1529 3700 1747 3756 textori
1779 3704 2007 3770 catena,

365 3785 441 3843 sit
485 3791 548 3842 ut
586 3787 906 3859 exemplar,
955 3791 1014 3843 ut
1057 3795 1484 3858 argumentum,
1530 3793 1594 3844 ut
1645 3788 2009 3846 substructio

369 3873 552 3932 Adoni
583 3875 852 3947 primum,
885 3891 958 3932 ex
993 3876 1098 3932 hoc
1127 3877 1390 3933 Usuardo
1421 3882 1482 3932 ct
1514 3877 1769 3933 Notkero
1801 3877 2012 3948 pralu-

369 3963 543 4032 xisse,
578 3968 802 4034 aperte,
836 3965 945 4019 nisi
976 3965 1484 4020 vehementissime
1513 3963 1702 4036 fallor,
1739 3979 1828 4020 me
1859 3981 2012 4021 com-

371 4049 589 4120 perisse
609 4051 1028 4106 existimo.Non
1051 4050 1538 4107 dissimulaverim
1565 4057 1778 4122 tamen,
1810 4051 2010 4109 labore

371 4149 596 4207 magno,
620 4137 896 4194 continua
920 4138 1265 4210 attentione,
1291 4143 1350 4195 et
1375 4140 1616 4211 perenni
1641 4140 1839 4197 studio
1861 4156 2010 4212 opus

371 4223 567 4296 fuisse,
600 4230 662 4282 ut
695 4230 1160 4298 praconceptam
1209 4227 1561 4299 opinionem,
1596 4243 1670 4284 ex
1719 4229 2006 4285 Frontone

369 4311 618 4384 Valesio,
652 4313 1031 4386 Florentinio,
1065 4314 1309 4386 aliisque
1363 4316 1524 4388 prius
1556 4317 1844 4388 haustam,
1879 4332 2006 4388 qua

2120 3171 2314 3227 notati
2326 3169 3157 3240 erant.alterum,quasivisse
3173 3169 3452 3241 Adonem,
3470 3170 3773 3228 diesmar-

2123 3259 2323 3330 tyrum
2348 3259 2656 3316 verissime
2682 3258 2932 3328 notatos,
2957 3258 3068 3329 qui
3103 3258 3342 3332 confusi
3371 3259 3440 3314 in
3467 3258 3773 3316 Kalendis

2120 3346 2381 3402 inveniri
2409 3347 2614 3402 solent.
2651 3346 2756 3401 Ubi
2792 3345 2958 3402 facile
2989 3346 3284 3416 observas,
3316 3360 3524 3404 verum
3551 3347 3770 3418 opponi

2121 3432 2382 3504 confuso,
2418 3437 2482 3488 ut
2534 3432 2793 3504 proinde,
2849 3448 2953 3504 pro
2999 3433 3323 3503 verissime,
3375 3433 3599 3504 absque
3650 3433 3772 3490 ullo

2122 3520 2398 3591 scrupulo
2447 3521 2692 3592 supponi
2737 3521 2956 3591 possint
3004 3521 3477 3579 distinctissime.
3510 3522 3768 3579 Tertium

2121 3613 2230 3696 est,
2255 3609 2408 3678 quod
2431 3609 2502 3663 ad
2536 3608 2591 3663 id
2627 3609 3019 3679 prastandum
3043 3609 3295 3696 adjutus
3323 3611 3411 3667 sit
3434 3609 3772 3668 venerabili

2122 3695 2316 3767 aliquo
2347 3697 2407 3752 et
2419 3697 2784 3767 perantiquo
2804 3695 3260 3769 Martyroloyio’.
3287 3698 3596 3768 Quartum,
3614 3697 3766 3770 quod

2122 3783 2308 3856 ipsum
2335 3783 2478 3841 illud
2497 3784 2992 3855 Martyrologium,
3009 3785 3082 3842 ab
3103 3785 3248 3844 urbe
3269 3789 3456 3843 Roma
3480 3786 3555 3844 ab
3585 3787 3771 3859 Aqui-

2124 3873 2304 3930 leiam
2315 3873 2556 3930 cuidam
2567 3873 2770 3930 sancto
2787 3873 3051 3948 episcopo
3063 3889 3101 3931 a
3107 3876 3276 3946 ponti
3267 3877 3386 3947 ﬂce
3399 3876 3671 3933 Romano
3683 3876 3770 3932 di-

2119 3962 2346 4019 rectum
2377 3959 2782 4032 sit.Quintum,
2839 3963 2994 4034 quod
3053 3963 3205 4020 idem
3266 3964 3766 4036 Martyrologium,

2123 4049 2490 4121 postmodum
2520 4063 2559 4106 a
2580 4050 2839 4120 quodam
2856 4051 3139 4122 religioso
3151 4051 3368 4124 fratre
3388 4052 3636 4123 aliquot
3652 4053 3770 4110 die-

2123 4137 2228 4195 bus
2241 4137 2422 4193 Adoni
2433 4139 2876 4209 prastitum,ab
2889 4139 3204 4212 ipso,apud
3215 4139 3769 4213 Ravennamposita

2120 4227 2403 4299 diligenti
2422 4239 2572 4284 cura
2591 4227 3022 4298 transcriptum
3035 4228 3136 4285 sit.
3152 4229 3413 4299 Demum,
3429 4228 3590 4299 quod
3615 4227 3767 4286 istud

2123 4315 2273 4372 idem
2292 4316 2359 4372 in
2367 4315 2562 4388 capite
2571 4315 2661 4372 sui
2674 4316 2868 4388 operis
2877 4317 3561 4389 ponendumputaoerit.
3581 4317 3662 4373 Ex
3676 4315 3766 4372 his

369 4405 460 4458 tot
491 4402 774 4474 speciosis
805 4401 1176 4460 illusionibus
1202 4408 1456 4476 compta,
1485 4404 1650 4462 facile
1679 4420 1708 4462 a
1742 4405 2008 4478 pluribus
2038 4392 2092 4452 D
2122 4403 2304 4476 liquet
2323 4404 2783 4476 evidentissime,
2801 4403 2946 4462 illud
2968 4419 3106 4462 vere
3127 4409 3187 4462 et
3213 4405 3380 4462 unice
3403 4419 3541 4462 esse
3563 4406 3770 4476 Marty-

367 4489 618 4548 cruditis
641 4489 785 4548 viris
812 4505 960 4562 quos
987 4490 1078 4548 hic
1106 4491 1404 4564 appellare
1437 4495 1810 4566 supersedeo,
1847 4494 2010 4552 imbi-

370 4578 489 4636 bita
519 4584 628 4650 est,
654 4583 716 4636 ut
740 4593 885 4649 eam,
912 4579 1165 4652 inquam,
1190 4581 1546 4654 opinionem,
1571 4583 1796 4656 pridem
1820 4584 2009 4640 animo

368 4666 716 4725 insidentem
755 4666 1130 4739 expellerem.
1170 4668 1450 4728 Nimirum
1499 4669 1839 4728 luctandum
1871 4687 2010 4743 quo-

366 4755 530 4828 tidie,
562 4771 694 4814 cum
723 4756 932 4814 diebus
967 4756 1210 4828 singulis
1258 4758 1315 4814 in
1367 4759 1512 4815 meis
1561 4759 1633 4816 ad
1683 4760 2008 4817 Usuardum

367 4844 910 4917 Observationibus,
943 4843 1096 4902 idem
1129 4845 1400 4918 fascinus,
1427 4850 1491 4904 ut
1525 4848 1606 4905 ita
1637 4848 1843 4920 dicam,
1877 4863 2011 4905 ocu-

371 4931 442 4991 lis
471 4935 921 5001 obversaretur;
951 4933 1137 4990 videri
1168 4949 1374 5008 nempe
1407 4935 1645 4992 Romani
1680 4937 1842 5009 parvi
1890 4940 2008 4994 ter-

371 5021 576 5094 minos,
608 5022 925 5081 Adonianis
948 5026 1069 5078 tam
1099 5021 1340 5095 similes,
1377 5029 1439 5080 ut
1473 5037 1585 5080 non
1629 5038 1853 5096 possem
1896 5039 2009 5081 non

373 5105 731 5167 Adoniannm
761 5110 984 5182 aliquid
1012 5110 1068 5167 in
1099 5112 1356 5168 Romano
1389 5125 1569 5183 parvo
1599 5127 1932 5183 agnoscere.

442 5198 563 5252 121.
590 5195 858 5257 Dicamus
888 5199 1043 5272 quod
1071 5213 1272 5257 verum
1303 5203 1391 5256 est
1429 5219 1441 5254 :
1472 5200 1666 5256 tenuit
1696 5201 1819 5259 hac
1851 5201 2010 5259 lucta

373 5277 473 5337 diu
500 5283 884 5359 multumque,
909 5304 1016 5347 nec
1044 5287 1416 5360 acquiescere
1440 5287 1687 5360 primum
1720 5289 1884 5361 potui
1917 5305 2012 5347 ur-

372 5369 730 5439 gentissimis
773 5375 1084 5435 Castellani
1135 5375 1464 5450 momentis,
1499 5375 1714 5448 quibus
1762 5391 1852 5434 me
1898 5392 2010 5434 non

374 5454 556 5522 semel
586 5455 953 5540 pulsaverat;
987 5479 1187 5528 verum
1207 5465 1483 5552 diuturna
1506 5464 1741 5528 tandem
1772 5464 2014 5554 medita-

2121 4491 2426 4564 rologium,
2450 4507 2523 4550 ex
2545 4508 2660 4564 quo
2692 4491 2816 4549 Ado
2841 4507 3029 4564 suum,
3057 4498 3190 4566 post
3213 4493 3426 4550 Bedam
3447 4498 3510 4551 et
3538 4493 3768 4550 Florum

2120 4581 2420 4655 supplevit
2447 4586 2508 4638 et
2540 4581 2944 4654 locupletavit,
2970 4583 3029 4638 in
3059 4596 3173 4653 quo
3196 4582 3324 4638 sine
3358 4581 3768 4640 controversia

2119 4671 2464 4728 conveniant
2489 4670 2805 4742 pradicata
2823 4671 3012 4727 omnia
3035 4674 3090 4727 et
3118 4670 3366 4742 singula,
3383 4685 3489 4728 sex
3512 4671 3628 4728 illis
3639 4684 3768 4727 nos-

2119 4760 2232 4816 tris
2269 4759 2562 4832 capitibus
2615 4759 2880 4832 proxime
2921 4759 3280 4816 enumeratis
3315 4759 3764 4833 comprehensa.

2115 4848 2120 4852 ’
2191 4853 2312 4905 123.
2331 4847 2596 4906 Alterum
2611 4847 2952 4906 decidenda
2976 4847 3098 4905 litis
3112 4849 3466 4922 principium
3480 4853 3592 4921 est,
3611 4845 3765 4922 quod

2119 4935 2317 4993 nullus
2331 4935 2799 4995 adversariorum
2815 4937 3025 4994 merito
3042 4941 3221 5010 queat
3239 4938 3764 5010 abnuere,nempe:

2121 5023 2277 5082 nulla
2309 5025 2590 5084 hactenus
2621 5026 3029 5098 Martyrologia
3053 5027 3253 5084 Adone
3276 5026 3628 5100 antiquiora,
3650 5019 3768 5081 sal-

2121 5119 2237 5170 tem
2261 5113 2472 5185 quibus
2485 5114 2723 5184 adjutus
2748 5114 2847 5187 sit,
2865 5115 3149 5186 assignari
3177 5129 3373 5188 posse,
3391 5110 3768 5188 praterillud

2120 5202 2276 5274 quod
2309 5203 2420 5258 sub
2450 5203 2681 5260 Eusebii
2712 5207 2770 5260 et
2803 5204 3134 5275 Hieronymi
3169 5203 3504 5263 nominibus
3523 5204 3771 5263 circum-

2123 5291 2326 5362 fertur,
2353 5290 2490 5347 item
2513 5292 2832 5349 Romanum
2864 5307 3130 5365 parvum,
3153 5296 3213 5350 et
3245 5291 3395 5351 illud
3428 5292 3580 5366 quod
3608 5287 3772 5348 Flori

2121 5378 2321 5437 studio
2349 5378 2406 5436 in
2439 5378 2640 5438 labore
2671 5381 2840 5439 Beda
2869 5381 3151 5454 accrevit,
3177 5381 3453 5455 quodque
3475 5382 3547 5440 ab
3567 5378 3772 5438 Adone

2121 5483 2194 5528 ex
2241 5467 2431 5558 altero
2479 5468 2580 5528 illo
2626 5469 2937 5562 vetustiori
2975 5469 3317 5564 suppletum
3356 5475 3469 5564 est:
3500 5470 3556 5533 Si
3583 5467 3772 5556 igitur

3634 5746 3744 5801 ηςέ
