3988 6158
286 201 383 257 521
1709 191 1911 252 PROL]

2027 192 2253 252 DMENA.

3572 202 3676 258 522

276 318 768 375 demonstravero
809 316 864 373 in
905 315 1378 389 Martyrologium
1420 316 1926 390 Hieronymianum
1954 320 2011 380 A
2038 296 2331 393 loquitur;
2355 315 2673 388 eademque
2694 321 2823 373 toto
2843 315 3169 374 Usuardino
3187 332 3365 390 opere
3389 318 3568 376 ferme
3601 320 3670 377 ad

273 405 441 463 nullo
472 409 643 478 pacto
666 406 954 478 quadrare
979 420 1147 477 posse
1168 421 1273 463 sex
1288 404 1406 475 jam
1430 408 1650 462 statuta
1674 420 1747 462 ex
1771 405 1921 463 Ado-

270 494 367 551 nis
388 495 730 566 przefatione
752 494 967 567 capita,
993 494 1040 550 si
1066 500 1271 551 contra
1294 494 1528 550 evicero
1556 495 1609 549 in
1642 496 1920 566 Marter-

272 582 495 653 logium
519 583 827 655 Rosweydi
857 583 1154 654 aptissime
1186 587 1242 638 et
1278 582 1645 654 apertissime
1665 583 1877 639 cadere
1902 598 1916 648 ;

275 674 425 743 puto
447 670 732 726 neminem
757 671 880 726 fore
903 670 956 725 in
984 674 1305 741 posterum,
1324 670 1419 741 qui
1436 670 1652 727 debitae
1666 672 1920 725 Romano

270 773 458 830 parvo
473 757 830 829 antiquitati,
849 762 905 814 et
923 757 1146 816 meritis
1158 758 1468 830 Rosweydi
1483 743 1918 815 laudibusausit

269 846 610 902 detrahere.
646 846 766 916 Age
795 861 936 902 vero
966 846 1227 917 singulos
1249 846 1467 903 Adonis
1493 846 1689 918 apices
1709 860 1921 917 expen-

269 934 502 990 damus.
534 935 599 989 Et
633 935 703 990 ad
735 935 979 1006 primum
1020 935 1250 1006 quidem
1289 940 1465 1006 caput
1497 934 1652 1005 quod
1683 934 1916 1005 attinet,

268 1035 389 1077 non
404 1021 676 1093 diﬁiteor,
692 1036 764 1078 ex
778 1022 1223 1095 Hieronymiano
1265 1021 1524 1091 adjuvari
1551 1022 1921 1093 aliquatenus

242 1104 538 1182 'potuisse
561 1111 841 1181 Adonem,
867 1115 930 1167 ut
955 1111 1079 1167 dies
1100 1125 1319 1168 vacuos
1338 1109 1673 1183 suppleret;
1700 1111 1836 1183 quin
1859 1116 1917 1167 et

263 1197 627 1256 adversariis
675 1198 849 1269 dabo,
880 1199 1034 1270 quod
1085 1199 1233 1255 forte
1275 1198 1640 1269 ignorarunt,
1673 1213 1801 1255 nam
1842 1214 1915 1255 ex

266 1285 478 1341 Adone
501 1285 859 1357 ostenditur,
877 1287 1062 1358 ipsum
1077 1286 1522 1359 Hieronymiano
1536 1302 1701 1344 usum
1717 1286 1915 1356 fuisse,

262 1377 331 1429 ut
356 1377 497 1445 pote
520 1375 674 1445 quod
697 1374 915 1431 diserte
939 1375 1082 1431 citat
1107 1390 1236 1431 xxrv
1252 1375 1656 1432 Februariihis
1687 1375 1914 1431 verbis:

257 1462 351 1519 Et
366 1463 438 1519 in
455 1462 916 1535 Martyrologio,
929 1464 1089 1535 quod
1107 1463 1356 1521 Eusebii
1377 1465 1437 1521 et
1454 1465 1811 1536 Hieronymi
1828 1478 1920 1520 eo-

259 1549 506 1608 eabulis
530 1550 891 1623 insignitum
920 1552 1023 1609 est.
1051 1552 1307 1607 Probant
1340 1550 1483 1622 haec,
1518 1551 1601 1608 uti
1635 1551 1915 1623 potuisse,

2030 424 2304 469 nauseam
2336 404 2677 463 inculcanda
2713 405 2818 461 fuit
2850 408 2906 459 et
2934 406 3271 476 repetenda,
3301 407 3384 463 uti
3408 421 3439 463 e
3465 412 3671 464 contra

2031 500 2268 568 ibidem,
2285 497 2354 553 ad
2375 496 2500 552 dies
2515 510 2696 565 prope
2719 493 2979 562 singulos
3002 508 3170 563 quam
3196 494 3318 550 fieri
3335 496 3525 566 potuit
3541 512 3672 552 exa-

2028 588 2309 655 ctissima,
2326 601 2399 641 ex
2422 585 2677 639 Romano
2703 596 2901 654 parvo.
2931 580 3165 651 Adonis,
3186 583 3428 639 Usuardi
3452 589 3508 639 et
3538 587 3672 641 Not-

2030 677 2174 747 keri,
2198 674 2428 745 genesis
2458 670 2754 729 tantaluce
2778 670 2830 725 in
2856 668 3057 726 oculos
3072 675 3355 741 perpetuo
3381 671 3669 737 incurret;

2030 770 2093 823 ut
2138 764 2266 836 quis
2312 761 2502 818 sciens
2532 774 2596 816 ac
2627 758 2828 814 volens
2856 757 3132 814 caacutire
3161 758 3390 829 debeat,
3425 759 3521 830 qui
3550 761 3671 819 haec

2030 853 2219 909 omnia
2268 850 2570 907 evidenter
2612 847 3006 903 demonstrata
3041 845 3350 902 inficietur.

2102 945 2222 998 126.
2259 941 2379 995 Non
2409 936 2596 992 minus
2626 935 2997 1007 perspicuum
3028 939 3139 1003 est,
3176 934 3490 991 secundum
3527 935 3673 992 Ado-

2031 1029 2120 1087 nis
2142 1025 2603 1100 pronuntiatum,
2629 1024 2701 1079 ab
2722 1021 3183 1093 Hicronymianis
3208 1021 3538 1092 longissime
3562 1025 3674 1081 dis-

2028 1118 2223 1176 situm.
2248 1118 2370 1172 Non
2393 1115 2591 1171 deerat
2618 1112 2800 1169 Adoni
2823 1110 3216 1182 Martyrologii
3244 1112 3670 1184 Hieronymiani

2028 1205 2347 1277 exemplar,
2379 1206 2480 1259 sed
2511 1217 2640 1260 cum
2674 1201 2730 1256 in
2756 1215 2825 1255 eo
2848 1200 3141 1269 ingentem
3167 1210 3359 1255 rerum
3384 1201 3674 1258 confusio-

2028 1309 2159 1351 nem
2174 1293 2532 1361 adverteret,
2549 1295 2672 1347 tum
2689 1289 2742 1343 in
2764 1288 2937 1345 nudis
2950 1292 3266 1357 martyrum
3282 1292 3338 1343 et
3356 1289 3672 1360 saepissime

2027 1382 2317 1440 truncatis
2334 1379 2663 1449 luxatisque
2679 1377 3026 1445 nominibus,
3042 1380 3165 1431 tum
3182 1376 3235 1430 in
3253 1375 3541 1445 Kalendis,
3569 1394 3671 1434 seu

2030 1470 2329 1529 laterculis
2364 1468 2523 1541 ipsis,
2560 1466 2728 1538 plane
2764 1465 3159 1531 deordinatis;
3198 1464 3252 1521 id
3285 1465 3392 1520 sibi
3427 1466 3669 1522 subsidii

2030 1559 2405 1631 quaerendum
2429 1557 2594 1625 vidit,
2622 1569 2695 1610 ex
2720 1569 2833 1625 quo
2854 1554 3330 1625 diesmartgrum
3342 1555 3670 1625 verissime,

259 1642 328 1694 ut
352 1638 776 1711 supplerentur
798 1638 923 1695 dies
944 1639 1142 1705 vacui;
1168 1643 1256 1695 ast
1283 1654 1448 1696 usum
1474 1639 1672 1709 “lisse,
1698 1639 1805 1696 1100
1828 1643 1917 1695 εει
1950 1673 2003 1732 Β
2035 1652 2263 1704 notaret
2282 1665 2296 1714 ;
2312 1645 2524 1718 quosin
2541 1641 2999 1713 Hieronymianis
3016 1642 3293 1715 confusos
3313 1643 3666 1700 inveniebat.

265 1729 430 1799 quod
457 1743 564 1784 nec
591 1729 838 1786 suadere
861 1732 1165 1786 tentarunt
1190 1729 1531 1800 adversarii,
1557 1744 1662 1785 nec
1686 1744 1921 1800 persua-

260 1815 493 1873 debunt
523 1831 795 1888 unquam.
824 1813 954 1873 Sola
986 1814 1471 1873 Observationum
1495 1821 1823 1873 nostrarum
1848 1817 1919 1874 ad

259 1903 813 1975 Usuardumlectio,
831 1903 1149 1976 quemlibet
1178 1920 1289 1961 non
1312 1904 1668 1962 obstinatum
1695 1905 1765 1961 de
1787 1920 1919 1962 con-

256 1992 453 2049 traria
483 1992 756 2063 veritate,
790 1992 998 2050 diebus
1029 1993 1210 2049 ferme
1244 1992 1487 2063 singulis
1517 1993 1840 2051 convincet.

332 2085 465 2137 124.
500 2082 640 2137 Rem
673 2080 853 2153 ipsam
886 2081 1315 2152 aggrediamur,
1349 2085 1524 2153 atque
1557 2082 1627 2137 ad
1670 2081 1916 2152 primum

254 2169 588 2226 Adonianae
604 2169 1172 2242 praefationiscaput,
1192 2169 1411 2240 liquido
1426 2170 1914 2241 demonstremus,

254 2258 530 2314 Adonem
554 2258 609 2314 in
635 2257 960 2330 supplendo
983 2259 1157 2328 Beda,
1174 2257 1617 2329 Hieronymiano
1641 2259 1916 2330 Martyro-

253 2345 426 2417 logio
469 2362 635 2404 usum
675 2362 789 2403 non
830 2346 1025 2403 fuisse.
1064 2349 1182 2403 lluc
1224 2346 1400 2402 faciet
1432 2345 1773 2403 Florentinii
1802 2361 1917 2402 me-

254 2435 507 2506 thodus,
533 2451 643 2507 qua
669 2434 1000 2507 spcciminis
1021 2434 1211 2505 gratia
1233 2435 1611 2505 evagabimur
1635 2450 1739 2507 per
1762 2449 1915 2491 men-

252 2538 386 2580 sem
412 2538 588 2579 unum
612 2528 711 2580 aut
731 2523 1001 2594 alterum,
1022 2528 1334 2595 utrumque
1360 2522 1831 2594 Martyrologium
1854 2528 1913 2579 et

252 2611 600 2683 Hieronymi
617 2617 673 2668 et
691 2612 907 2669 Adonis
928 2612 1314 2681 conferendo;
1338 2626 1526 2682 neque
1552 2612 1704 2667 enim
1738 2610 1915 2683 pluri-

251 2701 377 2758 bus
402 2715 553 2772 opus
584 2701 718 2770 erit,
745 2705 805 2757 ut
839 2701 1305 2757 manifestissime
1331 2700 1738 2772 percipiamus,
1768 2699 1909 2755 nihil

246 2789 455 2846 minus
475 2789 765 2859 cogitasse
788 2790 1067 2859 Adonem,
1084 2803 1255 2860 quam
1278 2792 1343 2847 ut
1367 2804 1439 2844 ex
1466 2787 1910 2861 Hieronymiano

242 2878 388 2935 dies
409 2878 469 2933 in
494 2878 647 2934 Beda
669 2892 888 2935 vacuos
910 2878 1274 2936 restitueret.
1293 2877 1392 2934 Vis
1414 2877 1615 2949 paucis
1634 2882 1690 2933 et
1719 2876 1912 2948 palpa-

239 2966 460 3024 biliter
488 2967 797 3023 veritatem
828 2971 1091 3038 tangere,
1127 2980 1474 3037 percurrere
1510 2965 1664 3023 solos
1697 2965 1911 3037 primos

244 3056 411 3115 duos
434 3055 1011 3113 mensesJanuarium
1034 3060 1091 3112 et
1118 3057 1518 3125 Februarium,
1535 3057 1711 3125 atque
1726 3054 1781 3109 in
1796 3053 1911 3110 illis

240 3145 401 3203 solis
454 3144 686 3201 duobus
734 3145 861 3202 dies
911 3145 1089 3201 ferme
1121 3143 1505 3216 quadraginta
1538 3143 1816 3212 invenies,
1854 3143 1908 3198 in

242 3233 480 3305 quibus
502 3246 608 3289 nec
634 3248 742 3290 una
770 3234 1002 3305 quidem
1019 3230 1615 3289 Adonisannuntiatio
1636 3246 1768 3288 cum
1792 3230 1908 3288 ulla

241 3320 839 3392 Hieronymianarum
880 3321 1216 3379 concordet.
1251 3320 1305 3375 Si
1336 3334 1408 3376 ex
1436 3320 1672 3377 caeteris
1701 3318 1910 3390 aliquae

240 3409 386 3467 hinc
412 3409 573 3480 inde,
599 3408 805 3466 saltem
828 3409 1055 3465 nomine
1078 3414 1270 3479 tenus,
1297 3407 1609 3465 convenire
1633 3408 1688 3463 in
1714 3407 1909 3479 aliquo

240 3499 596 3568 videantur,
622 3513 850 3569 semper
872 3497 1046 3554 etiam
1071 3497 1413 3556 diversitate
1443 3496 1658 3568 aliqua,
1685 3500 1740 3552 et
1769 3496 1911 3551 satis

241 3586 510 3643 notabili
534 3585 887 3656 discrepant.
919 3588 1125 3642 Sancte
1162 3586 1463 3657 proﬁteor,
1492 3586 1546 3640 in
1572 3584 1915 3641 Usuardinis

241 3673 1034 3745 Observationibus(quibus
1059 3674 1421 3746 potissimum
1446 3673 1645 3730 studui
1670 3674 1740 3728 ad
1767 3673 1912 3729 anti-

242 3762 601 3835 quissimam
631 3763 883 3819 radicem
915 3767 1252 3819 sanctorum
1277 3762 1585 3819 memorias
1608 3760 1909 3830 revocare)

240 3867 411 3925 saepe
444 3851 585 3907 mihi
615 3851 998 3909 laborandum
1028 3851 1225 3921 fuisse,
1251 3854 1314 3907 ut
1347 3865 1496 3907 nunc
1518 3865 1590 3906 ex
1614 3849 1732 3920 illo,
1760 3862 1912 3905 nunc

239 3955 316 3998 ex
351 3941 557 3998 altero
585 3939 1032 4012 Hieronymiano
1068 3939 1404 4012 apographo
1440 3939 1777 3995 afﬁnitatem
1811 3936 1911 3993 ali-

2034 1738 2094 1793 ld
2118 1751 2258 1794 vero
2283 1750 2452 1806 quam
2476 1738 2826 1804 opportune,
2852 1736 2969 1787 tam
2994 1730 3243 1787 feliciter
3266 1731 3481 1786 invenit
3506 1731 3561 1786 in
3586 1748 3672 1787 re-

2034 1831 2202 1897 perto
2238 1825 2524 1880 Ravennae
2548 1819 2979 1891 Martyrologio,
3004 1818 3172 1889 cujus
3202 1819 3449 1889 vestigia
3481 1821 3669 1876 omnia

2028 1911 2373 1981 clarissime,
2389 1916 2446 1967 et
2464 1908 2901 1967 distinctissime
2927 1909 3161 1979 praefert
3188 1906 3514 1963 vctusillud
3532 1910 3670 1963 Ros-

2028 2002 2240 2073 weydi,
2266 1999 2431 2057 nobis
2454 2000 2769 2055 Romanum
2793 2010 3033 2067 parvum
3058 2011 3171 2067 quo
3197 1996 3267 2052 de
3292 1996 3382 2052 hic
3406 1995 3664 2065 agimus:

2032 2094 2208 2162 atque
2232 2088 2375 2145 illud
2397 2087 2641 2144 dicimus
2661 2083 2995 2143 venerabile
3016 2084 3075 2140 et
3079 2086 3533 2155 perantiquum,
3559 2085 3669 2140 for-

2029 2193 2117 2234 ma
2143 2177 2396 2249 quidem,
2412 2175 2615 2232 ordine
2638 2178 2694 2229 et
2720 2177 2843 2230 tota
2859 2186 2963 2229 sua
2976 2171 3229 2242 eleganti
3244 2172 3560 2228 oeconomia
3580 2186 3669 2229 ee-

2026 2262 3087 2334 nerabile,zetateperautiquum,cum
3101 2262 3404 2315 eentumct
3421 2257 3669 2329 amplius

2028 2352 2192 2409 annis
2217 2352 2415 2408 Adone
2438 2349 2764 2407 vestustius
2777 2362 2926 2417 esse,
2948 2346 3178 2403 omnino
3191 2361 3549 2403 censeamus.
3566 2347 3670 2402 Po-

2028 2444 2227 2498 terunt
2261 2440 2493 2511 quidem
2516 2442 2572 2495 et
2606 2438 2729 2494 haec
2761 2437 2875 2493 duo
2910 2435 3169 2508 epitheta
3211 2434 3671 2504 Hieronymianis

2030 2525 2855 2602 proptervetustatemtribui,
2872 2524 2974 2582 sed
2998 2539 3129 2581 cum
3152 2524 3207 2579 in
3231 2522 3360 2579 aliis
3385 2521 3551 2594 plane
3575 2523 3671 2578 de-

2028 2618 2243 2687 ficiant,
2262 2616 2405 2673 satis
2426 2619 2609 2688 patet,
2626 2613 2801 2671 alium
2816 2614 3103 2669 Ravennae
3122 2616 3419 2682 repertum
3434 2612 3505 2667 ab
3519 2611 3669 2666 Ado-

2026 2721 2097 2762 ne
2120 2706 2481 2774 thesaurum,
2502 2718 2615 2774 quo
2632 2703 2687 2758 in
2708 2700 3109 2759 concinnando
3130 2699 3537 2770 Martyrologio
3563 2714 3667 2756 suo

2024 2794 2273 2868 adjutus
2288 2793 2460 2851 fuerit
2480 2792 2567 2865 ;!id
2593 2792 2747 2863 quod
2769 2792 3025 2846 Romano
3052 2803 3228 2860 parvo
3253 2787 3584 2859 planissime
3607 2792 3664 2842 et

2026 2882 2358 2955 plenissime
2381 2880 2682 2952 competit,
2709 2882 2772 2936 ut
2797 2882 2933 2950 pote
2956 2892 3069 2947 quo
3091 2877 3297 2933 diebus
3318 2874 3562 2945 singulis
3584 2875 3665 2931 ita

2023 2986 2084 3029 se
2108 2971 2369 3041 adjutum
2389 2969 2644 3027 ostendit
2667 2968 2809 3037 Ado,
2827 2970 2887 3023 ut
2910 2980 3043 3022 raro
3068 2964 3481 3037 praetermittat
3505 2978 3666 3020 sanc-

2019 3066 2274 3131 tos,raro
2289 3059 2410 3130 ipsa
2428 3059 2603 3116 verba
2617 3056 2893 3128 negligat,
2912 3054 3125 3126 quibus
3138 3069 3196 3111 sa
3207 3055 3320 3110 neti
3338 3054 3393 3108 in
3408 3055 3663 3110 Romano

2022 3165 2201 3223 parvo
2225 3148 2665 3215 annuntiantur,
2683 3159 2926 3215 eamque
2949 3158 3133 3215 nuper
3155 3142 3407 3199 diximus
3426 3156 3556 3198 esse
3580 3147 3666 3198 to-

2022 3243 2138 3295 tam
2166 3242 2225 3294 et
2256 3238 2590 3295 continuam
2620 3234 2818 3307 operis
2858 3234 3043 3290 nostri
3083 3232 3660 3288 demonstrationem.

2092 3331 2213 3384 127.
2232 3326 2453 3393 Quarto
2477 3324 2605 3380 loco
2628 3325 2883 3379 testatur
2907 3321 3049 3390 Ado,
3066 3318 3540 3390 Martyrologium
3562 3318 3667 3374 Ra-

2020 3430 2223 3473 vennae
2258 3414 2365 3471 sibi
2396 3412 2743 3485 priestitum,
2796 3409 2870 3467 ab
2899 3408 3045 3466 urbe
3074 3410 3271 3466 Romae
3298 3406 3662 3478 Aquileiam,

2020 3505 2261 3562 cuidam
2296 3503 2499 3560 sancto
2546 3502 2807 3572 episcopo
2838 3513 2877 3556 a
2890 3498 3177 3570 pontifice
3198 3498 3459 3553 Romano
3481 3496 3666 3552 direc-

2023 3594 2163 3649 tum.
2196 3592 2341 3660 Sine,
2364 3596 2424 3646 te
2446 3591 2843 3655 submoneam,
2869 3602 2942 3641 ex
2964 3586 3135 3641 dictis
3159 3600 3335 3655 supra
3356 3600 3509 3640 num.
3538 3590 3658 3640 122.

2024 3686 2223 3737 notum
2269 3678 2452 3734 Adoni
2494 3677 2670 3733 fuisse
2698 3674 3200 3745 Martyrologium
3230 3671 3389 3743 quod
3414 3672 3663 3729 Eusebii

2022 3770 2082 3825 et
2096 3766 2450 3837 Hieronymi
2469 3763 2770 3822 vocabulis
2792 3761 3150 3833 insignitum
3166 3760 3269 3817 est.
3297 3758 3436 3824 Quis
3458 3758 3656 3829 igitur,

2021 3856 2112 3913 vel
2168 3853 2481 3911 verisimile
2544 3851 2735 3921 faciat,
2768 3847 2839 3904 iis
2893 3847 3105 3917 verbis,
3158 3860 3223 3901 ea
3285 3846 3476 3917 phrasi
3530 3861 3661 3902 usu-

2023 3958 2149 4001 rum
2207 3942 2486 4010 Adonem,
2550 3940 2599 3995 si
2658 3936 2914 4005 libellus,
2946 3936 3232 3992 Ravenna":
3287 3949 3326 3991 a
3378 3934 3659 4004 religioso

241 4044 454 4101 quam,
490 4029 731 4085 Obtorto
769 4028 931 4100 quasi
973 4027 1147 4099 00110,
1182 4028 1337 4085 inter
1377 4027 1501 4100 ipsa
1542 4031 1601 4083 et
1653 4027 1910 4083 Adonem
2005 4031 2219 4105 fratre
2244 4025 2727 4096 communicatus,
2752 4024 2955 4081 eadem
2978 4020 3209 4079 Eusebii
3239 4025 3296 4076 et
3332 4020 3659 4091 Hieronymi

240 4116 672 4175 extunderem.

316 4210 454 4263 125.
491 4203 661 4273 Quod
683 4203 775 4261 hic
798 4205 869 4262 de
891 4204 1119 4262 duobus
1142 4203 1439 4262 mensibus
1464 4202 1615 4274 dico,
1643 4202 1700 4259 id
1723 4201 1911 4258 lector

241 4294 303 4352 in
332 4293 626 4351 omnibus
652 4293 1035 4364 sequentibus
1063 4308 1178 4350 non
1209 4292 1399 4349 minus
1423 4291 1581 4350 clare
1603 4295 1661 4347 et
1689 4290 1909 4363 perspi-

2020 4117 2304 4177 vocabula
2336 4114 2693 4189 praetulisset
2722 4114 2745 4167 ?
2773 4114 2971 4183 Nemo,
3009 4114 3069 4168 ut
3104 4109 3158 4164 in
3195 4108 3505 4181 proverbio
3544 4113 3657 4180 est,

2020 4223 2052 4264 e
2085 4207 2314 4265 duobus
2351 4205 2462 4261 tria
2505 4203 2721 4272 videat,
2752 4206 2849 4258 aut
2902 4200 3200 4272 pulverem
3251 4199 3436 4256 oculis
3479 4197 3662 4255 offun-

2021 4296 2123 4353 dat
2148 4314 2159 4348 :
2186 4294 2277 4350 hic
2310 4298 2426 4349 tam
2451 4290 2702 4347 diversis
2722 4289 3166 4346 cbaracteribus
3186 4292 3498 4358 utrumque
3520 4287 3662 4343 Mar-

240 4398 357 4440 cue
382 4381 818 4453 deprehendet,
836 4396 990 4452 saepe
1004 4380 1401 4438 demiraturus
1423 4384 1539 4436 tam
1563 4377 1766 4448 multa,
1786 4382 1902 4434 tam
1934 4383 1986 4443 D
2016 4381 2370 4455 tyrologium
2421 4378 2782 4449 designatur,
2820 4381 2881 4433 ut
2916 4376 3122 4434 saltem
3156 4374 3661 4446 Hieronymianum

243 4472 571 4540 audacter,
589 4474 709 4526 tam
737 4474 957 4527 temere
987 4469 1058 4526 de
1086 4470 1245 4527 hisce
1268 4466 1696 4539 Martyrologiis
1718 4470 1776 4523 et
1801 4468 1907 4523 Ro-

243 4575 430 4617 mano
443 4573 650 4631 parvo,
665 4574 738 4615 ex
761 4559 1157 4631 perfunctorie
1182 4558 1352 4615 unius
1375 4557 1622 4613 fortasse
1646 4559 1745 4611 aut
1768 4553 1909 4610 alte-

244 4649 377 4707 rius
412 4647 533 4704 loci
561 4646 901 4714 collatione,
934 4646 1322 4704 determinata
1352 4649 1410 4702 et
1440 4642 1678 4701 definita
1709 4642 1903 4699 fuisse.

244 4736 607 4794 Clamabant
621 4749 819 4807 supra,
836 4735 969 4792 inde
992 4736 1308 4808 Romegdi
1327 4731 1771 4792 Kalendae-ium
1786 4743 1911 4788 ma-

235 4825 344 4897 gis
355 4824 731 4900 oppugnet/ﬁ,
745 4822 903 4894 quod
924 4822 1053 4881 dies
1061 4823 1417 4896 frequentes
1428 4821 1673 4877 haberet
1684 4819 1912 4891 marty-

235 4914 426 4973 ribus
436 4926 682 4983 vacuos,
704 4927 837 4970 cum
862 4913 1204 4983 frequentes
1226 4910 1307 4966 illi
1324 4910 1448 4967 dies
1468 4909 1566 4966 vix
1580 4911 1771 4967 totum
1784 4922 1911 4980 sep-

239 5001 557 5060 tenarium
578 5000 1045 5070 constituerent;
1070 4998 1162 5056 hic
1188 5013 1349 5070 vero,
1364 4998 1412 5056 si
1440 4998 1671 5070 superis
1697 4996 1907 5070 placet,

238 5105 320 5149 ex
332 5089 800 5162 Hieronymiano
813 5089 941 5147 dies
954 5089 1012 5147 in
1027 5088 1181 5146 Beda
1194 5103 1407 5146 vacuos
1421 5086 1683 5159 suppleri
1700 5084 1912 5159 potuis-

239 5177 722 5249 secontendent,
738 5178 837 5235 ubi
850 5181 976 5235 toto
988 5193 1185 5235 mense
1198 5176 1515 5234 Februario
1530 5175 1625 5232 vix
1637 5177 1908 5247 quatuor,

241 5273 352 5327 aut
390 5267 657 5339 quinque
685 5264 1158 5324 annuntiationes
1185 5262 1567 5336 assignabiles
1596 5267 1752 5333 sunt,
1783 5276 1912 5333 quae

240 5358 321 5416 ad
347 5355 843 5427 Hieronymianas
861 5358 1158 5428 utcunque
1172 5354 1373 5412 reduci
1387 5356 1624 5427 queant.
1646 5348 1914 5423 Singulos

241 5444 391 5506 dies
424 5459 800 5520 percurrere,
824 5459 933 5505 nec
962 5448 1152 5517 vacat,
1176 5457 1282 5504 nec
1312 5458 1461 5517 opus
1489 5445 1581 5501 est
1615 5460 1629 5500 :
1659 5453 1758 5500 res
1788 5438 1913 5514 ipsa

508 5552 773 5623 Parma.
821 5552 1103 5621 CXXIII.

2016 4470 2177 4529 nullo
2211 4483 2450 4541 prorsus
2481 4471 2653 4539 pacto
2678 4480 2805 4523 esse
2838 4464 3045 4537 possit,
3080 4462 3223 4519 illud
3258 4478 3371 4533 quo
3422 4476 3485 4518 se
3536 4460 3660 4517 Ado

2019 4560 2282 4631 adjutum
2304 4559 2539 4615 fatetur.
2558 4557 2630 4611 At
2656 4559 2857 4612 nostro
2880 4556 3137 4609 Romano
3160 4566 3339 4621 parvo
3363 4549 3659 4622 aptissime

2017 4648 2309 4717 convenit,
2354 4650 2417 4703 ut
2464 4645 2660 4701 Romae
2690 4642 2972 4713 scriptum
3002 4644 3062 4695 et
3099 4638 3505 4709 compositum,
3537 4642 3661 4693 tan-

2021 4752 2190 4809 quam
2222 4750 2358 4792 vere
2389 4736 2725 4795 Romanum,
2758 4735 2897 4786 tunc
2928 4730 3124 4785 Romae
3157 4726 3458 4794 usitatum,
3481 4737 3521 4780 a
3550 4724 3661 4781 Ro-

2016 4838 2191 4882 mana
2189 4823 2366 4896 ponti
2356 4823 2477 4895 ,ποθ
2487 4820 2727 4880 cuidam
2735 4818 2939 4876 saneto
2952 4817 3214 4889 episeopo
3225 4812 3569 4886 Aquileiam
3579 4811 3665 4867 di-

2017 4913 2244 4970 rectum
2268 4911 2392 4979 sit;
2412 4922 2618 4980 nempe
2643 4910 2705 4964 ut
2730 4905 2778 4963 is
2798 4905 3110 4976 episcopus
3141 4901 3281 4959 ritui
3312 4902 3567 4957 Romano
3597 4912 3660 4955 se

2019 5000 2410 5058 conformaret
2436 4996 2646 5067 ;idque
2669 4994 2742 5050 ab
2767 4989 3129 5063 Aquileiensi
3152 4988 3398 5058 aliisque
3430 4985 3661 5043 eclesiis

2024 5088 2350 5145 factitatum
2369 5084 2789 5153 existimamus,
2810 5082 2993 5137 donec
3008 5075 3315 5135 methodus
3335 5074 3660 5132 Usuardina

2023 5177 2206 5248 magis
2239 5174 2460 5249 placuit
2481 5177 2825 5243 tantumque
2852 5167 3127 5242 paulatim
3159 5164 3423 5235 invaluit,
3461 5166 3525 5221 ut
3554 5165 3662 5221 Ro-

2025 5281 2131 5323 mae
2161 5264 2338 5322 etiam
2384 5262 2686 5335 adoptata,
2721 5259 2821 5316 diu
2852 5262 2985 5313 ante
3018 5252 3200 5311 Belini
3229 5252 3492 5311 Patavini
3522 5257 3663 5310 tem-

2024 5369 2165 5431 pora
2197 5353 2313 5413 dici
2343 5350 2648 5421 meruerit,
2680 5343 3186 5418 Martyrologium
3210 5342 3531 5404 secundum
3546 5355 3665 5400 nio-

2020 5458 2148 5507 rem
2173 5445 2455 5505 Romam
2500 5445 2703 5501 cinia.

3349 5539 3421 5602 i7
