3988 6158
372 199 474 255 593

1323 179 1696 242 USUARDUS
1731 173 2114 236 MONACHUS
2152 173 2795 244 SANGERMANENSIS.

3644 187 3740 251 824

439 325 558 377 128.
593 315 646 370 81
681 313 773 371 0111
809 313 1056 368 fortasse
1088 309 1271 379 magis
1303 308 1529 381 placeat
1561 301 1924 371 llenschenii,
1947 308 2004 358 et
2038 306 2089 365 A
2124 286 3742 389 praefatio,utriqueoperipraemittatur,utrumqueopus

369 403 745 479 Papebrochii
777 399 993 472 opinio,
1019 413 1296 468 expressa
1329 396 1383 452 in
1418 397 1659 468 prologo
1690 393 1760 449 ad
1795 393 2003 448 Bedam

368 503 500 554 ante
547 493 864 550 secundum
912 493 1132 544 tomum
1167 486 1376 551 Martii,
1411 500 1564 540 num.
1603 489 1685 552 11,
1721 482 1858 537 nihil
1894 496 2008 536 ma-

367 600 520 656 gnop
562 597 624 638 rc
677 579 1044 650 obluctabor,
1081 591 1210 632 cum
1245 574 1384 628 nihil
1418 573 1493 629 ibi
1532 575 1816 640 asserant,
1853 569 2008 640 quod

369 691 499 731 cum
531 673 636 728 hac
670 673 868 726 nostra
918 665 1204 722 sententia
1241 678 1354 718 non
1386 661 1646 734 apprime
1678 659 2006 716 conveniat.

373 765 464 820 Sic
486 763 730 818 habent:
751 779 777 810 «
795 760 874 813 Ac
897 755 1142 826 primum
1168 751 1643 821 invenimus,tria
1666 765 1773 805 nos
1795 749 2011 804 habere

375 848 792 923 (manuscripta
819 844 985 900 Beda:
1007 840 1462 911 Martyrologia),
1482 854 1608 909 quas
1623 837 1846 907 singula
1871 837 2016 892 inte-

375 955 542 1010 grum
576 937 806 1004 Bedam,
833 932 936 988 sed
971 930 1196 986 modice
1221 933 1474 998 auctum,
1500 931 1560 981 et
1587 925 1776 996 quoad
1802 939 2016 1015 vacuos

379 1030 508 1085 dies
521 1025 1003 1098 suppletum,tam
1020 1014 2017 1084 ﬁdeliterexhibuerunt,utomnino

384 1111 956 1190 persuaderemur,in
973 1108 1188 1181 plerisq
1200 1122 1268 1163 ue
1283 1105 1554 1162 Romanis
1569 1103 2022 1172 basilicis,abro-

379 1211 516 1277 gato
565 1199 989 1271 llicronymiani
1042 1195 1438 1267 Martyrologii
1477 1209 1584 1250 usu
1623 1198 1684 1248 et
1716 1192 1834 1263 illo,
1868 1193 2020 1263 quod

383 1290 738 1366 Aquileiensi
767 1288 1062 1360 episcopo,
1087 1301 1116 1341 a
1149 1284 1422 1356 pontifice
1445 1282 1683 1338 missum
1714 1296 1889 1352 supra
1907 1296 2026 1336 mo-

385 1383 635 1450 nuimus,
665 1380 913 1434 fortasse
936 1390 1048 1430 non
1074 1373 1182 1429 nisi
1206 1373 1262 1428 in
1286 1373 1592 1441 Laterano,
1619 1369 1866 1439 aliisque
1891 1385 2028 1440 pau-

380 1471 468 1528 cis
481 1466 750 1526 ecclesiis
762 1463 1107 1534 recepto,ita
1127 1462 1432 1532 probatum
1447 1459 1580 1514 aliis
1597 1459 1804 1513 Bcdam
1824 1457 2024 1527 fuisse,

386 1563 449 1616 ut
472 1572 542 1613 eo
565 1553 986 1612 convenienter
1005 1553 1200 1618 aucto,
1218 1548 1495 1604 utendum
1512 1546 1710 1618 plures
1732 1547 1842 1601 sibi
1867 1549 2031 1616 puta-

2119 398 2424 452 manil‘estc
2457 399 2688 468 aﬂlciat,
2723 401 2922 466 verbo,
2958 404 3270 469 utrumque
3302 415 3447 472 opus
3478 407 3741 474 tanquam

2119 499 2292 540 unum
2319 486 2586 556 idemque
2608 486 3057 558 complectatur.
3085 489 3190 542 Ubi
3215 488 3628 561 Florentinius,
3653 499 3742 549 aut

2120 573 2589 631 adversariorum
2639 577 2925 648 quiSpiam
2967 575 3137 646 alius,
3172 577 3470 648 exemplar
3521 579 3741 651 aliquod

2122 662 2649 734 llioronymianum,
2677 664 2730 721 in
2757 666 2948 737 capite
2973 665 3253 721 Adoniani
3278 667 3665 737 Martyrologii
3687 683 3747 724 ea

2125 751 2350 806 ratione
2376 753 2628 822 positum
2653 752 2924 810 alicunde
2946 754 3188 823 eruerit,
3206 769 3308 825 per
3333 770 3421 810 me
3447 754 3748 825 licet,tunc

2125 838 2482 909 disputando
2531 841 2884 912 inquiratur,
2919 856 2988 897 an
3041 848 3396 912 postremum
3427 843 3537 899 hoc
3565 858 3636 898 ex
3659 860 3750 901 sex

2128 927 2441 983 Adonianis
2493 928 2808 999 capitibus,
2854 929 3266 1001 Martyrologio
3316 930 3751 1000 Hieronymiano

2129 1014 2500 1086 aliquatenus
2528 1017 2717 1088 aptari
2751 1017 2953 1088 possit.
2976 1017 3158 1074 Nobis
3180 1018 3412 1074 interim
3437 1023 3663 1074 eertum
3683 1021 3752 1076 vi-

2131 1103 2324 1174 detur,
2358 1108 2475 1160 tam
2507 1110 2662 1176 apte,
2696 1109 2814 1162 tam
2855 1105 3034 1175 clare,
3066 1110 3186 1162 tam
3224 1106 3536 1162 manifeste
3575 1122 3755 1164 omnes

2132 1206 2234 1248 eos
2289 1192 2610 1262 articulos;
2673 1208 2806 1250 cum
2864 1195 3119 1250 Romano
3181 1209 3362 1266 parvo
3417 1209 3753 1265 congruere,

2135 1295 2304 1351 quam
2328 1281 2635 1352 liquidum,
2655 1288 2862 1352 patens
2886 1287 2943 1338 et
2967 1283 3208 1338 evidens
3221 1283 3318 1352 sit,
3336 1282 3652 1353 praedicata
3674 1283 3757 1340 illa

2136 1370 2322 1425 omnia
2357 1371 2429 1426 ab
2460 1370 2905 1442 Hieronymiano
2949 1385 3079 1426 esse
3125 1370 3476 1427 alienissima
3507 1389 3524 1438 ;
3556 1371 3601 1427 si
3630 1373 3760 1428 forte

2138 1458 2417 1528 excipias,
2436 1459 2591 1528 quod
2607 1459 2940 1516 venerabile
2961 1465 3020 1515 et
3045 1475 3149 1531 per
3169 1459 3473 1529 antiquum
3499 1459 3761 1530 appellari

2143 1561 2313 1616 posse
2346 1561 2455 1602 non
2491 1547 2860 1618 diiiiteamur,
2891 1547 2941 1604 si
2971 1552 3095 1603 tota
3127 1547 3428 1603 veneratio
3469 1561 3502 1602 a
3535 1547 3652 1603 sola
3681 1562 3766 1604 an-

384 1645 598 1715 verint,
617 1641 942 1712 usquedum
965 1637 1263 1694 Usuardus
1284 1635 1446 1690 visus
1468 1634 1888 1690 ecclesiasticis
1915 1635 2028 1690 usi-
2048 1651 2112 1709 ,B
2141 1633 2416 1704 tiquitate
2459 1635 2887 1706 proficiscatur.

390 1735 500 1790 bus
519 1726 1074 1788 accommodatior.»
1093 1727 1224 1780 Haec
1247 1722 1479 1793 quidem
1501 1721 1640 1778 alibi
1667 1721 1837 1792 paulo
1859 1721 2030 1777 aliter

389 1820 644 1893 explicat
665 1814 1118 1888 Papebrochius,
1137 1817 1197 1868 ut
1220 1811 1275 1866 in
1292 1810 1612 1881 appendice
1627 1811 1696 1866 ad
1723 1809 2032 1865 articulum

392 1915 460 1967 18
499 1905 982 1978 Responsionum,
1016 1902 1116 1958 sed
1157 1900 1311 1956 dicta
1343 1915 1447 1956 sua
1477 1905 1534 1954 ct
1569 1899 1788 1970 scripta
1819 1897 2031 1968 omnia,

393 2011 522 2068 quae
563 1993 1039 2065 Martyrologium
1092 1988 1390 2045 materiam
1442 1991 1733 2059 spectant,
1768 1986 1838 2042 ad
1889 1987 2035 2042 hanc

394 2089 654 2142 nostram
687 2080 1036 2139 sententiam
1063 2077 1322 2134 revocari
1347 2080 1404 2131 et
1429 2075 1733 2132 reformari
1757 2080 1891 2130 ante
1915 2074 2037 2129 obi-

393 2179 518 2230 tum
550 2187 718 2228 suum
751 2167 1092 2241 postulavit.
1121 2167 1333 2222 Verum
1367 2164 1451 2220 sic
1477 2167 1657 2220 ferme
1681 2179 1710 2218 a
1733 2162 2037 2234 proposito

393 2263 737 2332 argumento
767 2257 1181 2314 dilaberemur.

466 2354 586 2406 129.
620 2349 744 2403 Jam
778 2346 848 2401 ad
884 2344 1149 2414 quintum
1180 2345 1355 2411 caput
1391 2339 1543 2410 quod
1577 2339 1808 2408 attinet,
1838 2339 2040 2408 praefa-

395 2444 518 2496 tum
547 2451 703 2507 saepe
735 2431 1210 2503 Martyrologium
1233 2429 1568 2500 areligioso
1574 2428 1788 2500 fratre
1807 2427 2044 2496 aliquot

395 2525 602 2584 diebus
610 2523 972 2596 praestitum,
991 2519 1272 2591 diligenti
1285 2532 1430 2575 cura
1455 2531 1557 2588 per
1581 2516 1834 2571 Adonem
1855 2516 2040 2572 trans-

397 2615 656 2686 criptum.
685 2625 825 2681 esse,
880 2609 1018 2680 quid
1051 2607 1204 2663 aliud
1241 2605 1406 2662 nobis
1432 2605 1606 2660 etiam
1641 2603 2040 2675 patentissime

401 2703 840 2770 denotat,quam
857 2694 1326 2766 Martyrologium
1347 2692 2042 2762 Hieronymianum?Fue—

403 2795 494 2847 rat
516 2794 754 2846 sanctus
786 2786 908 2842 Αᾱο
938 2783 1253 2840 monachus
1281 2781 1532 2838 0001101111
1566 2780 1956 2836 Ferrariensis
1985 2779 2040 2834 in

405 2877 684 2946 Vastinio,
708 2875 917 2932 deinde
950 2873 1020 2930 ad
1051 2872 1390 2929 Prumiense
1417 2870 1786 2939 migraverat,
1813 2868 2043 2938 aliaque

404 2967 554 3024 haud
587 2965 784 3033 dubie,
819 2968 883 3019 ut
905 2965 1030 3018 erat
1066 2960 1316 3028 diligens
1339 2973 1531 3014 rerum
1557 2961 1872 3026 scrutator,
1909 2956 2040 3024 alia,

405 3056 658 3124 inquam,
694 3049 917 3106 ordinis
951 3049 1037 3104 sui
1069 3047 1333 3102 ccenobia
1367 3046 1741 3113 lustraverat,
1768 3045 1879 3100 alia
1905 3045 2044 3100 Mar-

405 3139 689 3211 tyrologia
721 3141 885 3192 certo
915 3135 1162 3202 viderat,
1188 3138 1247 3188 ct
1273 3133 1600 3189 certissime
1631 3131 1927 3202 exemplar
1951 3131 2040 3186 vel

409 3230 558 3284 forte
581 3225 935 3297 exemplaria
959 3222 1419 3291 llieronymiana,
1439 3235 1565 3290 qua:
1584 3222 1865 3276 Ravenna:
1891 3235 2044 3291 quic-

408 3318 584 3373 renda
601 3331 710 3372 non
729 3316 983 3380 fuerunt,
1002 3326 1106 3366 nec
1124 3310 1200 3363 ibi
1218 3309 1658 3364 transcribenda
1681 3309 2045 3378 :apcrteclo-

409 3419 654 3474 quamur
681 3420 695 3468 ;
721 3416 828 3455 non
855 3400 932 3453 ita
963 3397 1249 3453 scriberet
1275 3397 1398 3452 Ado
1429 3396 1500 3450 de
1530 3397 1794 3466 praestito
1820 3396 2045 3452 0111100-

410 3491 557 3559 dice,
575 3489 623 3545 si
638 3488 1158 3558 Martyrologium,
1175 3486 1332 3555 9110ίί
1351 3484 1598 3541 Eusebii
1619 3485 1677 3540 et
1694 3486 2046 3556 Hieronymi

409 3579 712 3636 vocabulis
741 3577 1097 3648 insignitum.
1125 3575 1228 3641 est,
1253 3573 1757 3628 transcribendmn
1791 3575 2048 3644 accepis-

413 3673 519 3725 set.
551 3667 853 3723 Enimvero
879 3664 1031 3734 novi,
1050 3662 1268 3733 aliquid
1287 3661 1624 3731 ibidctexit,
1644 3662 1764 3716 Ado
1779 3663 1885 3717 sibi
1905 3663 2050 3718 suis-

414 3771 525 3827 que
555 3756 719 3826 prius
750 3752 1128 3822 incognitum,
1165 3751 1338 3820 idque
1371 3751 1444 3804 ob
1478 3753 1740 3805 exactam
1771 3749 2051 3805 Kalenda-

413 3860 539 3902 rum
582 3843 814 3910 seriem,
849 3844 922 3896 ob
954 3845 1272 3910 martyrum
1321 3838 1550 3893 nomina
1585 3842 1698 3893 tam
1745 3838 1902 3894 clare
1935 3838 2052 3893 dis-

413 3934 592 3988 tincta
615 3933 760 3988 tanti
787 3931 940 3996 fecit,
961 3935 1023 3983 ut
1044 3930 1221 3982 ferme
1238 3927 1416 3981 Crmsi
1439 3941 1597 3996 opes,
1616 3927 1768 3996 quod
1792 3927 1862 3981 de
1886 3927 2049 3982 Pauli

409 4019 607 4074 tunica
635 4017 986 4088 praedicabat
1021 4015 1420 4080 Hieronymus,
1455 4028 1516 4067 se
1547 4013 1818 4069 eil‘odisse
1850 4013 2052 4070 existi-

412 4119 591 4173 mans,
619 4103 761 4158 illud
798 4117 970 4158 unum
998 4106 1269 4170 tanquam
1302 4099 1558 4168 regulam
1592 4100 1701 4154 sibi
1739 4116 2053 4173 proposue-

412 4192 510 4262 rit,
538 4195 601 4248 ut
634 4191 852 4247 notatis
874 4193 1145 4250 accurate
1171 4188 1460 4256 Kalendis,
1488 4203 1558 4244 cx
1590 4190 1852 4247 collectis
1872 4193 2051 4248 unde-

411 4293 641 4350 cunque
681 4279 1029 4350 passionum
1055 4276 1372 4345 codicibus,
1408 4281 1741 4333 sanctorum
1791 4279 2050 4334 encomia

2214 1727 2334 1777 131.
2372 1724 2452 1777 Ex
2484 1723 2572 1778 his
2603 1723 2929 1780 rectissime
2960 1722 3231 1779 concludi
3275 1738 3448 1794 posse
3490 1721 3765 1792 existimo,

2145 1809 2214 1865 iis
2231 1809 2549 1880 coloribus,
2566 1812 2636 1866 ab
2652 1811 2894 1883 ipsemet
2922 1811 3120 1867 Adone
3143 1811 3312 1867 nobis
3335 1811 3636 1882 depictum
3657 1824 3770 1867 esse

2144 1902 2332 1968 vetus,
2369 1913 2468 1954 seu
2512 1914 2752 1970 parvum
2798 1899 3138 1968 Romanum,
3175 1903 3236 1955 ut
3271 1900 3453 1968 magis
3486 1898 3561 1954 ad
3595 1899 3768 1954 vivum

2144 1985 2242 2040 vix
2256 2001 2283 2042 a
2301 2001 2591 2056 quoquam
2607 1986 2887 2042 delineari
2905 1987 3450 2058 potuerit.Viderat,
3468 1992 3532 2042 et
3550 2002 3774 2058 scrupu-

2150 2073 2272 2129 lose
2295 2075 2710 2130 observaverat
2735 2074 3082 2131 lineamenta
3106 2075 3228 2132 haec
3251 2077 3437 2132 omnia
3462 2074 3777 2132 oculatissi-

2148 2177 2276 2217 mus
2309 2163 2696 2232 Rosweydus,
2714 2163 3048 2234 priusquam
3072 2162 3278 2219 lectori
3301 2163 3548 2220 auderet
3576 2177 3776 2220 assere-

2149 2249 2496 2306 rezAdouem
2511 2251 2726 2307 ceteris
2739 2251 2921 2322 hujus
2933 2250 3358 2323 Martyrologii
3369 2252 3778 2324 cestigiissm

2136 2351 2251 2410 per
2262 2338 2542 2408 iusitere;
2555 2338 2895 2408 priusquam
2917 2339 3216 2408 lectorem,
3233 2340 3503 2396 veritatis
3525 2353 3774 2406 securus,

2151 2413 2233 2481 ita
2253 2426 2616 2482 confidenter
2637 2425 3041 2498 alloquerctur
3064 2447 3077 2482 :
3101 2447 3130 2480 α
3153 2427 3459 2484 Enimvero
3480 2432 3655 2484 vetus
3683 2429 3778 2482 hoc

2149 2515 2466 2570 Romanum
2483 2515 2975 2586 lliartyrologium,
2995 2516 3208 2572 fontem
3230 2530 3360 2572 esse
3381 2516 3640 2571 omnium
3663 2515 3780 2570 alio-

2151 2618 2277 2660 rum
2299 2603 2836 2674 Martyrologiorum
2853 2604 3376 2676 (Hieronymianum
3399 2610 3455 2660 et
3476 2604 3779 2674 genuinum

2152 2692 2360 2747 Bedam
2396 2692 2637 2747 necdum
2675 2694 2937 2764 noverat)
2959 2694 3055 2764 qui
3089 2694 3180 2749 vel
3211 2693 3421 2750 leviter
3443 2691 3778 2764 inspexerit,

2153 2794 2263 2836 non
2313 2780 2606 2836 dubitabit
2657 2792 2938 2836 asserere.
2985 2782 3106 2837 Ado
3155 2786 3318 2838 certe
3361 2797 3433 2838 ex
3477 2783 3592 2838 hoc
3641 2781 3782 2836 fonte

2154 2883 2288 2926 suas
2319 2882 2499 2938 aquas
2529 2868 2834 2926 derivavit.
2873 2871 2941 2925 Et
2975 2857 3037 2926 ut
3067 2871 3242 2926 fontis
3276 2870 3433 2926 latex
3464 2869 3538 2924 ab
3572 2869 3783 2938 origine

2155 2971 2258 3013 sua
2311 2957 2611 3026 recedens,
2646 2959 2860 3014 sensim
2912 2959 3194 3030 augescit,
3226 2963 3282 3013 et
3317 2959 3370 3012 in
3404 2958 3594 3015 rivum
3633 2956 3788 3026 aquis

2156 3043 2412 3114 undique
2444 3044 2876 3100 conﬂuentibus
2899 3045 3057 3101 abit:
3086 3045 3235 3100 idem
3261 3046 3474 3101 factum
3496 3045 3637 3101 huic
3657 3045 3786 3100 Mar-

2154 3131 2462 3202 tyrologio,
2483 3133 2634 3203 quod
2662 3148 2812 3188 nunc
2829 3149 2858 3188 a
2875 3133 3025 3189 Beda
3051 3133 3358 3205 (PIantinia
3370 3149 3498 3189 num
3524 3132 3783 3203 indigitat

2153 3235 2225 3275 cx
2260 3220 2452 3275 Adone
2477 3223 2795 3291 sumptum)
2821 3236 2971 3276 nunc
2995 3222 3067 3277 ab
3097 3222 3364 3278 Usuardo
3387 3222 3565 3291 (hunc
3603 3221 3786 3276 Adone

2154 3308 2443 3363 seniorem
2478 3308 2744 3378 putabat)
2779 3325 2930 3365 nunc
2963 3311 3034 3364 ab
3087 3309 3303 3379 Adone,
3340 3324 3491 3366 nunc
3542 3310 3616 3364 ab
3667 3307 3786 3363 aliis

2157 3396 2434 3467 paulatim
2469 3396 2734 3452 increvit.
2763 3397 2984 3452 Licebit
3020 3413 3168 3454 nunc
3202 3398 3270 3453 ad
3306 3399 3518 3452 fontem
3553 3397 3785 3467 digitum

2158 3499 2385 3556 semper
2418 3485 2720 3541 intendere
2747 3503 2760 3548 ;
2785 3501 2853 3541 eo
2875 3487 3023 3542 enim
3059 3487 3189 3556 11110,
3215 3490 3388 3557 caput
3424 3487 3622 3558 fontis,
3646 3483 3786 3556 quod

2159 3574 2442 3629 hactenus
2472 3572 2710 3643 latebat,
2747 3575 2800 3628 in
2835 3579 3097 3644 apertum
3135 3575 3400 3644 produxi.
3433 3593 3460 3625 »
3496 3575 3626 3629 Haec
3659 3574 3786 3627 Ros-

2158 3661 2400 3730 wcydus
2431 3662 2643 3730 sagaci,
2670 3667 2899 3717 maturo
2934 3677 3186 3732 veroque
3211 3661 3451 3732 judicio,
3473 3677 3585 3731 quo
3608 3673 3784 3731 usque

2162 3749 2384 3804 ferebat
2408 3749 2618 3819 adepta
2646 3756 2779 3805 tunc
2805 3749 3634 3821 temporisMartyrologiorum
3653 3747 3788 3804 noti-

2159 3837 2260 3892 tia.
2288 3837 2478 3892 Rivuli
2501 3851 2638 3893 vero
2661 3842 2719 3892 et
2763 3837 3079 3894 rivulorum
3111 3853 3238 3893 cum
3273 3838 3460 3908 primo
3492 3837 3591 3893 illo
3621 3834 3784 3892 seriei

2160 3929 2377 3980 nostrae
2412 3926 2566 3980 fonte
2595 3925 2897 3995 connexio,
2923 3941 3026 3996 per
3055 3930 3241 3982 totum
3263 3925 3573 3982 Usuardini
3594 3925 3789 3994 Marty-

2161 4012 2367 4081 rologii
2400 4012 2757 4068 curriculum
2784 4013 2996 4070 diebus
3016 4012 3284 4083 singulis,
3309 4017 3426 4068 tam
3452 4011 3712 4070 sensibili
3732 4014 3784 4066 et

2163 4098 2438 4170 palpabili
2455 4099 2623 4156 modo
2635 4115 2706 4156 ex
2721 4100 3244 4156 Observationibus
3256 4100 3474 4158 nostris
3495 4099 3782 4167 elucescit,

2162 4193 2224 4244 ut
2251 4187 2518 4259 pluribus
2542 4189 2648 4244 hoc
2681 4203 2882 4244 saxum
2915 4187 3008 4244 hic
3039 4188 3274 4245 volvere
3306 4200 3784 4261 supervacaneum

2161 4275 2448 4332 videatur.
2485 4278 2694 4332 Verum
2725 4291 2854 4333 cum
2878 4280 2933 4332 ct
2959 4276 3068 4332 alia
3092 4283 3433 4346 argumenta
3457 4278 3783 4349 suppetant,

399 4342 590 4442 paulo
617 4342 870 4424 latiuset
883 4342 1530 4438 apertiusﬂescrioeret,
1548 4366 1746 4436 sicque
1763 4368 2054 4440 iu/lrmio-
2079 4342 2132 4402 D
2165 4378 2293 4433 quae
2325 4363 2564 4419 Romani
2601 4363 2760 4434 parvi
2795 4342 3425 4421 authentiam'miriflce
3475 4342 3779 4430 ill'u'strent,

411 4471 509 4514 res
514 4457 845 4528 fratres,...
863 4456 928 4510 iu
938 4455 1240 4511 memoriis
1258 4455 1595 4524 martyrum
1615 4454 2056 4512 haberentcom-

402 4545 757 4618 pemliosam
773 4545 1093 4612 lectionem,
1110 4543 1290 4613 atque
1303 4543 1560 4614 inparve
1582 4543 1881 4613 codicello,
1897 4545 2058 4615 quod

411 4633 599 4690 multo
624 4632 821 4690 labore
829 4646 942 4702 per
961 4632 1077 4688 alii
1086 4633 1295 4703 plures
1317 4632 1542 4688 codices
1563 4632 1908 4701 exquirunt.

488 4723 920 4802 130.'Supercst
961 4725 1189 4776 sextum
1242 4720 1414 4789 idque
1445 4719 1709 4776 ultimum
1743 4720 2053 4778 Adonianze

419 4808 780 4882 praefationis
817 4812 1014 4879 caput,
1041 4807 1192 4864 haud
1225 4822 1509 4877 quaquam
1540 4809 2047 4866 contemnendum.

416 4900 476 4954 In
517 4914 586 4954 eo
616 4898 873 4954 declarat
903 4895 1244 4952 Viennensis
1264 4894 1702 4964 Martyrologus,
1729 4895 1881 4966 quod
1907 4895 2051 4954 illud

417 4985 604 5056 ipsum
627 4986 914 5042 Ravennae
935 4984 1359 5054 transcriptum
1372 4981 1864 5054 Martyrologium,
1881 4985 1947 5041 iu
1958 5000 2054 5043 ca-

403 5073 538 5143 pite
554 5073 642 5130 sui
664 5073 1203 5146 operispouendum
1213 5071 1540 5142 putaverit.
1569 5071 1689 5126 Non
1717 5071 1866 5128 dixit
1887 5075 2050 5146 Operi

419 5173 526 5215 suo
545 5160 896 5231 sociandam,
923 5164 1024 5218 aut
1047 5174 1156 5216 una
1179 5173 1309 5215 cum
1333 5172 1510 5230 Opere
1542 5173 1648 5215 suo
1680 5161 2052 5233 compingen-

419 5245 574 5316 dum,
599 5248 701 5303 sed
733 5249 975 5319 diserte,
1000 5249 1068 5306 in
1087 5247 1282 5319 capite
1311 5247 1505 5318 operis
1514 5249 1853 5317 ponendum
1870 5251 2050 5321 puta-

413 5331 586 5402 verit,
621 5335 706 5390 sic
738 5339 798 5391 ut
844 5351 973 5393 cum
1023 5349 1200 5408 opere
1243 5348 1370 5403 suo,
1404 5349 1578 5391 unum
1627 5336 2048 5405 quodammodo

415 5420 684 5492 idemque
705 5436 852 5494 opus
871 5424 1217 5495 constituat,
1241 5427 1300 5480 et
1325 5428 1404 5480 ita
1435 5423 1666 5495 quidem
1697 5427 1760 5480 ut
1792 5424 1915 5496 ipsa
1944 5439 2046 5482 sua

2165 4449 2323 4506 lubet
2357 4455 2414 4508 et
2451 4450 2547 4507 illa
2579 4452 2844 4523 sequenti
2889 4450 3138 4507 articulo
3176 4451 3444 4520 ordinate
3485 4453 3782 4509 deducere.

2723 4575 3112 4632 ARTICULUS
3149 4577 3238 4632 IV.

2165 4690 2422 4748 Romani
2452 4690 2637 4761 parvi
2685 4691 3034 4762 auctoritas,
3069 4705 3146 4748 ea:
3185 4691 3630 4750 etiame-toribus
3655 4701 3784 4762 pro-

2294 4778 2480 4849 priis,
2511 4778 2686 4850 style,
2714 4791 2950 4849 genere,
2989 4779 3163 4837 etate
3199 4780 3650 4838 demonstratur.

2234 4897 2354 4949 132.
2387 4894 2522 4948 Eam
2559 4893 2726 4949 modo
2757 4895 2994 4950 Romani
3028 4894 3191 4965 parvi
3223 4894 3470 4966 eﬁlgiem
3494 4911 3565 4952 ex
3588 4889 3785 4951 Adonis

2164 4981 2503 5052 praefatione
2526 4995 2864 5053 expressam
2883 4981 3171 5052 dedimus,
3189 4987 3250 5038 ut
3268 4982 3583 5040 facillimea
3599 4977 3784 5055 quovis

2162 5071 2396 5139 agnosci
2426 5071 2613 5141 possit
2649 5075 2705 5126 et
2737 5071 2970 5141 debeat,
2994 5085 3178 5142 eaque
3209 5071 3404 5142 agnita
3437 5065 3784 5144 promptissi-

2161 5173 2312 5215 mum
2351 5158 2427 5214 sit
2461 5173 2663 5214 omnes
2690 5159 3160 5218 adversariorum
3180 5159 3584 5218 cavillationes
3605 5155 3784 5214 infrin-

2159 5261 2316 5318 gere.
2335 5249 2549 5304 Demus
2565 5249 2860 5318 Frontoni,
2881 5248 3491 5320 Florentinio,Cointio
3503 5249 3574 5307 ad
3593 5255 3783 5308 annum

2160 5340 2540 5408 518,p.515,et
2559 5337 3005 5409 quibuscunque
3019 5337 3148 5396 aliis
3162 5338 3218 5395 in
3231 5338 3434 5396 eadem
3448 5337 3786 5396 1111νὶ11101οη-

2157 5424 2344 5492 tibus;
2361 5425 3048 5498 demus,inquam,omnia
3064 5429 3218 5486 inter
3229 5428 3544 5488 Romanum
3561 5433 3782 5504 parvum
