3974 6150
258 161 363 216 525

1685 156 2228 218 PROLEGOMENA.

3545 176 3649 229 526

252 283 310 336 et
344 278 570 336 Adonis
590 279 1063 352 Martyrologium
1092 282 1171 338 ita
1204 281 1358 340 inter
1379 296 1442 340 se
1460 297 1803 355 congruere,
1830 286 1889 342 ut
1922 285 1974 345 A
2004 279 2227 338 Domini
2252 278 2524 337 alteram:
2549 294 2679 338 cum
2702 287 2893 341 tamen
2916 285 3067 357 Beda
3084 292 3300 359 praeter
3325 290 3455 349 illas
3476 293 3643 368 duas,

251 368 571 438 utrobique
594 368 745 425 idem
768 369 841 425 sit
869 369 1080 440 stylus,
1107 370 1256 427 idem
1279 372 1442 441 ordo,
1469 373 1671 429 eadem
1693 374 1892 443 verba,

249 455 425 512 iidem
457 457 794 527 solmcismi,
830 458 1001 514 iidem
1023 473 1276 530 errores,
1304 476 1543 533 prorsus
1560 467 1622 517 ut
1646 461 1701 517 in
1735 460 1894 516 nullo

246 543 611 616 discrepent,
630 546 862 615 sintque
882 546 1091 603 similia
1112 548 1323 619 omnia,
1341 549 1671 619 nequedum
1696 563 1896 605 conse-

248 646 435 702 quens
460 632 582 689 ullo
607 638 777 705 pacto
801 634 934 691 inde
957 634 1127 691 fuerit
1155 650 1392 707 parvum
1410 636 1551 692 illud
1574 637 1892 692 Romanum

245 734 318 775 ex
337 718 531 777 altero
553 726 943 793 contractum,
960 723 1070 778 nisi
1095 728 1217 780 tota
1246 724 1466 780 Adonis
1490 725 1755 796 praefatio
1778 724 1894 780 evi-

245 807 446 864 dentis
486 808 761 865 falsitatis
792 814 850 866 et
890 811 1274 882 apertissima;
1310 812 1737 884 suppositionis
1759 826 1894 869 con-

241 895 724 967 vincatur;quod
739 898 794 953 in
816 897 992 955 ullius
1009 900 1314 956 cerebrum
1352 901 1657 970 hactenus,
1672 900 1766 956 vel
1789 914 1892 972 per

244 984 543 1041 somnium
586 984 887 1056 incidisse,
912 1000 1024 1042 non
1056 987 1342 1044 novimus.
1370 988 1545 1059 Atqui
1587 988 1892 1045 sanctissi-

246 1089 381 1130 mus
404 1073 755 1131 Viennensis
787 1075 1002 1147 praesul
1029 1076 1275 1133 candide
1314 1082 1373 1133 et
1406 1077 1633 1134 sincere
1656 1077 1891 1150 proﬁte-

242 1166 360 1232 tur,
392 1177 457 1219 se
490 1163 562 1218 ad
603 1162 961 1235 supplendos
992 1165 1159 1221 Bedae
1188 1165 1313 1221 dies
1341 1179 1579 1236 vacuos,
1613 1166 1891 1237 adjntam

241 1251 433 1308 fuisse
472 1250 803 1309 venerabili
843 1253 903 1309 et
906 1253 1272 1325 perantiqno
1290 1252 1748 1326 Martyrologio,
1771 1257 1890 1312 Ra-

234 1351 443 1397 venna
466 1339 582 1395 sibi
592 1340 887 1411 praestita,
908 1354 938 1395 a
964 1355 1026 1397 se
1049 1342 1429 1413 transmipto,
1452 1356 1482 1397 a
1514 1355 1577 1398 se
1600 1343 1667 1399 in
1693 1343 1890 1415 capite

237 1430 438 1501 operis
463 1429 556 1486 sui
561 1430 760 1502 posito
780 1450 800 1485 :
826 1430 1120 1488 invenitur
1152 1432 1309 1487 istud
1342 1431 1531 1503 ipsum
1553 1431 1888 1502 Martyrolo-

236 1517 399 1588 gium
426 1517 484 1574 in
507 1518 703 1590 capite
727 1518 1007 1574 Adoniani
1049 1519 1326 1591 positum,
1362 1524 1645 1591 apparent
1668 1520 1883 1591 ubique

237 1606 518 1677 vestigia,
540 1611 656 1662 tam
688 1606 844 1663 clare
874 1607 945 1662 ab
977 1607 1176 1663 Adone
1207 1608 1580 1679 priesignata,
1609 1621 1794 1678 eaque
1823 1612 1883 1664 et
1915 1633 1968 1692 Β

235 1692 473 1763 singula
498 1698 559 1750 et
580 1694 770 1750 omnia
801 1695 888 1751 sic
908 1696 1163 1751 Romano
1197 1710 1376 1767 parvo
1400 1696 1634 1767 propria
1659 1699 1793 1752 sunt
1821 1699 1883 1752 ut

236 1781 290 1837 in
311 1780 548 1838 nullum
561 1781 718 1839 aliud
732 1782 1208 1853 Martyrologium
1231 1783 1543 1839 convenire
1568 1782 1688 1840 ullo
1712 1787 1885 1855 pacto

240 1870 501 1943 possint.
519 1871 586 1926 Et
609 1876 778 1928 erunt
804 1874 937 1943 post
962 1872 1104 1942 haec,
1122 1872 1221 1942 qui
1245 1876 1509 1928 sanctum
1533 1872 1722 1944 ipsum
1743 1873 1886 1928 Ado-

233 1971 387 2029 nem,
416 1964 648 2016 tantum
688 1974 801 2015 non
842 1960 1128 2016 mendacii
1158 1964 1491 2031 arguentes,
1520 1964 1789 2031 tanquam
1812 1976 1885 2017 ex

230 2046 475 2119 tripode
492 2048 663 2104 nobis
677 2047 975 2118 deﬁniant,
990 2048 1461 2120 Martyrologium
1476 2055 1739 2105 nostrum
1757 2064 1883 2120 par-

231 2149 392 2207 vum,
430 2151 540 2193 seu
560 2141 731 2193 vetus
752 2151 782 2193 a
820 2137 1150 2208 Rosweydo
1188 2137 1429 2207 editum,
1465 2149 1581 2193 non
1602 2150 1726 2195 esse
1760 2138 1882 2195 nisi

229 2225 532 2296 epitomen
548 2224 976 2297 Mamtyroloyii
993 2226 1233 2295 Adonis,
1254 2225 1307 2280 in
1322 2241 1438 2295 quo
1449 2228 1649 2283 omnia
1657 2240 1884 2298 pne-mn

220 2314 443 2387 putrem
462 2313 726 2370 Adonem
742 2314 1002 2385 sapiant.
1029 2316 1146 2383 Ego
1180 2329 1267 2370 me
1311 2315 1499 2371 fateor
1537 2329 1745 2387 capere
1769 2330 1880 2371 non

228 2416 438 2473 posse,
480 2402 579 2472 qui
620 2402 676 2458 id
723 2402 931 2458 saltem
982 2402 1356 2472 Florentinio,
1402 2403 1657 2475 penitius
1690 2404 1880 2460 omnia

228 2490 499 2547 scrutari
523 2489 720 2561 solito,
747 2506 1095 2562 persuasum
1116 2492 1309 2547 fuerit.
1347 2493 1457 2549 Sed
1482 2492 1651 2548 ﬁdem
1674 2492 1882 2549 libere-

228 2592 383 2649 mus,
412 2578 724 2649 ipsumque
766 2580 1083 2636 Romanum
1119 2595 1359 2651 parvum
1398 2581 1547 2637 vivis
1578 2581 1721 2652 suis,
1750 2596 1881 2653 pro-

227 2667 403 2738 priis,
438 2666 775 2737 nativisque
798 2667 1096 2724 coloribus
1128 2668 1528 2739 depingamus.

294 2758 432 2811 133.
471 2754 663 2809 Prima
694 2756 1067 2826 antiquitatis
1098 2760 1234 2812 nota
1260 2758 1513 2829 propria,
1542 2762 1599 2813 et
1632 2758 1704 2813 ab
1736 2758 1882 2814 Ado-

225 2843 401 2899 niana
437 2843 716 2899 methodo
754 2844 1008 2914 diversa,
1044 2845 1176 2901 inde
1205 2846 1259 2901 in
1283 2848 1542 2902 Romano
1574 2861 1750 2918 parvo
1784 2847 1879 2902 de-

224 2932 516 3002 sumitur,
535 2932 688 3003 quod
710 2933 806 2989 ubi
837 2933 958 2989 Ado
983 2938 1041 2989 et
1060 2934 1261 2990 caeteri
1296 2934 1430 2989 noni
1455 2934 1654 2990 saaculi
1681 2935 1881 3003 Marty-

227 3021 447 3091 rologi,
486 3019 759 3090 religiose
810 3036 1040 3094 semper
1084 3023 1281 3080 sancti
1327 3027 1425 3079 aut
1459 3022 1615 3080 beati
1671 3036 1879 3078 nomen

228 3109 603 3182 martyribus
633 3116 691 3166 et
723 3110 1163 3167 confessoribus
1199 3111 1523 3182 prmflgunt,
1566 3117 1773 3167 auctor
1806 3111 1880 3166 is-

226 3199 347 3255 tius
385 3198 965 3270 Martyrologii,licet
1000 3205 1253 3272 apponat
1274 3199 1605 3270 aliquando,
1623 3204 1878 3256 attamen

225 3287 458 3359 saepius
504 3287 774 3342 omittere
815 3287 1031 3355 soleat;
1079 3302 1206 3343 nam
1259 3303 1331 3343 ex
1362 3289 1587 3344 duabus
1616 3292 1671 3344 et
1716 3303 1881 3345 sexa-

206 3376 388 3446 ‘ginta
418 3375 968 3432 annuntiationibus
991 3376 1208 3432 mensis
1229 3377 1485 3433 Januarii
1511 3376 1722 3447 quibus
1744 3392 1881 3435 san-

224 3467 303 3521 cti
316 3465 509 3531 beati,
530 3468 627 3519 aut
660 3465 997 3521 sanctorum
1018 3468 1074 3519 et
1100 3465 1401 3522 beatorum
1424 3465 1631 3521 titulus
1657 3466 1877 3537 prmﬁgi

228 3555 423 3624 potuit
456 3552 518 3607 in
543 3552 779 3621 triginta
828 3558 1047 3608 tantum
1078 3558 1134 3608 et
1170 3569 1279 3609 una
1317 3554 1638 3624 reperitur;
1684 3569 1878 3609 mense

225 3641 583 3709 Februario,
632 3656 703 3697 ex
749 3642 1130 3711 quadraginta
1176 3642 1429 3711 quinque
1471 3642 1881 3697 enuntiationi-

227 3729 353 3801 bus,
374 3735 612 3801 septem
627 3734 682 3785 et
696 3730 902 3799 viginti
917 3730 1189 3802 apposito
1204 3734 1425 3786 carent.
1446 3732 1668 3785 Rursus
1686 3745 1879 3785 mense

224 3818 440 3874 Martio
474 3833 550 3873 ex
577 3819 961 3889 quadraginta
993 3826 1267 3889 quatuor,
1292 3817 1430 3873 solae
1470 3818 1711 3887 signatae
1744 3822 1878 3874 sunt

228 3907 524 3963 sedecim.
553 3906 607 3961 Si
628 3921 858 3963 menses
878 3906 1024 3963 alios
1058 3922 1368 3979 percurras
1402 3906 1709 3977 pauciores
1730 3922 1883 3963 com-

228 3995 699 4052 memorationes
738 4000 1078 4066 occurrunt,
1117 3995 1173 4051 in
1198 3995 1412 4066 quibus
1434 3996 1503 4051 de
1536 3995 1881 4052 ascribenda

225 4085 431 4142 sancti
456 4086 559 4139 aut
583 4083 740 4141 beati
771 4082 1159 4156 appellatione
1181 4082 1573 4155 Martyrologii
1606 4082 1762 4141 illius
1784 4098 1883 4141 au-

224 4179 359 4229 ctor
382 4171 687 4230 sollicitus
720 4172 915 4243 fuerit,
940 4172 1085 4229 adeo
1121 4177 1180 4228 ut
1205 4176 1331 4228 toto
1354 4187 1550 4228 mense
1572 4173 1880 4228 Novembri

226 4262 325 4317 vix
357 4267 598 4333 quater,
631 4262 935 4318 Decembri
976 4260 1162 4317 solum
1204 4261 1293 4317 bis
1339 4260 1686 4317 inveniatur.
1722 4263 1880 4318 Hanc

1911 2986 1959 3049 C

2008 370 2186 426 etiam
2206 370 2669 428 sanctiJoannis
2678 372 2966 443 Baptista
2977 379 3033 430 et
3048 378 3389 436 sanctorum
3407 381 3580 441 Petri
3591 386 3653 442 et

2006 459 2194 514 Paali
2218 458 2428 528 vigilas
2451 457 2716 530 posuisse
2742 461 3101 529 reperiatur;
3134 470 3197 519 ut
3230 466 3362 521 inde
3398 484 3510 525 non
3543 471 3645 526 im-

2007 546 2294 617 probabili
2316 547 2653 617 conjectura
2674 546 2952 617 colligere
2976 550 3105 619 quis
3128 554 3335 624 possit,
3366 557 3642 628 Martyro-

2006 633 2223 704 logium
2248 634 2391 692 illud
2412 640 2671 692 nostrum
2688 641 2821 692 ante
2836 636 3003 694 Beda;
3022 642 3280 710 tempora
3296 643 3474 701 fuisse
3490 662 3641 704 com-

2006 722 2283 792 positum,
2310 724 2573 793 quamvis
2596 738 2703 779 nos
2722 724 3002 794 epocham
3026 726 3152 795 ejus
3177 733 3446 799 putemus
3470 736 3640 804 paulo

2005 812 2140 880 post
2164 809 2331 866 Bedaa
2353 810 2576 867 obitum
2612 810 3014 869 inchoandam.
3039 816 3108 869 At
3142 830 3283 872 vero
3313 818 3640 889 vigiliarum

2004 898 2375 955 omissionem
2396 899 2549 955 inter
2562 901 2879 957 vetustatis
2897 906 3059 958 certa
3073 903 3287 961 indicia
3303 906 3470 978 plane
3491 924 3642 966 com-

2002 986 2317 1057 putandam
2339 1001 2490 1057 esse,
2517 990 2767 1060 probant
2801 1005 3007 1048 rursus
3033 992 3473 1064 Hieronymiana
3508 1013 3642 1069 apo-

1999 1075 2240 1145 grapha,
2267 1075 2337 1132 ad
2371 1090 2499 1147 qua:
2527 1077 2614 1135 sic
2646 1084 2811 1135 notat
2844 1078 3237 1138 Florentinius
3258 1098 3387 1139 xxrv
3412 1086 3643 1142 Decem-

2002 1162 2161 1219 bris:
2193 1183 2219 1214 «
2254 1165 2391 1220 Cum
2424 1179 2611 1236 neque
2643 1166 2699 1222 in
2738 1166 3042 1225 codicibus
3088 1172 3327 1241 nostris,
3364 1187 3551 1244 neque
3584 1175 3638 1231 in

1999 1251 2412 1323 Martyrologio
2442 1255 2842 1312 vetustissimo
2884 1258 3153 1328 (namque
3204 1262 3634 1333 Antuerpiensi,

1997 1338 2090 1395 vel
2120 1342 2561 1412 Epternacensi)
2591 1342 2799 1412 Vigilia
2834 1344 3163 1402 nativitatis
3196 1348 3436 1415 Domini,
3463 1350 3519 1405 in
3540 1351 3638 1407 ho-

1998 1427 2217 1485 diernis
2251 1430 2416 1486 fastis
2459 1431 2781 1497 indicetur;
2816 1446 3013 1489 ansam
3049 1435 3298 1503 praebuit
3328 1438 3633 1495 dubitandi

1997 1530 2109 1572 non
2122 1531 2254 1574 esse
2268 1518 2377 1574 hoc
2394 1519 2448 1573 in
2468 1519 2730 1576 Ecclesia
2744 1522 3131 1578 vetustissimi
3148 1540 3305 1593 usus,
3323 1525 3414 1581 vel
3427 1527 3633 1583 saltem

1996 1609 2220 1661 certum
2244 1620 2393 1677 esse,
2434 1622 2488 1663 IN
2528 1623 2958 1666 VETUSTIORIBUS
2989 1611 3447 1671 MARTYROLOGIIS
3494 1632 3635 1673 VIGI-

1997 1708 2119 1750 uas
2158 1710 2268 1751 nos
2300 1710 2565 1752 INDICARI.
2603 1716 2630 1747 »
2667 1698 2723 1751 Si
2756 1697 2926 1769 paulo
2957 1702 3287 1757 accuratius
3318 1704 3631 1761 Romanum

1997 1797 2235 1853 parvum
2260 1784 2576 1841 evolvisset
2608 1785 2697 1841 vir
2727 1786 3110 1859 clarissimus,
3134 1790 3628 1863 advertissetque,

1994 1885 2106 1927 non
2138 1871 2248 1928 nisi
2292 1887 2459 1929 unam
2499 1874 2813 1945 Laurentii,
2848 1875 3207 1948 alteramque
3258 1881 3479 1936 Natalis
3526 1883 3631 1939 Do-

1993 1960 2129 2015 mini
2152 1960 2407 2030 vigiliam
2447 1962 2503 2016 in
2536 1976 2606 2018 eo
2629 1963 2868 2034 signari,
2897 1966 3129 2021 tametsi
3174 1966 3370 2037 plures
3407 1969 3538 2024 alias
3572 1969 3625 2025 in

1995 2048 2193 2104 Adone
2224 2050 2612 2121 reperiantur,
2650 2066 2761 2108 non
2802 2057 2918 2107 tam
2967 2053 3135 2110 facile
3170 2057 3623 2128 pronuntiasset,

1994 2155 2023 2188 «
2050 2138 2356 2206 agnovisse
2377 2152 2459 2207 se,
2484 2154 2595 2195 non
2616 2140 2872 2195 Adonem
2894 2155 2966 2197 ex
2988 2141 3095 2197 hoc
3120 2143 3484 2214 Kalendario,
3507 2150 3627 2201 tan-

1991 2239 2160 2295 quam
2183 2240 2255 2280 ex
2277 2227 2517 2297 antiquo
2552 2227 2909 2298 Aquileiensi
2951 2230 3171 2300 codice,
3200 2232 3255 2287 in
3287 2246 3455 2287 sunm
3489 2235 3630 2289 Mar-

1992 2313 2343 2384 tyrologium
2371 2317 2744 2373 transtulisse
2770 2335 2783 2383 ;
2821 2318 2923 2373 sed
2953 2334 2983 2374 e
3016 2324 3219 2375 contra
3244 2323 3629 2378 recentiorem

1991 2401 2360 2472 scriptorem,
2389 2403 2519 2460 inde
2550 2420 2717 2461 suum
2748 2405 3064 2463 indiculum
3087 2410 3506 2480 compegisse.»
3528 2414 3631 2468 Ne-

1991 2504 2102 2559 que
2126 2489 2285 2546 dicas
2308 2490 2526 2561 signari
2551 2492 2805 2561 vigiliam
2831 2494 3243 2565 Apostolorum
3268 2514 3378 2553 xxx
3396 2499 3627 2570 Aprilis,

1991 2592 2118 2633 nam
2152 2579 2298 2635 satis
2328 2579 2532 2649 liquet,
2567 2596 2692 2635 eam
2724 2581 2920 2650 inepte
2954 2583 3031 2638 ibi
3066 2584 3346 2641 intrusam
3370 2602 3517 2658 csse,
3545 2589 3629 2644 uti

1989 2666 2192 2721 eodem
2218 2666 2309 2722 die
2339 2667 2623 2733 Quirinus
2647 2668 2901 2738 ponitur,
2930 2670 2984 2737 in
3010 2672 3258 2740 gratiam
3284 2675 3630 2732 Novesiano-

1990 2767 2114 2810 rum
2140 2754 2219 2809 ibi
2249 2755 2563 2825 ascriptus,
2591 2761 2651 2811 et
2678 2756 2824 2812 male
2852 2771 2923 2813 ex
2953 2774 3063 2814 xxx
3094 2750 3281 2815 Martii
3318 2764 3625 2832 repetitus.

2061 2848 2181 2898 135.
2210 2844 2281 2897 Ut
2305 2842 2398 2915 hic
2427 2843 2604 2899 semel
2624 2847 2966 2916 compendio
2987 2848 3405 2917 epitomatores
3426 2866 3628 2907 omnes

1989 2944 2299 3000 exarmem,
2336 2946 2476 3000 rogo
2503 2932 2572 2987 ad
2606 2934 2907 3002 sequentia
2944 2936 3189 3004 quaesita
3237 2937 3458 2994 solidas
3492 2940 3629 2994 mihi

1989 3019 2404 3089 responsiones
2437 3020 2769 3089 subjiciunt.
2805 3022 3030 3093 Qumro,
3064 3031 3121 3079 1°
3156 3026 3208 3080 Si
3236 3027 3629 3098 Martyrologii

1989 3108 2227 3163 Romani
2260 3110 2481 3165 veteris
2514 3125 2617 3166 seu
2651 3125 2811 3181 parva
2846 3112 3193 3183 compilator
3235 3115 3451 3171 Adonis
3490 3118 3631 3173 Mar-

1990 3196 2342 3267 tyrologium
2368 3213 2485 3269 pra)
2508 3198 2696 3255 oculis
2719 3199 2941 3271 habuit,
2959 3202 3124 3271 cedo,
3141 3217 3246 3259 cur
3261 3203 3385 3260 dies
3409 3211 3629 3276 septem

1988 3300 2208 3343 vacuos
2239 3287 2497 3359 reliquit,
2531 3304 2662 3345 cum
2714 3294 2935 3360 septem
2980 3290 3130 3362 illos,
3166 3308 3277 3348 non
3326 3295 3513 3351 minus
3562 3310 3630 3351 ac

1992 3380 2243 3432 czeteros
2266 3392 2464 3433 omnes
2480 3392 2550 3432 ex
2571 3379 2770 3434 Adone
2795 3380 3258 3437 commodissime
3274 3382 3517 3453 implere
3535 3400 3631 3455 po-

1992 3464 2216 3520 tuerit?
2238 3470 2298 3521 2°
2321 3465 2458 3531 Quae
2483 3468 2632 3522 ratio
2654 3468 2797 3523 satis
2818 3470 3139 3538 excogitari
3173 3476 3387 3541 potest,
3413 3488 3517 3528 cur
3549 3474 3631 3529 vi-

1988 3553 2178 3621 gilias,
2208 3557 2322 3608 tam
2355 3554 2510 3609 clare
2536 3555 2591 3609 in
2616 3556 2735 3609 Ado
2764 3574 2810 3610 ie
2846 3557 3121 3627 signatas,
3161 3561 3628 3632 praetermiserit,

1992 3645 2056 3697 ut
2079 3642 2149 3696 de
2173 3642 2366 3711 vigilia
2390 3643 2818 3712 Assumplionis
2837 3645 3096 3712 Deiparm
3112 3648 3356 3701 Scorsim
3373 3648 3631 3718 disputa-

1990 3728 2177 3784 vimus
2196 3729 2263 3783 ad
2290 3745 2381 3784 xxv
2413 3731 2763 3797 Augusti?30
2785 3732 2898 3785 Cur
2932 3732 3111 3787 totius
3146 3733 3403 3789 debitum
3434 3738 3632 3794 sancti

1993 3817 2248 3886 titulum,
2281 3818 2337 3871 in
2370 3818 2565 3872 Adone
2589 3818 3031 3874 distinctissime
3058 3821 3328 3890 positum,
3355 3838 3630 3894 suppres-

1993 3905 2067 3960 sit
2090 3907 2184 3961 ΜΟ
2217 3907 2330 3961 Cur
2353 3905 2550 3976 plures
2574 3907 2786 3977 passim
2810 3908 2864 3961 in
2891 3907 3088 3963 Adone
3111 3911 3632 3968 annuntiationes?

1990 4009 2095 4050 cur
2110 3994 2165 4049 in
2180 3994 2434 4051 Romano
2448 4010 2625 4065 parvo
2639 3996 3075 4065 pauciores?sic
3090 4013 3181 4053 xiv
3196 3999 3431 4070 Aprilis,
3451 4000 3503 4055 in
3530 4001 3630 4057 illo

1993 4086 2243 4153 quatuor
2266 4083 2511 4153 integre,
2532 4084 2585 4138 in
2600 4085 2708 4140 hoc
2724 4084 2845 4140 sola
2866 4101 2976 4142 una
2992 4092 3051 4141 et
3068 4087 3256 4157 unica,
3274 4103 3455 4144 currv
3479 4089 3626 4160 Maii,

1990 4187 2063 4228 ex
2083 4172 2732 4229 commemorationibus
2756 4174 3042 4247 quinque;
3064 4192 3198 4232 xxvr
3216 4178 3364 4248 Maii,
3400 4192 3471 4233 ex
3496 4194 3629 4246 sex;

1991 4277 2071 4318 xu
2086 4262 2239 4318 Junii
2263 4266 2323 4316 et
2344 4262 2482 4317 alibi
2505 4263 2737 4333 szepius,
2759 4280 2831 4318 ex
2854 4269 3105 4335 quatuor
3137 4283 3247 4322 non
3281 4268 3390 4323 nisi
3424 4284 3631 4324 rursus

221 4365 370 4407 vero
394 4353 626 4407 certam
666 4364 799 4405 esse
840 4349 1209 4420 antiquitatis
1231 4353 1449 4419 notam,
1470 4365 1539 4405 ex
1562 4366 1631 4406 eo
1654 4351 1877 4406 confice
1908 4342 1960 4400 D
1993 4351 2162 4407 unica
2181 4350 2823 4407 redditur?Plurimaet
2840 4354 3018 4408 ferme
3034 4356 3369 4424 quotidiana
3386 4356 3633 4412 sunthu-

225 4438 387 4509 quod
409 4436 1115 4508 codicesllieronymiani,
1133 4442 1254 4493 tum
1280 4438 1527 4507 majores
1549 4453 1579 4494 a
1600 4438 1882 4494 Florenti-

224 4525 321 4583 nio
342 4526 502 4584 editi
524 4526 934 4597 tum,minores
956 4541 1105 4597 quos
1127 4526 1304 4598 priori
1328 4526 1521 4597 capite
1544 4527 1881 4598 percensui-

225 4630 381 4687 mus,
412 4629 553 4670 raro
577 4615 635 4671 id
674 4628 861 4685 genus
887 4614 1090 4673 titulos
1132 4614 1510 4687 praemittam,
1536 4617 1711 4685 atque
1734 4615 1880 4670 adeo

225 4709 397 4760 tanto
421 4702 641 4775 rarius,
669 4707 888 4774 quanto
911 4704 1277 4774 antiquiores
1303 4703 1700 4774 fuerint,quod
1728 4702 1883 4757 miri-

224 4790 336 4848 ﬁce
359 4792 564 4849 elucet
584 4792 640 4848 in
664 4794 997 4864 apographo
1016 4792 1453 4865 Epternacensi,
1473 4792 1528 4848 in
1553 4806 1667 4863 quo
1680 4791 1777 4847 vix
1790 4806 1885 4848 no-

222 4884 281 4936 ta
297 4887 398 4938 est
422 4882 625 4940 sancti
638 4885 736 4938 aut
753 4880 911 4938 beati
931 4880 1345 4952 nomenclatio,
1359 4886 1419 4937 et
1433 4881 1764 4953 ubicunque
1788 4895 1884 4954 ap-

224 4972 502 5041 ponitur,
518 4970 667 5027 forte
697 4976 970 5041 tanquam
1003 4969 1300 5041 adjectitia
1333 4971 1586 5042 expungi
1602 4976 1879 5027 meretur.

298 5066 323 5116 1
338 5063 432 5115 34.
451 5058 638 5129 Alter,
656 5057 821 5130 isque
836 5056 1202 5116 indubitatus
1218 5059 1533 5116 vetustatis
1554 5059 1882 5130 character,

222 5146 284 5203 iu
308 5147 582 5203 Romano
602 5161 783 5218 parvo
805 5148 1032 5204 censeri
1064 5148 1258 5217 debet,
1285 5147 1440 5219 quod
1471 5152 1601 5205 toto
1621 5148 1753 5204 anni
1777 5147 1887 5204 cir-

221 5234 395 5306 culo,
422 5238 491 5292 ut
528 5234 898 5306 Martyrologi
922 5234 1263 5307 loquuntur,
1291 5236 1594 5292 rarissime
1631 5236 1888 5309 Vigilias

223 5327 584 5381 sanctorum
600 5323 919 5394 signaverit
935 5342 950 5391 ;
967 5324 1081 5380 imo
1092 5323 1423 5380 certissime
1438 5337 1549 5381 non
1563 5323 1678 5380 nisi
1695 5335 1884 5393 unam,

220 5411 443 5472 Romae
467 5413 724 5473 fortasse
768 5412 1061 5487 propriam
1087 5411 1276 5469 sancti
1298 5411 1625 5482 Laurentii;
1664 5408 1888 5468 Natalis

1984 4437 2546 4509 jusmodiexempla,
2573 4454 2699 4510 qua:
2737 4440 2791 4494 in
2827 4442 3349 4499 Observationibus
3373 4459 3631 4501 nonnun-

1992 4541 2162 4597 quam
2176 4527 2607 4597 expenduntur.
2628 4530 2837 4583 Fateor
2850 4530 3116 4599 equidem
3135 4537 3357 4587 tantum
3374 4533 3526 4603 apud
3542 4548 3629 4588 me

1994 4615 2174 4671 fuisse
2198 4615 2370 4686 hujus
2391 4617 2718 4685 argumenti
2742 4618 2987 4687 pondus,
3014 4623 3078 4674 ut
3103 4619 3235 4675 inde
3260 4620 3456 4675 rimari
3490 4620 3631 4675 inci-

1994 4702 2178 4774 piens,
2207 4707 2387 4759 totam
2422 4702 2576 4759 illam
2600 4704 2911 4775 Rosweydi
2930 4706 3397 4764 adversariorum
3417 4707 3629 4764 machi-

1993 4805 2121 4848 nam
2155 4791 2323 4863 plane
2354 4793 2651 4849 ruinosam
2685 4793 3058 4849 adverterim.

2065 4884 2184 4935 136.
2221 4879 2367 4945 Quid
2398 4881 2572 4951 enim,
2607 4880 2686 4936 ita
2722 4881 3071 4953 inquiebam,
3108 4882 3244 4953 quid
3276 4886 3629 4954 praetensum

1995 4967 2158 5024 illum
2189 4968 2635 5039 epitomatorem
2684 4970 3021 5026 absterrere
3073 4971 3283 5041 potuit,
3321 4972 3632 5041 quominus

1995 5059 2331 5113 sanctorum
2366 5056 2571 5115 saltem
2617 5057 2843 5113 nomina
2895 5072 2968 5115 ex
3018 5059 3215 5115 Adone
3262 5065 3629 5131 excerperet,

1996 5159 2126 5201 cum
2158 5144 2266 5216 ipsi
2298 5143 2599 5202 insolitum
2628 5160 2737 5202 non
2790 5146 2888 5216 sit,
2922 5152 3176 5216 quatuor
3225 5152 3326 5206 aut
3376 5148 3633 5221 quinque

1998 5235 2253 5302 sanctos,
2271 5231 2384 5289 imo
2407 5233 2648 5289 totidem
2671 5232 3146 5291 annuntiationes
3170 5249 3285 5292 uno
3306 5237 3399 5293 die
3423 5252 3636 5310 repre-

1998 5324 2231 5377 sentare
2251 5321 2275 5376 ?
2297 5320 2434 5376 Inde
2453 5320 2524 5376 ad
2548 5320 2659 5377 alia
2682 5321 2998 5378 scrutanda
3023 5335 3352 5394 progresso,
3371 5324 3472 5382 lux
3491 5340 3637 5384 sem-

1998 5422 2104 5482 per
2133 5421 2303 5480 nova,
2336 5421 2567 5481 semper
2597 5407 2779 5481 major
2809 5406 3017 5465 oborta
3067 5415 3181 5483 est,
3218 5425 3329 5485 qua
3358 5413 3637 5483 Martyro-
