3988 6158
389 289 542 348 627.

1340 277 1712 338 USUARDUS
1747 233 2128 338 MclvAcnus
2167 277 2814 341 SANGERMANENSIS.

3673 281 3770 338 828

386 409 522 479 logii
555 408 729 465 istius
765 407 1015 478 pretium
1047 410 1104 462 et
1139 404 1451 463 {estimatio
1475 407 1678 463 mirum
1700 406 1757 463 in
1792 383 2025 464 modum
2056 408 2112 468 A
2137 411 2302 464 certe
2335 409 2690 480 prmluxerit,
2724 422 2838 464 non
2857 405 3088 476 negabit
3113 403 3522 473 Florentinius,
3542 417 3652 460 nec
3674 404 3768 474 qui

386 497 537 568 apud
571 511 661 552 me
694 496 974 552 accrevit.
1003 495 1141 551 Inde
1173 499 1382 565 tamen,
1413 500 1473 552 ut
1505 496 1788 566 dicebam,
1813 495 2026 566 disqui-

383 584 614 641 sitionis
645 598 786 640 mea;
819 585 1000 640 ferme
1043 583 1408 654 principium.
1452 586 1532 639 Ne
1563 585 1793 654 longius
1822 598 2026 654 evage-

384 688 530 740 mur,
583 675 848 744 conferat
899 673 1086 729 lector
1125 672 1308 729 solum
1359 686 1610 729 mensem
1664 674 2019 730 Januarium.

385 761 612 829 Quaero,
639 777 746 817 cur
770 761 954 832 primo
976 761 1068 816 die
1091 765 1419 832 apponatur
1443 761 1851 831 C’imamcisio,
1875 762 2026 818 Ado-

385 849 440 904 ni
467 849 804 920 praaterita?
827 851 940 905 Cur
977 849 1333 906 omittuntur
1359 850 1587 906 milites
1608 851 1750 906 xxx?
1773 852 1886 906 Cur
1905 852 2028 907 Eu-

380 937 704 1009 phrosgua,
719 952 826 993 cur
845 937 1205 1009 Eugeudus?
1227 938 1340 993 Cur
1363 953 1426 993 ιιι
1445 937 1705 994 Januarii
1733 937 1894 994 solus
1913 939 2025 995 Au-

387 1025 590 1083 tlm‘us
611 1040 642 1080 a
671 1027 924 1082 Romano
947 1039 1126 1098 parvo
1148 1030 1451 1083 extractus
1470 1030 1579 1096 est,
1596 1027 1826 1084 omissis
1845 1025 2026 1084 Gomo-

381 1115 520 1188 vefa
540 1119 599 1170 et
620 1115 952 1172 Florentio?
977 1115 1090 1172 Cur
1124 1130 1239 1171 xv"
1275 1115 1533 1172 Januarii
1567 1115 1709 1170 nihil
1741 1116 1918 1172 habet
1952 1116 2024 1172 de

385 1201 850 1274 Lingoueusibus
876 1204 1269 1274 Tergemiuis?
1290 1203 1429 1260 Vide
1461 1203 1539 1258 ibi
1561 1203 2024 1260 observationem

386 1295 662 1347 nostram.
687 1293 766 1347 Tu
793 1305 970 1363 perge
1003 1292 1075 1348 ab
1099 1291 1224 1348 dies
1254 1291 1398 1349 alios
1428 1307 1538 1348 non
1562 1291 1750 1348 minus
1773 1292 2024 1363 inaequa-

387 1377 489 1450 les,
513 1383 573 1436 et
593 1393 846 1449 causam,
883 1380 1074 1451 sodes,
1107 1379 1199 1436 vel
1231 1380 1485 1452 ineptam
1517 1381 1805 1452 excogita,
1831 1397 1936 1438 cur
1968 1381 2025 1436 hi

385 1471 482 1524 aut
517 1467 600 1523 illi
634 1483 754 1539 prie
788 1468 916 1524 aliis
947 1468 1170 1525 sanctis
1189 1482 1261 1524 ex
1285 1469 1482 1525 Adone
1513 1467 1680 1538 seligi
1705 1469 2022 1540 potuerint.

384 1556 485 1611 Est
518 1556 590 1612 ad
621 1571 850 1612 manum
895 1556 1198 1626 catalogus
1245 1558 1391 1613 bene
1435 1556 1658 1627 longus,
1694 1571 1795 1628 per
1825 1571 2026 1613 omnes

385 1645 517 1700 anni
551 1659 778 1702 menses
808 1645 1048 1715 diesque
1080 1645 1420 1716 decurrens,
1455 1659 1623 1716 quem
1659 1645 1812 1702 taedii
1844 1646 2028 1702 vitan-

2133 511 2264 552 cum
2295 495 2422 567 ipso
2445 497 2723 566 sentiunt,
2750 495 3092 567 praedictum
3118 491 3589 563 Martyrologium
3613 505 3770 562 vere,

2129 588 2192 640 et
2225 584 2458 656 proprie
2488 585 2819 642 Romanum
2838 597 2987 653 esse,
3015 579 3481 652 quandoquidem
3512 580 3774 638 disertis-

2133 673 2275 729 sime
2325 676 2582 728 testetur
2629 671 3049 742 Martyrologus
3096 669 3460 740 Viennensis,
3503 669 3576 727 ab
3635 668 3776 727 urbe

2133 761 2322 819 Roma
2343 761 2685 832 Aquileiam
2700 760 2942 818 cuidam
2951 759 3154 817 sancto
3173 760 3485 831 episcopoa
3493 758 3776 830 pontiﬁce

2134 849 2396 906 Romano
2425 848 2732 906 directum.
2767 849 3152 904 Romanorum
3194 846 3532 916 pontificum
3567 843 3774 915 agendi

2135 936 2418 993 rationem
2460 937 2689 1013 nescire
2738 939 2992 1007 Oportet,
3029 948 3342 1004 rerumque
3387 934 3772 990 Romanarum

2135 1040 2378 1096 prorsus
2405 1039 2537 1082 esse
2569 1025 2851 1094 ignarum,
2887 1023 2984 1095 qui
3016 1022 3149 1079 inde
3177 1022 3454 1094 consequi
3499 1037 3614 1077 non
3649 1036 3775 1094 per-

2133 1113 2362 1185 spiciat,
2381 1112 2697 1170 indicatum
2710 1112 2908 1169 verbis
2930 1111 3049 1169 illis
3074 1110 3566 1182 Martyrologium,
3583 1111 3774 1167 Romae

2132 1205 2490 1271 contextum,
2526 1201 2720 1258 Romae
2751 1201 3056 1272 scriptum,
3090 1200 3284 1258 Romae
3314 1213 3418 1272 per
3449 1198 3508 1254 id
3543 1203 3775 1270 tempus

2134 1288 2418 1347 usitatum
2442 1287 2642 1358 fuisse,
2660 1303 2766 1345 nec
2789 1287 2898 1344 alia
2923 1302 3101 1344 causa
3117 1287 3436 1359 Aquileiam
3461 1286 3772 1356 directum,

2137 1390 2308 1448 quam
2339 1381 2402 1432 ut
2443 1391 2510 1432 ea
2557 1374 2828 1447 ecclesia,
2861 1377 3133 1432 Romana:
3181 1379 3527 1432 czeterarum
3583 1375 3772 1444 matri,

2137 1479 2266 1522 sese
2291 1465 2495 1536 purius
2518 1465 2932 1522 conformaret.
2950 1466 3016 1520 Et
3032 1464 3156 1521 haec
3179 1465 3409 1535 quidem
3424 1478 3494 1520 ex
3510 1463 3622 1520 viri
3647 1463 3774 1519 reli-

2134 1553 2283 1623 giosi
2305 1557 2362 1610 et
2389 1553 2604 1610 Adonis
2629 1553 2761 1624 fide,
2787 1553 2940 1624 apud
2963 1567 3164 1609 omnes
3187 1556 3460 1610 sensatos
3478 1551 3778 1608 cordatos-

2137 1655 2249 1712 que
2273 1647 2536 1698 rectores
2555 1642 2610 1697 in
2638 1646 2844 1714 aperto
2866 1655 3014 1712 esse,
3035 1640 3542 1712 persuasissimum
3566 1640 3772 1696 habeo.

384 1729 442 1786 di
463 1731 650 1801 gratia
685 1745 795 1787 non
830 1731 1248 1802 produco,cum
1277 1745 1349 1786 ex
1381 1729 1578 1787 allatis
1611 1731 2024 1803 speciminihus
2054 1749 2104 1806 Β
2133 1730 2257 1784 Jam
2277 1744 2347 1786 ne
2370 1729 2502 1800 quis
2526 1745 2698 1801 porro
2721 1729 2971 1798 dubitet,
2987 1743 3059 1785 ex
3081 1729 3326 1800 ipsomet
3341 1727 3774 1798 Martyrologio,

383 1818 438 1873 in
473 1833 536 1875 re
568 1818 892 1876 clarissima
927 1834 1037 1876 non
1068 1819 1289 1876 versari
1321 1819 1666 1876 existimem.

452 1910 572 1964 137.
599 1907 707 1964 Sed
734 1913 794 1963 et
817 1907 930 1964 alio
954 1911 1297 1978 argumento
1327 1923 1427 1964 ora
1449 1907 1906 1965 obtrectantium
1930 1921 2025 1964 oc-

378 1993 702 2050 cludamus.
749 1995 1114 2052 Contendunt
1164 1995 1364 2050 eadem
1417 1995 1470 2050 in
1519 1995 1774 2050 Romano
1823 2010 2019 2066 parvo,

379 2081 582 2139 eadem
613 2082 669 2137 in
701 2083 902 2139 Adone
925 2085 1120 2138 errata
1155 2083 1422 2154 reperiri,
1449 2083 1504 2138 in
1531 2097 1644 2153 quo
1665 2083 1839 2140 etiam
1861 2098 2024 2154 egre-

379 2171 472 2240 gie
507 2171 810 2240 falluntur,
846 2175 908 2228 ut
935 2170 1201 2242 exempla
1225 2171 1404 2228 multa
1430 2172 1484 2226 in
1509 2173 2026 2230 Obscrvationibus

381 2259 601 2315 nostris
631 2259 967 2315 ostendunt.
1003 2262 1215 2315 Demus
1239 2259 1334 2315 hic
1355 2275 1468 2316 non
1492 2276 1666 2317 unum
1698 2261 2014 2332 specimen.

379 2344 481 2401 Die
510 2361 551 2401 ιι
579 2346 834 2402 Januarii
869 2347 938 2402 de
967 2349 1156 2418 Argeo
1187 2352 1244 2402 et
1276 2348 1556 2404 fratribus
1587 2355 1745 2404 recte
1778 2349 2025 2419 scripse-

380 2436 470 2488 rat
496 2433 811 2488 Romanum
837 2447 1098 2504 parvum,
1125 2435 1228 2490 sed
1251 2435 1470 2491 Adonis
1489 2435 1741 2505 elogium
1765 2442 2018 2494 exerrat.

379 2520 507 2576 Maii
531 2536 609 2576 vn
630 2520 946 2577 Romanum
973 2537 1236 2593 parvum,
1261 2523 1639 2593 Nicomedia,
1665 2525 1920 2595 Augusti
1947 2525 2020 2595 et,

380 2609 706 2681 Augustini
728 2609 876 2665 :Ado
907 2610 976 2666 de
1012 2625 1116 2667 suo
1147 2609 1366 2682 aliquid
1401 2611 1644 2682 addens,
1679 2613 1736 2667 in
1767 2627 2024 2669 errorem

381 2699 572 2755 denuo
603 2697 854 2766 labitur;
887 2699 970 2755 sic
1001 2699 1152 2754 enim
1192 2700 1404 2756 habet:
1439 2699 1658 2772 Flavii,
1686 2701 1941 2774 Augusti
1971 2701 2032 2759 et

381 2787 990 2859 Augustiuifratmum
1004 2804 1030 2856 ;
1051 2787 1277 2844 videbis
1300 2803 1427 2860 quae
1459 2789 1512 2844 in
1535 2804 1660 2844 eam
1685 2804 1806 2846 rem
1833 2804 1902 2846 eo
1933 2791 2025 2846 die

378 2873 721 2930 notavimus.
736 2873 888 2930 Junii
907 2889 1022 2944 xxx,
1040 2874 1094 2928 in
1120 2875 1374 2931 Romano
1391 2889 1569 2947 parvo
1591 2875 1838 2945 legitur:
1863 2877 2027 2933 00m-

375 2963 724 3020 memoraiio
747 2963 1011 3020 Nazarii
1041 2963 1104 3020 et
1131 2964 1313 3033 Celsi,
1347 2969 1526 3034 recte,
1551 2965 1776 3036 Opinor,
1802 2969 1866 3021 ut
1889 2966 2026 3022 Ros-

377 3049 623 3118 weydus
657 3048 711 3102 in
735 3049 1135 3105 notationibus
1162 3051 1411 3120 censuit,
1437 3050 1668 3106 interim
1693 3052 1837 3120 Ado,
1863 3051 2018 3107 illam

381 3133 986 3189 commemorationem
1020 3149 1088 3188 eo
1119 3134 1212 3190 die
1243 3136 1548 3206 pr:eteriit.
1581 3137 1732 3192 Junii
1765 3153 1856 3193 xxx
1891 3137 2020 3194 sim-

381 3217 694 3290 plicissima
742 3225 830 3276 est
881 3221 1118 3276 Romani
1172 3221 1334 3292 parvi
1389 3223 1752 3279 annuntiatio
1794 3238 1922 3294 quae
1962 3223 2017 3278 in

381 3308 581 3363 Adone
611 3307 955 3376 corrigenda
989 3307 1124 3377 sint,
1164 3324 1234 3363 ex
1269 3308 1689 3366 Observatione
1721 3315 1917 3368 nostra
1948 3325 2018 3366 eo

382 3394 474 3450 die
499 3395 808 3464 intelliges.
843 3396 1090 3464 Augusti
1113 3412 1190 3452 vn
1213 3397 1418 3453 scribit
1440 3399 1754 3454 Romanum
1779 3414 2016 3470 parvum

379 3483 614 3552 Fausti,
648 3483 1238 3552 Ado,Justiui,errat
1279 3485 1584 3556 alteruter,
1611 3488 1710 3543 sed
1729 3502 1839 3543 non
1865 3492 2020 3543 uter-

382 3585 513 3641 que.
551 3571 796 3639 Augusti
829 3587 960 3628 χχιιι
1002 3573 1147 3628 bene
1189 3589 1220 3628 a
1252 3575 1507 3630 Romano
1539 3591 1716 3646 parvo
1764 3577 2020 3632 refertur

383 3660 677 3716 Aristides
707 3674 780 3714 ex
811 3661 996 3716 Rufini
1032 3660 1180 3718 libro
1211 3677 1284 3732 IV,
1317 3677 1443 3734 cap.
1473 3669 1522 3733 3,
1560 3663 1694 3720 dum
1728 3664 1804 3721 ibi
1839 3665 2019 3723 multa

388 3748 620 3804 ductori
644 3749 1370 3820 superadditViennensis,
1409 3766 1440 3808 a
1466 3756 1629 3808 recto
1671 3753 1902 3809 tramite
1926 3754 2022 3809 dc-

393 3835 528 3892 viat.
573 3837 922 3908 Obtundam,
959 3837 1009 3893 si
1049 3839 1170 3895 haec
1212 3838 1508 3909 sigillatim
1549 3840 1642 3896 hic
1676 3856 2017 3913 prosequar,

387 3939 517 3980 cum
541 3924 866 3993 hujusmodi
899 3927 1274 3983 diversitates
1304 3928 1358 3981 in
1393 3929 1655 3985 Usuardo
1679 3934 1879 3986 nostro
1912 3931 2022 3987 fre-

388 4012 664 4080 quentius
708 4018 1052 4076 recurrant;
1088 4015 1185 4069 ubi
1231 4014 1389 4070 aliud
1439 4031 1670 4087 quoque
1713 4018 2020 4076 ridiculum

388 4100 695 4155 Frontonis
714 4101 953 4156 effatum
978 4101 1146 4157 facile
1175 4101 1488 4172 convelles,
1521 4119 1651 4160 cum
1693 4107 1899 4162 asserit
1929 4108 2023 4164 iis-

388 4185 742 4242 dem-verbis
774 4188 857 4242 uti
893 4194 1204 4260 utrumque
1255 4191 1722 4262 Martyrologum.
1750 4195 2020 4252 Paratum

385 4275 571 4331 habeo
585 4275 1104 4348 discrepantiarum
1121 4279 1532 4350 syllabum,sed
1548 4281 1788 4340 satisest
1809 4300 2023 4356 paucas

383 4364 476 4420 hic
499 4364 854 4437 designasse,
870 4382 942 4422 ex
965 4367 1649 4438 quibuscuriosuslector
1669 4372 1740 4428 de
1753 4373 1885 4431 aliis
1905 4378 2019 4432 sta-

2134 1819 2386 1874 Romana
2416 1817 2661 1888 vestigia
2693 1817 2840 1874 satis
2870 1815 3028 1874 clare
3059 1830 3341 1888 expressa
3373 1815 3774 1872 exhibeamus.

2203 1909 2325 1962 139.
2357 1905 2696 1978 Repetenda
2728 1904 2822 1962 hic
2852 1909 2986 1962 sunt
3019 1919 3148 1976 quae
3179 1919 3356 1976 supra
3388 1917 3462 1960 ex
3492 1902 3640 1960 clar.
3677 1904 3776 1960 Ca-

2133 1992 2386 2050 stellano
2415 1993 2781 2064 adduximus,
2815 1993 2914 2049 ubi
2946 1989 3228 2050 credibile
3260 2006 3368 2048 non
3403 1991 3773 2061 existimans,

2133 2081 2286 2138 aliud
2321 2080 2816 2152 Martyrologium,
2853 2085 3068 2152 praeter
3105 2095 3246 2138 vere
3289 2085 3347 2136 et
3397 2080 3637 2152 proprie
3670 2081 3780 2137 Bo-

2133 2183 2384 2241 manum,
2403 2184 2433 2226 a
2447 2171 2700 2226 Romano
2711 2167 2988 2240 pontifice
3010 2168 3123 2225 alio
3136 2168 3446 2239 directum,
3464 2167 3547 2225 sic
3563 2167 3781 2224 deinde

2135 2272 2459 2313 sermonem
2496 2257 2898 2328 prosequitur:
2927 2259 3048 2312 «At
3077 2271 3218 2313 vero
3241 2255 3394 2326 quod
3417 2257 3630 2327 probat
3663 2271 3783 2313 ma-

2135 2344 2422 2415 nifestius,
2458 2344 2926 2416 Martyrologium
2950 2344 3004 2400 in
3027 2343 3220 2416 capite
3243 2343 3524 2400 Adoniani
3553 2343 3778 2416 operis,

2133 2433 2286 2504 apud
2317 2434 2372 2488 S.
2406 2433 2779 2490 Pantaleonis
2805 2432 3057 2490 Colonia
3089 2435 3408 2504 repertum,
3441 2431 3782 2490 certissime

2132 2536 2260 2578 esse
2285 2521 2586 2592 antiquum
2637 2521 2974 2592 Romanum,
3018 2520 3087 2577 ad
3141 2535 3306 2577 usum
3356 2519 3638 2577 Ecclesiae
3671 2521 3782 2576 Ro-

2129 2625 2331 2680 manae,
2369 2623 2688 2680 verumque
2737 2609 3133 2682 apographum
3172 2607 3352 2680 illius,
3387 2608 3542 2680 quod
3573 2609 3783 2666 Roma-

2131 2713 2238 2754 nus
2265 2697 2528 2770 pontifex
2561 2697 2882 2768 Aquileiam
2914 2697 3230 2768 direxerat,
3265 2711 3377 2754 non
3419 2696 3611 2753 solum
3645 2696 3780 2753 inde

2131 2787 2402 2857 sumitur,
2439 2786 2593 2858 quod
2618 2787 2808 2844 sancti
2833 2785 2910 2841 ibi
2943 2785 3314 2857 reperiantur
3340 2786 3615 2842 Remanae
3648 2785 3780 2842 urbi

2130 2875 2371 2946 proprii,
2389 2879 2448 2931 et
2473 2874 2933 2946 Hieronymianis
2956 2889 3196 2945 prorsus
3218 2873 3521 2944 incogniti,
3548 2877 3614 2930 ut
3641 2875 3782 2930 Mar-

2129 2962 2270 3034 tina,
2305 2964 2564 3034 Dafrosa,
2592 2962 2802 3034 Papias
2823 2967 2881 3018 et
2907 2963 3156 3033 Maurus,
3191 2962 3312 3020 solo
3344 2975 3544 3018 mense
3575 2962 3783 3018 Janua-

2132 3052 2247 3117 rio;
2282 3065 2468 3122 neque
2499 3067 2572 3107 ex
2603 3066 2691 3120 eo,
2729 3051 2882 3122 quod
2917 3051 3201 3107 Cathedra
3234 3050 3419 3108 sancti
3451 3050 3618 3106 Petri
3652 3065 3783 3122 pro-

2134 3139 2262 3212 prio
2293 3139 2386 3196 die
2417 3139 2698 3210 signetur,
2735 3139 2806 3195 ab
2829 3138 3187 3195 Antiochena
3212 3137 3547 3195 rectissime
3580 3137 3783 3194 distin-

2129 3231 2256 3296 cta;
2286 3242 2489 3284 verum
2529 3226 2704 3283 etiam
2757 3226 2908 3297 quod
2953 3227 3106 3283 inter
3146 3226 3340 3284 varias
3389 3225 3781 3283 ecclesiarum

2129 3317 2517 3372 Romanarum
2566 3313 2988 3385 dedicationes,
3039 3314 3137 3371 illa
3189 3329 3417 3386 quoque
3473 3318 3776 3380 occurrat,

2129 3417 2258 3474 quae
2286 3407 2378 3458 est
2405 3401 2605 3459 sacelli
2638 3401 2760 3473 alti,
2798 3403 2978 3459 castri
3012 3404 3064 3458 S.
3100 3402 3324 3473 Angeli,
3357 3416 3644 3473 expressa
3681 3416 3782 3474 per

2129 3491 2411 3547 terminos
2444 3507 2609 3546 INTER
2641 3507 2838 3562 ausas,
2875 3491 3144 3563 quodque
3177 3492 3329 3546 festo
3379 3491 3572 3547 sancti
3607 3491 3782 3547 Seba-

2131 3578 2324 3648 stiani,
2354 3578 2582 3648 legatur
2605 3579 2734 3648 ejus
2757 3579 3131 3651 sepulchrum
3157 3579 3210 3635 in
3241 3593 3516 3636 vesncns
3537 3593 3782 3636 APOSTO-

2132 3683 2339 3737 LORUM,
2374 3667 2734 3738 designanda
2767 3683 2870 3738 per
2901 3668 3026 3724 haec
3053 3669 3230 3723 verba
3265 3669 3678 3738 Catacumbas,
3723 3667 3776 3721 in

2131 3755 2344 3826 quibus
2373 3760 2703 3812 sanctorum
2735 3755 2892 3812 Petri
2931 3761 2989 3810 et
3023 3755 3194 3812 Pauli
3225 3769 3469 3826 corpora
3515 3754 3780 3826 aliquan-

2131 3844 2227 3900 diu
2253 3844 2688 3914 requieverunt.
2718 3863 2745 3896 »
2780 3846 2913 3900 Haec
2937 3848 3052 3900 tam
3079 3843 3334 3900 solerter
3365 3859 3538 3914 quam
3568 3858 3716 3900 vere
3749 3857 3780 3898 a

2131 3945 2337 4002 magno
2367 3931 2840 4004 Martyrologium
2890 3936 3218 3988 scrutatore
3258 3931 3571 3989 observata
3603 3936 3778 3996 sunt;

2131 4035 2240 4076 nec
2273 4019 2540 4090 pluribus
2572 4034 2720 4092 Opus
2761 4034 2895 4076 esse
2927 4020 3178 4090 censuit,
3211 4024 3274 4076 ut
3308 4019 3628 4090 quemlibet
3663 4034 3779 4076 non

2132 4108 2428 4165 mordicus
2463 4107 2844 4179 pervicacem,
2870 4107 2941 4166 de
2964 4107 3068 4165 tali
3090 4109 3340 4164 veritate
3371 4107 3774 4176 convinceret,

2130 4195 2299 4266 cujus
2336 4195 2504 4265 radii,
2530 4195 2672 4252 solis
2695 4196 2901 4266 instar,
2927 4197 2998 4252 ad
3030 4195 3292 4267 singulas
3315 4195 3498 4253 libelli
3532 4196 3782 4268 paginas

2131 4285 2185 4340 in
2219 4283 2423 4340 oculos
2473 4299 2583 4340 non
2616 4283 2806 4356 lippos
2838 4284 3164 4342 incurrunt.
3201 4285 3525 4356 Supersunt
3567 4283 3782 4340 nihilo-

2132 4372 2322 4430 minus
2354 4388 2482 4444 quze
2534 4373 2604 4430 ad
2637 4373 2900 4444 ejusdem
2950 4373 3034 4430 rei
3064 4372 3512 4430 elucidationem
3541 4376 3600 4428 et
3636 4386 3784 4430 con-

383 4456 551 4508 tuerc
581 4452 790 4509 valeat.
827 4456 1049 4510 Przeter
1070 4455 1284 4512 citatos
1305 4457 1446 4528 dies,
1474 4458 1656 4514 videri
1682 4467 1928 4531 possunt
1957 4477 2015 4519 x1
2047 4441 2099 4501 Π
2130 4441 2512 4518 firmationem
2540 4461 2633 4518 hic
2665 4441 3026 4518 subnectam.

382 4543 530 4596 xnet
547 4555 720 4596 xxvm
739 4543 1017 4610 Januarii;
1034 4559 1103 4599 xx
1127 4543 1332 4615 Martii,
1350 4560 1428 4600 xu
1447 4545 1602 4614 Julii,
1619 4563 1774 4604 xxvn
1797 4551 2018 4620 Augus-

380 4627 424 4684 ti
523 4628 906 4697 Pergimusad
923 4629 1068 4687 alias
1083 4636 1250 4688 notas
1263 4633 1518 4690 Romano
1534 4649 1712 4705 parvo
1728 4637 2010 4708 proprias.

451 4719 573 4772 138.
593 4716 716 4771 Jam
740 4716 894 4772 dicta
909 4719 1224 4774 ostendunt
1246 4721 1411 4776 vetus
1431 4735 1581 4790 esse,
1597 4721 1802 4777 saltem
1818 4723 2014 4780 Adone

377 4809 436 4861 et
470 4806 621 4861 forte
647 4806 798 4861 Beda
824 4807 1138 4878 antiquius,
1165 4808 1316 4865 unde
1342 4809 1524 4880 prima
1553 4811 1938 4882 praerogativa
1961 4815 2012 4870 ei

376 4909 407 4950 a
440 4894 768 4964 Rosweydo
793 4894 927 4950 data
961 4895 1128 4966 plane
1150 4896 1499 4955 vindicatur.
1537 4899 1868 4958 Romanum
1887 4917 2014 4960 esse

379 4981 508 5038 faxo
538 4988 597 5039 et
631 4983 667 5037 ii
701 4987 1036 5054 agnoscant,
1063 4985 1160 5054 qui
1184 4983 1430 5041 alterum
1456 4985 1615 5044 illum
1641 4988 1873 5046 titulum
1900 4991 2014 5048 fru-

375 5071 495 5124 stra
528 5072 830 5128 arrodunt.
858 5071 1074 5128 Adonis
1099 5073 1491 5130 testimonium
1519 5089 1592 5131 ex
1620 5075 1730 5132 viri
1755 5077 2010 5150 religiosi

373 5168 475 5210 ore
505 5163 827 5230 acceptum,
861 5173 1048 5230 nemo,
1073 5159 1225 5229 quod
1249 5161 1448 5231 sciam,
1471 5169 1719 5236 excepto
1753 5166 1877 5223 solo
1907 5169 2013 5224 Va-

375 5240 518 5298 lesio
548 5243 879 5304 detrectare
907 5247 1192 5304 hactenus
1210 5263 1387 5306 ausus
1410 5254 1530 5318 est;
1554 5267 1660 5310 nec
1691 5254 2009 5312 adversarii

373 5329 471 5385 alii
505 5329 561 5387 id
593 5331 816 5391 directe
847 5335 1164 5407 impetunt;
1199 5351 1327 5393 nam
1359 5337 1606 5396 admissa
1636 5341 1886 5400 veritate
1919 5360 2010 5401 su-

373 5415 572 5489 perius
591 5419 853 5491 probata,
870 5423 1022 5493 quod
1047 5437 1252 5496 nempe
1272 5430 1442 5482 vetus
1463 5425 1628 5498 illud,
1646 5441 1744 5484 seu
1769 5443 2007 5500 parvum

369 5507 687 5563 Romanum
719 5507 1008 5567 Ravennae
1037 5512 1108 5568 ab
1139 5513 1340 5570 Adone
1371 5518 1670 5587 repertum
1703 5515 1802 5588 sit,
1835 5516 2006 5588 eique

2197 4553 2318 4606 140.
2357 4551 2438 4606 Ex
2469 4549 2595 4607 solo
2626 4565 2824 4606 mense
2861 4549 3156 4620 Januario,
3193 4564 3263 4606 ne
3304 4549 3534 4619 longius
3561 4562 3784 4606 excur-

2127 4652 2267 4708 ram,
2299 4653 2371 4694 ex
2417 4637 2562 4709 solo,
2607 4638 2860 4710 inquam,
2913 4639 3029 4695 isto
3079 4652 3277 4694 mense
3309 4637 3526 4695 addere
3574 4636 3780 4709 potuit

2126 4725 2492 4784 Castellanus
2521 4731 2758 4784 sanctos
2806 4728 3000 4783 Romae
3051 4726 3322 4799 proprios
3354 4731 3530 4798 atque
3569 4725 3783 4782 Hiero-

2089 4865 2109 4878 .
2124 4814 2648 4884 nymianisomnino
2669 4814 2989 4886 preteritos
3006 4835 3018 4870 :
3038 4829 3118 4886 ιιι,
3149 4815 3786 4887 Autlzereumpapam;

2122 4916 2196 4971 ιν,
2213 4903 2493 4960 Priscum
2509 4908 2570 4959 et
2590 4903 2782 4960 socios
2809 4921 2824 4972 ;
2845 4919 2898 4976 v,
2930 4903 3347 4975 Telesphorum
3353 4917 3607 4976 papam;
3625 4915 3776 4972 xm,

2122 4991 2510 5049 Auastasium
2542 4993 2624 5049 ad
2653 4993 2856 5064 Aquas
2891 4993 3174 5063 Saleius;
3202 5007 3361 5063 XXIII,
3393 4991 3782 5050 Emesa-entia-

2118 5091 2288 5144 nam;
2322 5080 2571 5151 denique
2603 5095 2797 5152 xxvm,
2831 5081 3113 5154 Aguetem
3147 5081 3420 5151 secundo,
3438 5077 3676 5153 proprie
3710 5080 3781 5134 et

2121 5167 2363 5238 praecise
2375 5169 2630 5226 Romano
2642 5169 2810 5228 modo
2824 5171 3348 5242 expressam.lnter
3361 5165 3782 5226 dedicationes

2119 5257 2423 5328 Romanas,
2443 5257 2790 5328 praeterjam
2824 5258 3206 5330 dictam,qum
3231 5258 3486 5315 habetur
3509 5270 3638 5314 xxxx
3669 5256 3784 5312 Se-

2122 5345 2425 5416 ptembris,
2451 5345 2522 5401 de
2535 5345 3180 5420 ecclesiaArchaugeli,
3195 5361 3235 5404 a
3256 5345 3421 5404 beato
3442 5343 3783 5418 Boni/“acia

2107 5447 2272 5506 papa
2290 5435 2707 5492 constructam
2723 5434 2915 5506 Circo,
2931 5435 3042 5507 qui
3065 5435 3222 5494 locus
3234 5447 3403 5492 mrsu
3411 5447 3588 5492 nuces
3607 5431 3786 5492 dici-

2117 5521 2249 5593 twr;
2278 5521 2723 5595 notabilissima,
2757 5526 2815 5579 et
2849 5522 2895 5579 si
2945 5522 3026 5581 ita
3057 5521 3215 5594 loqui
3247 5520 3412 5596 licet,
3462 5519 3784 5580 Romanis-
