  <div class='ocr_page' id='page_1' title='image "/cluster/home/n/w/nwhite01/storage/ocr_20150623/123/hvd.32044054759857/270.png"; bbox 0 0 3974 6150; ppageno 0'>
   <div class='ocr_carea' id='block_1_1' title="bbox 232 205 353 275">
    <p class='ocr_par' dir='ltr' id='par_1_1' title="bbox 232 205 353 275">
     <span class='ocr_line' id='line_1_1' title="bbox 232 205 353 275; baseline 0 0"><span class='ocrx_word' id='word_1_1' title='bbox 232 205 353 275; x_wconf 65' lang='lat'><strong><em>399</em></strong></span> 
     </span>
    </p>
   </div>
   <div class='ocr_carea' id='block_1_2' title="bbox 1676 201 2219 267">
    <p class='ocr_par' dir='ltr' id='par_1_2' title="bbox 1676 201 2219 267">
     <span class='ocr_line' id='line_1_2' title="bbox 1676 201 2219 267; baseline 0 -3"><span class='ocrx_word' id='word_1_2' title='bbox 1676 201 2219 267; x_wconf 74' lang='lat' dir='ltr'><strong><em>PROLEGOMENA.</em></strong></span> 
     </span>
    </p>
   </div>
   <div class='ocr_carea' id='block_1_3' title="bbox 3541 218 3646 276">
    <p class='ocr_par' dir='ltr' id='par_1_3' title="bbox 3541 218 3646 276">
     <span class='ocr_line' id='line_1_3' title="bbox 3541 218 3646 276; baseline 0 0"><span class='ocrx_word' id='word_1_3' title='bbox 3541 218 3646 276; x_wconf 74' lang='lat'><strong><em>530</em></strong></span> 
     </span>
    </p>
   </div>
   <div class='ocr_carea' id='block_1_4' title="bbox 232 326 3643 411">
    <p class='ocr_par' dir='ltr' id='par_1_4' title="bbox 232 326 3643 411">
     <span class='ocr_line' id='line_1_4' title="bbox 232 326 3643 411; baseline 0.003 -22"><span class='ocrx_word' id='word_1_4' title='bbox 232 330 399 391; x_wconf 88' lang='lat' dir='ltr'><strong><em>sima</em></strong></span> <span class='ocrx_word' id='word_1_5' title='bbox 438 334 599 402; x_wconf 87' lang='lat' dir='ltr'><strong><em>sunt,</em></strong></span> <span class='ocrx_word' id='word_1_6' title='bbox 634 342 761 401; x_wconf 72' lang='lat' dir='ltr'><strong><em>quas</em></strong></span> <span class='ocrx_word' id='word_1_7' title='bbox 791 328 970 387; x_wconf 90' lang='lat' dir='ltr'><strong><em>refert</em></strong></span> <span class='ocrx_word' id='word_1_8' title='bbox 1003 326 1154 388; x_wconf 91' lang='lat' dir='ltr'><strong><em>idem</em></strong></span> <span class='ocrx_word' id='word_1_9' title='bbox 1201 330 1670 404; x_wconf 74' lang='lat' dir='ltr'><strong><em>Martyrologium</em></strong></span> <span class='ocrx_word' id='word_1_10' title='bbox 1704 331 1890 405; x_wconf 79' lang='lat' dir='ltr'><strong><em>pridie</em></strong></span> <span class='ocrx_word' id='word_1_11' title='bbox 1922 332 1974 392; x_wconf 89' lang='grc' dir='ltr'>Β</span> <span class='ocrx_word' id='word_1_12' title='bbox 2075 335 2197 391; x_wconf 78' lang='grc'>143.</span> <span class='ocrx_word' id='word_1_13' title='bbox 2232 332 2539 407; x_wconf 85' lang='lat' dir='ltr'><strong><em>Reliquum</em></strong></span> <span class='ocrx_word' id='word_1_14' title='bbox 2572 340 2660 392; x_wconf 90' lang='lat' dir='ltr'><strong><em>est</em></strong></span> <span class='ocrx_word' id='word_1_15' title='bbox 2694 341 2756 394; x_wconf 90' lang='lat' dir='ltr'><strong><em>ut</em></strong></span> <span class='ocrx_word' id='word_1_16' title='bbox 2788 337 3024 394; x_wconf 84' lang='lat' dir='ltr'><strong><em>Romani</em></strong></span> <span class='ocrx_word' id='word_1_17' title='bbox 3061 337 3219 411; x_wconf 87' lang='lat' dir='ltr'><strong><em>parvi</em></strong></span> <span class='ocrx_word' id='word_1_18' title='bbox 3270 339 3643 400; x_wconf 80' lang='lat' dir='ltr'><strong><em>characteres</em></strong></span> 
     </span>
    </p>
   </div>
   <div class='ocr_carea' id='block_1_5' title="bbox 229 419 1893 493">
    <p class='ocr_par' dir='ltr' id='par_1_5' title="bbox 229 419 1893 493">
     <span class='ocr_line' id='line_1_5' title="bbox 229 419 1893 493; baseline 0.002 -17"><span class='ocrx_word' id='word_1_19' title='bbox 229 419 393 478; x_wconf 85' lang='lat' dir='ltr'><strong><em>Non.</em></strong></span> <span class='ocrx_word' id='word_1_20' title='bbox 419 419 548 477; x_wconf 77' lang='lat' dir='ltr'><strong><em>Maii</em></strong></span> <span class='ocrx_word' id='word_1_21' title='bbox 575 438 587 473; x_wconf 92' lang='lat'>:</span> <span class='ocrx_word' id='word_1_22' title='bbox 611 419 699 476; x_wconf 82' lang='lat' dir='ltr'><strong><em>Et</em></strong></span> <span class='ocrx_word' id='word_1_23' title='bbox 710 419 906 478; x_wconf 89' lang='lat' dir='ltr'><strong><em>sancti</em></strong></span> <span class='ocrx_word' id='word_1_24' title='bbox 923 421 1179 479; x_wconf 88' lang='lat' dir='ltr'><strong><em>Joannis</em></strong></span> <span class='ocrx_word' id='word_1_25' title='bbox 1200 421 1471 493; x_wconf 78' lang='lat' dir='ltr'><strong><em>apostoli,</em></strong></span> <span class='ocrx_word' id='word_1_26' title='bbox 1488 422 1728 493; x_wconf 75' lang='lat' dir='ltr'><strong><em>quando</em></strong></span> <span class='ocrx_word' id='word_1_27' title='bbox 1754 422 1893 479; x_wconf 87' lang='lat' dir='ltr'><strong><em>ante</em></strong></span> 
     </span>
    </p>
   </div>
   <div class='ocr_carea' id='block_1_6' title="bbox 227 509 1890 581">
    <p class='ocr_par' dir='ltr' id='par_1_6' title="bbox 227 509 1890 581">
     <span class='ocr_line' id='line_1_6' title="bbox 227 509 1890 581; baseline -0.001 -15"><span class='ocrx_word' id='word_1_28' title='bbox 227 509 483 581; x_wconf 82' lang='lat' dir='ltr'><strong><em>portam</em></strong></span> <span class='ocrx_word' id='word_1_29' title='bbox 509 509 789 566; x_wconf 79' lang='lat' dir='ltr'><strong><em>Latinam</em></strong></span> <span class='ocrx_word' id='word_1_30' title='bbox 800 510 866 565; x_wconf 89' lang='lat' dir='ltr'><strong><em>in</em></strong></span> <span class='ocrx_word' id='word_1_31' title='bbox 870 509 1299 581; x_wconf 69' lang='lat' dir='ltr'><strong><em>ferventisolei</em></strong></span> <span class='ocrx_word' id='word_1_32' title='bbox 1312 510 1764 569; x_wconf 86' lang='lat' dir='ltr'><strong><em>doliummissus</em></strong></span> <span class='ocrx_word' id='word_1_33' title='bbox 1774 511 1890 567; x_wconf 87' lang='lat' dir='ltr'><strong><em>est:</em></strong></span> 
     </span>
    </p>
   </div>
   <div class='ocr_carea' id='block_1_7' title="bbox 231 597 1891 666">
    <p class='ocr_par' dir='ltr' id='par_1_7' title="bbox 231 597 1891 666">
     <span class='ocr_line' id='line_1_7' title="bbox 231 597 1891 666; baseline 0.002 -13"><span class='ocrx_word' id='word_1_34' title='bbox 231 600 293 653; x_wconf 92' lang='lat' dir='ltr'><strong><em>et</em></strong></span> <span class='ocrx_word' id='word_1_35' title='bbox 322 611 539 654; x_wconf 78' lang='lat' dir='ltr'><strong><em>rursus</em></strong></span> <span class='ocrx_word' id='word_1_36' title='bbox 559 612 623 655; x_wconf 88' lang='grc' dir='ltr'><strong><em>ιιι</em></strong></span> <span class='ocrx_word' id='word_1_37' title='bbox 642 598 798 666; x_wconf 91' lang='lat' dir='ltr'><strong><em>Idus,</em></strong></span> <span class='ocrx_word' id='word_1_38' title='bbox 822 610 924 654; x_wconf 92' lang='lat' dir='ltr'><strong><em>seu</em></strong></span> <span class='ocrx_word' id='word_1_39' title='bbox 956 612 1055 653; x_wconf 87' lang='lat' dir='ltr'><strong><em>xm</em></strong></span> <span class='ocrx_word' id='word_1_40' title='bbox 1088 598 1214 654; x_wconf 85' lang='lat' dir='ltr'><strong><em>Maii</em></strong></span> <span class='ocrx_word' id='word_1_41' title='bbox 1239 617 1251 653; x_wconf 89' lang='lat'><strong>:</strong></span> <span class='ocrx_word' id='word_1_42' title='bbox 1276 599 1342 656; x_wconf 80' lang='lat' dir='ltr'><strong><em>S.</em></strong></span> <span class='ocrx_word' id='word_1_43' title='bbox 1379 599 1597 656; x_wconf 64' lang='lat' dir='ltr'><strong><em>Mariae</em></strong></span> <span class='ocrx_word' id='word_1_44' title='bbox 1624 600 1706 656; x_wconf 92' lang='lat' dir='ltr'><strong><em>ad</em></strong></span> <span class='ocrx_word' id='word_1_45' title='bbox 1728 597 1891 656; x_wconf 78' lang='lat' dir='ltr'><strong><em>Mar-</em></strong></span> 
     </span>
    </p>
   </div>
   <div class='ocr_carea' id='block_1_8' title="bbox 232 685 1892 760">
    <p class='ocr_par' dir='ltr' id='par_1_8' title="bbox 232 685 1892 760">
     <span class='ocr_line' id='line_1_8' title="bbox 232 685 1892 760; baseline 0.001 -18"><span class='ocrx_word' id='word_1_46' title='bbox 232 685 412 757; x_wconf 77' lang='lat' dir='ltr'><strong><em>tyres</em></strong></span> <span class='ocrx_word' id='word_1_47' title='bbox 426 686 825 743; x_wconf 73' lang='lat' dir='ltr'><strong><em>dedicationis</em></strong></span> <span class='ocrx_word' id='word_1_48' title='bbox 835 686 963 742; x_wconf 85' lang='lat' dir='ltr'><strong><em>dies</em></strong></span> <span class='ocrx_word' id='word_1_49' title='bbox 974 686 1198 756; x_wconf 74' lang='lat' dir='ltr'><strong><em>agitur,</em></strong></span> <span class='ocrx_word' id='word_1_50' title='bbox 1215 700 1253 743; x_wconf 91' lang='lat' dir='ltr'><strong><em>a</em></strong></span> <span class='ocrx_word' id='word_1_51' title='bbox 1271 688 1417 743; x_wconf 86' lang='lat' dir='ltr'><strong><em>Boni</em></strong></span> <span class='ocrx_word' id='word_1_52' title='bbox 1409 688 1583 760; x_wconf 86' lang='lat' dir='ltr'><strong><em>facio</em></strong></span> <span class='ocrx_word' id='word_1_53' title='bbox 1584 701 1752 759; x_wconf 86' lang='lat' dir='ltr'><strong><em>papa</em></strong></span> <span class='ocrx_word' id='word_1_54' title='bbox 1771 688 1892 743; x_wconf 89' lang='lat' dir='ltr'><strong><em>sta-</em></strong></span> 
     </span>
    </p>
   </div>
   <div class='ocr_carea' id='block_1_9' title="bbox 230 773 1891 845">
    <p class='ocr_par' dir='ltr' id='par_1_9' title="bbox 230 773 1891 845">
     <span class='ocr_line' id='line_1_9' title="bbox 230 773 1891 845; baseline 0.001 -14"><span class='ocrx_word' id='word_1_55' title='bbox 230 774 435 844; x_wconf 76' lang='lat' dir='ltr'><strong><em>tutus,</em></strong></span> <span class='ocrx_word' id='word_1_56' title='bbox 456 788 665 845; x_wconf 84' lang='lat' dir='ltr'><strong><em>nempe</em></strong></span> <span class='ocrx_word' id='word_1_57' title='bbox 697 788 727 829; x_wconf 93' lang='lat' dir='ltr'><strong><em>a</em></strong></span> <span class='ocrx_word' id='word_1_58' title='bbox 760 773 1052 830; x_wconf 91' lang='lat' dir='ltr'><strong><em>Bonifacio</em></strong></span> <span class='ocrx_word' id='word_1_59' title='bbox 1083 775 1171 844; x_wconf 86' lang='lat' dir='ltr'><strong>IV,</strong></span> <span class='ocrx_word' id='word_1_60' title='bbox 1201 774 1296 845; x_wconf 89' lang='lat' dir='ltr'><strong><em>qui</em></strong></span> <span class='ocrx_word' id='word_1_61' title='bbox 1331 775 1480 831; x_wconf 90' lang='lat' dir='ltr'><strong><em>sedit</em></strong></span> <span class='ocrx_word' id='word_1_62' title='bbox 1513 777 1585 831; x_wconf 92' lang='lat' dir='ltr'><strong><em>ab</em></strong></span> <span class='ocrx_word' id='word_1_63' title='bbox 1616 790 1765 831; x_wconf 89' lang='lat' dir='ltr'><strong><em>anno</em></strong></span> <span class='ocrx_word' id='word_1_64' title='bbox 1786 779 1891 832; x_wconf 90' lang='lat'><strong><em>606</em></strong></span> 
     </span>
    </p>
   </div>
   <div class='ocr_carea' id='block_1_10' title="bbox 228 860 1888 934">
    <p class='ocr_par' dir='ltr' id='par_1_10' title="bbox 228 860 1888 934">
     <span class='ocr_line' id='line_1_10' title="bbox 228 860 1888 934; baseline -0.001 -16"><span class='ocrx_word' id='word_1_65' title='bbox 228 861 305 918; x_wconf 87' lang='lat' dir='ltr'><strong><em>ad</em></strong></span> <span class='ocrx_word' id='word_1_66' title='bbox 338 865 472 918; x_wconf 76' lang='grc'>614.</span> <span class='ocrx_word' id='word_1_67' title='bbox 506 860 656 930; x_wconf 88' lang='lat' dir='ltr'><strong><em>Quid</em></strong></span> <span class='ocrx_word' id='word_1_68' title='bbox 688 866 881 917; x_wconf 89' lang='lat' dir='ltr'><strong><em>autem</em></strong></span> <span class='ocrx_word' id='word_1_69' title='bbox 931 861 1113 931; x_wconf 89' lang='lat' dir='ltr'><strong><em>magis</em></strong></span> <span class='ocrx_word' id='word_1_70' title='bbox 1160 863 1487 918; x_wconf 82' lang='lat' dir='ltr'><strong><em>Romanum</em></strong></span> <span class='ocrx_word' id='word_1_71' title='bbox 1534 861 1645 919; x_wconf 90' lang='lat' dir='ltr'><strong><em>dici</em></strong></span> <span class='ocrx_word' id='word_1_72' title='bbox 1697 867 1888 934; x_wconf 78' lang='lat' dir='ltr'><strong><em>potest</em></strong></span> 
     </span>
    </p>
   </div>
   <div class='ocr_carea' id='block_1_11' title="bbox 229 949 1892 1023">
    <p class='ocr_par' dir='ltr' id='par_1_11' title="bbox 229 949 1892 1023">
     <span class='ocr_line' id='line_1_11' title="bbox 229 949 1892 1023; baseline 0.002 -17"><span class='ocrx_word' id='word_1_73' title='bbox 229 963 419 1021; x_wconf 88' lang='lat' dir='ltr'><strong><em>quam</em></strong></span> <span class='ocrx_word' id='word_1_74' title='bbox 443 950 599 1023; x_wconf 77' lang='lat' dir='ltr'><strong><em>quod</em></strong></span> <span class='ocrx_word' id='word_1_75' title='bbox 620 949 856 1021; x_wconf 88' lang='lat' dir='ltr'><strong><em>ponitur</em></strong></span> <span class='ocrx_word' id='word_1_76' title='bbox 874 964 930 1005; x_wconf 72' lang='lat' dir='ltr'><strong><em>vr</em></strong></span> <span class='ocrx_word' id='word_1_77' title='bbox 950 949 1084 1005; x_wconf 84' lang='lat' dir='ltr'><strong><em>Julii</em></strong></span> <span class='ocrx_word' id='word_1_78' title='bbox 1104 969 1116 1004; x_wconf 89' lang='lat'><strong>:</strong></span> <span class='ocrx_word' id='word_1_79' title='bbox 1135 951 1380 1007; x_wconf 87' lang='lat' dir='ltr'><strong><em>Primus</em></strong></span> <span class='ocrx_word' id='word_1_80' title='bbox 1400 953 1705 1022; x_wconf 87' lang='lat' dir='ltr'><strong><em>ingressus</em></strong></span> <span class='ocrx_word' id='word_1_81' title='bbox 1726 965 1892 1021; x_wconf 89' lang='lat' dir='ltr'><strong><em>apos-</em></strong></span> 
     </span>
    </p>
   </div>
   <div class='ocr_carea' id='block_1_12' title="bbox 229 1038 1889 1121">
    <p class='ocr_par' dir='ltr' id='par_1_12' title="bbox 229 1038 1889 1121">
     <span class='ocr_line' id='line_1_12' title="bbox 229 1038 1889 1121; baseline -0.001 -26"><span class='ocrx_word' id='word_1_82' title='bbox 229 1038 347 1095; x_wconf 80' lang='lat' dir='ltr'><strong><em>toli</em></strong></span> <span class='ocrx_word' id='word_1_83' title='bbox 365 1039 564 1121; x_wconf 73' lang='lat' dir='ltr'><strong><em>Pauli</em></strong></span> <span class='ocrx_word' id='word_1_84' title='bbox 586 1038 653 1095; x_wconf 85' lang='lat' dir='ltr'><strong><em>in</em></strong></span> <span class='ocrx_word' id='word_1_85' title='bbox 671 1038 875 1095; x_wconf 64' lang='lat' dir='ltr'><strong><em>urbem</em></strong></span> <span class='ocrx_word' id='word_1_86' title='bbox 894 1039 1333 1095; x_wconf 68' lang='lat' dir='ltr'><strong><em>Romamﬂtcm</em></strong></span> <span class='ocrx_word' id='word_1_87' title='bbox 1359 1039 1509 1109; x_wconf 91' lang='lat' dir='ltr'><strong><em>quod</em></strong></span> <span class='ocrx_word' id='word_1_88' title='bbox 1536 1040 1722 1109; x_wconf 90' lang='lat' dir='ltr'><strong><em>signat</em></strong></span> <span class='ocrx_word' id='word_1_89' title='bbox 1740 1040 1889 1095; x_wconf 89' lang='lat' dir='ltr'><strong><em>idem</em></strong></span> 
     </span>
    </p>
   </div>
   <div class='ocr_carea' id='block_1_13' title="bbox 228 1127 1891 1199">
    <p class='ocr_par' dir='ltr' id='par_1_13' title="bbox 228 1127 1891 1199">
     <span class='ocr_line' id='line_1_13' title="bbox 228 1127 1891 1199; baseline 0.001 -16"><span class='ocrx_word' id='word_1_90' title='bbox 228 1127 720 1199; x_wconf 76' lang='lat' dir='ltr'><strong><em>Martyrologium</em></strong></span> <span class='ocrx_word' id='word_1_91' title='bbox 755 1142 844 1183; x_wconf 81' lang='lat' dir='ltr'><strong><em>xiv</em></strong></span> <span class='ocrx_word' id='word_1_92' title='bbox 885 1127 1262 1198; x_wconf 86' lang='lat' dir='ltr'><strong><em>Septembris,</em></strong></span> <span class='ocrx_word' id='word_1_93' title='bbox 1296 1127 1385 1184; x_wconf 89' lang='lat' dir='ltr'><strong><em>his</em></strong></span> <span class='ocrx_word' id='word_1_94' title='bbox 1423 1128 1620 1184; x_wconf 85' lang='lat' dir='ltr'>verbis</span> <span class='ocrx_word' id='word_1_95' title='bbox 1654 1146 1666 1182; x_wconf 87' lang='lat'><strong><em>:</em></strong></span> <span class='ocrx_word' id='word_1_96' title='bbox 1701 1128 1891 1184; x_wconf 66' lang='lat' dir='ltr'><strong><em>Exab-</em></strong></span> 
     </span>
    </p>
   </div>
   <div class='ocr_carea' id='block_1_14' title="bbox 231 1215 1890 1287">
    <p class='ocr_par' dir='ltr' id='par_1_14' title="bbox 231 1215 1890 1287">
     <span class='ocr_line' id='line_1_14' title="bbox 231 1215 1890 1287; baseline 0.001 -15"><span class='ocrx_word' id='word_1_97' title='bbox 231 1215 396 1272; x_wconf 86' lang='lat' dir='ltr'><strong><em>tatio</em></strong></span> <span class='ocrx_word' id='word_1_98' title='bbox 428 1216 652 1273; x_wconf 72' lang='lat' dir='ltr'><strong><em>sancta</em></strong></span> <span class='ocrx_word' id='word_1_99' title='bbox 672 1216 889 1285; x_wconf 86' lang='lat' dir='ltr'><strong><em>crucis,</em></strong></span> <span class='ocrx_word' id='word_1_100' title='bbox 911 1215 985 1271; x_wconf 87' lang='lat' dir='ltr'><strong><em>ab</em></strong></span> <span class='ocrx_word' id='word_1_101' title='bbox 1005 1215 1289 1271; x_wconf 82' lang='lat' dir='ltr'><strong><em>Heraclio</em></strong></span> <span class='ocrx_word' id='word_1_102' title='bbox 1309 1216 1664 1287; x_wconf 70' lang='lat' dir='ltr'><strong><em>imperatore</em></strong></span> <span class='ocrx_word' id='word_1_103' title='bbox 1692 1230 1730 1271; x_wconf 92' lang='lat' dir='ltr'><strong><em>a</em></strong></span> <span class='ocrx_word' id='word_1_104' title='bbox 1748 1218 1890 1273; x_wconf 80' lang='lat' dir='ltr'><strong><em>Per—</em></strong></span> 
     </span>
    </p>
   </div>
   <div class='ocr_carea' id='block_1_15' title="bbox 224 1303 1891 1375">
    <p class='ocr_par' dir='ltr' id='par_1_15' title="bbox 224 1303 1891 1375">
     <span class='ocr_line' id='line_1_15' title="bbox 224 1303 1891 1375; baseline -0.002 -12"><span class='ocrx_word' id='word_1_105' title='bbox 224 1306 319 1363; x_wconf 87' lang='lat' dir='ltr'><strong><em>sis</em></strong></span> <span class='ocrx_word' id='word_1_106' title='bbox 339 1304 789 1374; x_wconf 78' lang='lat' dir='ltr'><strong><em>Jerosolgmam</em></strong></span> <span class='ocrx_word' id='word_1_107' title='bbox 819 1303 1177 1374; x_wconf 65' lang='lat' dir='ltr'><strong><em>reportatae;</em></strong></span> <span class='ocrx_word' id='word_1_108' title='bbox 1202 1305 1440 1373; x_wconf 72' lang='lat' dir='ltr'><strong><em>quando</em></strong></span> <span class='ocrx_word' id='word_1_109' title='bbox 1470 1306 1531 1360; x_wconf 91' lang='lat' dir='ltr'><strong><em>et</em></strong></span> <span class='ocrx_word' id='word_1_110' title='bbox 1556 1307 1750 1361; x_wconf 70' lang='lat' dir='ltr'><strong><em>Roma</em></strong></span> <span class='ocrx_word' id='word_1_111' title='bbox 1782 1304 1891 1375; x_wconf 86' lang='lat' dir='ltr'><strong><em>lig-</em></strong></span> 
     </span>
    </p>
   </div>
   <div class='ocr_carea' id='block_1_16' title="bbox 223 1393 1892 1465">
    <p class='ocr_par' dir='ltr' id='par_1_16' title="bbox 223 1393 1892 1465">
     <span class='ocr_line' id='line_1_16' title="bbox 223 1393 1892 1465; baseline -0.001 -15"><span class='ocrx_word' id='word_1_112' title='bbox 223 1408 378 1450; x_wconf 80' lang='lat' dir='ltr'><strong><em>num</em></strong></span> <span class='ocrx_word' id='word_1_113' title='bbox 412 1393 810 1465; x_wconf 78' lang='lat' dir='ltr'><strong><em>salutiferam</em></strong></span> <span class='ocrx_word' id='word_1_114' title='bbox 839 1393 1033 1450; x_wconf 86' lang='lat' dir='ltr'><strong><em>crucis</em></strong></span> <span class='ocrx_word' id='word_1_115' title='bbox 1061 1404 1101 1446; x_wconf 90' lang='lat' dir='ltr'><strong><em>a</em></strong></span> <span class='ocrx_word' id='word_1_116' title='bbox 1126 1393 1342 1463; x_wconf 81' lang='lat' dir='ltr'><strong><em>Sergio</em></strong></span> <span class='ocrx_word' id='word_1_117' title='bbox 1376 1407 1544 1464; x_wconf 88' lang='lat' dir='ltr'><strong><em>papa</em></strong></span> <span class='ocrx_word' id='word_1_118' title='bbox 1590 1394 1892 1450; x_wconf 79' lang='lat' dir='ltr'><strong><em>inventum</em></strong></span> 
     </span>
    </p>
   </div>
   <div class='ocr_carea' id='block_1_17' title="bbox 226 1480 1891 1552">
    <p class='ocr_par' dir='ltr' id='par_1_17' title="bbox 226 1480 1891 1552">
     <span class='ocr_line' id='line_1_17' title="bbox 226 1480 1891 1552; baseline -0.002 -13"><span class='ocrx_word' id='word_1_119' title='bbox 226 1480 303 1539; x_wconf 85' lang='lat' dir='ltr'><strong><em>ab</em></strong></span> <span class='ocrx_word' id='word_1_120' title='bbox 335 1482 512 1537; x_wconf 84' lang='lat' dir='ltr'><strong><em>omni</em></strong></span> <span class='ocrx_word' id='word_1_121' title='bbox 537 1481 752 1552; x_wconf 79' lang='lat' dir='ltr'><strong><em>populo</em></strong></span> <span class='ocrx_word' id='word_1_122' title='bbox 779 1482 1114 1539; x_wconf 76' lang='lat' dir='ltr'><strong><em>veneratur.</em></strong></span> <span class='ocrx_word' id='word_1_123' title='bbox 1151 1483 1293 1537; x_wconf 88' lang='lat' dir='ltr'><strong><em>Nota</em></strong></span> <span class='ocrx_word' id='word_1_124' title='bbox 1331 1486 1464 1537; x_wconf 89' lang='lat' dir='ltr'><strong><em>sunt</em></strong></span> <span class='ocrx_word' id='word_1_125' title='bbox 1516 1481 1699 1550; x_wconf 88' lang='lat' dir='ltr'><strong><em>Sergii</em></strong></span> <span class='ocrx_word' id='word_1_126' title='bbox 1749 1485 1891 1536; x_wconf 91' lang='lat' dir='ltr'><strong><em>tem-</em></strong></span> 
     </span>
    </p>
   </div>
   <div class='ocr_carea' id='block_1_18' title="bbox 228 1569 1086 1641">
    <p class='ocr_par' dir='ltr' id='par_1_18' title="bbox 228 1569 1086 1641">
     <span class='ocr_line' id='line_1_18' title="bbox 228 1569 1086 1641; baseline 0.001 -16"><span class='ocrx_word' id='word_1_127' title='bbox 228 1583 402 1641; x_wconf 88' lang='lat' dir='ltr'><strong><em>pora,</em></strong></span> <span class='ocrx_word' id='word_1_128' title='bbox 442 1570 519 1625; x_wconf 93' lang='lat' dir='ltr'><strong><em>ab</em></strong></span> <span class='ocrx_word' id='word_1_129' title='bbox 550 1583 699 1624; x_wconf 89' lang='lat' dir='ltr'><strong><em>anno</em></strong></span> <span class='ocrx_word' id='word_1_130' title='bbox 730 1572 832 1625; x_wconf 89' lang='lat'><strong><em>687</em></strong></span> <span class='ocrx_word' id='word_1_131' title='bbox 863 1569 932 1624; x_wconf 91' lang='lat' dir='ltr'><strong><em>ad</em></strong></span> <span class='ocrx_word' id='word_1_132' title='bbox 964 1574 1086 1626; x_wconf 89' lang='grc'>701.</span> 
     </span>
    </p>
   </div>
   <div class='ocr_carea' id='block_1_19' title="bbox 1999 423 3643 501">
    <p class='ocr_par' dir='ltr' id='par_1_19' title="bbox 1999 423 3643 501">
     <span class='ocr_line' id='line_1_19' title="bbox 1999 423 3643 501; baseline 0.005 -22"><span class='ocrx_word' id='word_1_133' title='bbox 1999 426 2268 493; x_wconf 71' lang='lat' dir='ltr'><strong><em>caeteros,</em></strong></span> <span class='ocrx_word' id='word_1_134' title='bbox 2295 423 2349 479; x_wconf 92' lang='lat' dir='ltr'><strong><em>in</em></strong></span> <span class='ocrx_word' id='word_1_135' title='bbox 2384 424 2509 495; x_wconf 91' lang='lat' dir='ltr'><strong><em>ipso</em></strong></span> <span class='ocrx_word' id='word_1_136' title='bbox 2543 424 2918 494; x_wconf 83' lang='lat' dir='ltr'><strong><em>singulariter</em></strong></span> <span class='ocrx_word' id='word_1_137' title='bbox 2939 428 3285 498; x_wconf 80' lang='lat' dir='ltr'><strong><em>conSpicuos</em></strong></span> <span class='ocrx_word' id='word_1_138' title='bbox 3308 430 3506 501; x_wconf 88' lang='lat' dir='ltr'><strong><em>paucis</em></strong></span> <span class='ocrx_word' id='word_1_139' title='bbox 3526 431 3643 488; x_wconf 90' lang='lat' dir='ltr'><strong><em>col-</em></strong></span> 
     </span>
    </p>
   </div>
   <div class='ocr_carea' id='block_1_20' title="bbox 2001 509 3636 589">
    <p class='ocr_par' dir='ltr' id='par_1_20' title="bbox 2001 509 3636 589">
     <span class='ocr_line' id='line_1_20' title="bbox 2001 509 3636 589; baseline 0.007 -26"><span class='ocrx_word' id='word_1_140' title='bbox 2001 509 2263 580; x_wconf 86' lang='lat' dir='ltr'><strong><em>ligamus.</em></strong></span> <span class='ocrx_word' id='word_1_141' title='bbox 2300 513 2384 566; x_wconf 81' lang='lat' dir='ltr'><strong><em>An</em></strong></span> <span class='ocrx_word' id='word_1_142' title='bbox 2420 511 2577 568; x_wconf 90' lang='lat' dir='ltr'><strong><em>illius</em></strong></span> <span class='ocrx_word' id='word_1_143' title='bbox 2607 517 2812 569; x_wconf 90' lang='lat' dir='ltr'><strong><em>auctor</em></strong></span> <span class='ocrx_word' id='word_1_144' title='bbox 2852 513 3353 585; x_wconf 85' lang='lat' dir='ltr'><strong><em>Hieronymianum</em></strong></span> <span class='ocrx_word' id='word_1_145' title='bbox 3401 517 3636 589; x_wconf 87' lang='lat' dir='ltr'><strong><em>viderit,</em></strong></span> 
     </span>
    </p>
   </div>
   <div class='ocr_carea' id='block_1_21' title="bbox 2001 598 3640 674">
    <p class='ocr_par' dir='ltr' id='par_1_21' title="bbox 2001 598 3640 674">
     <span class='ocr_line' id='line_1_21' title="bbox 2001 598 3640 674; baseline 0.006 -21"><span class='ocrx_word' id='word_1_146' title='bbox 2001 604 2098 655; x_wconf 89' lang='lat' dir='ltr'><strong><em>aut</em></strong></span> <span class='ocrx_word' id='word_1_147' title='bbox 2124 598 2326 656; x_wconf 88' lang='lat' dir='ltr'><strong><em>saltem</em></strong></span> <span class='ocrx_word' id='word_1_148' title='bbox 2353 599 2408 654; x_wconf 95' lang='lat' dir='ltr'><strong><em>in</em></strong></span> <span class='ocrx_word' id='word_1_149' title='bbox 2432 599 2767 656; x_wconf 89' lang='lat' dir='ltr'><strong><em>adornando</em></strong></span> <span class='ocrx_word' id='word_1_150' title='bbox 2789 602 3419 674; x_wconf 90' lang='lat' dir='ltr'><strong><em>suoconsuluerit,toto</em></strong></span> <span class='ocrx_word' id='word_1_151' title='bbox 3441 610 3640 663; x_wconf 91' lang='lat' dir='ltr'><strong><em>nostro</em></strong></span> 
     </span>
    </p>
   </div>
   <div class='ocr_carea' id='block_1_22' title="bbox 1998 686 3639 760">
    <p class='ocr_par' dir='ltr' id='par_1_22' title="bbox 1998 686 3639 760">
     <span class='ocr_line' id='line_1_22' title="bbox 1998 686 3639 760; baseline 0.006 -19"><span class='ocrx_word' id='word_1_152' title='bbox 1998 701 2175 757; x_wconf 90' lang='lat' dir='ltr'><strong><em>opere</em></strong></span> <span class='ocrx_word' id='word_1_153' title='bbox 2198 687 2461 757; x_wconf 90' lang='lat' dir='ltr'><strong><em>apertius</em></strong></span> <span class='ocrx_word' id='word_1_154' title='bbox 2482 686 2783 744; x_wconf 86' lang='lat' dir='ltr'><strong><em>declarare</em></strong></span> <span class='ocrx_word' id='word_1_155' title='bbox 2806 689 2927 745; x_wconf 90' lang='lat' dir='ltr'><strong><em>ausi</em></strong></span> <span class='ocrx_word' id='word_1_156' title='bbox 2955 703 3064 744; x_wconf 94' lang='lat' dir='ltr'><strong><em>non</em></strong></span> <span class='ocrx_word' id='word_1_157' title='bbox 3093 689 3323 760; x_wconf 81' lang='lat' dir='ltr'><strong><em>fuimus,</em></strong></span> <span class='ocrx_word' id='word_1_158' title='bbox 3350 707 3451 748; x_wconf 90' lang='lat' dir='ltr'><strong><em>nec</em></strong></span> <span class='ocrx_word' id='word_1_159' title='bbox 3473 695 3639 751; x_wconf 92' lang='lat' dir='ltr'><strong><em>modo</em></strong></span> 
     </span>
    </p>
   </div>
   <div class='ocr_carea' id='block_1_23' title="bbox 2000 774 3641 847">
    <p class='ocr_par' dir='ltr' id='par_1_23' title="bbox 2000 774 3641 847">
     <span class='ocr_line' id='line_1_23' title="bbox 2000 774 3641 847; baseline 0.005 -18"><span class='ocrx_word' id='word_1_160' title='bbox 2000 774 2317 841; x_wconf 90' lang='lat' dir='ltr'><strong><em>audemus;</em></strong></span> <span class='ocrx_word' id='word_1_161' title='bbox 2348 778 2407 829; x_wconf 92' lang='lat' dir='ltr'><strong><em>et</em></strong></span> <span class='ocrx_word' id='word_1_162' title='bbox 2440 774 2574 829; x_wconf 89' lang='lat' dir='ltr'><strong><em>licet</em></strong></span> <span class='ocrx_word' id='word_1_163' title='bbox 2601 776 2950 847; x_wconf 82' lang='lat' dir='ltr'><strong><em>quandoque</em></strong></span> <span class='ocrx_word' id='word_1_164' title='bbox 2974 776 3149 832; x_wconf 91' lang='lat' dir='ltr'><strong><em>iidem</em></strong></span> <span class='ocrx_word' id='word_1_165' title='bbox 3179 779 3361 834; x_wconf 91' lang='lat' dir='ltr'><strong><em>sancti</em></strong></span> <span class='ocrx_word' id='word_1_166' title='bbox 3391 780 3443 835; x_wconf 92' lang='lat' dir='ltr'><strong><em>in</em></strong></span> <span class='ocrx_word' id='word_1_167' title='bbox 3469 782 3641 838; x_wconf 82' lang='lat' dir='ltr'><strong><em>utris-</em></strong></span> 
     </span>
    </p>
   </div>
   <div class='ocr_carea' id='block_1_24' title="bbox 2000 862 3643 939">
    <p class='ocr_par' dir='ltr' id='par_1_24' title="bbox 2000 862 3643 939">
     <span class='ocr_line' id='line_1_24' title="bbox 2000 862 3643 939; baseline 0.004 -21"><span class='ocrx_word' id='word_1_168' title='bbox 2000 876 2111 931; x_wconf 88' lang='lat' dir='ltr'><strong><em>que</em></strong></span> <span class='ocrx_word' id='word_1_169' title='bbox 2136 862 2319 917; x_wconf 88' lang='lat' dir='ltr'><strong><em>notati</em></strong></span> <span class='ocrx_word' id='word_1_170' title='bbox 2351 866 2762 931; x_wconf 90' lang='lat' dir='ltr'><strong><em>occurrant,ut</em></strong></span> <span class='ocrx_word' id='word_1_171' title='bbox 2779 864 2910 919; x_wconf 91' lang='lat' dir='ltr'><strong><em>vide</em></strong></span> <span class='ocrx_word' id='word_1_172' title='bbox 2942 880 3073 920; x_wconf 79' lang='grc' dir='ltr'>χχνι</span> <span class='ocrx_word' id='word_1_173' title='bbox 3096 866 3416 935; x_wconf 84' lang='lat' dir='ltr'><strong><em>Februarii,</em></strong></span> <span class='ocrx_word' id='word_1_174' title='bbox 3446 870 3643 939; x_wconf 90' lang='lat' dir='ltr'><strong><em>proba-</em></strong></span> 
     </span>
    </p>
   </div>
   <div class='ocr_carea' id='block_1_25' title="bbox 2002 949 3641 1023">
    <p class='ocr_par' dir='ltr' id='par_1_25' title="bbox 2002 949 3641 1023">
     <span class='ocr_line' id='line_1_25' title="bbox 2002 949 3641 1023; baseline 0.005 -18"><span class='ocrx_word' id='word_1_175' title='bbox 2002 949 2588 1020; x_wconf 88' lang='lat' dir='ltr'><strong><em>biliuscenscmus,ex</em></strong></span> <span class='ocrx_word' id='word_1_176' title='bbox 2604 952 2875 1007; x_wconf 85' lang='lat' dir='ltr'><strong><em>Romanis</em></strong></span> <span class='ocrx_word' id='word_1_177' title='bbox 2889 952 3249 1023; x_wconf 88' lang='lat' dir='ltr'><strong><em>aliarumque</em></strong></span> <span class='ocrx_word' id='word_1_178' title='bbox 3264 954 3641 1013; x_wconf 89' lang='lat' dir='ltr'><strong><em>ecclesiarum</em></strong></span> 
     </span>
    </p>
   </div>
   <div class='ocr_carea' id='block_1_26' title="bbox 1999 1037 3641 1111">
    <p class='ocr_par' dir='ltr' id='par_1_26' title="bbox 1999 1037 3641 1111">
     <span class='ocr_line' id='line_1_26' title="bbox 1999 1037 3641 1111; baseline 0.005 -20"><span class='ocrx_word' id='word_1_179' title='bbox 1999 1037 2362 1095; x_wconf 87' lang='lat' dir='ltr'><strong><em>Kalendariis</em></strong></span> <span class='ocrx_word' id='word_1_180' title='bbox 2392 1043 2625 1095; x_wconf 89' lang='lat' dir='ltr'><strong><em>sanctos</em></strong></span> <span class='ocrx_word' id='word_1_181' title='bbox 2656 1038 2786 1095; x_wconf 86' lang='lat' dir='ltr'><strong><em>illos</em></strong></span> <span class='ocrx_word' id='word_1_182' title='bbox 2818 1055 2847 1095; x_wconf 88' lang='lat' dir='ltr'><strong><em>a</em></strong></span> <span class='ocrx_word' id='word_1_183' title='bbox 2898 1040 3135 1095; x_wconf 86' lang='lat' dir='ltr'><strong><em>Romani</em></strong></span> <span class='ocrx_word' id='word_1_184' title='bbox 3190 1044 3350 1111; x_wconf 88' lang='lat' dir='ltr'><strong><em>parvi</em></strong></span> <span class='ocrx_word' id='word_1_185' title='bbox 3404 1049 3641 1100; x_wconf 89' lang='lat' dir='ltr'><strong><em>auctore</em></strong></span> 
     </span>
    </p>
   </div>
   <div class='ocr_carea' id='block_1_27' title="bbox 2000 1127 3637 1197">
    <p class='ocr_par' dir='ltr' id='par_1_27' title="bbox 2000 1127 3637 1197">
     <span class='ocr_line' id='line_1_27' title="bbox 2000 1127 3637 1197; baseline 0.004 -15"><span class='ocrx_word' id='word_1_186' title='bbox 2000 1129 2272 1196; x_wconf 85' lang='lat' dir='ltr'><strong><em>acceptos</em></strong></span> <span class='ocrx_word' id='word_1_187' title='bbox 2301 1141 2449 1196; x_wconf 89' lang='lat' dir='ltr'><strong><em>esse,</em></strong></span> <span class='ocrx_word' id='word_1_188' title='bbox 2485 1127 2580 1196; x_wconf 90' lang='lat' dir='ltr'><strong><em>qui</em></strong></span> <span class='ocrx_word' id='word_1_189' title='bbox 2615 1127 2794 1183; x_wconf 83' lang='lat' dir='ltr'><strong><em>ferme</em></strong></span> <span class='ocrx_word' id='word_1_190' title='bbox 2825 1127 2999 1197; x_wconf 87' lang='lat' dir='ltr'><strong><em>vulgo</em></strong></span> <span class='ocrx_word' id='word_1_191' title='bbox 3031 1129 3211 1197; x_wconf 86' lang='lat' dir='ltr'><strong><em>magis</em></strong></span> <span class='ocrx_word' id='word_1_192' title='bbox 3243 1130 3637 1187; x_wconf 91' lang='lat' dir='ltr'><strong><em>innotuerant.</em></strong></span> 
     </span>
    </p>
   </div>
   <div class='ocr_carea' id='block_1_28' title="bbox 1999 1214 3642 1291">
    <p class='ocr_par' dir='ltr' id='par_1_28' title="bbox 1999 1214 3642 1291">
     <span class='ocr_line' id='line_1_28' title="bbox 1999 1214 3642 1291; baseline 0.005 -23"><span class='ocrx_word' id='word_1_193' title='bbox 1999 1214 2123 1269; x_wconf 87' lang='lat' dir='ltr'><strong><em>Tria</em></strong></span> <span class='ocrx_word' id='word_1_194' title='bbox 2158 1216 2405 1271; x_wconf 91' lang='lat' dir='ltr'><strong><em>observo</em></strong></span> <span class='ocrx_word' id='word_1_195' title='bbox 2436 1216 2691 1271; x_wconf 83' lang='lat' dir='ltr'><strong><em>Romano</em></strong></span> <span class='ocrx_word' id='word_1_196' title='bbox 2724 1230 2902 1286; x_wconf 89' lang='lat' dir='ltr'><strong><em>parvo</em></strong></span> <span class='ocrx_word' id='word_1_197' title='bbox 2951 1231 3203 1287; x_wconf 84' lang='lat' dir='ltr'><strong><em>propria.</em></strong></span> <span class='ocrx_word' id='word_1_198' title='bbox 3261 1219 3535 1291; x_wconf 86' lang='lat' dir='ltr'><strong><em>Primum,</em></strong></span> <span class='ocrx_word' id='word_1_199' title='bbox 3570 1236 3642 1276; x_wconf 88' lang='lat' dir='ltr'><strong><em>ex</em></strong></span> 
     </span>
    </p>
   </div>
   <div class='ocr_carea' id='block_1_29' title="bbox 2000 1302 3640 1377">
    <p class='ocr_par' dir='ltr' id='par_1_29' title="bbox 2000 1302 3640 1377">
     <span class='ocr_line' id='line_1_29' title="bbox 2000 1302 3640 1377; baseline 0.005 -21"><span class='ocrx_word' id='word_1_200' title='bbox 2000 1302 2249 1357; x_wconf 85' lang='lat' dir='ltr'><strong><em>Historia</em></strong></span> <span class='ocrx_word' id='word_1_201' title='bbox 2292 1303 2543 1372; x_wconf 85' lang='lat' dir='ltr'><strong><em>Eusebii,</em></strong></span> <span class='ocrx_word' id='word_1_202' title='bbox 2579 1303 3083 1373; x_wconf 87' lang='lat' dir='ltr'><strong><em>interpretationis</em></strong></span> <span class='ocrx_word' id='word_1_203' title='bbox 3132 1304 3341 1376; x_wconf 81' lang='lat' dir='ltr'><strong><em>Ruﬁni,</em></strong></span> <span class='ocrx_word' id='word_1_204' title='bbox 3377 1322 3640 1377; x_wconf 85' lang='lat' dir='ltr'><strong><em>magnam</em></strong></span> 
     </span>
    </p>
   </div>
   <div class='ocr_carea' id='block_1_30' title="bbox 2002 1390 3641 1463">
    <p class='ocr_par' dir='ltr' id='par_1_30' title="bbox 2002 1390 3641 1463">
     <span class='ocr_line' id='line_1_30' title="bbox 2002 1390 3641 1463; baseline 0.004 -18"><span class='ocrx_word' id='word_1_205' title='bbox 2002 1394 2223 1460; x_wconf 90' lang='lat' dir='ltr'><strong><em>partem</em></strong></span> <span class='ocrx_word' id='word_1_206' title='bbox 2247 1390 2553 1459; x_wconf 91' lang='lat' dir='ltr'><strong><em>coaluisse,</em></strong></span> <span class='ocrx_word' id='word_1_207' title='bbox 2581 1395 2643 1446; x_wconf 94' lang='lat' dir='ltr'><strong><em>ut</em></strong></span> <span class='ocrx_word' id='word_1_208' title='bbox 2669 1391 2983 1462; x_wconf 63' lang='lat' dir='ltr'><strong><em>saepissime</em></strong></span> <span class='ocrx_word' id='word_1_209' title='bbox 3008 1392 3061 1446; x_wconf 93' lang='lat' dir='ltr'><strong><em>in</em></strong></span> <span class='ocrx_word' id='word_1_210' title='bbox 3087 1392 3191 1448; x_wconf 88' lang='lat' dir='ltr'><strong><em>hoc</em></strong></span> <span class='ocrx_word' id='word_1_211' title='bbox 3216 1409 3391 1463; x_wconf 89' lang='lat' dir='ltr'><strong><em>opere</em></strong></span> <span class='ocrx_word' id='word_1_212' title='bbox 3416 1395 3641 1451; x_wconf 90' lang='lat' dir='ltr'><strong><em>intento</em></strong></span> 
     </span>
    </p>
   </div>
   <div class='ocr_carea' id='block_1_31' title="bbox 2001 1478 3636 1554">
    <p class='ocr_par' dir='ltr' id='par_1_31' title="bbox 2001 1478 3636 1554">
     <span class='ocr_line' id='line_1_31' title="bbox 2001 1478 3636 1554; baseline 0.003 -21"><span class='ocrx_word' id='word_1_213' title='bbox 2001 1478 2162 1546; x_wconf 91' lang='lat' dir='ltr'><strong><em>quasi</em></strong></span> <span class='ocrx_word' id='word_1_214' title='bbox 2187 1478 2371 1547; x_wconf 87' lang='lat' dir='ltr'><strong><em>digito</em></strong></span> <span class='ocrx_word' id='word_1_215' title='bbox 2392 1480 2991 1535; x_wconf 89' lang='lat' dir='ltr'><strong><em>commonstravimus.</em></strong></span> <span class='ocrx_word' id='word_1_216' title='bbox 3013 1484 3201 1551; x_wconf 76' lang='lat' dir='ltr'><strong><em>Atque</em></strong></span> <span class='ocrx_word' id='word_1_217' title='bbox 3217 1481 3320 1537; x_wconf 90' lang='lat' dir='ltr'><strong><em>hoc</em></strong></span> <span class='ocrx_word' id='word_1_218' title='bbox 3340 1498 3510 1538; x_wconf 92' lang='lat' dir='ltr'><strong><em>unum</em></strong></span> <span class='ocrx_word' id='word_1_219' title='bbox 3525 1489 3636 1554; x_wconf 85' lang='lat' dir='ltr'><strong><em>est,</em></strong></span> 
     </span>
    </p>
   </div>
   <div class='ocr_carea' id='block_1_32' title="bbox 2000 1565 3640 1637">
    <p class='ocr_par' dir='ltr' id='par_1_32' title="bbox 2000 1565 3640 1637">
     <span class='ocr_line' id='line_1_32' title="bbox 2000 1565 3640 1637; baseline 0.005 -18"><span class='ocrx_word' id='word_1_220' title='bbox 2000 1565 2150 1635; x_wconf 91' lang='lat' dir='ltr'><strong><em>quod</em></strong></span> <span class='ocrx_word' id='word_1_221' title='bbox 2187 1566 2471 1623; x_wconf 80' lang='lat' dir='ltr'><strong><em>Henricus</em></strong></span> <span class='ocrx_word' id='word_1_222' title='bbox 2500 1566 2781 1637; x_wconf 83' lang='lat' dir='ltr'><strong><em>Valesius,</em></strong></span> <span class='ocrx_word' id='word_1_223' title='bbox 2818 1568 3165 1625; x_wconf 82' lang='lat' dir='ltr'><strong><em>novissimus</em></strong></span> <span class='ocrx_word' id='word_1_224' title='bbox 3193 1570 3425 1625; x_wconf 85' lang='lat' dir='ltr'><strong><em>Eusebii</em></strong></span> <span class='ocrx_word' id='word_1_225' title='bbox 3460 1570 3640 1627; x_wconf 91' lang='lat' dir='ltr'><strong><em>inter-</em></strong></span> 
     </span>
    </p>
   </div>
   <div class='ocr_carea' id='block_1_33' title="bbox 300 1653 3639 1735">
    <p class='ocr_par' dir='ltr' id='par_1_33' title="bbox 300 1653 3639 1735">
     <span class='ocr_line' id='line_1_33' title="bbox 300 1653 3639 1735; baseline 0 -22"><span class='ocrx_word' id='word_1_226' title='bbox 300 1661 437 1713; x_wconf 70' lang='grc'>141.</span> <span class='ocrx_word' id='word_1_227' title='bbox 462 1658 582 1714; x_wconf 88' lang='grc' dir='ltr'><strong><em>Νο0</em></strong></span> <span class='ocrx_word' id='word_1_228' title='bbox 616 1658 865 1713; x_wconf 90' lang='lat' dir='ltr'><strong><em>verebor</em></strong></span> <span class='ocrx_word' id='word_1_229' title='bbox 899 1657 990 1715; x_wconf 92' lang='lat' dir='ltr'><strong><em>hic</em></strong></span> <span class='ocrx_word' id='word_1_230' title='bbox 1022 1658 1236 1714; x_wconf 89' lang='lat' dir='ltr'><strong><em>addere</em></strong></span> <span class='ocrx_word' id='word_1_231' title='bbox 1270 1658 1665 1728; x_wconf 83' lang='lat' dir='ltr'><strong><em>festivitatem,</em></strong></span> <span class='ocrx_word' id='word_1_232' title='bbox 1688 1674 1717 1715; x_wconf 92' lang='lat' dir='ltr'><strong><em>a</em></strong></span> <span class='ocrx_word' id='word_1_233' title='bbox 1750 1660 1886 1714; x_wconf 87' lang='lat' dir='ltr'><strong><em>Gre-</em></strong></span> <span class='ocrx_word' id='word_1_234' title='bbox 1914 1674 1967 1735; x_wconf 79' lang='grc' dir='ltr'>Β</span> <span class='ocrx_word' id='word_1_235' title='bbox 2002 1670 2135 1726; x_wconf 89' lang='lat' dir='ltr'><strong><em>pres</em></strong></span> <span class='ocrx_word' id='word_1_236' title='bbox 2156 1658 2212 1709; x_wconf 90' lang='lat' dir='ltr'><strong><em>et</em></strong></span> <span class='ocrx_word' id='word_1_237' title='bbox 2240 1653 2891 1725; x_wconf 89' lang='lat' dir='ltr'><strong><em>illustrator,commode</em></strong></span> <span class='ocrx_word' id='word_1_238' title='bbox 2915 1657 3222 1712; x_wconf 84' lang='lat' dir='ltr'><strong><em>advertere</em></strong></span> <span class='ocrx_word' id='word_1_239' title='bbox 3249 1659 3533 1728; x_wconf 87' lang='lat' dir='ltr'><strong><em>potuit,et</em></strong></span> <span class='ocrx_word' id='word_1_240' title='bbox 3558 1660 3639 1715; x_wconf 89' lang='lat' dir='ltr'><strong><em>di-</em></strong></span> 
     </span>
    </p>
   </div>
   <div class='ocr_carea' id='block_1_34' title="bbox 224 1745 1882 1817">
    <p class='ocr_par' dir='ltr' id='par_1_34' title="bbox 224 1745 1882 1817">
     <span class='ocr_line' id='line_1_34' title="bbox 224 1745 1882 1817; baseline 0 -16"><span class='ocrx_word' id='word_1_241' title='bbox 224 1745 403 1814; x_wconf 83' lang='lat' dir='ltr'><strong><em>gorio</em></strong></span> <span class='ocrx_word' id='word_1_242' title='bbox 438 1746 513 1800; x_wconf 89' lang='lat' dir='ltr'><strong><em>IIl</em></strong></span> <span class='ocrx_word' id='word_1_243' title='bbox 548 1746 741 1801; x_wconf 60' lang='lat' dir='ltr'><strong><em>Romae</em></strong></span> <span class='ocrx_word' id='word_1_244' title='bbox 775 1745 1101 1801; x_wconf 88' lang='lat' dir='ltr'><strong><em>institutam</em></strong></span> <span class='ocrx_word' id='word_1_245' title='bbox 1134 1747 1286 1801; x_wconf 91' lang='lat' dir='ltr'><strong><em>inter</em></strong></span> <span class='ocrx_word' id='word_1_246' title='bbox 1316 1762 1525 1803; x_wconf 92' lang='lat' dir='ltr'><strong><em>annum</em></strong></span> <span class='ocrx_word' id='word_1_247' title='bbox 1557 1753 1652 1802; x_wconf 88' lang='grc'>731</span> <span class='ocrx_word' id='word_1_248' title='bbox 1682 1750 1882 1817; x_wconf 80' lang='grc' dir='ltr'><strong><em>οῐ741,</em></strong></span> 
     </span>
    </p>
   </div>
   <div class='ocr_carea' id='block_1_35' title="bbox 228 1833 1888 1901">
    <p class='ocr_par' dir='ltr' id='par_1_35' title="bbox 228 1833 1888 1901">
     <span class='ocr_line' id='line_1_35' title="bbox 228 1833 1888 1901; baseline 0.001 -14"><span class='ocrx_word' id='word_1_249' title='bbox 228 1833 283 1888; x_wconf 90' lang='lat' dir='ltr'><strong><em>in</em></strong></span> <span class='ocrx_word' id='word_1_250' title='bbox 316 1833 613 1889; x_wconf 86' lang='lat' dir='ltr'><strong><em>honorem</em></strong></span> <span class='ocrx_word' id='word_1_251' title='bbox 648 1834 833 1889; x_wconf 67' lang='lat' dir='ltr'><strong><em>beatm</em></strong></span> <span class='ocrx_word' id='word_1_252' title='bbox 866 1834 1056 1889; x_wconf 72' lang='lat' dir='ltr'><strong><em>Maria)</em></strong></span> <span class='ocrx_word' id='word_1_253' title='bbox 1080 1834 1319 1901; x_wconf 86' lang='lat' dir='ltr'><strong><em>virginis</em></strong></span> <span class='ocrx_word' id='word_1_254' title='bbox 1338 1839 1395 1889; x_wconf 91' lang='lat' dir='ltr'><strong><em>et</em></strong></span> <span class='ocrx_word' id='word_1_255' title='bbox 1420 1838 1749 1891; x_wconf 90' lang='lat' dir='ltr'><strong><em>sanctorum</em></strong></span> <span class='ocrx_word' id='word_1_256' title='bbox 1772 1850 1888 1891; x_wconf 91' lang='lat' dir='ltr'><strong><em>om-</em></strong></span> 
     </span>
    </p>
   </div>
   <div class='ocr_carea' id='block_1_36' title="bbox 226 1921 1889 1995">
    <p class='ocr_par' dir='ltr' id='par_1_36' title="bbox 226 1921 1889 1995">
     <span class='ocr_line' id='line_1_36' title="bbox 226 1921 1889 1995; baseline 0.002 -19"><span class='ocrx_word' id='word_1_257' title='bbox 226 1921 413 1990; x_wconf 89' lang='lat' dir='ltr'><strong><em>nium,</em></strong></span> <span class='ocrx_word' id='word_1_258' title='bbox 448 1925 731 1991; x_wconf 82' lang='lat' dir='ltr'><strong><em>tanquam</em></strong></span> <span class='ocrx_word' id='word_1_259' title='bbox 764 1921 1176 1992; x_wconf 88' lang='lat' dir='ltr'><strong><em>ampliativam,</em></strong></span> <span class='ocrx_word' id='word_1_260' title='bbox 1211 1927 1275 1977; x_wconf 90' lang='lat' dir='ltr'><strong><em>ut</em></strong></span> <span class='ocrx_word' id='word_1_261' title='bbox 1307 1922 1384 1977; x_wconf 90' lang='lat' dir='ltr'><strong><em>ita</em></strong></span> <span class='ocrx_word' id='word_1_262' title='bbox 1418 1921 1642 1993; x_wconf 91' lang='lat' dir='ltr'><strong><em>loquar,</em></strong></span> <span class='ocrx_word' id='word_1_263' title='bbox 1678 1924 1889 1995; x_wconf 88' lang='lat' dir='ltr'><strong><em>prioris</em></strong></span> 
     </span>
    </p>
   </div>
   <div class='ocr_carea' id='block_1_37' title="bbox 226 2008 1888 2070">
    <p class='ocr_par' dir='ltr' id='par_1_37' title="bbox 226 2008 1888 2070">
     <span class='ocr_line' id='line_1_37' title="bbox 226 2008 1888 2070; baseline 0.004 -6"><span class='ocrx_word' id='word_1_264' title='bbox 226 2008 631 2065; x_wconf 86' lang='lat' dir='ltr'><strong><em>dedicationis</em></strong></span> <span class='ocrx_word' id='word_1_265' title='bbox 662 2024 691 2064; x_wconf 91' lang='lat' dir='ltr'><strong><em>a</em></strong></span> <span class='ocrx_word' id='word_1_266' title='bbox 727 2008 1015 2065; x_wconf 89' lang='lat' dir='ltr'><strong><em>Bonifacio</em></strong></span> <span class='ocrx_word' id='word_1_267' title='bbox 1048 2010 1115 2064; x_wconf 90' lang='lat' dir='ltr'><strong>IV</strong></span> <span class='ocrx_word' id='word_1_268' title='bbox 1146 2008 1478 2066; x_wconf 69' lang='lat' dir='ltr'><strong><em>celebrata).</em></strong></span> <span class='ocrx_word' id='word_1_269' title='bbox 1516 2012 1645 2067; x_wconf 62' lang='lat' dir='ltr'><strong><em>Haec</em></strong></span> <span class='ocrx_word' id='word_1_270' title='bbox 1670 2011 1888 2070; x_wconf 91' lang='lat' dir='ltr'><strong><em>talibus</em></strong></span> 
     </span>
    </p>
   </div>
   <div class='ocr_carea' id='block_1_38' title="bbox 226 2096 1886 2169">
    <p class='ocr_par' dir='ltr' id='par_1_38' title="bbox 226 2096 1886 2169">
     <span class='ocr_line' id='line_1_38' title="bbox 226 2096 1886 2169; baseline 0.003 -18"><span class='ocrx_word' id='word_1_271' title='bbox 226 2097 514 2154; x_wconf 89' lang='lat' dir='ltr'><strong><em>terminis</em></strong></span> <span class='ocrx_word' id='word_1_272' title='bbox 542 2112 572 2152; x_wconf 91' lang='lat' dir='ltr'><strong><em>a</em></strong></span> <span class='ocrx_word' id='word_1_273' title='bbox 606 2097 859 2153; x_wconf 82' lang='lat' dir='ltr'><strong><em>Romano</em></strong></span> <span class='ocrx_word' id='word_1_274' title='bbox 892 2111 1069 2168; x_wconf 88' lang='lat' dir='ltr'><strong><em>parvo</em></strong></span> <span class='ocrx_word' id='word_1_275' title='bbox 1098 2096 1435 2166; x_wconf 85' lang='lat' dir='ltr'><strong><em>consignata</em></strong></span> <span class='ocrx_word' id='word_1_276' title='bbox 1457 2102 1566 2169; x_wconf 92' lang='lat' dir='ltr'><strong><em>est,</em></strong></span> <span class='ocrx_word' id='word_1_277' title='bbox 1595 2104 1655 2155; x_wconf 90' lang='lat' dir='ltr'><strong><em>ut</em></strong></span> <span class='ocrx_word' id='word_1_278' title='bbox 1682 2104 1886 2156; x_wconf 86' lang='lat' dir='ltr'><strong><em>auctor</em></strong></span> 
     </span>
    </p>
   </div>
   <div class='ocr_carea' id='block_1_39' title="bbox 226 2184 1885 2256">
    <p class='ocr_par' dir='ltr' id='par_1_39' title="bbox 226 2184 1885 2256">
     <span class='ocr_line' id='line_1_39' title="bbox 226 2184 1885 2256; baseline 0.002 -15"><span class='ocrx_word' id='word_1_279' title='bbox 226 2190 467 2241; x_wconf 88' lang='lat' dir='ltr'><strong><em>tantum</em></strong></span> <span class='ocrx_word' id='word_1_280' title='bbox 503 2200 617 2241; x_wconf 92' lang='lat' dir='ltr'><strong><em>non</em></strong></span> <span class='ocrx_word' id='word_1_281' title='bbox 640 2184 876 2253; x_wconf 91' lang='lat' dir='ltr'><strong><em>indicet,</em></strong></span> <span class='ocrx_word' id='word_1_282' title='bbox 903 2199 1026 2240; x_wconf 89' lang='lat' dir='ltr'><strong><em>eam</em></strong></span> <span class='ocrx_word' id='word_1_283' title='bbox 1048 2199 1108 2241; x_wconf 92' lang='lat' dir='ltr'><strong><em>se</em></strong></span> <span class='ocrx_word' id='word_1_284' title='bbox 1131 2184 1362 2240; x_wconf 88' lang='lat' dir='ltr'><strong><em>vivente</em></strong></span> <span class='ocrx_word' id='word_1_285' title='bbox 1385 2190 1443 2241; x_wconf 93' lang='lat' dir='ltr'><strong><em>et</em></strong></span> <span class='ocrx_word' id='word_1_286' title='bbox 1464 2186 1885 2256; x_wconf 90' lang='lat' dir='ltr'><strong><em>quodammodo</em></strong></span> 
     </span>
    </p>
   </div>
   <div class='ocr_carea' id='block_1_40' title="bbox 224 2272 1886 2344">
    <p class='ocr_par' dir='ltr' id='par_1_40' title="bbox 224 2272 1886 2344">
     <span class='ocr_line' id='line_1_40' title="bbox 224 2272 1886 2344; baseline 0.002 -16"><span class='ocrx_word' id='word_1_287' title='bbox 224 2274 502 2343; x_wconf 86' lang='lat' dir='ltr'><strong><em>vidente,</em></strong></span> <span class='ocrx_word' id='word_1_288' title='bbox 521 2273 765 2344; x_wconf 90' lang='lat' dir='ltr'><strong><em>primum</em></strong></span> <span class='ocrx_word' id='word_1_289' title='bbox 793 2272 967 2329; x_wconf 90' lang='lat' dir='ltr'><strong><em>fuisse</em></strong></span> <span class='ocrx_word' id='word_1_290' title='bbox 994 2272 1341 2329; x_wconf 89' lang='lat' dir='ltr'><strong><em>inchoatam.</em></strong></span> <span class='ocrx_word' id='word_1_291' title='bbox 1369 2274 1621 2331; x_wconf 83' lang='lat' dir='ltr'><strong><em>Attende</em></strong></span> <span class='ocrx_word' id='word_1_292' title='bbox 1644 2273 1886 2333; x_wconf 89' lang='lat' dir='ltr'><strong><em>locutio-</em></strong></span> 
     </span>
    </p>
   </div>
   <div class='ocr_carea' id='block_1_41' title="bbox 222 2360 1886 2435">
    <p class='ocr_par' dir='ltr' id='par_1_41' title="bbox 222 2360 1886 2435">
     <span class='ocr_line' id='line_1_41' title="bbox 222 2360 1886 2435; baseline 0.002 -17"><span class='ocrx_word' id='word_1_293' title='bbox 222 2377 353 2419; x_wconf 88' lang='lat' dir='ltr'><strong><em>nem</em></strong></span> <span class='ocrx_word' id='word_1_294' title='bbox 371 2380 385 2416; x_wconf 90' lang='lat'><strong>:</strong></span> <span class='ocrx_word' id='word_1_295' title='bbox 402 2360 1248 2432; x_wconf 77' lang='lat' dir='ltr'><strong><em>Festioitassanctorum,gua:</em></strong></span> <span class='ocrx_word' id='word_1_296' title='bbox 1258 2362 1503 2420; x_wconf 78' lang='lat' dir='ltr'><strong><em>celebris</em></strong></span> <span class='ocrx_word' id='word_1_297' title='bbox 1514 2364 1574 2419; x_wconf 91' lang='lat' dir='ltr'><strong><em>et</em></strong></span> <span class='ocrx_word' id='word_1_298' title='bbox 1584 2366 1886 2435; x_wconf 75' lang='lat' dir='ltr'><strong><em>generalis</em></strong></span> 
     </span>
    </p>
   </div>
   <div class='ocr_carea' id='block_1_42' title="bbox 220 2449 1886 2524">
    <p class='ocr_par' dir='ltr' id='par_1_42' title="bbox 220 2449 1886 2524">
     <span class='ocr_line' id='line_1_42' title="bbox 220 2449 1886 2524; baseline -0.001 -15"><span class='ocrx_word' id='word_1_299' title='bbox 220 2452 441 2524; x_wconf 60' lang='lat' dir='ltr'><strong><em>agitur</em></strong></span> <span class='ocrx_word' id='word_1_300' title='bbox 464 2451 685 2518; x_wconf 62' lang='lat' dir='ltr'><strong><em>Romae,</em></strong></span> <span class='ocrx_word' id='word_1_301' title='bbox 712 2450 874 2521; x_wconf 86' lang='lat' dir='ltr'><strong><em>quasi</em></strong></span> <span class='ocrx_word' id='word_1_302' title='bbox 898 2450 1093 2507; x_wconf 90' lang='lat' dir='ltr'><strong><em>dicere</em></strong></span> <span class='ocrx_word' id='word_1_303' title='bbox 1116 2449 1280 2520; x_wconf 89' lang='lat' dir='ltr'><strong><em>velit,</em></strong></span> <span class='ocrx_word' id='word_1_304' title='bbox 1306 2456 1598 2508; x_wconf 89' lang='lat' dir='ltr'><strong><em>recentem</em></strong></span> <span class='ocrx_word' id='word_1_305' title='bbox 1622 2466 1747 2508; x_wconf 90' lang='lat' dir='ltr'><strong><em>eam</em></strong></span> <span class='ocrx_word' id='word_1_306' title='bbox 1778 2453 1886 2508; x_wconf 90' lang='lat' dir='ltr'><strong><em>fes-</em></strong></span> 
     </span>
    </p>
   </div>
   <div class='ocr_carea' id='block_1_43' title="bbox 222 2539 1883 2611">
    <p class='ocr_par' dir='ltr' id='par_1_43' title="bbox 222 2539 1883 2611">
     <span class='ocr_line' id='line_1_43' title="bbox 222 2539 1883 2611; baseline -0.001 -13"><span class='ocrx_word' id='word_1_307' title='bbox 222 2540 530 2599; x_wconf 87' lang='lat' dir='ltr'><strong><em>tivitatem</em></strong></span> <span class='ocrx_word' id='word_1_308' title='bbox 554 2552 700 2609; x_wconf 89' lang='lat' dir='ltr'><strong><em>esse,</em></strong></span> <span class='ocrx_word' id='word_1_309' title='bbox 718 2542 776 2594; x_wconf 93' lang='lat' dir='ltr'><strong><em>et</em></strong></span> <span class='ocrx_word' id='word_1_310' title='bbox 802 2540 994 2595; x_wconf 71' lang='lat' dir='ltr'><strong><em>Roma:</em></strong></span> <span class='ocrx_word' id='word_1_311' title='bbox 1016 2539 1296 2596; x_wconf 77' lang='lat' dir='ltr'><strong><em>duntaxat</em></strong></span> <span class='ocrx_word' id='word_1_312' title='bbox 1312 2539 1619 2611; x_wconf 91' lang='lat' dir='ltr'><strong><em>celebrari,</em></strong></span> <span class='ocrx_word' id='word_1_313' title='bbox 1639 2542 1883 2598; x_wconf 91' lang='lat' dir='ltr'><strong><em>necdum</em></strong></span> 
     </span>
    </p>
   </div>
   <div class='ocr_carea' id='block_1_44' title="bbox 220 2626 1882 2699">
    <p class='ocr_par' dir='ltr' id='par_1_44' title="bbox 220 2626 1882 2699">
     <span class='ocr_line' id='line_1_44' title="bbox 220 2626 1882 2699; baseline 0.001 -15"><span class='ocrx_word' id='word_1_314' title='bbox 220 2628 289 2684; x_wconf 91' lang='lat' dir='ltr'><strong><em>ad</em></strong></span> <span class='ocrx_word' id='word_1_315' title='bbox 324 2627 447 2683; x_wconf 89' lang='lat' dir='ltr'><strong><em>alia</em></strong></span> <span class='ocrx_word' id='word_1_316' title='bbox 486 2641 665 2697; x_wconf 89' lang='lat' dir='ltr'><strong><em>regna</em></strong></span> <span class='ocrx_word' id='word_1_317' title='bbox 697 2631 795 2683; x_wconf 91' lang='lat' dir='ltr'><strong><em>aut</em></strong></span> <span class='ocrx_word' id='word_1_318' title='bbox 828 2626 1116 2683; x_wconf 87' lang='lat' dir='ltr'><strong><em>Ecclesias</em></strong></span> <span class='ocrx_word' id='word_1_319' title='bbox 1156 2632 1550 2699; x_wconf 89' lang='lat' dir='ltr'><strong><em>propagatam.</em></strong></span> <span class='ocrx_word' id='word_1_320' title='bbox 1588 2628 1767 2698; x_wconf 82' lang='lat' dir='ltr'><strong><em>Hujus</em></strong></span> <span class='ocrx_word' id='word_1_321' title='bbox 1799 2629 1882 2685; x_wconf 89' lang='lat' dir='ltr'><strong><em>rei</em></strong></span> 
     </span>
    </p>
   </div>
   <div class='ocr_carea' id='block_1_45' title="bbox 220 2714 1885 2788">
    <p class='ocr_par' dir='ltr' id='par_1_45' title="bbox 220 2714 1885 2788">
     <span class='ocr_line' id='line_1_45' title="bbox 220 2714 1885 2788; baseline 0.002 -17"><span class='ocrx_word' id='word_1_322' title='bbox 220 2715 596 2773; x_wconf 85' lang='lat' dir='ltr'><strong><em>luculentior</em></strong></span> <span class='ocrx_word' id='word_1_323' title='bbox 627 2714 796 2772; x_wconf 92' lang='lat' dir='ltr'><strong><em>testis</em></strong></span> <span class='ocrx_word' id='word_1_324' title='bbox 824 2729 950 2772; x_wconf 89' lang='lat' dir='ltr'><strong><em>esse</em></strong></span> <span class='ocrx_word' id='word_1_325' title='bbox 983 2715 1205 2786; x_wconf 91' lang='lat' dir='ltr'><strong><em>nequit,</em></strong></span> <span class='ocrx_word' id='word_1_326' title='bbox 1242 2730 1411 2786; x_wconf 88' lang='lat' dir='ltr'><strong><em>quam</em></strong></span> <span class='ocrx_word' id='word_1_327' title='bbox 1461 2716 1584 2772; x_wconf 84' lang='lat' dir='ltr'><strong><em>Ado</em></strong></span> <span class='ocrx_word' id='word_1_328' title='bbox 1634 2716 1777 2788; x_wconf 90' lang='lat' dir='ltr'><strong><em>ipse,</em></strong></span> <span class='ocrx_word' id='word_1_329' title='bbox 1811 2733 1885 2774; x_wconf 91' lang='lat' dir='ltr'><strong><em>ex</em></strong></span> 
     </span>
    </p>
   </div>
   <div class='ocr_carea' id='block_1_46' title="bbox 217 2804 1884 2876">
    <p class='ocr_par' dir='ltr' id='par_1_46' title="bbox 217 2804 1884 2876">
     <span class='ocr_line' id='line_1_46' title="bbox 217 2804 1884 2876; baseline 0 -14"><span class='ocrx_word' id='word_1_330' title='bbox 217 2805 391 2876; x_wconf 86' lang='lat' dir='ltr'><strong><em>cujus</em></strong></span> <span class='ocrx_word' id='word_1_331' title='bbox 422 2804 631 2860; x_wconf 85' lang='lat' dir='ltr'><strong><em>verbis</em></strong></span> <span class='ocrx_word' id='word_1_332' title='bbox 664 2809 988 2875; x_wconf 92' lang='lat' dir='ltr'><strong><em>temporum</em></strong></span> <span class='ocrx_word' id='word_1_333' title='bbox 1021 2804 1320 2860; x_wconf 88' lang='lat' dir='ltr'><strong><em>distinctio</em></strong></span> <span class='ocrx_word' id='word_1_334' title='bbox 1342 2809 1543 2875; x_wconf 91' lang='lat' dir='ltr'><strong><em>aperte</em></strong></span> <span class='ocrx_word' id='word_1_335' title='bbox 1566 2820 1884 2862; x_wconf 92' lang='lat' dir='ltr'><strong><em>commons-</em></strong></span> 
     </span>
    </p>
   </div>
   <div class='ocr_carea' id='block_1_47' title="bbox 219 2892 1884 2964">
    <p class='ocr_par' dir='ltr' id='par_1_47' title="bbox 219 2892 1884 2964">
     <span class='ocr_line' id='line_1_47' title="bbox 219 2892 1884 2964; baseline 0.001 -15"><span class='ocrx_word' id='word_1_336' title='bbox 219 2893 369 2949; x_wconf 89' lang='lat' dir='ltr'><strong><em>trari</em></strong></span> <span class='ocrx_word' id='word_1_337' title='bbox 405 2893 828 2963; x_wconf 89' lang='lat' dir='ltr'><strong><em>videtur,dum</em></strong></span> <span class='ocrx_word' id='word_1_338' title='bbox 860 2892 1201 2964; x_wconf 90' lang='lat' dir='ltr'><strong><em>superaddit</em></strong></span> <span class='ocrx_word' id='word_1_339' title='bbox 1232 2912 1243 2947; x_wconf 90' lang='lat'>:</span> <span class='ocrx_word' id='word_1_340' title='bbox 1270 2893 1395 2949; x_wconf 78' lang='lat' dir='ltr'><strong><em>Sed</em></strong></span> <span class='ocrx_word' id='word_1_341' title='bbox 1412 2893 1479 2949; x_wconf 87' lang='lat' dir='ltr'><strong><em>in</em></strong></span> <span class='ocrx_word' id='word_1_342' title='bbox 1503 2893 1745 2963; x_wconf 70' lang='lat' dir='ltr'><strong><em>Galliis,</em></strong></span> <span class='ocrx_word' id='word_1_343' title='bbox 1767 2910 1884 2951; x_wconf 86' lang='lat' dir='ltr'><strong><em>mo-</em></strong></span> 
     </span>
    </p>
   </div>
   <div class='ocr_carea' id='block_1_48' title="bbox 215 2980 1961 3081">
    <p class='ocr_par' dir='ltr' id='par_1_48' title="bbox 215 2980 1961 3081">
     <span class='ocr_line' id='line_1_48' title="bbox 215 2980 1961 3081; baseline 0.001 -42"><span class='ocrx_word' id='word_1_344' title='bbox 215 2983 405 3081; x_wconf 68' lang='lat' dir='ltr'><strong><em>nente</em></strong></span> <span class='ocrx_word' id='word_1_345' title='bbox 425 2983 657 3081; x_wconf 71' lang='lat' dir='ltr'><strong><em>sancta</em></strong></span> <span class='ocrx_word' id='word_1_346' title='bbox 675 2982 1113 3081; x_wconf 74' lang='lat' dir='ltr'><strong><em>recordationis</em></strong></span> <span class='ocrx_word' id='word_1_347' title='bbox 1138 2980 1431 3081; x_wconf 50' lang='lat' dir='ltr'><strong><em>Gregorio</em></strong></span> <span class='ocrx_word' id='word_1_348' title='bbox 1452 2980 1561 3053; x_wconf 89' lang='lat' dir='ltr'><strong>[IV]</strong></span> <span class='ocrx_word' id='word_1_349' title='bbox 1575 2983 1881 3081; x_wconf 46' lang='lat' dir='ltr'><strong><em>pontifice,</em></strong></span> <span class='ocrx_word' id='word_1_350' title='bbox 1913 3020 1961 3081; x_wconf 67' lang='grc' dir='ltr'>Ο</span> 
     </span>
    </p>
   </div>
   <div class='ocr_carea' id='block_1_49' title="bbox 219 3069 1881 3142">
    <p class='ocr_par' dir='ltr' id='par_1_49' title="bbox 219 3069 1881 3142">
     <span class='ocr_line' id='line_1_49' title="bbox 219 3069 1881 3142; baseline 0 -15"><span class='ocrx_word' id='word_1_351' title='bbox 219 3072 553 3142; x_wconf 77' lang='lat' dir='ltr'><strong><em>piissimus</em></strong></span> <span class='ocrx_word' id='word_1_352' title='bbox 569 3071 1121 3141; x_wconf 76' lang='lat' dir='ltr'><strong><em>Ludovicusimpera</em></strong></span> <span class='ocrx_word' id='word_1_353' title='bbox 1129 3071 1237 3140; x_wconf 87' lang='lat' dir='ltr'><strong><em>tor,</em></strong></span> <span class='ocrx_word' id='word_1_354' title='bbox 1246 3069 1512 3128; x_wconf 84' lang='lat' dir='ltr'><strong><em>omnibus</em></strong></span> <span class='ocrx_word' id='word_1_355' title='bbox 1522 3073 1696 3142; x_wconf 87' lang='lat' dir='ltr'><strong><em>regni</em></strong></span> <span class='ocrx_word' id='word_1_356' title='bbox 1708 3073 1767 3129; x_wconf 87' lang='lat' dir='ltr'><strong><em>et</em></strong></span> <span class='ocrx_word' id='word_1_357' title='bbox 1776 3072 1881 3128; x_wconf 85' lang='lat' dir='ltr'><strong><em>im-</em></strong></span> 
     </span>
    </p>
   </div>
   <div class='ocr_carea' id='block_1_50' title="bbox 206 3158 1880 3232">
    <p class='ocr_par' dir='ltr' id='par_1_50' title="bbox 206 3158 1880 3232">
     <span class='ocr_line' id='line_1_50' title="bbox 206 3158 1880 3232; baseline -0.001 -15"><span class='ocrx_word' id='word_1_358' title='bbox 206 3161 373 3232; x_wconf 78' lang='lat' dir='ltr'><strong><em>perii</em></strong></span> <span class='ocrx_word' id='word_1_359' title='bbox 395 3159 510 3217; x_wconf 80' lang='lat' dir='ltr'><strong><em>sui</em></strong></span> <span class='ocrx_word' id='word_1_360' title='bbox 533 3159 819 3230; x_wconf 82' lang='lat' dir='ltr'><strong><em>episcopis</em></strong></span> <span class='ocrx_word' id='word_1_361' title='bbox 838 3158 1354 3228; x_wconf 72' lang='lat' dir='ltr'><strong><em>consentientibus,</em></strong></span> <span class='ocrx_word' id='word_1_362' title='bbox 1370 3160 1880 3217; x_wconf 84' lang='lat' dir='ltr'><strong><em>statuitutsolem—</em></strong></span> 
     </span>
    </p>
   </div>
   <div class='ocr_carea' id='block_1_51' title="bbox 215 3247 1881 3320">
    <p class='ocr_par' dir='ltr' id='par_1_51' title="bbox 215 3247 1881 3320">
     <span class='ocr_line' id='line_1_51' title="bbox 215 3247 1881 3320; baseline 0 -16"><span class='ocrx_word' id='word_1_363' title='bbox 215 3249 380 3305; x_wconf 83' lang='lat' dir='ltr'><strong><em>niter</em></strong></span> <span class='ocrx_word' id='word_1_364' title='bbox 394 3247 722 3320; x_wconf 74' lang='lat' dir='ltr'><strong><em>festivitas</em></strong></span> <span class='ocrx_word' id='word_1_365' title='bbox 748 3247 1008 3303; x_wconf 87' lang='lat' dir='ltr'><strong><em>omnium</em></strong></span> <span class='ocrx_word' id='word_1_366' title='bbox 1030 3247 1371 3304; x_wconf 84' lang='lat' dir='ltr'><strong><em>sanctorum</em></strong></span> <span class='ocrx_word' id='word_1_367' title='bbox 1392 3248 1458 3303; x_wconf 86' lang='lat' dir='ltr'><strong><em>in</em></strong></span> <span class='ocrx_word' id='word_1_368' title='bbox 1466 3248 1764 3320; x_wconf 71' lang='lat' dir='ltr'><strong><em>pradicta</em></strong></span> <span class='ocrx_word' id='word_1_369' title='bbox 1784 3248 1881 3305; x_wconf 86' lang='lat' dir='ltr'><strong><em>die</em></strong></span> 
     </span>
    </p>
   </div>
   <div class='ocr_carea' id='block_1_52' title="bbox 216 3334 1877 3409">
    <p class='ocr_par' dir='ltr' id='par_1_52' title="bbox 216 3334 1877 3409">
     <span class='ocr_line' id='line_1_52' title="bbox 216 3334 1877 3409; baseline 0.001 -16"><span class='ocrx_word' id='word_1_370' title='bbox 216 3336 262 3409; x_wconf 94' lang='grc'><strong><em>(1</em></strong></span> <span class='ocrx_word' id='word_1_371' title='bbox 303 3334 685 3406; x_wconf 87' lang='lat' dir='ltr'><strong><em>Novembris)</em></strong></span> <span class='ocrx_word' id='word_1_372' title='bbox 715 3335 1031 3393; x_wconf 86' lang='lat' dir='ltr'><strong><em>annuatim</em></strong></span> <span class='ocrx_word' id='word_1_373' title='bbox 1049 3336 1333 3407; x_wconf 84' lang='lat' dir='ltr'><strong><em>perpetuo</em></strong></span> <span class='ocrx_word' id='word_1_374' title='bbox 1381 3337 1677 3406; x_wconf 72' lang='lat' dir='ltr'><strong><em>ageretur.</em></strong></span> <span class='ocrx_word' id='word_1_375' title='bbox 1730 3337 1877 3403; x_wconf 89' lang='lat' dir='ltr'><strong><em>Quid</em></strong></span> 
     </span>
    </p>
   </div>
   <div class='ocr_carea' id='block_1_53' title="bbox 216 3423 1880 3495">
    <p class='ocr_par' dir='ltr' id='par_1_53' title="bbox 216 3423 1880 3495">
     <span class='ocr_line' id='line_1_53' title="bbox 216 3423 1880 3495; baseline -0.001 -13"><span class='ocrx_word' id='word_1_376' title='bbox 216 3424 473 3482; x_wconf 82' lang='lat' dir='ltr'><strong><em>Romani</em></strong></span> <span class='ocrx_word' id='word_1_377' title='bbox 501 3423 662 3494; x_wconf 89' lang='lat' dir='ltr'><strong><em>parvi</em></strong></span> <span class='ocrx_word' id='word_1_378' title='bbox 687 3423 1123 3495; x_wconf 89' lang='lat' dir='ltr'><strong><em>impugnatores</em></strong></span> <span class='ocrx_word' id='word_1_379' title='bbox 1144 3423 1215 3479; x_wconf 91' lang='lat' dir='ltr'><strong><em>ad</em></strong></span> <span class='ocrx_word' id='word_1_380' title='bbox 1241 3423 1323 3479; x_wconf 89' lang='lat' dir='ltr'><strong><em>rei</em></strong></span> <span class='ocrx_word' id='word_1_381' title='bbox 1346 3423 1697 3480; x_wconf 90' lang='lat' dir='ltr'><strong><em>evidentiam</em></strong></span> <span class='ocrx_word' id='word_1_382' title='bbox 1731 3425 1880 3482; x_wconf 91' lang='lat' dir='ltr'><strong><em>desi-</em></strong></span> 
     </span>
    </p>
   </div>
   <div class='ocr_carea' id='block_1_54' title="bbox 216 3511 1670 3584">
    <p class='ocr_par' dir='ltr' id='par_1_54' title="bbox 216 3511 1670 3584">
     <span class='ocr_line' id='line_1_54' title="bbox 216 3511 1670 3584; baseline 0 -15"><span class='ocrx_word' id='word_1_383' title='bbox 216 3514 435 3570; x_wconf 89' lang='lat' dir='ltr'><strong><em>derare</em></strong></span> <span class='ocrx_word' id='word_1_384' title='bbox 474 3511 631 3569; x_wconf 88' lang='lat' dir='ltr'><strong><em>ultra</em></strong></span> <span class='ocrx_word' id='word_1_385' title='bbox 664 3512 905 3584; x_wconf 89' lang='lat' dir='ltr'><strong><em>possint,</em></strong></span> <span class='ocrx_word' id='word_1_386' title='bbox 940 3512 1209 3583; x_wconf 91' lang='lat' dir='ltr'><strong><em>equidem</em></strong></span> <span class='ocrx_word' id='word_1_387' title='bbox 1243 3527 1352 3568; x_wconf 92' lang='lat' dir='ltr'><strong><em>non</em></strong></span> <span class='ocrx_word' id='word_1_388' title='bbox 1388 3512 1670 3584; x_wconf 84' lang='lat' dir='ltr'><strong><em>intelligo.</em></strong></span> 
     </span>
    </p>
   </div>
   <div class='ocr_carea' id='block_1_55' title="bbox 286 3600 1877 3672">
    <p class='ocr_par' dir='ltr' id='par_1_55' title="bbox 286 3600 1877 3672">
     <span class='ocr_line' id='line_1_55' title="bbox 286 3600 1877 3672; baseline -0.001 -13"><span class='ocrx_word' id='word_1_389' title='bbox 286 3606 417 3659; x_wconf 75' lang='grc'>142.</span> <span class='ocrx_word' id='word_1_390' title='bbox 463 3602 544 3657; x_wconf 91' lang='lat' dir='ltr'><strong><em>De</em></strong></span> <span class='ocrx_word' id='word_1_391' title='bbox 576 3601 680 3657; x_wconf 90' lang='lat' dir='ltr'><strong><em>hac</em></strong></span> <span class='ocrx_word' id='word_1_392' title='bbox 711 3600 963 3657; x_wconf 91' lang='lat' dir='ltr'><strong><em>omnium</em></strong></span> <span class='ocrx_word' id='word_1_393' title='bbox 1006 3606 1338 3657; x_wconf 90' lang='lat' dir='ltr'><strong><em>sanctorum</em></strong></span> <span class='ocrx_word' id='word_1_394' title='bbox 1391 3602 1732 3672; x_wconf 87' lang='lat' dir='ltr'><strong><em>festivitate,</em></strong></span> <span class='ocrx_word' id='word_1_395' title='bbox 1766 3617 1877 3659; x_wconf 91' lang='lat' dir='ltr'><strong><em>non</em></strong></span> 
     </span>
    </p>
   </div>
   <div class='ocr_carea' id='block_1_56' title="bbox 217 3688 1876 3760">
    <p class='ocr_par' dir='ltr' id='par_1_56' title="bbox 217 3688 1876 3760">
     <span class='ocr_line' id='line_1_56' title="bbox 217 3688 1876 3760; baseline -0.001 -13"><span class='ocrx_word' id='word_1_396' title='bbox 217 3691 369 3747; x_wconf 89' lang='lat' dir='ltr'><strong><em>male</em></strong></span> <span class='ocrx_word' id='word_1_397' title='bbox 404 3690 654 3746; x_wconf 89' lang='lat' dir='ltr'><strong><em>disserit</em></strong></span> <span class='ocrx_word' id='word_1_398' title='bbox 685 3692 897 3746; x_wconf 85' lang='lat' dir='ltr'><strong><em>Fronto</em></strong></span> <span class='ocrx_word' id='word_1_399' title='bbox 927 3689 997 3745; x_wconf 92' lang='lat' dir='ltr'><strong><em>ad</em></strong></span> <span class='ocrx_word' id='word_1_400' title='bbox 1049 3704 1222 3760; x_wconf 91' lang='lat' dir='ltr'><strong><em>supra</em></strong></span> <span class='ocrx_word' id='word_1_401' title='bbox 1271 3688 1514 3745; x_wconf 91' lang='lat' dir='ltr'><strong><em>citatum</em></strong></span> <span class='ocrx_word' id='word_1_402' title='bbox 1562 3691 1876 3746; x_wconf 85' lang='lat' dir='ltr'><strong><em>Romanum</em></strong></span> 
     </span>
    </p>
   </div>
   <div class='ocr_carea' id='block_1_57' title="bbox 218 3777 1877 3849">
    <p class='ocr_par' dir='ltr' id='par_1_57' title="bbox 218 3777 1877 3849">
     <span class='ocr_line' id='line_1_57' title="bbox 218 3777 1877 3849; baseline -0.001 -14"><span class='ocrx_word' id='word_1_403' title='bbox 218 3777 668 3848; x_wconf 82' lang='lat' dir='ltr'><strong><em>Kalendarium,</em></strong></span> <span class='ocrx_word' id='word_1_404' title='bbox 692 3791 721 3833; x_wconf 93' lang='lat' dir='ltr'><strong><em>a</em></strong></span> <span class='ocrx_word' id='word_1_405' title='bbox 748 3793 875 3849; x_wconf 89' lang='lat' dir='ltr'><strong><em>pag.</em></strong></span> <span class='ocrx_word' id='word_1_406' title='bbox 901 3781 1004 3834; x_wconf 76' lang='grc'>142</span> <span class='ocrx_word' id='word_1_407' title='bbox 1025 3777 1094 3833; x_wconf 91' lang='lat' dir='ltr'><strong><em>ad</em></strong></span> <span class='ocrx_word' id='word_1_408' title='bbox 1122 3791 1248 3848; x_wconf 88' lang='lat' dir='ltr'><strong><em>pag.</em></strong></span> <span class='ocrx_word' id='word_1_409' title='bbox 1276 3781 1409 3844; x_wconf 60' lang='lat'><strong><em>145;</em></strong></span> <span class='ocrx_word' id='word_1_410' title='bbox 1434 3792 1548 3848; x_wconf 91' lang='lat' dir='ltr'><strong><em>quo</em></strong></span> <span class='ocrx_word' id='word_1_411' title='bbox 1571 3777 1695 3833; x_wconf 88' lang='lat' dir='ltr'><strong><em>loco</em></strong></span> <span class='ocrx_word' id='word_1_412' title='bbox 1719 3783 1877 3834; x_wconf 91' lang='lat' dir='ltr'><strong><em>recte</em></strong></span> 
     </span>
    </p>
   </div>
   <div class='ocr_carea' id='block_1_58' title="bbox 216 3865 1876 3937">
    <p class='ocr_par' dir='ltr' id='par_1_58' title="bbox 216 3865 1876 3937">
     <span class='ocr_line' id='line_1_58' title="bbox 216 3865 1876 3937; baseline -0.001 -13"><span class='ocrx_word' id='word_1_413' title='bbox 216 3872 451 3937; x_wconf 86' lang='lat' dir='ltr'><strong><em>censet,</em></strong></span> <span class='ocrx_word' id='word_1_414' title='bbox 469 3866 599 3935; x_wconf 88' lang='lat' dir='ltr'><strong><em>ejus</em></strong></span> <span class='ocrx_word' id='word_1_415' title='bbox 620 3867 813 3922; x_wconf 61' lang='lat' dir='ltr'><strong><em>Romae</em></strong></span> <span class='ocrx_word' id='word_1_416' title='bbox 837 3865 1259 3921; x_wconf 91' lang='lat' dir='ltr'><strong><em>institutionem</em></strong></span> <span class='ocrx_word' id='word_1_417' title='bbox 1284 3872 1307 3921; x_wconf 84' lang='lat'><strong>1</strong></span> <span class='ocrx_word' id='word_1_418' title='bbox 1329 3865 1421 3921; x_wconf 90' lang='lat' dir='ltr'><strong><em>die</em></strong></span> <span class='ocrx_word' id='word_1_419' title='bbox 1444 3866 1783 3922; x_wconf 87' lang='lat' dir='ltr'><strong><em>Novembris</em></strong></span> <span class='ocrx_word' id='word_1_420' title='bbox 1806 3865 1876 3922; x_wconf 92' lang='lat' dir='ltr'><strong><em>ad</em></strong></span> 
     </span>
    </p>
   </div>
   <div class='ocr_carea' id='block_1_59' title="bbox 217 3954 1875 4028">
    <p class='ocr_par' dir='ltr' id='par_1_59' title="bbox 217 3954 1875 4028">
     <span class='ocr_line' id='line_1_59' title="bbox 217 3954 1875 4028; baseline -0.002 -15"><span class='ocrx_word' id='word_1_421' title='bbox 217 3955 501 4028; x_wconf 86' lang='lat' dir='ltr'><strong><em>Gregorii</em></strong></span> <span class='ocrx_word' id='word_1_422' title='bbox 534 3956 605 4010; x_wconf 88' lang='lat' dir='ltr'><strong>III</strong></span> <span class='ocrx_word' id='word_1_423' title='bbox 637 3960 897 4027; x_wconf 89' lang='lat' dir='ltr'><strong><em>tempora</em></strong></span> <span class='ocrx_word' id='word_1_424' title='bbox 930 3954 1163 4010; x_wconf 91' lang='lat' dir='ltr'><strong><em>omnino</em></strong></span> <span class='ocrx_word' id='word_1_425' title='bbox 1197 3954 1598 4010; x_wconf 90' lang='lat' dir='ltr'><strong><em>revocandam.</em></strong></span> <span class='ocrx_word' id='word_1_426' title='bbox 1636 3956 1712 4010; x_wconf 92' lang='lat' dir='ltr'><strong><em>De</em></strong></span> <span class='ocrx_word' id='word_1_427' title='bbox 1748 3954 1875 4012; x_wconf 89' lang='lat' dir='ltr'><strong><em>festi</em></strong></span> 
     </span>
    </p>
   </div>
   <div class='ocr_carea' id='block_1_60' title="bbox 217 4042 1875 4116">
    <p class='ocr_par' dir='ltr' id='par_1_60' title="bbox 217 4042 1875 4116">
     <span class='ocr_line' id='line_1_60' title="bbox 217 4042 1875 4116; baseline -0.001 -16"><span class='ocrx_word' id='word_1_428' title='bbox 217 4045 498 4116; x_wconf 86' lang='lat' dir='ltr'><strong><em>ejusdem</em></strong></span> <span class='ocrx_word' id='word_1_429' title='bbox 528 4043 867 4100; x_wconf 80' lang='lat' dir='ltr'><strong><em>extensione</em></strong></span> <span class='ocrx_word' id='word_1_430' title='bbox 896 4042 1209 4099; x_wconf 89' lang='lat' dir='ltr'><strong><em>videantur</em></strong></span> <span class='ocrx_word' id='word_1_431' title='bbox 1242 4042 1364 4099; x_wconf 80' lang='lat' dir='ltr'><strong><em>Ado</em></strong></span> <span class='ocrx_word' id='word_1_432' title='bbox 1392 4045 1448 4096; x_wconf 93' lang='lat' dir='ltr'><strong><em>et</em></strong></span> <span class='ocrx_word' id='word_1_433' title='bbox 1474 4043 1792 4100; x_wconf 88' lang='lat' dir='ltr'><strong><em>Usuardus.</em></strong></span> <span class='ocrx_word' id='word_1_434' title='bbox 1822 4044 1875 4099; x_wconf 92' lang='lat' dir='ltr'><strong><em>Si</em></strong></span> 
     </span>
    </p>
   </div>
   <div class='ocr_carea' id='block_1_61' title="bbox 218 4130 1878 4203">
    <p class='ocr_par' dir='ltr' id='par_1_61' title="bbox 218 4130 1878 4203">
     <span class='ocr_line' id='line_1_61' title="bbox 218 4130 1878 4203; baseline -0.001 -14"><span class='ocrx_word' id='word_1_435' title='bbox 218 4148 359 4189; x_wconf 88' lang='lat' dir='ltr'><strong><em>vera</em></strong></span> <span class='ocrx_word' id='word_1_436' title='bbox 384 4136 486 4189; x_wconf 91' lang='lat' dir='ltr'><strong><em>est</em></strong></span> <span class='ocrx_word' id='word_1_437' title='bbox 512 4131 900 4203; x_wconf 87' lang='lat' dir='ltr'><strong><em>Menardi,pro</em></strong></span> <span class='ocrx_word' id='word_1_438' title='bbox 920 4131 1008 4187; x_wconf 91' lang='lat' dir='ltr'><strong><em>sui</em></strong></span> <span class='ocrx_word' id='word_1_439' title='bbox 1033 4131 1536 4187; x_wconf 88' lang='lat' dir='ltr'><strong><em>Sacramentorum</em></strong></span> <span class='ocrx_word' id='word_1_440' title='bbox 1554 4130 1687 4185; x_wconf 92' lang='lat' dir='ltr'><strong><em>libri</em></strong></span> <span class='ocrx_word' id='word_1_441' title='bbox 1704 4135 1878 4187; x_wconf 72' lang='lat' dir='ltr'><strong><em>:etate</em></strong></span> 
     </span>
    </p>
   </div>
   <div class='ocr_carea' id='block_1_62' title="bbox 216 4218 1877 4293">
    <p class='ocr_par' dir='ltr' id='par_1_62' title="bbox 216 4218 1877 4293">
     <span class='ocr_line' id='line_1_62' title="bbox 216 4218 1877 4293; baseline -0.003 -15"><span class='ocrx_word' id='word_1_442' title='bbox 216 4223 595 4293; x_wconf 89' lang='lat' dir='ltr'><strong><em>conjectura,</em></strong></span> <span class='ocrx_word' id='word_1_443' title='bbox 621 4219 999 4275; x_wconf 90' lang='lat' dir='ltr'><strong><em>festivitatem</em></strong></span> <span class='ocrx_word' id='word_1_444' title='bbox 1031 4219 1293 4274; x_wconf 89' lang='lat' dir='ltr'><strong><em>eamdem</em></strong></span> <span class='ocrx_word' id='word_1_445' title='bbox 1328 4223 1460 4274; x_wconf 87' lang='lat' dir='ltr'><strong><em>ante</em></strong></span> <span class='ocrx_word' id='word_1_446' title='bbox 1486 4218 1673 4274; x_wconf 90' lang='lat' dir='ltr'><strong><em>Caroli</em></strong></span> <span class='ocrx_word' id='word_1_447' title='bbox 1696 4220 1877 4288; x_wconf 83' lang='lat' dir='ltr'><strong><em>Magni</em></strong></span> 
     </span>
    </p>
   </div>
   <div class='ocr_carea' id='block_1_63' title="bbox 219 4306 1877 4381">
    <p class='ocr_par' dir='ltr' id='par_1_63' title="bbox 219 4306 1877 4381">
     <span class='ocr_line' id='line_1_63' title="bbox 219 4306 1877 4381; baseline -0.001 -16"><span class='ocrx_word' id='word_1_448' title='bbox 219 4315 501 4381; x_wconf 89' lang='lat' dir='ltr'><strong><em>tempora</em></strong></span> <span class='ocrx_word' id='word_1_449' title='bbox 525 4307 579 4363; x_wconf 93' lang='lat' dir='ltr'><strong><em>in</em></strong></span> <span class='ocrx_word' id='word_1_450' title='bbox 606 4307 805 4364; x_wconf 88' lang='lat' dir='ltr'><strong><em>Galliis</em></strong></span> <span class='ocrx_word' id='word_1_451' title='bbox 829 4313 1125 4379; x_wconf 84' lang='lat' dir='ltr'><strong><em>receptam</em></strong></span> <span class='ocrx_word' id='word_1_452' title='bbox 1149 4312 1404 4379; x_wconf 87' lang='lat' dir='ltr'><strong><em>Oportet,</em></strong></span> <span class='ocrx_word' id='word_1_453' title='bbox 1427 4306 1877 4363; x_wconf 91' lang='lat' dir='ltr'><strong><em>cumineolihro</em></strong></span> 
     </span>
    </p>
   </div>
   <div class='ocr_carea' id='block_1_64' title="bbox 2002 1742 3636 1815">
    <p class='ocr_par' dir='ltr' id='par_1_64' title="bbox 2002 1742 3636 1815">
     <span class='ocr_line' id='line_1_64' title="bbox 2002 1742 3636 1815; baseline 0.002 -18"><span class='ocrx_word' id='word_1_454' title='bbox 2002 1742 2250 1812; x_wconf 83' lang='lat' dir='ltr'><strong><em>ligenter</em></strong></span> <span class='ocrx_word' id='word_1_455' title='bbox 2267 1743 2561 1814; x_wconf 75' lang='lat' dir='ltr'><strong><em>przestitit,</em></strong></span> <span class='ocrx_word' id='word_1_456' title='bbox 2581 1744 2787 1800; x_wconf 87' lang='lat' dir='ltr'><strong><em>melius</em></strong></span> <span class='ocrx_word' id='word_1_457' title='bbox 2808 1745 3022 1800; x_wconf 90' lang='lat' dir='ltr'><strong><em>nomini</em></strong></span> <span class='ocrx_word' id='word_1_458' title='bbox 3048 1761 3151 1801; x_wconf 92' lang='lat' dir='ltr'><strong><em>suo</em></strong></span> <span class='ocrx_word' id='word_1_459' title='bbox 3174 1746 3569 1815; x_wconf 87' lang='lat' dir='ltr'><strong><em>consulturus,</em></strong></span> <span class='ocrx_word' id='word_1_460' title='bbox 3589 1748 3636 1802; x_wconf 90' lang='lat' dir='ltr'><strong><em>si</em></strong></span> 
     </span>
    </p>
   </div>
   <div class='ocr_carea' id='block_1_65' title="bbox 2002 1832 3637 1905">
    <p class='ocr_par' dir='ltr' id='par_1_65' title="bbox 2002 1832 3637 1905">
     <span class='ocr_line' id='line_1_65' title="bbox 2002 1832 3637 1905; baseline 0.003 -18"><span class='ocrx_word' id='word_1_461' title='bbox 2002 1832 2262 1903; x_wconf 90' lang='lat' dir='ltr'><strong><em>reliquis,</em></strong></span> <span class='ocrx_word' id='word_1_462' title='bbox 2289 1832 2413 1901; x_wconf 88' lang='lat' dir='ltr'><strong><em>ejus</em></strong></span> <span class='ocrx_word' id='word_1_463' title='bbox 2443 1832 2773 1888; x_wconf 89' lang='lat' dir='ltr'><strong><em>eruditione</em></strong></span> <span class='ocrx_word' id='word_1_464' title='bbox 2809 1849 3010 1904; x_wconf 86' lang='lat' dir='ltr'><strong><em>parum</em></strong></span> <span class='ocrx_word' id='word_1_465' title='bbox 3045 1834 3254 1905; x_wconf 82' lang='lat' dir='ltr'><strong><em>dignis,</em></strong></span> <span class='ocrx_word' id='word_1_466' title='bbox 3285 1835 3395 1891; x_wconf 91' lang='lat' dir='ltr'><strong><em>imo</em></strong></span> <span class='ocrx_word' id='word_1_467' title='bbox 3418 1837 3488 1891; x_wconf 89' lang='lat' dir='ltr'><strong><em>ad</em></strong></span> <span class='ocrx_word' id='word_1_468' title='bbox 3513 1836 3637 1905; x_wconf 87' lang='lat' dir='ltr'><strong><em>ejus</em></strong></span> 
     </span>
    </p>
   </div>
   <div class='ocr_carea' id='block_1_66' title="bbox 2001 1920 3637 1993">
    <p class='ocr_par' dir='ltr' id='par_1_66' title="bbox 2001 1920 3637 1993">
     <span class='ocr_line' id='line_1_66' title="bbox 2001 1920 3637 1993; baseline 0.002 -18"><span class='ocrx_word' id='word_1_469' title='bbox 2001 1921 2185 1977; x_wconf 88' lang='lat' dir='ltr'><strong><em>forum</em></strong></span> <span class='ocrx_word' id='word_1_470' title='bbox 2218 1920 2447 1975; x_wconf 89' lang='lat' dir='ltr'><strong><em>minime</em></strong></span> <span class='ocrx_word' id='word_1_471' title='bbox 2498 1921 2956 1991; x_wconf 82' lang='lat' dir='ltr'><strong><em>pertinentibus,</em></strong></span> <span class='ocrx_word' id='word_1_472' title='bbox 2986 1924 3433 1993; x_wconf 86' lang='lat' dir='ltr'><strong><em>supersedisset.</em></strong></span> <span class='ocrx_word' id='word_1_473' title='bbox 3472 1924 3637 1979; x_wconf 87' lang='lat' dir='ltr'><strong><em>Solus</em></strong></span> 
     </span>
    </p>
   </div>
   <div class='ocr_carea' id='block_1_67' title="bbox 1998 2008 3638 2078">
    <p class='ocr_par' dir='ltr' id='par_1_67' title="bbox 1998 2008 3638 2078">
     <span class='ocr_line' id='line_1_67' title="bbox 1998 2008 3638 2078; baseline 0.002 -14"><span class='ocrx_word' id='word_1_474' title='bbox 1998 2008 2210 2065; x_wconf 89' lang='lat' dir='ltr'><strong><em>mensis</em></strong></span> <span class='ocrx_word' id='word_1_475' title='bbox 2241 2009 2612 2078; x_wconf 87' lang='lat' dir='ltr'><strong><em>Februarius,</em></strong></span> <span class='ocrx_word' id='word_1_476' title='bbox 2646 2013 2708 2066; x_wconf 91' lang='lat' dir='ltr'><strong><em>ut</em></strong></span> <span class='ocrx_word' id='word_1_477' title='bbox 2743 2008 2886 2066; x_wconf 90' lang='lat' dir='ltr'><strong><em>alios</em></strong></span> <span class='ocrx_word' id='word_1_478' title='bbox 2918 2011 3283 2067; x_wconf 86' lang='lat' dir='ltr'><strong><em>fecundiores</em></strong></span> <span class='ocrx_word' id='word_1_479' title='bbox 3315 2027 3424 2067; x_wconf 93' lang='lat' dir='ltr'><strong><em>non</em></strong></span> <span class='ocrx_word' id='word_1_480' title='bbox 3458 2012 3638 2068; x_wconf 90' lang='lat' dir='ltr'><strong><em>addu-</em></strong></span> 
     </span>
    </p>
   </div>
   <div class='ocr_carea' id='block_1_68' title="bbox 1995 2099 3631 2167">
    <p class='ocr_par' dir='ltr' id='par_1_68' title="bbox 1995 2099 3631 2167">
     <span class='ocr_line' id='line_1_68' title="bbox 1995 2099 3631 2167; baseline 0.001 -15"><span class='ocrx_word' id='word_1_481' title='bbox 1995 2111 2141 2163; x_wconf 86' lang='lat' dir='ltr'><strong><em>cam,</em></strong></span> <span class='ocrx_word' id='word_1_482' title='bbox 2178 2112 2251 2167; x_wconf 80' lang='grc' dir='ltr'>ιν,</span> <span class='ocrx_word' id='word_1_483' title='bbox 2284 2111 2400 2167; x_wconf 82' lang='grc' dir='ltr'>νιιι,</span> <span class='ocrx_word' id='word_1_484' title='bbox 2454 2112 2529 2167; x_wconf 83' lang='grc' dir='ltr'><strong><em>ιχ,</em></strong></span> <span class='ocrx_word' id='word_1_485' title='bbox 2572 2112 2709 2152; x_wconf 81' lang='grc' dir='ltr'>χνιιι</span> <span class='ocrx_word' id='word_1_486' title='bbox 2756 2102 2816 2152; x_wconf 92' lang='lat' dir='ltr'><strong><em>et</em></strong></span> <span class='ocrx_word' id='word_1_487' title='bbox 2864 2113 3035 2167; x_wconf 78' lang='lat' dir='ltr'><strong><em>xxv&quot;,</em></strong></span> <span class='ocrx_word' id='word_1_488' title='bbox 3087 2103 3373 2155; x_wconf 89' lang='lat' dir='ltr'><strong><em>assertum</em></strong></span> <span class='ocrx_word' id='word_1_489' title='bbox 3421 2099 3631 2156; x_wconf 89' lang='lat' dir='ltr'><strong><em>Valesii</em></strong></span> 
     </span>
    </p>
   </div>
   <div class='ocr_carea' id='block_1_69' title="bbox 1996 2184 3637 2258">
    <p class='ocr_par' dir='ltr' id='par_1_69' title="bbox 1996 2184 3637 2258">
     <span class='ocr_line' id='line_1_69' title="bbox 1996 2184 3637 2258; baseline 0.002 -18"><span class='ocrx_word' id='word_1_490' title='bbox 1996 2185 2224 2241; x_wconf 89' lang='lat' dir='ltr'><strong><em>abunde</em></strong></span> <span class='ocrx_word' id='word_1_491' title='bbox 2255 2185 2613 2256; x_wconf 88' lang='lat' dir='ltr'><strong><em>comprobat.</em></strong></span> <span class='ocrx_word' id='word_1_492' title='bbox 2650 2184 2853 2241; x_wconf 87' lang='lat' dir='ltr'><strong><em>Plures</em></strong></span> <span class='ocrx_word' id='word_1_493' title='bbox 2885 2190 3117 2243; x_wconf 90' lang='lat' dir='ltr'><strong><em>sanctos</em></strong></span> <span class='ocrx_word' id='word_1_494' title='bbox 3156 2193 3429 2258; x_wconf 81' lang='lat' dir='ltr'><strong><em>suggeret</em></strong></span> <span class='ocrx_word' id='word_1_495' title='bbox 3482 2202 3637 2244; x_wconf 88' lang='lat' dir='ltr'><strong><em>men-</em></strong></span> 
     </span>
    </p>
   </div>
   <div class='ocr_carea' id='block_1_70' title="bbox 1996 2274 3637 2343">
    <p class='ocr_par' dir='ltr' id='par_1_70' title="bbox 1996 2274 3637 2343">
     <span class='ocr_line' id='line_1_70' title="bbox 1996 2274 3637 2343; baseline 0.001 -13"><span class='ocrx_word' id='word_1_496' title='bbox 1996 2274 2074 2330; x_wconf 91' lang='lat' dir='ltr'><strong><em>sis</em></strong></span> <span class='ocrx_word' id='word_1_497' title='bbox 2106 2274 2440 2343; x_wconf 89' lang='lat' dir='ltr'><strong><em>December,</em></strong></span> <span class='ocrx_word' id='word_1_498' title='bbox 2467 2278 2529 2329; x_wconf 91' lang='lat' dir='ltr'><strong><em>ut</em></strong></span> <span class='ocrx_word' id='word_1_499' title='bbox 2562 2289 2655 2329; x_wconf 85' lang='grc' dir='ltr'><strong><em>χιχ</em></strong></span> <span class='ocrx_word' id='word_1_500' title='bbox 2683 2274 2942 2343; x_wconf 88' lang='lat' dir='ltr'><strong><em>ejusdem</em></strong></span> <span class='ocrx_word' id='word_1_501' title='bbox 2975 2275 3189 2331; x_wconf 90' lang='lat' dir='ltr'><strong><em>mensis</em></strong></span> <span class='ocrx_word' id='word_1_502' title='bbox 3217 2280 3276 2331; x_wconf 91' lang='lat' dir='ltr'><strong><em>te</em></strong></span> <span class='ocrx_word' id='word_1_503' title='bbox 3309 2280 3504 2332; x_wconf 91' lang='lat' dir='ltr'><strong><em>nostra</em></strong></span> <span class='ocrx_word' id='word_1_504' title='bbox 3538 2276 3637 2332; x_wconf 81' lang='lat' dir='ltr'><strong><em>do-</em></strong></span> 
     </span>
    </p>
   </div>
   <div class='ocr_carea' id='block_1_71' title="bbox 1994 2361 2531 2418">
    <p class='ocr_par' dir='ltr' id='par_1_71' title="bbox 1994 2361 2531 2418">
     <span class='ocr_line' id='line_1_71' title="bbox 1994 2361 2531 2418; baseline -0.004 0"><span class='ocrx_word' id='word_1_505' title='bbox 1994 2361 2148 2418; x_wconf 90' lang='lat' dir='ltr'><strong><em>cebit</em></strong></span> <span class='ocrx_word' id='word_1_506' title='bbox 2179 2361 2531 2417; x_wconf 89' lang='lat' dir='ltr'><strong><em>observatio.</em></strong></span> 
     </span>
    </p>
   </div>
   <div class='ocr_carea' id='block_1_72' title="bbox 2067 2450 3647 2522">
    <p class='ocr_par' dir='ltr' id='par_1_72' title="bbox 2067 2450 3647 2522">
     <span class='ocr_line' id='line_1_72' title="bbox 2067 2450 3647 2522; baseline 0.004 -16"><span class='ocrx_word' id='word_1_507' title='bbox 2067 2454 2188 2506; x_wconf 71' lang='grc'>144.</span> <span class='ocrx_word' id='word_1_508' title='bbox 2227 2450 2487 2505; x_wconf 84' lang='lat' dir='ltr'><strong><em>Alterum</em></strong></span> <span class='ocrx_word' id='word_1_509' title='bbox 2520 2450 2757 2506; x_wconf 79' lang='lat' dir='ltr'><strong><em>Romani</em></strong></span> <span class='ocrx_word' id='word_1_510' title='bbox 2793 2450 2954 2522; x_wconf 91' lang='lat' dir='ltr'><strong><em>parvi</em></strong></span> <span class='ocrx_word' id='word_1_511' title='bbox 2987 2465 3327 2520; x_wconf 91' lang='lat' dir='ltr'><strong><em>germanum</em></strong></span> <span class='ocrx_word' id='word_1_512' title='bbox 3360 2452 3647 2513; x_wconf 83' lang='lat' dir='ltr'><strong><em>indicium</em></strong></span> 
     </span>
    </p>
   </div>
   <div class='ocr_carea' id='block_1_73' title="bbox 1996 2539 3637 2612">
    <p class='ocr_par' dir='ltr' id='par_1_73' title="bbox 1996 2539 3637 2612">
     <span class='ocr_line' id='line_1_73' title="bbox 1996 2539 3637 2612; baseline 0.002 -17"><span class='ocrx_word' id='word_1_513' title='bbox 1996 2539 2154 2595; x_wconf 89' lang='lat' dir='ltr'><strong><em>dabit</em></strong></span> <span class='ocrx_word' id='word_1_514' title='bbox 2179 2539 2533 2608; x_wconf 90' lang='lat' dir='ltr'><strong><em>observatio,</em></strong></span> <span class='ocrx_word' id='word_1_515' title='bbox 2552 2555 2583 2595; x_wconf 89' lang='grc' dir='ltr'><strong><em>χ</em></strong></span> <span class='ocrx_word' id='word_1_516' title='bbox 2604 2539 2883 2609; x_wconf 83' lang='lat' dir='ltr'><strong><em>Januarii,</em></strong></span> <span class='ocrx_word' id='word_1_517' title='bbox 2902 2539 2955 2595; x_wconf 93' lang='lat' dir='ltr'><strong><em>in</em></strong></span> <span class='ocrx_word' id='word_1_518' title='bbox 2979 2540 3298 2609; x_wconf 82' lang='lat' dir='ltr'><strong><em>Nicanore,</em></strong></span> <span class='ocrx_word' id='word_1_519' title='bbox 3316 2541 3637 2612; x_wconf 88' lang='lat' dir='ltr'><strong><em>eademque</em></strong></span> 
     </span>
    </p>
   </div>
   <div class='ocr_carea' id='block_1_74' title="bbox 1996 2626 3634 2697">
    <p class='ocr_par' dir='ltr' id='par_1_74' title="bbox 1996 2626 3634 2697">
     <span class='ocr_line' id='line_1_74' title="bbox 1996 2626 3634 2697; baseline 0.002 -14"><span class='ocrx_word' id='word_1_520' title='bbox 1996 2626 2131 2683; x_wconf 87' lang='lat' dir='ltr'><strong><em>alibi</em></strong></span> <span class='ocrx_word' id='word_1_521' title='bbox 2157 2628 2521 2697; x_wconf 90' lang='lat' dir='ltr'><strong><em>frequentius</em></strong></span> <span class='ocrx_word' id='word_1_522' title='bbox 2545 2626 2963 2694; x_wconf 91' lang='lat' dir='ltr'><strong><em>inculcabitur;</em></strong></span> <span class='ocrx_word' id='word_1_523' title='bbox 2990 2628 3255 2683; x_wconf 89' lang='lat' dir='ltr'><strong><em>nimirum</em></strong></span> <span class='ocrx_word' id='word_1_524' title='bbox 3284 2629 3634 2697; x_wconf 89' lang='lat' dir='ltr'><strong><em>singularem</em></strong></span> 
     </span>
    </p>
   </div>
   <div class='ocr_carea' id='block_1_75' title="bbox 1994 2714 3633 2787">
    <p class='ocr_par' dir='ltr' id='par_1_75' title="bbox 1994 2714 3633 2787">
     <span class='ocr_line' id='line_1_75' title="bbox 1994 2714 3633 2787; baseline 0.001 -16"><span class='ocrx_word' id='word_1_525' title='bbox 1994 2729 2230 2786; x_wconf 91' lang='lat' dir='ltr'><strong><em>operam</em></strong></span> <span class='ocrx_word' id='word_1_526' title='bbox 2264 2730 2293 2770; x_wconf 92' lang='lat' dir='ltr'><strong><em>a</em></strong></span> <span class='ocrx_word' id='word_1_527' title='bbox 2326 2715 2564 2769; x_wconf 83' lang='lat' dir='ltr'><strong><em>Romani</em></strong></span> <span class='ocrx_word' id='word_1_528' title='bbox 2588 2714 2748 2786; x_wconf 89' lang='lat' dir='ltr'><strong><em>parvi</em></strong></span> <span class='ocrx_word' id='word_1_529' title='bbox 2774 2720 3013 2771; x_wconf 91' lang='lat' dir='ltr'><strong><em>auctore</em></strong></span> <span class='ocrx_word' id='word_1_530' title='bbox 3041 2716 3306 2787; x_wconf 90' lang='lat' dir='ltr'><strong><em>positam,</em></strong></span> <span class='ocrx_word' id='word_1_531' title='bbox 3334 2722 3395 2772; x_wconf 93' lang='lat' dir='ltr'><strong><em>ut</em></strong></span> <span class='ocrx_word' id='word_1_532' title='bbox 3422 2718 3633 2775; x_wconf 89' lang='lat' dir='ltr'><strong><em>Christi</em></strong></span> 
     </span>
    </p>
   </div>
   <div class='ocr_carea' id='block_1_76' title="bbox 1994 2802 3637 2875">
    <p class='ocr_par' dir='ltr' id='par_1_76' title="bbox 1994 2802 3637 2875">
     <span class='ocr_line' id='line_1_76' title="bbox 1994 2802 3637 2875; baseline 0.003 -17"><span class='ocrx_word' id='word_1_533' title='bbox 1994 2803 2213 2858; x_wconf 92' lang='lat' dir='ltr'><strong><em>Domini</em></strong></span> <span class='ocrx_word' id='word_1_534' title='bbox 2246 2808 2303 2858; x_wconf 92' lang='lat' dir='ltr'><strong><em>et</em></strong></span> <span class='ocrx_word' id='word_1_535' title='bbox 2336 2802 2729 2875; x_wconf 90' lang='lat' dir='ltr'><strong><em>apostolorum</em></strong></span> <span class='ocrx_word' id='word_1_536' title='bbox 2763 2802 3098 2873; x_wconf 89' lang='lat' dir='ltr'><strong><em>discipulos,</em></strong></span> <span class='ocrx_word' id='word_1_537' title='bbox 3153 2819 3297 2875; x_wconf 88' lang='lat' dir='ltr'><strong><em>quos</em></strong></span> <span class='ocrx_word' id='word_1_538' title='bbox 3347 2805 3399 2860; x_wconf 93' lang='lat' dir='ltr'><strong><em>in</em></strong></span> <span class='ocrx_word' id='word_1_539' title='bbox 3453 2807 3637 2863; x_wconf 89' lang='lat' dir='ltr'><strong><em>sacris</em></strong></span> 
     </span>
    </p>
   </div>
   <div class='ocr_carea' id='block_1_77' title="bbox 1994 2890 3629 2965">
    <p class='ocr_par' dir='ltr' id='par_1_77' title="bbox 1994 2890 3629 2965">
     <span class='ocr_line' id='line_1_77' title="bbox 1994 2890 3629 2965; baseline 0.003 -20"><span class='ocrx_word' id='word_1_540' title='bbox 1994 2891 2210 2946; x_wconf 90' lang='lat' dir='ltr'><strong><em>litteris</em></strong></span> <span class='ocrx_word' id='word_1_541' title='bbox 2242 2891 2566 2947; x_wconf 91' lang='lat' dir='ltr'><strong><em>nominatos</em></strong></span> <span class='ocrx_word' id='word_1_542' title='bbox 2589 2890 2829 2965; x_wconf 88' lang='lat' dir='ltr'><strong><em>reperit,</em></strong></span> <span class='ocrx_word' id='word_1_543' title='bbox 2854 2891 3036 2947; x_wconf 89' lang='lat' dir='ltr'><strong><em>certis</em></strong></span> <span class='ocrx_word' id='word_1_544' title='bbox 3057 2892 3263 2948; x_wconf 90' lang='lat' dir='ltr'><strong><em>diebus</em></strong></span> <span class='ocrx_word' id='word_1_545' title='bbox 3286 2894 3629 2965; x_wconf 88' lang='lat' dir='ltr'><strong><em>assignaret,</em></strong></span> 
     </span>
    </p>
   </div>
   <div class='ocr_carea' id='block_1_78' title="bbox 1995 2978 3630 3049">
    <p class='ocr_par' dir='ltr' id='par_1_78' title="bbox 1995 2978 3630 3049">
     <span class='ocr_line' id='line_1_78' title="bbox 1995 2978 3630 3049; baseline 0.004 -17"><span class='ocrx_word' id='word_1_546' title='bbox 1995 2978 2051 3033; x_wconf 90' lang='lat' dir='ltr'><strong><em>id</em></strong></span> <span class='ocrx_word' id='word_1_547' title='bbox 2084 2978 2314 3049; x_wconf 90' lang='lat' dir='ltr'><strong><em>quidem</em></strong></span> <span class='ocrx_word' id='word_1_548' title='bbox 2352 2994 2456 3049; x_wconf 93' lang='lat' dir='ltr'><strong><em>pro</em></strong></span> <span class='ocrx_word' id='word_1_549' title='bbox 2504 2993 2608 3034; x_wconf 93' lang='lat' dir='ltr'><strong><em>suo</em></strong></span> <span class='ocrx_word' id='word_1_550' title='bbox 2658 2978 2889 3049; x_wconf 90' lang='lat' dir='ltr'><strong><em>abitrio,</em></strong></span> <span class='ocrx_word' id='word_1_551' title='bbox 2926 2979 3048 3049; x_wconf 91' lang='lat' dir='ltr'><strong><em>sed,</em></strong></span> <span class='ocrx_word' id='word_1_552' title='bbox 3103 2993 3173 3034; x_wconf 93' lang='lat' dir='ltr'><strong><em>ne</em></strong></span> <span class='ocrx_word' id='word_1_553' title='bbox 3223 2980 3421 3037; x_wconf 89' lang='lat' dir='ltr'><strong><em>debito</em></strong></span> <span class='ocrx_word' id='word_1_554' title='bbox 3467 2982 3630 3039; x_wconf 90' lang='lat' dir='ltr'><strong><em>cultu</em></strong></span> 
     </span>
    </p>
   </div>
   <div class='ocr_carea' id='block_1_79' title="bbox 1992 3066 3627 3139">
    <p class='ocr_par' dir='ltr' id='par_1_79' title="bbox 1992 3066 3627 3139">
     <span class='ocr_line' id='line_1_79' title="bbox 1992 3066 3627 3139; baseline 0.003 -19"><span class='ocrx_word' id='word_1_555' title='bbox 1992 3070 2108 3122; x_wconf 90' lang='lat' dir='ltr'><strong><em>tam</em></strong></span> <span class='ocrx_word' id='word_1_556' title='bbox 2144 3066 2340 3137; x_wconf 86' lang='lat' dir='ltr'><strong><em>inclyti</em></strong></span> <span class='ocrx_word' id='word_1_557' title='bbox 2376 3066 2509 3122; x_wconf 84' lang='lat' dir='ltr'><strong><em>fidei</em></strong></span> <span class='ocrx_word' id='word_1_558' title='bbox 2544 3070 2758 3123; x_wconf 63' lang='lat' dir='ltr'><strong><em>nostra)</em></strong></span> <span class='ocrx_word' id='word_1_559' title='bbox 2793 3071 3212 3138; x_wconf 85' lang='lat' dir='ltr'><strong><em>propagatores</em></strong></span> <span class='ocrx_word' id='word_1_560' title='bbox 3238 3069 3627 3139; x_wconf 89' lang='lat' dir='ltr'><strong><em>privarentur.</em></strong></span> 
     </span>
    </p>
   </div>
   <div class='ocr_carea' id='block_1_80' title="bbox 1991 3154 3633 3228">
    <p class='ocr_par' dir='ltr' id='par_1_80' title="bbox 1991 3154 3633 3228">
     <span class='ocr_line' id='line_1_80' title="bbox 1991 3154 3633 3228; baseline 0.004 -19"><span class='ocrx_word' id='word_1_561' title='bbox 1991 3154 2263 3225; x_wconf 87' lang='lat' dir='ltr'><strong><em>Exempla</em></strong></span> <span class='ocrx_word' id='word_1_562' title='bbox 2289 3154 2458 3210; x_wconf 88' lang='lat' dir='ltr'><strong><em>obvia</em></strong></span> <span class='ocrx_word' id='word_1_563' title='bbox 2483 3159 2649 3221; x_wconf 89' lang='lat' dir='ltr'><strong><em>sunt;</em></strong></span> <span class='ocrx_word' id='word_1_564' title='bbox 2674 3169 2744 3209; x_wconf 91' lang='lat' dir='ltr'><strong><em>cn</em></strong></span> <span class='ocrx_word' id='word_1_565' title='bbox 2773 3155 3016 3225; x_wconf 89' lang='lat' dir='ltr'><strong><em>paucula</em></strong></span> <span class='ocrx_word' id='word_1_566' title='bbox 3036 3175 3048 3211; x_wconf 91' lang='lat'><strong>:</strong></span> <span class='ocrx_word' id='word_1_567' title='bbox 3066 3171 3159 3212; x_wconf 85' lang='grc' dir='ltr'><strong><em>χχι</em></strong></span> <span class='ocrx_word' id='word_1_568' title='bbox 3180 3158 3413 3213; x_wconf 89' lang='lat' dir='ltr'><strong><em>Januari</em></strong></span> <span class='ocrx_word' id='word_1_569' title='bbox 3441 3158 3633 3228; x_wconf 89' lang='lat' dir='ltr'><strong><em>agitur</em></strong></span> 
     </span>
    </p>
   </div>
   <div class='ocr_carea' id='block_1_81' title="bbox 1991 3243 3636 3317">
    <p class='ocr_par' dir='ltr' id='par_1_81' title="bbox 1991 3243 3636 3317">
     <span class='ocr_line' id='line_1_81' title="bbox 1991 3243 3636 3317; baseline 0.004 -19"><span class='ocrx_word' id='word_1_570' title='bbox 1991 3243 2061 3298; x_wconf 88' lang='lat' dir='ltr'><strong><em>de</em></strong></span> <span class='ocrx_word' id='word_1_571' title='bbox 2093 3243 2310 3300; x_wconf 90' lang='lat' dir='ltr'><strong><em>Publio</em></strong></span> <span class='ocrx_word' id='word_1_572' title='bbox 2330 3260 2355 3312; x_wconf 69' lang='grc' dir='ltr'><strong><em>,ι</em></strong></span> <span class='ocrx_word' id='word_1_573' title='bbox 2384 3259 2541 3311; x_wconf 84' lang='grc' dir='ltr'>χχιιι,</span> <span class='ocrx_word' id='word_1_574' title='bbox 2579 3244 2649 3299; x_wconf 90' lang='lat' dir='ltr'><strong><em>de</em></strong></span> <span class='ocrx_word' id='word_1_575' title='bbox 2681 3244 2983 3301; x_wconf 87' lang='lat' dir='ltr'><strong><em>Parmena</em></strong></span> <span class='ocrx_word' id='word_1_576' title='bbox 3002 3261 3029 3314; x_wconf 84' lang='lat'><strong><em>;</em></strong></span> <span class='ocrx_word' id='word_1_577' title='bbox 3056 3260 3183 3315; x_wconf 86' lang='lat' dir='ltr'><strong><em>xxv,</em></strong></span> <span class='ocrx_word' id='word_1_578' title='bbox 3234 3245 3305 3301; x_wconf 90' lang='lat' dir='ltr'><strong><em>de</em></strong></span> <span class='ocrx_word' id='word_1_579' title='bbox 3355 3248 3636 3317; x_wconf 85' lang='lat' dir='ltr'><strong><em>Anania;</em></strong></span> 
     </span>
    </p>
   </div>
   <div class='ocr_carea' id='block_1_82' title="bbox 1991 3332 3633 3407">
    <p class='ocr_par' dir='ltr' id='par_1_82' title="bbox 1991 3332 3633 3407">
     <span class='ocr_line' id='line_1_82' title="bbox 1991 3332 3633 3407; baseline 0.004 -20"><span class='ocrx_word' id='word_1_580' title='bbox 1991 3347 2031 3387; x_wconf 89' lang='grc' dir='ltr'><strong><em>ιι</em></strong></span> <span class='ocrx_word' id='word_1_581' title='bbox 2064 3333 2381 3403; x_wconf 84' lang='lat' dir='ltr'><strong><em>Februarii,</em></strong></span> <span class='ocrx_word' id='word_1_582' title='bbox 2418 3333 2488 3387; x_wconf 89' lang='lat' dir='ltr'><strong><em>de</em></strong></span> <span class='ocrx_word' id='word_1_583' title='bbox 2524 3332 2839 3402; x_wconf 79' lang='lat' dir='ltr'><strong><em>Cornelio;</em></strong></span> <span class='ocrx_word' id='word_1_584' title='bbox 2868 3348 2949 3404; x_wconf 91' lang='grc' dir='ltr'>ιιι,</span> <span class='ocrx_word' id='word_1_585' title='bbox 2997 3333 3069 3389; x_wconf 92' lang='lat' dir='ltr'><strong><em>de</em></strong></span> <span class='ocrx_word' id='word_1_586' title='bbox 3117 3333 3357 3405; x_wconf 86' lang='lat' dir='ltr'><strong><em>Agabo;</em></strong></span> <span class='ocrx_word' id='word_1_587' title='bbox 3404 3351 3514 3407; x_wconf 76' lang='grc' dir='ltr'>χιιι,</span> <span class='ocrx_word' id='word_1_588' title='bbox 3561 3337 3633 3393; x_wconf 91' lang='lat' dir='ltr'><strong><em>de</em></strong></span> 
     </span>
    </p>
   </div>
   <div class='ocr_carea' id='block_1_83' title="bbox 1992 3420 3633 3495">
    <p class='ocr_par' dir='ltr' id='par_1_83' title="bbox 1992 3420 3633 3495">
     <span class='ocr_line' id='line_1_83' title="bbox 1992 3420 3633 3495; baseline 0.002 -17"><span class='ocrx_word' id='word_1_589' title='bbox 1992 3422 2278 3492; x_wconf 86' lang='lat' dir='ltr'><strong><em>Onesimo,</em></strong></span> <span class='ocrx_word' id='word_1_590' title='bbox 2304 3426 2415 3478; x_wconf 92' lang='lat' dir='ltr'><strong><em>etc.</em></strong></span> <span class='ocrx_word' id='word_1_591' title='bbox 2453 3420 2519 3476; x_wconf 78' lang='lat' dir='ltr'><strong><em>lli</em></strong></span> <span class='ocrx_word' id='word_1_592' title='bbox 2551 3436 2690 3478; x_wconf 89' lang='lat' dir='ltr'><strong><em>vero</em></strong></span> <span class='ocrx_word' id='word_1_593' title='bbox 2720 3425 2776 3477; x_wconf 91' lang='lat' dir='ltr'><strong><em>et</em></strong></span> <span class='ocrx_word' id='word_1_594' title='bbox 2803 3425 2889 3478; x_wconf 89' lang='lat' dir='ltr'><strong><em>tot</em></strong></span> <span class='ocrx_word' id='word_1_595' title='bbox 2915 3421 3032 3492; x_wconf 92' lang='lat' dir='ltr'><strong><em>alii,</em></strong></span> <span class='ocrx_word' id='word_1_596' title='bbox 3057 3437 3186 3478; x_wconf 91' lang='lat' dir='ltr'><strong><em>cum</em></strong></span> <span class='ocrx_word' id='word_1_597' title='bbox 3214 3422 3269 3477; x_wconf 90' lang='lat' dir='ltr'><strong><em>in</em></strong></span> <span class='ocrx_word' id='word_1_598' title='bbox 3295 3424 3633 3495; x_wconf 88' lang='lat' dir='ltr'><strong><em>antiquiori-</em></strong></span> 
     </span>
    </p>
   </div>
   <div class='ocr_carea' id='block_1_84' title="bbox 1990 3497 3631 3582">
    <p class='ocr_par' dir='ltr' id='par_1_84' title="bbox 1990 3497 3631 3582">
     <span class='ocr_line' id='line_1_84' title="bbox 1990 3497 3631 3582; baseline 0.002 -16"><span class='ocrx_word' id='word_1_599' title='bbox 1990 3511 2099 3566; x_wconf 89' lang='lat' dir='ltr'><strong><em>bus</em></strong></span> <span class='ocrx_word' id='word_1_600' title='bbox 2124 3509 2547 3581; x_wconf 82' lang='lat' dir='ltr'><strong><em>Martyrologiis</em></strong></span> <span class='ocrx_word' id='word_1_601' title='bbox 2570 3510 2689 3566; x_wconf 92' lang='lat' dir='ltr'><strong><em>noti</em></strong></span> <span class='ocrx_word' id='word_1_602' title='bbox 2715 3525 2824 3566; x_wconf 93' lang='lat' dir='ltr'><strong><em>non</em></strong></span> <span class='ocrx_word' id='word_1_603' title='bbox 2851 3511 2985 3575; x_wconf 82' lang='lat' dir='ltr'><strong><em>sint,</em></strong></span> <span class='ocrx_word' id='word_1_604' title='bbox 3003 3510 3131 3582; x_wconf 90' lang='lat' dir='ltr'><strong><em>quis</em></strong></span> <span class='ocrx_word' id='word_1_605' title='bbox 3151 3511 3361 3567; x_wconf 90' lang='lat' dir='ltr'><strong><em>audeat</em></strong></span> <span class='ocrx_word' id='word_1_606' title='bbox 3389 3497 3631 3570; x_wconf 82' lang='lat' dir='ltr'><strong><em>inliciari</em></strong></span> 
     </span>
    </p>
   </div>
   <div class='ocr_carea' id='block_1_85' title="bbox 1988 3598 3635 3670">
    <p class='ocr_par' dir='ltr' id='par_1_85' title="bbox 1988 3598 3635 3670">
     <span class='ocr_line' id='line_1_85' title="bbox 1988 3598 3635 3670; baseline 0.004 -16"><span class='ocrx_word' id='word_1_607' title='bbox 1988 3600 2060 3654; x_wconf 90' lang='lat' dir='ltr'><strong><em>ab</em></strong></span> <span class='ocrx_word' id='word_1_608' title='bbox 2100 3598 2273 3668; x_wconf 90' lang='lat' dir='ltr'><strong><em>hujus</em></strong></span> <span class='ocrx_word' id='word_1_609' title='bbox 2319 3598 2712 3669; x_wconf 81' lang='lat' dir='ltr'><strong><em>Martyrologii</em></strong></span> <span class='ocrx_word' id='word_1_610' title='bbox 2764 3603 3005 3655; x_wconf 89' lang='lat' dir='ltr'><strong><em>auctore</em></strong></span> <span class='ocrx_word' id='word_1_611' title='bbox 3057 3600 3302 3670; x_wconf 88' lang='lat' dir='ltr'><strong><em>primum</em></strong></span> <span class='ocrx_word' id='word_1_612' title='bbox 3353 3601 3635 3660; x_wconf 89' lang='lat' dir='ltr'><strong><em>collectos</em></strong></span> 
     </span>
    </p>
   </div>
   <div class='ocr_carea' id='block_1_86' title="bbox 1990 3686 3628 3759">
    <p class='ocr_par' dir='ltr' id='par_1_86' title="bbox 1990 3686 3628 3759">
     <span class='ocr_line' id='line_1_86' title="bbox 1990 3686 3628 3759; baseline 0.003 -19"><span class='ocrx_word' id='word_1_613' title='bbox 1990 3686 2209 3742; x_wconf 87' lang='lat' dir='ltr'><strong><em>fuisse?</em></strong></span> <span class='ocrx_word' id='word_1_614' title='bbox 2238 3686 2491 3742; x_wconf 89' lang='lat' dir='ltr'><strong><em>Tertium</em></strong></span> <span class='ocrx_word' id='word_1_615' title='bbox 2518 3686 2635 3756; x_wconf 91' lang='lat' dir='ltr'><strong><em>jam</em></strong></span> <span class='ocrx_word' id='word_1_616' title='bbox 2668 3686 2887 3743; x_wconf 91' lang='lat' dir='ltr'><strong><em>notavit</em></strong></span> <span class='ocrx_word' id='word_1_617' title='bbox 2933 3686 3206 3756; x_wconf 90' lang='lat' dir='ltr'><strong><em>superius</em></strong></span> <span class='ocrx_word' id='word_1_618' title='bbox 3244 3687 3628 3759; x_wconf 89' lang='lat' dir='ltr'><strong><em>Castellanus,</em></strong></span> 
     </span>
    </p>
   </div>
   <div class='ocr_carea' id='block_1_87' title="bbox 1988 3773 3633 3846">
    <p class='ocr_par' dir='ltr' id='par_1_87' title="bbox 1988 3773 3633 3846">
     <span class='ocr_line' id='line_1_87' title="bbox 1988 3773 3633 3846; baseline 0.001 -15"><span class='ocrx_word' id='word_1_619' title='bbox 1988 3774 2301 3831; x_wconf 90' lang='lat' dir='ltr'><strong><em>ostendens</em></strong></span> <span class='ocrx_word' id='word_1_620' title='bbox 2335 3775 2649 3846; x_wconf 85' lang='lat' dir='ltr'><strong><em>prOphctas</em></strong></span> <span class='ocrx_word' id='word_1_621' title='bbox 2681 3773 2908 3829; x_wconf 87' lang='lat' dir='ltr'><strong><em>Veteris</em></strong></span> <span class='ocrx_word' id='word_1_622' title='bbox 2935 3774 3304 3843; x_wconf 87' lang='lat' dir='ltr'><strong><em>Testamenti,</em></strong></span> <span class='ocrx_word' id='word_1_623' title='bbox 3331 3777 3403 3830; x_wconf 89' lang='lat' dir='ltr'><strong><em>ab</em></strong></span> <span class='ocrx_word' id='word_1_624' title='bbox 3436 3776 3633 3832; x_wconf 85' lang='lat' dir='ltr'><strong><em>Hiero-</em></strong></span> 
     </span>
    </p>
   </div>
   <div class='ocr_carea' id='block_1_88' title="bbox 1989 3860 3631 3934">
    <p class='ocr_par' dir='ltr' id='par_1_88' title="bbox 1989 3860 3631 3934">
     <span class='ocr_line' id='line_1_88' title="bbox 1989 3860 3631 3934; baseline 0.001 -17"><span class='ocrx_word' id='word_1_625' title='bbox 1989 3863 2255 3933; x_wconf 85' lang='lat' dir='ltr'><strong><em>nymiano</em></strong></span> <span class='ocrx_word' id='word_1_626' title='bbox 2278 3862 2628 3933; x_wconf 67' lang='lat' dir='ltr'><strong><em>prmteritos,</em></strong></span> <span class='ocrx_word' id='word_1_627' title='bbox 2656 3877 2684 3917; x_wconf 92' lang='lat' dir='ltr'><strong><em>a</em></strong></span> <span class='ocrx_word' id='word_1_628' title='bbox 2719 3860 3109 3933; x_wconf 88' lang='lat' dir='ltr'><strong><em>Martyrologii</em></strong></span> <span class='ocrx_word' id='word_1_629' title='bbox 3143 3861 3325 3917; x_wconf 91' lang='lat' dir='ltr'><strong><em>nostri</em></strong></span> <span class='ocrx_word' id='word_1_630' title='bbox 3359 3862 3631 3934; x_wconf 90' lang='lat' dir='ltr'><strong><em>compila-</em></strong></span> 
     </span>
    </p>
   </div>
   <div class='ocr_carea' id='block_1_89' title="bbox 1987 3950 3628 4023">
    <p class='ocr_par' dir='ltr' id='par_1_89' title="bbox 1987 3950 3628 4023">
     <span class='ocr_line' id='line_1_89' title="bbox 1987 3950 3628 4023; baseline 0.001 -17"><span class='ocrx_word' id='word_1_631' title='bbox 1987 3956 2135 4021; x_wconf 89' lang='lat' dir='ltr'><strong><em>torc,</em></strong></span> <span class='ocrx_word' id='word_1_632' title='bbox 2165 3966 2267 4023; x_wconf 92' lang='lat' dir='ltr'><strong><em>pro</em></strong></span> <span class='ocrx_word' id='word_1_633' title='bbox 2289 3966 2392 4008; x_wconf 91' lang='lat' dir='ltr'><strong><em>suo</em></strong></span> <span class='ocrx_word' id='word_1_634' title='bbox 2415 3967 2619 4007; x_wconf 88' lang='lat' dir='ltr'><strong><em>rursus</em></strong></span> <span class='ocrx_word' id='word_1_635' title='bbox 2641 3950 2829 4021; x_wconf 89' lang='lat' dir='ltr'><strong><em>Iibitu,</em></strong></span> <span class='ocrx_word' id='word_1_636' title='bbox 2857 3950 3115 4019; x_wconf 86' lang='lat' dir='ltr'><strong><em>signatos</em></strong></span> <span class='ocrx_word' id='word_1_637' title='bbox 3136 3964 3282 4006; x_wconf 88' lang='lat' dir='ltr'><strong><em>esse.</em></strong></span> <span class='ocrx_word' id='word_1_638' title='bbox 3310 3951 3380 4005; x_wconf 93' lang='lat' dir='ltr'><strong><em>Ut</em></strong></span> <span class='ocrx_word' id='word_1_639' title='bbox 3407 3954 3628 4007; x_wconf 89' lang='lat' dir='ltr'><strong><em>taceam</em></strong></span> 
     </span>
    </p>
   </div>
   <div class='ocr_carea' id='block_1_90' title="bbox 1987 4037 3629 4111">
    <p class='ocr_par' dir='ltr' id='par_1_90' title="bbox 1987 4037 3629 4111">
     <span class='ocr_line' id='line_1_90' title="bbox 1987 4037 3629 4111; baseline -0.001 -14"><span class='ocrx_word' id='word_1_640' title='bbox 1987 4040 2285 4098; x_wconf 84' lang='lat' dir='ltr'><strong><em>Abbacum</em></strong></span> <span class='ocrx_word' id='word_1_641' title='bbox 2312 4044 2369 4096; x_wconf 91' lang='lat' dir='ltr'><strong><em>et</em></strong></span> <span class='ocrx_word' id='word_1_642' title='bbox 2402 4039 2716 4097; x_wconf 71' lang='lat' dir='ltr'><strong><em>Micnaam</em></strong></span> <span class='ocrx_word' id='word_1_643' title='bbox 2763 4054 2833 4095; x_wconf 90' lang='lat' dir='ltr'><strong><em>xv</em></strong></span> <span class='ocrx_word' id='word_1_644' title='bbox 2880 4037 3178 4105; x_wconf 86' lang='lat' dir='ltr'><strong><em>Januarii;</em></strong></span> <span class='ocrx_word' id='word_1_645' title='bbox 3229 4039 3576 4111; x_wconf 84' lang='lat' dir='ltr'><strong><em>Jeremiam,</em></strong></span> <span class='ocrx_word' id='word_1_646' title='bbox 3612 4055 3629 4096; x_wconf 93' lang='grc' dir='ltr'><strong><em>ι</em></strong></span> 
     </span>
    </p>
   </div>
   <div class='ocr_carea' id='block_1_91' title="bbox 1990 4127 3630 4200">
    <p class='ocr_par' dir='ltr' id='par_1_91' title="bbox 1990 4127 3630 4200">
     <span class='ocr_line' id='line_1_91' title="bbox 1990 4127 3630 4200; baseline 0.001 -17"><span class='ocrx_word' id='word_1_647' title='bbox 1990 4128 2114 4184; x_wconf 85' lang='lat' dir='ltr'><strong><em>Maii</em></strong></span> <span class='ocrx_word' id='word_1_648' title='bbox 2142 4147 2155 4196; x_wconf 90' lang='lat'><strong><em>;</em></strong></span> <span class='ocrx_word' id='word_1_649' title='bbox 2188 4130 2497 4198; x_wconf 68' lang='lat' dir='ltr'><strong><em>Elimeam,</em></strong></span> <span class='ocrx_word' id='word_1_650' title='bbox 2532 4144 2624 4184; x_wconf 83' lang='lat' dir='ltr'><strong><em>xw</em></strong></span> <span class='ocrx_word' id='word_1_651' title='bbox 2652 4128 2824 4199; x_wconf 90' lang='lat' dir='ltr'><strong><em>Junii,</em></strong></span> <span class='ocrx_word' id='word_1_652' title='bbox 2853 4144 3001 4184; x_wconf 90' lang='lat' dir='ltr'><strong><em>unus</em></strong></span> <span class='ocrx_word' id='word_1_653' title='bbox 3024 4127 3236 4185; x_wconf 90' lang='lat' dir='ltr'><strong><em>mensis</em></strong></span> <span class='ocrx_word' id='word_1_654' title='bbox 3258 4128 3446 4185; x_wconf 86' lang='lat' dir='ltr'><strong><em>Julius</em></strong></span> <span class='ocrx_word' id='word_1_655' title='bbox 3468 4128 3630 4200; x_wconf 88' lang='lat' dir='ltr'><strong><em>quin-</em></strong></span> 
     </span>
    </p>
   </div>
   <div class='ocr_carea' id='block_1_92' title="bbox 1991 4217 3626 4289">
    <p class='ocr_par' dir='ltr' id='par_1_92' title="bbox 1991 4217 3626 4289">
     <span class='ocr_line' id='line_1_92' title="bbox 1991 4217 3626 4289; baseline 0.002 -19"><span class='ocrx_word' id='word_1_656' title='bbox 1991 4232 2101 4286; x_wconf 92' lang='lat' dir='ltr'><strong><em>que</em></strong></span> <span class='ocrx_word' id='word_1_657' title='bbox 2165 4218 2577 4288; x_wconf 85' lang='lat' dir='ltr'><strong><em>proplietarum</em></strong></span> <span class='ocrx_word' id='word_1_658' title='bbox 2645 4217 3225 4273; x_wconf 89' lang='lat' dir='ltr'><strong><em>commemorationes</em></strong></span> <span class='ocrx_word' id='word_1_659' title='bbox 3266 4218 3626 4289; x_wconf 89' lang='lat' dir='ltr'><strong><em>suppeditat,</em></strong></span> 
     </span>
    </p>
   </div>
   <div class='ocr_carea' id='block_1_93' title="bbox 1993 4305 3631 4377">
    <p class='ocr_par' dir='ltr' id='par_1_93' title="bbox 1993 4305 3631 4377">
     <span class='ocr_line' id='line_1_93' title="bbox 1993 4305 3631 4377; baseline 0 -16"><span class='ocrx_word' id='word_1_660' title='bbox 1993 4320 2229 4376; x_wconf 87' lang='lat' dir='ltr'><strong><em>quaram</em></strong></span> <span class='ocrx_word' id='word_1_661' title='bbox 2261 4305 2380 4361; x_wconf 88' lang='lat' dir='ltr'><strong><em>sola</em></strong></span> <span class='ocrx_word' id='word_1_662' title='bbox 2417 4305 2597 4376; x_wconf 89' lang='lat' dir='ltr'><strong><em>prima</em></strong></span> <span class='ocrx_word' id='word_1_663' title='bbox 2632 4306 2701 4359; x_wconf 91' lang='lat' dir='ltr'><strong><em>de</em></strong></span> <span class='ocrx_word' id='word_1_664' title='bbox 2732 4307 2933 4363; x_wconf 81' lang='lat' dir='ltr'><strong><em>Aaron</em></strong></span> <span class='ocrx_word' id='word_1_665' title='bbox 2964 4306 3018 4361; x_wconf 92' lang='lat' dir='ltr'><strong><em>in</em></strong></span> <span class='ocrx_word' id='word_1_666' title='bbox 3051 4306 3510 4377; x_wconf 87' lang='lat' dir='ltr'><strong><em>Hicronymianis</em></strong></span> <span class='ocrx_word' id='word_1_667' title='bbox 3551 4307 3631 4361; x_wconf 92' lang='lat' dir='ltr'><strong><em>in-</em></strong></span> 
     </span>
    </p>
   </div>
   <div class='ocr_carea' id='block_1_94' title="bbox 218 4367 3629 4467">
    <p class='ocr_par' dir='ltr' id='par_1_94' title="bbox 218 4367 3629 4467">
     <span class='ocr_line' id='line_1_94' title="bbox 218 4367 3629 4467; baseline -0.001 -12"><span class='ocrx_word' id='word_1_668' title='bbox 218 4367 384 4455; x_wconf 71' lang='lat' dir='ltr'><strong><em>elare</em></strong></span> <span class='ocrx_word' id='word_1_669' title='bbox 409 4396 800 4467; x_wconf 79' lang='lat' dir='ltr'><strong><em>exprimatur.</em></strong></span> <span class='ocrx_word' id='word_1_670' title='bbox 819 4396 929 4452; x_wconf 89' lang='lat' dir='ltr'><strong><em>Sed</em></strong></span> <span class='ocrx_word' id='word_1_671' title='bbox 952 4367 1073 4453; x_wconf 67' lang='lat' dir='ltr'><strong><em>liaec</em></strong></span> <span class='ocrx_word' id='word_1_672' title='bbox 1098 4396 1167 4452; x_wconf 92' lang='lat' dir='ltr'><strong><em>ad</em></strong></span> <span class='ocrx_word' id='word_1_673' title='bbox 1189 4367 1296 4452; x_wconf 76' lang='lat' dir='ltr'><strong><em>nos</em></strong></span> <span class='ocrx_word' id='word_1_674' title='bbox 1320 4367 1480 4467; x_wconf 80' lang='lat' dir='ltr'><strong><em>nihil,</em></strong></span> <span class='ocrx_word' id='word_1_675' title='bbox 1506 4411 1636 4452; x_wconf 90' lang='lat' dir='ltr'><strong><em>cum</em></strong></span> <span class='ocrx_word' id='word_1_676' title='bbox 1660 4397 1731 4451; x_wconf 89' lang='lat' dir='ltr'><strong><em>de</em></strong></span> <span class='ocrx_word' id='word_1_677' title='bbox 1755 4395 1874 4452; x_wconf 90' lang='lat' dir='ltr'><strong><em>sola</em></strong></span> <span class='ocrx_word' id='word_1_678' title='bbox 1908 4367 1960 4426; x_wconf 82' lang='lat' dir='ltr'><strong>D</strong></span> <span class='ocrx_word' id='word_1_679' title='bbox 1994 4367 2261 4464; x_wconf 80' lang='lat' dir='ltr'><strong><em>noteseit,</em></strong></span> <span class='ocrx_word' id='word_1_680' title='bbox 2297 4394 2350 4449; x_wconf 89' lang='lat' dir='ltr'><strong><em>in</em></strong></span> <span class='ocrx_word' id='word_1_681' title='bbox 2386 4367 2535 4449; x_wconf 72' lang='lat' dir='ltr'><strong><em>Deda</em></strong></span> <span class='ocrx_word' id='word_1_682' title='bbox 2569 4393 2729 4449; x_wconf 87' lang='lat' dir='ltr'><strong><em>solus</em></strong></span> <span class='ocrx_word' id='word_1_683' title='bbox 2756 4395 2979 4464; x_wconf 85' lang='lat' dir='ltr'><strong><em>Isaias,</em></strong></span> <span class='ocrx_word' id='word_1_684' title='bbox 3016 4394 3110 4465; x_wconf 87' lang='lat' dir='ltr'><strong><em>qui</em></strong></span> <span class='ocrx_word' id='word_1_685' title='bbox 3145 4394 3215 4449; x_wconf 92' lang='lat' dir='ltr'><strong><em>dc</em></strong></span> <span class='ocrx_word' id='word_1_686' title='bbox 3246 4367 3461 4450; x_wconf 61' lang='lat' dir='ltr'><strong><em>caetero</em></strong></span> <span class='ocrx_word' id='word_1_687' title='bbox 3495 4409 3629 4466; x_wconf 88' lang='lat' dir='ltr'><strong><em>pau-</em></strong></span> 
     </span>
    </p>
   </div>
   <div class='ocr_carea' id='block_1_95' title="bbox 220 4484 1878 4555">
    <p class='ocr_par' dir='ltr' id='par_1_95' title="bbox 220 4484 1878 4555">
     <span class='ocr_line' id='line_1_95' title="bbox 220 4484 1878 4555; baseline -0.001 -14"><span class='ocrx_word' id='word_1_688' title='bbox 220 4488 490 4544; x_wconf 84' lang='lat' dir='ltr'><strong><em>Romana</em></strong></span> <span class='ocrx_word' id='word_1_689' title='bbox 518 4485 837 4541; x_wconf 87' lang='lat' dir='ltr'><strong><em>festivitate</em></strong></span> <span class='ocrx_word' id='word_1_690' title='bbox 852 4484 1280 4555; x_wconf 89' lang='lat' dir='ltr'><strong><em>agamus,cujus</em></strong></span> <span class='ocrx_word' id='word_1_691' title='bbox 1297 4484 1722 4541; x_wconf 89' lang='lat' dir='ltr'><strong><em>institutionem</em></strong></span> <span class='ocrx_word' id='word_1_692' title='bbox 1742 4486 1878 4540; x_wconf 87' lang='lat' dir='ltr'><strong><em>Gre-</em></strong></span> 
     </span>
    </p>
   </div>
   <div class='ocr_carea' id='block_1_96' title="bbox 218 4572 1879 4646">
    <p class='ocr_par' dir='ltr' id='par_1_96' title="bbox 218 4572 1879 4646">
     <span class='ocr_line' id='line_1_96' title="bbox 218 4572 1879 4646; baseline -0.002 -14"><span class='ocrx_word' id='word_1_693' title='bbox 218 4576 391 4646; x_wconf 83' lang='lat' dir='ltr'><strong><em>gorio</em></strong></span> <span class='ocrx_word' id='word_1_694' title='bbox 424 4576 504 4631; x_wconf 85' lang='lat' dir='ltr'><strong>III</strong></span> <span class='ocrx_word' id='word_1_695' title='bbox 534 4589 665 4630; x_wconf 91' lang='lat' dir='ltr'><strong><em>cum</em></strong></span> <span class='ocrx_word' id='word_1_696' title='bbox 700 4575 986 4629; x_wconf 85' lang='lat' dir='ltr'><strong><em>Frontone</em></strong></span> <span class='ocrx_word' id='word_1_697' title='bbox 1019 4573 1383 4630; x_wconf 89' lang='lat' dir='ltr'><strong><em>ascribimus.</em></strong></span> <span class='ocrx_word' id='word_1_698' title='bbox 1424 4574 1612 4643; x_wconf 89' lang='lat' dir='ltr'><strong><em>Atque</em></strong></span> <span class='ocrx_word' id='word_1_699' title='bbox 1642 4572 1754 4642; x_wconf 89' lang='lat' dir='ltr'><strong><em>hic,</em></strong></span> <span class='ocrx_word' id='word_1_700' title='bbox 1781 4572 1879 4629; x_wconf 90' lang='lat' dir='ltr'><strong><em>de-</em></strong></span> 
     </span>
    </p>
   </div>
   <div class='ocr_carea' id='block_1_97' title="bbox 219 4661 1880 4733">
    <p class='ocr_par' dir='ltr' id='par_1_97' title="bbox 219 4661 1880 4733">
     <span class='ocr_line' id='line_1_97' title="bbox 219 4661 1880 4733; baseline -0.002 -14"><span class='ocrx_word' id='word_1_701' title='bbox 219 4663 541 4733; x_wconf 90' lang='lat' dir='ltr'><strong><em>cursojam</em></strong></span> <span class='ocrx_word' id='word_1_702' title='bbox 574 4664 700 4719; x_wconf 81' lang='lat' dir='ltr'><strong><em>t&#39;oto</em></strong></span> <span class='ocrx_word' id='word_1_703' title='bbox 731 4662 1015 4731; x_wconf 88' lang='lat' dir='ltr'><strong><em>Usuardo,</em></strong></span> <span class='ocrx_word' id='word_1_704' title='bbox 1038 4661 1321 4731; x_wconf 82' lang='lat' dir='ltr'><strong><em>ﬁgendam</em></strong></span> <span class='ocrx_word' id='word_1_705' title='bbox 1348 4661 1641 4717; x_wconf 87' lang='lat' dir='ltr'><strong><em>credimus</em></strong></span> <span class='ocrx_word' id='word_1_706' title='bbox 1672 4661 1880 4732; x_wconf 85' lang='lat' dir='ltr'><strong><em>Marty-</em></strong></span> 
     </span>
    </p>
   </div>
   <div class='ocr_carea' id='block_1_98' title="bbox 221 4750 1877 4822">
    <p class='ocr_par' dir='ltr' id='par_1_98' title="bbox 221 4750 1877 4822">
     <span class='ocr_line' id='line_1_98' title="bbox 221 4750 1877 4822; baseline -0.002 -15"><span class='ocrx_word' id='word_1_707' title='bbox 221 4752 438 4822; x_wconf 85' lang='lat' dir='ltr'><strong><em>rologii</em></strong></span> <span class='ocrx_word' id='word_1_708' title='bbox 466 4751 640 4821; x_wconf 86' lang='lat' dir='ltr'><strong><em>hujus</em></strong></span> <span class='ocrx_word' id='word_1_709' title='bbox 654 4750 833 4806; x_wconf 88' lang='lat' dir='ltr'><strong><em>nostri</em></strong></span> <span class='ocrx_word' id='word_1_710' title='bbox 852 4750 1014 4820; x_wconf 88' lang='lat' dir='ltr'><strong><em>parvi</em></strong></span> <span class='ocrx_word' id='word_1_711' title='bbox 1031 4751 1266 4805; x_wconf 81' lang='lat' dir='ltr'><strong><em>Romani</em></strong></span> <span class='ocrx_word' id='word_1_712' title='bbox 1282 4750 1652 4821; x_wconf 89' lang='lat' dir='ltr'><strong><em>epocham,ut</em></strong></span> <span class='ocrx_word' id='word_1_713' title='bbox 1672 4763 1877 4820; x_wconf 89' lang='lat' dir='ltr'><strong><em>nempe</em></strong></span> 
     </span>
    </p>
   </div>
   <div class='ocr_carea' id='block_1_99' title="bbox 221 4839 1878 4912">
    <p class='ocr_par' dir='ltr' id='par_1_99' title="bbox 221 4839 1878 4912">
     <span class='ocr_line' id='line_1_99' title="bbox 221 4839 1878 4912; baseline -0.002 -16"><span class='ocrx_word' id='word_1_714' title='bbox 221 4840 623 4912; x_wconf 90' lang='lat' dir='ltr'><strong><em>compositum</em></strong></span> <span class='ocrx_word' id='word_1_715' title='bbox 654 4843 952 4895; x_wconf 86' lang='lat' dir='ltr'><strong><em>statuatur</em></strong></span> <span class='ocrx_word' id='word_1_716' title='bbox 990 4839 1146 4894; x_wconf 80' lang='lat' dir='ltr'><strong><em>circa</em></strong></span> <span class='ocrx_word' id='word_1_717' title='bbox 1198 4853 1408 4895; x_wconf 91' lang='lat' dir='ltr'><strong><em>annum</em></strong></span> <span class='ocrx_word' id='word_1_718' title='bbox 1455 4842 1579 4895; x_wconf 69' lang='grc'>740.</span> <span class='ocrx_word' id='word_1_719' title='bbox 1634 4840 1714 4893; x_wconf 82' lang='lat' dir='ltr'><strong><em>Ex</em></strong></span> <span class='ocrx_word' id='word_1_720' title='bbox 1765 4852 1878 4908; x_wconf 87' lang='lat' dir='ltr'><strong><em>quo</em></strong></span> 
     </span>
    </p>
   </div>
   <div class='ocr_carea' id='block_1_100' title="bbox 221 4927 1876 4999">
    <p class='ocr_par' dir='ltr' id='par_1_100' title="bbox 221 4927 1876 4999">
     <span class='ocr_line' id='line_1_100' title="bbox 221 4927 1876 4999; baseline -0.002 -15"><span class='ocrx_word' id='word_1_721' title='bbox 221 4928 486 4999; x_wconf 87' lang='lat' dir='ltr'><strong><em>aliisque</em></strong></span> <span class='ocrx_word' id='word_1_722' title='bbox 509 4927 999 4998; x_wconf 87' lang='lat' dir='ltr'><strong><em>argumentisjam</em></strong></span> <span class='ocrx_word' id='word_1_723' title='bbox 1022 4928 1308 4997; x_wconf 89' lang='lat' dir='ltr'><strong><em>deductis,</em></strong></span> <span class='ocrx_word' id='word_1_724' title='bbox 1336 4928 1461 4997; x_wconf 90' lang='lat' dir='ltr'><strong><em>ejus</em></strong></span> <span class='ocrx_word' id='word_1_725' title='bbox 1486 4931 1876 4995; x_wconf 89' lang='lat' dir='ltr'><strong><em>vetustatem;</em></strong></span> 
     </span>
    </p>
   </div>
   <div class='ocr_carea' id='block_1_101' title="bbox 220 5015 1877 5089">
    <p class='ocr_par' dir='ltr' id='par_1_101' title="bbox 220 5015 1877 5089">
     <span class='ocr_line' id='line_1_101' title="bbox 220 5015 1877 5089; baseline -0.001 -15"><span class='ocrx_word' id='word_1_726' title='bbox 220 5033 295 5074; x_wconf 87' lang='lat' dir='ltr'><strong><em>ex</em></strong></span> <span class='ocrx_word' id='word_1_727' title='bbox 331 5018 561 5075; x_wconf 88' lang='lat' dir='ltr'><strong><em>sanctis</em></strong></span> <span class='ocrx_word' id='word_1_728' title='bbox 590 5031 730 5073; x_wconf 89' lang='lat' dir='ltr'><strong><em>vero</em></strong></span> <span class='ocrx_word' id='word_1_729' title='bbox 760 5021 817 5073; x_wconf 91' lang='lat' dir='ltr'><strong><em>ct</em></strong></span> <span class='ocrx_word' id='word_1_730' title='bbox 854 5015 1270 5073; x_wconf 84' lang='lat' dir='ltr'><strong><em>festivitatibus</em></strong></span> <span class='ocrx_word' id='word_1_731' title='bbox 1294 5018 1485 5072; x_wconf 67' lang='lat' dir='ltr'><strong><em>Roma:</em></strong></span> <span class='ocrx_word' id='word_1_732' title='bbox 1512 5016 1785 5089; x_wconf 87' lang='lat' dir='ltr'><strong><em>propriis,</em></strong></span> <span class='ocrx_word' id='word_1_733' title='bbox 1812 5031 1877 5072; x_wconf 90' lang='lat' dir='ltr'><strong><em>ac</em></strong></span> 
     </span>
    </p>
   </div>
   <div class='ocr_carea' id='block_1_102' title="bbox 223 5104 1875 5179">
    <p class='ocr_par' dir='ltr' id='par_1_102' title="bbox 223 5104 1875 5179">
     <span class='ocr_line' id='line_1_102' title="bbox 223 5104 1875 5179; baseline -0.001 -16"><span class='ocrx_word' id='word_1_734' title='bbox 223 5104 655 5179; x_wconf 88' lang='lat' dir='ltr'><strong><em>peculiaribus,</em></strong></span> <span class='ocrx_word' id='word_1_735' title='bbox 671 5106 1013 5176; x_wconf 83' lang='lat' dir='ltr'><strong><em>cjusgcnus,</em></strong></span> <span class='ocrx_word' id='word_1_736' title='bbox 1031 5105 1276 5177; x_wconf 88' lang='lat' dir='ltr'><strong><em>patriam</em></strong></span> <span class='ocrx_word' id='word_1_737' title='bbox 1292 5110 1347 5160; x_wconf 90' lang='lat' dir='ltr'><strong><em>et</em></strong></span> <span class='ocrx_word' id='word_1_738' title='bbox 1376 5110 1622 5161; x_wconf 88' lang='lat' dir='ltr'><strong><em>natalem</em></strong></span> <span class='ocrx_word' id='word_1_739' title='bbox 1643 5107 1875 5175; x_wconf 87' lang='lat' dir='ltr'><strong><em>;verbo,</em></strong></span> 
     </span>
    </p>
   </div>
   <div class='ocr_carea' id='block_1_103' title="bbox 222 5194 1879 5266">
    <p class='ocr_par' dir='ltr' id='par_1_103' title="bbox 222 5194 1879 5266">
     <span class='ocr_line' id='line_1_103' title="bbox 222 5194 1879 5266; baseline -0.002 -15"><span class='ocrx_word' id='word_1_740' title='bbox 222 5195 390 5266; x_wconf 91' lang='lat' dir='ltr'><strong><em>quod</em></strong></span> <span class='ocrx_word' id='word_1_741' title='bbox 414 5210 586 5251; x_wconf 68' lang='lat' dir='ltr'><strong><em>verus</em></strong></span> <span class='ocrx_word' id='word_1_742' title='bbox 616 5198 674 5250; x_wconf 94' lang='lat' dir='ltr'><strong><em>et</em></strong></span> <span class='ocrx_word' id='word_1_743' title='bbox 708 5195 989 5250; x_wconf 67' lang='lat' dir='ltr'><strong><em>ROMANL’M</em></strong></span> <span class='ocrx_word' id='word_1_744' title='bbox 1013 5195 1107 5263; x_wconf 84' lang='lat' dir='ltr'><strong><em>sit,</em></strong></span> <span class='ocrx_word' id='word_1_745' title='bbox 1136 5194 1190 5249; x_wconf 92' lang='lat' dir='ltr'><strong><em>in</em></strong></span> <span class='ocrx_word' id='word_1_746' title='bbox 1218 5196 1483 5250; x_wconf 89' lang='lat' dir='ltr'><strong><em>confesso</em></strong></span> <span class='ocrx_word' id='word_1_747' title='bbox 1516 5195 1765 5265; x_wconf 90' lang='lat' dir='ltr'><strong><em>positum</em></strong></span> <span class='ocrx_word' id='word_1_748' title='bbox 1791 5208 1879 5248; x_wconf 90' lang='lat' dir='ltr'><strong><em>ar-</em></strong></span> 
     </span>
    </p>
   </div>
   <div class='ocr_carea' id='block_1_104' title="bbox 222 5281 1875 5355">
    <p class='ocr_par' dir='ltr' id='par_1_104' title="bbox 222 5281 1875 5355">
     <span class='ocr_line' id='line_1_104' title="bbox 222 5281 1875 5355; baseline -0.003 -17"><span class='ocrx_word' id='word_1_749' title='bbox 222 5283 525 5338; x_wconf 86' lang='lat' dir='ltr'><strong><em>bitramur</em></strong></span> <span class='ocrx_word' id='word_1_750' title='bbox 557 5303 569 5338; x_wconf 93' lang='lat'>:</span> <span class='ocrx_word' id='word_1_751' title='bbox 605 5284 759 5355; x_wconf 89' lang='lat' dir='ltr'><strong><em>quod</em></strong></span> <span class='ocrx_word' id='word_1_752' title='bbox 792 5283 966 5339; x_wconf 86' lang='lat' dir='ltr'><strong><em>etiam</em></strong></span> <span class='ocrx_word' id='word_1_753' title='bbox 998 5296 1171 5354; x_wconf 90' lang='lat' dir='ltr'><strong><em>supra</em></strong></span> <span class='ocrx_word' id='word_1_754' title='bbox 1205 5298 1276 5337; x_wconf 88' lang='lat' dir='ltr'><strong><em>ex</em></strong></span> <span class='ocrx_word' id='word_1_755' title='bbox 1308 5282 1534 5338; x_wconf 91' lang='lat' dir='ltr'><strong><em>nomine</em></strong></span> <span class='ocrx_word' id='word_1_756' title='bbox 1569 5296 1763 5353; x_wconf 62' lang='lat' dir='ltr'><strong><em>papa,</em></strong></span> <span class='ocrx_word' id='word_1_757' title='bbox 1800 5281 1875 5335; x_wconf 92' lang='lat' dir='ltr'><strong><em>ibi</em></strong></span> 
     </span>
    </p>
   </div>
   <div class='ocr_carea' id='block_1_105' title="bbox 220 5370 1873 5446">
    <p class='ocr_par' dir='ltr' id='par_1_105' title="bbox 220 5370 1873 5446">
     <span class='ocr_line' id='line_1_105' title="bbox 220 5370 1873 5446; baseline -0.001 -20"><span class='ocrx_word' id='word_1_758' title='bbox 220 5371 556 5428; x_wconf 88' lang='lat' dir='ltr'><strong><em>identidem</em></strong></span> <span class='ocrx_word' id='word_1_759' title='bbox 607 5373 880 5446; x_wconf 90' lang='lat' dir='ltr'><strong><em>repetito,</em></strong></span> <span class='ocrx_word' id='word_1_760' title='bbox 927 5376 987 5427; x_wconf 91' lang='lat' dir='ltr'><strong><em>et</em></strong></span> <span class='ocrx_word' id='word_1_761' title='bbox 1038 5372 1199 5441; x_wconf 89' lang='lat' dir='ltr'><strong><em>quasi</em></strong></span> <span class='ocrx_word' id='word_1_762' title='bbox 1269 5372 1527 5427; x_wconf 90' lang='lat' dir='ltr'><strong><em>studiose</em></strong></span> <span class='ocrx_word' id='word_1_763' title='bbox 1589 5370 1873 5443; x_wconf 84' lang='lat' dir='ltr'><strong><em>apposito,</em></strong></span> 
     </span>
    </p>
   </div>
   <div class='ocr_carea' id='block_1_106' title="bbox 219 5459 1719 5534">
    <p class='ocr_par' dir='ltr' id='par_1_106' title="bbox 219 5459 1719 5534">
     <span class='ocr_line' id='line_1_106' title="bbox 219 5459 1719 5534; baseline -0.003 -17"><span class='ocrx_word' id='word_1_764' title='bbox 219 5461 404 5518; x_wconf 88' lang='lat' dir='ltr'><strong><em>educi</em></strong></span> <span class='ocrx_word' id='word_1_765' title='bbox 439 5476 628 5534; x_wconf 87' lang='lat' dir='ltr'><strong><em>posse,</em></strong></span> <span class='ocrx_word' id='word_1_766' title='bbox 660 5468 862 5520; x_wconf 90' lang='lat' dir='ltr'><strong><em>contra</em></strong></span> <span class='ocrx_word' id='word_1_767' title='bbox 896 5459 1310 5517; x_wconf 88' lang='lat' dir='ltr'><strong><em>Florentiuium</em></strong></span> <span class='ocrx_word' id='word_1_768' title='bbox 1343 5460 1719 5516; x_wconf 90' lang='lat' dir='ltr'><strong><em>ostendimus.</em></strong></span> 
     </span>
    </p>
   </div>
   <div class='ocr_carea' id='block_1_107' title="bbox 1986 4476 3626 4553">
    <p class='ocr_par' dir='ltr' id='par_1_107' title="bbox 1986 4476 3626 4553">
     <span class='ocr_line' id='line_1_107' title="bbox 1986 4476 3626 4553; baseline -0.001 -13"><span class='ocrx_word' id='word_1_769' title='bbox 1986 4498 2185 4540; x_wconf 89' lang='lat' dir='ltr'><strong><em>eorum</em></strong></span> <span class='ocrx_word' id='word_1_770' title='bbox 2215 4476 2462 4538; x_wconf 87' lang='lat' dir='ltr'><strong><em>aliorum</em></strong></span> <span class='ocrx_word' id='word_1_771' title='bbox 2494 4482 2771 4551; x_wconf 90' lang='lat' dir='ltr'><strong><em>meminit,</em></strong></span> <span class='ocrx_word' id='word_1_772' title='bbox 2808 4497 2873 4538; x_wconf 88' lang='lat' dir='ltr'><strong><em>ea</em></strong></span> <span class='ocrx_word' id='word_1_773' title='bbox 2908 4483 3132 4538; x_wconf 86' lang='lat' dir='ltr'><strong><em>ratione</em></strong></span> <span class='ocrx_word' id='word_1_774' title='bbox 3164 4488 3221 4537; x_wconf 89' lang='lat' dir='ltr'><strong><em>et</em></strong></span> <span class='ocrx_word' id='word_1_775' title='bbox 3258 4482 3425 4538; x_wconf 92' lang='lat' dir='ltr'><strong><em>modo</em></strong></span> <span class='ocrx_word' id='word_1_776' title='bbox 3459 4497 3626 4553; x_wconf 92' lang='lat' dir='ltr'><strong><em>quem</em></strong></span> 
     </span>
    </p>
   </div>
   <div class='ocr_carea' id='block_1_108' title="bbox 1987 4570 3542 4643">
    <p class='ocr_par' dir='ltr' id='par_1_108' title="bbox 1987 4570 3542 4643">
     <span class='ocr_line' id='line_1_108' title="bbox 1987 4570 3542 4643; baseline -0.001 -15"><span class='ocrx_word' id='word_1_777' title='bbox 1987 4572 2239 4643; x_wconf 81' lang='lat' dir='ltr'><strong><em>explicat</em></strong></span> <span class='ocrx_word' id='word_1_778' title='bbox 2271 4570 2703 4643; x_wconf 82' lang='lat' dir='ltr'><strong><em>Papcbroehius</em></strong></span> <span class='ocrx_word' id='word_1_779' title='bbox 2732 4576 2888 4626; x_wconf 91' lang='lat' dir='ltr'><strong><em>tomo</em></strong></span> <span class='ocrx_word' id='word_1_780' title='bbox 2919 4572 2940 4625; x_wconf 92' lang='grc' dir='ltr'>Ι</span> <span class='ocrx_word' id='word_1_781' title='bbox 2972 4570 3206 4641; x_wconf 85' lang='lat' dir='ltr'><strong><em>Aprilis,</em></strong></span> <span class='ocrx_word' id='word_1_782' title='bbox 3245 4585 3379 4641; x_wconf 87' lang='lat' dir='ltr'><strong><em>pag.</em></strong></span> <span class='ocrx_word' id='word_1_783' title='bbox 3420 4576 3542 4627; x_wconf 76' lang='lat'><strong><em>857.</em></strong></span> 
     </span>
    </p>
   </div>
   <div class='ocr_carea' id='block_1_109' title="bbox 2066 4658 3626 4730">
    <p class='ocr_par' dir='ltr' id='par_1_109' title="bbox 2066 4658 3626 4730">
     <span class='ocr_line' id='line_1_109' title="bbox 2066 4658 3626 4730; baseline -0.003 -14"><span class='ocrx_word' id='word_1_784' title='bbox 2066 4665 2180 4717; x_wconf 62' lang='lat' dir='ltr'><strong><em>liti.</em></strong></span> <span class='ocrx_word' id='word_1_785' title='bbox 2218 4661 2383 4717; x_wconf 85' lang='lat' dir='ltr'><strong><em>llisce</em></strong></span> <span class='ocrx_word' id='word_1_786' title='bbox 2414 4660 2727 4730; x_wconf 87' lang='lat' dir='ltr'><strong><em>superaddi</em></strong></span> <span class='ocrx_word' id='word_1_787' title='bbox 2764 4663 2949 4730; x_wconf 87' lang='lat' dir='ltr'><strong><em>potest</em></strong></span> <span class='ocrx_word' id='word_1_788' title='bbox 2998 4662 3269 4729; x_wconf 90' lang='lat' dir='ltr'><strong><em>quartum</em></strong></span> <span class='ocrx_word' id='word_1_789' title='bbox 3314 4664 3509 4729; x_wconf 91' lang='lat' dir='ltr'><strong><em>caput,</em></strong></span> <span class='ocrx_word' id='word_1_790' title='bbox 3547 4658 3626 4713; x_wconf 91' lang='lat' dir='ltr'><strong><em>id-</em></strong></span> 
     </span>
    </p>
   </div>
   <div class='ocr_carea' id='block_1_110' title="bbox 1989 4746 3624 4821">
    <p class='ocr_par' dir='ltr' id='par_1_110' title="bbox 1989 4746 3624 4821">
     <span class='ocr_line' id='line_1_110' title="bbox 1989 4746 3624 4821; baseline -0.002 -15"><span class='ocrx_word' id='word_1_791' title='bbox 1989 4766 2099 4821; x_wconf 89' lang='lat' dir='ltr'><strong><em>que</em></strong></span> <span class='ocrx_word' id='word_1_792' title='bbox 2132 4751 2184 4805; x_wconf 93' lang='lat' dir='ltr'><strong><em>in</em></strong></span> <span class='ocrx_word' id='word_1_793' title='bbox 2220 4751 2325 4806; x_wconf 91' lang='lat' dir='ltr'><strong><em>hac</em></strong></span> <span class='ocrx_word' id='word_1_794' title='bbox 2357 4764 2418 4805; x_wconf 88' lang='lat' dir='ltr'><strong><em>re</em></strong></span> <span class='ocrx_word' id='word_1_795' title='bbox 2451 4753 2826 4821; x_wconf 90' lang='lat' dir='ltr'><strong><em>postremum,</em></strong></span> <span class='ocrx_word' id='word_1_796' title='bbox 2861 4748 2961 4804; x_wconf 89' lang='lat' dir='ltr'><strong><em>sed</em></strong></span> <span class='ocrx_word' id='word_1_797' title='bbox 2995 4746 3101 4803; x_wconf 90' lang='lat' dir='ltr'><strong><em>soli</em></strong></span> <span class='ocrx_word' id='word_1_798' title='bbox 3144 4747 3319 4802; x_wconf 90' lang='lat' dir='ltr'><strong><em>etiam</em></strong></span> <span class='ocrx_word' id='word_1_799' title='bbox 3372 4749 3624 4802; x_wconf 82' lang='lat' dir='ltr'><strong><em>Romano</em></strong></span> 
     </span>
    </p>
   </div>
   <div class='ocr_carea' id='block_1_111' title="bbox 1989 4834 3626 4911">
    <p class='ocr_par' dir='ltr' id='par_1_111' title="bbox 1989 4834 3626 4911">
     <span class='ocr_line' id='line_1_111' title="bbox 1989 4834 3626 4911; baseline -0.004 -16"><span class='ocrx_word' id='word_1_800' title='bbox 1989 4853 2186 4911; x_wconf 89' lang='lat' dir='ltr'><strong><em>parvo,</em></strong></span> <span class='ocrx_word' id='word_1_801' title='bbox 2226 4853 2342 4910; x_wconf 84' lang='lat' dir='ltr'><strong><em>prae</em></strong></span> <span class='ocrx_word' id='word_1_802' title='bbox 2376 4837 2837 4907; x_wconf 86' lang='lat' dir='ltr'><strong><em>llieronyniianis</em></strong></span> <span class='ocrx_word' id='word_1_803' title='bbox 2884 4842 2942 4891; x_wconf 91' lang='lat' dir='ltr'><strong><em>et</em></strong></span> <span class='ocrx_word' id='word_1_804' title='bbox 2994 4836 3165 4905; x_wconf 90' lang='lat' dir='ltr'><strong><em>Beda,</em></strong></span> <span class='ocrx_word' id='word_1_805' title='bbox 3220 4834 3450 4891; x_wconf 90' lang='lat' dir='ltr'><strong><em>omnino</em></strong></span> <span class='ocrx_word' id='word_1_806' title='bbox 3503 4849 3626 4904; x_wconf 88' lang='lat' dir='ltr'><strong><em>pro-</em></strong></span> 
     </span>
    </p>
   </div>
   <div class='ocr_carea' id='block_1_112' title="bbox 1991 4921 3626 4998">
    <p class='ocr_par' dir='ltr' id='par_1_112' title="bbox 1991 4921 3626 4998">
     <span class='ocr_line' id='line_1_112' title="bbox 1991 4921 3626 4998; baseline -0.002 -16"><span class='ocrx_word' id='word_1_807' title='bbox 1991 4928 2195 4998; x_wconf 91' lang='lat' dir='ltr'><strong><em>prium.</em></strong></span> <span class='ocrx_word' id='word_1_808' title='bbox 2218 4930 2276 4981; x_wconf 85' lang='lat' dir='ltr'><strong><em>In</em></strong></span> <span class='ocrx_word' id='word_1_809' title='bbox 2303 4926 2418 4982; x_wconf 94' lang='lat' dir='ltr'><strong><em>illis</em></strong></span> <span class='ocrx_word' id='word_1_810' title='bbox 2440 4927 2536 4981; x_wconf 86' lang='lat' dir='ltr'><strong><em>vix</em></strong></span> <span class='ocrx_word' id='word_1_811' title='bbox 2564 4925 2735 4981; x_wconf 89' lang='lat' dir='ltr'><strong><em>ullam</em></strong></span> <span class='ocrx_word' id='word_1_812' title='bbox 2769 4926 3027 4982; x_wconf 86' lang='lat' dir='ltr'><strong><em>invenias</em></strong></span> <span class='ocrx_word' id='word_1_813' title='bbox 3060 4927 3373 4994; x_wconf 86' lang='lat' dir='ltr'><strong><em>martyrum</em></strong></span> <span class='ocrx_word' id='word_1_814' title='bbox 3408 4921 3626 4978; x_wconf 83' lang='lat' dir='ltr'><strong><em>Africa-</em></strong></span> 
     </span>
    </p>
   </div>
   <div class='ocr_carea' id='block_1_113' title="bbox 1990 5014 3625 5086">
    <p class='ocr_par' dir='ltr' id='par_1_113' title="bbox 1990 5014 3625 5086">
     <span class='ocr_line' id='line_1_113' title="bbox 1990 5014 3625 5086; baseline -0.002 -15"><span class='ocrx_word' id='word_1_815' title='bbox 1990 5031 2212 5086; x_wconf 91' lang='lat' dir='ltr'><strong><em>norum,</em></strong></span> <span class='ocrx_word' id='word_1_816' title='bbox 2248 5015 2303 5071; x_wconf 89' lang='lat' dir='ltr'><strong><em>in</em></strong></span> <span class='ocrx_word' id='word_1_817' title='bbox 2339 5014 2669 5071; x_wconf 86' lang='lat' dir='ltr'><strong><em>Wandalica</em></strong></span> <span class='ocrx_word' id='word_1_818' title='bbox 2704 5015 3108 5085; x_wconf 87' lang='lat' dir='ltr'><strong><em>persecutione</em></strong></span> <span class='ocrx_word' id='word_1_819' title='bbox 3156 5026 3474 5085; x_wconf 89' lang='lat' dir='ltr'><strong><em>passorum,</em></strong></span> <span class='ocrx_word' id='word_1_820' title='bbox 3512 5024 3625 5067; x_wconf 91' lang='lat' dir='ltr'><strong><em>me-</em></strong></span> 
     </span>
    </p>
   </div>
   <div class='ocr_carea' id='block_1_114' title="bbox 1990 5099 3623 5174">
    <p class='ocr_par' dir='ltr' id='par_1_114' title="bbox 1990 5099 3623 5174">
     <span class='ocr_line' id='line_1_114' title="bbox 1990 5099 3623 5174; baseline -0.002 -14"><span class='ocrx_word' id='word_1_821' title='bbox 1990 5104 2248 5174; x_wconf 88' lang='lat' dir='ltr'><strong><em>moriam,</em></strong></span> <span class='ocrx_word' id='word_1_822' title='bbox 2276 5104 2328 5159; x_wconf 92' lang='lat' dir='ltr'><strong><em>in</em></strong></span> <span class='ocrx_word' id='word_1_823' title='bbox 2356 5104 2460 5161; x_wconf 92' lang='lat' dir='ltr'><strong><em>hoc</em></strong></span> <span class='ocrx_word' id='word_1_824' title='bbox 2483 5104 2625 5160; x_wconf 89' lang='lat' dir='ltr'><strong><em>satis</em></strong></span> <span class='ocrx_word' id='word_1_825' title='bbox 2656 5104 2928 5174; x_wconf 85' lang='lat' dir='ltr'><strong><em>frequens</em></strong></span> <span class='ocrx_word' id='word_1_826' title='bbox 2958 5107 3066 5173; x_wconf 89' lang='lat' dir='ltr'><strong><em>est,</em></strong></span> <span class='ocrx_word' id='word_1_827' title='bbox 3096 5106 3155 5159; x_wconf 93' lang='lat' dir='ltr'><strong><em>ut</em></strong></span> <span class='ocrx_word' id='word_1_828' title='bbox 3192 5113 3377 5173; x_wconf 75' lang='lat' dir='ltr'><strong><em>palam</em></strong></span> <span class='ocrx_word' id='word_1_829' title='bbox 3412 5099 3623 5157; x_wconf 84' lang='lat' dir='ltr'><strong><em>facient</em></strong></span> 
     </span>
    </p>
   </div>
   <div class='ocr_carea' id='block_1_115' title="bbox 1990 5188 3623 5260">
    <p class='ocr_par' dir='ltr' id='par_1_115' title="bbox 1990 5188 3623 5260">
     <span class='ocr_line' id='line_1_115' title="bbox 1990 5188 3623 5260; baseline -0.002 -12"><span class='ocrx_word' id='word_1_830' title='bbox 1990 5192 2439 5249; x_wconf 76' lang='lat' dir='ltr'><strong><em>Observationes</em></strong></span> <span class='ocrx_word' id='word_1_831' title='bbox 2467 5192 2828 5250; x_wconf 67' lang='lat' dir='ltr'><strong><em>Usuardinze.</em></strong></span> <span class='ocrx_word' id='word_1_832' title='bbox 2864 5193 2944 5246; x_wconf 86' lang='lat' dir='ltr'><strong><em>Ne</em></strong></span> <span class='ocrx_word' id='word_1_833' title='bbox 2975 5191 3073 5246; x_wconf 92' lang='lat' dir='ltr'><strong><em>diu</em></strong></span> <span class='ocrx_word' id='word_1_834' title='bbox 3106 5190 3482 5260; x_wconf 71' lang='lat' dir='ltr'><strong><em>qumrendum</em></strong></span> <span class='ocrx_word' id='word_1_835' title='bbox 3515 5188 3623 5256; x_wconf 91' lang='lat' dir='ltr'><strong><em>sit;</em></strong></span> 
     </span>
    </p>
   </div>
   <div class='ocr_carea' id='block_1_116' title="bbox 1989 5278 3625 5353">
    <p class='ocr_par' dir='ltr' id='par_1_116' title="bbox 1989 5278 3625 5353">
     <span class='ocr_line' id='line_1_116' title="bbox 1989 5278 3625 5353; baseline -0.001 -16"><span class='ocrx_word' id='word_1_836' title='bbox 1989 5282 2207 5353; x_wconf 84' lang='lat' dir='ltr'><strong><em>inspice</em></strong></span> <span class='ocrx_word' id='word_1_837' title='bbox 2234 5297 2367 5339; x_wconf 84' lang='lat' dir='ltr'><strong><em>xxix</em></strong></span> <span class='ocrx_word' id='word_1_838' title='bbox 2396 5281 2602 5350; x_wconf 81' lang='lat' dir='ltr'><strong><em>Martii,</em></strong></span> <span class='ocrx_word' id='word_1_839' title='bbox 2637 5296 2736 5337; x_wconf 86' lang='lat' dir='ltr'><strong><em>xm</em></strong></span> <span class='ocrx_word' id='word_1_840' title='bbox 2784 5279 2939 5348; x_wconf 90' lang='lat' dir='ltr'><strong><em>Julii,</em></strong></span> <span class='ocrx_word' id='word_1_841' title='bbox 2991 5293 3046 5333; x_wconf 82' lang='grc' dir='ltr'>γι</span> <span class='ocrx_word' id='word_1_842' title='bbox 3093 5278 3472 5347; x_wconf 88' lang='lat' dir='ltr'><strong><em>Septembris,</em></strong></span> <span class='ocrx_word' id='word_1_843' title='bbox 3525 5294 3625 5335; x_wconf 86' lang='lat' dir='ltr'><strong><em>xm</em></strong></span> 
     </span>
    </p>
   </div>
   <div class='ocr_carea' id='block_1_117' title="bbox 1986 5367 3620 5441">
    <p class='ocr_par' dir='ltr' id='par_1_117' title="bbox 1986 5367 3620 5441">
     <span class='ocr_line' id='line_1_117' title="bbox 1986 5367 3620 5441; baseline -0.004 -14"><span class='ocrx_word' id='word_1_844' title='bbox 1986 5376 2043 5427; x_wconf 91' lang='lat' dir='ltr'><strong><em>et</em></strong></span> <span class='ocrx_word' id='word_1_845' title='bbox 2078 5386 2252 5428; x_wconf 86' lang='lat' dir='ltr'><strong><em>xxvm</em></strong></span> <span class='ocrx_word' id='word_1_846' title='bbox 2284 5371 2643 5441; x_wconf 89' lang='lat' dir='ltr'><strong><em>Novembris,</em></strong></span> <span class='ocrx_word' id='word_1_847' title='bbox 2677 5386 2732 5425; x_wconf 75' lang='grc' dir='ltr'>γι</span> <span class='ocrx_word' id='word_1_848' title='bbox 2762 5373 2819 5424; x_wconf 93' lang='lat' dir='ltr'><strong><em>et</em></strong></span> <span class='ocrx_word' id='word_1_849' title='bbox 2854 5383 2922 5423; x_wconf 90' lang='lat' dir='ltr'><strong><em>xv</em></strong></span> <span class='ocrx_word' id='word_1_850' title='bbox 2972 5367 3323 5437; x_wconf 90' lang='lat' dir='ltr'><strong><em>Decembris,</em></strong></span> <span class='ocrx_word' id='word_1_851' title='bbox 3376 5382 3620 5439; x_wconf 89' lang='lat' dir='ltr'><strong><em>quorum</em></strong></span> 
     </span>
    </p>
   </div>
   <div class='ocr_carea' id='block_1_118' title="bbox 1988 5454 3623 5531">
    <p class='ocr_par' dir='ltr' id='par_1_118' title="bbox 1988 5454 3623 5531">
     <span class='ocr_line' id='line_1_118' title="bbox 1988 5454 3623 5531; baseline -0.004 -16"><span class='ocrx_word' id='word_1_852' title='bbox 1988 5461 2156 5517; x_wconf 89' lang='lat' dir='ltr'><strong><em>modo</em></strong></span> <span class='ocrx_word' id='word_1_853' title='bbox 2187 5460 2377 5531; x_wconf 89' lang='lat' dir='ltr'><strong><em>aliqua</em></strong></span> <span class='ocrx_word' id='word_1_854' title='bbox 2412 5459 2547 5515; x_wconf 92' lang='lat' dir='ltr'><strong><em>mihi</em></strong></span> <span class='ocrx_word' id='word_1_855' title='bbox 2581 5459 2823 5514; x_wconf 61' lang='lat' dir='ltr'><strong><em>inhaeret</em></strong></span> <span class='ocrx_word' id='word_1_856' title='bbox 2856 5454 3203 5512; x_wconf 88' lang='lat' dir='ltr'><strong><em>recordatio.</em></strong></span> <span class='ocrx_word' id='word_1_857' title='bbox 3234 5455 3499 5525; x_wconf 87' lang='lat' dir='ltr'><strong><em>Colligat,</em></strong></span> <span class='ocrx_word' id='word_1_858' title='bbox 3524 5455 3623 5510; x_wconf 86' lang='lat' dir='ltr'><strong><em>ob-</em></strong></span> 
     </span>
    </p>
   </div>
  </div>
