3974 6150
378 314 474 370 531

1329 312 1702 371 USUARDUS
1738 311 2122 372 MONACHUS
2161 310 2802 372 SANGERMANENSIS.

3652 321 3746 376 532

377 453 564 508 secro,
596 452 799 508 aequus
830 437 1016 494 lector
1045 437 1420 494 characteres
1464 453 1682 508 omnes,
1718 442 1843 494 toto
1887 437 2019 494 hoc-
2046 433 2104 495 A
2132 441 2256 494 tum
2311 453 2444 495 mss.
2497 436 2947 509 exemplaribus,
2997 435 3272 493 videlicet
3327 439 3650 494 monasterii
3695 440 3744 498 S.

379 526 628 585 articulo
655 530 1044 596 enumeratos,
1071 528 1326 583 Romano
1360 541 1536 598 parvo
1568 531 1686 583 tam
1719 525 2024 597 peculiari-

379 619 472 672 ter
497 616 745 684 debitos,
767 621 824 671 ut
852 615 995 671 nulli
1011 606 1539 671 altericonveniant
1561 617 1818 684 ;rcpetat
1835 614 2024 670 animo

382 704 834 761 delineationem
862 707 934 761 ab
959 705 1286 760 Ailonetam
1303 704 1496 760 native
1511 707 2022 774 repraesentatam;

380 794 642 850 conferat
678 807 806 862 quae
837 797 964 849 toto
993 793 1186 864 capite
1218 793 1512 863 disputata
1543 795 1698 860 sunt,
1736 791 2026 848 meritam-

384 895 494 950 que
517 881 840 950 Rosweydo
864 881 1110 949 laudem,
1129 879 1440 950 aliquando
1465 879 1884 936 restituendam
1912 894 2025 935 me-

381 982 510 1022 cum
537 965 842 1023 decernat:
867 967 1167 1032 reddatur,
1197 967 1448 1035 inquam,
1475 965 1799 1034 Rosweydo
1823 965 2020 1035 honos,

386 1054 821 1124 redintegratur
839 1056 983 1111 fama
1001 1055 1262 1125 nominis,
1283 1058 1623 1126 perstetque
1644 1053 2024 1110 eruditissimi

384 1143 491 1198 viri
523 1143 844 1213 gloria,qui
876 1147 993 1199 tam
1027 1149 1214 1212 vetus,
1241 1147 1358 1198 tam
1379 1142 1762 1212 illustre,tam
1785 1142 2026 1199 authen-

387 1231 561 1286 ticum
593 1236 1025 1287 monumentum
1055 1232 1276 1302 primus
1306 1231 1550 1302 eruerit,
1575 1230 1796 1302 primus
1828 1230 2027 1301 vulga-

383 1319 552 1390 verit,
585 1319 806 1391 primus
830 1321 1044 1375 fontem
1075 1319 1508 1391 monstraverit,
1533 1334 1607 1376 ex
1635 1334 1748 1390 quo
1781 1319 2028 1375 Adonia-

385 1423 516 1463 num
542 1413 717 1479 atque
739 1423 810 1463 ex
839 1409 948 1466 hoc
981 1409 1365 1466 Usuardinum
1394 1411 1655 1464 nostrum
1686 1407 2027 1479 Martyrolo-

383 1496 538 1566 gium
573 1498 1060 1568 promaneverint.
1098 1499 1375 1570 Superest
1406 1497 1611 1554 horum
1645 1498 1891 1554 duorum
1930 1511 2028 1568 ge-

387 1585 646 1656 nealogia
683 1587 952 1656 sequenti
983 1587 1176 1658 capite
1211 1586 1586 1657 pertexenda.

997 1697 1250 1765 CAPUT
1298 1699 1406 1762 Ill.

609 1801 706 1861 De
736 1800 981 1860 Adonis
1016 1805 1077 1860 et
1118 1799 1398 1859 Usuardi
1413 1800 1790 1879 propagine.

454 1919 574 1970 146.
593 1913 1263 1984 Exhibitis,enumeratis
1277 1913 1653 1984 probatisque
1670 1913 1884 1970 Adonis
1899 1927 2022 1983 pro-

380 2003 764 2073 genitoribus,
792 2002 904 2057 huc
929 2001 1396 2072 Martyrologium
1424 2003 1749 2072 prosapiam
1780 1999 2021 2057 deduxi-

382 2107 526 2161 mus,
563 2096 624 2147 ut
653 2090 768 2161 jam
803 2089 872 2145 de
905 2091 1104 2146 Adone
1133 2091 1277 2162 ipso,
1302 2091 1543 2161 ejusque
1572 2089 1829 2159 legitima
1860 2089 2022 2160 prole

388 2180 666 2249 Usuardo,
723 2193 890 2250 quem
942 2179 1110 2235 unice
1177 2179 1586 2236 illustrandum
1637 2179 2018 2250 suscepimus,

388 2267 671 2337 agendum
729 2267 1006 2337 supersit.
1055 2268 1121 2322 Et
1183 2267 1416 2336 quidem
1480 2271 1608 2323 toto
1668 2265 2022 2337 praecedenti

385 2355 576 2426 capite
625 2355 767 2410 satis
815 2355 1209 2410 demonstrata
1261 2358 1351 2410 est
1414 2355 1595 2425 prima
1665 2353 1782 2423 illa,
1855 2368 2024 2424 quam

387 2458 542 2498 num.
595 2447 664 2498 78
729 2455 1152 2512 expresseram,
1205 2441 1545 2512 propositio,
1599 2455 1804 2511 nempe
1873 2440 2027 2511 quod

384 2531 510 2590 Ade
558 2531 624 2587 in
651 2530 998 2587 adornanda
1026 2527 1462 2600 Martyrologio
1490 2543 1595 2586 suo
1623 2542 1769 2586 usus
1795 2529 1884 2586 sit
1918 2530 2030 2586 Ro-

382 2633 558 2677 mano
578 2632 770 2690 pareo
812 2618 1149 2689 Rosooeg/di,
1200 2619 1489 2688 tanquam
1525 2617 1799 2685 stamine,
1837 2617 1895 2675 si
1938 2617 2032 2674 ita

387 2707 551 2779 loqui
575 2707 728 2776 licet,
748 2705 1264 2778 totumyueferme
1277 2705 1360 2762 ad
1369 2704 1607 2762 verbum
1619 2705 2033 2776 descripserit,-

386 2797 440 2854 id
472 2795 625 2867 quod
659 2799 946 2867 praeterea
977 2798 1104 2850 toto
1135 2797 1338 2850 nostro
1365 2807 1562 2864 opere,
1595 2807 1695 2850 seu
1729 2793 2033 2865 perpetuis

385 2885 456 2942 ad
483 2882 746 2955 singulos
767 2883 1128 2939 l'suardinos
1150 2885 1348 2939 textus
1370 2881 2032 2952 Observationibus,tam

387 2975 694 3047 perspicue
726 2976 1022 3028 ostensum
1044 2975 1224 3041 est,ut
1247 2971 1462 3042 talpam
1487 2984 1614 3028 esse
1636 2971 2031 3042 Oporteat,qui

386 3064 458 3119 de
489 3067 607 3118 tam
641 3060 898 3116 evidenti
931 3059 1182 3115 veritate
1231 3058 1385 3116 ausit
1434 3059 1724 3114 dubitare.
1759 3059 2034 3129 Sequitur

387 3151 556 3205 modo
581 3148 908 3220 propositio
933 3147 1118 3202 altera
1144 3161 1310 3217 teque
1332 3146 1636 3202 evidenter
1659 3147 1712 3200 in
1740 3147 2037 3216 praedictis
2065 3138 2115 3202 C

386 3235 906 3294 Observationibus
931 3235 1328 3304 comprobata,
1363 3238 1420 3288 et
1451 3233 1633 3290 citato
1665 3247 1818 3290 num.
1843 3239 1912 3292 78
1943 3234 2032 3292 his

385 3325 584 3382 verbis
613 3328 899 3394 concepta
937 3343 949 3378 :
991 3321 1300 3379 Usuardus
1334 3321 1614 3391 Adonem,
1647 3335 1821 3392 quem
1865 3321 2034 3380 Fieri

387 3413 605 3470 librum
622 3412 943 3468 secundum
959 3409 1404 3480 appellavit,ita
1425 3410 1492 3466 in
1511 3409 1780 3468 omnibus
1798 3411 2033 3469 secutus

385 3501 488 3569 est,
503 3500 576 3556 ut
587 3512 792 3556 verum
812 3498 936 3555 dici
947 3497 1148 3570 possit
1161 3497 1386 3555 Adonis
1402 3497 1824 3568 compendium.
1843 3499 2034 3554 Memi-

386 3588 538 3645 nerit
562 3587 767 3657 lector,
785 3586 1033 3656 majores
1054 3588 1284 3643 nostros
1309 3589 1434 3657 post
1460 3585 1746 3642 Molanum
1770 3586 2030 3658 aliosque

386 3676 816 3734 eruditissimos
845 3675 1020 3743 viros,
1058 3674 1112 3731 in
1144 3688 1214 3731 eo
1259 3675 1468 3746 passim
1517 3688 1719 3732 errore
1765 3680 2034 3734 versatos

388 3767 538 3838 quod
563 3765 889 3823 Usuardum
908 3763 1269 3821 crediderint
1292 3763 1491 3821 Adone
1515 3763 2030 3835 antiquiorem,vel

386 3855 592 3912 saltem
627 3854 706 3911 ita
739 3853 1146 3924 synchronum,
1181 3855 1248 3909 ut
1285 3851 1436 3908 alter
1467 3851 1713 3909 alterius
1757 3853 2034 3926 Martyro-

385 3943 600 4012 logium
631 3957 743 3997 non
768 3941 1002 4008 viderit,
1024 3941 1176 4011 quod
1201 3940 1520 3998 innumeris
1539 3940 1685 3998 locis
1705 3944 1830 3998 toto
1851 3942 2031 4014 priori

384 4030 456 4084 de
482 4028 643 4083 Actis
669 4032 1004 4084 sanctorum
1029 4027 1294 4084 semestri
1319 4027 1691 4086 deeantatum
1715 4033 1824 4098 est,
1850 4031 2031 4088 donec

384 4115 845 4185 Papebrochius,
883 4118 1044 4170 tomo
1084 4115 1129 4169 V
1171 4115 1348 4186 Junii,
1380 4130 1508 4186 pag.
1561 4121 1684 4187 250,
1733 4117 1843 4172 col.
1895 4125 1915 4174 1
1975 4118 2031 4174 in

385 4202 517 4272 ne,
545 4202 884 4273 oppositum
909 4203 1086 4274 coepit
1109 4203 1441 4260 observare.
1469 4203 1568 4260 Hic
1585 4203 1700 4274 jam
1724 4207 2032 4263 tractanda

385 4294 521 4345 sunt
548 4303 676 4358 quae
704 4287 773 4344 ad
791 4288 976 4344 vivam
994 4289 1211 4346 Adonis
1226 4294 1284 4346 et
1302 4290 1544 4347 l'suardi
1560 4290 2028 4364 delineationem,

385 4381 602 4449 praeter
639 4376 755 4446 jam
811 4391 841 4433 a
891 4377 1062 4434 nobis
1115 4382 1172 4434 et
1223 4379 1540 4450 majoribus
1590 4380 1808 4438 nostris
1853 4381 2028 4453 dicta,

384 4466 705 4523 desiderari
735 4471 990 4539 possent.

968 4573 1357 4630 ARTICULUS
1395 4575 1433 4629 .

487 4662 576 4718 De
601 4659 1040 4734 Martyrologio
1068 4661 1265 4720 sancti
1308 4661 1530 4720 Adonis
1574 4661 1917 4720 Viennensis

1061 4750 1334 4823 episcopi.

451 4859 572 4913 147.
593 4856 715 4912 Non
738 4854 884 4913 satis
903 4870 1008 4927 pro
1023 4854 1230 4912 merito
1246 4854 1316 4912 de
1334 4853 1530 4912 Adone
1545 4853 2022 4914 locutusvidetur

381 4943 710 5014 Bollandus,
745 4943 879 5000 dum
910 4943 965 4999 in
1001 4942 1355 5014 praefationis
1385 4942 1678 5014 generalis
1726 4945 1918 5017 capite
1966 4950 2018 5017 4,

447 5035 499 5098 8,
534 5047 663 5103 pag.
801 5031 883 5089 sic
911 5031 1125 5088 cursim
1158 5032 1229 5088 de
1260 5047 1328 5088 eo
1359 5031 1638 5089 disseruit
1668 5051 1680 5088 :
1777 5034 2021 5092 Sanctus

383 5115 540 5172 Adeo
567 5121 768 5177 eodem
801 5119 1014 5177 szeculo
1043 5120 1147 5190 (lx)
1178 5120 1518 5177 Viennensis
1557 5121 1612 5177 in
1664 5121 1843 5179 Gallia
1878 5125 2020 5196 epis-

382 5215 580 5273 copus,
615 5208 686 5262 de
715 5224 828 5278 quo
859 5223 1094 5279 agemus
1137 5223 1229 5266 XVI
1277 5210 1628 5281 Decembris,
1664 5209 2020 5270 luculentius

381 5286 613 5357 scripsit
637 5293 1128 5370 Martyrologium.
1145 5297 1338 5355 Edidit
1359 5297 1502 5356 illud
1524 5300 1776 5356 Iacobus
1800 5303 2020 5359 Mosan-

381 5374 528 5439 der;
561 5375 694 5434 dein
725 5383 1102 5459 Rosweydus,
1136 5404 1266 5447 cum
1302 5387 1487 5446 tribus
1529 5403 1660 5446 mss.
1715 5387 2014 5458 collatum,

381 5462 813 5536 Everbodiensi,
849 5471 902 5525 S.
936 5475 1329 5550 Pantaleonis,
1355 5477 1514 5535 Petri
1546 5477 1838 5547 Scriverii,
1867 5477 2017 5536 hunc

383 5551 673 5626 praicipue
703 5560 960 5616 secutus.
988 5562 1276 5624 Habemus
1305 5582 1436 5624 cum
1466 5567 1657 5625 tribus
1687 5565 1817 5625 aliis
1842 5565 2017 5625 colla-

2129 525 2422 582 Laurentii
2454 525 2669 595 Leodii,
2699 526 2792 582 cui
2838 531 3032 582 tamen
3083 525 3331 581 Usuardi
3380 525 3451 582 ad
3500 525 3747 586 Carolum

2130 630 2326 684 regem
2359 615 2594 686 praexa
2623 620 2712 672 est
2742 614 2988 686 epistola
3018 632 3032 680 ;
3082 613 3350 670 ecclesiae
3395 615 3750 675 Taroanensis

2126 703 2374 759 emnobii
2407 703 2726 759 Dobicnsis.
2811 702 2889 757 lta
2915 700 3247 770 Bollaudus,
3273 701 3417 756 nihil
3449 717 3751 762 memorans

2129 791 2202 847 de
2225 791 2407 862 prima
2432 795 2490 846 et
2515 791 2768 847 omnium
2795 789 3196 860 antiquissima
3219 790 3496 854 editione,
3514 793 3584 847 ab
3607 793 3752 864 Aloy-

2125 895 2212 934 suo
2244 879 2552 950 Lipomano
2584 881 2919 950 procurata,
2955 893 3084 948 quas
3125 881 3316 934 exstat
3351 893 3594 950 operum
3639 881 3752 951 ejus

2129 973 2285 1024 tomo
2307 968 2397 1037 IV,
2423 981 2452 1023 a
2474 981 2602 1038 pag.
2630 972 2750 1024 150.
2770 965 3056 1022 Nonnulla
3080 966 3158 1022 ibi
3183 967 3464 1037 praefatur
3485 967 3751 1041 Aloysius,

2127 1069 2200 1112 ex
2231 1054 2520 1112 communi
2553 1057 2690 1112 tunc
2711 1054 2982 1126 opinione
3006 1058 3263 1125 recepta,
3285 1069 3414 1125 quae
3437 1054 3608 1113 modo
3631 1057 3754 1114 falsa

2129 1144 2496 1214 agnoscimus
2531 1161 2546 1211 ;
2579 1143 2680 1199 sed
2711 1145 3027 1200 observatu
3059 1141 3395 1213 dignissima
3427 1147 3566 1202 sunt
3598 1146 3754 1202 verba

2130 1233 2248 1303 illa,
2284 1233 2496 1304 quibus
2525 1233 2599 1288 ob
2619 1236 2917 1304 repertum
2942 1230 3162 1287 Adonis
3182 1231 3500 1303 exemplar,
3532 1217 3754 1290 incredi-

2131 1321 2246 1378 bile
2266 1319 2540 1390 gaudium
2565 1324 2848 1377 testatur:
2911 1319 3161 1390 Quanta,
3180 1319 3386 1390 innuit,
3413 1325 3564 1377 tunc
3585 1321 3754 1378 exsul-

2131 1409 2375 1466 taverim
2409 1408 2634 1479 laetitia,
2667 1410 2822 1465 Deus
2848 1407 2977 1477 scit,
3013 1423 3182 1464 omne
3215 1423 3419 1466 aurum
3452 1408 3596 1464 nihil
3645 1424 3755 1467 esse

2131 1497 2346 1569 duxijin
2361 1497 2793 1568 comparatione
2820 1495 3045 1552 illius...
3065 1511 3129 1553 ac
3154 1496 3419 1566 ingentes
3437 1498 3560 1553 Deo
3578 1503 3756 1554 nostro

2130 1592 2188 1642 et
2220 1586 2360 1642 Filio
2391 1586 2518 1654 ejus
2547 1585 2787 1641 Domino
2816 1587 2952 1642 Jesu
2987 1585 3216 1642 Christo
3245 1585 3470 1654 gratias
3500 1587 3612 1656 egi,
3645 1601 3758 1643 ncc-

2133 1691 2245 1731 non
2277 1674 2464 1730 amico
2498 1672 2675 1744 fideli,
2713 1673 2809 1744 qui
2837 1677 3006 1728 tanto
3039 1688 3128 1729 me
3176 1688 3416 1729 munere
3465 1674 3759 1731 decorave-

2132 1768 2282 1821 rant.

2203 1855 2324 1909 148.
2359 1851 2418 1906 ld
2453 1853 2644 1906 autem
2679 1849 2731 1904 in
2764 1850 2868 1906 hac
2905 1848 3118 1919 Aloysii
3170 1849 3428 1906 editione
3461 1850 3759 1907 notandum

2131 1944 2246 2010 est,
2276 1938 2612 1996 distinxisse
2646 1937 3102 1994 illustrissimum
3132 1939 3526 1996 Vcronensem
3558 1939 3763 1996 antisti-

2133 2032 2270 2099 tem,
2307 2028 2459 2083 inter
2485 2027 2655 2097 vitas,
2693 2031 2753 2083 ut
2807 2026 2929 2098 ipse
2974 2030 3165 2096 vocat,
3216 2041 3318 2083 seu
3369 2025 3633 2097 longiora
3677 2027 3761 2084 illa

2134 2116 2354 2172 Adonis
2371 2114 2669 2186 elogia,ex
2694 2114 3122 2188 passionalibus
3139 2121 3419 2172 exornata
3444 2133 3458 2182 ;
3484 2114 3764 2174 distinxis-

2135 2219 2217 2275 se,
2253 2205 2506 2275 inquam,
2543 2205 2695 2259 inter
2725 2217 2790 2259 ea
2825 2219 2954 2274 quae
2986 2203 3238 2274 brevius,
3273 2208 3330 2258 et
3364 2203 3477 2259 alia
3513 2219 3640 2274 qua:
3670 2203 3763 2260 dil-

2139 2293 2340 2349 fusiori
2360 2292 2510 2362 stylo
2534 2292 2950 2349 describuntur
2975 2312 2986 2346 :
3011 2307 3138 2348 nam
3218 2291 3540 2363 breviores,
3568 2292 3760 2364 inquit,

2141 2380 2434 2453 pleraeque
2457 2383 2615 2450 sunt,
2634 2395 2762 2450 quae
2787 2379 2962 2450 vulgo
2986 2380 3042 2436 iu
3063 2383 3126 2436 D.
3153 2380 3481 2450 Hieronymi
3505 2381 3766 2452 Martyro-

2140 2469 2294 2539 logio
2325 2469 2633 2524 habentur.
2663 2470 2722 2524 ln
2751 2469 2978 2524 edendo
2999 2483 3138 2539 ergo
3158 2469 3354 2525 Adone
3372 2469 3527 2526 hunc
3548 2469 3766 2527 modum

2141 2556 2324 2626 tenui,
2356 2562 2416 2613 ut
2449 2571 2577 2627 quas
2608 2571 2638 2612 a
2661 2557 2722 2612 D.
2752 2556 3098 2628 Hieronymo
3121 2562 3257 2614 sunt
3279 2557 3506 2628 positae,
3528 2558 3766 2614 ommino

2143 2648 2589 2718 praetereantur,
2623 2660 2754 2702 cum
2785 2645 2841 2700 in
2871 2650 3144 2718 promptu
3184 2645 3302 2701 sint
3349 2645 3639 2716 omnibus,
3672 2644 3766 2702 nisi

2141 2734 2227 2792 eis
2247 2733 2506 2791 additum
2532 2733 2666 2804 quid
2687 2733 3036 2805 reperiatur.
3063 2735 3202 2800 Quae
3220 2737 3414 2790 autem
3437 2735 3511 2790 ab
3538 2733 3641 2790 illo
3670 2748 3768 2790 non

2142 2829 2279 2880 sunt
2309 2823 2533 2894 positae,
2568 2822 2659 2879 hic
2691 2837 2892 2879 omnes
2914 2827 3049 2879 sunt
3072 2823 3326 2879 insertae.
3407 2821 3542 2880 Vult
3564 2822 3766 2892 dicere,

2145 2911 2446 2970 breviores
2475 2925 2676 2968 omnes
2705 2910 3288 2968 commemorationes
3309 2925 3339 2967 a
3362 2925 3425 2968 se
3450 2911 3771 2983 praeteritas

2144 3015 2296 3073 esse,
2317 2999 2438 3057 sola
2461 2999 2722 3069 longiora
2743 2998 2931 3070 elogia
2965 2999 3267 3071 impressa.
3295 2999 3405 3056 Sed
3432 2999 3562 3070 quis
3581 2999 3767 3056 harum

2148 3104 2342 3146 rerum
2376 3087 2598 3159 peritus
2624 3087 2934 3158 intelligat,
2963 3087 3254 3146 breviores
3275 3087 3447 3159 vitas,
3468 3087 3536 3144 in
3549 3085 3770 3146 D.Hie-

2141 3178 2376 3250 ronymi
2405 3175 2842 3249 Martyroloyio
2866 3175 3111 3233 [tabe-ri?
3131 3175 3402 3232 Profecto
3422 3175 3547 3232 idea
3587 3173 3769 3245 hujus-

2144 3266 2294 3323 modi
2319 3267 2390 3322 ab
2422 3265 2998 3336 Hieronymianorum
3028 3264 3180 3336 stylo
3203 3263 3543 3322 immensum
3577 3263 3764 3332 distat,

2110 3355 2198 3411 -iu
2231 3354 2444 3426 quibus
2470 3353 2696 3411 scilicet
2727 3354 2960 3412 tantum
2982 3353 3224 3411 nomina
3239 3355 3596 3424 martyrum,
3625 3352 3770 3410 locus

2140 3444 2200 3501 et
2244 3443 2372 3500 dies
2402 3443 2712 3515 passionis
2743 3443 2937 3514 positi
2983 3441 3321 3512 habentur;
3364 3441 3463 3514 qui
3511 3441 3672 3513 plura
3717 3439 3766 3496 in

2141 3530 2552 3602 Martyrologio
2577 3530 2772 3602 aliquo
2795 3530 3034 3603 reperit,
3059 3537 3223 3588 certo
3251 3534 3496 3601 statuat,
3521 3545 3631 3586 non
3651 3542 3766 3587 esse

2141 3619 2250 3679 sibi
2284 3635 2404 3691 prae
2436 3619 2700 3676 manibus
2729 3635 2939 3692 purum
2986 3618 3459 3690 Martyrologium
3509 3619 3767 3690 Hierony-

2142 3708 2411 3766 mianum.

2213 3802 2338 3856 149.
2371 3796 2514 3856 Huic
2543 3795 2870 3854 difficultati
2894 3794 3274 3868 explananda
3297 3801 3630 3868 opportune
3651 3811 3766 3855 suc-

2139 3888 2328 3946 currit
2358 3901 2534 3958 sagax
2565 3886 2618 3942 in
2653 3887 2760 3942 hac
2784 3891 2950 3958 parte
2969 3883 3172 3942 Molani
3195 3886 3551 3962 observatio,
3580 3885 3766 3959 praefa-

2142 3977 2319 4034 tionis
2347 3990 2468 4033 suae
2498 3991 2624 4047 cap.
2660 3980 2712 4046 2,
2809 3974 2979 4032 citari
3010 3988 3216 4046 nempe
3248 3990 3278 4031 a
3312 3975 3618 4047 permultis
3635 3975 3764 4030 Mar-

2141 4063 2491 4136 tyrologium
2521 4065 2585 4120 D.
2622 4062 2975 4134 Hieronymi,
2997 4062 3150 4134 quod
3177 4061 3356 4134 vulgo
3378 4064 3656 4122 habetur:
3677 4076 3764 4118 ve-

2142 4168 2268 4209 rum
2301 4151 2404 4218 illi,
2443 4151 2653 4222 inquit,
2687 4165 2800 4208 non
2841 4151 3026 4210 citant
3074 4151 3262 4223 ipsum
3304 4149 3760 4225 Martyrologium

2142 4240 2374 4298 Eusebii
2407 4244 2465 4297 et
2493 4239 2844 4311 Hieronymi,
2872 4239 2973 4298 sed
2997 4240 3265 4312 Usuardi,
3291 4242 3389 4313 qui
3413 4256 3487 4298 ex
3505 4240 3757 4308 Eusebio,

2142 4331 2509 4400 Hieronymo,
2545 4328 2718 4399 Beda,
2744 4328 2914 4386 Floro
2942 4334 3003 4384 ct
3034 4328 3268 4386 aliunde
3299 4346 3467 4388 suum
3504 4331 3762 4400 Martyro-

2141 4418 2378 4489 logium,
2401 4433 2542 4475 cura
2574 4422 2630 4474 et
2657 4417 2822 4488 jussu
2856 4417 3044 4475 Caroli
3076 4417 3260 4488 Magni
3291 4418 3548 4490 collegit.
3643 4414 3763 4473 Plu-

2053 4493 2107 4554 D
2140 4520 2202 4562 ra
2233 4505 2465 4577 quidem
2499 4505 2592 4563 hic
2626 4510 2825 4578 peccat
2859 4506 3136 4576 Molanus,
3169 4507 3271 4562 sed
3312 4505 3456 4578 illud
3504 4520 3637 4562 vere
3677 4518 3762 4560 as-

2133 4593 2296 4664 serit,
2322 4595 2503 4652 citari
2524 4609 2564 4652 a
2581 4595 2920 4667 permultis.
2949 4599 3012 4652 ut
3044 4610 3074 4650 a
3105 4595 3281 4650 Petro
3313 4595 3600 4666 Equilino,
3622 4597 3671 4650 et
3692 4605 3760 4647 eo

2135 4687 2398 4756 tempore
2429 4683 2638 4755 passim
2669 4685 2742 4740 ab
2766 4683 3054 4754 omnibus,
3081 4679 3490 4754 Usuardinum,
3515 4698 3614 4756 pro
3642 4680 3757 4736 llic-

2132 4772 2489 4842 ronymiano,
2525 4770 2694 4841 quale
2746 4771 2854 4842 ipsi
2902 4785 3194 4843 nunquam
3243 4771 3532 4844 viderant,
3565 4773 3753 4828 saltem

2132 4858 2284 4930 quod
2315 4873 2385 4915 eo
2415 4857 2642 4915 nomine
2675 4862 2835 4914 recte
2866 4858 3084 4928 veniat,
3115 4858 3402 4931 cujusque
3435 4857 3679 4930 exempla
3721 4867 3752 4909 a

2131 4945 2487 5003 Florentinio
2517 4945 2674 5002 edita
2708 4951 2861 5002 sunt.
2897 4947 3036 5004 Erat
3068 4951 3208 5005 tunc
3236 4961 3301 5002 ea
3341 4942 3753 5019 Martyrologio

2131 5047 2255 5090 rum
2288 5033 2570 5105 confusio,
2594 5038 2654 5090 ut
2680 5035 2736 5090 in
2766 5034 3167 5108 cujuscunque
3194 5035 3384 5091 fronte
3412 5036 3616 5092 famosa
3638 5029 3750 5102 epi-

2128 5121 2276 5178 stola
2309 5121 2621 5179 Cbromatii
2654 5128 2712 5180 et
2747 5123 3039 5180 Ileliodori
3093 5123 3397 5194 legeretur
3442 5124 3751 5197 (legebatur

2127 5214 2320 5268 autem
2353 5226 2531 5284 prope
2565 5211 2618 5268 in
2649 5213 2919 5270 omnibus
2951 5212 3289 5270 l'suardinis
3317 5206 3749 5286 exemplaribus)

2129 5299 2596 5372 Martyrologium
2631 5300 2775 5358 illud
2809 5301 3315 5373 Hieronymianum
3340 5301 3747 5376 appellaretur;

2128 5394 2302 5462 atque
2332 5389 2463 5446 inde
2495 5405 2596 5461 per
2637 5390 2859 5463 aliquot
2907 5390 3145 5462 szecula,
3185 5391 3512 5463 Hieronymi
3561 5397 3746 5445 nomen

2131 5478 2450 5536 l'suardino
2471 5479 2882 5552 Martyrologio
2907 5479 3170 5537 adhaesit.
3191 5481 3259 5536 Ut
3287 5494 3382 5538 res
3405 5481 3749 5554 pateat,con-

2129 5567 2214 5623 fer
2247 5569 2568 5627 L'suardum
2601 5583 2731 5627 cum
2784 5567 2999 5640 Aloysii
3050 5567 3330 5640 editione,
3379 5572 3439 5625 et
3490 5563 3746 5625 continuo
