3974 6150
223 248 332 306 533

1659 257 2202 320 PROLEGOMENA.

3519 273 3624 334 834

217 371 572 467 perspicies,
595 375 895 434 breviores
917 380 1388 440 annuntiationes
1410 397 1610 441 omnes
1630 386 1871 456 praeter-
1902 384 1956 445 A
1985 382 2214 442 laudem
2247 387 2670 461 omnipotentis
2699 391 2819 461 Dei,
2864 411 2892 444 ››
2924 395 3063 462 etc.,
3097 394 3188 450 cui
3232 396 3396 467 operi
3420 395 3625 454 exhor-

216 459 440 520 missas
469 479 622 535 esse,
654 467 750 523 ubi
775 481 914 525 vero
935 467 1198 540 longiora
1221 471 1408 542 elogia
1432 488 1504 528 ex
1527 473 1724 530 Adone
1747 488 1889 530 con-

215 551 409 608 traxit
431 553 752 625 Usuardus,
771 554 866 612 illa
893 557 1122 628 integre
1145 564 1206 616 et
1229 559 1527 618 Adoniane
1550 563 1622 618 ab
1643 561 1880 633 Aloysio

215 640 648 699 restituuntur.
686 648 872 717 Atque
922 646 1016 702 hic
1047 663 1255 704 rursus
1307 651 1527 706 semina
1577 651 1764 721 vides,
1807 665 1880 706 ex

215 729 440 798 quibus
489 737 718 789 crescat
769 735 956 804 posita
999 737 1272 807 superius
1315 739 1670 810 propositio;
1715 742 1876 815 puta,

213 819 576 892 Usuardum,
614 825 798 880 totum
839 824 1018 880 ferme
1057 825 1530 898 Martyrologium
1574 843 1762 899 suum,
1804 845 1876 885 ex

215 907 426 964 Adone
459 912 563 965 aut
587 909 988 985 descripssise,
1024 918 1124 970 aut
1145 915 1532 972 contraxisse.

283 1002 416 1054 150.
450 999 636 1054 Porro
661 1005 924 1057 sanetum
965 1000 1220 1058 Adonem
1255 1004 1726 1075 Martyrologum,
1762 1019 1872 1062 non

207 1085 645 1157 Trevirensem,
679 1089 742 1142 ut
776 1087 1067 1160 Aloysius,
1091 1091 1394 1146 Mosander
1424 1097 1484 1148 et
1514 1091 1611 1148 alii
1637 1091 1872 1164 plurimi

209 1187 530 1246 perperam
545 1181 920 1247 censuerunt,
939 1177 1039 1232 sed
1053 1179 1437 1236 Viennensem
1454 1181 1634 1238 fuisse
1649 1183 1873 1240 archie-

208 1263 548 1334 piscopum,
566 1265 712 1320 satis
723 1265 901 1321 evicit
915 1267 1280 1336 Rosweidus,
1295 1273 1470 1340 atque
1487 1271 1594 1328 hoc
1612 1277 1869 1343 tempore

207 1350 370 1423 apud
403 1352 675 1409 eruditos
711 1367 912 1410 omnes
947 1353 1002 1409 in
1041 1357 1307 1414 confesso
1336 1363 1444 1414 est.
1490 1359 1677 1416 Vitam
1718 1361 1864 1431 ejus,

205 1437 296 1495 vel
323 1439 534 1510 potius
556 1441 704 1498 Vita)
718 1443 1122 1514 compendium
1137 1459 1208 1500 ex
1226 1447 1536 1504 Breviariis
1555 1449 1865 1505 Viennensi

205 1530 264 1582 et
295 1527 662 1585 Romanensi
710 1537 1032 1602 acceptum,
1078 1531 1209 1588 aliis
1241 1533 1606 1592 documentis
1637 1537 1866 1594 erudite

206 1613 540 1672 illustravit
573 1616 820 1688 Mabilio,
848 1619 1048 1674 saeculi
1083 1635 1136 1675 IV
1165 1622 1525 1678 Benedictiui
1555 1630 1719 1696 parte
1743 1641 1801 1695 η,
1836 1642 1865 1681 a

1991 474 2182 533 nando
2195 491 2306 533 non
2319 477 2477 536 aliud
2492 479 2675 550 magis
2688 485 3076 552 opportunum
3091 487 3322 556 tempus
3336 485 3621 558 assignari

1991 567 2184 634 potest
2211 581 2381 637 quam
2410 583 2514 639 pro
2540 569 2798 639 Lugduni
2820 574 2958 640 apto
2979 571 3048 626 ad
3073 571 3130 628 id
3153 573 3272 628 otio
3296 575 3618 632 fruebatur.

1989 651 2177 722 Atque
2215 655 2270 710 in
2305 655 2411 712 hae
2443 657 2838 728 Martyrologii
2881 659 3163 715 Adoniani
3203 662 3420 732 epoeba
3456 662 3622 720 facile

1987 755 2116 797 cum
2151 743 2456 800 Mabilione
2487 747 2840 802 conveniunt
2871 747 3043 804 hodie
3073 749 3289 804 eruditi
3321 764 3538 808 omnes.

2057 835 2177 887 152.
2213 833 2334 888 Non
2387 834 2465 888 ita
2513 835 2650 890 mihi
2700 835 2932 906 placent
2970 841 3310 907 argumenta
3351 838 3541 908 aliqua
3591 855 3622 896 a

1985 916 2221 975 laudato
2255 921 2558 978 Mabilione
2602 924 2656 978 in
2695 938 2826 980 eum
2869 924 3038 980 ﬁnem
3080 925 3353 994 adducta,
3387 941 3458 982 ex
3487 941 3624 983 caro

1983 1007 2118 1077 sibi,
2153 1007 2351 1064 nescio
2391 1024 2524 1080 quo,
2560 1009 2855 1068 Adoniano
2885 1013 3086 1068 codice
3118 1018 3251 1069 ante
3283 1028 3466 1069 annos
3497 1029 3625 1070 sex-

1981 1099 2208 1163 centos,
2229 1099 2292 1149 ut
2315 1095 2415 1165 ait,
2434 1111 2602 1152 manu
2617 1096 2934 1169 descripto,
2951 1113 3024 1154 ex
3047 1114 3161 1169 quo
3176 1099 3624 1170 satisintrepide

1979 1181 2283 1237 contendit
2307 1198 2435 1254 pag.
2453 1187 2556 1239 273
2570 1184 2725 1240 circa
2750 1186 3021 1255 medium,
3042 1207 3069 1239 ‹‹
3095 1187 3520 1244 restituendam
3535 1202 3625 1243 es-

1980 1283 2083 1324 se»
2120 1271 2303 1326 Adoni
2357 1274 3009 1330 «commemorationem
3039 1275 3224 1331 sancti
3249 1275 3428 1331 Mauri
3453 1277 3625 1332 abba-

1980 1357 2058 1413 tis
2072 1363 2289 1414 sanctze
2307 1359 2643 1417 Scolasticae
2657 1366 2712 1416 et
2731 1361 2974 1418 aliorum
2993 1363 3110 1418 fere
3126 1363 3379 1419 omnium
3395 1368 3624 1420 sancto-

1979 1461 2127 1515 rum,
2147 1461 2295 1516 quos
2318 1447 2626 1504 Mosander
2648 1455 2703 1504 et
2729 1449 3090 1520 Ηοεννργιὶυε
3104 1451 3574 1508 eliminaverunt.
3591 1469 3620 1503 υ

1977 1537 2047 1591 Et
2063 1535 2172 1591 sub
2192 1537 2414 1606 pagina)
2429 1536 2657 1592 initium
2673 1537 2901 1595 dixerat
2928 1559 2940 1594 :
2967 1561 2992 1589 (ι
3011 1539 3163 1595 Idem
3191 1539 3473 1608 judicium
3491 1544 3622 1596 esto

1977 1623 2048 1678 de
2083 1624 2202 1678 fere
2233 1624 2500 1680 omnibus
2531 1625 2878 1696 nominibus,
2916 1643 3043 1696 qum
3085 1627 3385 1684 Mosander
3415 1632 3474 1684 et
3515 1629 3625 1684 R0-

137 1778 154 1790 .
208 1717 340 1776 pag.
380 1709 494 1760 26-2
521 1719 596 1760 ex
626 1721 740 1776 quo
770 1721 860 1776 ea,
895 1721 1022 1777 quae
1063 1709 1416 1765 sanctissimi
1450 1716 1508 1766 et
1543 1712 1862 1770 doctissimi
1899 1735 1948 1793 Β
1982 1713 2988 1784 sweidusinsccessumrejecerunt.
3025 1719 3200 1772 nllzee
3223 1717 3624 1773 eruditissimo

207 1793 314 1846 viri
339 1797 590 1850 aetatem
622 1808 687 1850 ac
719 1794 1190 1865 Martyrologium
1215 1803 1502 1869 spectant,
1539 1802 1739 1872 paucis
1771 1802 1867 1858 de-

205 1895 470 1936 curram.
511 1883 749 1939 «Nobili
776 1884 1043 1955 prosapia
1067 1890 1310 1941 exortus
1343 1907 1370 1938 ››
1397 1887 1614 1944 dicitur
1641 1890 1694 1946 in
1724 1905 1871 1962 pago

206 1971 581 2026 Wastinensi
622 1977 722 2028 aut
754 1971 1055 2042 Senonico,
1101 1992 1130 2024 «
1160 1974 1398 2031 circiter
1437 1991 1646 2034 annum
1689 1981 1872 2036 octin-

205 2063 613 2128 gentes1mum
636 2079 665 2112 »
687 2059 943 2116 inlucem
967 2061 1189 2118 editus:
1219 2064 1474 2136 «quippe
1499 2081 1680 2122 annos
1697 2073 1870 2141 natus

208 2147 602 2217 septuaginta
626 2161 748 2219 sex,
767 2149 1020 2206 decessit
1048 2165 1196 2207 anno
1222 2151 1428 2207 Chrisii
1453 2154 1871 2224 octingentesi-

206 2249 296 2292 mo
312 2236 768 2306 septuagesimo
792 2239 1014 2308 quinto.
1033 2259 1059 2290 »
1086 2240 1375 2296 Monaehis
1395 2242 1870 2300 Ferrariensibus

207 2325 259 2379 in
284 2322 672 2396 disciplinam
698 2327 969 2396 traditus,
989 2328 1124 2384 istic
1159 2344 1188 2384 a
1212 2329 1432 2398 Sigull‘o
1454 2330 1665 2387 abbate
1681 2331 1868 2388 adhuc

209 2411 574 2483 infantulus,
601 2417 698 2469 aut
724 2429 870 2485 puer
892 2419 1203 2488 susceptus
1226 2416 1405 2474 fuisse
1436 2419 1672 2476 videtur
1692 2439 1704 2474 :
1727 2439 1754 2471 ‹‹
1773 2420 1867 2476 ubi

206 2501 356 2557 bene
383 2506 804 2574 conversatus,
828 2507 984 2560 teste
1008 2504 1186 2576 Lupo,
1211 2520 1411 2562 omnes
1433 2505 1542 2562 sibi
1566 2522 1796 2565 coaevos
1813 2509 1868 2564 in

205 2589 435 2646 studiis
461 2587 791 2649 litterarum
814 2592 1062 2664 praeivit.
1086 2611 1115 2646 »
1145 2593 1278 2648 Inde
1303 2593 1374 2648 ad
1395 2595 1734 2652 Prumiense
1757 2612 1870 2652 eoe-

207 2677 482 2747 nobium,
518 2683 726 2750 rogatu
758 2681 1068 2739 Maewardi
1103 2682 1335 2738 abbatis
1360 2681 1640 2754 directus,
1666 2684 1743 2740 ibi
1768 2684 1871 2741 ali-

209 2767 488 2837 quandiu
526 2774 918 2826 commoratus
948 2776 1063 2842 est,
1099 2771 1285 2828 donec
1324 2789 1352 2823 α
1375 2772 1755 2842 quorumdam
1788 2773 1870 2829 in-

205 2853 590 2912 vidiosorum
623 2856 850 2913 insidiis
870 2878 899 2910 »
925 2857 1245 2930 impetitus,
1270 2860 1506 2916 Romam
1532 2874 1594 2916 se
1617 2861 1870 2919 contulit

207 2961 236 2996 α
249 2947 316 2999 ut
330 2943 585 3000 domum
601 2945 658 3000 Β.
677 2946 834 3002 Petri
857 2947 1145 3018 principis
1163 2947 1561 3020 apostolorum
1588 2950 1870 3008 orationis

204 3033 406 3102 gratia
433 3031 779 3103 visitaret,»
807 3035 956 3090 unde
981 3040 1112 3106 post
1139 3037 1866 3110 quinquennium‘patriam

206 3124 530 3191 repetens,
565 3121 850 3178 Ravennae
871 3123 1340 3194 Martyrologium
1382 3124 1524 3182 illud
1563 3128 1782 3198 reperit
1805 3133 1866 3184 et

205 3207 566 3280 descripsit,
602 3208 673 3264 de
703 3225 818 3280 quo
849 3213 976 3266 toto
997 3211 1188 3283 capite
1219 3213 1478 3284 proxime
1508 3215 1867 3286 praecedenti

203 3297 452 3354 abunde
489 3296 779 3368 litigatum
811 3303 922 3354 est.

276 3391 410 3443 151.
468 3385 742 3442 Ravenna
785 3386 1168 3444 cum'effosso
1219 3387 1498 3446 thesauro
1539 3391 1866 3463 digressus,

205 3491 236 3526 α
258 3472 406 3528 inde
427 3473 773 3543 Lugdunum
799 3475 1084 3546 pervenit,
1113 3476 1210 3532 ubi
1245 3480 1382 3533 tunc
1407 3481 1869 3550 praeeratdignze

206 3561 521 3618 memoriae
552 3563 866 3634 Remigius,
903 3564 1116 3636 praesul
1150 3565 1417 3636 eximius,
1444 3567 1542 3638 qui
1565 3568 1666 3624 Dei
1697 3569 1872 3626 famu-

204 3649 326 3707 lum
353 3650 627 3707 Adonem
653 3652 745 3723 pie
769 3653 1051 3725 suscepit,
1078 3657 1138 3709 et
1164 3669 1408 3724 quaeque
1431 3657 1765 3713 necessaria
1787 3656 1870 3712 illi

205 3739 589 3810 perbcnigne
617 3741 902 3797 exhibuit.
941 3760 969 3794 «
989 3743 1075 3798 Ab
1097 3742 1205 3798 hoc
1233 3743 1411 3812 igitur
1431 3745 1505 3800 ob
1533 3745 1794 3802 scientiae
1813 3749 1872 3801 et

207 3827 546 3898 probitatis
591 3827 820 3885 laudem
881 3829 1176 3900 detentus,
1229 3831 1491 3899 Lugduni
1535 3831 1874 3903 aliquandiu

205 3919 623 3974 commoratus
652 3921 764 3988 est,
801 3919 880 3988 et,
907 3918 958 3974 si
988 3933 1126 3974 vera
1158 3923 1358 3974 narrat
1385 3920 1742 3977 Breviarium
1767 3922 1876 3977 Ro-

206 4018 526 4074 manense,
543 4005 840 4075 Remigius
853 4005 1037 4062 Adoni
1059 4025 1088 4057 ‹‹
1103 4005 1421 4062 Ecclesiam
1440 4009 1592 4064 beati
1610 4009 1870 4080 Romani,

205 4107 342 4150 cum
370 4093 494 4150 sibi
509 4093 915 4163 adjacentibus
936 4095 1113 4151 rebus
1127 4095 1184 4150 in
1198 4095 1542 4166 obsequium
1560 4097 1872 4168 delegavit,

209 4182 309 4239 ubi
333 4181 638 4239 secretius
663 4181 915 4238 orationi
951 4186 1227 4240 vacaret:
1258 4203 1286 4235 ι)
1313 4183 1424 4240 imo
1455 4189 1514 4240 et
1546 4183 1874 4242 litterarum

206 4271 462 4340 studiis,
480 4285 546 4326 ac
569 4271 935 4342 potissimum
956 4271 1293 4328 adornando
1315 4273 1722 4345 Martyrologio
1746 4289 1874 4344 suo,

207 4359 372 4417 haud
409 4359 592 4415 dubie
613 4360 881 4430 Remigii,
914 4365 974 4416 et
997 4359 1244 4417 aliorum
1281 4360 1593 4432 praesulum
1619 4363 1874 4432 hortatu,

1982 1801 2128 1870 viro,
2165 1802 2468 1872 nostrique
2500 1804 2714 1881 operis,
2750 1805 2883 1860 dum
2918 1805 3162 1872 viveret,
3197 1805 3619 1875 amantissimo,

1983 1893 2044 1944 ut
2081 1895 2139 1945 ut
2192 1889 2384 1959 velim,
2433 1893 2755 1948 concedere
2785 1893 3020 1950 omnino
3055 1909 3166 1950 non
3203 1909 3457 1966 possum,
3489 1910 3619 1951 cum

1982 1992 2092 2032 non
2115 1977 2290 2034 semel
2326 1980 2782 2050 observaverim,
2811 1982 3114 2052 przefatum
3136 1983 3419 2050 codicem,
3447 1974 3618 2052 quem

1982 2064 2168 2121 solum
2185 2067 2240 2121 in
2257 2067 2420 2123 Actis
2435 2067 2826 2124 Benedictinis
2841 2070 3055 2140 passim
3073 2069 3428 2141 appellat,ab
3443 2069 3622 2126 omni-

1981 2155 2090 2211 bus
2124 2159 2244 2211 tum
2265 2155 2442 2211 editis
2475 2159 2594 2212 tum
2628 2171 2760 2212 mss.
2797 2158 3014 2214 nostris
3037 2157 3377 2228 longissime
3403 2157 3622 2214 disere-

1979 2258 2138 2314 pare.
2157 2242 2492 2314 Exemplum
2514 2259 2625 2300 non
2648 2259 2821 2300 unum
2837 2246 3090 2302 recurrit
3107 2247 3163 2302 in
3183 2245 3618 2302 Observationi-

1980 2331 2090 2386 bus
2125 2331 2466 2388 Usuardinis
2487 2347 2541 2388 v1
2572 2331 2729 2403 Julii,
2756 2348 2854 2389 xm
2878 2334 3260 2405 Septembris,
3283 2335 3620 2390 xuNovem-

1981 2418 2104 2474 bris
2133 2423 2191 2473 et
2225 2417 2382 2476 alibi.
2419 2421 2490 2475 Ut
2531 2425 2726 2477 autem
2759 2422 3092 2478 evidentius
3122 2427 3318 2494 pateat
3357 2422 3620 2480 codicem

1979 2505 2427 2564 Mabilionanum
2466 2523 2602 2565 vere
2641 2514 2699 2565 et
2731 2525 2877 2581 pure
2921 2511 3280 2568 Adonianum
3321 2526 3433 2568 non
3467 2525 3619 2581 esse,

1979 2595 2246 2652 eruditos
2269 2595 2524 2653 lectores
2543 2596 2730 2654 solum
2757 2613 2964 2668 rogare
2989 2599 3183 2669 velim,
3211 2603 3271 2656 ut
3297 2600 3408 2670 ipsi
3433 2614 3537 2670 per
3559 2613 3622 2655 se

1982 2683 2240 2740 Adonem
2274 2685 2576 2740 conferant
2609 2699 2740 2742 cum
2773 2686 3039 2742 Usuardo
3069 2691 3128 2742 et
3161 2687 3456 2751 Notkero;
3490 2701 3620 2742 cum

1979 2771 2130 2826 enim
2163 2769 2358 2828 biduo
2389 2771 2644 2842 priorem
2668 2773 2884 2842 passim
2909 2777 3009 2830 aut
3032 2773 3378 2829 contrahant
3403 2775 3502 2829 aut
3527 2772 3623 2828 de-

1979 2859 2259 2930 scribant,
2285 2860 2525 2916 certiori
2545 2859 2760 2916 indicio
2783 2861 3076 2932 explorari
3103 2861 3303 2931 nequit
3329 2860 3465 2931 quid
3489 2876 3623 2932 pro-

1979 2948 2104 3019 prie
2146 2947 2351 3018 Adoni,
2383 2947 2521 3019 quid
2554 2947 2982 3019 multiplicibus
3004 2948 3130 3018 ejus
3152 2947 3620 3020 interpolationi-

1978 3037 2087 3094 bus
2115 3036 2191 3092 sit
2214 3036 2651 3093 ascribendum:
2679 3051 2784 3092 nec
2805 3037 2877 3093 ad
2896 3036 2952 3093 id
2976 3035 3246 3109 pluribus
3271 3037 3447 3094 ferme
3468 3053 3617 3109 opus

1977 3129 2088 3196 est,
2113 3140 2283 3196 quam
2317 3130 2380 3182 ut
2404 3125 2718 3196 praedictas
2742 3125 3198 3196 Observationes
3224 3131 3459 3182 nostras
3489 3141 3623 3182 con-

1978 3213 2193 3284 sulant,
2229 3214 2284 3270 in
2318 3214 2681 3285 quibuscum
2714 3215 2874 3270 fonte
2899 3213 3072 3271 rivuli
3097 3213 3363 3286 quotidie
3393 3229 3623 3286 compa-

1978 3307 2203 3358 rantur.

2051 3395 2170 3448 153.
2204 3390 2428 3448 Juverit
2469 3390 2592 3447 haec
2629 3389 3040 3462 patentissimo
3071 3389 3339 3463 exemplo
3381 3390 3456 3448 ob
3489 3405 3624 3446 oeu-

1981 3480 2070 3537 los
2100 3493 2338 3552 ponere.
2371 3478 2603 3535 Mabilio
2634 3490 2764 3551 pag.
2801 3484 2925 3550 272,
2962 3479 3137 3551 paulo
3166 3479 3314 3536 infra
3347 3478 3620 3546 medium,

1981 3567 2066 3624 sic
2090 3568 2265 3624 habet
2290 3587 2302 3621 :
2339 3587 2366 3618 «
2399 3567 2482 3622 Ad
2515 3567 2637 3624 haec
2661 3568 2718 3622 in
2742 3583 2848 3624 ms.
2871 3568 3074 3624 codice
3099 3573 3304 3624 nostro
3329 3565 3625 3623 dedicatio

1981 3655 2246 3712 ecclesiae
2283 3655 2624 3710 monasterii
2666 3654 2947 3710 Cellensis
2985 3669 3135 3710 anno
3175 3658 3280 3711 850
3321 3655 3491 3722 facta,
3535 3668 3627 3710 ac-

1982 3745 2185 3799 curate
2233 3741 2590 3798 describitur
2627 3757 2745 3798 xvu
2798 3741 2920 3797 Kal.
2965 3739 3330 3811 Novembris,
3375 3755 3505 3796 eum
3553 3741 3622 3796 ad

1985 3831 2217 3886 modum
2251 3845 2365 3900 quo
2399 3829 2672 3900 superius
2701 3829 2884 3886 relata
2915 3829 3102 3886 estad
3133 3843 3342 3885 annum
3375 3832 3499 3898 873,
3527 3829 3624 3885 ubi

1984 3920 2054 3976 dc
2087 3919 2272 3976 sancti
2313 3917 2655 3975 Frodaberti
2697 3918 2928 3974 abbatis
2955 3917 3342 3974 translatione
3375 3917 3620 3987 egimus.

1985 4009 2116 4064 Hzee
2150 4023 2264 4078 quo
2295 4008 2482 4064 minus
2513 4007 2586 4063 ab
2619 4005 3040 4077 interpolatore
3072 4005 3271 4062 addita
3303 4009 3524 4076 putem,
3559 4019 3625 4060 ea

1987 4111 2074 4152 me
2099 4111 2272 4153 causa
2317 4100 2531 4166 movet,
2575 4095 2730 4166 quod
2769 4093 3049 4165 singulas,
3095 4109 3240 4165 quas
3280 4097 3490 4152 vocant
3523 4092 3629 4148 cir-

1985 4185 2390 4254 eumstantias,
2419 4199 2529 4240 non
2566 4183 2645 4240 ita
2671 4187 2981 4240 accureate
3013 4187 3213 4240 nosset
3238 4182 3409 4238 homo
3433 4184 3630 4252 poste-

1989 4273 2164 4328 rioris
2181 4272 2485 4342 temporis.
2514 4291 2542 4322 ι)
2569 4271 2712 4327 Hinc
2737 4285 2942 4342 nempe
2964 4270 3184 4327 Adonis
3210 4275 3444 4327 aetatem
3469 4269 3629 4326 dete-

1986 4377 2124 4431 gere
2157 4361 2343 4418 voluit
2373 4360 2625 4431 Mabilio,
2655 4375 2781 4430 qua:
2803 4359 3038 4416 aliunde
3071 4359 3278 4415 melius
3305 4363 3362 4413 et
3403 4357 3628 4414 certius

209 4463 368 4520 quos
401 4463 514 4519 per
538 4468 566 4501 α
598 4449 902 4520 imperium
936 4449 1337 4520 acjussionem
1361 4454 1695 4506 sanctorum
1730 4451 1880 4506 viro-
1907 4432 1960 4492 D
1991 4449 2476 4506 eruitur?fallunt
2505 4449 2655 4504 enim
2682 4465 2747 4505 ea
2775 4449 2986 4518 omnia,
3007 4447 3055 4503 si
3073 4448 3141 4504 ad
3157 4445 3520 4518 propositam
3540 4460 3630 4501 re-

208 4553 371 4608 rum,
410 4556 441 4588 ι)
490 4537 545 4592 in
579 4537 920 4608 praefatione
960 4553 1062 4595 sua
1099 4539 1349 4594 fortasse
1389 4537 1638 4608 intelligi
1672 4537 1876 4595 voluit.

211 4627 316 4683 Hic
353 4640 472 4682 nos
501 4640 631 4681 cum
663 4625 992 4698 Mabilionc,
1027 4625 1356 4683 Castellano
1397 4624 1642 4696 aliisque
1675 4625 1884 4696 Marty-

209 4714 438 4784 rologii
474 4713 600 4783 ejus
637 4713 912 4786 epocham
966 4715 1249 4785 figendam
1299 4729 1622 4783 censemus,
1677 4728 1882 4785 nempe

207 4806 574 4878 priusquam
611 4802 680 4858 ad
715 4803 1060 4860 cathedram
1096 4805 1476 4860 Viennensem
1507 4803 1878 4874 eveheretur,

209 4907 401 4966 qnam
435 4906 587 4948 anno
607 4895 713 4948 860
733 4895 898 4948 certo
921 4891 1280 4961 conscendit,
1309 4897 1370 4948 ut
1397 4891 1638 4964 proinde
1661 4891 1882 4948 verosi-

209 4981 373 5038 milli
387 4995 538 5036 mum
553 4979 651 5050 sit,
669 4980 975 5052 praefatum
1004 4979 1475 5049 Martyrologium
1500 4980 1654 5037 circa
1671 4995 1880 5036 annum

205 5075 347 5140 858,
391 5072 492 5124 aut
517 5070 666 5125 forte
693 5066 866 5140 paulo
888 5067 1066 5124 citius
1096 5073 1399 5124 exaratum
1434 5068 1612 5125 fuisse
1647 5089 1659 5123 :
1689 5088 1716 5120 α
1753 5083 1880 5137 nam

205 5163 484 5216 caeteras
516 5157 980 5227 lucubrationes,
1015 5175 1044 5209 »
1071 5157 1258 5229 inquit
1289 5156 1540 5226 Mabilio,
1569 5157 1884 5213 «condidit

199 5248 332 5318 jam
378 5247 712 5318 episcopus,
749 5265 778 5298 »
812 5247 964 5302 hunc
994 5261 1136 5303 vero
1177 5251 1311 5301 ante
1346 5247 1748 5318 episcopatum
1789 5260 1882 5315 ag-

201 5351 477 5408 gressus
497 5341 617 5401 est;
642 5335 847 5405 utique
873 5335 1009 5391 dum
1039 5336 1309 5390 Ravenna
1337 5335 1543 5404 redux,
1576 5337 1736 5390 totus
1755 5337 1883 5389 erat

206 5426 266 5482 in
293 5422 661 5494 colligendis
683 5424 925 5493 sanctis,
951 5438 1275 5492 eorumque
1311 5423 1682 5494 passionibus
1705 5421 1883 5478 latius

204 5512 665 5582 describendis,
692 5531 723 5566 «
755 5511 1022 5569 serviens
1052 5510 1468 5566 infirmioribus
1502 5509 1781 5566 fratribus
1810 5509 1880 5564 ad

1987 4537 2180 4606 gulam
2214 4538 2542 4607 exigantur.
2561 4537 2864 4594 Usuardus
2886 4541 2944 4592 et
2961 4536 3254 4592 Notkerus
3277 4535 3628 4592 dcaceurata

1990 4625 2085 4682 illa
2103 4626 2500 4698 descriptione
2525 4625 2914 4682 dedicationis
2933 4624 3200 4682 eeelcsize
3225 4623 3508 4679 Cellensis
3522 4635 3630 4677 nec

1989 4716 2231 4772 verbum
2252 4717 2578 4787 proferunt.
2606 4716 2918 4783 Praeterea,
2946 4728 3050 4769 nec
3083 4714 3138 4768 in
3163 4713 3360 4768 Adone
3386 4708 3625 4779 Aloysii,

1991 4803 2088 4875 qui
2131 4803 2427 4874 longiores
2468 4803 2748 4858 historias
2789 4816 3072 4872 nusquam
3116 4799 3378 4870 negligit,
3424 4811 3529 4853 nec
3573 4796 3628 4852 in

1992 4892 2280 4949 Mosandri
2304 4896 2403 4948 aut
2427 4890 2735 4961 Rosweydi
2769 4889 3149 4959 cditionibus,
3177 4903 3281 4944 nec
3313 4887 3542 4943 demum
3574 4885 3626 4940 in

1993 4995 2130 5037 mss.
2176 4980 2499 5051 Leodiensi,
2547 4979 2763 5050 regina
2829 4979 3064 5048 Sueciae,
3109 4975 3481 5045 Taroanensi,
3530 4977 3629 5030 aut

1992 5069 2283 5140 Lohiensi,
2311 5083 2415 5124 nec
2448 5071 2679 5125 demum
2711 5068 2768 5123 in
2804 5066 3120 5123 Adonianis
3143 5064 3446 5122 codicibus
3477 5078 3508 5121 a
3531 5063 3633 5119 Pa-

1992 5157 2310 5229 pebrochio
2335 5158 2389 5213 in
2407 5157 2652 5229 prologo
2667 5156 2737 5213 ad
2765 5157 2972 5212 Bedam
2994 5152 3372 5224 enumeratis,
3388 5156 3488 5210 aut
3502 5151 3634 5208 aliis

1993 5260 2128 5301 mss.
2171 5246 2411 5314 uestris,
2453 5245 2566 5302 ulla
2605 5246 2864 5317 prwfatae
2907 5243 3297 5301 dedicationis
3339 5243 3636 5314 reperitur

1994 5335 2305 5400 memoria;
2347 5339 2554 5405 estque
2585 5335 2732 5391 adeo
2773 5332 3143 5403 apertissime
3174 5347 3562 5403 consequens,
3605 5347 3636 5386 a

1991 5423 2250 5494 puritate
2285 5421 2578 5477 Adoniana
2623 5419 2959 5488 longissime
2995 5419 3269 5475 recedere
3312 5417 3638 5474 Mabilionis

1992 5511 2275 5581 codicem,
2312 5511 2384 5566 ab
2423 5522 2493 5564 eo
2527 5513 2835 5579 tantopere
2879 5506 3193 5565 laudatum.
3239 5508 3361 5563 Non
3394 5517 3636 5561 necesse
