3974 6150
333 277 438 332 536
1296 265 1670 326 USUARDUS
1705 261 2088 324 MONACHUS
2126 255 2774 320 SANGERMANENSIS.
3633 261 3730 320 530

327 402 438 469 est,
471 401 699 453 tantum
739 407 934 466 operae
974 393 1030 450 in
1071 389 1503 462 Martyrologiis
1542 387 1960 459 examinandis,
1994 389 2051 451 A
2078 384 2290 458 capite.
2315 381 2592 453 Primum,
2623 377 2779 453 quod
2812 392 2943 469 cum
2975 377 3130 469 istuc
3149 377 3643 469 Martyrologium
3668 379 3728 469 in

329 466 606 558 quantum
640 483 799 540 hisce
823 482 1047 552 aliquot
1087 480 1254 538 annis
1285 495 1315 536 a
1349 494 1439 536 me
1471 477 1823 536 collocatum
1853 481 1964 547 est,
2079 473 2293 531 divinis
2323 470 2552 541 officiis,
2587 484 2693 542 per
2722 467 2916 558 varias
2947 466 3231 558 ecclesias
3271 466 3598 540 legeretur,
3633 467 3730 526 alii

329 555 675 645 quemquam
699 571 990 643 posuisse,
1027 573 1088 625 ut
1111 567 1281 640 plane
1311 567 1713 635 convincatur,
1747 565 1967 622 nullum
2075 563 2265 634 ipsum
2287 559 2730 627 contrahebant,
2753 555 2852 614 alii
2886 555 3166 627 quosdam
3199 561 3462 626 sanctos,
3489 558 3729 645 provin-

331 643 588 720 Adonem
622 659 1106 728 manuscriptum,
1141 655 1514 728 quantumvis
1544 655 1868 725 antiquum,
1897 654 1968 710 ad
2077 651 2183 708 cia:
2200 653 2300 706 aut
2323 647 2589 705 ecclesiae
2612 660 2732 702 suae
2765 645 3002 714 ignotos
3030 645 3397 701 resecabant.
3435 643 3724 716 Alterum,

327 749 640 819 Rosweydi
674 747 992 804 editionem
1016 745 1135 802 ullo
1166 748 1338 816 pacto
1369 742 1842 814 comparandum.
2080 737 2235 809 quod
2250 736 2596 806 auctoripse
2610 732 3052 790 multisvicibus
3065 733 3548 804 Martyrologium
3563 747 3728 790 suum

397 842 521 896 154.
557 839 732 893 Nemo
766 835 902 890 mihi
936 837 1300 902 succenseat,
1334 831 1383 888 si
1426 832 1690 888 meritam
1723 830 1970 902 palmam
2079 825 2262 895 auxit,
2297 824 2446 880 alios
2474 827 2651 893 atque
2681 821 2832 878 alios
2866 819 3135 876 addendo
3168 823 3426 890 sanctos,
3463 820 3564 892 qui
3590 819 3646 876 in
3670 835 3736 878 eo

329 927 624 996 Roweydo
646 923 954 990 vindicem,
981 934 1327 992 quamquam
1361 933 1474 976 non
1505 919 1651 976 adeo
1685 919 1971 988 integram
2079 913 2269 984 primo
2301 926 2414 968 non
2441 909 2772 967 exstabant.
2798 907 2961 965 Unde
2992 907 3260 980 contigit,
3300 912 3360 965 ut
3387 908 3487 979 qui
3527 908 3736 981 prima-

329 1017 715 1085 omnibusque
749 1011 1005 1068 numeris
1035 1010 1364 1066 absolutam
1405 1009 1662 1066 arbitrer
1699 1009 1826 1080 ejus
1855 1006 1975 1063 edi-
2083 1001 2230 1058 rium
2252 998 2550 1071 exemplar
2566 996 3016 1085 transcripsere,
3035 1011 3147 1085 non
3163 1000 3252 1053 tot
3266 997 3542 1085 habeant,
3563 1010 3731 1068 quam

329 1107 569 1173 tionem,
621 1083 683 1160 ut
727 1115 838 1156 non
881 1099 1196 1169 aliquando
1237 1099 1310 1154 ab
1347 1099 1476 1170 ejus
1515 1096 1750 1170 placitis
1791 1097 1974 1154 libere
2083 1089 2180 1160 qui
2204 1085 2568 1146 secundariis
2585 1083 3021 1156 exemplaribus
3045 1084 3734 1173 usisunt.»Prudentem

330 1171 630 1258 recedam;
681 1195 799 1246 tum
846 1187 1196 1260 praesertim,
1241 1201 1372 1244 cum
1406 1186 1573 1256 juxta
1611 1187 1975 1258 propositam
2083 1177 2483 1248 conjecturam
2513 1173 2609 1230 hic
2641 1188 2755 1230 non
2785 1187 3023 1244 respuo,
3057 1171 3273 1244 quippe
3304 1172 3403 1244 qui
3435 1187 3564 1229 eam
3597 1187 3733 1229 non-

329 1280 610 1352 regulam,
677 1275 922 1334 Usuardi
957 1280 1016 1331 ct
1059 1275 1297 1332 Notkeri
1349 1289 1698 1332 consensum
1756 1275 1975 1344 habeo;
2086 1279 2379 1335 nunquam
2407 1263 2719 1320 admittere
2747 1261 3071 1352 debuerim,
3111 1261 3406 1352 praecipue
3436 1259 3598 1316 circa
3621 1261 3738 1333 epi-

331 1348 626 1432 videlicet,
661 1368 795 1424 dum
829 1363 1218 1435 annuntiatio,
1253 1378 1284 1420 a
1315 1364 1644 1434 Rosweydo
1676 1362 1733 1420 in
1765 1378 1980 1435 appcn-
2086 1367 2298 1425 $001308
2330 1351 2710 1417 Viennenses,
2738 1349 2950 1420 qllibus
2973 1363 3103 1405 cum
3143 1348 3444 1406 Usuardus
3468 1363 3627 1420 53399
3647 1363 3740 1405 03-

332 1458 518 1514 dicem
540 1455 779 1526 rejecta,
808 1469 862 1510 in
889 1453 1120 1510 duobus
1149 1452 1276 1522 ejus
1309 1452 1445 1509 filiis
1485 1452 1821 1525 reperitur;
1855 1457 1977 1509 tum
2089 1446 2236 1512 ι’θϐι,
2276 1438 2597 1498 νθνίείῐῐιίίθ
2628 1437 2926 1508 θκίειίηιο,
2961 1436 3218 1493 Adonem
3251 1437 3417 1508 ipsos
3450 1437 3741 1510 Martyro-

331 1559 439 1616 ego
464 1557 817 1615 magnopere
850 1542 1259 1612 ambigendum
1291 1556 1401 1597 non
1425 1545 1588 1612 puto,
1617 1541 1752 1612 quin
1777 1542 1977 1599 eadem
2087 1529 2244 1600 Ῑοξζίο
2269 1544 2376 1586 8υο
2399 1527 2658 1616 Lugduni
2675 1527 2956 1616 Ρθνῖθοῑο,
2974 1526 3433 1616 Viennaerqstea
3459 1527 3741 1616 superati"

334 1633 432 1691 illa
493 1633 677 1690 Adoni
739 1644 972 1701 quoque
1022 1630 1367 1686 ascribenda
1418 1630 1514 1685 sit.
1568 1629 1642 1684 Ut
1693 1645 1806 1686 uno
1853 1644 1981 1701 spe-

2087 1618 2326 1676 didisse.
2349 1620 2419 1674 At
2432 1631 2592 1685 vero,
2610 1615 2690 1671 ibi
2705 1615 3047 1686 primigenia
3063 1613 3412 1686 simplicitas
3428 1615 3740 1686 quaeritur,

335 1721 548 1781 cimine
579 1736 699 1777 rem
734 1721 791 1776 in
825 1722 1032 1792 aperto
1062 1733 1293 1790 ponam,
1328 1717 1523 1774 videat
1554 1717 1742 1774 lector
1772 1719 1984 1775 Obser-

2106 1722 2207 1763 aon
2227 1703 2729 1775 conjecturaliter,
2755 1703 2857 1760 sed
2877 1707 3043 1760 certo
3063 1702 3456 1771 decernimus,
3481 1717 3610 1758 eam
3630 1716 3744 1758 non

335 1811 626 1869 vationem
664 1813 924 1864 nostram
958 1807 1029 1863 ad
1064 1807 1390 1863 Usuardum
1425 1805 1517 1862 die
1549 1822 1620 1862 xx
1650 1806 1856 1876 Martii,
1885 1805 1986 1863 ubi

337 1899 722 1969 Archippum,
767 1894 930 1952 Pauli
983 1893 1238 1965 apostoli
1282 1893 1760 1965 commilitonem,
1803 1894 1988 1956 Adoni

336 1986 770 2044 restituendum
801 1988 1097 2056 putamus,
1127 1983 1408 2054 quidquid
1439 1997 1468 2038 a
1499 1983 1806 2047 Mosandro
1837 1989 1992 2042 aste-

335 2077 492 2133 risco
525 2077 786 2141 notatus,
823 2088 852 2130 a
888 2072 1219 2143 Rosweydo
1243 2071 1298 2126 in
1332 2071 1711 2144 appendicem
1733 2073 1990 2143 reiectus

336 2167 450 2231 sit;
481 2179 548 2222 ea
583 2163 744 2221 ducti
777 2162 1006 2220 ratione
1040 2161 1196 2232 quod
1233 2161 1288 2217 in
1313 2165 1565 2233 utroque
1595 2161 1814 2219 Adonis
1846 2161 1986 2233 ﬁlio,

335 2253 603 2311 Usuardo
635 2257 694 2308 et
727 2250 984 2307 Notkero
1020 2249 1245 2327 diserte
1276 2249 1562 2320 signetur,
1596 2256 1989 2322 praeterquam

340 2341 493 2414 quod
529 2341 705 2397 etiam
737 2339 808 2396 ab
840 2337 1066 2394 Adonis
1097 2338 1372 2408 genitore
1402 2339 1661 2396 Romano
1692 2353 1874 2410 parvo
1904 2355 1992 2396 rc-

340 2433 580 2488 feratur.
615 2429 670 2484 Si
702 2427 774 2484 ad
805 2427 953 2482 hanc
983 2441 1242 2482 normam
1265 2426 1502 2482 codices
1532 2427 1837 2498 Adoniani,
1866 2431 1989 2485 tum

339 2533 476 2575 mss.
512 2522 635 2575 tum
668 2515 825 2588 typis
863 2513 1085 2585 excusi,
1121 2512 1534 2586 scrupulosius
1574 2514 1988 2588 discutiantur,

339 2613 484 2681 puto
517 2605 668 2662 viam
713 2603 986 2661 facillime
1027 2603 1214 2660 sterni
1253 2617 1448 2675 posse,
1491 2607 1554 2660 ut
1596 2603 1865 2676 simplex,
1909 2604 1993 2662 in-

339 2702 528 2766 tegra,
561 2693 822 2766 genuina
867 2696 926 2750 et
968 2706 1241 2764 germana
1282 2691 1520 2764 Adonis,
1561 2691 1744 2750 editio
1784 2709 1994 2766 procu-

340 2789 524 2842 retur.

413 2861 534 2931 15$.
573 2871 720 2939 Quid
755 2871 911 2942 quod
945 2874 1005 2926 et
1035 2869 1207 2927 aliam
1231 2869 1575 2942 explorandi
1619 2872 1884 2928 semitam
1915 2871 1990 2930 ali

343 2963 574 3036 quando
619 2962 925 3032 ingressus
973 2959 1102 3031 sim,
1148 2960 1413 3031 quamvis
1453 2959 1638 3032 ipsam
1679 2965 1794 3018 tam
1827 2976 1992 3020 secu-

341 3069 462 3110 ram
495 3066 608 3107 non
633 3049 982 3106 existimem.
999 3049 1078 3105 Ea
1099 3053 1212 3119 est,
1230 3053 1293 3106 ut
1317 3048 1364 3106 si
1391 3049 1621 3119 quando
1644 3050 1702 3106 iu
1725 3050 1991 3108 Usuardo

341 3144 401 3197 et
423 3139 682 3196 Notkero
699 3136 1312 3194 commemorationem
1333 3136 1618 3207 reperiam
1640 3137 1840 3194 eadem
1866 3153 1993 3195 sen-

344 3225 530 3284 tentia
563 3225 885 3296 eademque
935 3223 1135 3295 phrasi
1175 3227 1536 3295 conceptam,
1571 3239 1698 3296 quae
1729 3239 1800 3280 ex
1843 3225 1992 3282 Beda

342 3319 586 3388 accepta
607 3328 719 3370 non
747 3313 846 3383 sit,
875 3316 999 3370 tum
1036 3325 1150 3368 non
1174 3309 1492 3368 difﬁculter
1522 3311 1765 3370 inducar
1787 3317 1849 3370 ut
1871 3327 1995 3370 cre-

344 3405 495 3472 dam,
532 3400 714 3458 Adoni
747 3399 905 3458 illam
940 3399 1315 3456 tribuendam
1339 3412 1490 3455 esse.
1527 3399 1581 3455 Si
1615 3401 1746 3470 quis
1777 3401 1995 3458 discer-

345 3489 536 3548 nicula
572 3487 827 3546 certiora
849 3487 1116 3558 proferre
1146 3487 1204 3542 in
1237 3485 1487 3544 medium
1521 3488 1731 3560 possit,
1757 3487 1914 3546 ultro
1935 3494 1994 3546 et

343 3581 648 3652 gratanter
671 3575 1125 3649 acceptabimus.
1142 3574 1381 3632 Interim
1405 3589 1511 3632 nec
1527 3576 1872 3646 Mabilionis,
1890 3591 1996 3635 nec

344 3668 750 3739 cujuscunque
765 3664 1012 3722 alterius
1029 3663 1385 3722 auctoritate
1405 3665 1764 3723 movebimur
1787 3671 1849 3724 ut
1867 3681 1994 3738 qua

347 3757 642 3815 Adoniana
658 3768 771 3812 non
785 3757 942 3824 sunt,
961 3755 1071 3810 sub
1086 3753 1306 3810 Adonis
1330 3754 1561 3811 nomine
1581 3755 1871 3812 venditari
1899 3770 1996 3827 pa-

346 3841 579 3899 tiamur.
624 3838 900 3910 Exemplo
936 3839 1150 3895 iterum
1173 3837 1292 3894 sint
1313 3837 1722 3897 Florentinius
1742 3843 1800 3894 et
1822 3841 2000 3896 Hila-

342 3932 496 3999 rius,
515 3943 664 4000 quos
678 3942 831 3984 xxvu
854 3925 1214 3998 Septembris
1243 3925 1657 3997 Martyrologio
1685 3927 1995 3984 Viennensi

350 4015 676 4072 obtrudere
701 4017 948 4069 conatur
971 4011 1243 4068 laudatus
1268 4011 1496 4068 Mabilio
1515 4028 1589 4068 ex
1609 4015 1784 4070 Petro
1803 4015 1874 4071 de
1894 4016 1999 4072 Na-

352 4100 591 4170 talihus,
626 4099 728 4155 lib.
763 4115 881 4170 vm,
906 4113 1032 4171 cap.
1060 4101 1180 4155 124.
1215 4099 1337 4155 Non
1356 4104 1448 4156 est
1479 4113 1568 4156 me
1593 4100 1828 4158 hercule
1853 4103 1998 4159 satis

346 4189 594 4246 idoneus
616 4190 824 4244 auctor
861 4185 1165 4257 Equilinus
1187 4186 1522 4259 episcopus,
1549 4193 1614 4244 ut
1653 4189 1799 4246 forat
1833 4189 1999 4246 testi-

349 4277 603 4334 monium
616 4290 724 4350 pro
739 4274 958 4332 Adonis
986 4289 1262 4345 germana
1278 4275 1864 4349 simplicitate,quam
1891 4293 1998 4335 nos

347 4380 420 4423 ex
447 4368 561 4421 tam
594 4363 792 4435 variis,
828 4362 1265 4434 exemplaribus
1303 4364 1714 4422 stabiliendam
1747 4365 1995 4438 suscipi-

2098 1809 2171 1852 ex
2199 1795 2370 1851 unius
2401 1797 2500 1850 aut
2525 1791 2772 1848 alterius
2793 1789 3040 1860 codicis,
3067 1791 3170 1848 sed
3199 1804 3269 1847 ex
3292 1789 3548 1862 plurium
3581 1805 3745 1862 asque

2099 1884 2480 1956 probatorum
2511 1879 2830 1936 collatione
2864 1879 3224 1937 educendam
3256 1879 3745 1950 quemadmodum

2099 1973 2157 2028 in
2189 1969 2568 2044 expurganda
2601 1969 2672 2025 ab
2715 1961 3118 2025 additionibus
3150 1967 3440 2038 Usuardo,
3479 1973 3606 2024 toto
3634 1969 3744 2025 hoc

2099 2075 2278 2133 opere
2331 2058 2764 2132 praestitimus:
2811 2071 2928 2128 quo
2979 2056 3108 2112 solo
3148 2060 3516 2126 argumento,
3555 2055 3648 2113 vel
3697 2056 3747 2113 si

2099 2148 2374 2206 deessent
2403 2152 2638 2216 cmtera,
2663 2144 2990 2202 Mabilionis
3011 2143 3274 2216 exempla
3306 2143 3522 2214 omnia,
3546 2143 3748 2202 multis

2097 2235 2244 2293 locis
2275 2235 2547 2306 adducta,
2586 2233 2772 2291 Adoni
2805 2233 3039 2305 penitus
3071 2231 3460 2303 abjudicanda
3494 2237 3651 2289 sunt.

2171 2329 2293 2380 157.
2329 2323 2606 2380 Pluribus
2641 2321 2736 2378 hlc
2769 2320 3151 2393 supersedeo,
3185 2325 3398 2378 cmtera
3443 2320 3742 2378 docebunt

2100 2411 2558 2470 Observationes
2574 2415 2794 2468 nostrae
2816 2409 3182 2481 Usuardinae,
3203 2410 3419 2482 quibus
3444 2409 3594 2467 satis
3619 2423 3750 2482 pro-

2102 2503 2299 2558 batum
2328 2505 2443 2571 est,
2479 2515 2592 2555 non
2635 2498 2825 2557 solum
2868 2497 3078 2556 Bejam
3109 2512 3141 2554 a
3180 2497 3353 2554 Floro
3398 2503 3658 2569 auctum,
3689 2501 3746 2555 et

2098 2590 2417 2646 Romanum
2479 2602 2740 2660 parvum,
2808 2587 2912 2644 sed
2973 2586 3483 2658 Hieronymianum
3549 2587 3738 2656 etiam,

2101 2678 2286 2736 Adoni
2319 2676 2632 2748 aliquando
2665 2675 3046 2748 praeluxissc;
3072 2675 3228 2746 quod
3251 2689 3365 2732 non
3391 2675 3566 2733 video
3596 2689 3739 2732 cura

2102 2765 2436 2824 Castellano
2476 2769 2748 2836 negatum
2791 2765 2870 2821 sit
2909 2764 2965 2820 in
2999 2763 3214 2836 praevia
3245 2763 3644 2821 admonitione
3671 2764 3736 2820 ad

2101 2855 2347 2928 primum
2382 2853 2668 2910 Bimestre
2699 2866 2826 2925 pag.
2859 2856 2949 2923 22,
2983 2853 3250 2923 quamvis
3281 2853 3518 2910 omnino
3543 2853 3736 2921 fatear,

2101 2943 2402 3001 rarissime
2434 2943 2492 2998 in
2515 2941 2714 2998 Adone
2735 2955 3049 2998 occurrere
3081 2941 3332 3012 vestigia
3357 2941 3741 3013 Hieronymia-

2104 3046 2308 3089 norum
2343 3029 2496 3101 stylo
2537 3030 2876 3086 conformia.
2911 3030 2967 3085 Si
2999 3031 3285 3087 hactenus
3324 3031 3482 3088 dicta
3516 3045 3646 3088 cum
3675 3028 3741 3086 iis

2098 3119 2512 3190 junxerisfquae
2533 3118 2941 3190 superioribus
2958 3118 3258 3191 capitibus
3281 3117 3353 3174 de
3379 3123 3588 3176 sancto
3613 3119 3744 3175 Mar-

2108 3205 2374 3280 tyrologo
2395 3207 2746 3279 disputanda
2761 3207 2942 3275 fuere,
2957 3205 3030 3264 ad
3045 3205 3443 3280 Martyrologii
3469 3206 3746 3264 Adoniani

2103 3301 2337 3354 aetatem
2371 3300 2431 3352 et
2461 3294 2860 3366 genealogiam
2900 3295 3046 3351 nihil
3078 3293 3232 3352 ultra
3265 3294 3594 3352 desiderari
3627 3309 3748 3368 per-

2105 3383 2340 3456 Spicies.
2371 3384 2518 3440 Audi
2543 3383 2636 3438 hic
2657 3372 2849 3453 modo,
2875 3396 3046 3454 quam
3065 3382 3191 3456 ipse
3210 3383 3281 3440 de
3305 3387 3434 3440 toto
3450 3398 3561 3441 suo
3576 3397 3746 3456 opere

2107 3471 2390 3530 rationem
2409 3470 2621 3542 reddit,
2643 3470 2700 3526 in
2724 3470 3066 3544 praefatione
3081 3485 3183 3528 sua
3209 3471 3296 3528 sic
3319 3470 3605 3528 lectorem
3622 3470 3748 3530 allo-

2107 3575 2313 3633 quens:
2333 3578 2361 3613 ‹‹
2378 3559 2502 3616 Ado
2527 3562 2806 3632 peccator
2827 3559 3038 3616 lectori
3069 3558 3342 3617 salutem.
3363 3561 3443 3617 Ne
3467 3575 3558 3617 me
3583 3563 3744 3633 putes

2108 3649 2164 3706 in
2180 3649 2288 3706 hoc
2303 3662 2481 3722 opere
2497 3649 2552 3704 in
2572 3662 2781 3705 vanum
2795 3647 3122 3718 laborasse,
3138 3651 3198 3704 et
3212 3663 3332 3704 rem
3347 3663 3462 3705 non
3487 3663 3746 3706 necessa-

2108 3738 2252 3796 riam
2283 3741 2628 3796 exsecutum
2662 3737 2879 3804 fuisse;
2914 3737 3174 3795 breviter
3206 3737 3314 3794 tibi
3351 3751 3592 3796 causam
3617 3737 3745 3794 facti

2107 3827 2384 3900 aperiam.
2401 3826 2658 3883 Primum
2679 3825 2788 3882 fuit
2806 3825 3112 3898 imperium
3131 3841 3198 3882 ac
3211 3825 3404 3896 jussio
3419 3830 3744 3884 sanctorum

2106 3917 2390 3986 virorum,
2417 3920 2482 3972 ut
2503 3913 2924 3988 supplerentur
2959 3914 3108 3986 dies,
3134 3915 3232 3987 qui
3255 3916 3479 3986 absque
3513 3914 3745 3972 nomini-

2109 4005 2218 4062 bus
2232 4009 2552 4074 martyrum
2570 4004 2623 4058 in
2641 4003 3054 4074 Martyrologio
3069 4004 3250 4075 (quod
3267 4003 3626 4062 venerabilis
3640 4002 3745 4060 Flo-

2107 4093 2158 4150 ri
2182 4091 2379 4150 studio
2412 4091 2468 4148 in
2494 4091 2694 4150 labore
2719 4093 2914 4150 domni
2941 4093 3109 4150 Bedae
3131 4093 3498 4163 accreverat)
3531 4097 3742 4149 tantum

2107 4181 2296 4239 notati
2315 4186 2500 4238 erant.
2517 4181 2735 4238 Deinde
2757 4181 2994 4239 collecti
3010 4181 3395 4254 undecunque
3419 4181 3743 4254 passionum

2107 4269 2368 4341 codices,
2401 4269 2651 4327 animum
2695 4271 2749 4326 in
2785 4275 3008 4328 tantum
3043 4271 3510 4342 suscitaverunt,
3547 4275 3612 4327 ut
3641 4283 3742 4326 non

2109 4358 2298 4416 solum
2323 4359 2656 4431 praeteritas
2679 4359 2902 4416 dierum
2928 4359 3304 4430 festivitates,
3325 4373 3526 4416 verum
3545 4364 3606 4416 et
3624 4356 3745 4416 alio-

348 4467 496 4523 mus,
513 4467 544 4510 a
569 4453 806 4524 quibus,
823 4451 1094 4508 omnibus
1115 4451 1328 4508 absunt
1351 4453 1518 4510 citati
1541 4455 1656 4512 duo
1680 4443 2072 4526 martyres,'D
2104 4463 2251 4519 rum,
2281 4448 2377 4519 qui
2403 4462 2509 4520 per
2531 4438 2714 4505 totum
2737 4463 2948 4506 annum
2969 4449 3068 4506 ubi
3095 4449 3342 4506 notatim
3363 4448 3544 4520 positi
3566 4450 3738 4514 erant,

349 4556 498 4615 quos
510 4540 744 4598 aliunde
769 4544 1048 4612 acceptos
1071 4539 1127 4596 in
1151 4554 1318 4598 suum
1341 4541 1814 4614 Martyrologium
1837 4548 1994 4601 retu-

348 4632 418 4689 lit
439 4629 762 4698 Usuardus,
782 4635 844 4686 ut
871 4633 961 4686 est
987 4629 1044 4686 in
1068 4633 1268 4687 nostra
1291 4631 1862 4703 Observatione,jam
1877 4633 1994 4689 dic-

347 4725 406 4778 ta
431 4719 525 4776 die
554 4732 706 4775 xxvu
737 4717 1116 4788 Septembris.
1151 4719 1272 4775 Jam
1307 4733 1395 4776 me
1429 4719 1598 4790 longa
1630 4720 1992 4792 experientia

350 4803 570 4878 docuit‘,
606 4821 719 4863 non
751 4820 781 4862 a
815 4804 942 4862 solo
974 4805 1150 4862 Petro
1191 4805 1438 4878 aliisque
1470 4807 1760 4878 pluribus,
1802 4808 1904 4864 sed
1935 4811 1995 4863 et

349 4895 421 4951 ab
465 4893 931 4952 eminentissimo
972 4893 1254 4951 cardinali
1295 4895 1542 4952 Baronio
1583 4909 1995 4966 nonnunquam

349 4994 653 5053 perperam
687 4982 858 5040 citari
892 4979 1112 5038 Adonis
1143 4981 1638 5054 Martyrologium.

349 5124 360 5133 ,
421 5067 498 5122 De
547 5071 791 5145 reliquis
842 5085 970 5142 quae
1013 5070 1083 5126 ad
1131 5071 1390 5126 Adonem
1421 5069 1694 5141 attinent,
1724 5087 1855 5128 cum
1888 5073 1996 5128 Ma-

354 5147 570 5208 bilione
616 5173 728 5214 non
779 5158 1040 5230 disputo,
1082 5157 1214 5214 istis
1261 5157 1426 5214 locus
1454 5156 1569 5214 erit
1611 5157 1667 5214 in
1711 5159 1872 5216 Actis
1903 5175 1996 5217 xv:

359 5237 716 5300 Decembris.
751 5245 1084 5317 Rejicienda
1125 5245 1358 5302 omnino
1408 5259 1520 5301 non
1573 5251 1710 5302 sunt
1757 5262 1884 5318 quae
1925 5249 1997 5304 de

355 5320 639 5381 Adoniani
663 5329 1064 5406 Martyrologii
1087 5333 1528 5392 accessionibus
1549 5333 1785 5404 conjicit
1803 5336 1859 5390 in
1874 5336 1997 5394 haec

353 5409 532 5468 verba
568 5431 580 5465 :
619 5431 648 5466 «
688 5415 852 5481 Quod
886 5422 1038 5478 enim
1071 5422 1182 5480 alia
1230 5427 1405 5495 atque
1446 5421 1556 5480 alia
1600 5421 1792 5480 desint
1826 5422 1882 5478 in
1915 5423 1993 5480 di-

354 5498 544 5558 versis
576 5501 929 5561 membranis
951 5511 1274 5582 codicibus,
1296 5512 1352 5570 id
1383 5511 1655 5586 provenit
1685 5526 1760 5570 ex
1777 5509 1996 5584 duplici

2102 4535 2280 4593 latius
2301 4541 2360 4593 et
2383 4536 2556 4609 paulo
2586 4537 2850 4610 apertius
2873 4536 3298 4608 describerem,
3332 4535 3741 4592 infirmioribus

2105 4625 2386 4682 fratribus
2417 4630 2476 4682 et
2519 4626 2709 4682 minus
2743 4625 2936 4695 legere
2977 4625 3313 4683 valentibus
3355 4627 3636 4696 serviens,
3678 4621 3740 4680 ad

2104 4713 2333 4772 laudem
2357 4715 2778 4786 omnipotentis
2799 4715 3003 4786 Dei,ut
3033 4716 3086 4770 in
3114 4715 3414 4775 memoriis
3439 4719 3739 4784 martyrum

2105 4802 2386 4859 haberent
2416 4803 2889 4874 compendiosam
2922 4803 3256 4876 lectionem,
3282 4808 3461 4875 atque
3497 4803 3552 4861 iu
3578 4812 3738 4875 parvo

2105 4889 2414 4962 codicello,
2451 4889 2604 4962 quod
2639 4891 2823 4949 multo
2857 4891 3058 4950 labore
3090 4893 3189 4950 alii
3224 4907 3328 4966 per
3362 4891 3563 4966 plures
3603 4886 3738 4946 codi-

2105 4993 2204 5036 ces
2235 4979 2572 5050 exquirunt.
2607 4997 2637 5033 ››

2143 5101 2152 5110 -
2177 5072 2298 5124 158.
2317 5069 2504 5140 Atque
2519 5068 2650 5125 hinc
2665 5069 2852 5141 longae
2871 5068 2984 5126 illae
3012 5069 3066 5126 in
3091 5069 3312 5127 Adonis
3334 5063 3731 5141 martyrologio

2104 5156 2428 5228 desumpta),
2459 5171 2533 5213 ex
2564 5163 2881 5230 martyrum
2905 5157 3285 5229 passionibus
3314 5158 3581 5216 historize
3617 5154 3734 5212 hinc

2107 5259 2308 5316 magna
2335 5245 2432 5302 illa
2447 5246 2672 5304 dierum
2691 5246 3076 5318 inaequalitas,
3095 5247 3230 5305 dum
3245 5262 3455 5321 nempe
3480 5250 3733 5304 Actorum

2108 5332 2362 5405 defectu,
2401 5339 2737 5402 sanctorum
2763 5335 2912 5393 nuda
2942 5337 3120 5393 ferme
3141 5336 3373 5394 nomina
3401 5336 3731 5396 referuntur,

2108 5437 2222 5494 quo
2246 5424 2398 5484 haud
2417 5423 2613 5496 dubie,
2631 5425 2729 5496 qui
2755 5425 2811 5482 in
2834 5425 3048 5482 divinis
3071 5425 3284 5483 officiis
3308 5425 3531 5483 Adonis
3554 5423 3734 5489 Marty-

2109 5511 2336 5586 rologio
2352 5515 2501 5574 forte
2522 5515 2607 5575 uti
2629 5519 2950 5589 coeperant,
2974 5514 3208 5588 impulsi
3233 5515 3544 5588 fuerint,ut
3565 5520 3736 5584 nuper
