3988 6158
268 274 372 334 537

1692 269 2239 333 PROLEGOMENA.

3566 282 3674 343 888

267 401 462 459 aiebat
486 400 737 473 Mabilio,
772 400 843 459 ad
880 402 1195 461 resecanda
1237 400 1661 473 incognitorum
1694 405 1918 460 sancto-
1947 399 2002 459 A
2033 401 2402 459 auctoritatis
2429 400 2618 460 inesse
2650 415 2819 474 quam
2846 415 2919 459 ex
2950 400 3148 462 Adone
3183 406 3667 481 transumpserit;

266 505 395 547 rum
419 491 650 548 nomina
673 509 689 557 ;
710 489 805 547 vel
840 491 1055 563 potius,
1091 494 1153 548 ut
1178 505 1286 562 ego
1309 490 1699 548 verosimilius
1723 490 1923 549 existi-

267 593 380 650 mo,
405 579 477 635 ad
507 580 939 638 contrahendas
968 580 1261 651 historias,
1288 586 1349 637 ut
1372 581 1443 637 ad
1466 579 1920 636 uniformitatem

266 665 525 738 aliquam
549 667 676 725 dies
696 667 908 739 singuli
932 669 1381 726 reducerentur.
1407 670 1469 724 In
1492 683 1562 724 eo
1587 668 1920 725 felicissime

263 760 542 814 versatus
578 761 668 813 est
708 756 1029 827 Usuardus,
1057 757 1277 814 Adonis
1314 757 1785 829 Martyrologium
1821 757 1921 813 ab-

265 844 543 901 brevians
581 849 639 900 et
692 845 1013 916 expoliens,
1055 846 1157 903 sed
1189 846 1340 916 quod
1372 846 1605 917 mirere,
1649 846 1916 915 ignorate

262 946 407 991 vero
455 933 712 992 auctoris
760 934 1006 992 nomine.
1058 936 1196 992 Cum
1245 935 1396 992 enim
1443 936 1741 992 Usuardus
1773 934 1920 993 alios

261 1022 708 1094 Martyrologos,
745 1028 960 1096 praeter
989 1024 1418 1098 Hieronymum,
1448 1025 1659 1081 Bedam
1690 1030 1748 1081 et
1796 1025 1919 1081 Flo-

263 1128 393 1170 rum
445 1128 558 1169 non
608 1117 835 1181 nosset;
874 1113 1087 1186 stylum
1133 1119 1329 1171 autem
1374 1114 1653 1171 Adoniani
1695 1115 1909 1186 operis,

262 1202 333 1257 ab
364 1200 815 1273 Hieronymiano
844 1201 1175 1273 longissime
1213 1204 1520 1270 recedere;
1544 1209 1749 1259 contra
1774 1218 1914 1259 vero

261 1289 438 1346 Bedae
472 1305 502 1345 a
528 1290 695 1346 Floro
731 1294 902 1346 aucto
927 1290 1240 1362 persimile,
1262 1292 1512 1347 credidit
1538 1291 1688 1347 Flori
1715 1305 1916 1349 secun-

259 1379 405 1436 dum
428 1376 651 1435 librum
670 1391 818 1444 esse,
836 1392 949 1448 quo
969 1379 1132 1435 vacui
1158 1394 1358 1435 omnes
1382 1379 1765 1435 Kalendarum
1788 1380 1912 1435 dies

260 1466 715 1539 supplebantur.
772 1468 1008 1523 Frustra
1078 1482 1290 1537 argues
1340 1467 1680 1525 latissimum
1759 1468 1911 1525 inter

262 1559 583 1625 utrumque
604 1555 1073 1624 Martyrologium
1098 1556 1406 1613 discrimen
1431 1557 1488 1611 in
1511 1557 1755 1613 Usuardi
1780 1573 1913 1613 ocu-

261 1644 347 1701 los
399 1644 707 1700 incurrere
756 1644 1173 1700 vcrosimilitcr
1226 1646 1528 1711 debuisse;
1574 1646 1627 1700 id
1682 1646 1801 1702 scio
1851 1650 1908 1701 et

2032 505 2140 548 non
2180 491 2310 562 plus
2339 489 2528 548 rivulo
2574 505 2744 563 quam
2779 491 2952 560 fonti;
3005 507 3116 549 non
3148 492 3278 565 plus
3318 498 3456 553 nato
3498 508 3670 567 quam

2029 580 2305 650 genitori.

2102 691 2220 743 160.
2268 688 2389 743 Jam
2421 686 2633 758 saepius
2664 686 2856 743 monui
2889 686 3191 757 agnovisse
3225 687 3453 744 demum
3492 690 3670 761 Pape-

2032 776 2335 832 brochium
2383 780 2539 831 tomo
2570 776 2614 830 V
2657 775 2832 846 Junii,
2870 790 2996 847 pag.
3042 779 3167 845 250,
3211 775 3319 832 col.
3374 782 3396 832 1
3437 777 3493 832 in
3535 777 3664 850 fine,

2031 868 2452 936 przeposterum
2493 865 2652 920 illum
2699 866 2982 935 ordinem,
3033 864 3208 935 idque
3254 877 3328 921 ex
3357 864 3667 922 Castellani

2028 954 2422 1025 suggestione,
2472 969 2501 1010 a
2547 970 2659 1025 quo
2708 955 2955 1025 primum
3006 954 3398 1024 transpositus
3441 958 3551 1025 est,
3609 958 3668 1011 et

2028 1039 2352 1110 prioritatis
2378 1039 2839 1110 locofrestitutus
2860 1038 3202 1095 Viennensis
3223 1039 3665 1109 Martyrologus,

2029 1142 2198 1198 quem
2257 1128 2421 1184 annis
2480 1129 2599 1184 fere
2656 1128 3001 1197 octodecim,
3054 1128 3110 1183 in
3167 1127 3479 1184 scribendo
3530 1127 3670 1182 Mar-

2026 1216 2316 1287 tyrologio
2362 1216 2686 1273 Usuardum
2738 1216 3119 1272 antecessisse
3172 1216 3334 1271 brevi
3384 1215 3491 1272 hac
3536 1229 3670 1285 sup-

2026 1305 2329 1375 putatione
2352 1305 2699 1361 ostenditur.
2728 1304 2973 1360 Usuardi
3006 1302 3479 1373 Martyrologium
3510 1302 3669 1359 dedi-

2023 1397 2191 1448 catur
2239 1392 2445 1448 Carolo
2487 1391 2660 1448 Calvo
2698 1392 2813 1462 jam
2864 1391 3233 1462 imperatori;
3266 1390 3427 1461 atqui
3459 1389 3668 1447 Calvus

2023 1481 2341 1551 imperator
2373 1496 2483 1536 non
2527 1481 2631 1537 fuit
2675 1484 2809 1536 ante
2842 1495 3050 1535 annum
3079 1485 3217 1545 875;
3257 1494 3397 1549 ergo
3440 1478 3531 1535 vel
3567 1477 3668 1535 illo

2022 1584 2170 1625 anno
2200 1570 2604 1640 compositum,
2632 1568 2839 1625 saltem
2873 1568 3229 1640 completum
3252 1571 3361 1637 est,
3386 1568 3479 1624 vel
3513 1582 3663 1624 anno

2022 1658 2330 1728 sequenti:
2387 1659 2545 1728 atqui
2583 1658 2721 1727 Ado,
2757 1672 2829 1712 ex
2874 1672 3026 1713 num.
3064 1662 3157 1713 151
3219 1671 3385 1714 suum
3430 1656 3662 1727 scripsit

261 1734 485 1797 fateor;
538 1736 594 1786 at
638 1731 774 1787 mihi
826 1736 940 1787 tam
981 1738 1208 1789 certum
1248 1738 1483 1803 tamque
1526 1733 1765 1789 Θνίάθηδ
1820 1738 1909 1790 εει
1944 1750 1996 1809 Β
2024 1746 2263 1802 circiter
2287 1762 2495 1803 annum
2518 1752 2640 1815 858,
2663 1751 2778 1802 stat
2805 1746 2986 1815 igitur
3010 1745 3193 1801 nostri
3223 1745 3431 1801 calculi
3457 1748 3660 1801 exacta

262 1820 483 1877 Adonis
532 1836 679 1891 opus
715 1820 912 1890 fuisse,
947 1821 1098 1891 quod
1144 1821 1363 1878 librum
1394 1821 1557 1878 Flori
1594 1823 1913 1879 secundum

261 1910 528 1981 appellat
566 1909 883 1977 Usuardus,
946 1914 1007 1965 ut
1059 1910 1149 1966 vel
1203 1910 1559 1981 paradoxum
1602 1911 1912 1967 admittere

261 2002 563 2069 oporteat,
600 2012 804 2069 nempe
845 1997 1339 2069 Martyrologium,
1376 1999 1529 2069 quod
1569 2000 1784 2055 Adonis
1816 2015 1914 2055 no-

261 2087 417 2143 mine
442 2086 627 2155 venit,
655 2100 765 2141 non
799 2101 926 2142 esse
961 2086 1196 2156 Adonis,
1223 2087 1324 2142 sed
1360 2087 1542 2154 Flori;
1574 2088 1663 2144 vel
1694 2089 1912 2157 fingere

261 2174 634 2243 miraculum,
660 2189 774 2244 quo
798 2174 1070 2231 videlicet
1096 2176 1402 2245 fateamur,
1430 2176 1656 2233 Florum
1682 2182 1738 2232 et
1763 2178 1914 2233 Ado-

260 2279 394 2320 nem
440 2263 524 2320 sic
573 2262 895 2334 scripsisse,
931 2267 990 2319 ut
1042 2264 1422 2320 Menzechmos
1470 2265 1700 2321 diverso
1742 2270 1911 2337 partu

258 2352 604 2409 effuderint.
625 2353 723 2409 Ast
748 2351 871 2407 hzec
896 2352 1251 2408 comminisci
1276 2367 1766 2423 supervacaneum
1791 2359 1908 2409 est:

258 2441 594 2498 Usuardum
652 2440 837 2511 ipsum
886 2440 1167 2496 dramatis
1216 2441 1419 2509 nostri,
1469 2445 1528 2497 ut
1578 2442 1656 2497 ita
1705 2442 1910 2513 dicam,

258 2530 523 2599 heroem,
556 2528 649 2585 hic
678 2528 906 2585 demum
938 2528 1198 2585 cominus
1228 2528 1576 2585 intueamur.

839 2634 1228 2690 ARTICULUS
1267 2636 1334 2690 Il.

508 2724 599 2781 De
617 2721 1054 2795 Martyrologio
1091 2722 1352 2781 Usuardi
1380 2724 1671 2781 monaclii.

336 2833 462 2886 156.
489 2830 610 2886 Huc
634 2829 965 2885 reducenda
990 2828 1094 2884 fuit
1119 2832 1239 2885 tota
1266 2833 1461 2884 nostra
1488 2830 1558 2885 de
1582 2830 1915 2900 Martyrolo-

254 2918 353 2989 gis
375 2922 436 2974 et
478 2917 904 2988 Martyrologiis
935 2917 1304 2988 disceptatio,
1330 2920 1392 2972 ut
1431 2918 1743 2988 przemissis
1775 2922 1915 2977 Usu-

256 3006 392 3063 ardi
448 3006 699 3077 proavis,
748 3004 1070 3076 parentela,
1105 3005 1449 3074 cognatione
1497 3009 1555 3060 et
1607 3006 1911 3078 afﬁnitate,

2024 1835 2191 1890 ratio.
2228 1836 2345 1890 lloc
2370 1835 2557 1891 solum
2587 1839 2993 1905 argumentum
3027 1835 3116 1890 hic
3150 1849 3222 1889 ex
3265 1834 3525 1904 professo
3568 1847 3663 1889 no-

2026 1923 2112 1979 bis
2141 1925 2486 1980 versandum
2519 1928 2626 1993 est,
2662 1923 2985 1979 Usuardum
3019 1922 3296 1993 pleraque
3328 1936 3430 1976 sua
3473 1919 3661 1976 omnia

2022 2026 2092 2066 ex
2124 2012 2321 2067 Adone
2352 2013 2664 2083 accepisse,
2695 2012 2861 2081 cujus
2888 2011 3222 2066 continuam
3252 2007 3659 2079 probationem

2022 2100 2298 2155 exhibent
2351 2100 2702 2171 quotidianae
2749 2100 2817 2155 ad
2874 2098 3347 2169 Martyrologium
3406 2094 3653 2151 Usuardi

2024 2188 2474 2244 Observationes
2522 2203 2551 2243 a
2599 2188 2781 2258 prima
2828 2186 2919 2242 die
2966 2185 3221 2242 Januarii
3273 2184 3343 2240 ad
3400 2182 3659 2239 ultimam

2023 2278 2372 2347 Decembris,
2431 2278 2643 2347 quibus
2679 2276 2987 2345 utriusque
3034 2271 3407 2344 Martyrologi
3461 2274 3663 2327 textus

2022 2366 2307 2435 expende,
2348 2364 2838 2431 annuntiationes,
2880 2366 2943 2418 ut
2974 2361 3065 2416 hic
3097 2360 3409 2430 loquimur,
3445 2371 3664 2414 annun-

2021 2454 2387 2521 tiationibus,
2432 2454 2673 2523 phrases
2720 2450 3049 2523 phrasibus,
3081 2449 3259 2504 verba
3307 2448 3430 2517 ipsa
3464 2445 3661 2502 verbis

2021 2557 2325 2613 comparo;
2372 2543 2603 2611 fataque
2650 2538 2981 2608 collatione,
3030 2535 3273 2593 Usuardi
3324 2532 3659 2604 laterculos,

2025 2647 2096 2687 ex
2132 2630 2449 2706 Adonianis
2479 2629 2827 2699 descriptos,
2872 2626 3263 2691 abbreviatos,
3297 2625 3658 2691 contractos,

2024 2719 2248 2777 modice
2283 2719 2629 2790 quandoque
2669 2731 2741 2770 ex
2768 2716 2918 2770 Beda
2950 2714 3306 2780 immutatos,
3341 2725 3408 2766 ea
3442 2709 3663 2780 perspi-

2024 2809 2266 2878 cuitate,
2302 2806 2356 2860 ni
2407 2805 2595 2875 fallor,
2631 2803 2896 2871 ostendo,
2929 2816 3040 2871 qua
3084 2800 3361 2869 majorem
3412 2799 3464 2852 in
3500 2797 3661 2853 hisce

2027 2898 2202 2952 rebus
2233 2894 2568 2950 desiderare
2600 2906 2765 2946 nemo
2794 2895 2987 2960 queat.
3018 2891 3087 2942 At
3121 2901 3190 2942 eo
3224 2890 3414 2957 pacto,
3450 2888 3513 2939 ut
3543 2883 3663 2955 pla-

2024 2984 2269 3055 giarium
2296 2996 2384 3037 me
2417 2982 2577 3036 dices
2601 2978 2923 3034 Usuardum
2944 2976 3278 3031 traducere.
3318 2975 3511 3043 Apage
3544 2970 3663 3042 pla-

255 3095 391 3168 ipse
418 3065 697 3164 tandem;
715 3065 815 3151 seu
849 3094 1000 3150 fetus
1029 3093 1174 3163 ejus,
1206 3093 1458 3150 omnium
1487 3094 1671 3150 oculis
1701 3065 1918 3154 clarius
1947 3097 1994 3158 Ο
2024 3073 2105 3168 Eii
2125 3071 2384 3168 f3filllem,
2412 3068 2753 3168 {ludi-ipsum
2784 3065 3660 3168 Usuardu‘lii"toilllSjiP-‘ef‘lf-Sillj

255 3185 686 3254 exponeretur.
724 3182 845 3238 Non
880 3186 1069 3251 vacat,
1105 3196 1211 3237 nec
1253 3198 1399 3252 opus
1429 3187 1539 3252 est,
1576 3182 1665 3239 hic
1698 3185 1913 3240 descri-

256 3273 409 3328 bere
463 3285 591 3342 quze
636 3271 708 3327 de
756 3284 824 3326 eo
873 3270 1040 3326 multi
1092 3269 1473 3326 eruditissimi
1515 3270 1644 3339 viri,
1698 3278 1913 3342 printer

256 3360 518 3431 majores
540 3362 790 3427 nostros,
826 3357 1048 3429 pridem
1070 3357 1463 3428 tradiderunt,
1490 3358 1778 3416 Adrianus
1810 3362 1914 3417 Va-

255 3446 470 3516 lesius,
489 3448 738 3502 Joannes
760 3445 1009 3515 Mabilio,
1041 3446 1331 3501 Gerardus
1360 3445 1436 3502 du
1462 3446 1611 3517 Bois,
1636 3451 1691 3502 et
1718 3463 1915 3505 recen-

221 3534 491 3593 ‘tissime
556 3533 831 3591 Claudius
877 3533 1258 3602 Castellanus,
1316 3548 1516 3591 omnes
1570 3535 1622 3590 in
1677 3550 1745 3592 eo
1796 3536 1913 3605 jam

252 3621 675 3692 conspirantes
715 3624 919 3678 contra
964 3620 1270 3691 Sigeherti,
1312 3621 1608 3677 Trithemii
1643 3622 1915 3679 aliorum-

255 3724 378 3781 que
411 3708 804 3779 antiquiorum
838 3708 1169 3779 0pinioncs;
1204 3714 1253 3764 1.
1295 3709 1619 3764 Usuardum
1652 3713 1912 3766 nostrum

254 3797 445 3854 fuisse
469 3797 810 3853 monachum
835 3796 1242 3868 presbyterum
1264 3795 1488 3852 ordinis
1512 3797 1564 3851 S.
1594 3796 1910 3868 Benedicti,

252 3887 310 3942 in
348 3885 625 3942 cmnobio
654 3885 942 3955 Pratensi,
975 3900 1077 3941 seu
1129 3885 1314 3941 sancti
1349 3884 1635 3940 Vincentii
1670 3885 1915 3942 Lutetiae

250 3974 639 4031 Parisiorum.
667 3978 717 4029 2.
743 3973 1055 4043 Floruisse,
1076 3988 1184 4029 non
1210 3973 1314 4030 sub
1341 3971 1545 4029 Carolo
1568 3974 1786 4044 Magno,
1813 3973 1915 4029 sed

252 4065 370 4121 sub
403 4062 749 4131 cognomine
792 4066 1011 4133 nepote
1051 4061 1244 4131 Calvo,
1280 4066 1455 4133 atque
1488 4061 1639 4132 huic,
1691 4077 1801 4117 non
1832 4061 1914 4118 illi

252 4166 413 4224 opus
442 4165 611 4208 suum
644 4150 964 4206 dedicasse.
994 4154 1044 4205 3.
1082 4149 1554 4220 Martyrologium
1579 4165 1744 4207 suum
1766 4165 1917 4206 com-

251 4239 532 4312 posuisse
553 4239 792 4295 circiter
812 4253 1023 4294 annum
1047 4243 1168 4295 875.
1189 4239 1327 4305 Quae
1352 4238 1708 4295 omni'satis
1732 4238 1915 4295 solide

250 4329 515 4401 probata
538 4327 800 4383 invenies
823 4326 975 4397 apud
1002 4326 1361 4382 Mabilionem
1396 4326 1448 4381 in
1480 4326 1916 4397 Prolegomenis

2025 3160 2307 3218 rationem
2329 3158 2689 3224 reddentem,
2714 3160 2954 3223 tumque
2978 3151 3292 3221 intelliges,
3310 3148 3446 3219 quid
3472 3147 3542 3202 de
3557 3160 3662 3202 suo

2025 3251 2148 3321 ipse
2181 3262 2240 3305 se
2272 3245 2636 3318 praestitisse,
2659 3243 2795 3314 quid
2820 3257 2893 3298 ex
2915 3240 3044 3297 aliis
3067 3242 3401 3295 sanctorum
3425 3236 3662 3290 Patrum

2023 3334 2447 3408 Martyrologiis
2487 3347 2614 3389 sese
2644 3330 2940 3402 accepisse
2970 3328 3125 3384 ultro
3142 3326 3422 3388 fateatur;
3458 3322 3514 3378 id
3545 3321 3665 3376 fere

2025 3442 2199 3484 unum
2232 3424 2489 3491 molitus,
2522 3427 2584 3477 ut
2623 3421 2692 3476 ad
2720 3418 3080 3477 commodam
3112 3412 3506 3486 aequalitatem
3540 3423 3668 3466 san-

2023 3520 2253 3571 ctorum
2304 3508 2906 3576 commemorationes,
2968 3503 3212 3575 singulis
3278 3498 3665 3557 Kalendarum

2025 3604 2253 3672 diebus,
2282 3600 2566 3656 concinna
2595 3596 2864 3652 methodo
2887 3594 3217 3650 reduceret.

2098 3712 2217 3763 161.
2270 3704 2675 3777 Expendamus
2727 3686 2906 3772 ipsa‘m
2954 3696 3198 3754 Usuardi
3265 3692 3663 3765 praefationem

2025 3793 2325 3852 exillustri
2340 3792 2537 3849 codice
2553 3793 2754 3846 nostro
2774 3785 3117 3854 lleriniensi,
3135 3783 3284 3840 unde
3300 3780 3457 3835 illam
3481 3777 3664 3834 edidit

2026 3882 2342 3940 Bollandus
2370 3896 2495 3952 cap.
2534 3882 2585 3948 4,
2612 3878 2652 3950 §
2672 3882 2726 3947 7,
2760 3888 3002 3946 quaeque
3028 3874 3082 3927 in
3110 3870 3240 3927 aliis
3264 3868 3438 3925 etiam
3470 3869 3668 3922 vetus-

2026 3970 2417 4029 tiscodicihus
2430 3966 2744 4039 reperitur;
2759 3969 2815 4020 et
2831 3962 2922 4019 vel
2938 3962 2993 4017 in
3009 3962 3133 4033 ipso
3148 3959 3347 4015 Adone
3362 3954 3665 4012 Leodiensi

2027 4062 2080 4117 S.
2120 4058 2435 4128 Laurentii,
2469 4061 2584 4112 etc.
2618 4053 2867 4111 Domino
2892 4048 3313 4107 venerabiliter
3340 4040 3666 4112 recolendo,

2024 4149 2254 4207 Karolo
2285 4161 2493 4218 regum
2512 4144 2790 4217 piissimo
2823 4140 2927 4209 (al.
2961 4137 3248 4211 Augusto)
3280 4131 3667 4201 Husuardus,

2024 4248 2374 4308 quanquam
2395 4232 2683 4302 indignus
2702 4227 2977 4286 sacerdos
3000 4226 3059 4282 et
3074 4222 3671 4292 monachus,prxsen—

2028 4326 2106 4382 tis
2124 4325 2231 4381 xvi
2240 4319 2699 4395 prosperitatem
2716 4317 2773 4373 et
2789 4318 3019 4374 cete-race
3040 4314 3141 4371 bea
3150 4311 3423 4381 tudinisg
3433 4308 3663 4395 loriam.

250 4394 322 4473 ad
360 4431 502 4474 saec.
538 4432 593 4472 ιν
625 4394 1083 4483 Benedictinum,
1122 4418 1288 4487 parte
1318 4429 1379 4480 ιι,
1428 4428 1555 4485 pag.
1602 4394 1690 4485 887,
1739 4420 1914 4485 atque
1946 4445 1999 4503 Β
2041 4394 2303 4469 Vestram
2348 4408 2593 4465 minime
2635 4404 3246 4503 latet-celsitudinem,
3281 4413 3311 4454 0
3353 4394 3670 4503 reverenda

250 4507 309 4563 in
346 4504 609 4561 Historia
662 4502 933 4560 Ecclesiae
982 4502 1326 4559 Parisiensis
1368 4500 1589 4558 laudati
1643 4502 1717 4557 du
1763 4503 1913 4573 Bois,

252 4598 431 4665 parte
457 4609 475 4649 ι
503 4607 631 4664 pag.
654 4596 775 4661 467,
795 4592 1008 4662 quibus
1031 4592 1083 4645 in
1106 4590 1453 4647 stabilienda
1481 4589 1919 4645 Usuardimtate

250 4688 310 4738 et
337 4681 708 4755 professione
741 4680 974 4737 omnino
1005 4679 1457 4745 subscribimus;
1506 4678 1558 4732 in
1605 4677 1710 4732 hoc
1750 4677 1918 4748 plane

252 4769 666 4839 dissentimus,
703 4769 861 4840 quod
896 4784 1027 4825 eum
1060 4767 1359 4836 Bollando,
1402 4765 1784 4834 Henschenio,
1818 4767 1922 4821 Pa-

251 4858 585 4932 pebrochio
608 4858 851 4928 aliisque
865 4855 1282 4923 omnibus,solo
1304 4859 1551 4926 excepto
1567 4853 1916 4924 Castellano,

251 4946 598 5006 Usuardum
623 4946 805 5002 Adoni
831 4948 1196 5018 przeponant,
1222 4948 1321 4999 aut
1349 4943 1614 5015 quamvis
1636 4957 1922 5015 suppares

249 5036 525 5104 videant,
540 5034 622 5091 sic
635 5038 829 5091 tamen
845 5033 1157 5106 scripsisse
1172 5031 1582 5103 Martyrologia
1602 5047 1705 5088 sua
1720 5031 1921 5087 existi-

251 5126 443 5194 ment,
462 5126 528 5180 ut
542 5123 749 5181 neuter
766 5124 947 5181 alteri
963 5123 1136 5179 notus
1132 5121 1355 5195 fuerit,
1382 5121 1441 5176 et
1454 5120 1705 5191 uterque
1724 5120 1923 5177 eodem

234 5214 386 5285 fere
399 5212 662 5284 tempore
682 5226 925 5270 manum
942 5212 1024 5269 ad
1045 5224 1189 5283 opus
1208 5224 1384 5267 suum
1406 5209 1735 5266 admoverit
1745 5227 1764 5263 .-
1790 5223 1919 5278 quae

250 5300 651 5359 ecclesiastici
674 5300 937 5358 historici
965 5300 1081 5369 jam
1119 5299 1284 5357 citati
1310 5299 1484 5355 verba
1510 5301 1681 5361 sunt,
1708 5296 1921 5366 quibus

252 5390 413 5448 adde
431 5390 818 5449 subtimidum
833 5386 1153 5446 Mabilionis
1173 5389 1482 5455 assertum,
1499 5400 1653 5441 num.
1686 5387 1802 5452 174,
1828 5382 1922 5439 Ad

256 5478 539 5537 Usuardi
568 5478 988 5536 auctoritatem
1001 5487 1189 5549 prope
1209 5473 1483 5532 accedere
1502 5472 1727 5530 Adonis
1755 5470 1920 5528 Mar-

253 5566 665 5639 tyrologimn:
697 5566 797 5625 ubi
830 5563 1141 5624 dicendum
1186 5565 1314 5619 erat
1347 5574 1458 5618 non
1491 5559 1622 5632 plus
1650 5558 1916 5618 Usuardo

2027 4501 2321 4572 princeps,
2356 4497 2623 4569 qualiter
2668 4494 2991 4552 imitandos
3022 4489 3408 4559 antiquorum
3444 4482 3667 4572 studiis

1974 4602 1979 4603 ί
2028 4571 2331 4645 monemw
2349 4585 2651 4656 quidquid
2670 4585 2735 4640 in
2761 4582 2950 4647 libris,
2975 4578 3237 4635 maxime
3254 4571 3668 4632 ecclesiastica

2031 4677 2314 4734 doctrina
2324 4674 2620 4746 congruis,
2634 4672 2832 4727 minus
2845 4667 3035 4724 debito
3044 4664 3381 4737 perfectum
3393 4659 3662 4726 habetur,

2028 4767 2126 4822 vel
2122 4779 2236 4837 pro
2245 4777 2421 4837 posse
2449 4760 2737 4832 supplere,
2753 4758 2849 4815 vel
2864 4755 3130 4827 suppleri
3150 4753 3370 4824 optare.
3394 4750 3534 4837 Quae
3548 4759 3663 4837 res,

2018 4834 2383 4927 pia—quidem
2404 4848 2829 4917 sollicitudine,
2846 4846 3051 4902 addito
3065 4843 3246 4899 etiam
3256 4838 3462 4927 vestra:
3473 4834 3669 4906 digni-

2033 4943 2177 5000 tat-is
2180 4944 2381 5014 jussu,
2404 4953 2497 4996 me
2526 4935 2827 5009 compulit,
2841 4934 2913 4991 ut
2935 4931 3213 4989 videlicet
3230 4926 3669 5014 sanctor-imire-

2030 5009 2331 5089 czu-rentes
2353 5009 2746 5101 festivitates,
2769 5037 2843 5080 ex
2863 5021 3117 5079 diversis
3162 5016 3505 5075 sanctorum
3536 5009 3661 5101 PP.

2028 5099 2489 5189 Martyrologiis
2529 5116 2596 5171 in
2624 5110 2950 5185 quamdam
2983 5107 3311 5177 exciperem
3350 5099 3661 5189 unitatem.

2030 5188 2374 5265 Recoleba‘m
2402 5202 2777 5275 siquidemin
2789 5199 2981 5258 sacris
2991 5188 3663 5257 sancto-mmzsolemniis,

2026 5292 2405 5351 multimodos
2443 5291 2708 5365 propriae
2750 5283 3129 5360 negligentia
3167 5292 3471 5347 excessus;
3510 5275 3669 5365 quod

2027 5397 2119 5440 me
2126 5383 2464 5456 plurimum
2480 5379 2560 5435 ad
2571 5379 2676 5435 hoc
2688 5377 2773 5434 eis
2785 5377 2850 5432 in
2866 5374 2979 5430 Dei
2999 5384 3197 5428 amore
3209 5364 3666 5456 per-solvendum

2027 5451 2271 5544 cogebat
2300 5468 2588 5541 ofﬁcium,
2614 5465 2672 5521 et
2713 5464 2769 5521 si
2802 5476 2921 5519 non
2943 5459 3095 5518 satis
3137 5458 3430 5525 idoneum,
3467 5451 3667 5544 nimie

2028 5537 2304 5629 inscium,
2320 5537 2447 5615 sed
2467 5555 2666 5613 tamen
2685 5551 2906 5622 divino,
2931 5549 3004 5609 ut
3022 5546 3401 5623 conﬁdebam,
3416 5555 3487 5599 ac
3509 5537 3666 5597 indi-
