3974 6150
351 265 458 328 389

1308 265 1682 327 USUARDUS
1719 264 2104 325 MONACHUS
2141 264 2785 326 SANGERMANENSIS.

3628 273 3720 334 8‘0

346 404 466 466 gno
491 403 690 449 eorum
706 387 1136 451 sublevandam
1151 391 1407 451 auxilio.
1432 393 1592 453 Nam
1619 391 1992 451 etoenerabi-
2021 392 2078 454 A
2106 392 2503 464 Papebrochio
2551 391 2792 461 editum,
2855 404 3147 462 nunquam
3196 389 3430 448 vidisse.
3487 392 3720 468 Torquet

357 481 522 551 lium,
543 479 900 551 Hieronymi
915 480 1466 540 cidelicetacBeda
1485 482 1909 555 presbyterum
1933 482 1999 538 in

355 569 462 626 hoc
477 569 850 641 provocabar
878 569 1228 641 descriptis;
1255 585 1509 641 quormn
1537 585 1692 628 unus
1719 571 2000 628 brevitati

354 657 674 714 admodum
689 657 950 727 studens,
985 658 1142 715 alter
1178 672 1313 715 vero
1351 661 1736 731 quamplzeres
1773 661 1999 716 Kalen-

355 745 574 802 darum
601 745 730 802 dies
759 745 1014 802 intactos
1050 746 1417 817 relinquens,
1449 749 1643 804 multa
1669 748 2000 818 probantur

357 833 544 904 hujus
563 833 831 904 opusculi
841 833 1209 904 prateriisse
1226 837 1582 894 necessaria.
1600 837 1864 894 Adhibui
1883 839 1944 909 ig
1953 838 1998 893 i-

360 921 462 978 tur
506 921 676 978 Flori
719 921 1122 980 memorabilis
1159 924 1298 994 viri,
1343 940 1622 982 common
1654 939 1685 982 e
1719 926 1998 982 PLuuieus

360 1023 418 1067 IN
461 1025 653 1066 EODEM
691 1025 930 1066 NEGOTIO
968 1027 1205 1070 SECL‘NDI
1245 1029 1397 1070 LIBRI
1450 1029 1784 1083 COMMENTA,’
1825 1028 1998 1085 quem

359 1097 624 1154 maa'ime
637 1097 1014 1167 imitandum,
1045 1101 1114 1156 in
1133 1101 1230 1158 bis
1257 1115 1390 1172 qua
1407 1102 1540 1159 eisa
1567 1103 1712 1159 sunt
1735 1115 1999 1174 congrua

363 1197 436 1240 ac
452 1186 737 1242 memoria
762 1186 966 1258 digna,
1002 1189 1222 1258 censui,
1253 1191 1402 1260 quia
1421 1190 1610 1260 plura
1639 1204 1862 1247 summo
1877 1191 2000 1248 stu-

363 1271 480 1341 dio,
511 1287 644 1342 qua
663 1271 916 1332 breviter
922 1277 1283 1348 perstrinxi,
1305 1279 1365 1334 et
1380 1279 1644 1335 correxit
1661 1279 1720 1334 et
1736 1279 1996 1336 addidit.

434 1364 554 1416 162.
587 1362 886 1418 Postrema
919 1363 1041 1421 haec
1069 1365 1326 1420 Adonem
1354 1366 1756 1423 vivacissimus
1792 1365 2000 1423 colori-

369 1448 474 1504 bus
501 1449 878 1516 adumbrant;
912 1455 969 1506 et
1006 1451 1140 1508 licet
1177 1453 1229 1507 in
1262 1453 1488 1521 vulgari
1518 1455 1763 1510 Usuardi
1798 1456 2000 1526 przefa-

362 1535 520 1590 tione
543 1550 573 1590 a
605 1536 884 1606 Grcveno,
918 1537 1139 1594 Molano
1158 1539 1401 1610 aliisque
1424 1542 1602 1610 edito,
1634 1541 1803 1611 paulo
1827 1542 1999 1597 aliter

363 1623 782 1692 exprimantur,
822 1629 978 1680 recte
1012 1641 1317 1697 perpensa,
1349 1629 1550 1682 eodem
1595 1645 1836 1699 prorsus
1859 1630 2001 1685 reci-

2108 481 2470 539 eruditorum
2514 480 2740 552 ingenia
2787 485 2846 537 et
2887 480 3137 550 majores
3164 483 3396 537 nostros
3433 481 3630 540 mirum
3673 485 3722 543 in

2109 569 2339 626 modum
2363 571 2595 626 vexavit
2623 569 2914 628 secundus
2941 569 3040 625 ille
3063 569 3230 628 Flori
3262 569 3432 640 liber,
3457 585 3622 641 quem
3644 578 3724 630 tot

2109 658 2364 726 saeculis,
2405 665 2461 714 et
2510 658 2836 730 praesertim
2879 658 3141 730 proxime
3175 659 3494 729 praeterito,
3530 659 3724 720 frustra

2109 747 2418 816 quaesitum
2470 747 2750 818 novimus,
2785 751 2841 803 et
2882 761 3054 818 porro
3091 747 3304 804 frustra
3347 749 3724 820 quaerendum,

2107 835 2238 905 nisi,
2273 840 2332 891 ut
2369 851 2542 907 supra
2572 836 2854 905 dicebam,
2887 835 2978 891 vel
3015 835 3373 906 paradoxum
3417 835 3604 906 nobis,
3644 839 3724 894 vel

2110 925 2448 982 miraculum
2479 925 2658 981 sobrii
2690 929 2748 980 et
2781 924 2988 994 vigiles
3008 925 3311 995 ﬁngamus.

2182 1019 2300 1070 164.
2337 1015 2644 1084 Negotium
2675 1014 2906 1070 facessit
2937 1013 3122 1070 solum
3145 1013 3312 1070 F’lori
3341 1029 3568 1085 nomen,
3593 1016 3729 1085 quod

2109 1103 2155 1157 si
2191 1118 2301 1158 non
2331 1101 2688 1174 appellasset
2727 1103 3042 1170 Usuardus,
3078 1117 3224 1172 opus
3251 1102 3437 1174 ipsum
3481 1102 3728 1174 citatum,

2109 1195 2226 1246 tam
2251 1191 2428 1261 clare,
2463 1195 2580 1247 tam
2622 1195 2846 1262 aperte,
2882 1195 2998 1246 tam
3035 1191 3342 1262 perSpicue
3374 1191 3630 1246 Adonem
3658 1205 3733 1247 re-

2112 1279 2312 1348 ferret,
2349 1283 2412 1336 ut
2444 1293 2514 1334 ex
2540 1278 2684 1334 solis
2714 1279 2965 1349 depictis
2999 1277 3528 1348 cbaracteristicis,
3561 1279 3732 1348 legen-

2110 1368 2254 1423 tium
2268 1373 2324 1422 et
2341 1367 2760 1423 conferentium
2786 1366 2986 1422 oculos
3008 1366 3417 1423 veritatisluce
3441 1366 3735 1438 perfunde-

2111 1460 2219 1510 ret.
2274 1457 2698 1512 Describuntur
2745 1455 3030 1525 siquidem
3069 1456 3393 1512 commenta
3431 1455 3674 1513 collecta
3710 1469 3736 1511 e

2098 1545 2383 1614 pluribus
2407 1545 2470 1600 in
2489 1544 2719 1614 negotio
2745 1543 3154 1614 Martyrologii,
3183 1558 3311 1614 quae
3334 1543 3388 1598 in
3405 1545 3608 1614 priori
3625 1558 3736 1614 ope~

2109 1647 2174 1689 re
2195 1633 2362 1688 Beda:
2385 1648 2414 1687 a
2440 1632 2606 1687 Floro
2629 1635 2800 1686 aucto
2819 1633 3037 1688 omissa
3061 1632 3322 1699 fuerant;
3342 1632 3396 1687 in
3422 1631 3537 1688 hoc
3561 1635 3734 1688 autem

363 1712 526 1768 dunt.
565 1713 652 1768 Sic
684 1713 762 1768 ibi
801 1714 1015 1783 legitur
1041 1734 1052 1768 :
1090 1719 1346 1781 Quorum
1365 1719 1540 1788 prior
1574 1718 1850 1775 breritati
1879 1721 2001 1776 stu-
2029 1738 2084 1798 Β
2112 1722 2342 1789 addita,
2363 1727 2423 1776 ut
2448 1721 2832 1790 quamplures
2855 1719 2936 1774 illi
2962 1721 3378 1776 Kalendarum
3391 1721 3528 1778 dies
3545 1719 3738 1778 intacti

361 1801 521 1866 deus,
557 1804 712 1859 alter
739 1816 871 1860 vero
901 1806 1284 1875 quamplures
1313 1807 1729 1863 Kalendarum
1753 1809 1879 1864 dies
1913 1809 2002 1864 in-

363 1886 549 1944 tactos
577 1890 940 1959 relinquens,
973 1893 1164 1947 multa
1194 1893 1577 1949 inveniantur
1612 1895 1794 1966 hujus
1811 1897 2004 1967 operis

352 1976 752 2046 prateriissse
769 1981 1105 2035 necessaria
1117 1999 1136 2033 .-
1154 1994 1300 2049 quos
1323 1982 1518 2036 tamen
1531 1988 1781 2052 secutus,
1801 1985 2004 2040 censui

363 2061 422 2117 et
433 2061 601 2119 Flori
626 2065 1031 2122 memorabilis
1059 2067 1180 2122 ciri
1200 2067 1419 2124 latiora
1430 2070 1566 2138 jam
1591 2071 1656 2125 in
1678 2084 1739 2124 eo
1765 2071 1890 2140 ipso
1910 2085 2004 2126 ne-

355 2150 525 2219 gotio
541 2152 713 2221 sequi
736 2153 1010 2224 restigia,
1025 2157 1363 2225 praesertim
1383 2157 1449 2212 in
1463 2157 1713 2213 secundo
1743 2159 2005 2229 ejusdem

366 2237 551 2306 libro;
580 2239 666 2295 ibi
697 2241 853 2296 enim
893 2243 1086 2298 multa
1121 2258 1253 2313 qua
1299 2245 1366 2299 in
1384 2246 1587 2314 priori
1615 2247 1913 2304 omiserat.
1949 2249 2010 2304 et

363 2327 628 2382 correxit
653 2327 710 2382 et
736 2329 992 2384 addidit.
1023 2331 1272 2386 Attende
1306 2333 1514 2387 Bedam
1543 2333 1634 2390 hic
1658 2335 1908 2390 describi
1933 2336 2004 2390 ab

367 2411 588 2483 Adone,
615 2428 730 2468 non
755 2429 827 2470 ex
869 2415 1060 2484 aliqua
1089 2422 1274 2487 parte,
1297 2424 1358 2474 ut
1397 2419 1596 2475 Florus
1638 2421 1876 2490 fecerat,
1903 2422 2004 2477 sed

367 2499 594 2568 integre
625 2500 996 2572 completum.
1034 2505 1215 2560 Porro
1257 2519 1328 2560 ex
1359 2505 1450 2561 his
1489 2507 1656 2577 plane
1698 2508 2006 2566 conficitur

365 2587 478 2643 tria
501 2589 826 2646 Usuardum
845 2606 964 2661 prae
987 2591 1173 2648 oculis
1193 2594 1601 2665 Martyrologia
1626 2596 1916 2667 habuisse,
1934 2613 2008 2654 ex

367 2675 582 2744 quibus
600 2679 936 2748 opusculum
961 2695 1124 2736 suum
1147 2688 1604 2750 coagmentaret,
1638 2683 1691 2738 in
1727 2685 2004 2755 prmdicta

367 2763 602 2833 vulgata
667 2767 1011 2836 praefatione
1070 2784 1338 2826 monens:
1391 2772 1474 2828 At
1513 2773 1738 2842 siquid,
1787 2777 2011 2846 prater

366 2852 526 2921 quod
565 2851 640 2908 ab
695 2854 828 2911 illis
859 2857 1076 2926 accepi,
1109 2858 1174 2913 in
1205 2858 1312 2914 hoc
1343 2859 1595 2930 tempore
1637 2863 1878 2919 auctum
1918 2865 2016 2922 vel

364 2939 662 2996 mutatum
688 2943 794 3011 est,
839 2946 1048 3014 sagaci
1092 2959 1131 3002 a
1171 2961 1264 3002 me
1289 2948 1577 3020 indagine
1622 2951 1691 3006 id
1706 2954 2012 3023 perquisi-

369 3026 494 3082 tum
521 3029 764 3100 agnosci
784 3033 1024 3102 poterit.
1066 3036 1255 3106 Atque
1279 3051 1478 3092 eccum
1511 3037 1680 3108 plane
1713 3041 2008 3098 evanescit

369 3111 543 3184 plagii
574 3117 813 3188 crimen,
846 3119 916 3174 de
947 3135 1062 3190 quo
1099 3124 1434 3192 nuperrime
1481 3126 1734 3196 memini,
1773 3129 1906 3186 dum
1937 3130 2006 3185 ad

371 3215 542 3256 unum
582 3202 725 3259 illud
768 3207 824 3261 SI
864 3222 1001 3271 eum
1043 3215 1415 3281 revocantur,
1460 3227 1822 3284 quaecunque
1866 3232 2009 3288 pure

369 3290 690 3348 Usuardina
739 3296 1060 3366 nuncupari
1111 3304 1352 3368 possunt
1395 3306 1632 3372 accepta
1674 3317 1746 3358 ex
1794 3304 2012 3363 tabulis

370 3378 682 3448 Martyrum
726 3382 1207 3454 Cordubensinm,
1250 3388 1402 3442 unde
1443 3391 1743 3446 Usuardus
1783 3396 2010 3449 sancto-

371 3479 498 3520 rum
528 3467 754 3538 Georgii
797 3474 855 3525 et
896 3471 1115 3527 Aurelii
1151 3473 1428 3544 reliquias
1463 3477 1894 3548 conquisierat;
1938 3497 2010 3537 ex

369 3551 748 3612 vicinioribus
769 3557 1082 3616 Galliarum
1113 3561 1396 3633 ecclesiis,
1424 3569 1524 3620 aut
1554 3579 1627 3620 ex
1669 3569 2010 3639 passionali-

373 3643 499 3713 bus,
527 3646 840 3718 paucisque
873 3650 1005 3708 aliis
1035 3651 1423 3724 documentis,
1452 3671 1579 3726 quae
1603 3657 1725 3714 suis
1763 3657 1906 3717 locis
1929 3661 2012 3716 in-

371 3731 567 3790 dicare
589 3737 764 3805 atque
793 3751 1136 3796 enumerare
1166 3756 1278 3798 non
1302 3745 1803 3814 praetermisimus.

441 3826 562 3879 163.
596 3823 1005 3885 Verumtamen
1048 3829 1272 3888 sincere
1313 3833 1572 3902 agnoscit
1607 3836 1906 3894 Usuardus
1948 3853 2011 3894 se

369 3925 442 3966 ex
461 3912 656 3970 tribus
671 3917 1037 3986 potissimum
1052 3919 1478 3992 Martyrologiis
1495 3925 1814 3995 sumpsisse
1826 3941 2010 3999 prope

369 4000 590 4066 omnia;
627 4002 1092 4075 Hieronymianis
1131 4007 1378 4077 scilicet,
1437 4025 1508 4064 ex
1548 4012 1721 4081 Beda,
1767 4019 1941 4084 prout
1979 4031 2010 4072 a

371 4084 563 4156 Floro,
596 4092 804 4146 auctus
837 4091 1048 4162 fuerat,
1083 4107 1210 4162 quas
1240 4098 1376 4150 sunt
1407 4096 1576 4154 Flori
1607 4102 2012 4163 memorabilis

368 4172 491 4229 viri
523 4173 745 4232 latiora
765 4179 903 4248 jam
933 4179 998 4235 in
1027 4193 1090 4235 eo
1119 4182 1246 4252 ipso
1273 4185 1507 4254 negotio
1541 4188 1822 4259 vestigia,
1847 4195 1904 4245 et
1937 4205 2012 4247 ex

371 4261 636 4350 ejusdem
655 4261 803 4318 Flori
839 4264 987 4323 libro
1007 4270 1278 4339 secundo,
1313 4271 1618 4331 ubimulta
1645 4290 1778 4346 qua
1804 4278 1871 4334 in
1878 4280 2010 4350 pri-

371 4349 466 4406 ori
494 4351 794 4422 omiserat,
814 4353 874 4409 et
904 4355 1169 4412 correxit
1202 4358 1259 4414 et
1278 4359 1554 4418 addidit:
1584 4363 1679 4420 vel
1705 4369 1766 4422 ut
1791 4349 2009 4425 clarius

372 4436 547 4494 habet
591 4441 856 4528 praefatio
887 4443 1272 4509 Heriniensis;
1296 4447 1559 4510 Adhibui
1592 4452 1788 4523 igitur
1821 4455 2005 4528 Flori,
2038 4431 2090 4490 D

375 4527 781 4616 memorabilis
795 4532 917 4595 viri
937 4533 1182 4590 collecta
1203 4535 1520 4606 epla/ribus
1535 4539 1601 4594 in
1621 4541 1818 4598 eodem
1841 4557 2012 4616 nego-

378 4615 460 4672 tio
478 4618 730 4674 secundo
755 4618 896 4678 libri
921 4624 1261 4696 commenta,
1286 4639 1437 4688 orsu
1463 4641 1678 4682 maxum
1699 4615 2010 4689 mmouu

371 4719 430 4761 ιΝ
451 4720 560 4776 HIS,
587 4707 710 4770 QUAE
731 4722 853 4765 VISA
877 4725 1014 4765 SUNT
1033 4726 1294 4768 CONGRUA
1313 4729 1382 4769 ΕΤ
1398 4729 1666 4772 MEMORIA-3
1689 4731 1855 4774 DIGNA
1881 4734 2011 4775 CEN-

380 4808 486 4864 SUI,
531 4809 664 4859 QUIA
697 4811 874 4852 PLURA
916 4813 1105 4854 ϐυθίΜο
1145 4815 1362 4871 STUDIO,
1388 4818 1512 4867 QUE
1552 4820 1824 4862 BREVITER
1849 4823 2012 4863 PERS-

377 4895 585 4953 runvxr,
631 4899 908 4942 conuuxn‘
953 4902 1020 4942 ΕΤ
1067 4904 1314 4945 Λυυῐυιτ.
1360 4890 1692 4962 Quemnam,
1737 4895 2006 4967 obsecro,

379 4970 740 5056 manifestius
761 4975 975 5032 imitari
997 4978 1188 5047 potuit
1216 4980 1514 5036 Usuardus
1533 4994 1701 5050 quam
1728 4983 2006 5056 Adonem,

382 5051 634 5117 breviter
649 5065 1109 5137 perstringenda
1133 5081 1260 5136 qua:
1292 5067 1383 5123 hic
1415 5067 1602 5138 longis
1639 5070 1764 5127 suis
1801 5051 2010 5143 elogiis

374 5153 600 5232 summa
632 5153 834 5210 studio
870 5154 1210 5226 addiderat,
1245 5155 1660 5228 seligendoque
1701 5175 1834 5232 qua
1877 5165 2010 5222 cisa

373 5228 793 5324 suntcongrua
815 5244 874 5298 et
889 5245 1184 5302 memoria
1201 5244 1388 5318 digna
1407 5250 1432 5300 .9
1467 5247 1544 5301 De
1573 5228 1788 5306 caste—ro
1813 5251 2010 5308 Hiero-

382 5328 728 5389 nymianum,
755 5330 812 5378 et
852 5331 1058 5387 Bedam
1102 5332 1253 5390 Flori
1293 5333 1655 5391 consuluisse
1685 5337 2008 5398 Usuardum

374 5401 829 5493 Observationes
851 5421 1063 5476 nostra;
1087 5420 1406 5493 saepissime
1429 5423 1764 5492 ostendunt,
1785 5439 1887 5480 nec
1912 5428 2010 5482 mi-

379 5505 484 5547 nus
503 5487 661 5547 clare
693 5493 965 5556 evincunt
991 5487 1220 5566 Florum
1245 5510 1428 5584 illum,
1455 5513 1526 5569 ab
1559 5487 1917 5569 Hensclienio
1949 5521 2005 5573 et

2042 3083 2092 3146 C

2112 1825 2183 1864 ex
2205 1809 2356 1864 omni
2392 1813 2556 1879 parte
2596 1807 3000 1878 implerentur,
3029 1808 3230 1878 sicque
3263 1809 3542 1865 adessent
3569 1809 3740 1864 omnia

2111 1898 2247 1953 talis
2285 1899 2552 1970 opusculi
2581 1898 2938 1971 necessaria.
2966 1899 3036 1950 At
3071 1895 3366 1967 suppletio
3406 1896 3510 1953 illa
3548 1896 3743 1953 Adonis

2114 2001 2225 2042 non
2250 2000 2477 2056 semper
2497 1999 2760 2056 congrua
2790 1988 2900 2054 est,
2926 2000 3028 2040 nec
3050 1985 3344 2041 memoria
3378 1985 3434 2039 in
3477 1987 3745 2054 Martyro-

2114 2074 2285 2144 logiis
2308 2073 2627 2130 referenda:
2641 2073 2847 2144 digna,
2863 2088 2991 2128 cum
3017 2072 3276 2128 historia:
3299 2073 3602 2142 longiores
3619 2073 3741 2128 sint.

2114 2177 2260 2233 quas
2279 2162 2496 2218 idcirco
2519 2162 2822 2217 Usuardus
2837 2161 3505 2233 breeiterperstringere
3525 2164 3750 2218 coactus

2119 2251 2310 2307 fuerit.
2344 2251 2519 2320 Atqui
2544 2251 2667 2305 bare
2701 2249 3018 2320 ipssissima
3045 2253 3102 2305 et
3136 2250 3388 2319 genuina
3429 2249 3654 2306 Adonis
3675 2249 3748 2305 lu-

2115 2339 2384 2395 cubratio
2423 2342 2536 2407 est,
2572 2339 2652 2393 sic
2695 2338 2750 2392 in
2794 2337 2922 2406 ejus
2965 2337 3325 2409 praefatione,
3363 2352 3542 2408 quam
3585 2338 3749 2394 babes

2117 2442 2269 2482 unm.
2299 2431 2419 2482 157.
2446 2425 2766 2481 deliueata:
2791 2427 3058 2497 Neputes
3076 2427 3243 2483 mein
3262 2426 3370 2484 lioc
3388 2440 3569 2498 opere
3587 2429 3650 2484 in
3664 2441 3752 2484 oa-

2116 2529 2291 2572 cuum
2317 2515 2711 2572 laborasse...
2750 2515 3027 2572 Primum
3040 2517 3184 2588 fuit
3207 2516 3534 2586 imperium
3557 2530 3626 2574 ac
3633 2518 3754 2588 jus-

2115 2605 2204 2662 sio
2233 2605 2573 2662 sanctorum
2601 2605 2889 2673 rivorum,
2914 2605 2986 2660 ut
3014 2605 3434 2675 supplerentur
3463 2605 3622 2674 dies,
3657 2605 3755 2675 qui

2117 2693 2339 2764 absque
2402 2691 2738 2748 nominibus
2782 2692 3140 2763 martyrum,
3190 2693 3257 2748 in
3325 2691 3756 2764 Martyrologio

2121 2782 2304 2853 (quod
2329 2780 2688 2837 uenerabilis
2709 2780 2878 2837 Flori
2903 2781 3103 2838 studio
3123 2781 3190 2836 in
3214 2779 3414 2838 labore
3432 2781 3641 2838 domui
3659 2782 3756 2837 Be-

2117 2871 2206 2928 da
2225 2869 2584 2938 accreverat)
2605 2869 2836 2925 tant-mn
2855 2869 3048 2925 notati
3069 2869 3258 2926 erant.
3284 2868 3520 2925 Deinde
3540 2868 3759 2927 collecti

2118 2959 2509 3028 undecunque
2517 2957 2870 3029 passionum
2889 2956 3117 3014 codices
3137 2957 3408 3013 animum
3436 2957 3508 3012 in
3539 2958 3760 3015 tantum

2119 3047 2578 3115 suscitaverunt,
2601 3045 2675 3102 ut
2687 3059 2804 3101 non
2823 3045 3012 3101 solum
3031 3045 3370 3116 prateritas
3391 3044 3632 3102 dierum
3640 3045 3759 3119 fes-

2124 3135 2406 3192 ticitates.
2418 3177 2453 3190 ..
2475 3133 2660 3190 latius
2679 3133 2741 3190 et
2741 3133 2933 3204 paulo
2945 3133 3215 3204 apertius
3235 3132 3644 3202 discriberem,
3659 3134 3758 3190 etc.

2121 3225 2251 3280 Haec
2294 3227 2423 3278 toto
2464 3236 2640 3292 opere
2684 3221 2982 3277 Adoniano
3023 3221 3241 3291 ubique
3291 3234 3354 3276 se
3395 3221 3677 3293 produnt,
3705 3226 3758 3278 et

2123 3311 2332 3368 diebus
2351 3309 2597 3380 singulis
2615 3295 2746 3366 cum
2769 3309 3096 3366 Usuardina
3117 3309 3529 3366 contractione
3547 3325 3579 3367 a
3605 3310 3762 3366 nobis

2121 3403 2478 3470 comparata,
2507 3398 2590 3454 sic
2621 3403 2922 3468 parentem
2956 3401 3434 3468 commonstrant,
3461 3399 3552 3456 sic
3583 3413 3759 3470 genus

2122 3487 2452 3557 indigitant,
2471 3490 2532 3542 ut
2561 3485 2714 3542 ﬁlius
2738 3485 3268 3556 nullusgenitorem
3291 3485 3502 3543 melius
3524 3489 3758 3556 referat,

2121 3578 2231 3632 hoc
2252 3579 2362 3645 est,
2388 3579 2452 3631 ut
2491 3573 2648 3630 nulla
2678 3575 2932 3646 epitome
2955 3574 3137 3644 magis
3165 3588 3428 3646 congrua
3446 3577 3759 3646 memoria,

2121 3665 2327 3736 digna,
2355 3667 2410 3720 et
2435 3661 2882 3735 Martyrologico
2911 3663 3187 3736 opusculo
3215 3665 3580 3734 necessaria,
3616 3668 3763 3721 eate-

2122 3767 2230 3809 nus
2249 3753 2483 3808 inventa
2521 3751 2614 3807 sit.
2642 3751 2782 3818 Quis
2825 3751 3004 3822 igitur
3034 3751 3189 3808 ultra
3221 3751 3454 3808 dubitet
3476 3753 3624 3825 quin
3660 3752 3762 3810 sub

2122 3842 2289 3899 Flori
2319 3840 2567 3906 nomine,
2599 3839 2691 3895 vel
2736 3855 2840 3912 pro
2869 3839 3036 3897 Flori
3068 3839 3218 3898 libro
3245 3840 3524 3912 secundo,
3552 3840 3763 3899 Adonis

2121 3929 2591 4002 Martyrologium
2623 3929 2922 3986 Usuardus
2951 3929 3374 4000 descripserit?

2192 4021 2312 4074 165.
2349 4019 2504 4074 Nova
2540 4018 2664 4074 haec
2709 4032 2836 4075 esse
2867 4016 3046 4088 dicas,
3079 4018 3221 4074 mira
3259 4016 3563 4083 clamites;
3597 4015 3766 4074 nihil-

2120 4106 2348 4163 ominus
2370 4110 2593 4162 certum
2617 4105 2729 4160 erit
2751 4108 2808 4161 et
2834 4105 3228 4162 indubitatum
3251 4107 3404 4177 quod
3428 4107 3761 4175 scribimus,

2121 4196 2296 4265 idque
2319 4193 2795 4290 manigastissime
2809 4197 3063 4267 reteges,
3091 4194 3134 4252 si
3167 4195 3388 4266 prolem
3419 4210 3552 4252 cum
3576 4199 3758 4268 patre,

2120 4283 2168 4340 si
2191 4281 2520 4340 Usuardum
2555 4297 2686 4338 cum
2729 4281 2926 4338 Adone
2959 4283 3304 4354 contuleris,
3339 4282 3430 4340 vel
3475 4288 3545 4340 ut
3582 4281 3761 4340 labori

2122 4385 2345 4443 parcas,
2363 4369 2413 4427 si
2438 4370 2805 4441 quotidianus
2827 4371 3280 4428 Observationes
3301 4375 3538 4430 nostras
3557 4385 3764 4442 expen-

2122 4459 2296 4517 deris.
2317 4462 2386 4516 At
2415 4473 2628 4530 quaeso,
2648 4459 2892 4530 inquies,
2911 4458 3008 4530 qui
3032 4459 3295 4516 Usuardo
3319 4459 3374 4514 in
3399 4465 3649 4516 mentem
3672 4472 3764 4514 ve-

2124 4549 2247 4604 nire
2289 4548 2476 4620 potuit
2512 4547 2739 4604 Florum
2773 4547 3091 4616 nominare,
3123 4562 3252 4604 cum
3278 4547 3428 4604 forte
3461 4549 3651 4604 adhuc
3673 4562 3764 4603 su-

2124 4641 2351 4708 perstes
2373 4640 2524 4693 esset
2561 4637 2682 4692 Ado
2714 4637 2856 4706 ipse,
2893 4650 3070 4692 verus
3107 4635 3503 4707 Martyrologii
3538 4640 3759 4702 auctor,

2121 4739 2329 4780 nomen
2353 4739 2519 4780 suum
2551 4723 2605 4778 in
2642 4725 2829 4780 fronte
2861 4723 3061 4794 operis
3088 4726 3206 4780 tam
3229 4722 3386 4779 clare
3409 4723 3759 4795 exprimens,

2119 4813 2244 4870 Ado
2254 4811 2535 4883 peccator
2559 4811 2763 4868 lectori
2783 4811 3056 4870 salutem.
3074 4811 3134 4867 Id
3161 4826 3269 4881 qua
3297 4811 3526 4868 ratione
3552 4812 3762 4867 factum

2123 4899 2296 4955 fuerit
2320 4898 2590 4970 equidem
2616 4899 2795 4954 miror
2816 4904 2872 4954 et
2898 4899 3102 4969 ignoro
3121 4915 3134 4964 ;
3153 4899 3253 4954 sed
3279 4898 3356 4954 ita
3381 4913 3504 4954 rem
3527 4900 3758 4966 habere,

2121 4986 2226 5042 hoc
2258 5001 2345 5042 me
2393 4985 2784 5056 apertissime,
2819 4988 3104 5057 perpetua
3148 4985 3303 5041 hisce
3344 4985 3565 5056 aliquot
3599 4982 3763 5040 anuis

2121 5073 2455 5145 collatione,
2473 5074 2831 5146 comperisse
2855 5075 3150 5130 existimo.
3168 5073 3393 5143 Eﬂ‘ugio
3419 5075 3605 5130 utitur
3626 5073 3762 5127 Cas-

2120 5161 2394 5233 tellanus,
2421 5161 2904 5234 prmfationisadi
2935 5163 3218 5218 Bimestre
3243 5177 3370 5234 pag.
3387 5167 3477 5232 23,
3504 5161 3632 5219 dum
3655 5158 3767 5216 dif-

2121 5250 2442 5308 ficultatem
2467 5249 2788 5319 declinans,
2817 5249 2892 5305 ait
2925 5252 3252 5308 Usuardum
3277 5267 3386 5306 non
3411 5262 3676 5308 asserere
3698 5263 3763 5304 se

2122 5337 2350 5394 Florum
2367 5335 2766 5407 descripsisse.
2787 5338 2856 5392 At
2873 5337 3080 5394 melius
3095 5336 3245 5393 idem
3263 5337 3384 5408 ipse
3400 5337 3454 5392 in
3470 5349 3764 5409 operesuo

2121 5442 2250 5498 pag.
2281 5429 2405 5498 764,
2425 5426 2663 5496 fatetur,
2688 5427 3014 5484 Usuardum
3040 5425 3260 5482 Adonis
3282 5426 3760 5496 manuscriptum,

2121 5516 2399 5586 Lugdune
2430 5515 2500 5574 ad
2534 5529 2594 5572 sc
2628 5514 3009 5584 destinatum,
3044 5528 3150 5586 pro
3180 5515 3350 5571 Floro
3381 5511 3764 5586 descripsisse
