3988 6158
277 273 374 331 861

1699 270 2242 331 PROLEGOMENA.

3565 265 3670 324 ΜΞ
3696 320 3699 321 ν

275 399 336 454 et
367 394 756 453 abbreviasse.
789 394 937 462 Quid
968 395 1118 451 enim
1159 394 1315 452 aliud
1349 399 1556 452 sonant
1601 395 1779 453 verba
1812 397 1908 453 illa
1941 399 1991 456 A
2024 397 2165 454 illud
2189 397 2342 468 quod
2372 394 2675 454 Usuardus
2694 392 3275 453 secunde
3307 392 3546 465 librwm,
3564 399 3663 453 aut

274 485 540 544 Adhibui
560 484 725 541 Flori
743 483 1144 540 memorabilis
1173 484 1294 540 tiri
1315 485 1561 541 collecta
1582 498 1612 540 e
1628 485 1914 556 plzaribas

271 575 339 632 in
354 574 552 631 eodem
569 573 800 643 negotio
819 573 1061 629 secandi
1091 571 1232 628 libri
1252 574 1609 629 commenta?
1639 572 1729 628 vel
1760 573 1866 630 ista
1893 593 1912 629 .-

275 664 496 723 σεπεαὶ
525 663 586 719 et
608 662 773 718 Flori
800 660 1202 718 rtemorabilis
1226 661 1445 717 latiora
1460 663 1597 732 jam
1617 662 1683 718 in
1703 676 1764 717 eo
1786 663 1913 735 ipso

268 752 505 824 negotio
535 750 708 821 sequi
732 750 1005 820 vestigia,
1020 749 1359 819 praesertim
1380 750 1445 805 in
1477 752 1728 807 secando
1760 754 1915 822 ejus-

268 840 405 898 dem
425 839 607 897 libro?
626 840 743 908 Ego
776 838 830 892 in
854 841 979 893 toto
1002 837 1112 893 isto
1146 837 1294 893 libro
1323 838 1573 895 secundo
1602 854 1712 895 non
1737 840 1911 897 alium

273 944 447 1001 quam
479 926 733 985 Adonem
774 925 965 997 video,
993 926 1250 983 Adonem
1291 926 1499 999 sentio,
1536 928 1789 985 Adonem
1834 928 1915 985 lo-

274 1022 549 1089 quentem
592 1016 785 1073 audio.

345 1123 615 1180 166.1am
648 1121 697 1177 si
738 1120 1053 1192 propositae
1097 1120 1401 1191 qumstioni
1436 1121 1729 1192 insistens,
1764 1123 1916 1193 rogi-

273 1209 455 1265 tando
479 1209 770 1265 obtundas
810 1212 868 1263 et
902 1222 1110 1264 eneces
1145 1209 1239 1279 qui
1282 1210 1546 1266 Usuardo
1575 1210 1629 1263 in
1663 1216 1913 1265 mentem

269 1297 472 1354 venire
495 1296 750 1368 potuerit
767 1295 997 1352 Florum
1012 1296 1328 1365 nominare,
1347 1312 1476 1353 cum
1499 1297 1685 1354 adhuc
1710 1300 1916 1369 proba-

238 1385 477 1441 biliter
518 1389 822 1455 superstes
858 1388 1013 1441 esset
1060 1386 1181 1440 Ado
1215 1384 1355 1455 ipse,
1395 1401 1599 1441 nomen
1649 1402 1816 1443 suum
1859 1388 1913 1443 in

272 1476 465 1530 fronte
497 1474 692 1545 operis
731 1478 845 1528 tam
888 1473 1043 1528 clare
1081 1474 1432 1544 exprimens,
1476 1476 1600 1531 Αᾰο
1638 1478 1915 1545 peccator

273 1564 480 1621 lectori
499 1562 1011 1619 salatem?adcam
1027 1563 1403 1632 qurustionem
1422 1578 1528 1617 non
1556 1564 1738 1618 habeo
1761 1566 1911 1634 quod

268 1667 550 1724 reponam
574 1651 947 1723 praeterhanc
975 1667 1139 1706 unam
1165 1651 1659 1719 verisimillimam,
1682 1669 1767 1707 me
1794 1654 1915 1723 qui-

2024 486 2259 556 prOprio
2288 489 2385 541 aut
2412 485 2601 541 alieno
2632 497 2833 540 errore
2856 483 3150 554 seductus,
3182 484 3558 555 nuncupavit.

2095 579 2214 631 163.
2254 575 2399 644 Fuit,
2430 574 2564 629 mihi
2598 578 2727 630 tuto
2757 573 2954 643 crede,
2991 574 3119 642 fuit,
3156 575 3265 630 sub
3298 572 3443 629 male
3486 574 3664 644 impoo

2021 662 2134 720 sito
2159 663 2304 718 Flori
2331 664 2580 733 nomine,
2600 663 2721 719 Ado
2751 663 2871 733 ipse
2896 665 3133 718 sanctus
3152 661 3495 718 Viennensis
3517 676 3665 733 prte-
3692 666 3699 675 '

2022 751 2133 820 sul,
2168 767 2269 807 seu
2292 752 2486 822 potius
2508 752 2636 822 ejus
2658 750 3149 820 Martyrologium,
3180 753 3464 820 perpetua
3486 753 3542 805 et
3570 765 3664 821 pe-

2023 840 2219 895 rennis
2267 840 2515 896 Usuardi
2567 839 2880 908 scaturigo,
2923 854 2996 894 ex
3028 853 3138 908 qua
3168 841 3357 893 totum
3401 841 3663 894 nostrum

2022 928 2430 998 Usuardinum,
2462 944 2568 1000 pro
2599 928 2844 984 maxima
2887 928 2973 984 sui
3017 929 3187 997 parte
3228 925 3467 982 coaluit.
3504 925 3665 981 Adde

2021 1016 2153 1073 huic
2178 1016 2682 1086 Hieronymianum
2707 1022 2766 1072 et
2791 1016 3019 1084 Bedam,
3039 1014 3190 1070 Flori
3215 1014 3410 1070 studio
3432 1012 3666 1084 amplia-

2023 1106 2166 1172 tum,
2202 1119 2275 1159 ex
2308 1104 2537 1173 quibus,
2574 1104 2619 1159 si
2660 1104 2917 1159 textrina
2970 1101 3308 1172 metaphora
3344 1115 3548 1157 rursus
3581 1100 3671 1156 uti

2026 1191 2248 1248 licitum
2273 1196 2381 1261 est,
2416 1197 2639 1249 stamen
2666 1207 2765 1249 seu
2789 1191 3059 1247 catellam
3089 1190 3386 1259 conficies,
3413 1189 3511 1258 qui
3535 1189 3669 1245 sub-

2022 1282 2255 1347 tegmen
2278 1280 2608 1335 innexuerit
2632 1280 2948 1347 Usuardus,
2984 1277 3309 1348 praesertim
3334 1291 3402 1332 ex
3429 1276 3669 1331 notiori-

2024 1367 2133 1422 bus
2157 1367 2261 1437 ipsi
2287 1369 2503 1424 sanctis
2527 1368 2779 1435 Gallicis,
2815 1371 2867 1422 et
2908 1380 3111 1421 recens
3139 1364 3426 1434 acquisita
3462 1365 3669 1433 Marty-

2025 1470 2147 1510 rum
2175 1457 2631 1512 Cordubensium
2656 1457 2881 1512 notitia.
2911 1457 2970 1510 In
3005 1456 3259 1510 decursu
3293 1452 3490 1523 operis
3512 1466 3667 1522 saepe

2023 1558 2052 1598 a
2078 1544 2244 1599 nobis
2267 1544 2595 1600 dubitatum
2630 1544 2888 1599 invenies
2922 1550 3115 1599 utrum
3152 1545 3392 1597 Sanetos
3432 1539 3580 1596 alios
3607 1544 3668 1594 et

2022 1629 2657 1701 aliundeconquisitos,
2674 1629 3501 1687 enumeratishic-ductoribus
3525 1626 3663 1695 suis,

269 1713 399 1797 dem
426 1713 649 1795 arbitro
670 1740 1097 1808 conjecturam;
1119 1738 1412 1807 videlicet,
1434 1740 1664 1795 missum
1692 1713 1915 1809 Lugdu-
1944 1746 1995 1805 Β
2027 1718 2387 1787 θάἱὶιηκίεδθι
2410 1720 2729 1775 Usu-"ll'dus-
2766 1723 2830 1774 Ει
2867 1720 3099 1789 quidm"
3132 1734 3296 1774 1‘31‘03
3330 1713 3665 1809 AhlliusmOdi

269 1843 343 1883 no
369 1828 443 1882 ad
473 1828 795 1883 Usuardum
836 1826 1176 1881 Viennensis
1200 1826 1487 1880 antistitis
1510 1844 1655 1897 opus
1678 1829 1918 1898 acepha-

269 1915 387 1973 lum
422 1916 630 1980 fuisse;
675 1918 812 1985 puta
860 1914 1119 1970 caruisse
1172 1915 1507 1984 przefatione
1555 1921 1614 1969 et
1666 1918 1916 1971 Romane

271 2018 476 2075 parvo,
498 2003 591 2058 cui
618 2003 737 2072 ipsa
764 2001 1104 2072 prtefigitur.
1134 2003 1213 2055 Ne
1248 2016 1386 2057 vero
1409 2003 1594 2070 gratis
1619 2002 1673 2057 id
1699 2017 1786 2057 me
1815 2004 1916 2057 tin-

268 2105 410 2161 gere
433 2089 756 2157 existimes,
793 2103 991 2158 quaero
1022 2103 1091 2142 an
1128 2088 1273 2144 satis
1312 2088 1593 2144 credibile
1645 2089 1915 2145 videatur

270 2178 498 2235 nullum
532 2192 774 2248 usquam
808 2177 878 2232 de
918 2178 1173 2232 Romano
1214 2176 1311 2232 illo
1354 2192 1550 2247 parvo,
1597 2178 1667 2231 ab
1715 2177 1913 2233 Adone

268 2269 561 2324 Ravennae
594 2270 846 2336 reperto,
878 2267 1119 2320 verbum
1160 2266 1447 2321 facturum
1491 2266 1670 2321 fuisse
1702 2268 1914 2321 Usuar-

270 2357 430 2424 dum,
467 2356 515 2411 si
550 2354 693 2410 illud
726 2353 782 2409 in
816 2355 1005 2410 fronte
1043 2354 1239 2425 operis
1270 2354 1340 2410 ad
1380 2369 1439 2409 se
1471 2355 1800 2410 transmissi
1833 2355 1914 2410 vi-

269 2444 493 2502 disset?
550 2444 765 2499 Aberat
808 2443 987 2513 igitur
1034 2444 1351 2498 Romanum
1404 2458 1662 2514 parvum,
1709 2445 1910 2498 aberat

267 2533 516 2606 proinde
538 2536 596 2588 et
618 2535 741 2587 tota
766 2531 981 2588 Adonis
1006 2532 1303 2601 praefatio;
1329 2532 1489 2601 atqui
1515 2546 1719 2587 nomen
1746 2547 1909 2587 suum

268 2621 347 2678 ibi
375 2625 754 2692 expresserat
778 2620 920 2689 Ado,
948 2620 1103 2691 quod
1128 2620 1182 2674 in
1211 2624 1394 2675 totius
1417 2620 1613 2690 operis
1637 2619 1907 2690 decursu,

266 2709 478 2781 procul
527 2709 725 2780 dubio,
758 2708 1073 2774 omiserat;
1122 2708 1264 2763 nihil
1298 2709 1492 2778 itaque
1524 2708 1669 2763 adeo
1702 2708 1911 2762 miran-

261 2799 422 2867 dum,
451 2798 499 2855 si
534 2798 833 2855 Usuardus
868 2812 1071 2853 verum
1106 2811 1311 2853 nomen
1347 2797 1604 2852 auctoris
1633 2798 1910 2865 Martyro-

259 2886 399 2957 logii
434 2886 508 2942 ad
540 2901 601 2942 se
643 2885 801 2942 missi
833 2885 1210 2955 ignoraverit.
1248 2887 1363 2939 Hoc
1396 2884 1603 2954 posito,
1636 2884 1910 2940 videntur

257 2981 477 3033 caetera
511 2978 718 3045 sponte
752 2974 1060 3045 proﬂuere,
1087 2973 1262 3029 etiam
1297 2973 1446 3029 ratio
1478 2972 1600 3043 ipsa
1633 2988 1738 3027 cur
1769 2974 1911 3029 Usu-

261 3063 447 3121 ardus
467 3078 615 3134 opus
645 3062 786 3119 illud
821 3062 986 3118 Floro
1023 3062 1392 3117 tribuendum
1428 3061 1743 3131 putaverit.

340 3174 468 3228 167.
496 3171 652 3225 Hanc
684 3168 953 3239 equidem
977 3168 1058 3224 sic
1082 3182 1211 3224 cum
1243 3167 1433 3223 animo
1457 3168 1720 3238 concipio
1746 3186 1757 3220 :
1782 3182 1912 3223 cum

262 3259 387 3330 jam
422 3258 649 3330 pridem
692 3258 967 3327 Lugduno
999 3258 1232 3323 abesset
1268 3256 1413 3325 Ado,
1456 3256 1527 3312 ad
1561 3256 1917 3311 Viennenses

266 3345 512 3416 infulas,
557 3348 621 3401 ut
669 3344 963 3400 minimum
1005 3359 1155 3399 anno
1195 3347 1301 3401 860
1344 3346 1605 3411 evectus,
1648 3342 1916 3398 relictum

267 3433 539 3504 Lugduni
587 3448 735 3504 opus
762 3433 981 3502 absque
1024 3431 1283 3487 auctoris
1324 3431 1583 3497 nomine;
1618 3431 1916 3500 symmista

266 3522 489 3594 aliquis
519 3520 934 3577 Benedictinus
956 3520 1272 3576 monachus
1295 3519 1366 3575 ad
1398 3518 1721 3575 Usuardum
1756 3519 1920 3575 Lute-

265 3611 414 3667 tiam
463 3609 776 3675 direxerit;
809 3609 902 3664 hic
948 3622 1087 3664 vero
1135 3608 1302 3664 Bedae
1351 3605 1845 3676 Martyrologium,
1888 3622 1919 3662 a

266 3699 447 3755 Floro
502 3698 875 3766 recensitum,
907 3710 1038 3753 cum
1086 3710 1155 3751 co
1193 3709 1565 3767 componens,
1601 3708 1666 3749 ac
1716 3694 1918 3749 miram

267 3788 588 3857 utriusque
600 3784 1040 3842 similitudinem
1058 3784 1270 3855 passim
1286 3796 1627 3852 agnoscens,
1642 3781 1921 3838 continuo

266 3889 471 3932 secum
513 3874 635 3945 ipse
678 3873 953 3930 statuerit
1001 3873 1180 3927 fetum
1216 3876 1529 3941 utrumque
1561 3874 1661 3925 aut
1708 3869 1922 3938 gemel-

266 3963 394 4020 lum
417 3976 571 4033 esse,
598 3966 694 4018 aut
719 3962 924 4018 saltem
948 3961 1020 4015 ab
1051 3960 1253 4016 eodem
1270 3962 1511 4030 parente
1527 3959 1914 4029 progenitum.

268 4050 549 4120 Aliunde,
584 4065 695 4106 non
739 4050 929 4107 minus
959 4050 1081 4121 ipse
1117 4064 1286 4120 quam
1320 4047 1789 4115 Wandalbertus,
1825 4063 1923 4103 no-

266 4139 426 4197 visse
460 4141 689 4209 poterat
723 4138 949 4194 Florum
985 4137 1144 4194 illum
1176 4137 1719 4194 nominatissimum
1748 4137 1921 4193 eccle-

264 4228 379 4284 sia
428 4226 841 4297 Lugdunensis
881 4224 1326 4295 subdiacomcm,
1389 4224 1588 4295 plures
1647 4222 1919 4279 habuisse

263 4316 497 4372 veteres
526 4314 587 4371 et
612 4315 946 4371 emendatos
974 4315 1230 4380 codices;
1256 4312 1394 4383 quid
1442 4312 1623 4381 magis
1662 4310 1919 4382 proclive

268 4419 447 4476 quam
482 4404 614 4460 inde
635 4402 943 4473 collegisse
973 4402 1292 4459 secundum
1318 4402 1567 4471 aliquem
1609 4405 1664 4455 et
1707 4398 1923 4470 plenio-

268 4508 397 4549 rem
429 4491 823 4565 Martyrologii
856 4491 1070 4548 llbrum
1103 4507 1132 4546 a
1163 4491 1330 4547 Floro
1351 4504 1479 4545 esse
1510 4489 1914 4559 compositum,

266 4596 405 4638 cum
445 4582 505 4637 in
537 4582 723 4653 primo
757 4585 841 4637 tot
882 4580 1266 4637 Kalendarum
1302 4579 1424 4635 dies
1464 4577 1664 4633 intacti
1700 4591 1920 4633 reman-

269 4671 527 4729 sissent?
564 4670 685 4725 Non
718 4682 786 4724 eo
823 4668 877 4725 id
913 4668 1043 4725 dico
1077 4667 1227 4739 quod
1268 4668 1500 4723 credam
1539 4665 1759 4722 veteres
1791 4664 1921 4722 illos

271 4758 715 4832 qualescunque
739 4757 890 4813 Flori
913 4758 1247 4814 emendatos
1268 4756 1493 4813 codices
1515 4752 1917 4825 Martyrologia

271 4848 478 4917 fuisse,
533 4846 718 4903 multo
760 4847 949 4902 minus
992 4844 1461 4915 Martyrologium
1510 4843 1799 4913 integrum
1861 4846 1917 4896 et

269 4936 633 5007 completum
656 4950 685 4991 a
712 4935 878 4992 Floro
898 4934 1195 4991 conditum
1226 4952 1237 4987 :
1262 4933 1358 4990 sed
1386 4948 1500 5003 quo
1524 4931 1773 4988 nominis
1796 4930 1921 4999 ejus

272 5024 599 5083 celebritas
618 5024 886 5093 Usuardi,
914 5022 1175 5095 acephali
1202 5021 1595 5092 Martyrologii
1619 5024 1918 5077 auctorem

275 5113 592 5186 quaerenti,
629 5112 797 5169 facile
836 5127 1151 5183 suggerere
1203 5110 1459 5181 potuerit
1503 5109 1733 5165 Florum
1776 5106 1920 5163 illud

275 5202 649 5272 adornassse,
675 5201 843 5271 cujus
872 5215 943 5257 eo
973 5206 1232 5271 tempore
1257 5198 1499 5269 insignis
1539 5197 1819 5253 doctrinm
1848 5196 1921 5251 fa-

276 5306 368 5349 ma
393 5291 585 5348 adhuc
609 5295 936 5362 supererat.
955 5289 1008 5344 Si
1034 5289 1119 5343 ha:
1141 5288 1495 5356 conjecturae
1518 5300 1626 5342 non
1652 5284 1920 5356 placeant

275 5382 414 5453 quid
442 5380 818 5454 plausibilius
837 5380 893 5435 in
917 5379 1024 5434 hac
1051 5392 1111 5432 re
1134 5377 1358 5448 opinari
1376 5377 1460 5431 fas
1482 5376 1554 5431 sit
1580 5390 1608 5430 a
1632 5372 1921 5444 peritiori-

273 5470 614 5528 buslubens
637 5469 948 5538 adciscam,
969 5466 1103 5523 dum
1120 5465 1351 5521 interim
1366 5462 1919 5520 indubitatissimum

276 5562 753 5632 perstet‘purum
806 5562 1011 5631 putum
1056 5553 1274 5613 Adonis
1301 5568 1450 5626 opus
1490 5551 1688 5623 fuisse,
1736 5551 1919 5623 ipsum

2022 1812 2262 1863 sanctos
2286 1809 2579 1873 novimus;
2604 1809 2869 1863 novimus
2896 1815 3115 1862 tamen:
3145 1821 3271 1861 nam
3298 1806 3505 1862 Asclas
3528 1817 3668 1858 XXIII

2022 1896 2300 1965 Januarii,
2355 1898 2425 1951 ab
2473 1897 2901 1966 antiquioribus
2960 1900 3197 1951 notatus
3249 1910 3357 1949 non
3414 1898 3523 1961 est,
3581 1890 3662 1947 uti

2025 1998 2127 2037 nec
2153 1985 2465 2040 Philemon
2502 1988 2557 2039 et
2597 1986 2942 2055 Apollonius
2981 1999 3057 2038 vn
3100 1982 3305 2037 Martii.
3346 1978 3662 2036 Nonnullos

2025 2070 2169 2127 alios
2191 2072 2325 2127 alibi
2356 2073 2757 2129 indicavimus.
2783 2075 2903 2127 Jam
2929 2071 3218 2127 memoriae
3242 2068 3497 2125 occurrit
3523 2065 3664 2123 Gre-

2016 2160 2225 2229 gorius
2250 2160 2665 2217 Eliberitanus
2691 2162 2949 2218 Baeticus
2976 2175 3105 2215 xxrv
3130 2158 3362 2229 Aprilis,
3389 2156 3486 2226 qui
3512 2155 3663 2209 forte

2025 2246 2231 2302 melius
2276 2249 2710 2317 praetermissus
2756 2249 2980 2304 fuisset.
3026 2246 3386 2319 Septembris
3434 2259 3529 2299 xx:
3571 2248 3663 2298 est

2020 2335 2386 2404 Pamphelas
2421 2338 2659 2407 martyr
2702 2338 3022 2405 Romanus,
3056 2351 3083 2391 a
3138 2350 3226 2389 me
3266 2332 3403 2389 alibi
3448 2332 3662 2385 frustra

2022 2424 2490 2492 quaesitusQnid
2520 2424 2673 2493 quod
2709 2439 2885 2479 xxviii
2908 2422 3289 2493 Septembris,
3326 2421 3665 2475 anovem-

2023 2511 2145 2567 bris
2166 2516 2222 2566 et
2248 2527 2301 2566 γι
2325 2512 2674 2581 Decembris,
2694 2516 2890 2567 textus
2912 2515 3073 2567 totus
3089 2508 3320 2580 proprie
3344 2512 3401 2562 et
3427 2504 3666 2577 privati-

2020 2613 2110 2665 vc,
2146 2604 2209 2655 ut
2242 2599 2416 2667 vulgo
2464 2600 2776 2671 loquimur,
2812 2600 3176 2655 Usuardinus
3206 2598 3299 2653 sit.
3337 2598 3525 2651 Mense
3558 2595 3665 2651 Oc-

2021 2687 2174 2741 tobri
2204 2688 2389 2743 sancti
2416 2687 2594 2756 aliqui
2628 2689 2699 2743 ab
2735 2687 2998 2743 lfsuardo
3029 2685 3262 2742 aliunde
3296 2684 3459 2740 asciti
3510 2697 3664 2737 com-

2021 2779 2436 2844 memorantur,
2476 2780 2536 2832 ut
2569 2776 2701 2831 vide
2735 2776 2834 2843 ibi,
2870 2791 2906 2844 ι,
2942 2790 3022 2844 m,
3070 2789 3145 2844 χι,
3182 2789 3293 2844 xiv,
3324 2788 3400 2828 xx
3440 2775 3497 2826 et
3529 2785 3657 2826 xxv.

2020 2864 2151 2919 llaec
2183 2864 2237 2919 in
2272 2864 2564 2934 specimen
2599 2864 2912 2920 sufﬁciant.

2094 2955 2196 3006 166
2254 2952 2531 3021 Superest
2565 2966 2828 3020 quaerere
2854 2951 3003 3006 unde
3026 2948 3419 3024 Martyrologii
3444 2947 3533 3004 sui
3560 2946 3664 3002 ini-

2017 3038 2162 3093 tium
2190 3038 2387 3094 fccerit
2421 3038 2735 3094 Usuardus.
2770 3040 2847 3093 De
2868 3053 2932 3092 ea
2956 3036 3355 3093 controversia
3382 3035 3529 3091 satis
3569 3048 3666 3091 co-

1946 3132 1993 3194 C
2027 3126 2191 3196 piose
2224 3126 2444 3182 dictum
2477 3131 2568 3181 est
2601 3125 2959 3196 przefationis
2987 3124 3158 3195 hujus
3197 3139 3322 3195 cap.
3356 3129 3409 3194 2,
3441 3140 3471 3180 a
3507 3140 3660 3180 num.

2029 3219 2148 3269 100.
2190 3213 2360 3283 Beda,
2415 3213 2637 3284 Florus,
2690 3212 3159 3281 Wandalbertus,
3214 3214 3505 3281 Rabanus,
3540 3217 3668 3268 not-

2030 3302 2205 3357 kerus
2258 3317 2286 3357 a
2321 3301 2594 3359 Kalendis
2636 3302 2892 3359 Januarii
2931 3317 3059 3359 cum
3094 3303 3352 3357 Romano
3399 3315 3577 3372 parvo
3607 3304 3665 3356 et

2028 3390 2471 3461 Hieronymiano
2502 3393 2917 3464 Epternacens:
2949 3403 3157 3448 annum
3193 3389 3667 3446 ecclesiasticum

2027 3481 2219 3536 exorsi
2247 3481 2719 3547 sunt;credimus
2737 3485 2926 3536 tamen
2952 3478 3338 3549 Rosweydum
3363 3481 3525 3534 recte
3544 3491 3670 3533 sen-

2030 3568 2191 3635 sisse,
2227 3570 2378 3638 quod
2413 3570 2535 3625 Ado
2564 3585 2593 3624 a
2627 3584 2681 3624 IX
2715 3569 2999 3625 Kalendas
3028 3568 3305 3636 Januarii,
3330 3581 3433 3623 seu
3468 3581 3498 3621 a
3531 3566 3672 3635 vigi-

2028 3656 2104 3711 lia
2136 3657 2469 3712 Nativitatis
2509 3657 2869 3712 inchoaverit
2908 3676 2919 3711 :
2966 3656 3139 3724 idque
3185 3658 3449 3710 secutum
3490 3654 3670 3709 fuisse

2028 3745 2356 3801 Usuardum
2382 3744 2803 3813 existimamus,
2821 3760 2892 3799 ex
2909 3742 3411 3814 praestantissimis
3425 3741 3670 3797 vetusti-

2030 3833 2305 3902 simisque
2330 3832 2560 3888 duobus
2584 3831 2890 3888 codicibus
2922 3831 3105 3887 nostri
3130 3829 3393 3884 Pratensi
3419 3833 3477 3883 et
3511 3829 3671 3884 Heri-

2030 3919 2237 3991 niensi,
2266 3934 2295 3975 a
2330 3919 2543 3990 quibus
2563 3919 2827 3990 plerique
2853 3918 2949 3973 alii
2975 3916 3347 3975 dissentiunt.
3381 3917 3494 3973 Nos
3524 3916 3672 3972 intc-
3706 3973 3719 3977 -

2031 4009 2137 4063 rim
2163 4008 2380 4079 primos
2404 4013 2461 4064 et
2485 4008 2881 4065 accuratiores
2903 4006 3152 4063 Usuardi
3181 4004 3672 4075 editores,Mune-

2031 4101 2240 4167 ratum,
2260 4097 2541 4165 Belinum,
2560 4099 2903 4166 Grevenum,
2922 4099 2978 4151 et
3004 4094 3308 4165 Molanum,
3325 4099 3502 4165 atque
3524 4094 3669 4150 adeo

2031 4187 2495 4257 receptissimum
2514 4185 2630 4255 jam
2663 4199 2877 4240 morem
2916 4184 3148 4255 imitati,
3179 4184 3251 4239 ah
3280 4187 3484 4240 octava
3517 4182 3672 4238 Nati-

2031 4274 2231 4329 vitatis
2262 4278 2319 4329 et
2355 4273 2806 4330 Circumcisione
2830 4273 3072 4343 Domini,
3105 4287 3209 4329 seu
3242 4287 3270 4328 a
3297 4270 3569 4328 Kalendis
3589 4272 3674 4326 Ja-

2031 4362 2220 4418 nuarii
2242 4360 2543 4416 exordium
2569 4375 2797 4416 sumere
2814 4360 3141 4417 maluimus.
3161 4361 3350 4429 Atque
3375 4358 3466 4414 hic
3485 4358 3672 4413 totius

1950 4482 2001 4540 Ι)
2032 4455 2248 4540 nostrm
2288 4448 2752 4540 martyrologicae
2785 4449 3152 4540 geuealogiae
3202 4446 3508 4540 terminum
3551 4445 3672 4514 flgi-

2033 4554 2177 4607 mus,
2214 4538 2465 4594 deducta
2499 4539 2706 4593 arbore
2731 4538 2801 4593 ad
2822 4537 3172 4603 Usuardum,
3200 4535 3296 4605 qui
3321 4534 3519 4606 cperis
3541 4548 3671 4588 nos-

2032 4628 2105 4683 tri
2137 4627 2399 4695 materia,
2420 4626 2549 4682 ﬁnis
2571 4633 2629 4681 et
2653 4640 2861 4696 scopus
2885 4629 2995 4679 est.
3016 4626 3154 4680 Cum
3173 4637 3313 4679 vero
3334 4619 3671 4692 Martyrolo-

2027 4730 2233 4786 gorum
2258 4714 2473 4771 nullam
2521 4719 2634 4769 tam
2676 4727 3042 4770 numerosam
3084 4711 3328 4784 prolem,
3359 4709 3552 4766 nullus
3584 4712 3671 4763 tot

2030 4803 2180 4859 filios
2194 4806 2323 4874 post
2337 4817 2396 4859 se
2413 4801 2738 4871 reliquerit,
2760 4801 2814 4854 hi
2830 4816 2970 4858 vero
2985 4817 3014 4857 a
3051 4800 3308 4873 parentis
3328 4798 3520 4853 nativa
3535 4796 3671 4852 ima-

2027 4892 2159 4961 gine
2184 4891 2462 4961 paulatim
2491 4889 2855 4958 deﬂexerint,
2876 4890 2928 4945 in
2952 4905 3021 4946 eo
3046 4889 3215 4945 nobis
3241 4886 3483 4942 maxime
3516 4884 3671 4939 labo-

2030 4980 2293 5048 randum,
2332 4983 2390 5035 ut
2425 4978 2694 5035 collectis
2737 4979 2868 5034 hinc
2902 4979 3034 5035 inde
3064 4974 3448 5043 lineamentis,
3476 4986 3669 5029 veram

2032 5068 2467 5139 perfectamque
2516 5068 2776 5138 parentis
2816 5067 3064 5137 effigiem
3115 5063 3464 5121 adumbrare
3504 5075 3671 5119 cone-

2031 5171 2176 5212 mur.
2200 5156 2539 5213 Lustremus
2555 5157 2670 5226 jam
2697 5157 2891 5227 itaque
2915 5160 3094 5211 totam
3118 5151 3365 5209 Usuardi
3391 5152 3667 5210 sobolem.

2592 5261 2979 5317 ARTICULUS
3018 5261 3110 5314 Ill.

2104 5350 2483 5421 Antiguiores
2518 5349 2848 5406 Usaardini
2868 5348 3295 5421 Mariyrologii
3325 5350 3610 5408 editiones

2654 5437 3049 5495 recensentur.
3155 5429 3164 5443 ’

2104 5552 2224 5604 170.
2252 5547 2382 5618 lpsc
2406 5543 2765 5617 praefationis
2788 5543 2958 5617 hujus
2980 5545 3265 5620 principio
3287 5546 3433 5603 satis
3457 5557 3670 5616 praeoc-
