3974 6150
321 235 425 294 διε

1280 225 1652 288 USUARDUS
1689 225 2073 287 MONACHUS
2110 223 2755 288 SANGERMANENSIS.

3618 225 3722 290 ιιι

319 362 529 431 cupata
543 360 652 427 est,
671 369 799 427 quae
813 353 949 412 mihi
964 352 1056 412 hic
1071 351 1196 410 fleri
1211 358 1408 425 posset
1424 353 1669 410 maxime
1681 352 1848 410 obvia
1861 353 1960 410 ob-
1988 351 2042 413 A
2074 353 2261 408 strum
2285 351 2534 408 subinde
2556 349 2830 420 accessit,
2857 311 2970 407 sub
2993 347 3167 408 titulo
3188 317 3543 410 Rudimenti
3561 351 3720 410 noci-

312 445 577 516 jectatio,
599 444 692 502 cui
715 441 938 502 scilicet
961 444 1091 514 post
1118 445 1234 498 tam
1254 439 1466 498 multas
1485 440 1792 498 Usuardini
1815 441 1957 497 Mar-

319 532 589 606 tyrologii
621 531 934 600 editiones,
967 544 1096 600 quae
1127 529 1183 586 in
1214 530 1469 586 omnium
1499 530 1764 586 manibus
1795 534 1952 600 sunt,

319 621 443 678 haec
465 625 666 678 nostra
690 631 834 676 nova
865 622 925 674 et
950 622 1065 674 tam
1088 631 1337 688 operose
1367 616 1666 675 elaborata
1686 618 1952 689 prodeat.

320 709 490 766 Brevi
513 721 800 778 reaponso
823 721 942 762 rem
963 705 1284 776 conficiam,
1305 705 1354 761 si
1375 705 1576 762 dixero
1589 705 1805 762 nullam
1827 706 1958 764 hac-

322 803 494 854 tenus
515 796 830 853 editionem
844 799 1154 865 repertam,
1171 809 1299 864 quae
1321 808 1435 850 non
1457 793 1704 851 alterius
1729 793 1958 851 deside-

319 885 467 942 rium
491 888 624 958 post
646 897 709 941 se
733 881 1068 954 reliquerit;
1093 883 1308 954 quippe
1345 897 1477 940 cum
1513 881 1670 940 nulla
1694 881 1831 940 talis
1856 883 1954 954 sit,

323 974 461 1046 quin
505 987 697 1030 rerum
737 971 1316 1042 martyrologicarum
1347 972 1540 1042 periti,
1563 985 1773 1042 graves
1803 971 1858 1028 in
1891 985 1958 1028 ea

328 1063 596 1120 defectus
609 1067 668 1118 et
693 1060 889 1132 plures
911 1074 1190 1116 excessus
1205 1060 1720 1130 deprehenderint,
1735 1059 1881 1116 adeo
1897 1064 1957 1116 nt

322 1149 488 1206 multi
511 1149 726 1206 eruditi
757 1148 887 1216 viri,
920 1147 1095 1204 etiam
1129 1147 1553 1217 recentissime,
1586 1147 1959 1204 doctissimos

319 1239 524 1293 Patres
549 1235 952 1292 Benedictinos
978 1235 1227 1290 coenobii
1253 1234 1438 1291 sancti
1463 1234 1730 1290 Germani
1763 1249 1793 1291 a
1825 1235 1960 1291 Pra-

324 1326 401 1381 tis
431 1323 836 1392 excitaverint,
868 1326 926 1378 et
960 1326 1184 1379 tantum
1216 1337 1330 1378 non
1361 1321 1690 1378 vellicando
1713 1321 1964 1394 compel-

322 1412 442 1470 lere
468 1411 660 1469 conati
685 1412 822 1481 sint,
855 1415 920 1468 ut
939 1410 1366 1480 autographum
1402 1425 1589 1481 suum,
1625 1425 1727 1466 seu
1760 1424 1961 1467 verum

322 1515 426 1558 seu
459 1501 823 1572 putatitium,
860 1496 1075 1570 publici
1127 1497 1464 1568 aliquandiu
1491 1498 1642 1569 juris
1673 1499 1962 1563 facerent;

323 1589 474 1659 quod
510 1591 579 1645 ab
613 1589 758 1660 ipsis
781 1588 1064 1643 hactenus
1091 1586 1388 1656 impetrari
1414 1601 1524 1641 non
1551 1586 1758 1658 potuit,
1785 1590 1849 1642 ut
1871 1601 1965 1642 su-

2063 437 2301 496 tiorum.
2328 441 2527 496 Annus
2553 436 2830 494 editionis
2859 435 3190 494 rectissime
3212 438 3573 496 observatus
3601 444 3714 508 est,

2067 541 2196 583 nam
2229 527 2308 582 ita
2350 527 2422 582 ad
2471 526 2693 600 calcem
2729 525 3124 596 cepiosissimi
3167 525 3380 583 indicis
3421 527 3720 600 totiusque

2065 614 2262 686 operis
2293 614 2511 684 legitur
2535 633 2548 668 :
2585 615 2750 670 Anno
2771 613 3094 671 secundum
3115 627 3358 672 carnem
3376 613 3532 672 Filii
3551 617 3666 674 Dei
3683 631 3723 674 a

2064 702 2402 760 Naticitate
2417 716 2769 771 uccccnxxv,
2804 702 2932 774 ipso
2954 701 3053 759 die
3079 702 3454 760 sanctissimi
3481 704 3648 775 regis
3669 706 3726 762 et

2063 790 2332 861 margris
2354 790 2640 860 Osualdi,
2663 789 2772 860 gui
2801 789 2892 848 est
2922 803 2954 844 ν
2973 789 3236 861 Augusti
3257 789 3641 848 sanctissimo
3659 793 3725 850 in

2071 877 2309 934 Christo
2357 877 2544 933 Patre
2583 889 2655 934 ac
2691 877 2928 933 domino
2969 877 3168 934 nostra
3201 875 3384 934 Sis-to
3408 891 3584 950 papa
3611 879 3718 937 IV.

2069 965 2488 1023 illustrissimo
2510 964 2984 1036 proclarissinue
3002 965 3208 1021 domus
3227 964 3488 1022 Austris:
3513 965 3724 1026 Frede-

2067 1055 2192 1111 rico
2241 1054 2434 1123 tertio,
2486 1055 2887 1110 Romanorum
2915 1053 3271 1124 imperatore
3308 1053 3719 1126 invictissime,

2068 1155 2298 1213 semper
2334 1142 2621 1214 Augusto,
2663 1153 2736 1197 ac
2769 1153 2878 1211 pro
2915 1153 3074 1197 nunc
3108 1140 3366 1198 Colonia
3401 1143 3726 1212 existente,-

2068 1230 2377 1302 imperiali
2408 1229 2597 1286 nobili
2627 1229 2693 1285 in
2720 1228 2865 1285 urbe
2893 1227 3222 1298 Lubecana,
3255 1229 3387 1286 arte
3413 1231 3726 1302 impresso-

2067 1320 2190 1388 ria,
2221 1319 2475 1391 speciali
2499 1317 2713 1390 gratia
2745 1317 2974 1387 dicina,
3008 1317 3354 1375 animarum
3381 1317 3450 1374 ob
3468 1319 3728 1378 salutem

2059 1407 2340 1480 ﬁdelium
2369 1406 2611 1464 inventa
2631 1423 2651 1460 :
2702 1405 3002 1477 epithoma
3031 1405 3216 1476 istud,
3233 1406 3446 1478 partes
3491 1408 3562 1464 in
3595 1421 3722 1466 sese,

2060 1495 2250 1568 juxta
2279 1495 2490 1551 mundi
2517 1506 2625 1551 sere
2679 1493 2881 1550 aetates
2909 1493 3191 1563 dicisum,
3209 1495 3390 1563 prius
3427 1493 3586 1553 alibi
3611 1509 3726 1552 non

2071 1583 2387 1655 repertum,
2431 1583 2590 1654 quod
2619 1581 2866 1654 placuit
2902 1581 3326 1639 Rudimentum
3367 1583 3725 1640 nocitiorum

325 1692 428 1748 pra
465 1677 609 1734 satis
637 1675 1077 1732 insinuavimus.
1118 1675 1335 1730 Causas
1366 1675 1441 1729 ibi
1472 1679 1818 1730 memoratas
1849 1689 1962 1729 non
1992 1696 2046 1756 Β
2072 1671 2418 1738 intitulari;
2456 1671 2568 1726 Dei
2620 1669 2946 1741 adjutorio,
3009 1669 3117 1739 qui
3155 1683 3448 1741 supernas
3501 1683 3600 1728 res
3656 1684 3726 1728 ac

325 1771 528 1837 repeto
548 1784 563 1832 ;
587 1766 839 1820 omnium
855 1763 1039 1820 instar
1052 1763 1125 1817 sit
1147 1761 1407 1817 Bollandi
1426 1763 1606 1818 nostri
1623 1763 1962 1818 meditatum

320 1869 349 1910 a
375 1860 459 1910 tot
485 1855 658 1910 annis
671 1851 1000 1919 consilium,
1018 1850 1088 1906 de
1110 1850 1340 1906 edendo
1369 1851 1503 1906 olim
1529 1850 1794 1906 Usuardo
1813 1851 1970 1907 nati-

317 1956 392 1998 oa
414 1942 822 2013 simplicitate,
849 1939 919 1994 ad
949 1953 1118 2008 quam
1138 1939 1460 1994 eruendam
1487 1939 1650 2010 plura
1673 1939 1842 1994 nobis
1872 1939 1969 1994 ad-

314 2031 574 2099 jumenta
597 2042 923 2094 accessere,
949 2041 1121 2097 quam
1146 2027 1198 2082 in
1227 2028 1424 2100 operis
1451 2029 1520 2084 de
1555 2028 1715 2084 Actis
1740 2030 1970 2084 Sancto-

321 2133 446 2174 rum
473 2119 855 2188 exordio,aut
877 2115 1239 2185 Rosweydus
1259 2122 1359 2172 aut
1383 2117 1700 2173 Bollandus
1733 2115 1969 2185 collige-

322 2221 386 2260 re
403 2206 722 2276 potuerint.
739 2209 811 2264 Ut
827 2212 1019 2266 autem
1033 2211 1104 2266 de
1117 2209 1225 2264 hac
1240 2211 1440 2261 nostra
1465 2205 1722 2261 editione
1743 2209 1967 2261 rectum

325 2293 550 2350 feratur
565 2295 870 2366 judicium,
900 2294 1310 2367 praemittenda
1330 2298 1424 2348 est
1447 2293 1690 2348 aliarum
1713 2291 1968 2347 omnium

319 2395 598 2448 censura;
623 2383 970 2452 subjiciendi
993 2385 1270 2453 deinceps
1307 2380 1666 2448 singulorum
1699 2379 1968 2435 codicum

325 2482 465 2525 mss.
501 2468 897 2540 characteres,
921 2487 992 2527 ex
1015 2473 1227 2542 quibus
1247 2468 1517 2524 omnibus
1538 2465 1772 2522 decerni
1794 2470 1968 2536 queat

323 2571 437 2612 non
462 2558 834 2629 superﬂuam,
852 2574 954 2615 nec
979 2557 1240 2616 inutilem
1256 2555 1615 2626 diligentiam
1631 2555 1688 2609 in
1710 2555 1817 2611 hoc
1835 2569 1971 2626 ope-

327 2658 390 2700 re
421 2659 452 2700 a
475 2646 646 2701 nobis
675 2645 1037 2704 collocatam.
1077 2649 1157 2702 En
1199 2645 1520 2717 pollicitam
1545 2643 1966 2699 recensionem.

395 2737 519 2789 171.
573 2734 760 2789 Prima
803 2735 1056 2792 omnium
1095 2747 1279 2805 eaque
1326 2731 1756 2802 antiquissima,
1800 2745 1970 2802 quam

322 2819 532 2876 saltem
563 2823 916 2892 noverimus,
942 2822 1190 2880 Usuardi
1215 2821 1398 2878 editio
1423 2834 1488 2875 ea
1523 2825 1636 2890 est,
1663 2833 1831 2890 quam
1863 2819 1971 2875 fre-

325 2907 710 2978 quentissime
737 2909 975 2965 citatam
1006 2909 1188 2965 habes
1219 2908 1326 2964 sub
1360 2906 1589 2962 nomine
1611 2906 1850 2962 Maxima:
1870 2907 1972 2962 Lu-

327 3009 574 3053 sscnlm.
595 2997 951 3053 Lnbecanam
965 3011 1120 3066 esse,
1137 3002 1358 3053 etanno
1375 2998 1513 3052 1475
1539 2995 1692 3066 typis
1715 2995 1962 3066 primum

326 3083 627 3152 vulgatum
647 3084 891 3140 tradunt
915 3085 1164 3155 majores
1185 3083 1372 3139 nostri
1406 3083 1461 3138 in
1494 3082 1678 3152 Actis,
1711 3082 1967 3152 atquein

327 3170 528 3227 multis
557 3184 758 3226 eorum
781 3171 1016 3227 schedis
1040 3171 1292 3242 reperio.
1333 3171 1392 3225 In
1417 3170 1546 3240 ipso
1575 3183 1753 3241 opere
1782 3183 1969 3225 annus

325 3263 566 3316 notatus
588 3273 702 3316 non
724 3265 990 3330 apparet,
1007 3274 1139 3315 cum
1165 3259 1243 3315 sit
1267 3273 1403 3330 pars
1432 3257 1624 3328 aliqua
1655 3272 1682 3314 a
1706 3257 1972 3327 grandio-

327 3347 374 3402 ri
399 3345 693 3403 volumine
715 3346 936 3417 avulsa,
954 3363 1090 3418 quo,
1110 3352 1174 3402 ut
1199 3347 1252 3402 in
1275 3345 1510 3416 epilogo
1535 3345 1974 3414 dicitur,sacree

311 3435 780 3508 fasciculariter
800 3435 980 3492 totius
998 3435 1208 3492 mundi
1227 3434 1496 3492 historice
1512 3432 1770 3490 ambitus
1791 3433 1974 3490 conti-

327 3523 518 3580 netur.
537 3524 705 3579 Patet
729 3523 785 3580 id
807 3537 880 3580 ex
899 3523 1236 3596 paginarum
1255 3536 1494 3579 numero
1507 3535 1757 3593 superne
1781 3521 1836 3577 in
1860 3535 1974 3578 me-

327 3611 424 3667 dio
459 3610 656 3683 primae
690 3611 856 3668 faciei
887 3611 1112 3669 calamo
1150 3610 1412 3682 ascripto
1443 3609 1539 3680 qui
1571 3609 1774 3681 incipit
1807 3623 1839 3666 a
1871 3613 1973 3666 409

329 3698 634 3772 pergitque
649 3700 719 3756 ad
743 3703 846 3757 435
869 3700 1094 3758 unicam
1119 3713 1350 3772 semper
1373 3697 1492 3754 folii
1515 3697 1717 3754 faciem
1740 3701 1969 3755 notans.

331 3790 530 3844 Forma
564 3787 618 3844 in
653 3787 772 3844 lato
805 3788 1116 3861 spissoque
1147 3787 1287 3845 folio
1327 3801 1582 3859 expansa
1612 3790 1725 3856 est,
1761 3787 1914 3844 unde
1942 3802 1973 3844 a

330 3876 502 3933 nobis
543 3878 754 3934 merito
783 3877 1063 3935 Maxima
1091 3876 1442 3950 appellatur,
1477 3875 1974 3947 distinguiturque

328 3965 401 4018 ab
423 3964 534 4019 alia
568 3965 743 4020 etiam
775 3965 1076 4021 Lubecana
1115 3965 1246 4020 anni
1285 3967 1426 4019 1490
1464 3964 1535 4018 de
1585 3977 1697 4034 qua
1731 3964 1974 4021 inferius

328 4063 586 4119 agemus.
606 4049 755 4104 Nihil
780 4049 956 4105 habet
977 4051 1100 4106 haec
1115 4049 1298 4105 editio
1313 4064 1428 4120 quo
1449 4064 1799 4121 magnopere
1821 4066 1974 4107 com-

330 4136 668 4201 mendetur;
706 4151 836 4192 nam
869 4137 991 4208 typi
1023 4139 1135 4209 ipsi
1157 4138 1457 4195 Teutonici
1492 4153 1590 4195 seu
1615 4138 1840 4194 Gothici
1863 4139 1976 4196 val-

329 4225 400 4281 de
425 4223 752 4296 imperfecti
777 4229 930 4294 snnt,
948 4231 1255 4296 scatetque
1277 4231 1464 4284 totum
1487 4241 1634 4299 Opus
1657 4226 1975 4284 innumeris

329 4311 585 4376 mendis;
626 4311 815 4384 ipsum
844 4325 984 4368 vero
1017 4313 1488 4382 Martyrologium
1531 4314 1701 4386 longe
1744 4315 1966 4372 recedit

1997 3042 2047 3105 C

2075 1759 2387 1816 subternas
2401 1759 2677 1830 fortiter,
2711 1758 2980 1815 suaciter
3010 1758 3461 1828 tranquilleque
3497 1759 3724 1830 dispen-

2074 1847 2190 1916 sat,
2213 1861 2326 1918 pe-r
2351 1847 2714 1917 magistrum
2745 1848 2964 1902 Lucam
2996 1845 3264 1903 Brandis
3281 1846 3354 1902 de
3370 1845 3725 1919 Schass,fe-

2079 1935 2277 1992 liciter
2297 1935 2387 1991 est
2403 1948 2687 1990 excusum
2711 1933 3171 2004 atqueﬂnitum.
3207 1932 3358 1988 Nihil
3399 1933 3492 1991 hic
3533 1935 3604 1991 ad
3639 1950 3725 1992 me

2078 2024 2291 2079 attinet
2315 2023 2385 2078 de
2410 2025 2530 2078 tota
2557 2021 2653 2076 illa
2689 2035 2882 2076 rerum
2911 2020 3504 2092 farraginejudicium
3543 2023 3724 2090 ferre;

2079 2126 2192 2167 non
2225 2110 2458 2167 aliunde
2501 2109 2752 2182 pretium
2796 2125 2966 2180 quam
2995 2111 3067 2165 ab
3107 2109 3514 2182 impressionis
3553 2116 3727 2169 aetate

2077 2201 2294 2256 habere
2317 2200 2570 2269 videtur,
2600 2199 2755 2270 quod
2787 2203 2844 2254 et
2876 2199 2932 2254 in
2965 2199 3440 2271 Martyrologium
3472 2201 3728 2258 derivari

2081 2288 2248 2345 facile
2281 2288 2552 2360 patimur,
2581 2288 2843 2358 quamvis
2875 2287 2945 2344 dc
2984 2292 3223 2358 caetero,
3252 2293 3318 2346 ut
3350 2289 3727 2361 purissimum

2080 2377 2466 2435 Usuardinum
2499 2392 2610 2433 non
2643 2377 3035 2434 admittamus.

2152 2470 2274 2522 173.
2293 2464 2506 2522 Etatis
2525 2465 2728 2521 ordine
2752 2464 3002 2536 priorem
3028 2465 3250 2537 excipit
3271 2465 3456 2524 editio
3479 2480 3585 2524 seu
3607 2481 3731 2524 ver-

2081 2555 2170 2610 sio
2203 2553 2449 2611 Usuardi
2486 2552 2736 2623 Belgica,
2773 2553 2940 2623 cujus
2969 2567 3072 2610 sex
3104 2553 3212 2611 soli
3242 2554 3469 2624 priores
3497 2569 3731 2612 menses

2081 2642 2234 2713 apud
2259 2657 2364 2697 nos
2387 2641 2899 2711 exstant,immixti
2924 2641 3204 2711 Legenda;
3225 2656 3417 2698 aureae
3436 2643 3643 2698 Jacobi
3661 2643 3731 2699 de

2080 2731 2388 2801 Voragine,
2425 2729 2623 2786 itidem
2649 2728 2916 2799 Belgica,
2942 2729 2998 2784 in
3033 2744 3214 2802 parvo
3249 2729 3386 2787 folio
3416 2730 3729 2798 Ultraieeti

2079 2819 2332 2889 vulgatae
2347 2831 2495 2874 anno
2510 2824 2532 2874 1
2547 2821 2667 2875 480.
2685 2818 2898 2874 Verum
2923 2831 3111 2888 neque
3127 2818 3261 2875 huic
3275 2819 3731 2876 aestimationem

2078 2911 2340 2964 vetustas
2357 2905 2602 2974 addidit,
2630 2920 2761 2963 cum
2785 2921 2918 2962 raro
2961 2920 3104 2978 pura
3128 2905 3224 2977 sit,
3251 2911 3522 2964 extracta
3545 2922 3622 2964 ex
3642 2922 3736 2965 co-

2079 2994 2206 3052 dice
2227 2993 2422 3065 aliquo
2445 2993 2619 3050 simili
2645 2994 2934 3066 Legdensi
2955 2994 3222 3066 aliisque,
3240 3010 3389 3066 quos
3409 2995 3622 3053 mediae
3638 3011 3737 3054 uo-

2079 3087 2154 3139 ta)
2186 3080 2484 3153 appellare
2516 3083 2942 3152 consuevimus,
2967 3088 3024 3138 et
3052 3084 3205 3139 intra
3231 3083 3410 3140 latius
3432 3083 3738 3142 describe-

2080 3185 2224 3226 mus.
2259 3168 2583 3238 lluicjungi
2628 3174 2819 3240 potest
2851 3170 3033 3226 editio
3069 3169 3379 3228 Florentiae
3413 3178 3732 3242 procurata

2081 3273 2184 3330 per
2214 3257 2584 3314 Franciscum
2618 3259 2689 3314 de
2723 3257 3134 3315 Bonaccursiis
3177 3273 3326 3315 anno
3359 3263 3522 3330 1486,
3559 3275 3735 3332 quam

2080 3345 2479 3402 Henschenius
2493 3347 2712 3416 reperit
2737 3346 2792 3402 in
2819 3346 3176 3404 bibliotheca
3202 3347 3566 3420 Strozziana,
3583 3363 3735 3406 eam-

2081 3448 2193 3506 que
2213 3448 2345 3491 cum
2367 3433 2626 3490 editione
2644 3434 2890 3490 Greveni
2905 3432 3156 3507 aliisque
3172 3435 3400 3493 duobus
3419 3436 3734 3495 codicibus

2081 3521 2425 3580 Usuardinis
2450 3535 2587 3578 mss.
2613 3522 2884 3590 contulit,
2911 3522 3099 3580 altero
3128 3523 3389 3595 ejusdem
3417 3524 3735 3582 bibliothe-

2083 3623 2166 3666 cae
2195 3608 2566 3679 Strozzianaa,
2594 3607 2785 3664 altero
2814 3609 3069 3667 Medicae.
3106 3609 3254 3676 Quid
3287 3608 3359 3666 de
3389 3625 3459 3668 ea
3492 3625 3734 3669 censen-

2083 3696 2218 3753 dum
2241 3695 2319 3778 sit
2351 3711 2460 3752 non
2483 3701 2572 3753 est
2599 3695 2734 3752 mihi
2760 3697 3052 3767 integrum
3081 3697 3174 3754 hic
3197 3697 3575 3770 depromere,
3602 3715 3730 3757 cum

2084 3785 2207 3842 sola
2239 3789 2504 3864 extracta
2527 3786 2926 3843 Henschenius
2957 3786 3190 3858 propria
3230 3801 3398 3844 manu
3431 3788 3732 3860 descripta

2085 3873 2408 3943 reliquerit,
2445 3888 2574 3944 quae
2596 3873 2817 3954 passim
2849 3873 3003 3930 inter
3035 3875 3309 3932 Auctaria
3341 3875 3607 3934 citamus
3632 3878 3733 3935 sub

2085 3961 2311 4017 nomine
2368 3961 2633 4018 codicum
2699 3963 3191 4018 ansmnonun.
3245 3963 3731 4034 Frequentissimi

2083 4063 2355 4105 excessus
2385 4045 2701 4106 ostendunt
2733 4065 2903 4120 quam
2945 4065 3148 4123 parum
3182 4065 3326 4122 pura
3367 4051 3443 4108 sit
3490 4053 3730 4123 praefata

2083 4136 2296 4206 editio,’
2313 4137 2482 4207 cujus
2509 4137 2808 4208 exemplar
2829 4137 3066 4209 Neapoli
3094 4138 3164 4194 ad
3189 4140 3282 4194 SS.
3301 4140 3627 4210 Apostolos
3655 4155 3733 4197 as-

2085 4225 2329 4294 servari,
2364 4224 2733 4282 cmendatum
2765 4240 2794 4281 a
2819 4226 3064 4296 Georgio
3093 4227 3343 4283 Antonio
3382 4227 3728 4300 Vcspuccio,

2085 4311 2402 4384 praeposito
2424 4313 2780 4370 cathedralis
2809 4313 3076 4372 ecclesiae
3101 4314 3472 4386 Florentinae,
3509 4316 3730 4374 notavit

327 4403 402 4458 ab
447 4402 562 4490 Usu
584 4401 766 4490 .rdina
804 4400 1081 4490 puritate,
1119 4415 1271 4471 saepe
1303 4402 1534 4490 auctius
1563 4408 1624 4459 et
1654 4404 1970 4476 interpola-
1999 4394 2051 4453 D
2083 4399 2296 4490 alicubi
2323 4402 2777 4474 Papebrochius.
2796 4404 2987 4474 Atque
3011 4404 3132 4461 haec
3153 4417 3224 4460 ex
3239 4403 3486 4460 aliorum
3512 4405 3724 4462 relatu.

333 4496 475 4560 tum,
501 4488 804 4560 simileque
827 4489 1018 4545 codici
1038 4488 1468 4560 manuscripto;
1494 4505 1662 4559 quem
1687 4507 1817 4549 cum
1843 4509 1974 4565 pro-

335 4579 462 4652 prio
485 4577 714 4634 nomine
747 4571 1043 4649 appellare
1088 4591 1201 4633 non
1243 4576 1552 4648 potuerim,
1588 4579 1974 4651 Autuerpieu-

326 4683 451 4727 sem
480 4663 826 4738 simpliciter
863 4681 1158 4738 nuncupo,
1190 4669 1253 4722 ut
1283 4680 1314 4721 a
1344 4665 1574 4721 duobus
1609 4664 1741 4721 aliis
1787 4670 1974 4738 majo-

326 4755 389 4810 ri
416 4758 479 4810 et
507 4753 772 4809 maxime
800 4751 1148 4808 discernam.
1184 4751 1464 4808 Advertat
1495 4750 1682 4808 lector
1711 4764 1844 4807 cum
1877 4752 1968 4809 Lu-

335 4840 552 4898 becana
589 4845 649 4896 et
683 4839 1100 4911 Antuerpiensi
1128 4839 1471 4911 plerumque
1501 4841 1774 4912 conjungi
1815 4841 1963 4898 codi-

329 4943 456 4984 cem
495 4929 938 5003 Ughellianum,
975 4933 1038 4985 ut
1070 4929 1209 4985 alibi
1246 4929 1453 4985 dicam.
1480 4929 1599 4984 Non
1630 4935 1719 4984 est
1752 4929 1970 5002 itaque,

333 5029 444 5082 qua
497 5017 570 5073 de
614 5017 862 5088 agimus,
915 5017 1097 5074 editio
1143 5017 1344 5088 prima)
1392 5020 1451 5073 et
1504 5017 1737 5088 optima:
1795 5023 1968 5090 notae,

331 5097 580 5157 classem
613 5105 792 5161 ferme
825 5103 1178 5177 peculiarem
1207 5102 1602 5162 cumduobus
1631 5104 1762 5162 aliis
1794 5121 1968 5162 cons-

333 5185 552 5241 tituens
599 5188 750 5244 inter
801 5191 1022 5262 primos
1072 5194 1132 5247 et
1187 5189 1430 5261 medios,
1471 5192 1706 5248 tametsi
1759 5194 1974 5266 saepius

335 5271 489 5328 inter
520 5272 830 5344 primarios
861 5279 1052 5337 locum
1081 5278 1363 5336 obtineat.

407 5363 526 5416 172.
562 5357 840 5418 Volumen
891 5366 1076 5436 ipsum
1125 5367 1380 5439 ingentis
1426 5366 1616 5436 molis,
1651 5380 1679 5422 a
1723 5382 1836 5438 quo
1863 5368 1970 5426 hoc

343 5443 821 5520 martyrologium
845 5450 1187 5513 distractum
1208 5457 1482 5528 diximus,
1507 5455 1577 5512 ad
1601 5456 1853 5514 Museum
1873 5470 1972 5512 no-

2152 4493 2273 4546 174.
2341 4491 2564 4548 Praeter
2611 4491 2971 4548 Lubecanam
3030 4491 3335 4548 maximam
3393 4492 3569 4550 citari
3634 4507 3733 4550 saa-

2083 4578 2214 4649 pius
2255 4577 2309 4633 in
2343 4579 2507 4636 Actis
2539 4578 2690 4636 solet
2720 4579 3030 4637 Lubecana
3068 4578 3179 4636 alia
3213 4579 3344 4636 anni
3393 4583 3557 4650 1490,
3605 4595 3730 4639 cum

2082 4665 2268 4723 altera
2321 4666 2678 4737 Coloniensi,
2727 4667 2905 4739 priori
2959 4667 3192 4724 omnino
3227 4667 3424 4739 simili,
3484 4669 3730 4740 ipsoque

2081 4755 2284 4811 eodem
2334 4769 2484 4812 anno
2541 4754 2799 4826 vulgata.
2858 4756 3041 4813 Habet
3112 4757 3405 4827 posterior
3488 4759 3730 4815 formam

2083 4843 2244 4914 parvi
2297 4842 2413 4898 folii
2456 4857 2586 4900 cum
2633 4844 2738 4902 hac
2787 4844 2843 4900 in
2887 4844 2996 4900 fine
3037 4843 3397 4916 epigraphe:
3455 4844 3740 4918 Egilio“

2077 4929 2582 5002 Martyrobgium
2631 4932 2894 4990 Usuardi
2938 4933 3234 5002 monachi,
3268 4934 3432 4991 sicut
3479 4932 3733 4990 habetur

2080 5019 2545 5090 augmentatum,
2565 5021 2638 5076 ut
2650 5021 2856 5091 patet:
2877 5021 3235 5094 impressam
3262 5022 3588 5095 diligenter
3618 5035 3733 5092 per

2077 5119 2170 5163 me
2210 5105 2544 5164 Johannem
2581 5109 2874 5182 Roelhoff
2899 5110 2972 5167 de
3013 5109 3258 5181 Lubech,
3292 5112 3482 5169 civem
3511 5109 3733 5169 sancta

2064 5195 2399 5268 felicisgue
2440 5196 2698 5255 Colonia
2745 5198 3106 5270 Agrippina,
3141 5200 3206 5257 ct
3255 5199 3734 5258 consummatum

2076 5284 2342 5347 feliciter
2359 5298 2513 5341 anno
2532 5285 2756 5344 salutis
2783 5299 2854 5344 ac
2875 5288 3098 5359 gratiae
3117 5302 3396 5359 ucccxxc,
3425 5289 3496 5348 in
3509 5285 3735 5360 vigilia

2079 5374 2597 5432 sanctissimorum
2643 5375 2829 5432 trium
2869 5377 3115 5448 Regum,
3139 5377 3424 5450 praefatis
3461 5374 3734 5434 civitatis

2079 5463 2468 5534 patronorum
2497 5477 2571 5522 ac
2590 5465 2988 5536 protectorum
3002 5465 3258 5538 jugiter.
3301 5465 3537 5522 Notavit
3586 5464 3733 5518 Ros-
