3988 6158
272 234 375 295 545

1701 226 2243 291 PROLEGOMENA.

3561 232 3666 296 846

271 361 537 435 weydus,
577 359 929 434 adjunctinn
959 358 1094 415 olim
1119 358 1295 416 fuisse
1330 357 1587 432 legenda
1615 370 1830 423 aurae,
1865 358 1926 413 et
1951 358 2006 416 A
2036 358 2152 427 tur,
2180 356 2229 412 si
2251 355 2514 426 attendat
2540 356 2791 427 priorem
2810 356 3275 415 consummatur»
3295 356 3474 416 fuisse
3494 359 3566 417 in
3580 361 3667 418 oi-

268 452 449 511 calde
464 451 538 509 ab
565 450 836 508 Usuardo
851 449 1132 507 variare:
1158 451 1307 520 quod
1344 454 1704 519 postremum
1736 447 1921 504 veris-

273 542 481 598 simum
496 554 629 595 esse
646 539 893 610 probant
910 537 1280 608 quotidianaa
1294 536 1537 605 uctaria,
1560 552 1633 592 ex
1652 537 1758 594 hac
1775 540 1833 594 et
1850 536 1923 591 a1-

271 633 400 685 tera
413 627 747 684 eruditione
769 626 1073 683 Lubecana
1098 626 1424 682 lfsuardino
1450 626 1639 682 textui
1666 626 1919 682 immista

272 714 636 785 autadjecta,
656 728 899 784 quorum
916 713 1162 784 plurima
1187 713 1256 770 ad
1282 713 1658 771 Colonienses
1684 713 1920 785 proprie

271 803 594 877 pertinent.
624 803 806 857 Porro
836 802 1140 858 Lubecana
1163 801 1260 858 illa
1292 801 1426 873 alia,
1450 818 1523 859 ex
1547 803 1726 874 priori
1760 802 1937 859 Colo-'

270 890 592 961 niensi,aut
611 889 818 945 saltem
833 904 906 945 ex
918 889 1333 946 consimillimo
1348 892 1743 965 manuscripto
1756 896 1921 949 certo

270 979 503 1037 certius
516 977 1107 1050 desumpta,immista
1123 983 1212 1033 est
1227 979 1546 1035 Doctrinali
1564 979 1859 1037 Clericoru
1869 996 1919 1035 m

274 1069 463 1124 forma
483 1071 691 1138 quarta
707 1065 911 1122 minori
928 1083 943 1132 ;
960 1067 1015 1122 in
1040 1081 1107 1123 eo
1130 1082 1159 1122 a
1179 1067 1357 1138 priori
1383 1067 1747 1139 discrepans,
1769 1068 1921 1139 quod

269 1155 518 1227 incipiat
556 1169 599 1234 a’
617 1154 814 1225 vigilia
838 1154 1175 1211 Nativitatis
1207 1154 1446 1210 Domini.
1467 1157 1527 1211 In
1553 1154 1665 1212 ﬁne
1688 1157 1924 1228 apponi-

272 1248 339 1300 tu
348 1260 377 1299 r
392 1264 406 1298 :
420 1243 605 1301 Solus
618 1243 731 1300 iste
751 1242 988 1300 libellus
1000 1243 1163 1300 direc
1172 1244 1286 1300 tice
1296 1257 1586 1316 quemque
1605 1245 1827 1317 dirigit
1844 1246 1926 1303 ad

268 1331 499 1390 calwn.
534 1331 816 1402 Ezplicit
837 1330 1187 1388 Doctrinale
1226 1331 1609 1402 Clericorum,
1629 1347 1754 1390 una
1792 1346 1925 1391 cum

266 1418 710 1492 Martyrologio
748 1420 1128 1489 Sanctorum,
1149 1418 1472 1492 diligenter
1491 1422 1557 1478 in
1589 1421 1786 1479 Lubeh
1816 1422 1925 1478 im-

257 1520 544 1581 pressum
580 1521 736 1565 anno
777 1520 815 1564 a
860 1507 1200 1565 Naticitate
1229 1522 1504 1565 nccccxc.
1558 1510 1798 1566 Possent
1851 1524 1923 1566 ex

270 1595 391 1653 isto
430 1594 752 1653 Doctrinali
796 1594 1070 1652 nonnulla
1102 1595 1334 1652 curiose
1367 1596 1687 1667 observari,
1722 1598 1823 1654 sed
1854 1613 1920 1655 ea

270 1684 342 1740 ad
377 1683 714 1741 institutum
755 1697 1017 1756 praesens
1050 1682 1387 1740 nullatenus
1421 1685 1733 1756 pertinent.

343 1776 469 1828 175.
496 1774 576 1827 De
604 1771 775 1842 hujus
806 1771 1220 1842 Martyrologii,
1249 1771 1340 1827 bis
1375 1786 1487 1828 uno
1518 1787 1666 1828 anno
1695 1774 1921 1847 excusi,

272 1864 523 1917 auctore
544 1860 635 1916 vel
662 1863 1122 1930 augmentatore,
1140 1859 1444 1930 disputare
1468 1859 1668 1917 multis
1702 1877 1811 1917 non
1833 1878 1929 1921 va-

276 1953 394 2005 cat.
420 1949 684 2019 Rogatus
708 1947 843 2003 olim
875 1961 905 2004 a
939 1946 1218 2002 Bollando
1241 1948 1306 2001 P.
1333 1948 1582 2005 Jacobus
1606 1949 1922 2022 Kritsradt,

275 2037 585 2094 societatis
599 2040 912 2107 nostraa,ut
929 2035 999 2091 de
1015 2036 1325 2091 Hermanni
1343 2037 1926 2097 Greven.Carthusia-

273 2126 331 2181 ni
357 2125 722 2182 Coloniensis
745 2129 919 2182 aetate
942 2129 999 2180 et
1025 2123 1269 2195 scriptis
1292 2128 1453 2180 certa
1488 2124 1679 2195 aliqua
1706 2127 1927 2198 disqui-

276 2228 411 2270 rere
425 2217 759 2284 conaretur,
776 2212 1079 2284 respondit
1094 2228 1128 2267 ν
1142 2211 1329 2267 Martii
1346 2217 1502 2281 16:50,
1522 2227 1585 2268 se
1601 2214 1672 2268 Ca
1682 2214 1926 2273 rthusiae

276 2300 439 2358 illius
461 2304 523 2356 P.
540 2300 822 2358 vicarium
838 2300 1072 2369 adiisse,
1093 2315 1166 2355 ex
1183 2315 1295 2370 quo
1320 2300 1588 2355 didicerit
1618 2304 1926 2373 praefatum

275 2389 752 2461 Martyrologium
773 2389 905 2446 anni
931 2393 1069 2445 1499
1083 2389 1453 2459 desumpta/In
1467 2403 1602 2445 esse
1617 2404 1692 2447 ea
1706 2393 1929 2463 scripto

274 2478 539 2550 quodam
572 2478 707 2533 17.58
727 2478 847 2549 (qui
875 2481 966 2533 est
990 2490 1267 2533 numerus
1292 2476 1662 2533 bibliothecae
1687 2479 1930 2536 Carthu-

278 2566 1016 2638 sianae)peromnia.Porro
1029 2565 1455 2636 admarginem
1475 2565 1641 2620 citati
1655 2567 1931 2639 Martyro-

278 2652 419 2724 logii
440 2655 666 2725 excusi,
682 2656 749 2711 in
768 2654 1042 2711 columna
1061 2653 1279 2710 dextra
1297 2653 1516 2710 ultima
1533 2667 1722 2710 caena
1741 2655 1931 2727 scrip-

279 2741 406 2800 tum
424 2757 611 2800 manu
638 2744 709 2799 P.
738 2740 1138 2814 Garneoeltp.
1163 2756 1240 2797 m.
1272 2741 1932 2801 0arthusiani:Auctor

277 2831 373 2888 est
399 2831 457 2885 ν.
483 2832 556 2887 Ρ.
573 2832 916 2888 Hermanus
940 2828 1166 2888 Grecen
1188 2831 1335 2897 {sive
1356 2828 1644 2901 Grefgen)
1657 2832 1932 2889 sacerdos

266 2920 588 2991 professus
631 2919 971 2978 (Iarthusia
1020 2919 1411 2987 Coloniensis,
1442 2920 1551 2989 qui
1593 2917 1745 2975 obiit
1777 2933 1933 2976 anno

277 3022 633 3079 nccccuxx,
653 3023 688 3062 v
716 3008 814 3064 die
832 3007 1196 3066 Novembris.
1217 3009 1285 3061 At
1319 3022 1429 3062 non
1455 3007 1601 3084 satis
1626 3007 1930 3078 explorata

277 3095 407 3153 haec
431 3110 569 3152 esse
593 3100 752 3168 patet
786 3110 858 3152 ex
883 3094 993 3151 alia
1028 3096 1345 3166 notatione,
1369 3109 1537 3165 quam
1563 3095 1742 3150 refert
1778 3096 1929 3151 idem

279 3184 603 3254 Kritsradt,
622 3198 849 3256 nempe,
870 3184 1155 3256 inprima
1177 3183 1437 3252 ejusdem
1463 3182 1683 3238 codicis
1693 3184 1932 3256 pagina

279 3273 578 3345 scriptum
617 3287 751 3329 esse
793 3273 1044 3343 antiquo
1074 3272 1419 3329 charactere
1448 3272 1679 3328 centum
1709 3285 1934 3340 annos;

280 3361 452 3420 Alibi
473 3363 562 3419 sic
576 3361 898 3429 scribitur;
907 3362 1169 3417 Joannes
1193 3358 1473 3431 Grefgen,
1492 3360 1706 3417 nostra
1726 3353 1940 3416 domm

281 3450 565 3520 Colonia,
592 3450 777 3507 auxit
791 3449 1295 3520 Martyrologium
1331 3448 1610 3505 Usuardi.
1638 3449 1705 3503 Et
1737 3449 1883 3504 infra
1913 3468 1924 3502 :

276 3541 548 3597 Joannes
566 3536 828 3611 Grefgen
850 3537 1001 3594 obiit
1021 3537 1318 3593 Kalendis
1336 3537 1586 3606 Aprilis.
1613 3536 1763 3591 Infra
1791 3555 1802 3589 :
1836 3536 1931 3591 de-

286 3643 422 3698 nuo,
450 3628 689 3684 Gnlrclx
717 3626 1180 3684 Carthusianus.
1209 3625 1354 3681 Audi
1388 3625 1557 3679 modo
1590 3622 1928 3678 schedulam

289 3731 457 3773 manu
474 3717 662 3787 ipsius
676 3714 876 3774 vicarii
894 3714 1209 3771 carthusiaa
1225 3710 1673 3779 Coloniensis,F.
1694 3710 1929 3766 Joannis

290 3805 509 3876 Lotley,
527 3808 983 3875 exaratam,quze
999 3803 1077 3858 ita
1093 3802 1288 3857 habet:
1304 3802 1392 3857 De
1391 3800 1605 3871 patria
1618 3799 1931 3870 etfamilia

290 3894 360 3950 P.
384 3895 726 3951 Hermanni
747 3891 1025 3965 Grej’gen
1045 3890 1210 3947 nihil
1223 3889 1378 3945 mihi
1394 3888 1641 3945 constat.
1658 3888 1844 3957 Alter,
1861 3888 1932 3943 de

291 3997 404 4053 quo
424 3984 780 4040 mentionem
785 3981 937 4055 feci,
938 3979 1348 4053 fuitJoannes
1368 3976 1723 4048 Scherfgen,
1733 3975 1933 4047 patri-

296 4071 414 4129 tius
442 4072 642 4129 Colon.
660 4070 727 4128 ob
748 4069 1102 4141 aﬁnitatem
1120 4067 1377 4124 nominis
1397 4080 1436 4123 a
1450 4078 1543 4121 me
1559 4065 1809 4134 relatus,
1825 4065 1933 4136 gui

291 4173 435 4217 num
454 4160 697 4231 aliquid
705 4157 1019 4230 scripserit
1030 4156 1339 4229 ignoran
1348 4168 1430 4211 nu
1438 4156 1523 4211 lla
1536 4154 1795 4211 editione
1805 4166 1933 4210 eas-

290 4250 605 4307 tatnomen
615 4248 900 4319 auctoris,
913 4246 1072 4319 quod
1090 4243 1336 4302 aliunde
1350 4243 1760 4316 conjecturare
1773 4255 1935 4314 opor-

284 4339 468 4397 tebat.

2021 447 2183 518 gilia
2194 446 2710 503 sanctissimorum
2724 446 2907 502 trium
2918 445 3161 517 Regum.
3179 447 3257 502 De
3271 450 3513 503 auctore
3528 448 3667 506 dua-

2029 549 2156 590 rum
2188 534 2429 590 aliarum
2460 533 2779 590 editionum
2813 532 3238 589 Coloniensium
3271 534 3405 590 anni
3439 540 3576 593 1515
3607 542 3667 594 et

2029 627 2186 692 1521,
2221 637 2366 692 quas
2403 621 2567 678 brevi
2602 620 3063 689 recensebimus,
3098 620 3268 677 aliter
3298 622 3666 681 sentiendum

2029 716 2150 779 est;
2174 725 2276 767 eas
2304 710 2454 766 enim
2488 709 2829 779 Bollandus,
2856 709 3259 765 Henschenius
3290 718 3347 765 et
3379 712 3667 781 Papebro-

2030 799 2196 855 chius
2208 801 2549 854 constanter
2565 797 2749 854 citant
2768 798 2879 853 sub
2894 796 3123 853 nomine
3142 796 3403 855 Usuardi
3418 797 3670 857 C’a/rthu-

2027 887 2134 945 θέω
2148 887 2227 944 C’o
2235 887 2537 957 loniensis,
2560 885 2649 943 vel
2680 887 2790 942 sub
2810 885 3199 942 Additionum
3221 884 3558 944 C'arthusia
3570 888 3672 946 σο-

2034 974 2316 1033 loniensis
2355 976 2438 1031 ad
2485 975 2843 1043 Usuardum,
2873 974 2965 1031 vel
2995 975 3105 1031 sub
3136 973 3508 1044 aequivalenti
3547 975 3674 1032 des-

2033 1064 2342 1136 criptione,
2380 1079 2506 1135 qua:
2549 1065 2699 1120 idem
2732 1063 3033 1134 designet;
3070 1064 3546 1133 frequentissime
3575 1079 3674 1121 au-

2030 1157 2149 1209 tem
2201 1154 2310 1209 sub
2357 1152 2747 1224 appellatione
2809 1153 3055 1208 Cnsvem
3099 1167 3211 1208 non
3257 1152 3514 1229 Joannis,
3567 1152 3671 1209 sed

2031 1242 2390 1311 Hcrmanni,
2427 1242 2711 1312 quamvis,
2751 1242 2797 1299 si
2838 1242 2933 1298 hic
2963 1241 3173 1297 obierit
3209 1256 3358 1298 anno
3387 1245 3545 1311 1480,
3580 1255 3673 1298 ea-

2033 1346 2159 1387 rum
2190 1329 2511 1386 editionum
2546 1335 2752 1386 auctor
2784 1343 2918 1386 esse
2942 1344 3053 1384 non
3076 1330 3353 1399 potuerit.
3382 1330 3491 1386 Sed
3512 1329 3677 1400 quid-

2034 1418 2171 1489 quid
2207 1418 2277 1473 de
2311 1419 2395 1474 rei
2427 1418 2681 1474 veritate
2709 1416 2936 1473 demum
2962 1420 3278 1485 statuatur,
3306 1421 3555 1488 utraque
3575 1416 3675 1475 illa

2033 1507 2330 1578 posterior
2379 1506 2561 1562 editio
2603 1504 2982 1563 Grcoeniana
3011 1520 3041 1561 a
3074 1505 3241 1561 nobis
3281 1504 3517 1577 dicitur,
3548 1510 3676 1562 toto

2032 1609 2208 1667 opere
2254 1594 2338 1651 sic
2381 1608 2614 1666 semper
2645 1598 2998 1665 nuncupata.

2102 1688 2226 1740 177.
2262 1685 2425 1739 Anno
2454 1682 2556 1739 illo
2599 1682 2800 1739 eodem
2852 1686 2993 1738 1490
3028 1681 3150 1738 alia
3193 1682 3445 1739 Usuardi
3494 1681 3676 1740 editio

2035 1770 2250 1841 prodiit
2274 1770 2514 1827 Parisiis
2538 1770 2594 1825 in
2611 1770 2768 1840 folio,
2786 1770 2894 1827 sub
2918 1769 3041 1825 solo
3063 1770 3236 1826 titulo
3257 1770 3697 1842 Martyrologii,

2037 1863 2097 1915 ut
2128 1862 2386 1915 testatur
2408 1858 2793 1929 Bosweydus,
2820 1858 2915 1927 qui
2939 1856 3252 1913 editionem
3275 1858 3519 1915 alteram
3543 1859 3675 1915 anni

2036 1950 2176 2002 1536
2206 1946 2359 2018 apud
2392 1945 2757 2003 Ambrosium
2790 1944 3026 1999 Gerault
3083 1945 3136 1999 in
3189 1950 3400 2014 quarto
3448 1945 3672 2015 majori,

2036 2048 2164 2103 quae
2180 2034 2332 2103 apud
2347 2049 2452 2089 nos
2466 2036 2682 2102 exstat,
2702 2031 2951 2087 contulit
2968 2046 3096 2087 cum
3113 2030 3312 2101 priori,
3330 2036 3561 2089 servata
3574 2033 3675 2088 Lo-

2034 2120 2165 2177 vani
2192 2120 2246 2176 in
2272 2121 2440 2177 domo
2464 2118 2834 2175 Standonica.
2852 2118 2989 2187 Ejus
3012 2122 3217 2175 auctor
3240 2119 3332 2175 vel
3354 2119 3546 2176 editor
3566 2118 3675 2176 fuit

2032 2210 2293 2264 Joannes
2318 2209 2371 2263 le
2389 2206 2689 2277 Munerat,
2721 2207 2930 2264 cantor
2949 2207 3008 2263 et
3022 2205 3432 2277 scholasticus,
3463 2206 3677 2264 theolo-

2028 2309 2146 2367 gus
2157 2295 2549 2365 Parisiensis,
2568 2300 2631 2350 nt
2650 2294 2863 2350 alicubi
2888 2293 3107 2350 notavit
3131 2293 3527 2350 Colvenerius.
3546 2294 3678 2349 Cas-

2033 2382 2291 2439 tellanus
2306 2383 2602 2453 proprium
2620 2395 2825 2437 nomen
2842 2380 3237 2449 admittit,sed
3251 2379 3487 2437 titulum
3500 2378 3675 2437 alium

2035 2485 2146 2529 non
2172 2469 2381 2526 tribuit
2410 2485 2577 2540 quam
2600 2469 2888 2525 Boursier
2906 2468 2988 2525 du
3005 2466 3225 2538 college
3244 2467 3316 2524 de
3334 2467 3632 2538 Naoarre,
3660 2483 3678 2524 ι

2037 2560 2202 2630 Bim.,
2241 2575 2294 2629 p.
2331 2562 2453 2626 668,
2500 2557 2617 2626 ubi,
2661 2556 2773 2613 nisi
2822 2556 3009 2625 fallor,
3038 2556 3093 2611 in
3127 2555 3356 2612 duobus
3385 2561 3587 2621 errat;
3621 2561 3673 2611 1.

2038 2648 2191 2718 quod
2224 2662 2329 2718 pro
2351 2661 2499 2701 anno
2522 2649 2660 2701 1536
2678 2646 2866 2713 signet
2889 2649 3026 2699 1535
3052 2662 3066 2709 ;
3098 2648 3148 2699 2.
3187 2643 3339 2712 quod
3370 2643 3449 2698 ita
3481 2642 3680 2712 loqua-

2038 2740 2135 2791 tur
2157 2750 2224 2791 ac
2257 2734 2305 2790 si
2337 2748 2406 2789 eo
2440 2733 2684 2805 primum
2715 2745 2863 2786 anno
2891 2730 3072 2785 editio
3107 2731 3256 2785 facta
3290 2729 3518 2800 fuisset,
3546 2744 3677 2786 cum

2038 2822 2533 2893 constetpriorem
2560 2820 2802 2875 alteram
2826 2817 2990 2873 annis
3013 2816 3398 2887 quadraginta
3424 2816 3678 2887 quinque

2039 2910 2422 2966 vetustiorein
2437 2908 2795 2976 esse,sitque
2809 2903 3303 2960 verosimillimum
3318 2904 3678 2960 Muneratum

2041 2999 2111 3053 ad
2138 2997 2449 3053 secundam
2475 3008 2662 3063 usque
2677 2993 2768 3048 edi
2781 2992 2991 3048 tionem
3008 3006 3118 3047 non
3133 2991 3548 3062 supervixisse.
3568 2991 3679 3047 Ob-

2042 3085 2371 3141 servatione
2397 3084 2607 3153 dignus
2626 3084 2717 3137 est
2744 3080 2975 3151 titulus,
3012 3080 3106 3150 qui
3134 3080 3189 3135 in
3217 3079 3529 3150 posteriori
3561 3080 3679 3136 edi-

2040 3172 2197 3228 tione
2222 3171 2539 3229 ascribitur
2564 3170 2654 3225 his
2677 3168 2874 3225 verbis
2902 3188 2912 3222 :
2937 3168 3459 3239 Martyrologimn,
3478 3166 3682 3224 hocest

2037 3261 2384 3333 Martyrum
2393 3261 2677 3329 recensio,
2694 3261 2748 3316 si
2752 3272 2818 3315 oe
2830 3258 3158 3328 catalogus,
3173 3257 3241 3313 in
3259 3270 3392 3326 quo,
3409 3256 3559 3326 quid
3565 3271 3680 3328 pro

2043 3351 2276 3409 Christi
2303 3350 2575 3407 Ecclesia
2607 3349 2667 3404 et
2680 3348 2809 3420 ﬁde
2835 3347 3031 3404 sancti
3058 3346 3357 3416 martyres
3384 3346 3497 3402 Dei
3505 3346 3683 3416 passi

2032 3440 2348 3512 gesserint,
2367 3439 2660 3495 succincte
2691 3437 2749 3492 et
2773 3449 2907 3493 cere
2932 3435 3302 3503 recensetur;
3330 3432 3684 3490 earumdem-

2039 3527 2439 3599 guefestioita
2449 3528 2548 3594 tes,
2566 3528 2633 3581 in
2649 3537 2939 3595 quemque
2948 3539 3000 3577 m
3009 3524 3168 3579 ensis
3179 3522 3335 3579 diem
3346 3522 3681 3591 incurrant,

2038 3615 2497 3682 indicantur;ad
2507 3613 2756 3668 Eusebii
2769 3611 3194 3681 etHieronymi
3206 3611 3583 3680 aliorumque
3592 3624 3687 3668 sa-

2039 3716 2274 3759 crorum
2304 3701 2613 3757 auctorum
2643 3699 2992 3768 exemplum,
3019 3712 3166 3754 cum
3187 3698 3247 3752 et
3254 3698 3437 3767 jussu
3480 3697 3689 3756 Caroli

2037 3789 2253 3861 Magni
2275 3787 2653 3858 imperatoris
2683 3786 2997 3855 digestum,
3028 3786 3276 3842 insertis
3317 3786 3684 3857 lectionibus,

2038 3876 2387 3946 moralibus,
2418 3874 2755 3947 disciplina
2784 3874 3200 3931 ecclesiasticae
3215 3874 3490 3945 regulam
3506 3875 3689 3935 conti-

2038 3965 2336 4035 nentibus,
2351 3965 2423 4021 de
2448 3963 2731 4020 mandato
2764 3961 3049 4019 Ludovici
3084 3960 3604 4019 Christianissimi
3632 3962 3695 4019 et

2033 4055 2488 4130 gloriosissimi,
2505 4066 2853 4126 semperque
2864 4051 3140 4124 Augusti,
3155 4051 3689 4125 conscriptis,anno

2041 4159 2080 4203 a
2111 4144 2351 4203 Christo
2372 4143 2513 4201 nato
2538 4156 2797 4199 occexvr.
2825 4142 2961 4197 Haec
2982 4140 3149 4198 facile
3171 4140 3384 4212 corrigi
3409 4144 3647 4213 possunt
3670 4157 3685 4207 ;

2044 4234 2264 4291 utinam
2291 4236 2412 4288 tota
2431 4231 2613 4288 editio
2626 4230 2930 4287 erroribus
2945 4229 3093 4302 aliis,
3110 4234 3168 4288 et
3188 4230 3510 4304 praesertim
3522 4232 3689 4301 typo-

2043 4321 2358 4393 graphicis,
2383 4335 2494 4375 non
2520 4319 2877 4377 redundaret
2897 4323 2909 4375 !
2928 4321 3214 4377 Caeterum
3246 4319 3398 4375 inter
3419 4317 3690 4390 puriores

362 4432 488 4486 176,
526 4428 749 4484 οωιριιθ
774 4426 830 4482 in
855 4425 1001 4481 hanc
1025 4437 1145 4480 rem
1169 4419 1515 4494 perquisim,
1543 4419 1643 4475 sed
1669 4433 1833 4490 aque
1858 4418 1938 4474 in-
1967 4401 2020 4461 D
2046 4409 2341 4466 Usuardos
2374 4408 2467 4465 hic
2498 4413 2914 4467 connumerata
2944 4413 3212 4479 est,tunc
3259 4406 3516 4477 exclusa,
3557 4420 3688 4464 cum

283 4523 473 4588 certa,
493 4521 803 4590 praetereo,
821 4530 951 4571 cum
975 4513 1121 4570 satis
1146 4512 1341 4583 pateat
1367 4509 1586 4564 frustra
1610 4506 1933 4562 laboratum

288 4608 343 4664 in
381 4606 644 4664 eruendo
674 4604 906 4663 nomine
956 4602 1239 4670 auctoris,
1276 4597 1372 4670 qui
1420 4595 1731 4653 editionem
1781 4592 1934 4650 illam

287 4695 682 4753 Usuardinam
718 4692 1119 4750 Coloniensem
1152 4688 1284 4746 anni
1310 4690 1449 4744 1490
1469 4684 1697 4742 auxerit
1722 4686 1818 4739 aut
1842 4697 1937 4738 ex-

289 4784 429 4842 cudi
453 4783 751 4841 curaverit
771 4800 786 4850 ;
803 4782 1067 4839 idcircoa
1088 4776 1403 4848 majoribus
1424 4773 1641 4831 nostris
1666 4770 1938 4845 simplici-

290 4879 387 4930 ter
410 4875 645 4945 semper
662 4871 843 4928 editio
867 4867 1232 4927 Coloniensis
1251 4864 1425 4921 istius
1446 4862 1600 4932 anni,
1625 4876 1655 4917 a
1689 4875 1777 4916 me
1799 4874 1939 4917 vero

290 4964 349 5020 in
378 4961 677 5020 Auctariis
702 4958 1047 5017 Usuardinis
1078 4957 1163 5013 sic
1193 4969 1326 5012 cum
1358 4950 1677 5010 Lubecensi
1706 4948 1940 5018 conjun-

289 5057 409 5123 cta,
438 5055 501 5108 ut
528 5066 644 5108 uno
668 5063 900 5121 semper
924 5046 1155 5104 nomine
1178 5048 1487 5113 utramque
1511 5040 1810 5111 designem
1831 5037 1938 5093 sub

290 5140 474 5198 titulo
498 5152 779 5198 ED1110le
809 5135 1455 5202 Luesco-Cownm-ssts,
1484 5130 1605 5186 sive
1638 5145 1667 5185 a
1701 5125 1942 5184 Carthu-

292 5230 504 5302 sianis,
532 5244 645 5288 uno
677 5233 774 5286 aut
808 5225 1094 5299 pluribus,
1118 5224 1242 5280 sive
1262 5223 1334 5279 ab
1353 5219 1466 5277 alio
1489 5220 1800 5290 procurata
1826 5216 1942 5271 fue-

295 5320 395 5375 rit.
429 5319 687 5376 Alteram
719 5318 789 5372 ab
823 5314 1005 5371 altera
1039 5311 1319 5369 divellere
1349 5306 1530 5378 nolui,
1558 5305 1709 5377 quod
1741 5303 1938 5359 eadem

294 5407 470 5481 plane
502 5406 741 5475 referat,
765 5402 1154 5471 videaturque
1183 5398 1484 5455 Lubecana
1517 5409 1591 5450 ex
1613 5388 1941 5481 Coloniensi

280 5476 503 5553 eodem
528 5506 677 5550 anno
701 5489 972 5563 accepta;
998 5486 1151 5559 quod
1183 5497 1350 5543 nemo
1368 5486 1678 5551 tantopere
1712 5476 1943 5534 mirabi-

2046 4498 2160 4555 alio
2191 4497 2470 4554 deflectit.

2118 4591 2241 4644 178.
2268 4585 2603 4658 Descriptas
2624 4585 2909 4642 hactenus
2926 4582 3176 4639 Usuardi
3206 4581 3510 4653 editiones,
3537 4579 3688 4639 cele-

2048 4675 2266 4732 britate
2299 4690 2401 4731 sua
2434 4672 2736 4730 antecellit
2766 4686 2832 4727 ea
2856 4670 2949 4728 cui
2973 4670 3068 4727 hic
3089 4668 3302 4727 titulus
3324 4669 3683 4742 praefigitur:

2045 4763 2553 4836 Martyrologium
2569 4760 2891 4818 secundum
2898 4772 3120 4816 morem
3135 4758 3616 4816 Romanam/rice.
3627 4757 3688 4811 In

2049 4853 2162 4910 ﬁne
2177 4857 2371 4910 autem
2387 4852 2465 4906 ita
2483 4845 3444 4919 habeturzFinitMm-tyrologimn
3453 4857 3691 4902 accura-

2050 4942 2280 5000 tissime
2310 4938 2682 4998 emendatmn
2692 4950 2811 5010 per
2825 4935 3189 5009 magistrum
3200 4933 3455 4991 Belnum
3473 4933 3544 4991 de
3570 4933 3688 4991 Pa-

2050 5030 2192 5100 dua,
2208 5029 2440 5087 ordinis
2451 5027 2739 5086 Fratrum
2749 5024 3196 5084 Heremitarum
3204 5021 3403 5080 sancti
3412 5021 3689 5094 Augusti-

2048 5119 2150 5189 ni;
2169 5130 2392 5175 necnon
2420 5113 2832 5175 additionibus
2864 5113 3122 5170 Patrum
3149 5110 3418 5167 aliarum
3447 5108 3691 5183 religio-

2048 5219 2193 5264 num
2221 5206 2490 5278 copiosus
2510 5204 2592 5277 (in
2626 5203 2738 5261 alia
2770 5200 3026 5259 editione
3055 5197 3374 5272 copiosum)
3399 5198 3684 5273 eiectum.

2049 5295 2415 5366 Impressum
2451 5293 2707 5350 Venetiis
2724 5293 2908 5363 jussu
2936 5288 2998 5346 et
3019 5287 3306 5359 impensis
3332 5288 3554 5347 nobilis
3568 5288 3692 5346 viri

2049 5383 2221 5441 Luca
2230 5383 2477 5441 Antonii
2486 5381 2560 5438 de
2570 5379 2797 5439 Giunta
2806 5376 3301 5448 Florentinim'te
3310 5377 3692 5435 autemJoan-

2047 5472 2147 5535 nis
2165 5471 2434 5533 Emeriei
2450 5469 2523 5531 de
2538 5465 2749 5543 ἅντινα,
2773 5478 2929 5527 anno
2950 5479 3331 5527 uccccxcrm.
3353 5464 3567 5531 Idibus
3591 5463 3692 5525 Oe-
