3974 6150
377 201 480 256 867

1330 172 1702 236 USUARDUS
1737 167 2121 228 MONACHUS
2155 159 2802 224 SANGERMANENSIS.
3665 154 3752 212 548

378 322 580 382 tobn‘s.
597 315 786 375 Facile
807 305 1608 376 observasmaleimpressum
1631 295 1892 358 auctoris
1915 311 2011 352 no-
2037 295 2094 356 Α
2123 292 2254 382 dem
2286 288 2485 382 Belino
2519 285 2747 382 tribuit,
2771 281 2926 382 quod
2949 275 3439 382 quemadmodum
3473 275 3751 334 Notkerus

379 423 507 468 men
527 407 781 466 Belnu/m
812 417 916 474 pro
946 399 1244 465 Belinum,
1271 393 1424 465 quod
1451 392 1508 446 in
1541 391 1725 446 altera
1758 385 2013 474 editione

380 499 752 556 emendatum
775 473 886 560 est,
911 488 1004 546 vel
1031 487 1355 544 Ballio-um.
1371 484 1676 538 Postremo
1705 479 1814 533 hoc
1847 473 2015 530 modo

379 587 674 658 scripsere
699 581 909 654 passim
933 576 1180 646 majores
1203 571 1384 629 nostri
1417 569 1473 624 in
1507 567 1688 636 Actis,
1713 580 1819 621 nec
1843 563 2011 632 male,

380 651 520 732 cum
547 673 628 728 ita
661 651 1022 742 exprimatur
1053 664 1108 718 in
1139 656 1580 734 praefatiuncula
1631 658 1764 710 ante
1812 651 2016 708 Kalen-

379 764 485 820 das
511 757 788 816 Januarii.
824 757 942 824 Ego
975 751 1142 809 aliam
1175 745 1577 805 formationem
1604 743 1845 798 secutus
1867 753 2012 808 sum,

382 849 692 921 quod‘eam
721 843 1007 902 veriorem
1036 833 1490 896 existimaverim
1510 847 1640 889 cum
1673 829 1728 886 in
1760 828 2015 884 editione

382 917 695 993 ﬁarisiensi
727 931 884 989 clare
915 929 986 985 ad
1016 926 1235 984 calcem
1270 925 1607 994 poneretur,
1631 917 1891 987 satisque
1920 930 2017 986 ap-

384 1027 618 1096 pareret
640 1022 697 1077 in
714 1019 894 1092 prima
911 1019 1127 1072 Veneta
1153 1013 1407 1068 litteram
1423 1011 1445 1064 I
1463 1009 1798 1096 absorptam
1810 1003 2011 1096 fuisse.

386 1090 676 1168 iitramvis
717 1090 1082 1163 inﬂexionem
1113 1099 1363 1170 elegeris
1392 1095 1633 1170 perinde
1667 1091 1834 1149 nobis
1880 1090 2014 1147 erit.

383 1198 698 1257 Monendus
719 1195 810 1250 hic
825 1194 1010 1250 lector
1024 1201 1434 1258 nonnunquam
1460 1185 1516 1240 in
1531 1181 1710 1250 Actis,
1727 1178 2017 1236 memoriae

385 1288 572 1360 lapsu,
610 1283 910 1356 praefatam
959 1279 1272 1336 editionem
1303 1275 1581 1329 Venetam
1621 1269 1859 1326 citatam
1891 1279 2018 1322 esse

383 1355 493 1432 sub
537 1355 685 1430 anno
733 1375 872 1428 1488
922 1384 1027 1440 pro
1075 1380 1215 1422 vero
1255 1377 1404 1420 anno
1437 1364 1615 1425 1490;
1647 1357 1729 1414 sic
1771 1355 2020 1412 habetur

384 1469 542 1518 tomo
570 1463 618 1516 II
667 1458 814 1528 Maii,
853 1471 982 1528 pag.
1018 1457 1269 1524 657,etc.

455 1555 577 1607 179.
613 1549 805 1606 Liceat
837 1544 972 1600 mihi
1005 1543 1096 1600 hic
1127 1542 1308 1598 verbo
1340 1549 1602 1609 quaerere
1637 1532 1887 1590 fueritne
1934 1533 2021 1600 ty-

2124 381 2278 438 inter
2291 378 2562 449 antiquos
2575 374 2855 432 classicos
2867 369 3291 441 Martyrologos
3306 370 3644 438 postremus
3657 369 3746 434 est,

2123 469 2204 524 ita
2229 467 2462 524 Belinus
2483 465 2635 520 inter
2649 461 3012 518 recentiores
3025 459 3100 514 sit
3118 457 3356 530 primus.
3376 454 3608 512 Sciebat
3634 451 3746 509 ulti-

2125 571 2236 627 que
2267 554 2354 610 vir
2384 551 2840 618 eruditissimus,
2874 547 3020 604 alias
3071 544 3364 602 editiones
3409 541 3747 598 Belinianam

2126 641 2537 715 praecessisse;
2563 639 2662 697 sed
2697 637 2830 694 huic
2869 635 3083 707 primas
3113 633 3345 690 deferre
3374 629 3583 700 voluit,
3615 629 3749 700 quod

2125 731 2487 788 communior
2535 731 2714 798 esset,
2759 725 3060 794 magisque
3113 719 3482 794 pervulgata.

2197 824 2318 876 181.
2364 819 2586 873 Praeter
2635 812 2876 886 primam
2927 809 3084 864 illam
3118 809 3396 864 Venetam
3445 803 3744 861 editionem

2127 907 2258 964 anni
2292 909 2448 974 1498,
2475 908 2566 960 est
2600 915 2776 974 penes
2809 913 2912 956 nos
2943 895 3232 969 posterior
3254 892 3606 951 Parisiensis
3628 890 3744 948 anni

2127 1001 2256 1053 1521
2290 1013 2304 1062 ;
2339 998 2512 1064 atque
2545 992 2632 1048 hee
2665 990 2800 1047 solae
2831 989 2984 1056 sunt,
3023 999 3166 1058 quas
3196 989 3322 1042 toto
3350 997 3530 1056 opere
3561 980 3743 1051 citavi,

2127 1099 2256 1142 cum
2279 1081 2636 1154 posteriores
2655 1093 2756 1135 seu
2777 1077 3030 1132 Venetas
3051 1088 3154 1130 seu
3177 1073 3322 1130 alias
3341 1071 3748 1144 impressiones

2128 1171 2185 1226 in
2217 1172 2414 1226 Museo
2445 1171 2646 1224 nostro
2669 1179 2780 1221 non
2803 1162 3141 1236 repererim.
3168 1161 3248 1216 De
3271 1159 3566 1232 aliquibus
3587 1158 3758 1230 loqui-

2128 1264 2226 1316 tur
2259 1256 2520 1314 Molanus
2552 1256 2608 1311 in
2639 1253 2894 1310 editione
2946 1251 3077 1308 anni
3132 1255 3291 1320 1575,
3327 1247 3668 1320 praefatione
3695 1247 3758 1304 ad

2131 1347 2430 1415 lectorem,
2467 1357 2594 1416 pag.
2630 1357 2708 1398 vn
2733 1361 2746 1396 :
2797 1340 3056 1398 Veneriis
3072 1337 3154 1396 ad
3169 1339 3413 1410 signum
3427 1336 3583 1409 Spei
3601 1347 3759 1394 exci-

2129 1448 2260 1492 sum
2301 1432 2506 1504 (Belini
2537 1428 3032 1500 Martyrologium)
3078 1439 3233 1483 anno
3273 1430 3360 1495 49,
3401 1424 3463 1480 et
3501 1423 3760 1482 Parisiis

2131 1527 2358 1580 annm?!
2379 1521 2458 1591 (et
2473 1519 2581 1574 hac
2595 1517 2960 1590 potissimum
2971 1514 3230 1571 editione
3253 1512 3440 1569 utitur
3459 1509 3754 1582 Molanus).

387 1599 1110 1711 po-gra'phusi‘lleJoarmes
1125 1599 1736 1695 EmericfusdeSpira,
1755 1620 1907 1675 ﬁlius
1920 1599 2019 1673 aut
2048 1643 2101 1703 Β
2133 1630 2162 1663 ‹‹
2192 1610 2437 1711 Videtur
2467 1609 2642 1711 etiam
2675 1606 2730 1706 id
2755 1603 3014 1711 nonnihil
3037 1601 3266 1660 auxisse
3289 1600 3510 1711 sanctis
3531 1599 3753 1711 Padum,

329 1748 337 1774 ν
387 1688 1068 1799 ἧθξοεῖῐοαηηίειςνρίνω,
1081 1718 1174 1776 vel
1194 1718 1264 1773 de
1285 1717 1494 1787 Spira,
1513 1688 1904 1780 anidemipse,
1923 1707 2020 1778 qui
2048 1688 2101 1703 u
2131 1704 2190 1755 et
2221 1695 2771 1799 Venetaa‘lecc‘lesiaa,
2797 1698 2855 1750 et
2881 1693 3242 1799 diversaru‘m
3265 1689 3634 1799 religionum.
3665 1688 3760 1744 Ex-

384 1795 542 1887 typis
583 1813 752 1883 longe
791 1805 1258 1880 elegantissimis,
1293 1801 1562 1860 rotundis
1610 1814 1710 1857 seu
1751 1795 2024 1887 Romanis

385 1885 536 1958 anno
556 1905 696 1957 1479
727 1898 985 1955 Venetiis
1013 1894 1332 1951 excuderat
1365 1889 1482 1945 Caii
1515 1887 1682 1943 Plinii
1714 1885 2023 1940 Historiam

384 1989 712 2046 naturalem
745 1987 801 2042 in
826 1982 1178 2056 amplissima
1205 1981 1384 2035 forma
1405 1981 1465 2032 et
1489 1975 1718 2046 quidem
1745 1971 2027 2027 membra-

386 2091 492 2133 nea
518 2094 533 2145 ;
567 2090 737 2147 quam
760 2074 910 2130 dono
933 2075 1150 2128 aeterna
1173 2067 1446 2124 memoria
1471 2065 1662 2134 digno,
1687 2061 1879 2117 Museo
1901 2073 2028 2114 nos-

386 2169 480 2220 tro
509 2161 963 2233 hagiographico
1011 2157 1288 2214 traditam
1333 2153 1516 2210 voluit
1566 2151 1654 2206 vir
1701 2147 2026 2204 illustrissi-

388 2267 516 2308 mus
537 2251 840 2320 nostrique
862 2247 1060 2319 operis
1082 2243 1551 2302 studiosissimus
1571 2237 1913 2295 Guillelmus
1935 2235 2026 2291 Al-

390 2339 612 2408 bertus,
657 2339 798 2394 baro
848 2335 918 2391 de
969 2333 1294 2404 Grisperre,
1325 2327 1515 2400 Goyck
1563 2331 1622 2382 et
1674 2325 2022 2392 Libersaert,

389 2424 718 2482 Brabantize
765 2420 1173 2489 cancellarius,
1209 2419 1280 2474 de
1332 2431 1442 2487 qua
1489 2414 1665 2470 verbo
1707 2411 1936 2467 memini
1970 2410 2024 2464 in

389 2513 758 2570 dedicatione
795 2513 1104 2566 Tractatus
1133 2505 1241 2561 mei
1276 2505 1346 2560 de
1386 2501 1744 2558 Patriarchis
1785 2499 2028 2555 Alexan-

388 2599 591 2670 drinis,
627 2603 762 2656 ante
793 2603 1012 2654 tomum
1042 2596 1085 2651 V
1115 2593 1288 2662 Junii,
1323 2591 1510 2647 eidem
1551 2593 1794 2660 patrono
1827 2589 2027 2642 nostro

387 2692 446 2743 et
478 2686 774 2744 Maecenati
815 2683 1098 2754 inscripti.
1131 2680 1376 2737 Dubium
1409 2681 1597 2733 movet
1629 2676 1852 2745 adjecta
1883 2687 2028 2745 pra)-

390 2776 508 2832 fato
536 2775 809 2832 volumini
845 2772 1084 2828 metrica
1121 2767 1452 2840 hujusmodi
1484 2765 1800 2838 epigraphe
1835 2784 1846 2818 :

493 2896 650 2950 Quem
669 2896 804 2940 modo
832 2899 936 2938 tam
957 2873 1132 2938 rerum
1153 2894 1362 2946 cupiens
1380 2890 1467 2934 vix
1499 2889 1656 2932 lector
1674 2887 1896 2941 haberet,

545 2961 740 3015 Quique
761 2959 912 3002 etiam
929 2955 1120 3000 fractus
1146 2965 1272 3010 pene
1303 2953 1548 3010 legendus
1565 2961 1714 3002 eram,

491 3023 735 3068 Restituit
757 3021 966 3065 Venetis
994 3032 1071 3062 me
1092 3029 1248 3072 nuper
1267 3017 1394 3061 Smu
1423 3017 1558 3059 Jama

543 3085 918 3139 Exscrlpsitque
937 3082 1095 3126 libros
1111 3091 1206 3124 mre
1224 3082 1431 3122 notante
1453 3087 1610 3130 meos,
1628 3079 1730 3120 etc.

460 3192 575 3250 Cur
598 3195 791 3248 auti'm
817 3189 934 3244 filio
948 3188 1160 3260 potius,
1178 3185 1374 3256 nepoti
1390 3182 1666 3240 velaltcri
1687 3180 2027 3250 consangui-

389 3297 518 3352 neo,
537 3280 722 3337 Belini
745 3278 1059 3334 editionem
1084 3273 1452 3330 tribuendam
1478 3285 1742 3327 censeam
1768 3269 1904 3324 facit
1928 3268 2028 3322 im-

389 3385 583 3425 mensa
605 3373 876 3439 typorum
901 3361 1234 3432 diversitas,
1261 3359 1704 3427 excudendique
1730 3357 1877 3412 ratio
1907 3360 2025 3410 tam

388 3471 593 3529 parum
617 3457 910 3520 accurata,
937 3456 1000 3508 ut
1027 3449 1206 3504 Belini
1233 3448 1528 3504 Usuardus
1548 3443 1888 3515 adPlinium
1922 3459 2026 3498 nec

389 3559 494 3616 per
527 3545 788 3601 umbram
819 3543 1242 3612 comparandus
1274 3536 1370 3592 sit.
1406 3535 1512 3590 Sed
1548 3536 1617 3590 ad
1649 3533 1905 3589 Belinum
1941 3547 2026 3587 rc-

389 3635 649 3694 deamus.

451 3729 581 3795 ¹180.
615 3718 924 3778 Prmmittit
959 3718 1081 3788 ipse
1125 3714 1313 3772 solitis
1362 3711 1802 3785 praefationibus
1833 3711 2022 3780 aliam,

389 3813 635 3870 fortasse
657 3826 818 3868 suam
843 3807 1278 3882 particularem,
1296 3819 1326 3860 a
1348 3803 1569 3859 Molano
1591 3801 1763 3858 etiam
1787 3801 2021 3869 editam,

390 3917 503 3974 qua
528 3903 747 3957 fatetur
769 3913 828 3954 se
853 3898 1010 3954 solos
1032 3897 1179 3952 duos
1204 3892 1642 3962 Martyrologos,
1671 3906 1874 3960 ncmpc
1899 3889 2026 3944 Ilie-

389 4003 690 4056 ronymum
705 3991 763 4041 et
779 3986 1011 4052 Bcdam,
1029 3985 1179 4038 Usua
1191 3983 1296 4036 rdo
1311 3980 1672 4050 antiquiores
1687 3993 2019 4048 agnoscere.

390 4095 419 4126 ςι
449 4074 698 4143 Tertius,
733 4072 942 4142 inquit,
980 4071 1086 4126 fuit
1137 4069 1436 4125 Usuardus
1486 4067 1818 4136 monachus,
1861 4067 2028 4136 cujus

385 4177 534 4236 opus
546 4161 728 4230 magis
741 4161 993 4216 habetur
1005 4159 1062 4214 in
1077 4174 1182 4216 usu
1197 4157 1348 4230 apud
1365 4157 1576 4214 multas
1589 4155 2026 4226 ecclesias,quae

388 4251 564 4308 etiam
585 4249 910 4306 creduntur
933 4247 1124 4317 aliqua
1147 4248 1274 4318 ejus
1293 4247 1457 4319 Operi
1479 4247 1532 4301 in
1556 4245 1700 4302 locis
1723 4243 1899 4301 variis
1929 4243 2028 4299 ad-

2133 1791 2293 1843 stant
2325 1790 2383 1841 et
2413 1783 2524 1841 alia
2565 1786 2834 1840 Romanae
2878 1779 3144 1838 ecclesiae
3175 1776 3610 1849 Martyrologia,
3645 1790 3758 1847 qua!

2134 1889 2244 1930 non
2277 1873 2413 1930 vidi.
2440 1871 2698 1928 Ecclesia
2729 1871 2881 1926 enim
2901 1867 3083 1926 sancti
3107 1867 3266 1923 Petri
3287 1866 3476 1923 utitur
3497 1867 3762 1936 Martyro-

2134 1962 2284 2031 logio
2316 1961 2575 2018 Venetiis
2606 1959 2888 2030 impresso
2928 1971 3076 2013 anno
3123 1960 3208 2012 60.
3245 1953 3409 2022 Quod
3443 1951 3762 2010 Alexander

2132 2049 2486 2120 Peregrinus
2517 2047 2851 2118 Brixiensis,
2869 2045 3004 2102 Julii
3028 2045 3192 2101 tertii
3215 2042 3572 2113 sacellanus,
3597 2056 3762 2114 opera

2132 2152 2234 2194 sua
2257 2137 2626 2193 emendatum
2649 2135 2850 2190 edidit.
2869 2132 3126 2201 Ecclesia
3145 2137 3340 2190 autem
3365 2130 3764 2188 Lateranensis

2132 2226 2320 2282 utitur
2369 2223 2780 2294 Martyrologio
2826 2222 2998 2293 apud-
3037 2222 3442 2292 Hieronymum
3503 2220 3766 2278 Cavalca-

2133 2313 2332 2384 lupum
2365 2327 2514 2368 anno
2546 2315 2684 2367 1564
2707 2311 3012 2382 impresso.
3037 2329 3066 2362 »
3091 2309 3303 2366 Videor
3326 2308 3652 2380 recordari,
3678 2323 3766 2366 no-

2133 2399 2378 2456 minatas
2426 2399 2640 2455 alicubi
2689 2399 2976 2454 editiones
3023 2413 3306 2455 annorum
3347 2401 3488 2455 1548
3519 2401 3580 2454 et
3614 2402 3762 2468 1566,

2134 2487 2240 2544 nisi
2292 2488 2540 2544 fortasse
2582 2488 2637 2543 in
2669 2487 2924 2543 numeris
2971 2489 3231 2544 erratum
3263 2486 3358 2557 sit,
3391 2492 3449 2542 et
3484 2501 3675 2543 annus
3704 2489 3767 2543 66

2134 2591 2240 2648 pro
2270 2581 2356 2646 64,
2378 2580 2436 2632 et
2457 2580 2524 2632 48
2548 2591 2652 2648 pro
2685 2579 2751 2631 49
2773 2574 2921 2630 male
2944 2575 3228 2630 redditus.
3257 2575 3368 2631 Sed
3392 2574 3678 2646 quidquid
3700 2573 3766 2631 de

2133 2664 2223 2720 his
2253 2664 2348 2734 sit,
2382 2663 2522 2720 solae
2553 2664 2680 2719 duae
2715 2662 2990 2733 superius
3029 2661 3281 2720 laudatae
3312 2677 3344 2718 a
3374 2662 3547 2719 nobis
3581 2661 3768 2734 appel-

2134 2751 2349 2822 lantur,
2377 2767 2620 2822 quarum
2645 2751 2937 2822 posterior
2959 2765 2989 2806 a
3013 2750 3270 2820 puritate
3301 2751 3629 2808 Usuardina
3661 2765 3767 2807 ma-

2132 2840 2224 2910 gis
2281 2839 2579 2906 dcllectit;
2639 2853 2919 2896 excessus
2966 2843 3022 2894 et
3071 2839 3338 2896 defectus
3389 2839 3516 2898 suis
3559 2839 3764 2912 quique

2135 2928 2280 2984 locis
2319 2928 2375 2983 in
2408 2927 2698 2984 Auctariis
2729 2927 3162 2984 describuntur.

2059 2989 2107 3051 Ο
2208 3021 2329 3073 182.
2377 3015 2687 3070 Belinianis
2735 3015 2904 3084 longe
2952 3015 3297 3085 castigatior
3341 3019 3400 3071 et
3443 3016 3762 3073 accuratior

2134 3103 2360 3174 gemina
2380 3102 2738 3158 Coloniensis
2769 3101 2951 3158 editio
2983 3103 3115 3158 anni
3148 3108 3286 3159 1515
3317 3108 3372 3159 et
3407 3107 3568 3162 1521.
3595 3103 3760 3172 Quam

2136 3196 2444 3262 utramque
2464 3193 2786 3246 Ilermanno
2811 3189 3071 3264 Grefgen
3093 3206 3196 3247 seu
3222 3190 3481 3264 Grefgin
3503 3191 3759 3264 (molliori

2137 3280 2443 3335 inflexione
2477 3279 2722 3351 Grecam)
2755 3295 2784 3335 a
2817 3279 3136 3349 majoribus
3169 3282 3393 3337 nostris
3416 3281 3758 3354 adscriptam

2136 3369 2469 3440 nuperrime
2501 3369 2640 3438 dixi,
2675 3375 2733 3423 et
2763 3385 2938 3441 porro
2983 3370 3322 3426 adscribere
3373 3371 3628 3441 perrexi,
3658 3385 3759 3426 non

2135 3457 2248 3512 alio
2285 3472 2452 3527 quam
2487 3455 2737 3514 Grecam
2778 3459 3030 3528 nomine,
3063 3460 3262 3514 ambas
3295 3459 3614 3531 appellans.
3643 3459 3758 3515 Scio

2136 3546 2308 3602 citari
2341 3546 2654 3616 aliquando
2689 3548 2798 3602 sub
2827 3547 3180 3616 generaliori
3210 3548 3606 3620 appellatione
3632 3549 3760 3607 Car-

2137 3637 2197 3692 tlt
2207 3637 2366 3705 usz'ce,
2387 3635 2474 3691 vel
2494 3635 3033 3693 Uarlltust‘anomm
3053 3637 3494 3696 C’oloniensium
3507 3639 3644 3708 ,'sed
3660 3638 3762 3694 fru-

2135 3731 2256 3780 stra
2275 3724 2540 3796 pluribus
2557 3725 2836 3781 tribuitur
2849 3727 3001 3795 quod
3024 3727 3095 3782 ab
3119 3741 3231 3782 uno
3251 3726 3376 3784 solo
3398 3735 3762 3799 procuratum

2135 3819 2248 3882 est,
2285 3818 2347 3870 ut
2378 3830 2449 3868 ex
2477 3813 2605 3884 ejus
2636 3813 2832 3868 verbis
2853 3813 3024 3884 paulo
3047 3815 3290 3872 inferius
3312 3817 3630 3874 constabit.
3651 3819 3762 3872 Non

2138 3916 2340 3972 magna
2367 3901 2422 3956 in
2447 3916 2507 3957 re
2534 3903 2686 3956 inter
2711 3907 3020 3972 utrumque
3043 3903 3378 3975 diversitas,
3396 3905 3570 3977 paulo
3593 3905 3766 3974 major

2137 3989 2193 4044 in
2244 3989 2432 4060 stylo;
2467 3990 2569 4045 sed
2603 3989 2804 4046 ultima
2843 3991 3168 4047 correctior
3195 3997 3308 4063 est,
3344 3999 3564 4050 etcum
3596 3989 3764 4066 priori

2137 4077 2214 4134 ita
2236 4076 2471 4147 collata,
2498 4083 2561 4134 ut
2583 4092 2654 4135 ex
2675 4093 2784 4136 una
2809 4079 3116 4151 utriusque
3141 4081 3436 4138 sententia
3460 4081 3767 4154 perspicia-

2135 4170 2254 4223 tur.
2288 4167 2544 4236 Utraque
2575 4167 2729 4238 apud
2759 4181 2866 4224 nos
2895 4171 3005 4238 est,
3043 4173 3350 4241 utramque
3381 4169 3672 4240 consului,
3697 4167 3767 4225 si-

2138 4253 2370 4324 quando
2391 4257 3002 4313 commemorationum
3028 4257 3282 4314 varietas
3305 4258 3363 4314 id
3385 4260 3595 4316 mereri
3618 4255 3766 4316 vide-

391 4340 635 4411 didisse,
660 4337 952 4412 praecipue
977 4335 1048 4392 de
1071 4335 1292 4392 sanctis
1314 4340 1374 4390 et
1400 4337 1565 4392 festis
1594 4333 2022 4407 pertinentibus

2141 4343 2330 4399 batur.
2355 4343 2582 4414 Optime
2606 4345 2866 4416 profecto
2888 4345 2958 4400 de
2979 4346 3244 4402 Usuardo
3267 4348 3516 4404 meritus
3537 4352 3647 4419 est,
3671 4351 3768 4402 aut

389 4432 460 4488 ad
494 4431 747 4486 easdem.
783 4430 852 4485 Et
884 4427 1056 4497 hujus
1097 4431 1187 4482 est
1217 4425 1684 4496 Martyrologium
1719 4425 2024 4497 scriptum,

389 4519 548 4592 quod
580 4533 688 4577 nos
721 4533 826 4590 pro
857 4515 1059 4588 majori
1093 4519 1260 4587 parte
1289 4513 1558 4570 duximus
1606 4513 1936 4583 eligendum
1967 4518 2025 4570 et

389 4624 510 4683 prae
535 4607 668 4664 aliis
687 4607 1022 4663 tenendum.
1041 4623 1069 4658 »
1087 4603 1342 4661 Candide
1363 4605 1420 4657 et
1445 4615 1581 4659 vere
1605 4601 1706 4672 ait,
1708 4617 1824 4673 pro
1843 4605 2028 4674 majo-

381 4701 444 4760 ri
466 4699 668 4774 parte,
704 4711 834 4752 nam
866 4701 926 4752 et
956 4695 1080 4768 ipse
1111 4697 1348 4752 sanctos
1379 4697 1437 4749 et
1471 4692 1615 4748 festa
1643 4705 1750 4762 pro
1781 4691 2026 4747 arbitrio

386 4803 497 4846 suo
523 4785 769 4856 addidit,
797 4786 861 4840 ut
890 4799 964 4840 ex
995 4783 1287 4840 Auctariis
1313 4778 1655 4838 Usuardinis
1683 4793 1836 4850 smpe
1869 4783 2028 4851 pate-

389 4876 494 4933 bit.
529 4873 912 4932 Nihilominus
941 4887 972 4928 a
1005 4871 1376 4942 Scardeonio,
1399 4870 1470 4926 de
1492 4867 1841 4939 antiquitate
1865 4867 2028 4926 urbis

383 4964 679 5021 Patavinae
704 4963 803 5020 lib.
829 4977 892 5033 ιι,
915 4961 1100 5019 classe
1121 4967 1177 5033 7,
1203 4974 1331 5032 pag.
1356 4961 1478 5028 154,
1495 4957 1768 5014 laudatur
1791 4957 2026 5017 Belinus

385 5064 501 5106 non
520 5052 705 5108 solum
729 5058 792 5108 ut
816 5052 1026 5121 editor,
1043 5050 1148 5106 sed
1169 5055 1232 5106 ut
1251 5051 1555 5104 corrector
1568 5065 1597 5097 (ι
1610 5047 2021 5120 Martyrologii,

390 5137 547 5206 quod
576 5137 711 5195 olim
741 5156 871 5198 cum
903 5155 1008 5212 pro
1031 5153 1132 5196 sua
1158 5138 1400 5194 raritate
1422 5135 1478 5192 in
1501 5135 1695 5194 choris
1719 5141 1943 5194 tantum
1965 5141 2024 5193 et

386 5223 444 5279 in
478 5227 867 5285 conventibus
890 5228 1121 5302 publice
1140 5226 1456 5297 legeretur,
1481 5239 1632 5282 nunc
1654 5225 1825 5295 hujus
1847 5241 2024 5297 Opera

389 5309 630 5380 factum,
651 5315 714 5367 ut
748 5316 820 5370 ab
850 5318 1118 5376 omnibus
1147 5315 1374 5388 legatur
1396 5335 1424 5370 ››
1449 5317 1562 5372 etc.
1585 5311 1746 5370 Adde
1776 5313 1866 5370 his
1895 5315 2026 5372 Cas-

386 5398 592 5474 tellani
614 5399 816 5476 verba,
839 5403 1113 5468 Bimestri
1133 5421 1174 5480 ι,
1197 5419 1329 5480 pag.
1355 5407 1478 5477 134,
1503 5401 1714 5477 quibus
1735 5401 1882 5461 hanc
1905 5401 2026 5462 lau-

2137 4433 2500 4494 Hermannus
2548 4433 2673 4506 ipse
2723 4434 3040 4506 Grevenus,
3074 4439 3176 4492 aut
3224 4435 3594 4508 quiscunque
3623 4435 3766 4492 alius

2135 4520 2426 4578 editiones
2457 4521 2588 4579 illas
2617 4522 2923 4580 adornavit
2953 4527 3012 4579 et
3043 4525 3325 4597 correxit,
3361 4525 3499 4583 dum
3549 4529 3763 4582 textum

2137 4609 2328 4681 ipsum
2351 4611 2760 4681 Usuardinum,
2783 4611 3052 4684 apposito
3075 4613 3264 4684 signo,
3282 4615 3354 4670 ab
3376 4613 3763 4672 additionibus

2136 4700 2427 4756 variarum
2447 4698 2827 4757 ecclesiarum
2849 4700 3103 4758 sollicite
3123 4701 3427 4774 discrevit,
3450 4718 3560 4761 non
3583 4702 3662 4760 sic
3685 4704 3762 4756 ta-

2136 4801 2264 4842 men
2301 4791 2365 4842 ut
2395 4791 2596 4844 textus
2626 4787 2754 4858 ejus
2777 4803 3009 4862 semper
3029 4790 3260 4847 omnino
3284 4795 3642 4864 expurgatus
3663 4785 3754 4844 sit.

2135 4877 2257 4932 Non
2291 4875 2452 4932 lubet
2496 4877 2588 4933 hic
2638 4877 2764 4934 dies
2815 4894 3016 4936 omnes
3051 4895 3421 4954 percurrere,
3456 4881 3662 4953 quibus
3692 4876 3759 4934 ab

2135 4965 2460 5023 omnimoda
2484 4967 2741 5038 puritate
2764 4968 2986 5026 recedit
3013 4988 3030 5038 ;
3055 4971 3228 5027 faciet
3251 4969 3308 5027 id
3333 4970 3541 5044 lector,
3566 4969 3615 5027 si
3634 4965 3762 5026 sub-

2129 5053 2369 5124 junctos
2390 5054 2736 5112 Usuardinis
2766 5057 3033 5114 textibus
3063 5057 3298 5116 codices
3325 5058 3421 5116 vel
3455 5057 3636 5116 solum
3665 5067 3762 5111 nu-

2135 5155 2360 5198 merare
2407 5139 2682 5200 voluerit.
2715 5145 2979 5202 Notanda
3009 5145 3104 5203 hic
3135 5153 3275 5204 sunt
3307 5161 3436 5219 quae
3469 5139 3764 5205 Grevenia—

2135 5244 2222 5288 na:
2253 5229 2498 5286 editioni
2537 5227 2774 5304 propria
2805 5229 3342 5294 animadvertimus.

2205 5322 2328 5377 183.
2363 5318 2516 5376 Satis
2545 5325 2770 5378 certum
2819 5325 2911 5381 est
2963 5323 3284 5384 Grevenum
3315 5325 3431 5398 (sic
3475 5328 3765 5384 auctorem

2134 5407 2192 5466 in
2223 5412 2528 5486 posterum
2573 5411 2872 5474 nominare
2921 5412 3122 5492 liceat)
3153 5417 3410 5494 priorem
3457 5411 3769 5481 editionem
