3988 6158
300 160 405 238 eis

1728 192 2271 259 PKOLEGOMENA.

3574 216 3693 280 ’550

300 304 696 363 Coloniensem
723 307 998 367 habuisse
1023 326 1141 383 prae
1160 314 1348 372 oculis
1374 335 1389 385 ;
1423 322 1481 373 at
1510 322 1574 374 ut
1596 323 1819 376 textum
1844 335 1939 391 ge-
1968 325 2022 385 Α
2054 321 2416 381 Castellanus
2434 324 2489 380 in
2514 327 2852 397 praefatione
2875 331 2945 387 ad
2968 332 3437 409 Martyrologium
3466 344 3693 403 univer-

297 395 533 451 nuinum
584 397 657 451 ab
688 399 1129 458 accessionibus
1163 411 1522 475 secerneret,
1559 407 1798 477 adjutus
1832 410 1940 465 fuit

295 483 498 539 codice
541 484 738 553 aliquo
786 489 1113 545 Usuardino
1145 506 1218 546 ex
1254 493 1433 550 Gallia
1466 500 1731 566 accepto,
1768 512 1937 567 quem

295 571 710 627 Carnotensem
745 573 936 645 fuisse,
976 579 1225 646 probant
1247 580 1643 638 additamenta
1677 584 1728 639 ei
1761 585 1940 641 eccle-

292 657 395 713 sia:
427 659 681 729 pr0pria,
717 676 746 716 a
781 676 869 717 me
902 663 992 719 hic
1027 665 1160 721 inde
1194 666 1449 739 detecta,
1486 675 1545 727 ut
1576 686 1667 726 x1v
1700 672 1885 727 Martii
1922 693 1933 727 :

290 745 518 802 Eodem
544 747 641 803 die
664 748 932 820 Con-noti,
957 754 1153 810 sancti
1174 757 1420 813 Leonini
1440 759 1694 830 episcopi
1726 760 1786 815 et
1810 774 1940 817 con-

275 834 560 904 fessoris.
594 837 737 891 Item
762 853 853 894 XVI
876 840 1005 895 Maii
1044 860 1055 894 :
1081 843 1158 899 In
1165 858 1329 915 pago
1364 846 1709 918 Carnotino,
1728 850 1939 918 passio

289 923 490 979 sancti
509 924 1043 995 Emani,Mauritii
1065 930 1249 1001 atque
1272 934 1703 991 Alma/ri.Solus
1729 937 1939 994 mensis

294 1009 550 1065 October
568 1013 832 1084 exempla
863 1022 1117 1084 quatuor
1148 1021 1506 1092 suppeditat,
1551 1026 1611 1078 ut
1643 1039 1718 1079 vn
1753 1025 1880 1080 Oct.
1922 1045 1934 1080 :

295 1096 560 1155 Civitate
574 1099 845 1172 C’arnoti,
858 1102 1121 1162 inventio
1140 1110 1403 1178 corporis
1413 1112 1935 1182 sancti‘C'aletrici,

287 1186 489 1257 ipsius
506 1188 773 1246 civitatis
793 1192 1093 1263 episcopii.
1110 1196 1245 1251 Tum
1262 1212 1354 1252 xvr
1379 1198 1940 1270 :C'arnotis,natalis

289 1275 492 1331 sancti
504 1277 706 1333 Prisci
725 1280 1039 1352 martyris,
1054 1296 1232 1353 super
1242 1285 1519 1342 Fluvium
1532 1288 1787 1344 Andure.
1797 1290 1838 1343 Β
1848 1305 1940 1345 ur-

290 1376 396 1418 sus
412 1378 550 1419 xvn:
572 1364 1063 1436 0arnoti,sanctce
1071 1372 1301 1430 Salinas
1309 1375 1586 1445 virginis.
1603 1377 1777 1447 Apud
1786 1391 1941 1434 eam-

289 1450 430 1507 dem
446 1452 669 1523 urbem,
689 1454 984 1513 dedicatio
1008 1458 1271 1518 basilica
1283 1462 1348 1518 in
1366 1464 1649 1521 memoria
1672 1464 1940 1523 beatissi-

287 1553 404 1596 mce
422 1540 639 1600 Maria
654 1545 871 1603 man-is
892 1548 1005 1604 Dei
1026 1549 1085 1604 et
1102 1551 1346 1607 Domini
1364 1552 1556 1609 nostri
1573 1554 1623 1609 J
1618 1568 1720 1610 esu
1734 1553 1938 1612 Chris-

292 1627 362 1683 ti.
382 1628 639 1723 Denique
656 1646 764 1687 xxv
792 1652 812 1688 .-
832 1635 1007 1705 Apud
1023 1636 1671 1728 C’arnotum,dedicatio
1684 1642 1940 1701 ecclesiae
1968 1669 2021 1728 Β

286 1716 491 1773 sancti
509 1720 767 1777 Joannis
785 1722 1095 1795 Baptista,
1116 1725 1378 1782 etsancti
1406 1728 1714 1799 Vincentii,
1730 1731 1942 1789 Levita

288 1805 353 1860 et
376 1806 692 1878 martyris.
728 1808 866 1876 Qum
887 1810 1184 1881 aliaquein
1220 1814 1946 1887 decursquerisnonnun-

290 1907 467 1964 quam
519 1898 850 1968 observato,
895 1899 1074 1970 clare,
1122 1903 1177 1957 ni
1228 1902 1416 1973 fallor,
1468 1905 1785 1962 ostendunt
1832 1923 1941 1963 non

291 1984 556 2053 potuisse
597 1985 693 2041 illa
736 1988 998 2044 Usuardo
1034 1990 1235 2061 tribui,
1280 1992 1387 2048 nisi
1430 1994 1562 2062 quia
1608 1994 1663 2048 in
1710 1996 1944 2066 proprio

291 2073 636 2129 Carnotensi
657 2076 856 2133 codice
883 2083 1139 2149 reperta,
1167 2094 1335 2149 quem
1360 2081 1544 2136 solum
1568 2082 1857 2153 habuerit,
1883 2089 1940 2140 et

292 2162 572 2229 tanquam
617 2178 822 2233 purum
863 2166 1188 2222 Usuardum
1225 2168 1521 2225 Grevenus
1559 2170 1667 2226 sibi
1700 2186 1943 2242 sequen-

290 2246 433 2302 dum
468 2249 805 2319 praeﬁxerit.

366 2339 489 2392 184.
533 2338 729 2394 Utitur
769 2339 882 2395 alio
925 2341 1088 2411 signo
1128 2342 1444 2414 Grevenus,
1488 2345 1570 2401 sic
1612 2347 1790 2403 ferme
1831 2350 1943 2404 for-

289 2428 532 2494 mato,L,
559 2425 630 2480 de
655 2441 768 2496 quo
793 2427 871 2483 ita
894 2428 1156 2498 loquitur
1178 2431 1232 2485 in
1258 2433 1599 2502 praefatione
1615 2450 1715 2490 sua
1742 2436 1838 2491 fol.
1869 2443 1899 2493 5
1925 2456 1937 2492 :

289 2529 321 2561 α
344 2511 646 2567 Interdum
671 2518 885 2585 autem,
912 2515 1120 2587 inquit,
1152 2533 1366 2588 parvus
1388 2536 1420 2575 L
1440 2520 1694 2591 ponitur,
1717 2524 1787 2578 ad
1814 2524 1942 2580 insi-

287 2599 589 2655 nuandum
625 2606 886 2658 sanctum
918 2603 1100 2675 illum,
1125 2606 1217 2661 cui
1253 2608 1631 2678 praeponitur,
1665 2613 1939 2681 superad-

286 2685 479 2743 ditum
514 2702 643 2744 esse
674 2690 957 2762 Usuardo,
995 2694 1259 2762 quamvis
1299 2700 1433 2750 ante
1475 2697 1655 2766 (aliud
1689 2699 1937 2770 signum)

285 2780 566 2844 ponatur.
604 2778 767 2844 Quod
800 2785 989 2835 tamen
1023 2781 1078 2836 in
1125 2782 1287 2839 festis
1327 2784 1751 2856 Conmptionis,
1787 2789 1937 2843 Prae-

287 2865 662 2933 sentationis,
725 2872 784 2922 et
836 2868 1197 2925 Visitationis
1256 2871 1441 2927 beatae
1490 2872 1701 2942 Mariae,
1754 2876 1936 2931 sancti

283 2952 543 3023 Thomas,
568 2954 823 3026 episcopi
848 2961 907 3010 et
940 2957 1231 3028 martyris,
1270 2962 1329 3013 et
1351 2964 1564 3015 sanctae
1591 2961 1932 3031 Catharinae,

2051 410 2190 479 sale,
2212 412 2283 467 de
2307 414 2365 469 la
2386 412 2599 470 Mente.
2627 415 2813 471 Malim
2838 432 2948 488 ego
2973 427 3205 479 vertere
3232 427 3304 483 de
3321 428 3571 488 Moulin.
3595 435 3693 490 Te-

2048 500 2517 557 staturValerius
2546 503 2809 561 Andreas
2840 506 2895 560 in
2932 508 3287 569 Bibliotheca
3316 516 3566 589 Belgica,
3604 522 3690 577 In-

2050 584 2195 641 sulis
2224 587 2599 645 Flandrorum
2634 596 2828 647 natum
2862 607 3010 663 esse,
3043 610 3190 653 anno
3222 605 3358 657 1533
3392 584 3565 677 «'quo
3596 623 3694 679 pa.

2048 675 2160 742 ter,
2196 673 2404 745 inquit,
2449 676 2709 734 discendi
2743 680 3037 739 idiomatis
3079 685 3279 744 Gallici
3320 673 3528 764 gratia,
3559 673 3689 753 cum

2052 775 2230 816 uxore
2277 769 2636 835 praegnante,
2681 776 3075 828 concesserat.
3111 792 3140 825 »
3185 776 3383 833 Mirum
3414 783 3506 835 est
3538 787 3691 852 quod

2050 847 2231 918 addit,
2294 869 2323 902 «
2381 854 2643 909 nonncisi
2700 858 2944 912 materni
2979 873 3043 914 ac
3100 865 3419 935 vernaculi,
3464 847 3572 924 hoc
3602 876 3691 927 est

2050 936 2379 994 Brabantici
2425 942 2725 1011 sermonis,
2778 959 3022 1012 gnarum
3065 946 3260 1019 fuisse,
3306 952 3692 1028 maluisseque

2049 1023 2465 1082 Lovanienscm
2499 1029 2722 1099 audire,
2756 1050 2785 1083 ››
2818 1047 2847 1087 a
2881 1034 3083 1090 matris
3124 1039 3333 1109 patria,
3363 1055 3493 1097 cum
3526 1023 3693 1114 pater

2049 1116 2205 1167 esset
2234 1115 2758 1175 Schoonhovianus.
2796 1121 2914 1190 Ego
2954 1137 2985 1177 e
3016 1123 3220 1180 Molani
3263 1125 3514 1185 lectione
3554 1133 3693 1189 mihi

2051 1198 2220 1268 plane
2252 1215 2676 1275 persuaseram,
2713 1207 2913 1263 Gallici
2957 1212 3240 1267 sermonis
3270 1215 3545 1289 peritum,
3580 1220 3694 1277 imo

2049 1285 2105 1339 in
2138 1288 2421 1343 servanda
2460 1289 2674 1347 Gallica
2708 1294 3242 1355 scribendiratione
3266 1285 3694 1379 pauloscrupu-

2048 1372 2338 1444 losiorem,
2372 1382 2574 1447 utpote
2601 1379 2698 1448 qui
2725 1382 2938 1452 ubique
2981 1385 3052 1439 ab
3087 1386 3442 1447 efformando
3477 1372 3694 1452 Wstu-

2050 1461 2210 1517 diose
2226 1463 2534 1535 abstineat,
2560 1467 2712 1536 quod
2729 1468 2914 1539 ipsum
2930 1471 2985 1526 in
3009 1475 3285 1531 auctariis
3302 1476 3430 1546 ejus
3441 1480 3693 1552 plerum-

2049 1563 2160 1618 que
2182 1551 2558 1608 servavimus.
2577 1554 2756 1611 Nimis
2777 1557 3048 1627 religiose
3072 1560 3338 1635 fortasse,
3364 1568 3465 1623 sed
3487 1570 3690 1628 eadem

2050 1636 2342 1692 scribendi
2376 1639 2621 1711 ratione,
2658 1656 2785 1712 quae
2818 1645 2873 1698 in
2906 1646 3033 1702 aliis
3072 1650 3351 1709 Usuardis
3386 1655 3692 1716 codicibus

2054 1726 2265 1796 passim
2288 1733 2517 1785 servata
2541 1735 2650 1800 est,
2678 1735 2741 1787 ut
2765 1733 2855 1789 vel
2878 1733 3009 1790 hinc
3032 1736 3316 1796 haberent
3337 1744 3552 1804 Curiosi
3576 1762 3692 1820 quo

2053 1812 2124 1868 de
2153 1813 2511 1883 singulorum
2544 1818 2732 1887 pretio
2764 1820 3023 1877 facerent
3054 1824 3470 1895 conjecturam.

2122 1907 2224 1958 186
2269 1903 2416 1969 Quid
2457 1905 2506 1959 si
2546 1910 2740 1961 autem
2783 1907 2837 1963 in
2886 1909 3080 1980 lingua
3123 1914 3327 1971 Molani
3375 1922 3687 1980 vernacula

2052 1988 2344 2045 tantillum
2376 1991 2665 2047 aberrarit
2696 1994 2976 2065 Valerius,
3020 2000 3117 2068 qui
3150 2016 3253 2058 nec
3294 2004 3687 2079 Martyrologii

2050 2075 2178 2145 ejus
2207 2078 2496 2134 editiones
2518 2081 2660 2136 satis
2689 2088 2962 2139 accurate
2992 2088 3303 2145 consuluit.
3330 2075 3553 2150 Etenim
3583 2075 3703 2163 M0:

2050 2161 2164 2217 lani
2216 2165 2403 2236 scipta
2464 2182 2830 2239 enumerans,
2887 2171 2969 2227 sic
3031 2174 3203 2230 habet
3261 2178 3449 2247 primo
3498 2181 3683 2239 loco:

2054 2251 2315 2307 Usuardi
2345 2252 2866 2327 Martyrologium,
2920 2261 3405 2323 adnotationibus
3447 2271 3689 2328 auctam

2046 2340 2206 2409 vani,
2242 2355 2506 2430 unuxdi
2536 2344 2597 2398 et
2621 2359 2907 2401 nanxvn.
2942 2350 3124 2419 Typis
3152 2352 3397 2409 Hieron.
3445 2357 3683 2430 Welleei,

2046 2427 2496 2485 Dormitavithic
2511 2431 2804 2499 Valerius;
2821 2448 2950 2490 nam
2976 2437 3157 2505 prima
3179 2440 3360 2497 editio
3378 2427 3688 2503 Wellaeana

2047 2527 2256 2570 annum
2285 2519 2519 2586 praefert
2548 2525 2704 2589 1568,
2731 2521 2917 2578 altera
2942 2530 3098 2595 1575,
3127 2528 3300 2584 tertia
3327 2534 3418 2585 est
3440 2534 3688 2591 Antuer—

2048 2602 2267 2672 piensis
2292 2606 2441 2674 apud
2467 2607 2699 2663 Nutium
2725 2611 2855 2665 anni
2890 2617 3047 2682 1582,
3084 2628 3213 2683 qua)
3245 2616 3420 2673 etiam
3450 2620 3690 2679 Parisiis

2048 2704 2253 2759 magno
2297 2691 2573 2748 volumini
2616 2696 2884 2754 Historiae
2933 2704 3197 2757 veterum
3226 2705 3463 2760 Patrum
3498 2722 3601 2777 per
3632 2709 3685 2765 la

2046 2779 2222 2832 Barre
2246 2778 2461 2834 inserta
2485 2787 2597 2851 est,
2624 2785 2826 2839 eodem
2860 2786 2986 2856 ipso
3016 2803 3166 2843 anno
3200 2796 3338 2847 1583
3363 2810 3378 2858 ;
3404 2808 3510 2849 nec
3542 2796 3686 2854 alias

2046 2865 2164 2920 scio
2193 2866 2474 2922 hactenus
2494 2870 2802 2937 prodiisse.
2840 2875 2959 2929 Huc
2991 2880 3216 2944 Spectat
3240 2877 3578 2937 allucinatio
3605 2884 3685 2939 al-

2045 2954 2191 3021 tera,
2219 2953 2328 3008 nisi
2355 2953 2540 3023 fallor,
2565 2957 2625 3009 V.
2655 2959 2711 3013 C.
2740 2960 2815 3014 du
2840 2960 2963 3029 Pin,
3000 2962 3095 3030 qui
3122 2963 3178 3017 in
3203 2979 3304 3020 sua
3327 2966 3681 3038 scriptorum

530 3011 542 3023 ι
606 3011 620 3025 ι
770 3011 783 3026 ι
1005 3011 1024 3012 έν
1096 3011 1116 3028 ν
1198 3011 1231 3027 ⁷1
1283 3011 1289 3012 ί
1315 3011 1324 3013 '
1353 3011 1477 3015 *νά-⁷
1498 3011 1557 3015 “'
1599 3011 1788 3016 '“"""
1808 3011 1932 3031 ἠυντ
2179 3011 2189 3021 ¹
2528 3011 2539 3023 ’
2669 3011 2677 3013 ‘
2749 3011 2813 3014 ""
2840 3011 2860 3013 “
2889 3011 2963 3029 “””⁷
3004 3011 3095 3030 Ἰ“““
3122 3011 3178 3017 ““’
3203 3011 3304 3020 “”““
3327 3011 3409 3021 *ν’
3426 3011 3572 3038 ⁶Υ”ν⁸
3592 3011 3677 3026 *⁸⁸⁸⁸

282 3041 538 3110 virginis
563 3047 619 3097 et
662 3044 936 3113 martyris
976 3045 1206 3100 minime
1243 3047 1614 3103 observatum
1655 3055 1761 3104 est.
1801 3070 1827 3100 ››
1863 3052 1933 3105 At
1969 3011 2017 3072 Ο
2048 3040 2402 3097 Bibliotheca
2425 3041 3289 3122 editionisAmstelodamensis,
3317 3067 3531 3127 sec.Ix,
3549 3073 3677 3128 pag.

283 3143 639 3199 quocunque
669 3130 833 3200 signo
874 3131 1077 3187 affecta
1102 3133 1191 3187 vel
1236 3149 1347 3188 non
1380 3134 1581 3190 affecta
1622 3137 1834 3191 fuerint
1866 3154 1932 3193 ea

283 3233 419 3288 qua;
444 3219 971 3275 textuiUsuardino
987 3220 1359 3291 adjiciuntur,
1376 3236 1441 3277 ea
1466 3223 1935 3283 nobissuﬂiciens

282 3306 441 3361 ratio
472 3312 583 3377 est,
616 3308 1098 3377 quemadmodum
1134 3309 1269 3364 alibi
1306 3325 1417 3365 non
1451 3312 1629 3366 semel
1660 3313 1930 3381 diximus,

280 3399 349 3449 ut
388 3395 685 3451 Grevenus
715 3411 746 3450 e
789 3412 1064 3466 purorum
1094 3398 1359 3454 codicum
1392 3414 1630 3455 numero
1663 3401 1936 3458 excluda-

279 3488 404 3539 tur.
453 3484 543 3539 Sic
582 3485 763 3539 hahes
801 3484 996 3539 citatis
1031 3486 1144 3555 jam
1204 3487 1427 3555 diebus,
1474 3488 1609 3541 item
1646 3504 1661 3542 ι
1696 3489 1929 3559 Aprilis,

277 3586 314 3625 v
347 3575 409 3624 et
442 3586 513 3626 xx
544 3572 809 3641 Augusti,
836 3587 935 3627 xm
967 3573 1325 3641 Septembris
1345 3578 1401 3626 ct
1437 3573 1592 3628 alibi.
1630 3576 1687 3628 in
1716 3574 1825 3629 ﬁne
1851 3581 1934 3630 to-

279 3656 404 3712 tius
425 3658 622 3727 operis
640 3659 919 3715 rationem
946 3660 1139 3714 reddit
1161 3675 1266 3715 cur
1288 3664 1519 3715 sanctos
1543 3660 1767 3730 aliquos
1792 3664 1933 3717 Mar-

278 3744 576 3816 tyrologio
607 3762 715 3802 non
751 3748 1045 3818 putaverit
1075 3748 1453 3814 inserendos;
1493 3750 1585 3804 ubi
1639 3750 1789 3803 inter
1822 3750 1931 3806 alia

277 3832 367 3887 sic
401 3832 680 3904 loquitur,
716 3839 775 3890 ut
812 3850 947 3891 vere
988 3835 1181 3904 colligi
1226 3836 1405 3906 possit
1448 3835 1786 3906 nonplures,
1831 3838 1932 3893 sed

275 3920 519 3977 unicum
550 3922 735 3978 totius
758 3922 1121 3979 collectionis
1167 3927 1464 3979 auctorem
1510 3939 1656 3980 esse.
1700 3927 1777 3980 En
1808 3925 1935 3994 ejus

274 4011 462 4066 verba
480 4010 671 4068 :Finis
681 4010 954 4084 Marti/ro
962 4013 1105 4084 logii
1123 4013 1384 4070 Usuardi
1394 4013 1827 4083 monachicum
1838 4015 1936 4070 ad-

274 4097 613 4156 ditionibus
644 4113 719 4156 ea:
746 4101 1000 4158 diversis
1036 4100 1464 4172 Martyrologii
1505 4102 1691 4157 multo
1720 4103 1935 4158 sudore

274 4186 1170 4260 collectis,separatimquejam
1189 4190 1621 4259 secundo,anno
1643 4191 1704 4245 Ι).
1731 4205 1927 4260 Μυχχι,

273 4273 531 4345 apudC'o
538 4276 1155 4347 loniamAgrippinam
1167 4277 1436 4347 adjectis.
1447 4278 1520 4332 In
1532 4276 1749 4348 quibus
1764 4278 1934 4334 addi-

2042 3133 2164 3199 200,
2206 3129 2315 3184 col.
2360 3135 2411 3199 2,
2456 3130 2911 3205 impressionem,
2956 3137 3150 3191 nescio
3200 3154 3391 3211 quam,
3436 3144 3684 3201 Antuer-

2042 3217 2297 3286 piensem
2321 3220 2482 3291 citat,
2506 3234 2607 3289 pro
2631 3236 2779 3276 anno
2808 3229 2944 3279 1588
2970 3225 3220 3294 priorem
3244 3229 3487 3301 scilicet,
3512 3235 3685 3291 Lova-

2040 3304 2224 3359 niensi
2253 3309 2387 3378 anni
2426 3314 2578 3365 1558.
2616 3312 2825 3364 Verum
2851 3310 3096 3379 conjieio
3131 3315 3278 3370 male
3315 3316 3522 3387 legisse
3554 3336 3685 3379 eru-

2042 3392 2388 3451 ditissimum
2414 3397 2620 3465 virum,
2657 3402 2754 3453 aut
2782 3399 2932 3453 forte
2956 3400 3135 3457 citras
3178 3404 3568 3476 transpositas
3597 3425 3685 3468 re-

2042 3481 2261 3549 perisse
2294 3484 2440 3540 sicut
2479 3502 2582 3555 pro
2608 3486 2826 3541 ultimze
2859 3488 3134 3545 editionis
3180 3505 3329 3548 anno
3364 3500 3498 3552 1583
3531 3499 3685 3555 vide-

2042 3567 2115 3621 rit
2141 3574 2278 3625 1538
2300 3572 2417 3640 ;qui
2441 3578 2601 3627 certe
2624 3574 2807 3627 facilis
2840 3574 3036 3644 lapsus
3053 3582 3139 3631 est
3168 3584 3247 3643 ;at
3271 3584 3504 3651 turpius
3523 3593 3682 3643 errat

2042 3655 2191 3710 idem
2234 3657 2691 3729 bibliographus,
2739 3661 2872 3715 dum
2933 3662 2987 3716 in
3029 3664 3206 3719 citata
3242 3666 3365 3736 ipsa
3415 3670 3681 3730 columna

2042 3743 2380 3800 Bollandum
2425 3748 2479 3801 in
2512 3748 2795 3802 Mosandri
2840 3748 3027 3804 locum
3068 3753 3392 3826 substituit,
3429 3760 3683 3817 Suriani-

2042 3834 2152 3899 (lue
2183 3832 2574 3902 supplementi
2608 3839 2905 3890 auctorem
2938 3837 3093 3893 facit.

2112 3923 2232 3975 187.
2278 3919 2566 3992 Quidquid
2610 3922 2843 3979 interim
2884 3924 2958 3980 sit
2999 3926 3071 3982 de
3112 3928 3315 3986 Molani
3357 3933 3671 4010 natalibus,

2040 4011 2138 4062 aut
2162 4010 2475 4066 vernaculo
2497 4025 2781 4082 sermone,
2807 4019 3057 4085 constat,
3091 4018 3423 4077 eruditione
3453 4028 3513 4079 et
3535 4027 3676 4083 scri-

2040 4094 2177 4166 ptis,
2205 4111 2331 4167 quae
2353 4098 2429 4154 ibi
2455 4098 3007 4173 Valeriusexplicat,
3035 4103 3327 4163 celebrem
3351 4109 3546 4184 fuisse,
3571 4115 3675 4173 sed

2040 4183 2224 4254 prima
2243 4186 2551 4243 Usuardini
2576 4190 2969 4261 Martyrologii
2992 4193 3250 4252 editione
3278 4197 3677 4262 celebratissi-

2039 4285 2212 4326 mum.
2246 4274 2378 4329 Haec
2402 4289 2512 4330 una
2543 4281 2653 4346 est,
2681 4292 2850 4347 quam
2874 4294 3050 4351 supra
3074 4282 3360 4358 dicebam,
3386 4290 3676 4361 antiquio-

275 4360 565 4427 tionibus,
598 4377 695 4426 om
736 4378 893 4419 lPSAS
925 4377 1211 4434 comm,
1237 4364 1425 4434 juceta
1457 4364 1811 4420 sententiam
1844 4366 1917 4421 ο.
1954 4359 2005 4419 D
2038 4358 2201 4415 ribus
2224 4360 2493 4418 omnibus
2516 4363 2761 4433 palmam
2786 4368 3185 4439 praeripuisse,
3206 4387 3275 4427 eo
3299 4358 3671 4444 potissimum

271 4449 1493 4523 HieronymivelBedce,simpliciter_/ldem
1503 4452 1627 4508 sive
1638 4451 1937 4527 historice,
2041 4447 2193 4538 quod
2218 4449 2464 4505 Usuardi
2491 4456 2735 4524 textum,
2764 4460 2975 4524 (illailla
2990 4456 3115 4511 ﬁeri
3138 4461 3302 4528 ροίιιί
3316 4461 3668 4538 “ingentia.

270 4551 469 4607 gnam
493 4538 1335 4609 lcgebat,sivediversorwmin
1354 4539 1544 4595 [zacre
1561 4539 1931 4597 studiosissi-
2041 4535 2250 4591 nativae
2283 4538 2520 4607 puritati
2546 4546 2604 4595 et
2629 4540 2993 4612 simplicitati
3018 4545 3365 4604 restituerit.
3398 4552 3555 4610 Hanc
3577 4535 3672 4611 ex;

268 4627 759 4698 mmmscﬁpﬁs
770 4626 1931 4699 accommodavit;dgprgcanscﬂaritatem
2039 4621 2271 4694 tollunt,
2296 4624 2442 4681 hanc
2466 4627 2789 4698 celebrant,
2813 4629 2961 4687 hanc
2975 4632 3186 4689 merito
3209 4638 3543 4707 suspiciunt
3564 4643 3670 4697 Ha-

275 4713 1046 4785 Spiritussamﬁ’utlabor
1062 4716 1571 4787 εκυδχγδιιοιωηίπ
1594 4715 1930 4773 deuotarum
2034 4711 2274 4782 giophili
2317 4729 2538 4785 omnes,
2582 4720 2862 4787 tantoque
2902 4718 2957 4774 in
3007 4722 3199 4791 pretio
3240 4724 3350 4781 fuit
3386 4727 3666 4785 cardinali

269 4802 789 4873 profectu,adDei
807 4803 1930 4875 etsanctormnejusgloriam,invenire
2038 4797 2305 4870 Baronio,
2350 4805 2408 4857 ut
2441 4802 2550 4858 hoc
2576 4803 2986 4863 aestimationis
3024 4822 3143 4865 suae
3177 4823 3429 4881 perenne
3469 4828 3669 4874 monu-

267 4890 500 4947 valeat.
525 4890 663 4957 Quae
685 4890 775 4947 hic
802 4891 935 4948 addi
965 4898 1195 4963 possent
1229 4907 1302 4948 ex
1337 4892 1599 4963 proxime
1633 4893 1926 4963 sequenti-
2036 4892 2311 4978 ineptum,
2339 4890 2562 4978 praefat.
2590 4891 2660 4946 ad
2691 4892 3163 4966 Martyrologium
3185 4899 3503 4958 Romanum
3535 4918 3661 4978 cap.

272 4978 388 5034 bus
421 4977 591 5034 facile
622 4977 1049 5048 intelligentur.
2033 4977 2066 5027 9
2097 4978 2331 5031 exstare
2364 4976 2615 5035 voluerit
2648 4999 2661 5035 :
2699 4982 2909 5037 «Tanti
2932 4984 3061 5056 viri,
3095 4986 3166 5042 de
3193 4985 3452 5045 Ecclesia
3473 4992 3575 5049 Dei
3606 4976 3665 5052 et

345 5071 475 5126 185.
525 5067 771 5126 Usuardi
810 5067 1167 5129 editionibus
1211 5071 1493 5131 hactenus
1543 5073 1919 5147 enumeratis,

268 5155 494 5227 nitore,
519 5156 807 5228 elegantia
831 5163 888 5216 et
914 5160 1172 5231 puritate
1205 5162 1429 5233 palman
1460 5162 1689 5218 omnino
1722 5163 1918 5235 eripit,

268 5249 572 5317 postrema
604 5247 827 5317 ordine,
865 5263 1032 5318 quam
1065 5248 1345 5320 peculiari
1388 5250 1585 5307 studio
1616 5251 1922 5308 adornavit

261 5333 526 5391 Joannes
563 5334 839 5405 Molanus,
888 5335 1257 5394 Lovaniensis
1286 5338 1613 5411 theologus,
1660 5353 1801 5396 vero
1824 5352 1919 5395 co-

261 5419 548 5491 gnomine
589 5421 819 5494 Belgica
882 5423 1240 5495 Vermeulen,
1290 5425 1445 5497 quod
1488 5424 1704 5484 Gallice
1740 5423 1919 5482 vertit

2031 5063 2281 5121 veritate
2294 5066 2578 5125 catholica
2595 5070 2812 5142 Optime
2835 5073 3158 5143 meriti,nec
3173 5074 3407 5134 brevem
3422 5080 3666 5142 schedu-

2034 5152 2145 5208 lam
2172 5155 2443 5227 deperire
2462 5160 2867 5230 aequanimiter
2899 5162 3126 5234 patior:
3152 5164 3248 5221 cui
3270 5165 3482 5237 (dicam
3505 5171 3663 5245 inge-

2030 5243 2166 5313 nue)
2190 5244 2354 5302 istaec
2376 5248 2702 5320 omnia,hac
2724 5264 2798 5306 ex
2818 5254 2983 5322 parte
3006 5259 3248 5327 accepta
3274 5243 3590 5331 fero,quod'
3605 5260 3661 5320 in

2030 5329 2435 5391 densissimam
2480 5335 2684 5395 silvam
2727 5338 2950 5409 primus
2998 5339 3124 5413 ipse
3159 5329 3480 5420 ingressus,
3524 5349 3661 5407 mihi

2027 5416 2275 5491 aliisque
2306 5422 2525 5481 aditum
2555 5426 2854 5496 patefecit,
2890 5441 3004 5501 quo
3042 5430 3220 5497 etiam
3246 5416 3501 5512 nomine,
3530 5450 3660 5503 cum
