3974 6150
395 225 492 285 881

1350 216 1722 276 USUARDUS
1759 216 2143 276 MONACHUS
2181 213 2826 276 SANGERMANENSIS.
3669 215 3746 270 lilia

394 363 524 419 ego,
550 352 671 404 tum
690 342 907 402 eruditi
929 355 1132 400 omnes
1155 340 1466 414 plurimum
1486 341 1539 398 ei
1562 342 1800 412 debere,
1823 339 2020 398 luben.
2055 340 2111 402 A
2143 353 2289 412 quos
2304 353 2478 412 porro
2490 335 3160 409 recensebimus,nullus
3173 333 3377 405 sit,qui
3391 346 3508 390 non
3521 331 3746 404 pluribus

395 439 488 492 ter
515 431 888 504 agnoscimus
917 434 976 488 et
1005 427 1371 486 confitemur.
1403 447 1431 481 ››
1465 429 1686 486 Laudat
1713 429 1831 486 illic
1851 428 2026 485 etiam

394 519 676 578 Baronius
686 519 1002 578 editionem
1017 517 1424 590 posteriorem,
1439 532 1539 575 seu
1554 517 1735 574 mavis
1749 518 2030 588 posterio-

397 623 493 668 res
517 627 534 676 ;
555 623 686 666 nam
711 607 806 680 qui
829 620 1028 664 earum
1059 619 1228 663 unam
1251 606 1414 662 novit
1443 619 1642 662 omnes
1663 606 1824 662 novit
1850 623 1866 672 ;
1891 605 2028 660 mihi

394 711 535 756 vero
559 696 943 766 omnibusque
966 709 1124 766 purae
1145 698 1202 750 et
1218 694 1426 751 nativas
1448 693 1788 751 Usuardina;
1810 692 2030 764 simpli-

396 785 595 847 citatis
617 783 1052 853 adoratoribus,
1078 782 1244 839 unice
1265 783 1440 837 chara
1463 795 1804 852 summoque
1826 781 1882 836 in
1902 795 2030 852 pre-

391 873 477 928 tio
507 877 600 929 est
632 871 813 943 prima
843 870 1026 941 illa,in
1053 884 1165 940 qua
1189 869 1308 928 sola
1339 871 1642 927 Usuardus
1665 868 2023 939 agnoscitur,

394 960 579 1017 altera
601 959 692 1016 vel
716 959 940 1029 alteris,
972 959 1166 1015 nescio
1197 973 1439 1028 quorum
1463 959 1643 1015 ductu
1665 962 1726 1014 et
1756 957 2028 1014 consilio-

395 1048 834 1118 mutationibus,
852 1046 1420 1118 transpositionibus,
1437 1050 1611 1116 atque
1635 1045 2029 1118 interpolatio-

395 1136 570 1194 nibus
601 1135 681 1192 ita
713 1135 1070 1204 deformatis,
1101 1139 1166 1192 ut
1186 1135 1490 1192 Usuardus
1522 1149 1704 1206 prope
1733 1148 1806 1190 ex
1837 1133 2026 1190 oculis

395 1225 616 1294 fugisse
632 1223 920 1281 videatur.
937 1223 1124 1278 Priori
1139 1223 1336 1293 itaque
1349 1223 1421 1279 ad
1434 1222 1757 1279 eruendum
1778 1221 2025 1279 Usuardi

391 1316 617 1370 textum
649 1311 740 1370 usi
771 1327 991 1382 sumus,
1034 1312 1162 1368 alia
1191 1311 1474 1382 augendis
1513 1311 1692 1366 ferme
1732 1309 2026 1367 Auctariis

393 1400 736 1472 plerumque
764 1399 1160 1458 subserviunt.
1189 1399 1506 1457 Audiamus
1538 1399 1710 1456 modo
1743 1397 2024 1455 Molanum

394 1486 585 1558 ipsum
616 1487 687 1544 de
717 1487 898 1560 prima
916 1487 1015 1544 illa
1038 1501 1142 1544 sua
1164 1486 1424 1544 editione
1452 1486 1811 1558 praefationis
1830 1499 1957 1558 cap.
1993 1489 2027 1542 4

394 1574 805 1634 disserentem.

2138 427 2479 484 excessibus
2502 430 2599 482 aut
2625 426 2953 482 defectibus
2989 425 3260 482 laborare
3279 420 3680 494 comperiatur.
3701 420 3746 480 Id

2141 531 2258 588 prae
2271 514 2490 571 Molano
2502 513 2768 572 subsidiii
2783 513 3108 583 habuimus,
3129 511 3287 584 quod
3304 509 3505 582 plures
3518 509 3660 566 omni
3677 523 3748 580 ge-

2141 603 2297 660 neris
2311 602 2544 660 codices
2569 603 2640 658 ad
2664 617 2892 658 manum
2918 601 3156 672 fuerint,
3201 599 3357 670 quod
3373 598 3502 668 ejus
3521 596 3751 655 aliorum-

2140 689 2531 763 quesolertia
2573 689 2777 761 adjuti,
2822 689 3062 761 apertis,
3110 686 3404 746 consultis
3439 684 3749 757 collatisque

2139 780 2386 838 Usuardi
2417 779 2693 848 fontibus,
2719 777 2946 834 facilius
2979 776 3150 846 longe
3183 774 3351 832 nobis
3379 773 3556 832 fuerit
3581 773 3705 830 falsa
3727 789 3750 830 a

2139 867 2310 938 veris,
2333 867 2583 937 genuina
2615 881 2644 921 a
2669 865 2905 937 spuriis,
2939 864 3190 921 scoriam
3223 865 3294 920 ab
3321 866 3568 932 argento
3597 875 3752 918 secer-

2139 971 2298 1012 nere.
2324 955 2377 1010 Si
2403 955 2539 1026 quid
2562 958 2809 1011 conatus
2831 958 3069 1010 nostros
3097 967 3162 1008 su
3174 949 3552 1020 bterfugerit,
3569 954 3622 1004 et
3646 963 3754 1020 cog-

2138 1043 2420 1101 noscendi
2443 1048 2501 1099 et
2520 1041 2862 1112 ignoscendi
2885 1041 3065 1097 errati
3080 1040 3276 1097 locum
3293 1037 3460 1094 nobis
3475 1037 3750 1109 datumiri,

2140 1131 2308 1204 plane
2361 1131 2724 1187 confidimus.
2779 1132 3134 1199 Argumenta
3189 1127 3346 1184 ultro
3399 1126 3660 1197 citroque
3699 1125 3753 1181 ad

2137 1218 2454 1276 eruendam
2477 1218 2960 1290 probandamque
2981 1215 3230 1274 Usuardi
3264 1215 3576 1287 puritatem
3597 1213 3755 1270 venti-

2137 1307 2275 1376 lata,
2300 1307 2392 1363 hic
2417 1310 2687 1378 repetere
2715 1305 3076 1378 superfluum
3096 1304 3457 1374 judico,cum
3472 1304 3594 1358 hac
3610 1301 3756 1358 sitto

2138 1397 2257 1453 tius
2273 1394 2460 1453 nostri
2476 1395 2674 1466 operis
2688 1409 2792 1466 per
2803 1393 3067 1465 singulos
3079 1393 3204 1450 dies
3216 1392 3467 1448 deducta
3481 1390 3752 1447 materies.

2207 1483 2536 1553 190.Pergit
2553 1482 2834 1540 Molanus:
2855 1482 3097 1540 Contuli
3115 1483 3314 1540 antem
3339 1477 3599 1537 Usuardi
3615 1477 3756 1536 Har-

2138 1573 2502 1645 lyrologinm
2536 1571 2794 1630 Colonia
2818 1573 2888 1629 in
2911 1577 2947 1626 8
2985 1569 3218 1643 (minori
3257 1567 3464 1640 forma)
3502 1581 3758 1627 ἀπείθεια

467 1667 590 1721 188.
623 1663 787 1720 Mitto
817 1662 914 1720 illa
937 1663 994 1718 in
1025 1663 1236 1734 quibus
1263 1678 1395 1720 cum
1439 1663 1742 1733 Sigeberto
1774 1667 1870 1720 aut
1895 1678 2026 1720 cum
2054 1685 2108 1746 Β
2141 1677 2312 1718 unm
2351 1663 2698 1733 (Grevenum
2742 1660 2978 1732 indicat,
3006 1659 3076 1716 de
3099 1674 3213 1732 quo
3257 1657 3520 1730 proxime
3557 1656 3760 1728 egimus

395 1749 723 1808 aliisavero
734 1751 1030 1809 aberravit
1048 1770 1062 1818 ;
1085 1752 1168 1808 sic
1185 1751 1262 1806 ibi
1279 1752 1658 1823 prosequitur
1682 1772 1694 1808 :
1715 1772 1743 1806 ί(
1760 1755 1819 1807 In
1843 1751 2026 1823 primo

397 1843 592 1896 autem
625 1839 888 1911 prologo,
922 1839 1075 1897 inter
1101 1854 1206 1896 eos
1229 1841 1326 1909 qui
1352 1841 1616 1896 Usuardo
1647 1841 2033 1898 communiter

396 1927 674 1998 praemitti
700 1927 910 1998 solent,
931 1931 1189 1996 notatur,
1207 1927 1451 1984 Usuardi
1473 1942 1622 1998 opus
1646 1929 1829 1998 magis
1861 1942 2030 1998 quam

394 2013 726 2086 Hieronymi
758 2018 856 2072 aut
889 2015 1058 2072 Bedaa
1080 2015 1135 2069 in
1169 2030 1274 2072 usu
1299 2014 1499 2070 haberi
1533 2016 1686 2086 apud
1707 2014 1920 2072 multas
1940 2030 2032 2072 ec-

394 2101 608 2160 clesias
638 2119 652 2169 ;
684 2117 813 2173 quae
835 2103 1010 2159 etiam
1039 2102 1166 2172 ejus
1197 2103 1360 2174 operi
1385 2103 1708 2160 creduntur
1746 2103 1939 2175 aliqua
1973 2106 2028 2160 in

394 2189 542 2248 locis
565 2191 747 2248 variis
767 2191 1086 2260 addidisse,
1108 2191 1400 2262 praecipue
1423 2191 1494 2246 de
1524 2191 1740 2248 sanctis
1769 2197 1825 2248 et
1861 2193 2029 2250 festis

398 2279 831 2348 pertinentibus
861 2278 1202 2349 specialiter
1223 2279 1293 2334 ad
1327 2279 1581 2335 easdem.
1607 2281 1858 2350 Propter
1884 2281 2030 2337 istas

395 2369 589 2422 autem
629 2365 956 2422 additionrs
984 2367 1056 2421 ad
1089 2366 1434 2435 Usuardum,
1476 2381 1588 2421 non
1624 2367 1792 2422 facile
1833 2373 1921 2424 est
1954 2369 2030 2440 ip-

395 2467 524 2509 sum
546 2452 874 2508 Usuardum
907 2453 1092 2508 solum
1123 2457 1178 2508 ct
1215 2453 1436 2523 absque
1464 2453 1861 2511 additionibus
1889 2460 1948 2510 et
1971 2455 2028 2510 in

395 2539 679 2596 distincto
703 2539 996 2611 permistis
1027 2539 1189 2612 prelo
1215 2540 1352 2596 dare
1379 2558 1394 2607 ;
1427 2542 1580 2610 quod
1600 2545 1794 2598 tamen
1821 2557 1926 2599 nos
1951 2544 2028 2600 fe-

391 2628 550 2685 cisse
573 2642 765 2700 spero,
801 2629 1065 2698 quamvis
1103 2627 1496 2699 subdubitem,
1537 2645 1670 2687 num
1713 2645 1892 2702 pauca
1929 2646 2027 2688 no-

391 2719 550 2773 stros
593 2721 841 2773 conatus
891 2717 1372 2787 subterfugerint.
1416 2719 1745 2790 Interposui
1793 2719 2024 2790 quidem

388 2803 546 2862 nulla
579 2804 635 2861 in
677 2804 804 2876 ipso
846 2805 1108 2862 Usuardo
1153 2820 1226 2861 ex
1277 2806 1452 2876 Beda,
1505 2805 1725 2876 Adone,
1778 2807 2026 2866 diversis

387 2892 771 2951 ecclesiarum
805 2893 1230 2964 Martyrologiis
1251 2899 1309 2949 et
1341 2893 1595 2964 aliunde,
1627 2894 1728 2951 sed
1761 2894 1872 2951 alio
1892 2895 2025 2952 cha-

387 2985 617 3039 ractere
656 2987 714 3038 et
755 2982 1049 3054 praemissa
1091 2982 1310 3052 littera,
1341 2998 1446 3054 per
1485 2997 1614 3053 quae
1645 2983 1828 3040 lector
1864 2983 2020 3040 facil-

382 3067 520 3126 lime
555 3069 823 3126 advertat
855 3085 922 3125 ea
952 3071 1199 3126 Usuardi
1230 3085 1343 3126 non
1381 3085 1529 3128 esse.
1564 3071 1792 3129 Contuli
1823 3077 2016 3128 autem

382 3157 633 3214 Usuardi
656 3156 1128 3228 Martyrologium
1163 3157 1411 3214 Colonia
1431 3157 1485 3212 in
1508 3163 1541 3216 8
1571 3169 1852 3215 excusum
1872 3175 2020 3216 anno

385 3248 547 3315 1521,
569 3259 700 3301 cum
723 3244 993 3300 Romamn
1015 3243 1293 3300 Ecclesiae
1322 3245 1753 3316 Martyrologio;
1785 3261 1851 3303 ea
1869 3247 2019 3302 enim

382 3333 646 3391 Usuardo
677 3336 851 3388 aucto
873 3333 1060 3390 utitur
1095 3352 1106 3385 :
1139 3333 1278 3387 item
1310 3349 1437 3388 cum
1469 3333 1716 3390 diversis
1745 3336 2020 3404 Martyro-

382 3418 555 3488 logiis
587 3420 642 3476 in
675 3420 1189 3488 Franciapxcusis,
1217 3435 1344 3490 qua:
1374 3421 1560 3477 omnia
1585 3427 1718 3477 sunt
1750 3423 2016 3493 Usuardi,

380 3508 481 3564 sed
522 3511 692 3564 aucta
729 3526 742 3562 :
776 3513 832 3563 et
877 3514 1172 3579 postremo
1211 3523 1342 3564 cum
1384 3524 1517 3565 mss.
1563 3509 1805 3580 aliquot,
1847 3516 1905 3566 et
1947 3525 2020 3566 ex

378 3593 584 3652 horum
613 3595 926 3652 collatione
959 3596 1370 3653 animadvertit
1414 3599 1736 3654 Usuardum
1771 3599 2018 3656 Colonia:

377 3683 659 3754 prazdicto
689 3699 838 3741 anno
860 3684 1226 3756 impressum,
1256 3700 1468 3756 paucas
1490 3691 1715 3742 tantum
1747 3687 2017 3744 habuisse

377 3771 704 3831 additiones
721 3775 792 3830 ab
815 3775 1079 3831 Usuardo
1112 3774 1483 3831 indistinctas
1517 3795 1528 3830 :
1564 3775 1844 3846 plurimas
1865 3775 2016 3832 enim

375 3859 573 3932 habet,
606 3863 708 3920 sed
747 3863 819 3919 ab
851 3863 1098 3920 Usuardi
1129 3863 1329 3920 verbis
1365 3863 1564 3920 notula
1597 3863 1788 3935 aliqua
1821 3864 2019 3920 distin-

373 3950 1099 4021 ctas.Indistinctisitaque
1114 3951 1232 4008 illis
1244 3951 1741 4009 additamentisex
1755 3951 2018 4010 Usuardo

376 4036 707 4107 expunctis,
747 4041 841 4092 est
873 4037 929 4092 in
963 4038 1071 4094 hoc
1107 4038 1518 4109 Martyrologio
1559 4039 1680 4110 ipse
1721 4041 2018 4098 Usuardus

376 4121 581 4191 majori
601 4123 941 4181 charactere
956 4124 1196 4196 solus,et
1223 4125 1586 4183 diversorum
1599 4127 2015 4199 exemplarium

377 4209 640 4268 subsidio
677 4213 1026 4284 castigatus.
1069 4215 1131 4270 In
1164 4215 1376 4286 quibus
1417 4215 1688 4274 omnibus
1715 4217 2017 4274 Uscannos

377 4297 659 4370 scriptum
691 4300 942 4374 invenio,
976 4302 1155 4360 semel
1187 4307 1362 4376 atque
1394 4303 1607 4362 iterum
1636 4307 2014 4374 HUSUARDUS;

2050 3027 2099 3090 C

2141 1765 2275 1808 enm
2286 1751 2564 1808 Romana
2574 1750 2830 1808 ecclesia
2839 1747 3114 1820 Martyro
3121 1749 3294 1821 logia,
3308 1761 3380 1806 ea
3389 1747 3548 1806 enim
3563 1746 3760 1804 Usuar-

2139 1839 2210 1896 do
2233 1839 2405 1896 aucto
2425 1838 2640 1895 utimr.
2657 1838 2734 1892 Ea
2757 1841 2845 1893 est
2861 1835 3043 1892 Belini
3056 1835 3258 1906 editio,
3274 1849 3445 1908 quam
3461 1849 3566 1907 pro
3579 1835 3759 1891 Roma-

2139 1941 2212 1982 no
2237 1925 2648 1996 Martyrologio
2679 1924 2906 1995 accepit
2925 1924 3294 1994 Molanus,ex
3309 1921 3760 1994 hoccapiteaBa-

2140 2013 2304 2071 ronio
2319 2015 2730 2086 reprehensus,
2753 2012 2855 2068 sed
2870 2011 3192 2080 tolerabili,
3207 2010 3395 2082 inquit
3415 2010 3509 2066 vir
3529 2009 3760 2066 eminen-

2141 2102 2422 2173 tissimus,
2439 2103 2500 2158 et
2511 2101 2688 2159 venia
2708 2101 2888 2172 digno
2911 2113 3128 2170 cro-ore,
3153 2113 3286 2158 cam
3305 2101 3432 2171 ipse
3467 2099 3590 2156 tam
3612 2099 3762 2170 longe

2123 2191 2381 2262 positas,
2398 2204 2468 2248 ea
2488 2189 2827 2258 nesciet-rit,
2841 2203 2972 2260 qna
2984 2189 3102 2258 illi,
3120 2189 3230 2259 qui
3241 2189 3437 2245 Roma
3446 2187 3655 2258 agunt,
3666 2187 3762 2244 cia:

2133 2292 2348 2348 magno
2366 2277 2876 2348 laborc,peroiyili
2887 2275 3535 2349 diligentia,ctsmnma
3544 2275 3761 2332 suntin-

2134 2365 2372 2423 (ἐπιδ-Μία
2401 2365 2714 2424 consecuti.
2742 2365 2798 2420 Si
2829 2365 3060 2435 quidem
3089 2365 3148 2420 id
3179 2363 3478 2420 consecuti
3505 2363 3642 2434 sint,
3673 2367 3759 2420 aut

2133 2453 2408 2523 consequi
2434 2453 2752 2524 potuerint,
2781 2453 2958 2510 rebus
2988 2451 3104 2509 illis
3135 2451 3324 2508 adhuc
3345 2451 3402 2506 in
3424 2451 3673 2508 obscuro
3692 2450 3760 2506 la-

2135 2541 2582 2607 tentibus.Quan
2593 2555 2762 2611 quam
2775 2541 2931 2596 enim
2946 2540 3231 2598 Baronius
3246 2539 3456 2612 praacIa
3467 2553 3529 2595 re
3544 2539 3756 2608 doceat,

2134 2629 2450 2686 Romanum
2465 2629 2702 2700 aliquod
2718 2629 3022 2700 antiquum
3053 2629 3228 2686 fuisse
3251 2627 3716 2699 Martyrologium
3733 2641 3760 2683 a

2135 2721 2338 2774 sancto
2381 2717 2658 2786 Gregorio
2698 2717 3077 2788 descriptum,
3114 2715 3284 2773 fateri
3322 2720 3520 2772 tamen
3545 2715 3762 2787 cogitur

2134 2819 2198 2861 se
2222 2805 2552 2861 istiusmodi
2577 2804 3048 2875 Martyrologium
3075 2819 3368 2875 nunquam
3396 2803 3646 2870 vidisse;
3667 2819 3760 2860 nos

2131 2908 2272 2950 vero
2292 2895 2400 2949 sub
2426 2892 2768 2965 principium
2785 2892 3103 2965 superioris
3117 2892 3330 2964 capitis
3341 2893 3629 2950 evicimus
3640 2893 3760 2949 Gre-

2129 2981 2278 3051 gorii
2307 2981 2680 3038 characteres
2722 2980 2776 3035 in
2808 2979 3302 3052 Martyrologium,
3333 2981 3406 3037 ab
3439 2980 3640 3037 Adone
3667 2981 3761 3036 Ra-

2129 3084 2331 3126 vennae
2354 3073 2674 3140 repertum,
2700 3069 3032 3127 nullatenus
3051 3069 3397 3136 convenire;
3431 3069 3488 3124 in
3523 3084 3637 3141 quo
3661 3070 3758 3126 Ro-

2132 3156 2312 3214 manis
2362 3157 2504 3212 nihil
2552 3157 2742 3213 damni
2778 3157 2975 3214 datum
3004 3161 3116 3228 est,
3149 3171 3281 3215 cum
3332 3171 3439 3230 pro
3492 3173 3608 3215 uno
3637 3159 3754 3214 bina

2129 3243 2537 3316 Martyrologia
2561 3259 2720 3315 vera,
2743 3246 3015 3317 genuina,
3039 3249 3272 3303 vetusta
3297 3265 3313 3314 ;
3336 3249 3395 3302 et
3423 3246 3645 3318 pridem
3667 3261 3758 3318 pu-

2131 3332 2299 3389 blicis
2313 3332 2465 3402 juris
2491 3334 2639 3390 facta
2665 3334 2811 3405 ipsis
2834 3334 3346 3392 vindicaverimus.
3367 3335 3640 3392 Haaccum
3659 3335 3760 3390 Mo-

2129 3419 2296 3476 lanus
2322 3421 2699 3491 ignoraverit,
2729 3423 2964 3489 Belinus
2992 3428 3185 3480 autem
3217 3423 3462 3480 editioni
3504 3439 3622 3480 sua:
3648 3421 3760 3492 glo-

2129 3509 2346 3565 riosum
2371 3509 2606 3567 titulum
2629 3511 3059 3584 Martyroloyii
3079 3512 3404 3571 secundum
3421 3527 3638 3570 morem
3657 3513 3761 3569 Ro-

2125 3611 2316 3654 mana
2352 3601 2535 3656 omnia
2575 3601 2940 3670 praefixisset,
2973 3601 3140 3657 venia
3178 3603 3342 3657 certe
3393 3600 3756 3671 dignissimus

2130 3685 2235 3741 fuit
2268 3701 2434 3742 error
2482 3686 2579 3743 ille
2630 3689 3002 3759 perexiguus,
3033 3703 3148 3760 quo
3185 3690 3394 3748 Belini
3436 3687 3760 3748 Usuardum

2124 3776 2406 3833 Ecclesia
2435 3779 2714 3834 Romana
2751 3776 3256 3850 Martyrologium
3286 3777 3623 3850 appellavit.

2198 3869 2322 3920 191.
2352 3866 2755 3936 Caeterumque
2789 3871 3049 3938 utroque
3080 3867 3195 3923 isto
3225 3867 3472 3924 Greveni
3503 3871 3560 3924 et
3591 3863 3758 3923 Belini

2127 3954 2537 4026 Martyrologio
2591 3970 2760 4012 usum
2811 3956 2988 4014 fuisse
3034 3955 3320 4014 Molanum
3366 3971 3440 4015 ex
3485 3956 3602 4015 sola
3645 3952 3756 4012 col-

2127 4041 2343 4099 latione
2357 4043 2749 4100 certissimum
2763 4051 2876 4116 est,
2894 4045 3040 4102 adeo
3063 4049 3126 4102 ut
3151 4060 3307 4117 saepe
3329 4045 3507 4103 etiam
3530 4055 3752 4102 errores

2127 4130 2517 4203 adaptaverit,
2544 4136 2642 4189 aut
2671 4131 2877 4189 saltem
2909 4133 2964 4189 in
2997 4132 3272 4191 Auctaria
3305 4132 3597 4206 rejecerit,
3621 4144 3755 4206 pra:-

2127 4220 2330 4277 sertim
2353 4234 2428 4276 ex
2447 4219 2633 4277 altera
2656 4220 2754 4278 illa
2778 4221 2961 4278 Belini
2984 4222 3242 4280 editione
3273 4222 3610 4294 Parisiensi,
3630 4233 3753 4278 cum

2126 4309 2309 4382 prima
2342 4309 2468 4382 ipsa
2518 4313 2577 4366 et
2623 4310 2824 4382 purior
2871 4301 3089 4368 Veneta
3140 4312 3274 4368 anni
3324 4325 3680 4371 accccxcvm
3702 4307 3754 4365 ei

373 4386 724 4446 Trithemius
754 4393 947 4448 tamen
977 4394 1036 4448 et
1069 4391 1270 4464 plures
1286 4394 1553 4450 Germani
1573 4408 1704 4452 eum
1726 4396 2014 4452 lsuannuu
2044 4377 2096 4437 D
2123 4377 2262 4454 nota
2297 4377 2474 4456 fuisse
2513 4377 2640 4455 non—
2675 4399 2964 4458 videatur.
3012 4399 3270 4458 Contulit
3318 4402 3469 4459 item
3513 4399 3757 4459 Molanus

373 4474 689 4534 nominant.
723 4496 754 4532 ››

443 4569 568 4624 189.
611 4567 696 4622 Ex
732 4566 822 4624 his
864 4566 1109 4638 paucula
1149 4569 1316 4626 nobis
1356 4571 1735 4642 expendenda
1777 4576 1910 4630 sunt
1951 4577 2011 4628 et

372 4651 740 4712 illustranda.
785 4655 1160 4714 Verissimum
1189 4658 1582 4730 censeo,quod
1617 4659 1698 4715 ait
1729 4661 2008 4732 Molanus,

359 4743 608 4816 propior
635 4743 975 4803 additioncs
1003 4745 1087 4804 ad
1125 4747 1483 4819 Usuardum,
1515 4759 1633 4805 non
1656 4749 1858 4821 facile
1888 4761 2013 4808 esse

375 4831 1232 4906 Usuardmnsolmn,ctabsqne
1240 4835 1652 4895 additionibus
1662 4837 1720 4894 ei
1728 4837 2012 4896 indistin-

367 4921 978 4995 clcpcrmiah‘sprelo
993 4923 1315 4992 (la/romam
1339 4924 1600 4982 adhibita
1623 4925 1776 4981 omni
1799 4940 1901 4983 sua
1927 4925 2009 4982 di-

370 5007 634 5082 ligentia,
659 5009 801 5074 locis
823 5009 1128 5083 plusquam
1148 5012 1390 5083 triginta
1410 5013 1482 5070 ah
1503 5013 1828 5071 Usuardina
1853 5014 2008 5086 puri-

370 5097 494 5152 tate
531 5099 869 5170 recessisse,
910 5099 969 5156 in
1009 5099 1533 5158 Observationibus
1560 5101 1783 5158 nostris
1821 5101 2007 5160 lector

375 5181 650 5244 inveniet.
686 5187 802 5245 Nec
828 5187 1136 5260 quisquam
1175 5188 1474 5244 existimet
1508 5202 1600 5245 me
1635 5190 1714 5246 ita
1737 5190 1874 5248 mihi
1909 5190 2007 5248 ad-

376 5266 646 5343 blandiri,
664 5278 726 5330 ut
742 5273 1173 5347 simplicitatem
1187 5290 1412 5333 omnem
1427 5282 1755 5335 assecutum
1781 5283 2003 5351 putem,

2093 4487 2452 4545 'Usuardum
2475 4501 2610 4546 cmn
2635 4488 2892 4547 diversis
2917 4487 3380 4562 Man-tyrologiis
3407 4491 3479 4549 in
3505 4487 3759 4549 Francia

2122 4577 2378 4646 excusis,
2401 4589 2534 4648 qua
2560 4577 2762 4635 omnia
2787 4577 2932 4634 sunt
2962 4575 3245 4649 Usuardi,
3268 4577 3376 4636 sed
3401 4579 3604 4638 aucta.
3627 4576 3758 4645 Quis

2124 4663 2338 4720 fuerint
2363 4665 2591 4722 diversa
2623 4663 2722 4721 illa
2752 4663 3161 4737 Martyrologia
3193 4666 3453 4738 explicat
3475 4668 3604 4741 ipse
3625 4677 3761 4740 pre-

2124 4753 2359 4810 fationis
2398 4769 2526 4826 cap.
2562 4757 2650 4826 12,
2681 4769 2866 4826 eaque
2906 4755 3276 4828 potissimum
3307 4760 3669 4815 revocantur
3695 4749 3762 4811 ad

2121 4840 2285 4898 binas
2313 4842 2604 4900 editiones
2635 4843 2920 4900 Munerati
2947 4847 3006 4900 et
3031 4841 3391 4902 Belinianam
3422 4845 3560 4903 anni
3590 4853 3762 4902 unm

2120 4928 2192 4986 de
2215 4929 2427 5000 quibus
2448 4945 2626 5002 supra
2649 4931 2919 4990 diximus.
2936 4931 3154 4990 Vellem
3170 4931 3516 4993 distinctius
3533 4931 3762 4992 codices

2119 5032 2256 5076 suos
2274 5033 2422 5076 mss.
2453 5025 2857 5079 enumerasset
2907 5021 3185 5096 Molanus,
3219 5021 3384 5082 illum
3437 5019 3762 5098 prasertim

2117 5120 2289 5178 quem
2312 5107 2457 5165 citat
2488 5109 2598 5166 sub
2632 5108 2831 5167 littera
2869 5109 2935 5184 ρ,
2973 5125 3262 5184 quemque
3291 5113 3564 5171 eumdem
3597 5109 3762 5185 plane

2117 5194 2392 5252 existimo
2419 5209 2551 5254 cum
2579 5197 3029 5268 praeclarissimo
3056 5203 3259 5258 nostro
3285 5200 3634 5265 Heriniensi,
3667 5192 3763 5268 qui

2117 5281 2174 5340 in
2203 5282 2409 5341 Molani
2460 5298 2665 5344 manus
2717 5283 2888 5345 facile
2927 5287 3128 5345 venire
3160 5289 3374 5362 potuit,
3405 5304 3538 5348 cum
3568 5287 3761 5360 ipsum

373 5355 657 5454 quodqui
689 5359 971 5454 fierisatis
990 5365 1291 5424 commode
1324 5364 1504 5438 possit
1532 5379 1644 5422 non
1665 5365 1857 5436 video,
1872 5383 2004 5426 cum
2115 5372 2384 5432 habuerit
2417 5375 2782 5447 Augustinus
2810 5378 3125 5454 Hunnmus,
3155 5355 3464 5450 theologus
3490 5381 3548 5434 et
3589 5355 3764 5432 cano-

373 5445 528 5509 inter
541 5448 628 5507 tot
643 5445 1056 5525 editionesjam
1067 5454 1479 5529 recensitus,et
1490 5457 1582 5514 tot
1595 5454 2002 5532 mss.codices,
2115 5461 2283 5523 nicus
2329 5445 2723 5540 Lovaniiensis,
2755 5465 2967 5528 Nolani
3014 5445 3280 5545 aequalis.
3310 5445 3494 5530 Paulo
3539 5459 3764 5528 clarius
