3974 6150
232 256 338 310 553

234 372 538 431 laudatum
578 370 843 430 codicem
876 372 1140 442 designat
1183 372 1237 427 in
1284 371 1555 428 saecunde
1602 371 1875 429 editionis
1905 374 1962 434 A

231 461 488 534 epistola
534 462 606 518 ad
656 460 935 517 lectorem
984 475 1112 531 pag.
1165 465 1198 516 6
1244 475 1434 531 verso,
1488 475 1617 517 cum
1662 475 1875 518 vocans

239 551 589 607 Usuaﬂimn
614 563 721 607 ms.
756 550 865 620 qui
891 549 999 605 eia:
1032 549 1195 606 ullas
1234 548 1491 605 habebat
1516 549 1874 619 additiones,

220 638 641 711 praeterquam
670 638 743 693 de
767 638 995 694 sanctis
1024 637 1427 705 Remensibus,
1464 652 1591 707 quae
1630 641 1720 692 est
1751 636 1875 708 ipsa

226 726 600 783 nativissima
648 724 1008 782 Heriniensis
1039 725 1223 781 nostri
1264 725 1499 795 effigies.
1536 725 1773 780 Interim
1804 740 1877 780 ex

227 814 520 884 perpetua
546 810 883 868 Molaniante
903 811 1178 868 editionis
1198 811 1535 882 codicisque
1557 811 1746 867 nostri
1767 810 1879 866 col-

226 898 455 956 latione
487 913 601 955 non
632 898 803 955 video
832 899 1092 954 adhibita
1130 914 1259 955 esse
1313 899 1522 969 omnia,
1558 914 1685 970 quas
1717 899 1877 968 adju-

227 990 430 1041 mento
460 1000 593 1042 esse
624 989 916 1057 poterant,
952 990 1013 1041 ut
1043 985 1261 1044 clarius
1290 985 1585 1043 docebunt
1606 988 1878 1043 observa-

227 1073 423 1129 tiones
459 1078 678 1130 nostraa
710 1073 1073 1130 Usuardinm.

297 1164 427 1217 192.
457 1162 642 1217 Unum
675 1166 767 1217 est
809 1162 960 1232 quod
1000 1161 1283 1217 hactenus
1322 1161 1474 1218 haud
1508 1162 1653 1218 satis
1681 1161 1877 1233 explo-

224 1263 363 1305 rare
406 1249 594 1319 potui,
632 1249 783 1305 unde
831 1249 1100 1305 nimirum
1151 1250 1500 1320 Castellano,
1533 1250 1803 1305 Bimcstri
1836 1267 1873 1321 ι,

223 1351 359 1408 pag.
403 1341 530 1406 196,
562 1337 890 1393 innotuerit
923 1352 1090 1393 usum
1120 1338 1301 1393 fuisse
1331 1338 1613 1394 Molanum
1638 1339 1696 1394 iu
1718 1339 1877 1394 addi-

224 1422 497 1479 tiouibus
528 1423 935 1492 Martyrologio
968 1438 1071 1479 ms.
1098 1423 1363 1480 ecclesiae
1386 1425 1754 1494 Parisiensis,
1782 1426 1876 1481 de-

223 1510 462 1581 scripto
484 1524 559 1566 ex
581 1511 899 1580 antiquiori
919 1526 1068 1567 anno
1091 1516 1229 1567 1316
1249 1516 1306 1566 et
1332 1528 1536 1568 rursus
1561 1518 1879 1568 transsum-

222 1604 324 1670 pto
364 1614 524 1655 anno
559 1603 716 1655 1529.
753 1601 922 1654 Certe
954 1600 1108 1655 inter
1129 1600 1315 1655 omnia
1339 1616 1466 1671 quae
1500 1602 1556 1655 in
1587 1602 1879 1671 praefatio-

227 1688 409 1744 nibus
445 1691 568 1744 tum
605 1687 819 1758 prioris
848 1691 969 1744 tum
1017 1689 1361 1759 posterioris
1415 1689 1691 1745 editionis
1750 1692 1877 1746 fuse
1906 1724 1960 1784 B

220 1780 648 1832 commemorat
681 1774 960 1844 Molanus,
998 1776 1069 1830 de
1102 1774 1204 1831 tali
1244 1776 1562 1833 Parisiensi
1602 1793 1706 1833 ms.
1743 1793 1878 1835 nus-

225 1877 427 1934 quam,
448 1854 627 1933 ‘quod
659 1863 854 1933 sciam,
888 1863 1165 1918 meminit.
1203 1864 1409 1920 Videat
1440 1864 1626 1920 lector
1656 1880 1781 1936 cap.
1812 1871 1879 1922 12

221 1955 276 2007 et
314 1956 387 2007 13
421 1950 789 2022 praefationis
816 1951 1174 2023 primm,et§
1196 1957 1263 2008 10
1284 1951 1549 2023 epistolae
1573 1954 1644 2009 ad
1674 1954 1880 2010 editio-

218 2053 352 2095 nem
390 2039 734 2096 secundam.
770 2039 827 2094 Si
858 2038 1106 2095 dixisset
1137 2040 1502 2096 Castellanus
1532 2041 1880 2111 praeluxisse

217 2128 529 2185 editiones
577 2128 882 2198 Munerati,
916 2133 975 2183 et
1004 2127 1207 2198 Belini,
1243 2129 1297 2184 id
1352 2134 1512 2185 recte
1560 2130 1876 2199 attigisset,

216 2218 373 2289 quod
412 2217 668 2289 ipsemet
696 2215 957 2273 Molanus
975 2218 1207 2287 asserit,
1224 2217 1547 2273 contulisse
1576 2233 1638 2274 se
1672 2221 1884 2275 Usuar-

218 2306 359 2363 dum
375 2306 784 2364 cumdioersis
794 2304 1251 2377 Martyrologiis
1263 2306 1328 2362 in
1338 2306 1603 2364 Daucia
1624 2309 1877 2365 excusis.

214 2395 449 2451 Videor
480 2394 657 2451 etiam
690 2407 865 2465 posse
893 2392 1172 2465 colligere
1206 2409 1318 2450 non
1351 2394 1569 2451 vidisse
1602 2395 1884 2452 Molanum

215 2499 427 2540 verum
452 2482 552 2539 vel
580 2486 932 2553 pratensum
957 2484 1385 2554 autographum
1409 2484 1563 2555 quod
1586 2484 1642 2540 in
1666 2486 1719 2539 S.
1749 2487 1885 2541 Ger-

214 2571 375 2629 mani
409 2586 445 2627 a
480 2571 676 2627 Pratis
706 2571 949 2627 Parisiis
997 2577 1358 2642 asservatur,
1393 2588 1582 2642 neque
1624 2574 1885 2641 ejusdem

219 2658 595 2730 ecgrapbum
653 2659 725 2715 ad
786 2659 975 2730 ipsum
1039 2660 1217 2716 fuisse
1276 2661 1698 2729 transmissum,
1734 2664 1885 2731 quod

218 2747 569 2805 lectoribus
603 2746 933 2816 signiﬁcare
973 2760 1335 2817 nequaquam
1386 2750 1885 2822 praetermisisset

212 2837 293 2893 De
330 2839 591 2904 caetero,
626 2850 755 2892 cum
800 2850 874 2892 ex
924 2838 1013 2891 tot
1063 2836 1383 2906 codicibus,
1421 2841 1542 2893 tum
1593 2853 1730 2893 mss.
1764 2842 1888 2894 tum

211 2925 384 2996 typis
426 2922 632 2993 editis,
669 2938 735 2978 ea
786 2922 995 2979 Molani
1052 2924 1233 2978 editio
1293 2925 1575 2980 adornata
1635 2925 1733 2994 sit,
1786 2940 1889 2981 eos

213 3025 434 3067 omnes
466 3011 615 3066 meis
646 3010 1015 3066 annumerari
1047 3012 1239 3081 cupio,
1269 3026 1381 3081 quo
1416 3016 1724 3082 postremae
1748 3012 1883 3068 huic

213 3103 456 3156 nostra:
489 3097 734 3153 editioni
777 3112 890 3153 non
923 3078 1195 3167 exiguum
1227 3078 1599 3155 auctoritatis
1630 3114 1883 3156 momen-
1912 3078 1964 3137 Β

212 3191 342 3244 tum
388 3184 681 3243 accedere
713 3190 969 3256 oportet,
1005 3190 1068 3241 ut
1113 3189 1253 3255 pote
1292 3200 1421 3242 cum
1470 3201 1542 3241 cx
1576 3190 1664 3243 tot
1693 3202 1884 3243 exem-

213 3276 506 3348 plaribus
537 3279 707 3331 eruta
740 3274 837 3344 sit,
865 3275 1177 3344 recensita,
1203 3275 1509 3344 castigata,
1535 3276 1877 3332 emaculata.

284 3368 423 3422 193.
457 3362 720 3419 Inveniet
752 3367 1037 3432 praeterea
1071 3362 1259 3419 lector
1290 3364 1535 3419 citatum
1569 3364 1883 3435 aliquoties

209 3465 428 3509 mense
458 3448 738 3506 Januario
778 3450 1104 3505 Usuardum
1156 3448 1409 3521 aliquem
1459 3451 1605 3507 satis
1651 3466 1881 3523 purum,

208 3539 453 3594 editum
482 3550 615 3594 cum
637 3536 937 3608 Agouibus
956 3536 1322 3608 Martyrum,
1338 3538 1459 3594 sive
1474 3553 1603 3594 cum
1620 3538 1770 3594 libro
1787 3539 1883 3608 qui

215 3625 387 3683 hunc
418 3624 662 3680 titulum
694 3626 952 3695 praefert,
988 3639 1157 3694 quem
1192 3626 1410 3680 utinam
1460 3626 1748 3694 integrum
1791 3626 1887 3682 ha-

213 3714 607 3771 buissemus!
627 3713 839 3769 Verum
863 3727 993 3769 cum
1018 3711 1180 3768 solus
1201 3712 1299 3767 ille
1331 3714 1545 3769 mensis
1574 3716 1789 3783 exstet,
1816 3713 1886 3769 de

216 3818 293 3858 eo
319 3801 615 3875 pluribus
636 3800 832 3857 dicere
854 3801 1228 3872 supersedeo.
1256 3801 1548 3856 Estetiam
1572 3814 1751 3870 penes
1781 3814 1888 3856 nos

214 3888 721 3961 Martyrologium
754 3903 857 3945 seu
906 3889 1072 3945 Victa
1101 3889 1463 3946 Sanctorum
1488 3887 1766 3944 editionis
1788 3891 1890 3943 Ar-

209 3977 610 4049 gentinensis
640 3976 773 4031 anni
802 3981 961 4047 1508,
984 3974 1153 4045 cujus
1183 3990 1298 4033 non
1317 3975 1495 4032 semel
1518 3976 1574 4031 in
1598 3976 1761 4033 Actis
1778 3990 1891 4032 me-

200 4068 539 4124 minerunt
570 4063 821 4134 majores
853 4064 1058 4120 nostri.
1096 4065 1201 4119 Ast
1247 4078 1317 4120 eo
1369 4064 1457 4121 usi
1504 4079 1617 4120 non
1665 4078 1886 4134 sumus,

213 4155 392 4226 quod
431 4152 931 4223 frequentissimis
961 4151 1299 4223 magnisque
1334 4151 1890 4224 interpolationibus

216 4244 488 4301 nimium
523 4242 597 4297 ab
613 4241 863 4298 Usuardi
889 4240 1043 4312 stylo
1066 4240 1334 4298 deﬂecta.
1360 4243 1560 4297 Ferme
1579 4242 1637 4297 in
1659 4240 1891 4312 opposi-

216 4338 360 4391 tum
379 4329 1891 4403 peccatMai-twologimnordiuissauctiBenedicti,

1664 229 2206 306 PROLEGOMENA.

3524 257 3627 310 554

1996 370 2076 426 tio
2095 370 2433 426 Germanica
2452 368 2764 426 Walasseri
2779 370 2958 426 citata
2973 371 3320 441 quandoque
3339 374 3448 429 sub
3465 377 3618 431 nomi

1984 474 2054 515 ne
2072 459 2427 515 venerabilis
2446 459 2632 515 nostri
2658 459 2817 513 Petri
2851 460 3082 526 Canisii,
3107 459 3248 515 licet
3279 460 3624 534 plerumque

1984 548 2309 604 Usuardum
2333 548 2569 617 referat,
2597 546 2700 602 sed
2723 545 3185 616 locupletissimo
3210 553 3461 605 auctum.
3480 551 3626 607 Rur-

1984 650 2104 705 sus,
2129 635 2285 691 nulla
2317 640 2409 690 est
2430 634 2627 690 habita
2645 635 2797 689 ratio
2822 634 3182 690 additionum
3206 638 3624 710 manuscripta-

1985 738 2111 779 rum
2140 723 2524 794 Papebrochii
2559 722 2630 777 ad
2678 722 2995 777 editionem
3046 722 3447 780 Coloniensem
3491 728 3622 782 anni

1985 815 2124 867 1490
2146 825 2218 866 ex
2237 812 2439 867 codice
2454 811 2703 866 abbatiae
2719 811 2772 864 S.
2789 809 3084 865 Michaelis
3099 813 3452 883 Antuerpiaa,
3470 815 3623 883 quod

1985 913 2068 955 ea}
2090 898 2429 970 plerumque
2460 913 2490 953 a
2525 903 2725 955 nostro
2750 899 3015 955 Usuardo
3039 898 3374 968 longissime
3394 903 3626 958 recede-

1988 990 2136 1043 rent.
2173 989 2246 1043 Ut
2280 987 2480 1058 paucis
2513 1003 2631 1042 rem
2665 987 3028 1055 concludam,
3055 992 3141 1042 tot
3166 987 3397 1043 aliunde
3422 1005 3628 1061 suppe—
3711 988 3717 999 ’

1988 1076 2191 1130 tebaut
2206 1075 2460 1145 codiCes,
2481 1080 2545 1131 ut
2571 1075 2767 1145 plures
2788 1090 3050 1154 quaerere
3063 1080 3221 1130 esset
3237 1078 3593 1145 superﬂuum
3612 1098 3623 1132 :

1986 1162 2220 1219 aliunde
2248 1178 2410 1232 vero,
2448 1164 2527 1217 ita
2564 1164 2836 1219 Auctaria
2889 1163 3235 1233 quandoque
3286 1180 3627 1221 excreseere

1988 1252 2610 1319 animadvertebam,ut
2624 1252 2694 1306 de
2710 1252 3112 1308 rescindendis
3126 1252 3321 1321 potius
3336 1253 3627 1309 nonnullis

1989 1354 2158 1409 quam
2189 1340 2258 1394 de
2293 1340 2459 1395 novis
2488 1340 2863 1394 accersendis
2887 1355 2997 1395 non
3024 1339 3199 1394 semel
3224 1341 3622 1407 cogitaverim.

1988 1430 2119 1483 Haec
2150 1429 2219 1483 de
2252 1428 2507 1497 vulgatis
2536 1429 2783 1484 Usuardi
2820 1428 3006 1497 libris,
3036 1443 3186 1483 nunc
3210 1430 3279 1483 ad
3314 1430 3629 1484 manuscri-

1990 1520 2120 1586 ptos
2172 1518 2559 1587 procedimus.

2548 1622 2935 1677 ARTICULUS
2975 1623 3063 1676 IV.

2167 1711 2255 1765 De
2291 1710 2588 1767 codicibus
2626 1711 2984 1767 Usuawliuis
3009 1711 3446 1780 mauuscriptis.

1988 1797 2010 1851 ς
2044 1797 2080 1840 ῐ.
2128 1819 2171 1828 -
2205 1797 2275 1843 De
2309 1798 2576 1843 Codicibus
2611 1798 2913 1853 purioribus,
2958 1809 3014 1841 ac
3050 1799 3276 1853 primum,
3305 1799 3365 1842 de
3401 1799 3629 1844 Usuardo

2633 1869 2881 1913 Pratensi.

2060 1961 2181 2013 194.
2209 1959 2366 2012 Inter
2382 1957 2618 2013 codices
2637 1958 2998 2013 Usuardinos
3020 1972 3157 2013 mss.
3185 1974 3332 2028 quos
3351 1959 3629 2014 habemus

1992 2045 2192 2101 decem
2225 2050 2283 2099 ct
2316 2051 2539 2116 septem
2573 2060 2812 2101 numero
2847 2046 3128 2114 integros,
3150 2050 3209 2099 et
3230 2046 3478 2101 collatos
3500 2062 3630 2101 cum

1994 2132 2276 2201 Greveno,
2311 2137 2411 2189 aut
2442 2133 2786 2203 aliis,supra
2810 2133 3069 2202 triginta,
3090 2138 3302 2202 praeter
3326 2134 3631 2189 Chiﬂletia-

1992 2235 2099 2276 nos
2129 2220 2456 2277 octodecim
2488 2224 2547 2275 et
2581 2220 2779 2291 plures
2811 2220 2993 2283 alios;
3025 2221 3179 2276 inter
3202 2220 3354 2291 illos,
3376 2222 3627 2290 inquam,

1994 2323 2194 2364 omnes
2227 2309 2616 2380 principatum
2640 2309 2792 2380 apud
2827 2324 2932 2364 nos
2955 2322 3185 2379 semper
3216 2310 3424 2377 tenuit,
3452 2310 3498 2363 si
3523 2324 3633 2365 non

1995 2397 2338 2453 omnimodae
2358 2397 2654 2467 puritatis,
2672 2397 2879 2452 saltem
2901 2397 3218 2452 vetustatis
3242 2397 3433 2466 titulo,
3448 2397 3634 2452 codex

1998 2483 2093 2540 ille
2128 2486 2224 2555 qui
2258 2486 2312 2540 in
2343 2486 2611 2541 coenobio
2645 2485 2697 2539 S.
2736 2485 3000 2540 Germani
3044 2500 3074 2539 a
3117 2486 3329 2551 Pratis,
3364 2490 3634 2554 tanquam

1997 2574 2259 2629 auctoris
2272 2574 2457 2644 ipsius
2472 2588 2641 2628 manu
2657 2574 2913 2643 scriptus
2929 2574 3051 2628 sive
3066 2574 3637 2642 autographus,sum-

1998 2676 2089 2716 mo
2115 2662 2172 2716 in
2196 2661 2385 2731 pretio
2407 2661 2691 2725 habetur;
2719 2661 2863 2715 adeo
2890 2666 2949 2715 ut
2975 2660 3152 2715 nullis
3184 2661 3494 2716 conatibus
3536 2661 3636 2713 im-

1999 2752 2231 2819 petrare
2284 2748 2592 2819 potuerim,
2628 2748 2698 2801 ad
2750 2749 2924 2801 breve
2974 2747 3179 2802 saltem
3234 2752 3482 2816 tempus,
3520 2762 3634 2816 quo

1998 2838 2266 2894 securius
2293 2836 2351 2892 in
2383 2836 2489 2891 hac
2519 2836 2773 2891 editione
2796 2835 3189 2905 procederem,
3217 2835 3352 2889 mihi
3387 2850 3636 2891 commo-

1999 2927 2259 2982 darctur.
2276 2926 2354 2997 De
2367 2940 2435 2979 eo
2457 2925 2511 2979 in
2534 2923 2873 2994 praefatione
2889 2936 2992 2977 sua
3015 2923 3275 2977 meminit
3296 2922 3629 2993 Bollandus,

2000 3013 2311 3084 pag.51,ita
2329 3012 2593 3067 scribens
2611 3031 2661 3064 :«
2676 3012 2816 3066 Eum
2830 3010 3088 3066 codicem
3112 3010 3355 3065 Usuardi
3379 3022 3634 3077 a3vo,aut

1998 3115 2111 3156 non
2136 3099 2320 3156 multo
2345 3104 2478 3170 post
2502 3099 2786 3169 scriptum
2811 3102 3015 3153 censet
3038 3098 3378 3153 Sirmondus
3408 3101 3628 3165 noster,

1993 3188 2090 3259 qui
2110 3203 2215 3259 pro
2230 3203 2331 3244 sua
2348 3188 2706 3243 humanitate
2723 3202 2910 3242 meum
2926 3185 3071 3241 illud
3086 3186 3482 3256 apographum
3502 3200 3632 3241 cum

1993 3276 2108 3331 alio
2128 3277 2645 3347 quadragintorum
2679 3275 2848 3330 facile
2883 3288 3185 3343 annorum,
3212 3280 3311 3329 aut
3343 3274 3517 3328 etiam
3540 3288 3635 3329 vc-

1994 3366 2269 3437 tustiore,
2297 3366 2393 3437 qui
2428 3366 2481 3419 in
2516 3364 2720 3420 eodem
2745 3364 2933 3421 sancti
2958 3363 3221 3418 Germani
3243 3362 3509 3418 coenobio
3533 3364 3635 3416 Pa-

1994 3454 2153 3511 risiis
2168 3457 2814 3521 asservatur,accurate
2830 3451 3137 3508 contulit.»
3158 3454 3238 3506 [ta
3256 3450 3637 3506 fertnotabile

1995 3542 2184 3598 codici
2218 3547 2421 3598 nostro
2456 3542 2772 3612 praeﬁxum,
2796 3540 2893 3597 ubi
2919 3541 3212 3595 indicatur
3244 3555 3345 3609 per
3379 3538 3633 3592 litteram

1996 3631 2039 3683 A
2092 3630 2254 3698 prius
2304 3628 2445 3682 illud
2492 3628 2822 3696 designari;
2858 3642 2960 3695 per
2993 3628 3051 3691 B,
3092 3626 3399 3694 posterius.
3440 3625 3635 3692 Pergit

1997 3715 2208 3770 ibidem
2243 3715 2582 3770 Sirmondus
2618 3734 2629 3767 :
2659 3734 2686 3766 «
2710 3716 2829 3768 Hoc
2850 3717 3116 3767 nostrum
3140 3711 3543 3781 antigraphuni
3566 3727 3637 3764 ex

1996 3803 2193 3873 priore
2211 3802 2570 3872 descriptum
2586 3807 2676 3856 est
2693 3818 2706 3865 ;
2725 3802 2778 3854 in
2793 3815 2906 3869 quo
2920 3814 3046 3867 qua)
3070 3798 3301 3852 lineolis
3324 3813 3388 3853 su
3400 3800 3637 3852 bnotata

1997 3894 2153 3959 sunt,
2170 3904 2235 3945 ea
2260 3906 2332 3945 ex
2354 3888 2721 3959 autographa
2744 3890 2788 3942 A
2814 3887 2905 3942 vcl
2929 3886 2999 3940 ad
3016 3886 3330 3953 marginem
3347 3885 3633 3955 apposita,

1998 3978 2089 4035 vel
2112 3978 2168 4032 in
2194 3982 2417 4033 textum
2434 3977 2642 4047 ipsum,
2661 3976 2767 4031 sub
2782 3974 2952 4029 ﬁnem
2973 3974 3255 4041 cujusque
3279 3973 3389 4027 diei
3416 3973 3637 4027 inserta

2001 4067 2255 4135 fuerunt,
2310 4064 2420 4120 alia
2449 4052 2639 4131 manu,
2668 4064 2845 4117 ferme
2880 4068 3070 4116 tamen
3102 4060 3358 4129 antiqua.
3412 4061 3493 4113 Ex
3525 4074 3639 4128 quo

2000 4158 2244 4225 apparet
2267 4167 2332 4208 ea
2357 4152 2781 4223 nonpertinere
2794 4151 2865 4204 ad
2885 4149 3126 4205 l'suardi
3143 4146 3637 4218 Martyrologium,

2002 4240 2105 4297 sed
2130 4240 2354 4310 adjecta
2380 4243 2513 4309 post
2538 4236 3088 4305 fuisseamonachis,
3108 4235 3432 4305 praesertim
3455 4234 3639 4291 sancti

2007 4329 2293 4397 Germani,
2328 4328 2398 4382 ad
2433 4342 2579 4397 quos
2612 4340 2815 4395 magna
2846 4339 2919 4379 ex
2949 4328 3113 4395 parte
3145 4327 3432 4393 Spectant.
3466 4341 3495 4375 »

220 4420 403 4493 quod
427 4419 715 4475 habemus
736 4423 797 4475 et
817 4420 1277 4490 manuscriptum
1300 4423 1356 4475 et
1380 4419 1621 4489 editum,
1645 4435 1757 4475 non
1782 4432 1896 4474 ma-
1924 4425 1972 4487 Ο
2074 4421 2194 4471 195.
2232 4415 2411 4480 Quam
2444 4419 2776 4470 accuratam
2809 4412 3011 4467 moniti
3045 4412 3215 4481 hujus
3240 4411 3523 4467 rationem
3548 4410 3643 4466 ha-

214 4510 323 4581 gis
352 4507 436 4564 ad
455 4507 871 4564 Benedictinos
894 4521 1064 4579 quam
1085 4507 1156 4563 ad
1180 4507 1327 4564 alios
1347 4507 1642 4578 quoslibet
1660 4507 1893 4577 religio-

216 4614 337 4659 sos
363 4596 845 4671 spectans,nulla
870 4596 984 4654 loci
1007 4600 1105 4653 aut
1129 4596 1261 4652 anni
1292 4600 1429 4653 nota
1460 4597 1747 4667 apposita.
1772 4597 1893 4652 Non

217 4690 457 4746 deerat
472 4686 646 4743 nobis
658 4685 922 4742 codicum
944 4684 1189 4742 aliorum
1208 4686 1425 4756 Optima
1443 4688 1503 4741 et
1520 4684 1896 4741 abundantis-

216 4777 392 4833 sima
417 4773 650 4831 messis.
670 4774 1075 4847 Hagioloyiou
1100 4774 1330 4831 France
1359 4772 1595 4842 Gallice,
1628 4786 1658 4826 a
1691 4776 1895 4828 nostro

218 4864 489 4920 Labbeo
509 4862 753 4931 editum,
778 4875 893 4918 non
915 4863 1251 4918 merebatur
1273 4876 1477 4918 nomen
1499 4859 1896 4931 Martyrologii

216 4949 584 5010 authentici
601 4949 1212 5021 mes-authentique),
1226 4955 1289 5007 ut
1305 4951 1489 5021 ipsum
1501 4952 1675 5006 vocat
1688 4946 1902 5005 Castel-

210 5042 445 5109 lanus,
490 5052 619 5111 pag.
666 5042 805 5105 654;
839 5052 969 5096 nam
1021 5038 1188 5110 plane
1234 5038 1645 5109 incompletum
1693 5040 1805 5108 est,
1840 5041 1896 5093 et

170 5140 187 5153 ‘
214 5127 546 5202 quidquid
559 5127 905 5199 bonihabet,
922 5131 1137 5199 prieter
1152 5128 1536 5184 Bituricensia
1557 5126 1812 5199 propria,
1829 5141 1904 5182 ex

211 5216 530 5278 Usuardo
558 5216 679 5273 fere
712 5217 1056 5287 decerptum
1087 5221 1200 5272 est.
1236 5216 1328 5273 Sic
1359 5231 1464 5272 nec
1512 5214 1902 5286 Maurolycum

213 5313 351 5370 aut
380 5305 756 5364 recentiores
783 5306 932 5363 alios
962 5305 1212 5364 Usuardi
1241 5320 1350 5362 non
1383 5304 1663 5373 editores,
1689 5303 1790 5359 sed
1822 5302 1905 5358 in-

207 5393 680 5470 terpolatores,
697 5395 769 5453 ad
779 5394 1093 5467 genuinum
1106 5394 1232 5465 ejus
1251 5397 1474 5450 textum
1496 5390 1904 5462 inquirendum

209 5484 660 5548 consulendos
670 5486 870 5559 putavi
886 5502 901 5552 ;
918 5482 1399 5555 quemadmodum
1413 5480 1677 5551 neglecta
1689 5482 1781 5538 est
1793 5478 1908 5538 edi-

503 5593 772 5657 Punon.
820 5589 1099 5656 CXXIII.

2006 4504 2402 4572 buerimus,ex
2417 4502 2636 4557 nostris
2652 4501 3035 4556 Observation
3048 4501 3176 4555 ibus
3192 4498 3419 4553 abunde
3436 4498 3638 4568 liquet.

2006 4593 2067 4646 In
2101 4590 2211 4646 fine
2236 4591 2457 4661 paginae
2479 4589 2589 4645 alia
2608 4602 2777 4645 manu
2794 4588 3036 4659 legitur:
3057 4589 3184 4643 Hoc
3201 4588 3463 4655 Usuardi
3483 4587 3644 4643 Mar-

2008 4681 2140 4753 tyro
2149 4680 2369 4751 logi-um
2379 4694 2511 4736 cum
2522 4679 2727 4736 citatis
2741 4679 2840 4734 hic
2850 4675 3169 4745 codicibus,
3183 4688 3306 4731 una
3319 4689 3451 4732 cum
3472 4676 3542 4730 Ε.
3568 4675 3639 4729 Ρ.

2004 4767 2223 4825 Jacobo
2232 4767 2550 4824 Sirmondo
2563 4766 2818 4823 contulit
2830 4764 3098 4821 Parisiis
3120 4776 3274 4819 anno
3296 4767 3426 4818 4634
3438 4804 3451 4816 .
3465 4764 3646 4817 Joau-

2006 4869 2109 4913 nes
2120 4856 2482 4927 Baptistade
2496 4855 2726 4925 σοφίας,
2740 4853 3040 4911 societatis
3050 4854 3197 4908 Jesu
3207 4850 3497 4908 sacerdos.
3515 4848 3647 4904 Vul-

2007 4958 2083 5014 go
2097 4948 2231 4999 nota
2245 4948 2335 4999 est
2353 4942 2721 4999 celeberrimi
2743 4940 3028 4996 Sirmondi
3054 4940 3111 4995 in
3134 4937 3505 4995 conferendis
3528 4935 3648 5004 dig-

2010 5032 2436 5102 noscendisque
2448 5031 2705 5101 antiquis
2717 5029 3018 5086 codicibus
3034 5024 3650 5099 peritiaznihilominus

2010 5136 2139 5178 cum
2162 5120 2296 5177 hinc
2314 5124 2373 5175 et
2396 5120 2529 5175 inde
2552 5135 2623 5174 ex
2647 5117 2960 5174 Castellani
2993 5116 3376 5173 citationibus
3410 5112 3653 5170 nonnul-

2013 5208 2125 5264 lam
2139 5209 2211 5263 ab
2225 5208 2570 5281 antigrapho
2585 5212 2787 5263 nostro
2806 5206 3207 5263 diversitatem
3222 5205 3362 5260 obse
3372 5218 3649 5272 rvassem,

2014 5296 2086 5352 ad
2103 5310 2235 5353 eum
2258 5296 2447 5367 ipsum
2465 5295 2717 5365 confugi,
2736 5294 2884 5350 utde
2908 5291 3193 5364 praedicto
3218 5293 3423 5349 codice
3447 5292 3656 5348 distin-

2012 5392 2129 5460 cte,
2151 5388 2417 5445 minutim
2439 5392 2497 5444 et
2519 5390 2723 5442 exacte
2748 5386 3068 5441 instrueret
3089 5385 3275 5456 ;quod
3294 5389 3354 5440 et
3374 5381 3654 5456 praestitit

2017 5476 2219 5536 semel.
2253 5476 2464 5533 iterum
2496 5488 2560 5529 ac
2590 5473 2768 5530 tertio
2800 5471 2870 5527 ad
2912 5472 3131 5530 fontem
3173 5472 3551 5538 recurrendo,
3585 5477 3651 5521 ea

3341 5579 3414 5637 18
