3988 6158
387 245 490 299 855

1336 233 1708 293 usuxunus
1743 215 2125 291 MONACHUS
2160 231 2825 291 SANGERMANENSISr

3652 240 3743 297 636

385 364 685 436 diligentia
707 369 764 420 et
791 361 1136 434 scrupulosa
1169 362 1347 418 ferme
1369 359 1669 431 religione,
1694 363 1883 417 utnec
1901 357 2020 430 api-
2045 358 2100 418 A
2130 357 2310 416 Nimis
2339 358 2474 414 mihi
2508 358 2750 429 probata
2781 362 2874 415 est
2897 356 3223 416 Mabilionis
3244 357 3469 416 sincera
3492 357 3647 431 fides,
3669 362 3746 418 ni-

377 468 501 510 cem
518 450 1002 524 pratermississe
1025 449 1211 506 videri
1227 449 1429 522 possit.
1448 450 1783 520 Quanquam
1799 448 1895 519 qui
1910 462 2023 505 non

379 541 585 597 minori
621 538 1024 596 benevolentia
1057 537 1368 595 Castellani
1391 538 1554 595 vices
1578 539 1877 610 supplevit
1903 553 2027 595 eru-

381 629 710 686 ditissimus
752 632 951 683 noster
982 626 1310 697 Stephanus
1337 626 1691 697 Chamillart,
1729 631 2022 698 postrema

380 716 723 784 collatione,
744 713 1056 771 nonnullos
1082 729 1277 770 navos
1298 715 1719 771 observaverit.
1737 716 2021 772 Caterum

382 801 752 860 Castellanus
784 818 989 869 novam
1018 818 1090 859 cx
1120 803 1348 873 integro
1379 818 1509 859 cum
1547 803 1729 875 prima
1767 803 2022 860 editione

381 890 590 948 Molani
613 890 983 948 collationem
1004 905 1273 962 exorsus,
1298 892 1355 948 in
1377 891 1623 964 epistola
1647 891 1781 948 data
1805 895 1864 947 31
1894 892 2020 948 Maii

380 982 520 1036 1709
533 993 637 1050 per
650 979 775 1035 dies
786 979 1045 1049 singulos
1058 980 1417 1037 variationes
1444 979 1815 1050 quantumvis
1836 979 2022 1036 exiles

382 1066 770 1123 solertissime
791 1067 1110 1124 adnotavit.
1140 1070 1330 1138 Atque
1352 1083 1422 1124 eo
1445 1068 1709 1124 subsidio
1730 1068 2028 1124 vehemen-

380 1157 475 1209 ter
496 1153 780 1227 impulsus
804 1170 952 1227 sum,
975 1161 1035 1213 ut
1061 1171 1229 1228 opus,
1249 1156 1740 1212 fastidiosissimis
1761 1156 2025 1227 disquisi-

382 1241 643 1299 tionibus
665 1242 920 1314 plenum,
940 1244 1254 1301 audentius
1274 1242 1644 1314 aggrederer.
1664 1246 1911 1301 Fatebor
1932 1245 2023 1303 hic

379 1328 628 1399 ingenue
654 1331 708 1386 in
731 1331 843 1388 viri
872 1332 1191 1403 hagiophili
1228 1332 1476 1403 laudem,
1502 1347 1615 1388 non
1638 1332 1844 1388 minori
1865 1348 2027 1391 cons-

380 1417 562 1473 tantia
587 1418 645 1473 in
676 1418 1049 1489 porrigenda,
1069 1420 1257 1490 quoad
1279 1420 1446 1490 vixit,
1463 1419 1832 1476 auxiliatrice
1854 1435 2025 1479 manu

376 1519 808 1578 perseverasse,
834 1522 1003 1577 quam
1028 1508 1318 1578 principio
1351 1523 1412 1564 se
1454 1508 1743 1564 facturum
1774 1524 2024 1581 spopon-

377 1593 566 1664 derat,
602 1599 909 1665 postquam
944 1609 1048 1666 per
1075 1597 1504 1666 subsequentes
1535 1596 1766 1652 litteras
1793 1601 1851 1653 31
1886 1598 2022 1653 Julii

2131 447 2240 502 mis
2273 451 2579 518 perspecta
2604 448 2731 517 ejus
2753 446 2812 502 in
2832 446 3264 517 distinguendis
3285 450 3537 504 vetustis
3567 448 3746 506 chara-

2131 534 2395 590 cteribus
2426 533 2683 605 solertia,
2720 538 2784 591 ut
2813 534 3100 592 adductas
3131 534 3423 592 obituales
3456 539 3640 607 novas,
3670 550 3749 594 ea-

2130 637 2331 678 rumve
2358 622 2718 694 exploratam
2748 623 3149 680 diversitatem
3198 624 3257 679 in
3311 623 3549 681 dubium
3597 623 3752 682 velim

2130 724 2428 780 revocare,
2464 712 2727 782 quamvis
2763 711 2811 767 si
2844 712 3100 769 codicem
3135 712 3322 783 ipsum
3356 711 3625 769 licuisset
3652 713 3753 770 ius-

2131 797 2346 869 picere,
2362 812 2429 854 ac
2453 799 2734 857 severiori
2755 800 2963 857 critice
2985 799 3391 870 Necrologium
3415 800 3575 858 istud
3601 815 3755 858 excu-

2131 888 2277 957 tere,
2312 887 2502 945 omnia
2535 888 2689 944 inter
2728 902 2791 945 se
2829 888 3229 960 componendo
3276 888 3752 960 conferendoque,

2131 973 2283 1030 forte
2314 975 2588 1032 nonnulla
2619 976 3021 1034 occurrissent
3046 991 3174 1047 qua
3199 976 3314 1032 vim
3339 976 3666 1047 argumenti
3686 978 3756 1033 in-

2128 1062 2473 1135 fringerent,
2498 1069 2600 1121 aut
2631 1063 2838 1122 saltem
2861 1064 3310 1137 exceptionibus
3331 1078 3528 1122 ansam
3555 1066 3756 1137 prabe-

2132 1154 2282 1205 rent.

2210 1243 2332 1296 198.
2368 1243 2564 1312 Neque
2594 1255 2734 1297 vero
2764 1254 2838 1296 ex
2867 1239 3115 1310 signatis
3143 1239 3474 1311 Neerologii
3503 1241 3671 1298 annis
3698 1255 3755 1298 ea

2129 1330 2414 1390 convectio
2444 1329 2728 1398 exoritur,
2764 1343 2932 1399 quam
2962 1328 3099 1384 mihi
3142 1328 3445 1398 ingerebat
3494 1328 3760 1386 Castella-

2131 1434 2258 1477 nus.
2287 1418 2508 1484 Quid-si
2533 1417 2684 1473 enim
2709 1420 2871 1473 totus
2892 1415 2991 1472 ille
3011 1416 3216 1486 codex,
3233 1421 3466 1473 centum
3489 1421 3573 1487 et,
3593 1417 3640 1473 si
3661 1416 3755 1487 vis,

2132 1507 2404 1565 ducentis
2430 1506 2597 1562 annis
2628 1509 2760 1577 post
2808 1505 3052 1562 Usuardi
3102 1505 3327 1562 obitum
3377 1506 3643 1576 scriptus
3671 1505 3756 1576 sit,

2131 1594 2342 1665 ecquid
2383 1593 2585 1650 eadem
2632 1592 2817 1663 prima
2867 1604 3071 1648 manus
3119 1591 3526 1661 Necrologium
3582 1590 3760 1660 aliquo

375 1680 633 1750 ejusdem
655 1683 787 1739 anni
812 1683 999 1753 datas,
1029 1698 1141 1739 non
1170 1684 1295 1740 sine
1328 1698 1574 1739 marore
1605 1684 2013 1767 signiﬁcasset,
2048 1707 2101 1767 Β
2133 1696 2318 1752 usqne
2360 1680 2636 1753 prosequi
2687 1678 2899 1750 potuit,
2933 1678 3278 1735 secundaria
3329 1683 3524 1767 autem
3578 1677 3762 1735 nescio

374 1768 713 1838 superiores
732 1769 987 1825 coenobii
1011 1769 1195 1826 sancti
1216 1769 1500 1840 Germani,
1528 1771 1596 1826 ad
1622 1756 2020 1827 transmitten-

381 1854 516 1911 dum
548 1855 662 1912 huc
697 1857 981 1927 codicem,
1000 1871 1104 1929 per
1123 1857 1581 1914 eruditissimum
1599 1858 2019 1917 Theodoricum

374 1942 743 1999 Ruinartium
776 1944 972 2001 induci
1003 1946 1240 2001 omnino
1272 1960 1384 2002 non
1417 1946 1696 2017 potuisse.

452 2033 743 2088 196.1nter
760 2032 881 2088 hac
900 2034 1138 2089 amicam
1155 2034 1641 2105 disceptationem
1658 2034 2022 2104 agitabamus

375 2120 446 2177 de
461 2120 813 2191 antiquitate
828 2136 939 2177 non
956 2122 1167 2192 solum,
1188 2122 1292 2178 sed
1307 2123 1553 2179 maxime
1568 2124 1638 2178 de
1654 2123 2017 2192 sinceritate,

374 2207 633 2280 puritate
655 2213 715 2264 et
732 2209 1112 2281 simplicitate
1121 2210 1238 2280 jam
1259 2210 1401 2266 dicti
1425 2226 1579 2282 sape
1594 2211 1832 2281 codicis,
1851 2226 2021 2282 quem

376 2300 465 2351 tot
494 2296 741 2367 litturis,
768 2298 1164 2369 erasionibus,
1183 2298 1825 2370 superinductionibus,
1842 2299 2026 2371 adjec-

371 2384 1585 2457 tionibus,detractionibus,mutationibus
1600 2402 1929 2458 respersum
1947 2388 2024 2443 di-

373 2471 544 2527 fllteri
570 2487 679 2529 non
706 2477 975 2544 poterat;
997 2475 1089 2530 cui
1114 2489 1244 2530 cum
1269 2488 1376 2544 ego
1407 2490 1757 2545 opponerem
1790 2475 2022 2533 codices

372 2565 624 2628 nostros,
652 2562 977 2632 prasertim
1019 2561 1439 2633 Ileriniensem,
1467 2563 1683 2633 ubique
1708 2563 2018 2636 integrum,

374 2648 642 2719 nitidum,
681 2649 935 2721 plenum,
971 2654 1269 2707 vetustate
1313 2656 1374 2707 et
1404 2650 1715 2722 splendore
1745 2667 2024 2709 veneran-

373 2736 663 2805 dum;ivit
698 2738 768 2794 ad
806 2738 950 2795 illud
991 2739 1241 2810 denique
1272 2730 1386 2810 quo
1418 2754 1478 2795 se
1510 2745 1739 2797 tutatur
1770 2740 2018 2813 Mabilio,

372 2838 577 2896 nempe
606 2840 677 2881 ex
706 2826 1083 2897 Necrologio,
1121 2827 1202 2882 illi
1234 2828 1421 2884 codici
1453 2828 1702 2900 adjecto,
1723 2834 2015 2899 constare,

373 2913 658 2985 scriptum
681 2914 842 2972 illum
858 2915 1103 2972 Usuardi
1128 2919 1418 2987 tempore,
1438 2931 1504 2972 ac
1526 2917 1768 2987 proinde
1787 2918 1859 2972 ab
1873 2918 2021 2988 ipso-

374 3005 489 3057 met
521 3005 761 3059 auctore
793 3023 805 3057 :
840 3002 1332 3074 interpolationes
1365 3018 1526 3074 vero,
1550 3004 1778 3075 lituras,
1804 3006 2019 3061 erasio-
2050 3024 2053 3075 ς

372 3102 494 3158 nes,
511 3089 897 3159 inductiones,
916 3092 1525 3162 suprascriptioneset
1539 3093 1867 3161 hujusmodi
1883 3092 2015 3163 alia,

373 3175 536 3244 signa
568 3175 679 3231 sibi
710 3176 929 3246 videri,
955 3192 1028 3232 ex
1054 3178 1266 3247 quibus
1284 3192 1423 3235 vere
1444 3179 1867 3250 autographum
1888 3194 2020 3235 ceu-

374 3262 493 3318 seri
518 3263 749 3333 debeat,
785 3265 858 3320 ab
886 3265 1150 3321 Usuardo
1183 3264 1308 3336 ipso
1348 3265 1596 3323 diversis
1635 3267 2014 3339 temporibus,

375 3366 479 3423 pro
492 3352 832 3409 notitiarum
866 3353 1267 3409 accedentium
1294 3353 1660 3425 diversitate,
1684 3356 1766 3411 sic
1796 3361 2022 3412 trunca-

373 3442 519 3508 tum,
535 3444 792 3509 auctum,
810 3440 1201 3511 imminutum,
1220 3441 2015 3513 variatum,quemadmodum

376 3526 430 3580 in
456 3527 857 3598 autographis,
888 3527 1072 3598 prima
1097 3543 1265 3585 manu
1290 3528 1544 3601 scriptis,
1573 3531 1787 3602 passim
1813 3547 2018 3589 usuve-

373 3614 500 3670 nire
531 3615 746 3671 eruditi
780 3617 1070 3672 noverint.
1098 3617 1241 3673 Hinc
1272 3618 1345 3673 ad
1378 3619 1731 3689 probandam
1762 3624 2017 3678 vetusta-

373 3707 488 3759 tem
518 3703 630 3760 huc
663 3704 732 3759 ad
766 3720 854 3761 me
882 3705 1201 3762 transmisit
1227 3707 1502 3763 Monitum
1536 3722 1565 3763 a
1598 3708 1903 3766 Mabilione
1924 3724 2017 3766 co-

371 3791 483 3849 dici
504 3792 587 3848 illi
612 3793 848 3864 propria
874 3809 1042 3851 manu
1069 3794 1391 3866 praﬁxum,
1416 3796 1568 3865 quod
1588 3811 1716 3852 cum
1733 3796 1786 3851 in
1810 3797 2016 3854 citata-

366 3881 582 3953 sapius
604 3883 945 3953 praefatione
969 3882 1039 3938 ad
1064 3897 1269 3939 sac.1v
1290 3884 1747 3955 Benedictinum,
1766 3890 1930 3957 parte
1950 3901 2010 3957 ιι,

2133 1784 2261 1841 qua
2276 1768 2500 1839 reliqua
2516 1767 3054 1839 supperaddere‘wt
3066 1767 3236 1824 valde
3250 1766 3558 1838 probabile
3571 1767 3763 1824 admit.

2132 1858 2175 1913 ti
2200 1858 2377 1913 debet
2398 1855 2727 1912 Mabilionis
2750 1860 3178 1926 argumentum,
3196 1860 3262 1912 ut
3283 1856 3665 1926 convincens,
3680 1870 3764 1913 ne-

2132 1959 2419 2017 quaquam
2448 1964 2458 1998 :
2483 1944 2667 2014 magis
2688 1944 3085 2015 convinceret,
3114 1944 3225 2007 nisi
3256 1943 3532 2001 adessent
3569 1945 3765 2016 quain

2129 2032 2351 2089 codicis
2399 2031 2957 2087 commendationem
3007 2044 3118 2087 non
3147 2045 3495 2103 magnOpere
3526 2032 3760 2089 faciunt.

2132 2122 2302 2177 Certe
2324 2135 2397 2176 ex
2417 2120 2549 2177 aliis
2562 2134 2694 2175 mox
2710 2119 3088 2175 deducendis.
3106 2119 3458 2176 alterutrum
3473 2120 3632 2177 forte
3648 2136 3766 2193 pro-

2131 2208 2384 2265 babilius
2405 2208 2612 2265 conﬁci
2637 2221 2809 2279 posse
2831 2207 3159 2274 videbitur;
3182 2206 3273 2264 vel
3299 2208 3528 2265 diversa
3565 2210 3768 2267 Usuar-

2130 2296 2264 2353 dum
2289 2296 2570 2367 scripisse
2592 2295 3018 2366 Martyrologia,
3036 2310 3138 2352 seu
3153 2295 3414 2366 ejusdem
3438 2297 3771 2369 Martyrolo-

2127 2384 2206 2454 gii
2230 2385 2453 2441 variata
2475 2383 2760 2455 exempla,
2777 2398 2846 2440 ex
2862 2399 3107 2454 quorum
3123 2398 3237 2440 uno
3260 2384 3630 2442 Heriniensis
3651 2400 3769 2442 nos-

2130 2477 2221 2528 ter
2242 2477 2418 2542 atque
2440 2472 2539 2528 alii
2555 2472 2974 2543 processerint,
2992 2472 3475 2542 quemadmodum
3489 2487 3564 2530 ex
3580 2473 3768 2544 aliquo

2128 2560 2205 2616 ali
2236 2561 2520 2616 Pratensi
2551 2560 2747 2629 simili,
2772 2561 2988 2632 sumpti
3012 2565 3297 2633 apparent
3322 2562 3769 2634 Autuerpiensis

2129 2647 2331 2719 major,
2350 2648 2774 2719 Rosweydinus
2796 2653 2857 2705 et
2878 2649 3324 2720 Aquicinctinus
3340 2668 3354 2717 ;
3369 2649 3461 2706 vel
3474 2649 3546 2706 ad
3569 2652 3770 2708 Usuar-

2129 2737 2185 2793 di
2233 2742 2465 2794 atatem
2536 2736 2880 2808 pradictum
2958 2739 3239 2794 Pratense
3307 2740 3767 2811 manuscriptum

2130 2826 2465 2896 pertingere
2496 2839 2605 2881 non
2638 2840 2832 2897 posse,
2859 2830 3037 2895 atque
3068 2827 3214 2881 adeo
3249 2826 3551 2884 recentius
3574 2840 3770 2885 exara-

2129 2918 2249 2970 tum
2294 2914 2408 2970 dici
2465 2917 2763 2985 oportere,
2800 2913 3069 2983 idemque
3116 2929 3147 2970 a
3198 2915 3451 2985 posteris
3506 2914 3768 2984 ejusdem

2130 3002 2388 3059 instituti
2420 3002 2739 3073 monachis,
2774 3014 2845 3058 eo
2878 3017 2991 3072 quo
3016 3002 3133 3072 jam
3165 3006 3360 3059 exstat
3390 3002 3567 3059 modo
3603 3005 3771 3060 inter-

2129 3090 2391 3162 polatum
2414 3095 2471 3146 et
2498 3092 2895 3160 reformatum,
2911 3090 3223 3161 autpotius
3238 3091 3772 3148 deformatumfuis-

2129 3193 2211 3249 se,
2245 3179 2398 3249 quod
2427 3193 2501 3234 ex
2532 3182 2654 3234 tota
2682 3178 2904 3235 codicis
2932 3182 3253 3249 structura,
3279 3193 3351 3235 ex
3382 3179 3548 3237 vario
3578 3181 3772 3238 chara-

2128 3271 2311 3337 ctere,
2335 3271 2437 3324 aut
2467 3282 2539 3323 ex
2569 3267 2882 3338 scriptura
2913 3266 3195 3337 ejusdem,
3220 3267 3471 3323 diversis
3494 3269 3772 3341 tempori-

2129 3356 2238 3412 bus
2270 3360 2329 3411 et
2363 3355 2598 3412 diverso
2651 3358 3000 3426 atramento,
3045 3355 3433 3427 appositione,
3467 3358 3769 3429 navisque

2125 3442 2258 3500 aliis
2307 3457 2514 3513 magno
2566 3457 2807 3500 numero
2855 3443 3291 3513 occurentibus,
3326 3444 3437 3500 sibi
3490 3445 3771 3502 continuo

2125 3532 2300 3602 objici
2333 3547 2526 3605 posse,
2561 3533 2730 3589 facile
2762 3532 3020 3590 advertit
3046 3531 3299 3589 Mabilio.

2195 3625 2317 3677 199.
2355 3620 2671 3678 Audiamus
2719 3636 2860 3677 vero
2917 3635 3031 3691 quo
3091 3624 3262 3690 pacto
3324 3620 3395 3677 ad
3453 3620 3583 3677 hac
3644 3608 3767 3678 sese

2123 3709 2471 3779 praemuniat
2519 3709 2701 3765 citato
2734 3708 3067 3778 nuperrime
3101 3706 3246 3763 loco.
3283 3707 3376 3763 Sic
3407 3707 3487 3762 ibi
3520 3709 3722 3779 pergit
3749 3727 3767 3763 .-

2125 3815 2154 3849 «
2174 3798 2233 3852 In
2267 3796 2367 3853 illo
2398 3797 2646 3854 Usuardi
2678 3796 2787 3866 (sic
2814 3795 2966 3851 enim
2988 3793 3286 3866 appellare
3309 3794 3470 3865 licet)
3493 3800 3769 3866 autogra-

2120 3884 2235 3955 pho
2258 3885 2530 3942 nonnulla
2555 3884 2768 3956 passim
2782 3884 3178 3940 additamenta
3192 3884 3599 3954 reperiuntur,
3617 3897 3768 3956 qua-

364 3982 497 4038 pag.
530 3983 776 4038 Lxxxvn,
812 3969 1035 4025 editum
1084 3970 1392 4039 reperiam,
1447 3970 1596 4027 malo
1641 3971 1828 4042 ipsum
1878 3973 2012 4030 inde
2121 3971 2250 4028 dam
2279 3974 2454 4030 etiam
2484 3973 2678 4030 litura
2707 3976 2767 4028 et
2799 3971 3131 4043 scriptura,
3157 3971 3385 4041 eodem,
3412 3974 3475 4027 ut
3504 3971 3763 4043 videtur,

359 4057 766 4110 transumere.
805 4055 899 4110 Sic
931 4055 1010 4110 ibi
1045 4055 1251 4111 scribit
1269 4057 1359 4112 vir
1383 4058 1821 4116 eruditissimus
1841 4060 2011 4117 nobis
2120 4061 2852 4132 temporesuperinducta,
2880 4060 3130 4116 fortasse
3152 4060 3340 4129 ipsius
3368 4060 3769 4118 auctorisma-

361 4154 474 4210 que
503 4154 732 4213 semper
780 4142 1265 4199 astimatissimus
1302 4143 1534 4200 Mabilio
1568 4164 1581 4200 :
2119 4165 2215 4216 nu,
2242 4149 2338 4221 qui
2371 4164 2518 4221 opus
2549 4163 2716 4206 suum
2741 4146 3060 4204 identidem
3083 4148 3516 4218 recognoverit.
3544 4168 3575 4203 ι
3601 4146 3763 4207 Haud

429 4232 551 4284 197.
592 4248 620 4281 «
663 4230 734 4285 Et
765 4244 902 4286 sane
944 4230 1409 4301 antiquissimum
1451 4231 1578 4303 ejus
1615 4234 2009 4305 Martyrologii
2117 4238 2384 4309 equidem
2413 4238 2666 4295 diﬁlteor
2697 4238 2752 4294 id
2786 4237 2866 4293 ita
2900 4236 3023 4293 ﬁeri
3055 4236 3340 4308 potuisse,
3375 4239 3442 4294 ut
3470 4237 3618 4294 mihi
3650 4252 3763 4294 non

356 4315 661 4387 exemplar
692 4317 993 4389 habemus,
1019 4333 1090 4374 eo
1124 4322 1386 4391 tempore
1418 4321 1648 4393 (nempe
1669 4322 1885 4379 sacqu
1906 4338 2005 4380 no-
2036 4391 2075 4396 _
2117 4326 2294 4383 semel
2317 4341 2348 4382 a
2372 4325 2702 4383 Castellano
2726 4326 2945 4382 dictum
2968 4329 3382 4396 regestumque
3403 4329 3518 4382 est.
3537 4325 3761 4385 Vellem

356 4418 450 4473 no,
478 4418 590 4474 quo
622 4405 920 4462 Usuardus
941 4405 1199 4477 vivebat)
1223 4412 1546 4479 exaratum,
1572 4391 1703 4465 cum
1734 4411 2001 4482 subjecto
2034 4391 2085 4450 D
2119 4419 2173 4470 ta
2204 4413 2520 4471 verisimile
2548 4414 2714 4471 reddi
2748 4416 2968 4485 posset,
2995 4391 3174 4484 atque
3206 4391 3432 4469 codicis
3463 4411 3635 4472 illius
3660 4428 3763 4486 pa-

355 4490 716 4561 Necrologio,
743 4493 799 4547 in
824 4508 938 4563 quo
963 4493 1237 4564 primaria
1264 4509 1433 4561 manu
1458 4510 1613 4552 mors
1631 4496 2002 4555 Irmintrudis
2112 4501 2302 4558 tronis
2327 4501 2601 4573 effugium
2630 4501 2825 4574 placet
2860 4521 2872 4556 :
2907 4500 3141 4558 aliunde
3170 4501 3322 4558 enim
3365 4500 3514 4557 infra
3550 4515 3762 4573 argue-

357 4579 593 4649 regina,
626 4581 829 4637 uxoris
851 4580 1039 4637 Caroli
1061 4581 1238 4652 Calvi,
1269 4580 1500 4653 signata
1516 4589 1611 4641 est
1631 4585 1806 4642 Nonis
1829 4586 2001 4644 Octo-

358 4666 724 4733 bris;obitus
748 4684 886 4725 vero
907 4668 1098 4725 Caroli
1122 4672 1169 4725 II
1191 4669 1580 4742 imperatoris,
1599 4672 1785 4743 pridie
1808 4674 1999 4732 Nonas

356 4753 631 4812 Octobris
651 4769 820 4812 manu
835 4757 1173 4813 recentiori.
1190 4760 1395 4828 Itaque
1414 4758 1509 4815 hic
1527 4758 1715 4816 codex
1736 4760 1996 4832 scriptus

354 4846 445 4898 est
473 4857 542 4898 eo
575 4842 858 4912 temporis
888 4842 1198 4899 intervallo
1230 4845 1380 4915 quod
1425 4845 1644 4903 eﬂluxit
1697 4846 1851 4904 inter
1899 4863 1997 4904 an-

352 4944 485 4987 num
531 4929 1063 4999 869,1rmintrudis
1115 4946 1469 5003 supremum,
1503 4937 1559 4989 et
1606 4948 1816 4990 annum
1866 4940 1990 5008 877,

352 5033 465 5088 quo
499 5016 743 5075 Carolus
777 5018 985 5075 Calvus
1017 5018 1327 5077 defunctus
1348 5024 1456 5077 est.
1484 5021 1641 5077 Idem
1665 5022 1840 5078 etiam
1863 5038 1993 5081 con-

350 5102 614 5161 ﬁrmatur
642 5120 715 5161 ex
742 5104 980 5163 Ebroini
1010 5105 1271 5178 episcopi
1303 5112 1364 5163 et
1393 5107 1624 5164 abbatis
1645 5109 1831 5166 sancti
1856 5110 1991 5168 Ger-

347 5191 496 5246 mani
528 5193 713 5263 obitu,
748 5194 843 5266 qui
876 5209 1027 5251 anno
1056 5199 1162 5253 858
1191 5194 1460 5265 contigit,
1483 5194 1667 5265 prima
1699 5212 1870 5255 manu
1894 5214 1988 5255 χεν

344 5276 464 5333 Kal.
500 5279 625 5335 Maii
665 5282 1041 5353 consignato;
1077 5297 1208 5340 cum
1243 5297 1649 5340 successorum
1700 5285 1827 5354 ejus
1870 5286 1987 5342 Hil-

342 5364 503 5421 duini
527 5370 586 5421 et
617 5368 862 5440 Gozlini,
896 5386 990 5429 xv:
1021 5371 1144 5429 Kal.
1179 5371 1338 5438 Maii;
1374 5374 1550 5442 atque
1582 5372 1764 5443 Eboli,
1789 5389 1847 5430 vr
1875 5375 1987 5431 Noq

342 5467 445 5511 nas
467 5453 741 5511 Octobris
763 5457 959 5518 obitus
981 5460 1236 5520 secunda
1258 5474 1429 5519 manu
1449 5459 1771 5533 conscripti
1795 5461 1931 5519 sint.
1948 5481 1979 5518 ιο

2109 4603 2257 4660 mus,
2293 4590 2341 4646 si
2372 4605 2548 4648 verus
2576 4594 2669 4647 est
2703 4589 3030 4647 Mahilionis
3068 4588 3344 4660 Achilles,
3379 4603 3492 4645 non
3522 4594 3759 4648 tantum

2106 4677 2243 4735 vita
2273 4677 2541 4735 Usuardo
2589 4662 2971 4750 superfuisse,
3026 4681 3093 4735 ut
3143 4682 3232 4735 tot
3280 4674 3648 4735 variationes
3699 4679 3757 4734 in

2107 4766 2531 4837 autographum
2555 4781 2722 4823 suum
2744 4766 3072 4825 induceret.
3089 4767 3243 4837 Ergo
3254 4766 3393 4823 mihi
3406 4765 3615 4823 videor
3627 4780 3759 4822 rem

2104 4868 2331 4911 omnem
2356 4854 2597 4924 diutius,
2616 4854 2921 4927 maturius,
2938 4854 3275 4913 accuratius
3295 4859 3358 4910 et
3377 4867 3453 4910 ex
3472 4853 3756 4926 professo

2102 4942 2472 5014 expendisse,
2506 4943 2640 5001 dum
2673 4942 2881 5001 diebus
2910 4941 3159 5015 singulis
3207 4946 3409 5001 textus
3454 4940 3752 5015 singulos,

2102 5032 2216 5089 imo
2265 5031 2624 5101 singulorum
2659 5035 2923 5089 textuum
2955 5030 3562 5103 commemorationes,
3613 5043 3753 5089 cum

2098 5119 2231 5177 aliis
2281 5120 2603 5191 codicibus,
2638 5120 2840 5178 itidem
2888 5119 3254 5192 Usuardinis,
3292 5119 3639 5194 purioribus
3689 5116 3788 5177 et'

2098 5209 2497 5279 ntegrioribus
2527 5208 2788 5276 contuli;
2819 5222 2895 5266 ex
2929 5223 3040 5280 qua
3073 5208 3392 5267 collatione
3431 5206 3756 5266 difﬁculta-

2093 5302 2188 5354 tes
2214 5296 2447 5367 oﬁ‘endi,
2483 5312 2611 5368 qua
2632 5297 2998 5369 pradictum,
3016 5311 3120 5355 seu
3140 5311 3299 5368 vere,
3316 5311 3421 5356 seu
3443 5300 3755 5370 pratense

2094 5386 2517 5458 autographum
2549 5386 2605 5442 in
2636 5385 2927 5458 pluribus,
2960 5390 3028 5444 ut
3063 5385 3362 5444 minimum
3390 5388 3750 5459 suspectum

2093 5475 2360 5546 reddant,
2396 5488 2724 5548 quanquam
2771 5476 2845 5534 de
2890 5478 3110 5535 catero
3156 5473 3406 5549 primum
3460 5473 3517 5534 ei
3575 5471 3753 5532 inter
