3988 6158
261 298 368 353 587

1696 299 2239 360 PROLEGOMENA.

3551 271 3685 364 ess.

249 415 401 474 alios
440 415 632 476 locum
683 432 914 492 semper
963 418 1292 477 tribuerim.
1328 420 1525 478 Liceat
1584 421 1719 478 mihi
1778 424 1891 481 hae-
1919 425 1973 485 A
2005 425 2238 482 fuerint.
2270 425 2334 482 Id
2356 440 2472 496 1am
2524 423 2696 497 paulo
2743 422 2961 482 clarius
2991 430 3050 480 et
3079 424 3418 484 distinctius
3470 443 3650 501 expo-

241 503 556 562 sitationes
606 520 763 563 meas
821 512 1000 577 atque
1063 510 1437 566 occurrentia
1499 524 1902 581 saepenumero

242 591 421 649 dubia
471 608 819 666 proponere,
875 609 1002 666 quae
1056 597 1129 652 ab
1180 597 1546 662 crudissimis
1596 598 1759 668 viris,
1811 614 1904 655 co-

246 678 396 737 dicis
451 682 570 751 jam
627 683 803 740 toties
853 682 1081 741 laudati
1142 686 1604 758 possessoribus,
1659 686 1901 744 dissolvi

244 768 445 825 velim.
1157 767 1168 777 ’

313 861 440 913 200.
472 858 597 914 Νοιι
647 864 908 930 repetam
958 875 1087 931 quae
1141 864 1264 917 toto
1314 862 1564 933 sparsim
1613 877 1792 934 opere
1844 863 1899 919 in

244 944 776 1004 Observationibus
802 948 946 1004 meis
975 949 1243 1005 Pratensi
1275 949 1361 1006 illi
1386 951 1749 1022 autographo
1784 951 1897 1007 sin-

242 1031 498 1102 gillatim
531 1049 830 1105 opponere
862 1039 1103 1093 coactus
1142 1052 1266 1093 sum
1301 1056 1313 1091 :
1349 1037 1596 1094 sufficiet
1644 1039 1768 1095 dies
1809 1039 1900 1096 hic

245 1119 478 1191 aliquot
507 1121 767 1179 indicare
800 1124 899 1180 ubi
929 1138 996 1185 ea
1025 1125 1275 1197 reperiri
1307 1126 1551 1196 possint.
1589 1126 1794 1183 Videat
1824 1126 1902 1183 le-

240 1212 379 1265 ctor
428 1223 627 1267 mense
662 1212 959 1283 Januario,
992 1228 1030 1283 ι,
1068 1227 1143 1283 ιχ,
1180 1228 1278 1284 χιι,
1310 1229 1431 1281 xm,
1466 1229 1577 1283 XIV,
1611 1229 1725 1285 xvr,
1759 1229 1894 1284 χχιι,

239 1311 397 1367 xxvr,
433 1312 629 1368 xxvm,
664 1315 815 1371 χχιχ,
850 1315 980 1371 χχχ,
1014 1314 1165 1358 χχχι.
1201 1302 1393 1358 Mense
1427 1302 1761 1373 Februario,
1805 1304 1898 1360 die

239 1399 324 1456 ιιι,
360 1400 483 1455 vui,
517 1401 650 1443 xvu.
686 1388 877 1444 Mense
908 1388 1129 1460 Martio,
1165 1389 1258 1445 die
1290 1405 1342 1460 x,
1378 1405 1512 1461 xvu,
1550 1405 1707 1461 xvm,
1743 1406 1893 1463 χχνι,

237 1488 418 1545 xxvu,
451 1490 604 1546 χχιχ,
639 1490 766 1532 χχχ.
801 1478 991 1534 Mense
1024 1477 1229 1549 Aprili,
1266 1478 1357 1535 die
1389 1494 1447 1550 ιι,
1485 1494 1582 1551 χιι,
1608 1495 1742 1550 χνιι,
1779 1495 1892 1551 χιχ,

237 1576 381 1634 χχιι,
436 1578 595 1635 χχιιι,
648 1580 819 1621 xxvu.
872 1567 1066 1622 Mense
1112 1566 1277 1637 Maio,
1334 1567 1426 1624 die
1473 1583 1527 1638 χ,
1582 1583 1658 1638 χι,
1719 1583 1890 1625 xxvu.

236 1650 436 1707 Mense
493 1652 683 1722 Junio,
716 1653 810 1709 die
855 1669 892 1723 ι,
930 1670 1004 1725 Iv,
1039 1670 1090 1725 v,
1125 1669 1200 1725 ιχ,
1235 1669 1289 1725 x,
1323 1670 1412 1725 xv,
1446 1669 1580 1726 xvu,
1616 1671 1729 1726 χχι,
1764 1671 1892 1726 xxv,

2014 513 2265 570 nendum
2298 518 2585 585 superest.

2082 606 2205 658 202.
2227 602 2421 658 Toties
2441 600 2770 672 appellatus
2802 604 2862 656 et
2884 602 2939 656 in
2951 606 3249 672 posterum
3263 602 3648 674 appellandus

2011 689 2312 746 Pratensis
2339 689 2543 759 codex,
2569 690 2640 745 ad
2672 706 2750 746 xu
2774 689 3051 759 Januarii,
3079 689 3166 746 sic
3198 692 3511 747 secundam
3549 707 3647 748 an-

2012 778 2433 834 nuntiatiouem
2464 779 2740 849 exprimit
2776 797 2788 832 :
2822 780 2899 836 In
2931 778 3204 836 Caesarea
3233 777 3645 850 Mam‘itania,

2009 866 2204 923 sancti
2222 866 2538 937 Archadii,
2557 865 2860 937 etc.,nulla
2885 881 3128 936 usquam
3149 865 3344 936 litura,
3372 866 3531 922 nulla
3556 882 3651 924 su-

2010 953 2454 1024 perinductione
2476 958 2813 1026 apparente.
2833 953 3006 1024 Atqui
3030 967 3095 1009 ea
3120 954 3354 1025 positio,
3385 968 3486 1010 seu
3505 969 3652 1010 mar-

2010 1041 2145 1111 tyrii
2177 1041 2343 1098 locus
2370 1043 2437 1099 in
2470 1041 2744 1100 Uresarea
2771 1039 3182 1119 Mamiiartice,
3218 1041 3273 1097 in
3309 1041 3486 1097 nullis
3519 1042 3650 1098 aliis

2008 1131 2230 1187 nostris
2262 1131 2584 1201 codicibus,
2616 1136 2737 1187 tum
2768 1131 3026 1199 excusis,
3052 1134 3175 1186 tum
3209 1130 3645 1201 manuscriptis,

2010 1227 2398 1291 praeterquam
2415 1221 2471 1276 in
2484 1225 2753 1277 extracto
2767 1220 3175 1290 Aquieinctino
3189 1219 3479 1283 occurrit;
3507 1234 3648 1289 ergo

2007 1308 2238 1365 codices
2271 1308 2367 1363 alii
2397 1322 2472 1364 ex
2501 1309 2861 1379 autographo
2890 1308 3155 1363 Pratensi
3209 1306 3490 1379 descripti
3533 1321 3647 1363 non

2008 1402 2166 1467 sunt,
2201 1411 2340 1467 ergo
2368 1396 2462 1453 vel
2494 1395 2918 1467 autograpbum
2969 1411 3080 1452 non
3113 1400 3226 1466 est,
3259 1395 3352 1452 vel
3402 1410 3646 1452 necesse

2007 1488 2094 1541 est
2126 1484 2436 1541 admittere
2460 1485 2591 1555 plus
2613 1499 2781 1556 quam
2808 1498 2981 1540 unum
3011 1484 3436 1555 autographum
3469 1485 3647 1540 exsti-

2005 1572 2167 1643 tisse,
2195 1571 2457 1643 aliosque
2486 1572 2722 1629 codices
2753 1588 2827 1628 ex
2856 1587 2989 1641 uno,
3016 1570 3161 1627 alios
3184 1586 3256 1627 ex
3287 1571 3400 1627 alio
3431 1572 3648 1627 descri-

2007 1664 2158 1731 ptos.
2194 1660 2341 1726 Quid
2370 1660 2441 1715 ad
2473 1660 2578 1716 boc
2606 1664 3010 1729 argumentum
3062 1657 3429 1716 Castellanus
3483 1673 3647 1730 repo-

238 1750 396 1807 xxvr,
426 1753 556 1795 xxx.
584 1740 778 1797 Mense
806 1741 978 1812 Julio,
1005 1742 1100 1798 die
1130 1757 1169 1813 ι,
1202 1758 1298 1813 νιι,
1333 1757 1407 1813 χι,
1442 1758 1597 1814 xvm,
1631 1758 1722 1814 xx,
1756 1759 1891 1815 xxu,
1926 1772 1979 1831 Β
2008 1748 2191 1804 suerit
2224 1762 2293 1804 eo
2325 1747 2418 1803 die
2448 1746 2824 1819 explicatum,
2859 1751 2937 1816 et,
2973 1747 3029 1802 ni
3061 1746 3250 1816 fallor,
3285 1747 3514 1802 abunde
3558 1762 3646 1803 re-

241 1840 444 1883 xxvru.
500 1829 695 1885 Mense
746 1832 1029 1901 Augusto,
1080 1830 1174 1886 die
1222 1846 1318 1901 xu,
1365 1845 1522 1901 χχιιι,
1558 1846 1706 1901 xxvi,
1740 1847 1893 1903 χχιχ,

234 1927 368 1971 xxx.
430 1915 624 1971 Mense
682 1917 1029 1989 Septembri,
1092 1918 1186 1974 die
1232 1934 1271 1989 ι,
1315 1933 1398 1989 ιιι,
1452 1934 1511 1991 v,
1564 1934 1725 1976 xxm.
1765 1935 1893 1991 xxv,

234 2001 431 2060 Mense
480 2003 739 2075 Octobri,
776 2005 867 2062 die
917 2020 1037 2076 xm,
1081 2021 1191 2077 xvr,
1244 2022 1376 2075 xvu,
1427 2022 1542 2077 χιχ,
1579 2023 1727 2080 χχιν,
1762 2024 1894 2066 xxx.

233 2089 435 2147 Mense
490 2092 822 2164 Novembri,
887 2093 980 2150 die
1037 2110 1074 2164 ι,
1127 2109 1187 2164 ιι,
1241 2110 1362 2165 χιιι,
1421 2110 1536 2165 χιχ,
1590 2111 1687 2152 χχι
1733 2111 1891 2153 χχιιι.

234 2179 435 2235 Mense
486 2180 809 2252 Decembri,
846 2180 939 2238 die
989 2196 1063 2253 IV,
1097 2197 1233 2251 χχιι,
1271 2198 1399 2253 xxv,
1439 2198 1594 2253 χχιχ,
1629 2198 1779 2240 χχχι.
1828 2186 1898 2241 Et

245 2265 396 2324 locis
430 2267 610 2323 ferme
642 2269 956 2341 octoginta,
991 2274 1165 2340 atque
1195 2270 1327 2328 aliis
1356 2285 1466 2327 non
1508 2276 1623 2327 tam
1655 2286 1899 2344 scrupu-

232 2356 371 2413 lose
400 2357 497 2413 hic
530 2358 846 2429 annotatis,
873 2374 904 2415 a
934 2359 1389 2430 simplicioribus
1410 2360 1714 2418 codicibus
1743 2360 1899 2417 aliis-

228 2448 361 2501 tum
387 2444 643 2516 excusis,
669 2449 794 2503 tum
826 2461 986 2518 mss.,
1015 2447 1286 2504 dissentit
1317 2450 1622 2506 Usuardus
1662 2451 1892 2520 Praten,

234 2533 321 2589 sis
378 2535 733 2605 (quanquam
783 2550 896 2591 non
948 2550 1181 2607 semper
1231 2551 1297 2593 ea
1346 2552 1525 2594 causa
1555 2553 1587 2594 e
1619 2553 1897 2611 purorum

243 2637 494 2680 numero
523 2623 800 2681 exclusus
826 2625 947 2695 sit),
984 2629 1094 2697 tot,
1122 2625 1380 2697 inquam,
1407 2625 1555 2683 locis
1586 2632 1684 2685 aut
1717 2633 1900 2685 muta-

228 2715 460 2782 tus,aut
484 2717 823 2781 auctus,aut
847 2719 1213 2783 contractus,
1230 2718 1330 2770 aut
1358 2714 1479 2770 inte
1494 2715 1762 2786 rpolatus
1784 2720 1894 2786 est,

237 2800 386 2870 quid
424 2801 605 2870 igitur
655 2800 813 2857 aliud
860 2802 993 2858 inde
1040 2816 1407 2873 consequens
1455 2803 1641 2859 videri
1690 2804 1892 2875 possit,

236 2903 417 2959 quam
453 2894 552 2945 aut
577 2891 1001 2962 autographum
1023 2906 1134 2947 non
1159 2906 1293 2947 esse
1315 2890 1573 2947 codicem
1599 2890 1779 2961 illum,
1796 2897 1893 2948 aut

234 2977 458 3034 saltem
489 2978 648 3035 aliud
682 2980 865 3035 fuisse
897 2980 1323 3052 autograpbum
1356 2995 1532 3036 unum
1573 2979 1666 3036 vel
1708 2980 1892 3052 plura,

226 3078 303 3120 ex
355 3080 472 3136 quo
501 3066 597 3122 vel
650 3082 724 3123 ex
758 3069 970 3138 quibus
1004 3069 1360 3125 lleriniensis
1384 3073 1444 3125 et
1471 3067 1589 3138 alii,
1623 3069 1886 3125 Pratensi

2009 1836 2257 1893 futatum
2290 1834 2567 1892 invenies.
2604 1834 2734 1890 Mihi
2764 1839 2925 1891 certe
2952 1849 3018 1891 ea
3043 1834 3193 1890 ratio
3228 1834 3643 1902 urgentissima

2008 1939 2237 1995 semper
2257 1924 2376 1980 visa
2398 1928 2512 1993 est,
2537 1922 2791 1992 talisque
2817 1926 2879 1978 ut
2903 1922 3058 1978 nulla
3085 1922 3452 1993 exceptione,
3482 1921 3643 1978 nullo

2006 2012 2219 2081 effugio
2241 2011 2507 2069 enervari
2533 2010 2698 2066 facile
2721 2010 2932 2079 valeat,
2952 2010 3233 2081 quidquid
3258 2010 3435 2066 variis
3456 2010 3643 2066 modis

2006 2100 2376 2170 tentaverim,
2404 2103 2504 2155 aut
2533 2098 2646 2154 vim
2679 2097 2918 2167 elidere,
2951 2102 3050 2154 aut
3085 2097 3289 2155 saltem
3320 2097 3516 2168 aliquo
3548 2112 3644 2170 pa-

2005 2192 2103 2245 cto
2126 2187 2481 2257 emollire,ut
2504 2185 2674 2257 paulo
2698 2185 2843 2241 infra
2870 2186 3045 2242 latius
3065 2186 3478 2257 explicabo.Ne
3502 2201 3642 2242 vero

2006 2292 2075 2334 ex
2111 2277 2278 2334 unica
2312 2275 2410 2331 illa
2442 2275 2989 2331 commemoratione
3022 2274 3078 2331 id
3111 2288 3199 2329 me
3230 2274 3438 2330 credas
3467 2274 3646 2330 conli-

2006 2379 2159 2435 cere,
2176 2365 2307 2421 vide
2329 2379 2457 2435 quae
2480 2365 2611 2421 aliis
2635 2364 2777 2420 locis
2800 2362 2855 2417 in
2878 2361 3138 2419 eamdem
3163 2375 3284 2416 rem
3308 2360 3461 2417 dicta
3485 2364 3640 2431 sunt,

2005 2468 2099 2509 χνι
2128 2458 2188 2509 et
2215 2468 2345 2509 χχχι
2375 2452 2653 2522 Januarii,
2688 2467 2766 2509 xu
2795 2456 2854 2508 et
2884 2466 2997 2507 xvu
3048 2448 3283 2521 Aprilis,
3318 2464 3389 2505 xv
3419 2453 3479 2505 et
3529 2464 3645 2505 xvn

2003 2543 2177 2613 Junii,
2204 2557 2283 2598 xu
2310 2548 2366 2598 et
2392 2557 2531 2598 xxm
2554 2541 2819 2610 Augusti.
2846 2541 3031 2596 Unum
3062 2542 3345 2609 praeterea
3379 2541 3480 2593 aut
3504 2537 3645 2593 alte-

2006 2646 2132 2687 rum
2165 2630 2493 2701 exemplum
2527 2629 2921 2685 adducamus:
2950 2643 3064 2682 xvu
3086 2625 3302 2696 Aprilis
3327 2626 3411 2681 sic
3446 2624 3644 2696 penul-

2008 2718 2148 2773 timo
2169 2717 2322 2786 loco,
2337 2721 2472 2773 ante
2494 2716 2992 2772 annuntiationem
3013 2712 3473 2769 Cordubensium
3505 2711 3644 2780 legi-

2008 2807 2227 2863 turzln
2260 2806 2514 2874 Oriente,
2541 2804 2699 2861 beati
2715 2803 3140 2875 Nicofori,etc.
3159 2802 3341 2855 Abest
3363 2800 3644 2870 Nicepho-

2007 2909 2107 2951 rus
2138 2908 2166 2949 a
2201 2891 2635 2964 probatissimis
2670 2891 2997 2961 quibusque
3046 2889 3366 2956 codicibus,
3403 2888 3457 2942 in
3500 2885 3644 2942 solis

2005 2982 2416 3051 Rosweydino,
2443 2979 2852 3050 Aquicinctino
2872 2982 2929 3033 et
2956 2976 3319 3033 Bruxellensi
3348 2977 3639 3046 repertus,

2007 3072 2271 3140 adeoque
2317 3083 2423 3125 nec
2480 3067 2586 3124 fuit
2638 3067 2694 3122 iu
2740 3081 2810 3123 eo
2860 3066 3242 3138 autographo,
3277 3079 3349 3119 ex
3399 3076 3512 3132 quo
3544 3061 3641 3118 alii

225 3153 531 3226 puriores,
567 3155 638 3211 de
671 3118 884 3226 quibus
928 3157 1075 3212 infra
1125 3172 1383 3228 agemus,
1416 3118 1694 3227 descripti
1745 3157 1882 3214 sint.
1916 3118 1965 3180 Ο·
1995 3118 2417 3229 ῃοῐωΊοριίηιεθ
2453 3155 2746 3227 desumpti
2782 3155 2960 3211 fuere.

296 3247 430 3299 201.
470 3243 600 3299 Scio
650 3257 781 3299 cum
832 3243 1137 3300 Mabilione
1176 3249 1239 3301 et
1273 3244 1602 3302 Castellano
1634 3245 1770 3299 mihi
1799 3259 1888 3300 re-

225 3330 593 3401 ponendum,
628 3346 740 3386 non
776 3347 992 3402 paucas
1037 3347 1111 3389 ex
1158 3332 1420 3390 recitatis
1463 3332 1888 3390 variationibus

225 3417 390 3475 tales
420 3433 571 3489 esse,
608 3422 671 3475 ut
701 3418 837 3475 licet
873 3419 1069 3477 lituris
1118 3420 1437 3492 inscriptae,
1471 3426 1573 3478 aut
1613 3421 1684 3476 ad
1717 3420 1885 3477 ﬁnem

221 3506 474 3575 additae,
499 3510 599 3563 aut
632 3507 956 3579 translatae,
982 3509 1356 3580 transpositae
1388 3514 1446 3565 et
1478 3509 1713 3566 intortas
1746 3510 1882 3580 sint,

221 3593 544 3665 potuerint
578 3598 771 3651 tamen
815 3597 886 3652 ab
928 3597 1179 3669 ipsomet
1216 3598 1502 3670 Usuardo,
1535 3612 1679 3670 opus
1715 3611 1890 3655 suum

217 3681 1034 3755 identidemrecognoseente,
1052 3685 1265 3741 ascribi
1288 3685 1379 3740 vel
1395 3684 1730 3755 superaddi.
1745 3684 1886 3740 Novi

215 3775 420 3842 poeta:
445 3771 713 3843 verbum,
719 3773 829 3843 jus
845 3787 1139 3830 summam
1156 3786 1449 3830 summam
1466 3785 1615 3843 sape
1627 3786 1749 3829 esse
1766 3785 1889 3828 ma-

217 3859 455 3929 litiam,
474 3858 567 3915 vel
585 3864 649 3916 ut
663 3858 764 3916 alii
780 3859 1326 3933 legunt,inji(riam.
1346 3859 1487 3915 Nolo
1500 3874 1635 3915 esse
1648 3864 1889 3915 exactor

212 3948 404 4003 nimis
437 3947 687 4018 rigidus,
704 3949 840 4004 nolo
861 3949 1240 4016 contendere,
1270 3948 1404 4005 nolo
1427 3947 1888 4004 vetustissimum

211 4034 702 4107 primariumque
726 4022 976 4093 Usuardi
999 4036 1298 4110 exemplar
1315 4039 1652 4106 concutere,
1678 4036 1889 4091 nedum

210 4122 599 4190 convellere;
633 4123 749 4181 imo
777 4124 835 4181 id
868 4124 1169 4197 pervelim,
1201 4128 1264 4181 ut
1297 4124 1666 4182 venerandus
1705 4122 1891 4178 codex

2065 3250 2187 3302 203.
2216 3244 2447 3301 Notavit
2476 3242 2844 3300 Castellanus
2868 3242 2924 3297 in
2953 3245 3120 3299 textu
3144 3243 3644 3318 Usuardino,Pra-

1993 3333 2149 3390 tensi
2184 3332 2338 3388 diem
2375 3332 2577 3388 SJunii
2621 3331 2803 3387 fuisse
2845 3330 3262 3401 transcriptum
3308 3333 3641 3407 (redeecrit)

1992 3423 2061 3480 ia
2089 3421 2319 3493 adjecto
2336 3420 2580 3493 foliolo,
2613 3419 2954 3491 incipiendo
2982 3432 3022 3475 a
3046 3420 3385 3492 Boni/acia,
3398 3425 3645 3493 prater-

1992 3511 2198 3568 missis
2230 3508 2604 3581 martyribus
2640 3508 2968 3579 Egyptiis.
3009 3507 3221 3573 Quaero
3255 3524 3325 3566 an
3367 3510 3644 3582 primaria

1996 3613 2188 3669 manu,
2215 3613 2285 3653 an
2318 3596 2695 3653 secundaria?
2715 3595 2770 3650 Si
2797 3595 3068 3666 primum,
3097 3596 3309 3651 militat
3341 3612 3645 3667 argumen-

1997 3690 2150 3751 tum;
2178 3684 2222 3740 si
2249 3683 2708 3753 secundum,non
2734 3683 2919 3737 minus
2941 3682 3326 3752 premit.Nam
3351 3684 3442 3739 hic
3466 3687 3641 3742 etiam

1995 3788 2126 3830 cum
2148 3771 2411 3827 Pratensi
2434 3770 2788 3827 conveniunt
2823 3769 3093 3839 perpetui
3129 3770 3307 3825 ferme
3329 3770 3454 3839 ejus
3477 3774 3639 3845 socii,

1999 3857 2446 3929 Antuerpiensis
2480 3856 2679 3927 major,
2712 3855 3136 3925 Roswcydinus
3187 3860 3244 3910 et
3289 3858 3643 3926 Aquicincti-

1998 3963 2125 4018 nus,
2151 3946 2280 4002 aliis
2301 3945 2569 4002 omnibus
2592 3942 2761 4015 plane
2787 3943 3279 4015 discrepantibus.
3297 3946 3525 4003 Rursus
3549 3963 3643 4004 co-

1999 4035 2161 4092 dices
2183 4048 2402 4104 omnes,
2429 4036 2678 4104 excepto
2706 4031 2972 4088 Pratensi
2996 4036 3056 4087 et
3078 4032 3255 4089 sociis
3285 4032 3399 4089 illis
3426 4034 3639 4108 tribus,

1998 4122 2199 4193 legunt
2222 4138 2339 4179 xvu
2356 4120 2508 4179 Junii
2543 4121 2597 4176 in
2622 4119 2811 4176 medio
2838 4122 3003 4181 textu
3030 4138 3041 4173 :
3069 4119 3294 4177 Eodem
3321 4121 3420 4179 die
3446 4125 3644 4183 sancti

2013 4211 2285 4269 Valmami
2302 4207 3084 4283 eoafessoris,admiranda,
3111 4211 3248 4279 etc.,
3276 4208 3373 4265 alii
3398 4210 3494 4267 isti
3522 4216 3645 4268 tres

213 4212 291 4268 ab
322 4211 494 4269 omni
528 4226 771 4284 prorsus
805 4212 1227 4285 suppositionis
1274 4211 1367 4270 vel
1418 4212 1649 4268 minima
1701 4210 1891 4283 suspi-

212 4298 401 4357 cione
436 4299 744 4356 liberetur.
780 4302 854 4357 At
884 4302 1056 4372 enim,
1092 4301 1191 4358 ubi
1220 4301 1373 4357 nuda
1404 4300 1624 4357 veritas
1650 4297 1892 4371 inquiri-
2001 4315 2133 4357 cum
2163 4297 2454 4367 Pratensi,
2488 4297 2619 4367 ipso
2651 4295 2750 4351 illo
2784 4294 2875 4351 die
2907 4299 2965 4351 et
3014 4294 3142 4353 loco
3172 4302 3350 4368 agunt
3382 4299 3453 4355 de
3486 4298 3643 4359 Gem-

220 4392 349 4459 tur,
380 4386 555 4443 nefas
587 4392 675 4444 est
709 4388 1023 4460 quidquam
1054 4388 1452 4454 dissimulare;
1479 4391 1681 4460 aperte
1702 4386 1891 4444 omnia
2001 4386 2171 4459 daifo
2200 4383 2878 4444 Bitwieeasi.Recurrit
2902 4383 3085 4454 major
3105 4386 3369 4441 confusio
3394 4386 3461 4442 ad
3489 4387 3641 4443 diem

217 4474 506 4548 eloquor.
543 4474 605 4531 Id
632 4477 891 4547 scrupuli
924 4481 1203 4548 remanet,
1240 4477 1394 4547 quod
1424 4475 1559 4530 mihi
1606 4475 1891 4532 hactenus
1919 4468 1972 4528 D
2003 4490 2075 4531 xx
2102 4472 2259 4543 Julii,
2293 4472 2364 4528 ad
2399 4486 2567 4543 quem
2607 4470 2996 4543 interpolator
3045 4471 3256 4541 aliquis
3306 4472 3641 4531 Vulmarum

216 4562 503 4619 eximere
552 4561 999 4634 haudquaquam
1053 4564 1236 4635 potui.
1290 4564 1504 4619 Demus
1562 4561 1891 4617 additiones
2000 4560 2327 4630 transtulit,
2361 4562 2653 4631 expuncto
2700 4558 2820 4615 illic
2858 4559 3072 4627 Paulo,
3102 4559 3372 4631 martyre
3422 4560 3641 4618 Cordu-

217 4650 466 4723 plures,
495 4651 873 4722 mutationes,
901 4650 1408 4723 interpolationes,
1425 4649 1893 4722 superinduetio-
2003 4649 2185 4719 bertsi,
2212 4662 2381 4720 quem
2404 4646 2501 4703 alii
2526 4646 2761 4703 codices
2784 4660 2966 4717 prope
2986 4660 3188 4702 omnes
3206 4653 3547 4704 constanter
3568 4647 3641 4703 si-

213 4752 348 4811 nes,
392 4740 914 4812 tranSpositiones,
948 4740 1022 4797 ab
1055 4739 1181 4812 ipso
1231 4744 1469 4798 auctore
1518 4739 1731 4805 factas;
1762 4751 1894 4793 nec-
1999 4742 2199 4809 guant.
2232 4737 2366 4793 Haec
2396 4739 2456 4791 et
2487 4735 2544 4790 id
2574 4747 2759 4804 genus
2793 4732 2925 4804 alia,
2957 4734 3029 4789 ab
3078 4733 3330 4805 ipsomet
3377 4734 3639 4792 Usuardo

214 4823 366 4882 dum
406 4826 687 4897 perspexi
719 4841 830 4898 qua
858 4827 1004 4884 satis
1033 4826 1260 4884 ratione
1291 4826 1594 4883 solvantur
1624 4822 1894 4880 variatio-
2001 4827 2225 4881 mutata
2258 4824 2437 4880 fuisse
2464 4820 2601 4877 mibi
2632 4819 2862 4892 quidem
2904 4836 3015 4877 non
3064 4822 3210 4878 satis
3241 4822 3301 4877 fit
3333 4819 3636 4891 credibile,

210 4927 325 4971 nes
360 4911 514 4984 illae,
549 4914 731 4985 prima
782 4916 907 4987 ipsa
956 4929 1129 4972 manu
1178 4916 1232 4970 in
1284 4915 1407 4986 ipso
1457 4917 1626 4970 textu
1673 4911 1893 4969 codicis
2002 4917 2066 4969 ut
2101 4912 2310 4968 diebus
2339 4910 2479 4981 illis,
2514 4908 2780 4982 pluribus
2828 4909 3093 4966 ostendo.
3132 4910 3405 4980 Sequitur
3449 4910 3638 4967 denuo

208 5000 546 5060 Pratensis
576 5016 891 5075 expressae,
929 5018 1057 5075 quae
1105 5003 1161 5058 in
1209 5001 1387 5060 nullis
1418 5007 1516 5059 aut
1548 5001 1734 5060 solum
1764 5014 1894 5074 per-

207 5089 444 5164 paucis
477 5089 799 5162 codicibus,
837 5095 960 5149 tum
992 5090 1255 5165 scriptis,
1289 5094 1415 5147 tum
1447 5090 1769 5162 impressis,
1805 5104 1893 5145 re-

207 5179 575 5250 periuntur.
608 5177 753 5234 Hinc
776 5178 928 5235 enim
958 5179 1024 5236 fit
1052 5178 1392 5250 verisimile,
1420 5178 1574 5250 quod
1604 5193 1780 5251 supra
1813 5178 1893 5233 in-

206 5267 1062 5339 nuebam,argumentum,aut
1083 5270 1423 5326 Pratensem
1437 5266 1698 5323 codicem
1723 5265 1893 5338 plane

204 5352 676 5425 antographum
708 5367 820 5410 non
843 5367 990 5426 esse,
1015 5368 1123 5412 nec
1146 5356 1390 5426 proinde
1420 5352 1671 5412 Usuardi
1703 5353 1891 5424 ipsius

201 5441 738 5514 manuscriptum;
772 5445 871 5500 aut
907 5442 1235 5499 Usuardum
1278 5443 1464 5513 ipsum
1512 5442 1680 5513 plura
1731 5443 1893 5497 auto-

196 5532 465 5608 grapha
497 5530 833 5606 scripsisse,
870 5545 1116 5606 quorum
1152 5528 1263 5587 alia
1313 5529 1387 5589 ab
1436 5528 1566 5588 aliis
1594 5527 1893 5602 descripta

2004 4999 2313 5072 primarios
2350 5002 2587 5056 nostros
2618 5000 2676 5053 et
2709 4997 2976 5069 puriores
3023 4998 3275 5067 codices,
3310 5012 3382 5053 ex
3426 4997 3639 5068 quibus

2003 5086 2250 5145 Usuardi
2297 5089 2497 5144 textus
2534 5086 2760 5143 desumi
2811 5085 3034 5156 debuit,
3070 5084 3303 5141 aliunde
3352 5099 3522 5156 quam
3567 5101 3639 5143 ex

2001 5175 2270 5233 Pratensi
2303 5174 2502 5231 codice
2535 5175 2715 5231 fuisse
2739 5175 3084 5246 descriptos.
3114 5173 3221 5240 Qui
3245 5173 3371 5230 dies
3393 5178 3640 5232 caeteros

2003 5261 2095 5319 hic
2119 5262 2448 5333 assignatos
2472 5262 2733 5333 aliosque
2759 5262 2955 5334 plures
2972 5260 3354 5334 consuluerit,
3379 5262 3639 5321 eamdem

2003 5351 2187 5424 ipsam
2217 5350 2652 5408 conclusionem
2686 5350 2855 5406 facile
2887 5348 3104 5405 eliciet.

2072 5443 2195 5497 204.
2228 5440 2397 5496 Hisce
2428 5443 2526 5495 aut
2557 5437 2991 5509 componendis,
3027 5441 3125 5495 aut
3156 5441 3475 5516 utcunque
3529 5440 3641 5498 sal-

2001 5528 2229 5601 vandis,
2260 5526 2464 5588 modos
2494 5525 2863 5599 potissimum
2910 5527 3057 5585 duos
3099 5529 3420 5602 excogitari
3468 5541 3642 5600 posse
