3974 6150
435 270 539 321 559

430 388 619 444 video.
646 385 922 456 Primum,
939 383 988 440 si
1010 381 1386 452 concedatur,
1412 385 1710 438 auctorem
1732 378 2068 450 Martyrolo—
2097 381 2152 440 A

426 475 505 544 gii
536 472 885 542 Usuardum,
927 485 1075 542 opus
1115 484 1282 526 suum
1323 467 1505 526 semel
1545 471 1719 538 atque
1757 469 1969 524 iterum
2009 472 2068 523 et

427 564 578 620 forte
609 561 790 618 tertio
821 557 1265 630 transcripsisse
1305 561 1407 614 aut
1446 555 1764 612 transcribi
1793 553 2065 627 |curasse,

427 651 513 708 sic
553 654 617 707 ut
657 647 944 719 ecgrapha
993 645 1090 702 illa
1140 644 1473 702 successive
1523 643 1841 714 descripta,
1896 645 2070 713 prout

430 740 581 794 forte
613 735 953 807 imperatori
975 739 1074 791 aut
1099 733 1230 790 aliis
1245 732 1439 789 offerri
1457 731 1770 800 debebant,
1786 730 1921 786 hinc
1935 729 2069 784 inde

431 829 634 896 postea
658 824 714 878 in
739 821 1034 878 nonnullis
1057 821 1128 877 ab
1151 824 1393 877 auctore
1416 819 1544 890 ipso
1565 821 1852 887 correcta,
1870 816 2067 872 limata

427 916 530 969 aut
561 915 785 968 mutata
817 909 1053 979 fuerint,
1087 907 1526 977 accedentibus,
1563 910 1627 962 ut
1662 905 1745 975 fit,
1777 905 1944 962 novis
1975 919 2072 960 no-

430 999 600 1068 titiis,
633 1012 737 1055 seu
767 997 922 1054 veris
951 1010 1056 1052 seu
1097 994 1280 1052 falsis.
1319 995 1504 1051 Porro
1543 1009 1618 1048 ex
1659 992 1912 1049 diversis
1952 991 2072 1049 illis

433 1085 855 1157 transsumptis
884 1089 1126 1155 accepta
1158 1083 1374 1140 fuerint
1407 1081 1740 1154 apographa
1781 1079 1899 1152 illa,
1944 1094 2072 1150 qua}

430 1189 561 1231 eum
605 1173 969 1244 autographo
1009 1173 1066 1227 in
1116 1171 1305 1228 sancti
1355 1169 1622 1227 Germani
1674 1167 1904 1238 relicto,
1961 1181 2072 1224 non

431 1274 850 1333 usquequaque
882 1258 1260 1316 concordant.
1296 1259 1416 1314 Hoc
1453 1272 1592 1314 vero
1631 1257 1710 1313 ibi
1751 1258 2070 1326 servatum,

431 1351 611 1406 toties
630 1347 880 1405 subinde
899 1346 1176 1417 deletum,
1199 1359 1453 1415 erasum,
1471 1343 1976 1416 superinductum,
1993 1343 2075 1398 in-

430 1437 784 1508 terpolatum
817 1438 875 1489 et
911 1435 1286 1505 deturpatum
1317 1433 1416 1502 sit,
1459 1436 1524 1488 ut
1565 1431 1796 1488 Mabilio
1839 1431 1964 1502 ipse
2003 1430 2074 1485 de

429 1539 562 1580 vera
591 1523 720 1593 ejus
743 1522 1044 1579 authentia
1069 1520 1448 1578 dubitaverit.
1477 1520 1648 1574 Certe
1675 1518 1918 1590 aliquid,
1949 1531 2072 1572 mea

433 1613 664 1682 quidem
693 1611 1010 1682 sententia,
1049 1609 1306 1665 defuisse
1340 1607 1636 1664 fatendum
1659 1611 1773 1677 est,
1795 1621 1926 1663 cum
1945 1621 2076 1662 eru-

1388 257 1759 314 USUARDUS
1794 255 2178 314 MONACHUS
2215 256 2858 316 SANGERMANENSIS.

3655 267 3726 318 560

2170 394 2316 436 .num
2346 385 2451 439 869
2482 386 2540 438 et
2570 387 2708 449 877;
2740 383 2855 438 imo
2887 379 3310 437 admittendum
3347 378 3463 435 erit
3509 381 3728 454 scriptum,

2179 467 2272 524 vel
2299 468 2502 524 saltem
2534 467 2890 541 completum
2922 468 3105 524 fuisse
3135 471 3268 539 post
3298 481 3513 524 annum
3537 471 3630 540 875,
3655 485 3730 541 quo

2179 555 2427 626 primum
2450 556 2658 614 Calvus
2679 556 2999 628 imperator
3018 559 3254 612 creatus
3280 559 3392 625 est,
3409 555 3633 626 adeoque
3648 573 3734 628 pro-

2182 642 2536 700 babilissime
2567 659 2715 700 anno
2747 644 3006 715 proxime
3037 642 3310 712 sequenti
3344 643 3737 702 876.1nsistendo

2179 728 2502 786 Mabilionis
2580 731 2954 801 conjecturae,
3025 743 3392 800 consequens
3459 729 3610 784 etiam
3663 732 3738 786 erit

2180 817 2398 874 obiisse
2425 818 2749 876 Usuardum
2782 822 2916 874 ante
2953 817 3208 887 Calvum,
3237 833 3368 874 cum
3391 817 3482 872 hic
3505 815 3604 872 alia
3625 832 3740 875 manu

2180 905 2526 975 Necrologio
2548 905 2866 977 inscriptus
2888 905 2985 970 sit,
3015 905 3400 976 proindeque,
3427 908 3487 960 ut
3513 919 3741 976 summum,

2181 992 2254 1048 ad
2283 993 2510 1050 initium
2532 994 2665 1050 anni
2695 999 2799 1051 877
2831 993 3249 1066 supervixisse,
3276 1007 3390 1048 uno
3421 991 3638 1050 circiter
3659 999 3744 1064 post

2183 1079 2512 1138 absolutum
2543 1086 2604 1138 et
2631 1081 2891 1138 oblatum
2924 1080 3132 1138 Carolo
3169 1081 3510 1152 imperatori
3552 1081 3748 1150 Martyro-

2184 1167 2397 1237 logium
2429 1183 2618 1225 suum.
2641 1169 2784 1236 Quis
2808 1169 2924 1240 jam
2947 1168 3148 1226 credat
3181 1167 3355 1224 unius
3382 1172 3486 1224 aut
3516 1167 3661 1238 paulo
3677 1183 3752 1224 am-

2185 1254 2340 1326 plius
2367 1257 2496 1311 anni
2545 1256 2874 1326 intervallo,
2911 1260 3026 1313 tam
3076 1255 3255 1312 multa
3306 1255 3576 1312 Usuardo
3615 1270 3754 1312 occur-

2185 1343 2489 1414 risse,qua3
2507 1343 2562 1398 in
2587 1343 2998 1414 Martyrologio
3017 1343 3253 1400 vixdum
3273 1343 3756 1414 imperatori,atque

2184 1429 2330 1488 adeo
2360 1431 2628 1488 ccclesiis
2671 1431 2983 1488 Gallicanis
3033 1431 3478 1502 communicato,
3513 1431 3757 1500 eradenda,

2187 1519 2479 1588 mutanda,
2517 1520 2906 1590 obliteranda,
2932 1520 3388 1592 transponenda,
3421 1519 3761 1591 interpolanda

2187 1605 2440 1661 fuerint?
2472 1607 2589 1663 lino
2624 1607 2754 1678 quis
2793 1607 3076 1679 suspicari
3122 1607 3274 1663 ausit
3308 1607 3363 1663 id
3413 1606 3664 1664 Usuardo
3698 1611 3765 1662 aut

429 1701 535 1755 diti
562 1699 646 1754 illi
673 1698 803 1768 viri,
829 1703 915 1753 tot
939 1697 1311 1766 antiquorum
1337 1694 1868 1763 manuscriptorum
1890 1693 2076 1749 edito-
2107 1719 2160 1778 Β
2192 1693 2276 1749 fas
2306 1698 2404 1750 aut
2435 1693 2725 1762 integrum
2773 1695 2973 1766 fuisse,
3006 1699 3313 1766 postquam
3357 1693 3766 1766 Martyrologium

430 1801 546 1857 res,
579 1787 651 1842 ab
685 1785 796 1841 hoc
820 1783 1260 1856 promulgando,
1289 1781 1662 1852 quantumvis
1689 1794 1844 1852 saepe
1869 1795 2076 1851 provo-

427 1875 565 1940 cati,
600 1873 803 1929 tandiu
833 1870 1228 1928 abstinuerint
1265 1889 1278 1924 :
1313 1867 1739 1940 proculdubio,
1767 1866 2074 1924 liturarum

427 1966 487 2017 et
517 1961 902 2017 mutationum
937 1956 1455 2014 intercurrentium
1480 1954 1861 2012 multitudine
1885 1955 2077 2009 deter-

429 2049 548 2105 riti.
586 2047 696 2104 Sed
739 2046 1024 2118 quidquid
1062 2061 1092 2102 a
1132 2043 1426 2114 vulgando
1466 2041 1731 2099 Usuardo
1773 2057 1878 2099 suo
1918 2041 2077 2118 ipsos

430 2135 711 2192 remorari
747 2134 1028 2206 potuerit,
1062 2134 1154 2188 via
1185 2131 1280 2189 hic
1310 2131 1624 2202 assignata,
1657 2129 1732 2186 ad
1773 2128 2077 2186 elidendas

430 2228 490 2280 et
525 2223 910 2292 aliquousque
940 2219 1336 2292 explanandas
1373 2218 1638 2288 objectas
1678 2215 2074 2286 difﬁcultates,

427 2310 564 2365 mihi
597 2323 829 2379 semper
850 2305 1311 2376 verosimillima,
1336 2305 1586 2377 aliisque
1610 2303 1880 2362 omnibus
1904 2317 2078 2376 expe-

431 2397 611 2452 ditior
640 2397 764 2451 visa
797 2401 906 2450 est.

501 2489 622 2540 20:5.
658 2482 844 2538 Aliam
877 2480 1276 2551 nihilominus,
1311 2493 1417 2536 seu
1447 2479 1679 2536 modum
1725 2477 1902 2536 alium
1943 2492 2076 2548 sug-

425 2587 587 2642 gero,
607 2570 867 2642 praefatis
887 2569 1322 2639 objectionibus
1347 2581 1478 2623 sese
1501 2565 1830 2623 cxtricandi
1856 2585 1870 2634 ;
1897 2580 2076 2637 quan-

431 2675 599 2730 quam
632 2673 745 2715 non
778 2663 938 2714 tanta
970 2655 1388 2729 probabilitate
1419 2654 1708 2712 subsistat
1745 2674 1757 2709 :
1786 2655 1835 2711 si
1868 2668 2072 2725 nempe

427 2747 718 2818 tantisper
749 2749 1116 2817 supponatur
1135 2743 1356 2816 primos
1379 2742 1538 2814 ipsos
1561 2741 1873 2798 Usuardini
1908 2747 2074 2798 auto-

425 2835 628 2908 graphi
661 2833 1078 2905 descriptores,
1114 2836 1214 2888 aut
1244 2845 1348 2902 per
1395 2829 1765 2886 oscitantiam
1805 2829 2070 2886 omisisse

432 2923 646 2995 aliqua,
683 2927 784 2978 aut
807 2921 1046 2993 proprio
1077 2918 1326 2976 arbitrio
1356 2917 1727 2989 decerpsisse
1761 2931 1888 2987 quae
1928 2916 2074 2974 arri-

427 3011 654 3080 derent,
687 3009 1006 3080 eademque
1046 3007 1420 3076 auctoritate,
1457 3020 1584 3076 qua:
1615 3019 1726 3060 non
1769 3003 2070 3075 placerent

425 3098 806 3169 praeteriisse.
839 3095 902 3150 Id
935 3093 1205 3165 equidem
1239 3093 1386 3149 satis
1419 3091 1816 3162 plausibiliter
1839 3092 2070 3162 cxcogi,

427 3185 540 3240 tari
586 3198 754 3256 posse
803 3197 916 3238 non
958 3179 1223 3236 inficior:
1277 3193 1478 3235 verum
1519 3193 1591 3234 an
1634 3178 1836 3234 harum
1882 3193 2074 3234 rerum

431 3271 626 3343 periti,
663 3270 720 3326 id
752 3269 863 3326 sibi
898 3267 1239 3340 persuaderi
1267 3265 1612 3338 patientur?
1643 3267 1727 3320 An
1751 3263 1994 3322 credent
2015 3265 2074 3321 id

426 3365 544 3416 tam
578 3359 747 3415 facile
789 3357 1131 3425 contingere
1173 3359 1272 3411 aut
1309 3353 1596 3424 potuisse,
1638 3357 1738 3410 aut
1777 3352 1983 3408 saltem
2017 3352 2078 3408 li-

428 3447 644 3516 cuisse,
687 3446 744 3499 in
775 3459 844 3501 eo
878 3443 1239 3516 potissimum
1263 3440 1692 3511 Martyrologio,
1717 3441 1870 3510 quod
1895 3441 2076 3498 Caesa-

431 3549 552 3604 rea,
579 3537 640 3589 ut
667 3532 744 3587 ita
771 3531 978 3600 dicam,
1015 3528 1391 3598 auctoritate,
1417 3528 1487 3583 ad
1519 3541 1878 3584 communem
1906 3527 2076 3583 Galli-

425 3617 1102 3678 canarumEcclesiarum
1131 3631 1294 3674 usum
1314 3615 1725 3673 destinabatur
1745 3615 1768 3669 ?
1791 3614 2002 3686 quibus
2017 3615 2074 3671 id

427 3707 660 3780 quidem
712 3721 1053 3764 concessum
1103 3705 1272 3761 fateri
1335 3718 1660 3776 possumus,
1725 3705 1788 3759 ut
1839 3702 2073 3774 propria

427 3797 692 3854 ecclesiae
716 3811 835 3853 suae
861 3797 1004 3853 festa
1021 3793 1376 3864 adjicerent;
1405 3795 1650 3848 Sanctos
1662 3795 1855 3848 autem
1878 3793 2076 3847 extru-

431 3887 594 3955 dere,
640 3889 740 3941 aut
771 3881 1351 3941 commemorationes
1390 3885 1658 3947 mutare;
1695 3879 1751 3935 id
1792 3893 1931 3936 vero
1961 3883 2070 3950 est,

431 3971 585 4041 quod
619 3973 727 4026 sub
752 3971 892 4040 ipsis
925 3968 1226 4039 principiis
1253 3965 1592 4035 toleratum,
1627 3965 2074 4036 haudquaquam

431 4057 846 4112 existimamus.
893 4057 1025 4112 llaec
1058 4056 1180 4108 fere
1212 4057 1368 4122 sunt,
1395 4068 1524 4123 quae
1549 4068 1654 4124 pro
1683 4054 2073 4124 suspectanda

430 4142 521 4198 vel
567 4143 983 4212 propugnanda
1023 4141 1356 4212 tucndaquc
1397 4139 1696 4196 Pratensis
1725 4139 1942 4198 codicis
1982 4157 2076 4198 ve-

431 4235 654 4287 tustate
696 4229 942 4286 candide
981 4229 1335 4300 censuimus,
1379 4227 1488 4284 hoc
1531 4227 1700 4284 unice
1745 4231 2074 4298 quaerentes

430 4323 492 4372 ut
527 4318 579 4374 ei
625 4323 782 4374 sarta
834 4321 987 4374 tecta
1041 4321 1266 4373 maneat
1312 4316 1406 4372 vel
1449 4316 1571 4388 ipsa
1612 4315 1858 4373 Usuardi
1907 4320 2070 4387 aetas,

429 4405 894 4476 admittaturque
941 4404 1338 4462 corrcctiones
1397 4418 1618 4474 omnes,
1671 4402 2150 4476 interpolatio-D

427 4507 550 4564 nes,
585 4497 722 4564 etc.,
759 4493 815 4548 in
841 4493 1051 4564 quibus
1080 4491 1280 4548 eadem
1313 4507 1517 4549 manus
1547 4495 1810 4564 apparet,
1839 4493 1912 4548 ab
1943 4491 2068 4564 ipso

429 4581 694 4638 Usuardo
721 4581 903 4636 factas
935 4581 1110 4636 fuisse
1141 4597 1154 4644 ;
1187 4593 1533 4650 quamquam
1569 4578 1626 4634 id
1646 4579 1875 4636 creditu
1907 4579 2068 4635 diffii-

421 4669 722 4739 eillimum,
751 4674 989 4740 propter
1012 4666 1170 4724 aliud
1194 4681 1424 4738 quoque
1457 4671 1884 4738 argumentum,
1913 4667 2065 4738 quod

423 4757 514 4812 hic
557 4755 822 4826 subjicio.

2101 3057 2150 3118 C

494 4850 618 4901 “206.
654 4843 762 4911 Qui
787 4843 1114 4900 Usuardum
1140 4841 1364 4912 pridem
1397 4841 1468 4898 ad
1499 4840 1688 4898 Caroli
1719 4841 1902 4912 Magni
1924 4845 2068 4898 tem-

334 4960 337 4962 -
425 4948 561 5001 pora
595 4931 945 5000 rcjecerunt,
979 4943 1044 4984 ea
1080 4928 1236 4984 ducti
1271 4931 1410 4986 sunt
1457 4928 1704 4998 ratione,
1739 4929 1890 4998 quod
1921 4928 2066 5000 ejus-

421 5019 893 5092 Martyrologium
939 5015 1144 5072 Carolo
1199 5017 1462 5085 Augusto
1503 5013 1833 5072 dedicatum
1869 5021 2060 5084 esset;

423 5110 514 5158 ast
545 5107 638 5161 alii
683 5107 982 5164 nobiscum
1027 5108 1188 5160 recte
1230 5106 1616 5174 reposuerunt
1659 5105 2060 5175 probationem

422 5189 635 5246 nullam
665 5207 812 5264 esse,
845 5207 976 5252 eum
1008 5195 1066 5249 et
1100 5189 1338 5247 Carolus
1369 5187 1578 5248 Calvus
1607 5193 1923 5264 Augustus,
1959 5207 2060 5250 seu

420 5275 736 5348 imperator
776 5282 973 5351 fuerit,
1017 5283 1194 5351 atque
1233 5277 1367 5336 huic
1409 5283 1470 5336 ut
1515 5277 1854 5351 imperatori
1903 5279 2062 5338 obla-

419 5369 562 5419 tum.
599 5367 780 5436 Supra
817 5373 1010 5425 autem
1041 5384 1115 5424 ex
1147 5366 1472 5424 Mabilionis
1511 5367 1850 5438 conjectura
1883 5368 2060 5425 admi-

415 5449 602 5508 simus
649 5451 928 5523 scriptum
982 5455 1158 5514 fuisse
1219 5453 1692 5534 Martyrologium
1751 5453 1905 5516 inter
1963 5471 2058 5514 an-

2189 1781 2260 1836 ab
2293 1780 2646 1851 imperatore
2676 1785 2733 1838 et
2781 1781 3048 1838 ecclesiis
3091 1785 3247 1838 esset
3297 1781 3648 1838 admissum?
3669 1781 3768 1836 Rur-

2187 1883 2311 1937 sus,
2347 1869 2480 1938 quis
2511 1871 2758 1926 suadeat
2788 1869 2966 1925 toties
2997 1884 3370 1926 recursurum
3401 1870 3656 1926 eamdem
3692 1883 3768 1924 ma-

2185 1969 2342 2026 num,
2378 1955 2708 2027 addentem,
2745 1957 3170 2027 detrahentem,
3202 1960 3339 2026 etc.,
3371 1961 3430 2012 et
3471 1961 3658 2014 tamen
3691 1961 3769 2012 tam

2188 2057 2344 2114 saepe
2376 2057 2661 2115 apparere
2693 2047 3084 2100 atramentum
3115 2042 3293 2114 aliud,
3328 2043 3420 2100 vel
3449 2043 3660 2100 indicia
3681 2043 3770 2111 alia,

2187 2143 2318 2200 quae
2347 2130 2493 2186 satis
2525 2130 2870 2186 convincant
2904 2129 3120 2186 multos
3165 2145 3347 2187 annos
3397 2130 3669 2188 faciendis
3689 2145 3774 2188 cor-

2189 2217 2548 2274 rectionibus
2577 2222 2740 2274 certo
2772 2217 3209 2292 intercurrisse.
3309 2221 3314 2226 ’

2257 2309 2379 2360 207.
2401 2303 2570 2362 Aliud
2592 2307 2704 2376 est,
2723 2306 2876 2377 quod
2899 2306 3120 2364 codicis
3142 2306 3445 2362 Pratensis
3465 2305 3776 2362 authentiam

2185 2405 2288 2448 seu
2323 2393 2765 2464 autographiam
2795 2393 3076 2450 incertam
3108 2394 3324 2464 reddit,
3349 2393 3482 2450 inde
3513 2393 3776 2450 deductum

2187 2480 2342 2550 quod
2377 2481 2558 2552 prima
2582 2482 2708 2552 ipsa
2733 2482 3044 2552 scriptoris
3066 2497 3272 2538 manus
3293 2485 3570 2538 constare
3595 2481 3780 2538 omnino

2185 2577 2457 2638 nequeat.
2511 2569 2566 2623 Si
2613 2569 2765 2624 enim
2817 2568 2939 2626 sola
2993 2569 3123 2640 ista,
3175 2584 3304 2640 quae
3360 2570 3547 2641 ipsum
3603 2573 3780 2626 textum

2183 2655 2476 2727 exprimit,
2494 2655 2853 2727 autographa
2883 2659 2940 2711 et
2963 2657 3288 2713 Usuardina
3313 2671 3520 2713 manus
3537 2661 3648 2727 est,
3676 2669 3784 2728 qua-

2184 2757 2433 2814 cumque
2465 2757 2634 2800 manu
2668 2743 2779 2800 alia
2812 2746 2870 2800 et
2903 2744 3216 2801 recentiori
3247 2745 3319 2802 ad
3352 2745 3666 2815 marginem
3696 2743 3781 2800 sive

2181 2829 2252 2886 ad
2284 2829 2499 2887 calcem
2538 2831 2920 2902 adjiciuntur,
2955 2833 3217 2888 Usuardo
3247 2831 3629 2903 adjudicanda
3660 2831 3780 2888 sunt.

2181 2919 2354 2988 Atqui
2387 2934 2496 2975 non
2530 2935 2663 2976 raro
2700 2920 2982 2991 occurrit,
3015 2923 3078 2976 ut
3119 2919 3330 2977 similia
3375 2920 3782 2990 adjectamenta,

2181 3005 2237 3060 in
2269 3007 2536 3064 omnibus
2587 3007 2720 3064 aliis
2763 3008 3066 3065 codicibus
3105 3009 3344 3080 proprio
3389 3008 3520 3066 loco
3567 3010 3782 3080 reperta,

2185 3099 2348 3149 certo
2379 3093 2780 3151 demonstrent
2827 3094 2922 3152 ilia
2977 3096 3100 3167 ipsa
3147 3096 3452 3152 verissime
3502 3095 3786 3153 Usuardina

2183 3195 2344 3246 esse;
2375 3181 2510 3237 hinc
2542 3181 2742 3252 itaque
2789 3183 3191 3255 consequitur,
3225 3183 3437 3254 omnia,
3473 3199 3600 3254 quae
3647 3183 3704 3238 in
3741 3195 3788 3237 eo

2181 3268 2384 3326 codice
2412 3269 2815 3341 continentur,
2841 3272 3022 3343 prima
3056 3272 3178 3344 ipsa
3209 3272 3459 3329 Usuardi
3483 3288 3648 3329 manu
3678 3271 3790 3329 scri-

2186 3359 2283 3428 pta
2316 3371 2430 3412 non
2463 3371 2616 3427 esse,
2651 3357 2742 3413 vel
2793 3358 2984 3430 ipsum
3015 3359 3248 3416 diverso
3278 3360 3620 3416 charactere
3651 3373 3786 3418 usum

2186 3444 2388 3514 fuisse,
2407 3459 2651 3514 quorum
2676 3444 3026 3502 alterutrum
3043 3461 3156 3503 non
3180 3447 3347 3505 facile
3371 3448 3636 3517 digerent
3659 3452 3790 3504 auto-

2183 3530 2387 3604 graphi
2421 3531 2596 3603 illius,
2626 3547 2730 3590 seu
2756 3534 2877 3588 veri
2902 3549 3004 3590 seu
3027 3535 3306 3606 praetensi
3329 3540 3786 3608 propugnatores.

2183 3621 2342 3675 Inter
2372 3621 2529 3676 varia
2553 3619 2842 3692 exempla,
2872 3620 3014 3678 illud
3045 3622 3100 3677 in
3126 3629 3533 3694 argumentum
3565 3637 3788 3689 assumo,

2185 3707 2338 3778 quod
2372 3708 2540 3764 nobis
2560 3708 2728 3764 offert
2757 3709 2972 3765 mensis
3002 3711 3344 3766 Novembris
3375 3711 3502 3768 dies
3523 3727 3598 3767 vn
3619 3712 3672 3766 in
3698 3709 3791 3766 clo-

2181 3796 2276 3866 gio
2299 3797 2608 3854 Herculani
2632 3798 2898 3854 Perusini
2921 3799 3181 3870 episcopi
3211 3819 3224 3854 :
3254 3800 3447 3873 Cujus
3469 3797 3796 3874 σοφωρωι

2183 3884 2571 3943 abscisioaem
2590 3886 2829 3958 capitis,
2847 3887 3362 3958 etc.,desumptum
3387 3902 3459 3944 ex
3481 3889 3656 3958 Magni
3676 3888 3794 3942 Gre-

2181 3971 2330 4043 gorii
2361 3971 2727 4044 Dialogorum
2756 3973 2856 4030 lib.
2888 3989 2969 4043 m,
2999 3989 3125 4047 cap.
3159 3979 3244 4032 13.
3278 3976 3402 4032 Hoc
3432 3982 3622 4034 autem
3649 3987 3795 4046 repe-

2184 4059 2334 4117 ritur
2365 4059 2422 4116 in
2453 4061 2886 4132 exemplaribus
2907 4063 3195 4132 omnibus,
3221 4077 3325 4120 seu
3357 4063 3578 4135 primae,
3603 4076 3795 4120 sense

2183 4147 2410 4218 cundaa,
2445 4162 2549 4205 seu
2579 4164 2978 4222 cujuscunque
3019 4156 3195 4220 nota},
3227 4150 3348 4207 sive
3381 4148 3792 4222 manuscriptis,

2183 4235 2304 4292 sive
2347 4235 2505 4307 typis
2553 4235 2750 4308 editis,
2785 4237 2833 4294 si
2864 4239 3278 4295 Tornacensem
3309 4242 3368 4295 et
3401 4238 3793 4296 Pulsanensem

2181 4322 2461 4394 excipias,
2488 4323 2700 4395 quibus
2733 4325 3245 4383 familiarissimum
3275 4330 3366 4383 est
3391 4326 3596 4384 similia
3625 4323 3793 4394 elogia

2181 4415 2282 4466 aut
2311 4411 2640 4483 decurtare,
2674 4417 2771 4470 aut
2805 4428 3052 4484 prorsus
3074 4413 3426 4471 rescindere.
3456 4417 3529 4470 At
3551 4427 3680 4470 vero
3697 4411 3793 4468 hoc

2177 4496 2363 4568 ipsum
2394 4496 2645 4568 elogium
2677 4499 2864 4557 codici
2895 4500 3159 4557 Pratensi
3200 4499 3272 4556 ad
3315 4501 3625 4571 marginem
3655 4496 3792 4566 adje-

2174 4589 2334 4642 ctum
2349 4590 2532 4656 est,ac
2555 4591 2707 4644 teste
2724 4587 3055 4644 Castellano
3069 4586 3133 4652 (ἀ
3146 4588 3207 4646 la
3224 4601 3436 4662 margo
3452 4589 3514 4647 at
3529 4602 3598 4646 ea
3614 4584 3794 4644 lettres

2172 4676 2364 4732 main:
2391 4676 2706 4734 ancieaaes
2751 4689 2868 4747 gae
2898 4677 2950 4732 le
2980 4676 3163 4745 texta)
3195 4675 3302 4733 hoc
3350 4681 3464 4748 est,
3501 4673 3788 4734 recentiori

2173 4775 2344 4818 manu
2377 4781 2390 4816 :
2423 4775 2564 4832 ergo
2603 4761 2660 4818 in
2701 4763 2948 4834 praefato
2977 4763 3177 4820 codice
3209 4762 3406 4834 aliqua
3435 4778 3574 4821 vere
3601 4765 3790 4820 Usuar-

2173 4848 2306 4905 dina
2340 4853 2498 4920 sunt,
2529 4865 2656 4921 quae
2688 4849 3060 4908 nihilominus
3092 4850 3407 4908 recentiori
3438 4865 3604 4909 manu
3633 4846 3792 4907 ascri-

2175 4935 2421 5005 buntur;
2471 4951 2612 5008 ergo
2655 4952 2766 4994 non
2817 4943 3047 4996 constat
3104 4938 3346 5010 primam
3408 4955 3633 4998 manum
3679 4949 3790 4994 esse

2170 5023 2572 5080 Usuardinam.
2598 5025 2830 5097 Quaero,
2855 5030 2987 5084 utra
3009 5026 3127 5083 sit?
3153 5025 3296 5082 Falli
3318 5030 3377 5083 et
3398 5027 3592 5086 doceri
3612 5023 3788 5097 cupio,

2171 5113 2229 5166 at
2259 5114 2350 5167 tot
2393 5111 2677 5184 defectus,
2709 5119 3039 5186 augmenta,
3074 5113 3468 5186 inductiones,
3501 5110 3792 5173 mutilatio-

2169 5212 2292 5270 nes,
2327 5204 2465 5271 etc.,
2502 5199 2670 5272 plane
2711 5206 2864 5260 natae
2915 5207 3050 5260 sunt
3101 5195 3498 5276 suspicionem
3546 5203 3789 5274 iniicere,

2169 5287 2428 5346 codicem
2479 5288 2640 5346 illum
2690 5291 3192 5364 qualemcumque,
3241 5307 3352 5349 non
3405 5291 3588 5364 magis
3633 5301 3791 5363 quam

2165 5381 2411 5434 caeteros
2441 5379 2843 5450 autographiae
2875 5381 3264 5453 praerogativa
3296 5381 3598 5438 donatum.

2237 5471 2360 5524 208.
2391 5459 2526 5526 Haec
2555 5472 2618 5525 et
2649 5482 3026 5542 quaecunqute
3046 5467 3157 5528 alia
3191 5469 3246 5526 in
3279 5467 3795 5529 Observationibus
