3988 6158
266 290 360 348 861
1684 296 1896 359 PROLI

2008 301 2227 365 lMENA.

3550 318 3656 373 562

267 412 610 472 Usuardinis
639 414 710 471 de
740 412 1144 475 iliustrissimo
1180 417 1406 494 codice,
1439 420 1598 480 ultro
1626 422 1898 496 citroque
1924 426 1982 487 A
2014 426 2321 501 stellanus,
2346 427 2575 487 sincere
2596 429 2890 501 testando,
2911 432 3408 491 annuntiationem
3433 434 3602 492 istam
3635 456 3648 493 :

265 502 444 573 dicta,
498 503 549 560 si
600 503 774 560 velim
830 506 1120 578 accipiant
1176 511 1559 568 eruditissimi
1617 515 1904 585 nobisque

264 591 712 648 mstimatissimi
740 593 854 648 RR.
882 595 989 650 PP.
1018 596 1377 654 Benedictini
1405 602 1592 658 sancti
1614 603 1907 661 Germani-

266 684 350 748 ut,
366 680 638 736 veritatis
662 680 999 751 indagandae
1018 685 1225 755 gratia,
1244 687 1412 744 unice
1426 689 1693 747 discussa
1706 698 1765 748 et
1789 694 1905 750 dis-

262 771 491 837 putata.
533 768 722 825 Solam
754 768 933 840 illam,
977 771 1161 828 solam
1202 776 1582 834 Usuardinam
1625 780 1905 851 simplici-

261 859 465 926 tatem,
484 854 602 925 jam
634 861 723 912 tot
755 857 923 915 annis
947 863 1124 930 atque
1153 875 1223 917 ex
1259 867 1374 919 tam
1407 866 1586 922 variis
1615 868 1903 941 exempla-

262 942 433 999 ribus
466 944 873 1014 quzesivimus;
904 961 1032 1017 quas
1070 948 1120 1004 si
1150 962 1220 1005 ex
1251 950 1380 1007 solo
1412 954 1676 1010 Pratensi
1708 970 1904 1013 manu-

258 1031 489 1103 scripto
506 1032 723 1088 hauriri
745 1034 1059 1105 potuisset,
1075 1050 1187 1093 non
1205 1037 1479 1097 existimo
1500 1042 1721 1099 codicis
1744 1043 1901 1101 illius

257 1133 667 1190 possessores,
698 1125 790 1177 tot
817 1122 1052 1179 saeculis
1082 1125 1347 1183 eruditos
1368 1142 1588 1199 omnes,
1622 1130 1749 1200 ejus
1784 1132 1901 1188 avi-

255 1206 527 1278 dissimo,
578 1212 741 1264 tanto
786 1209 1063 1267 thesauro
1112 1213 1447 1283 privaturos
1495 1216 1694 1273 fuisse.
1740 1220 1901 1276 Solet

258 1296 485 1366 passim
500 1296 669 1367 longe
682 1296 999 1367 plurisfieri
1013 1299 1218 1356 Molani
1232 1302 1612 1374 editio,quam
1628 1304 1900 1364 laudatus

252 1383 443 1439 toties
473 1384 679 1454 codex,
704 1384 826 1441 sive
849 1400 986 1442 vere
1016 1388 1138 1444 sive
1156 1394 1447 1459 praetense
1476 1396 1895 1467 autographus,

253 1485 368 1526 nec
403 1486 491 1528 me
522 1473 577 1527 in
601 1473 679 1528 ita
703 1473 1080 1531 sentientium
1102 1491 1341 1533 numero
1370 1493 1501 1535 esse
1531 1480 1767 1537 diffiteri
1802 1499 1899 1539 au-

253 1559 393 1615 sim.
432 1559 486 1614 Si
522 1559 711 1630 fallor,
756 1576 1016 1617 errorem
1057 1568 1117 1618 et
1148 1564 1284 1621 mihi
1324 1570 1383 1621 et
1420 1569 1653 1625 caeteris
1681 1570 1897 1627 eximat

255 1662 341 1703 ex
370 1662 437 1705 ea
484 1648 863 1705 celeberrima
910 1652 1372 1722 Congregatione
1413 1656 1623 1712 doctus
1659 1657 1891 1730 aliquis,

2013 516 2091 575 In
2116 518 2309 576 monte
2349 519 2640 590 Verziaco,
2674 523 2811 575 etc..
2848 521 3192 577 secundaria
3239 522 3430 594 aliqua
3481 539 3651 582 manu

2016 605 2203 661 codici
2236 607 2507 664 Pratensi
2536 607 2844 677 adjectam,
2879 611 2943 664 ut
2971 623 3071 664 xm
3096 610 3354 665 Januarii
3388 614 3653 680 agnosci-

2016 707 2143 750 mus
2170 712 2184 761 ;
2220 693 2275 750 id
2308 695 2462 766 quod
2492 710 2523 751 a
2553 695 2860 751 Sirmondo
2888 700 2948 752 et
2980 697 3245 753 Cortasio
3275 698 3651 759 observatum

2014 795 2128 837 non
2166 782 2373 839 fuerat.

2082 873 2205 926 210.
2241 870 2297 926 Si
2326 870 2397 926 de
2423 871 2731 942 utriusque
2767 871 3150 944 manuscripti
3184 876 3479 929 vetustate
3501 888 3654 945 quae-

2014 956 2184 1027 ritur,
2211 957 2366 1014 ultro
2394 962 2454 1015 et
2484 958 2691 1016 lubens
2722 960 2929 1029 fateor,
2952 959 3353 1016 Heriniensem
3386 965 3651 1019 nostrum

2014 1045 2442 1102 membraneum
2474 1047 2737 1104 Pratensi
2782 1047 3026 1119 palmam
3070 1048 3303 1103 omnino
3334 1049 3566 1117 cedere,
3602 1052 3651 1106 si

2011 1132 2101 1187 vel
2134 1132 2258 1188 sola
2289 1134 2651 1190 characteris
2694 1136 2874 1190 forma
2926 1136 3285 1205 attendatur,
3321 1151 3448 1207 quae
3500 1142 3651 1194 teste

2011 1220 2358 1290 Castellano,
2395 1222 2449 1277 in
2481 1224 2750 1279 Pratensi
2782 1223 3014 1279 modum
3041 1224 3337 1280 scribendi
3361 1227 3650 1296 antiquis-

2011 1308 2219 1364 simum
2240 1310 2438 1379 refert,
2457 1324 2624 1381 quem
2650 1310 2663 1365 i
2672 1325 2775 1383 pse
2795 1316 2967 1367 vocat
2989 1310 3523 1381 Carlovingiacum;
3546 1316 3652 1369 He-

2012 1396 2287 1453 riniensis
2316 1412 2477 1467 vero,
2513 1398 2684 1469 paulo
2722 1398 3139 1468 elegantiorem
3189 1413 3254 1453 ac
3289 1400 3647 1469 nitidiorem,

2010 1482 2240 1541 duobus
2264 1485 2559 1542 minimum
2584 1486 2817 1543 saeculis
2842 1487 3249 1558 posteriorem.
3272 1490 3343 1542 At
3365 1488 3410 1542 si
3439 1489 3653 1559 purita-

2011 1576 2123 1626 tem
2156 1577 2509 1643 Spectemus,
2544 1574 2964 1643 sinceritatem,
2993 1575 3409 1646 integritatem,
3432 1576 3652 1647 simpli-

2007 1659 2266 1729 citatem,
2304 1676 2413 1716 non
2449 1662 2685 1717 dubium
2718 1666 2811 1718 est
2838 1662 2976 1732 quin
3009 1663 3196 1718 codex
3226 1667 3431 1719 noster
3480 1663 3649 1719 alteri

258 1736 593 1826 harumque
621 1752 816 1826 rerum
855 1739 1113 1810 peritus;
1147 1741 1319 1798 dubia
1362 1757 1506 1813 mea,
1534 1745 1648 1801 imo
1677 1752 1891 1819 errata,
1927 1767 1977 1826 Β
2010 1746 2536 1817 longe‘antecellat.
2558 1750 2856 1821 Scriptura
2874 1755 3228 1807 vetustatem
3245 1752 3389 1807 satis
3414 1752 3644 1823 probat,

252 1825 320 1880 in
349 1840 482 1895 qua,
526 1825 728 1882 codice
769 1827 897 1898 ipso
940 1829 1223 1899 privatus,
1270 1830 1466 1901 incidi,
1515 1833 1786 1904 explanet
1837 1841 1895 1892 et

250 1912 476 1979 diluat;
512 1914 735 1985 primus
764 1929 872 1984 ego
902 1917 1339 1988 promptissime
1371 1922 1705 1977 retraetabo
1736 1924 1900 1993 quid-

204 2012 213 2021 '
249 2000 400 2071 quid
428 2002 575 2058 forte
608 2002 679 2058 de
706 2003 1067 2074 autographa
1091 2003 1192 2060 illo
1217 2005 1472 2077 iniquius
1506 2009 1761 2066 sensisse
1780 2010 1895 2068 dici

248 2099 517 2160 posSum.
553 2090 704 2146 Satis
734 2090 1003 2161 equidem
1026 2091 1095 2147 de
1131 2093 1430 2164 republica
1464 2095 1751 2154 litteraria
1784 2113 1899 2155 me-

248 2177 412 2233 ritus
443 2177 674 2247 videbo,
701 2178 748 2233 si
780 2178 837 2233 id
870 2179 942 2234 ab
972 2179 1117 2249 ipsis
1142 2180 1533 2252 importunius
1562 2188 1891 2258 extorsero,

249 2264 413 2335 quod
454 2278 619 2320 nemo
650 2265 930 2323 hactenus
975 2267 1249 2337 precibus
1285 2273 1343 2323 et
1385 2270 1895 2330 exhortationibus

251 2352 578 2423 impetrare
611 2353 830 2409 valuit:
866 2359 1026 2426 puta,
1063 2355 1113 2411 si
1153 2356 1207 2411 id
1249 2356 1717 2416 dubitationibus
1749 2362 1895 2419 meis

246 2440 503 2498 efficiam
527 2445 592 2497 ut
611 2442 936 2499 Usuardum
960 2443 1071 2515 ipsi
1092 2458 1257 2500 suum
1280 2446 1472 2501 nativa
1493 2446 1891 2521 simplicitate,

249 2529 468 2600 iisque,
496 2530 709 2601 quibus
720 2530 1035 2601 voluerint,
1051 2532 1527 2591 adnotationibus
1539 2535 1895 2594 vindicatum

245 2617 477 2689 publici
510 2618 662 2687 juris
694 2618 1006 2690 aliquando
1048 2620 1291 2683 faciant;
1324 2620 1437 2678 imo
1478 2622 1525 2678 si
1556 2623 1759 2680 eodem
1795 2625 1895 2681 im-

245 2708 395 2776 petu
440 2705 767 2762 Usuardum
811 2710 1075 2763 nostrum
1117 2715 1426 2765 suecutere
1469 2715 1775 2781 conentur,
1807 2712 1891 2769 sic

244 2794 564 2863 cecidisse,
600 2794 932 2865 triumphus
962 2795 1106 2859 erit;
1138 2796 1383 2853 eundem
1420 2813 1623 2855 omnes
1652 2813 1892 2871 scopum

248 2882 560 2955 praefixum
592 2883 890 2954 habemus,
914 2889 998 2955 ut,
1025 2884 1329 2956 dissipatis
1352 2887 1635 2957 tenebris,
1659 2901 1894 2945 errores

245 2974 649 3045 depellantur,
683 2979 924 3031 eruatur
961 2974 1199 3047 veritas,
1236 2976 1556 3047 antiquitas
1593 2977 1894 3034 ecclesias-

244 3063 371 3118 tica
413 3062 506 3117 vel
559 3062 784 3119 aemulis
832 3063 1047 3120 studiis
1086 3064 1436 3137 illustretur,
1485 3066 1554 3123 ad
1616 3066 1889 3137 majorem

240 3150 352 3205 Dei
387 3157 845 3222 sanctorumque
874 3152 1139 3222 gloriam.

457 3299 479 3350 ι
506 3297 574 3341 II.
597 3320 650 3328 —
668 3298 737 3342 De
754 3302 926 3342 nostro
943 3299 1179 3354 primario
1198 3298 1480 3344 Heriniensi
1498 3299 1685 3345 codice.

312 3417 445 3469 209.
492 3410 810 3469 Bollandus
849 3413 1009 3470 dicto
1041 3414 1315 3485 superius
1356 3414 1721 3484 praefationis
1762 3414 1893 3472 loco

237 3515 380 3572 pag.
412 3504 826 3571 51,postquam
858 3502 1218 3571 Pratensem,
1243 3507 1302 3557 et
1324 3502 1499 3558 alium
1527 3502 1702 3560 Miraei
1735 3504 1894 3559 codi-

234 3602 375 3645 cem
398 3587 720 3658 laudasset,
744 3588 828 3643 sic
874 3587 1092 3659 pergit:
1134 3607 1162 3641 «
1186 3589 1295 3645 Sed
1320 3590 1473 3659 quod
1499 3605 1675 3661 supra
1713 3590 1890 3646 citavi

244 3674 559 3746 exemplar
573 3679 855 3744 nostrum,
872 3676 1106 3746 utrique
1122 3675 1204 3731 illi
1230 3675 1400 3745 longe
1413 3677 1683 3747 praefero,
1713 3681 1771 3733 et
1790 3692 1894 3748 pu-

238 3765 380 3820 rlus
393 3778 461 3819 ac
480 3763 769 3819 sincerius
782 3777 934 3833 reor,
951 3778 1080 3820 nam
1094 3764 1563 3834 antiquissimum
1579 3763 1722 3820 illud
1737 3765 1893 3819 Pari-

236 3851 671 3920 siense,ldibus
682 3851 1070 3907 Januariihzec
1088 3852 1259 3907 habet
1279 3870 1290 3905 :
1306 3853 1367 3905 In
1384 3855 1576 3907 monte
1588 3851 1887 3922 Verziaco,

238 3941 293 3996 S.
337 3939 574 3995 Viventi
604 3940 982 4009 confessoris,
1016 3954 1147 3996 cum
1177 3944 1428 4009 constet,
1473 3944 1605 4010 post
1643 3939 1891 3996 Usuardi

233 4030 485 4085 aetatem
516 4027 834 4083 translatas
856 4042 988 4083 esse
1027 4027 1369 4098 Vergiacum
1403 4028 1455 4084 S.
1483 4027 1735 4083 Viventii
1762 4028 1894 4083 reli-

234 4116 439 4187 quias,
458 4115 569 4171 nisi
592 4116 872 4171 extremis
897 4115 1147 4171 fortasse
1172 4115 1329 4172 Calvi
1353 4115 1719 4187 temporibus
1751 4115 1892 4172 scri-

240 4204 398 4275 psit,
428 4207 490 4257 et
524 4203 624 4259 diu
644 4208 845 4274 postea
871 4202 954 4258 illi
981 4207 1288 4274 superstes
1311 4204 1477 4274 vixit,
1503 4204 1731 4274 istaque
1752 4208 1892 4259 tunc

237 4290 591 4360 adscripsit.
609 4290 764 4347 Seda
780 4296 983 4347 nostro
1016 4290 1136 4360 illa,
1155 4292 1310 4361 quod
1336 4291 1466 4347 ideo
1489 4291 1671 4361 magis
1700 4290 1895 4361 genui-

235 4393 387 4436 num
420 4392 657 4447 censeo,
691 4379 904 4435 absunt
935 4378 1273 4449 exemplari.
1304 4380 1430 4436 Fuit
1467 4379 1575 4435 hoc
1601 4378 1890 4451 quondam

238 4467 594 4523 monasterii
612 4467 1148 4537 Carthusianorum,
1167 4467 1319 4536 quod
1338 4468 1396 4521 Β.
1422 4467 1612 4523 Mariae
1633 4467 1889 4536 Virginis
1919 4456 1970 4515 D

235 4554 506 4627 Capellae
537 4553 772 4623 dicitur,
808 4555 930 4610 sive
962 4555 1033 4610 de
1064 4554 1306 4610 Herines
1336 4573 1365 4606 »
1409 4554 1565 4625 (hinc
1597 4568 1704 4609 nos
1733 4554 1892 4609 Heri-

235 4645 473 4700 niensis
505 4642 898 4714 appellatione
926 4642 1340 4713 derivavimus)
1373 4662 1401 4695 «
1426 4643 1591 4713 juxta
1615 4641 1890 4711 Edingam

233 4735 346 4788 aut
378 4736 446 4787 ut
479 4745 631 4787 nunc
645 4730 977 4801 appellatur
989 4730 1367 4801 Enghianum,
1386 4729 1564 4799 Belgii
1580 4728 1888 4801 oppidum:

234 4819 462 4875 deinde
498 4818 806 4889 Augustini
832 4818 1090 4888 Hunnaei,
1112 4819 1223 4875 viri
1246 4818 1499 4875 celebris
1527 4818 1655 4887 fuit,
1690 4822 1892 4887 postea

232 4911 535 4967 donatum
569 4907 820 4978 collegio
866 4912 1071 4964 nostro
1120 4908 1481 4964 Lovaniensi.
1515 4925 1545 4959 »
1596 4905 1760 4973 Quod
1802 4905 1894 4961 hic

234 4995 572 5053 Bollandus
602 4995 1115 5067 praeclarissimum
1148 4996 1409 5052 codicem
1441 4999 1703 5052 nostrum
1736 4992 1895 5049 Heri-

235 5085 517 5141 niensem
565 5083 831 5140 Pratensi
865 5085 1138 5155 praeferat
1188 5083 1418 5138 minime
1467 5083 1676 5148 miror;
1710 5081 1895 5150 magis

240 5174 435 5230 etiam
463 5174 715 5229 fortasse
738 5171 1119 5243 praetulisset,
1157 5171 1202 5227 si
1228 5170 1389 5227 labes
1417 5171 1679 5227 novisset
1699 5175 1759 5226 et
1781 5183 1896 5225 ma-

236 5261 439 5331 culas,
478 5261 692 5331 quibus
741 5274 1044 5331 repersum
1090 5272 1221 5315 esse
1263 5273 1294 5315 a
1336 5258 1665 5315 Castellano
1703 5256 1893 5313 edocti

234 5363 460 5407 sumus
489 5367 501 5401 :
539 5350 817 5419 praeferet
855 5347 1123 5418 quilibet,
1158 5346 1269 5402 nisi
1301 5348 1675 5402 vehementer
1702 5343 1893 5412 fallor,

235 5437 351 5508 qui
378 5440 693 5507 utrumque
709 5433 1499 5507 inspexeritcontuleritque.
1517 5435 1726 5488 Verum
1752 5429 1895 5486 illud

239 5539 373 5596 quo
410 5523 726 5582 Bollandus
757 5525 967 5593 utitur,
996 5525 1399 5591 argumentum
1423 5520 1590 5577 elidit
1626 5519 1775 5575 idem
1798 5520 1899 5575 Ca-
1936 5526 1945 5533 '

1924 3111 1973 3174 C

2007 1835 2242 1891 tametsi
2272 1851 2301 1891 a
2336 1838 2689 1908 peritissimo
2712 1837 2954 1893 librario
2977 1839 3206 1909 depicta
3231 1840 3327 1909 sit,
3358 1840 3648 1909 habetque

2010 1938 2129 1993 prae
2159 1925 2393 1981 caeteris
2430 1926 2604 1981 ferme
2630 1925 2955 1996 codicibus,
2984 1926 3135 1997 quod
3161 1926 3579 1998 diphthongum
3602 1941 3652 1983 (ε

2005 2009 2163 2066 clare
2194 2026 2426 2083 semper
2451 2013 2714 2069 eﬂ‘ormet
2748 2028 2851 2085 per
2881 2029 2950 2083 θ,
2982 2018 3219 2084 recepto
3266 2028 3423 2069 more
3469 2029 3647 2069 saecu-

2007 2097 2063 2153 lo
2093 2113 2170 2169 x1,
2201 2099 2271 2155 ad
2302 2100 2458 2171 quod
2486 2100 2745 2158 codicem
2775 2100 2935 2158 illum
2969 2100 3356 2157 revocandum
3398 2101 3647 2170 majores

2007 2186 2188 2243 nostri
2216 2188 2420 2244 merite
2443 2192 2818 2257 censuerunt,
2843 2204 2973 2245 cum
2999 2188 3140 2245 nulli
3165 2189 3350 2245 sancti
3376 2203 3444 2244 eo
3467 2204 3647 2245 saecu-

2007 2273 2063 2331 lo
2094 2276 2491 2332 reccentiores
2524 2275 2890 2345 adjiciantur.
2927 2276 3018 2332 Sic
3068 2291 3162 2332 xIx
3209 2276 3426 2347 Aprilis
3455 2276 3646 2333 textui

2007 2363 2333 2420 Usuardino
2357 2363 2672 2419 attexitur:
2701 2364 3003 2435 Depositio
3014 2364 3215 2420 damni
3235 2364 3443 2420 Leonis
3448 2378 3647 2435 papa,

2002 2452 2111 2521 qui
2124 2440 2455 2509 Ecclesiam
2468 2451 2625 2508 beati
2638 2452 2930 2523 Remigiit
2940 2452 3227 2509 edicaoit:
3242 2452 3367 2521 sed,
3386 2455 3447 2507 ut
3463 2451 3642 2520 vides,

2005 2539 2224 2610 absque
2260 2539 2457 2597 sancti
2508 2538 2722 2605 titulo;
2773 2539 2916 2595 obiit
2968 2538 3237 2595 nimirum
3285 2552 3435 2594 anno
3486 2542 3642 2595 1054.

2004 2627 2147 2682 Item
2181 2626 2369 2684 ilunii
2394 2626 2533 2695 legit
2559 2645 2573 2681 :
2605 2627 2875 2684 Treveris
2894 2626 3159 2695 civitate,
3182 2626 3469 2698 depositio
3491 2625 3649 2683 beati

2000 2715 2301 2773 Simeonis
2347 2712 2641 2783 monachi,
2684 2716 2823 2783 etc.,
2860 2727 3029 2783 quem
3072 2717 3364 2767 mortuum
3414 2716 3644 2767 constat

2004 2817 2151 2857 anno
2184 2806 2339 2857 1035.
2374 2800 2563 2857 Titulo
2594 2800 2751 2856 beati
2782 2799 3111 2870 insignitur,
3137 2799 3424 2855 communi
3467 2799 3645 2854 nomi-

2002 2904 2094 2960 ne,
2128 2889 2301 2945 etiam
2331 2893 2462 2959 post
2491 2887 2991 2943 eanonizationem
3025 2887 3198 2955 (anno
3240 2890 3379 2942 1042
3411 2886 3642 2955 factam)

2003 2992 2032 3032 a
2065 2973 2470 3046 Martyrologis
2500 2975 2680 3031 tribui
2717 2974 2907 3032 solito.
2936 2975 3074 3031 Cum
3104 2977 3299 3030 autem
3332 2989 3386 3029 rx
3407 2973 3532 3028 Maii
3559 2988 3647 3028 re-

2004 3065 2227 3120 feratur
2257 3064 2577 3121 translatio
2605 3063 2802 3120 sancti
2830 3062 3092 3133 Nicolai,
3119 3062 3166 3118 si
3189 3061 3312 3118 haec
3341 3076 3480 3117 vere
3510 3075 3645 3117 con-

2004 3152 2135 3222 tigit
2166 3167 2315 3208 anno
2344 3156 2501 3209 1087.
2536 3150 2813 3221 consequi
2847 3150 3022 3206 debet
3071 3150 3331 3206 codicem
3379 3153 3644 3205 nostrum

2004 3240 2109 3298 sub
2141 3238 2339 3296 szeculi
2375 3239 2542 3295 finem
2576 3224 2878 3294 exaratum
2913 3238 3109 3295 fuisse.
3204 3271 3217 3279 -

2071 3333 2194 3385 211.
2234 3327 2363 3383 Scio
2394 3326 2646 3397 majores
2678 3330 2915 3383 nostros
2946 3341 3052 3397 pro
3076 3326 3509 3383 occurrentium
3533 3327 3645 3382 eir-

2002 3416 2484 3474 eumstantiarum
2516 3415 2824 3484 varietate,
2859 3429 3271 3485 nonnunquam
3293 3415 3449 3471 circa
3475 3414 3648 3484 hujus

1998 3505 2221 3561 codicis
2250 3508 2504 3573 aetatem,
2539 3503 2869 3575 opinionem
2910 3502 3205 3558 tantillum
3249 3507 3525 3569 mutasse,
3558 3503 3644 3557 uti

2001 3592 2072 3647 de
2102 3591 2462 3647 Henschenio
2487 3591 2745 3647 invenies
2770 3595 2925 3645 temo
2948 3590 3161 3659 fJunii,
3201 3604 3329 3659 pag.
3377 3605 3641 3655 Lxxxvm,

2001 3678 2273 3743 litt.D.;at
2290 3678 2361 3733 de
2374 3677 2716 3733 sinceritate
2730 3679 2788 3731 et
2805 3676 3061 3747 puritate
3075 3676 3333 3731 dubitari
3352 3676 3647 3745 haudqua-

2001 3780 2169 3836 quam
2206 3764 2418 3835 potuit.
2453 3766 2573 3820 Non
2605 3764 2934 3833 negaverim
2968 3762 3295 3818 additiones
3324 3762 3550 3832 aliquas
3573 3764 3645 3816 ab

2001 3852 2265 3909 Usuardo
2297 3851 2559 3908 diversas
2586 3851 2721 3907 hinc
2761 3850 2893 3905 inde
2940 3863 3295 3917 occurrere;
3344 3864 3546 3905 verum
3597 3850 3641 3904 si

1999 3940 2373 4011 Rhemenses,
2411 3944 2511 3996 aut
2543 3938 2858 4011 provinciae
2890 3936 3249 4007 Rhemensis,
3286 3951 3413 4008 qua:
3464 3937 3644 3992 ferme

1998 4028 2291 4085 Treverim
2316 4043 2500 4100 usque
2524 4027 2973 4097 extendebatur,
2992 4025 3179 4082 sancti
3208 4028 3642 4095 removeantur,

2001 4115 2131 4177 luce
2161 4115 2479 4173 meridiana
2508 4114 2726 4172 clarius
2756 4119 3019 4187 patescet
3042 4114 3195 4169 inter
3216 4128 3414 4169 omnes
3436 4115 3648 4170 Usuar-

2000 4204 2167 4261 dinos
2187 4204 2436 4273 codices,
2453 4207 2576 4260 tum
2600 4218 2865 4271 excuses,
2882 4206 3005 4259 tum
3030 4201 3646 4273 manuscriptos,prin-

2001 4293 2187 4364 eipem
2202 4292 2390 4349 locum
2407 4291 3010 4361 meritissimetenere,
3038 4290 3299 4362 adeoque
3311 4304 3385 4345 ex
3406 4290 3646 4359 antiquo

1999 4379 2326 4437 Usuardino
2340 4380 2723 4450 autographo,
2741 4377 2833 4435 vel
2848 4378 3056 4435 saltem
3072 4378 3382 4449 purissimo
3405 4391 3645 4447 apogra-

2004 4470 2117 4541 pho
2145 4466 2279 4524 olim
2313 4468 2493 4525 fuisse
2525 4468 2903 4539 descriptum.
2930 4465 3251 4522 Difﬁcultas
3283 4463 3643 4520 Henschenio

2002 4556 2126 4612 visa
2157 4560 2246 4613 est
2278 4556 2429 4627 quod
2458 4571 2527 4612 xv
2551 4555 2820 4613 Octobris
2850 4555 2904 4609 in
2935 4558 3100 4609 textu
3133 4552 3392 4609 secundo
3416 4551 3540 4606 loco
3564 4551 3644 4604 in-

2003 4647 2235 4701 seratur
2260 4664 2271 4699 :
2297 4644 2518 4702 Eodem
2528 4645 2627 4702 die
2637 4664 2657 4698 .-
2669 4644 2867 4701 sancti
2883 4641 3167 4711 Oswaldi,
3185 4641 3441 4711 episcopi
3451 4640 3508 4695 et
3516 4651 3646 4693 con-

2006 4732 2267 4802 fessoris,
2304 4736 2363 4789 ut
2393 4732 2643 4787 habetur
2673 4735 2831 4786 tomo
2867 4731 2937 4784 Ill
2970 4728 3291 4797 Februarii,
3318 4741 3443 4797 pag.
3482 4739 3638 4780 DCCL.

2005 4820 2115 4876 Sed
2144 4824 2286 4876 tunc
2318 4819 2375 4875 in
2404 4834 2470 4875 ea
2501 4823 2629 4875 erat
2661 4818 2933 4889 opinione
2956 4815 3354 4873 Henschenius
3376 4812 3530 4884 quod
3551 4827 3647 4867 eo-

2005 4907 2118 4962 dex
2149 4911 2349 4964 noster
2380 4906 2596 4964 szeeulo
2628 4922 2661 4962 x
2690 4910 2844 4963 esset
2868 4904 3183 4975 antiquior,
3208 4917 3337 4959 eum
3360 4899 3468 4956 alia
3494 4898 3642 4969 loca,

2007 5008 2135 5065 quae
2161 4995 2448 5065 juniorem
2490 4994 2826 5063 ostendunt,
2864 4992 3111 5049 necdum
3156 4988 3552 5061 expendisset.
3589 4987 3643 5041 Si

2007 5096 2236 5153 quaeras
2263 5098 2370 5139 cur
2399 5098 2469 5140 eo
2501 5082 2595 5139 die
2626 5082 2825 5153 potius
2856 5095 3024 5153 quam
3056 5093 3232 5135 xxvm
3264 5080 3363 5132 aut
3392 5091 3525 5132 xxnx
3548 5076 3646 5132 Fe-

2008 5170 2225 5227 bruarii
2251 5171 2583 5229 Oswaldum
2608 5170 2878 5227 retulerit
2899 5168 3119 5225 codicis
3140 5163 3487 5236 descriptor,
3506 5165 3646 5219 fate-

2010 5258 2115 5313 bor
2147 5273 2235 5316 me
2264 5273 2459 5316 veram
2484 5274 2715 5316 causam
2739 5258 3026 5328 ignorare.
3054 5255 3108 5310 Si
3127 5254 3498 5324 conjecturas
3519 5252 3648 5323 quis

2008 5345 2225 5416 cupiat,
2261 5348 2413 5419 apud
2442 5346 2862 5403 chschenium
2904 5343 3087 5399 citato
3120 5341 3250 5397 loco
3280 5341 3647 5412 requirenda)

1942 5438 1945 5447 ‘
2008 5438 2162 5490 sunt.
2195 5436 2465 5491 Fatemur
2486 5432 2983 5489 annuntiationem
3009 5430 3266 5487 Oswaldi
3291 5429 3649 5486 additamen-

2011 5525 2131 5577 tum
2163 5536 2291 5579 esse
2317 5536 2390 5577 ex
2420 5520 2605 5591 cultu,
2638 5534 2810 5591 quem
2860 5520 2915 5576 in
2963 5518 3167 5589 Gallia,
3220 5518 3542 5591 praesertim
3593 5514 3645 5567 in
