3988 6158
321 239 426 294 863

1276 224 1650 284 USUARDUS
1685 220 2068 282 MONACHUS
2105 217 2756 280 SANGERMANENSIS.

3600 220 3707 279 56"

321 356 612 431 provincia
661 351 988 419 Rhemensi,
1021 351 1300 425 peculiari
1347 350 1542 424 aliquo
1588 348 1765 408 titulo
1809 347 1958 406 obti-

2081 361 2454 420 Lnstitutione.
2487 361 2626 418 Tum
2657 365 2786 430 xxv,
2813 357 2894 418 In
2906 363 3070 432 pago
3121 355 3584 429 Vir-mandenti,
3633 359 3700 417 ις’.

321 445 533 504 nuerit.

389 539 512 592 212.
543 532 706 591 Tales
737 531 1096 590 accessiones
1125 529 1476 587 Rhemenses
1505 528 1561 585 in
1607 529 1714 586 hoc
1757 531 1959 586 nostro

319 623 522 681 codice
543 621 909 694 frequentius
929 620 1286 688 offeruntur;
1310 634 1438 690 quae
1461 618 1508 676 si
1530 620 1961 689 abessent,pau-

319 712 570 770 cissimaa
602 710 729 768 aliae
760 708 1184 781 reperirentur,
1215 711 1279 764 ut
1309 711 1468 764 recte
1498 707 1756 764 Molanus
1783 719 1959 776 supra

323 814 568 858 numero
597 803 690 856 191
730 798 918 870 ipsum
951 796 1267 866 vocaverit,
1307 796 1714 854 Usuardinwm
1753 807 1962 852 mann-

320 887 632 960 seriptmn,
665 887 774 958 qui
817 885 925 943 aia:
966 885 1129 943 ullas
1176 884 1534 955 additiones,
1556 884 1963 956 praterqnam

321 978 394 1035 de
419 977 646 1034 sanctis
677 973 1120 1032 Rbemensibas.
1145 975 1302 1030 Hanc
1318 973 1538 1030 codicis
1565 972 1810 1044 patriam
1833 986 1959 1028 esse

325 1053 570 1137 prorsus
597 1077 711 1120 non
742 1061 948 1118 dubito
981 1080 994 1116 :
1029 1061 1162 1118 inde
1206 1059 1554 1118 translatum
1603 1064 1836 1130 Oportet
1889 1059 1961 1116 ad

323 1151 678 1210 carthusiam
727 1147 1144 1220 Heriniensem,
1179 1149 1318 1206 olim
1359 1151 1428 1208 ις’.
1473 1147 1690 1206 Mariae
1732 1149 1958 1218 Eremi,

324 1257 424 1300 seu
437 1239 660 1298 Montis
670 1240 804 1310 Dei,
821 1253 950 1310 qua
971 1253 1002 1294 e
1027 1237 1230 1310 primis
1248 1237 1430 1294 totius
1443 1236 1622 1308 Belgii
1645 1236 1963 1294 carthusiis

329 1329 454 1387 fuit.
489 1315 894 1399 Conjecturam
936 1327 1082 1382 hanc
1125 1340 1329 1396 meam,
1365 1328 1540 1396 atque
1588 1340 1698 1381 una
1743 1324 1963 1380 codicis

323 1421 558 1476 nitatem
579 1416 882 1474 confirmat
907 1414 1104 1472 addita
1129 1413 1441 1470 recentiori
1466 1428 1635 1470 manu
1663 1413 1736 1469 ad
1759 1413 1966 1480 margi-

328 1520 460 1563 nem
487 1522 528 1562 ιι
550 1507 762 1575 Nonas,
789 1519 892 1560 seu
913 1503 1005 1559 die
1025 1519 1081 1560 IV
1102 1503 1394 1571 Octobris,
1415 1503 1536 1558 haec
1556 1515 1966 1558 commemora-

330 1595 413 1651 tio
449 1614 462 1649 :
494 1595 572 1652 In
595 1592 906 1662 Calabria,
930 1591 1215 1662 depositio
1236 1589 1394 1646 beati
1413 1591 1716 1648 Branonis
1742 1591 1968 1664 confes-

2067 449 2484 522 Hunegnndis.
2517 449 2711 504 Mense
2744 447 3090 519 Septembri,
3116 461 3154 516 ι,
3188 445 3307 516 agit
3343 445 3414 502 de
3443 445 3702 518 lgidio,

2066 540 2324 610 Sinicio,
2349 541 2407 594 et
2426 537 2724 606 Nioando,
2740 538 3015 606 tanquam
3037 534 3494 602 Rbemensibus;
3516 549 3598 604 ιιι,
3613 535 3710 592 ad-

2070 628 2231 684 ditur
2259 626 2608 694 Remaelus;
2633 639 2730 695 vn,
2755 639 2865 680 xxv
2885 626 2944 680 et
2973 637 3148 693 xxvn,
3171 622 3310 679 item
3333 621 3407 678 de
3427 621 3706 680 Rhemen-

2069 715 2232 774 sibus
2255 735 2266 770 :
2293 719 2352 770 at
2373 729 2408 770 x
2430 711 2687 770 nonnihil
2710 711 2950 768 mutilus
2970 715 3059 768 est
3086 729 3101 778 ;
3121 725 3196 768 xx
3218 709 3630 782 interpolatae,
3644 714 3710 768 ut

2071 801 2523 860 Observationes
2545 803 2760 858 nostra
2783 799 2973 856 fusius
2995 799 3309 870 explicant.
3326 799 3520 856 Mense
3541 797 3710 856 Octo-

2073 891 2182 962 bri,
2207 907 2244 961 ι,
2273 905 2454 962 purus
2472 903 2586 945 non
2607 892 2922 958 est;xxvn,
2948 886 3186 958 ponitur
3225 886 3456 958 Vigilia
3482 887 3711 944 saneto-

2069 993 2206 1038 ναίω
2229 977 2496 1036 Simonis
2523 977 2585 1034 et
2605 975 2820 1044 Jnda;
2849 975 2920 1033 de
2949 988 3060 1046 qua
3093 973 3348 1031 dubitari
3399 977 3599 1046 potest
3644 987 3712 1032 an

2071 1065 2393 1124 Usuardina
2421 1079 2536 1122 non
2567 1064 2674 1132 sit;
2697 1078 2772 1135 χι,
2806 1077 2896 1134 xv,
2932 1077 3045 1134 χνι,
3081 1077 3174 1132 xx,
3206 1077 3302 1118 χχι
3331 1066 3392 1119 et
3439 1077 3574 1132 xxv,
3606 1077 3712 1118 non

2073 1154 2306 1212 excedit
2327 1152 2436 1210 nisi
2459 1153 2516 1208 in
2539 1151 2678 1210 solis
2699 1151 3140 1208 Rhemensibus.
3166 1151 3359 1207 Mense
3380 1149 3711 1220 Novembri,

2074 1259 2113 1313 ι,
2147 1258 2206 1312 ιι,
2238 1257 2312 1311 v1,
2345 1256 2422 1311 ιχ,
2465 1255 2554 1310 xv,
2609 1254 2766 1310 xvm,
2817 1253 2978 1309 xxm,
3029 1253 3179 1295 xxvr.
3231 1239 3468 1294 Demum
3523 1251 3716 1294 mense

2076 1329 2398 1399 Decembri,
2433 1343 2507 1398 IV,
2541 1342 2634 1384 χνι
2673 1331 2732 1382 et
2781 1342 2933 1395 χχιχ,
2989 1325 3266 1398 pleraque
3312 1325 3711 1382 additamenta

2077 1432 2220 1490 pure
2251 1414 2593 1473 Rbemensia
2624 1417 2778 1472 sunt.
2813 1416 2972 1470 Ineat
3005 1415 3176 1470 modo
3209 1413 3495 1469 rationem
3529 1412 3718 1470 curio-

2076 1522 2176 1563 sus
2205 1504 2434 1576 aliquis,
2463 1504 2728 1561 conferat
2759 1502 3154 1559 lleriniensem
3175 1516 3306 1558 cum
3338 1503 3562 1558 famoso
3589 1503 3720 1557 Pra-

2077 1595 2228 1652 tensi
2261 1593 2644 1665 autographo,
2675 1593 2984 1663 utriusque
3015 1605 3292 1648 excessus
3319 1594 3417 1647 aut
3451 1589 3720 1647 defectus

322 1667 1961 1754 θυήεΜὶΜὶἱηδίὶίτιιονίεονιίἱηὶεσαπιῗιτιεὶθηεὶιςΑιΜω
1996 1693 2049 1752 Β
2079 1684 2151 1740 ad
2179 1697 2404 1754 mquam
2439 1681 2680 1751 lancem,
2704 1680 2776 1737 ad
2801 1681 3018 1751 justam
3051 1680 3329 1736 trutinam
3359 1678 3650 1748 excutiat,
3673 1676 3722 1734 si

329 1769 656 1842 appositam
687 1783 822 1824 reor
851 1782 922 1824 ex
952 1767 1078 1824 solo
1119 1765 1400 1837 singulari
1448 1765 1618 1835 hujus
1648 1766 1962 1824 carthusiae

327 1872 464 1928 erga
499 1859 799 1929 parentem
832 1855 1226 1925 veneratione,
1251 1869 1381 1910 cum
1405 1853 1637 1910 aliunde
1659 1859 1857 1912 notum
1891 1855 1963 1912 sit

333 1961 504 2018 quam
534 1945 704 2002 tarde
731 1944 984 2001 Brunoni
1017 1942 1313 2016 publicum
1343 1942 1563 2000 cultum
1587 1942 1848 2000 Ecclesia
1871 1943 1968 2000 de-

325 2034 602 2092 creverit.
637 2035 720 2090 Ex
747 2033 838 2089 his
865 2033 1094 2090 abunde
1125 2031 1500 2089 declarantur
1521 2031 1768 2089 Usuardi
1791 2031 1965 2102 hujus

325 2121 690 2180 Heriniensis
735 2127 900 2192 aetas,
937 2121 1144 2192 patria,
1175 2119 1399 2177 natales
1436 2123 1497 2176 et
1545 2120 1967 2190 migrationes;

329 2225 400 2266 ne
423 2211 561 2280 quid
584 2208 757 2278 desit,
783 2212 840 2264 et
870 2209 1108 2264 formam
1132 2207 1303 2277 addo,
1331 2221 1459 2278 quae
1482 2211 1722 2279 recepto
1755 2223 1883 2278 usu,
1911 2207 1968 2263 in

329 2299 541 2366 quarto
563 2295 886 2365 nuncupari
913 2293 1092 2360 solet;
1114 2298 1320 2362 estque
1340 2298 1680 2364 compactus
1701 2309 1832 2350 cum
1852 2299 1971 2350 tra-

327 2386 493 2438 ctatu
525 2381 926 2451 manuscripto
957 2381 1145 2436 sancti
1193 2381 1524 2451 Hieronymi
1573 2381 1629 2435 in
1681 2379 1972 2452 Epistolas

328 2469 492 2526 Pauli
515 2475 575 2526 et
599 2468 742 2526 alias
764 2467 1082 2524 Canonicas
1099 2486 1114 2536 ;
1129 2468 1222 2526 cui
1247 2468 1302 2523 in
1329 2468 1440 2524 fine
1462 2469 1748 2524 attexitur
1769 2468 1972 2524 Kalen-

329 2557 554 2614 darium
578 2572 708 2614 cum
733 2555 1148 2612 anniversariis
1169 2556 1418 2613 coenobii
1443 2555 1817 2612 Heriniensis.
1845 2555 1972 2611 Dixi

327 2660 504 2717 supra
535 2660 690 2703 num.
718 2648 822 2702 169
851 2658 1062 2702 annum
1092 2645 1147 2700 in
1182 2645 1288 2701 hoc
1314 2644 1540 2714 codice,
1573 2645 1655 2701 uti
1677 2649 1735 2702 et
1759 2645 1814 2700 in
1839 2645 1974 2700 Pra-

331 2734 479 2790 tensi
510 2733 768 2790 inchoari
803 2748 832 2788 a
865 2732 1061 2803 vigilia
1094 2733 1430 2790 Nativitatis
1460 2733 1702 2790 Domini.

405 2825 528 2880 213.
561 2823 684 2878 Jam
712 2835 875 2892 vero,
912 2826 978 2878 ut
1005 2820 1076 2877 de
1105 2821 1364 2890 ejusdem
1395 2821 1770 2892 simplicitate
1792 2825 1853 2877 et
1877 2837 1977 2891 pu-

329 2909 507 2966 ritate
530 2913 779 2980 statuas,
806 2923 1083 2981 percurre
1109 2923 1340 2966 menses
1361 2908 1642 2979 singulos,
1666 2912 1975 2978 augmenta

330 2997 670 3053 Rhemensia
702 3011 965 3066 secerne,
1004 2997 1282 3054 continuo
1317 2997 1640 3068 perspicies
1670 3011 1847 3068 pauca
1879 2995 1977 3052 ad-

329 3085 645 3140 ditamenta
677 3084 1008 3153 immisceri,
1040 3073 1202 3140 raras
1233 3084 1738 3155 interpolationes,
1771 3084 1981 3140 lituras

326 3171 424 3225 vix
449 3185 619 3226 unam
643 3174 742 3227 aut
766 3169 1032 3226 alteram.
1061 3171 1146 3226 Ad
1167 3185 1222 3225 IV
1243 3169 1502 3226 Januarii
1527 3171 1782 3226 refertur
1803 3173 1983 3242 Rigo-

330 3256 532 3315 bertns
562 3257 916 3314 Rhemensis
947 3257 1426 3328 archiepiscopus
1451 3272 1554 3323 ;xv
1575 3257 1646 3313 de
1668 3258 1862 3314 Mauro
1885 3257 1982 3314 ad-

319 3344 562 3414 jectum,
578 3345 868 3415 discipuli
898 3347 968 3400 Β.
983 3344 1296 3402 Benedicti
1313 3343 1565 3401 abbatis.
1583 3346 1819 3401 Demum
1843 3361 1980 3403 χχιιι

328 3444 400 3486 ne
411 3431 530 3487 scio
545 3431 1022 3487 undeaccersitus
1035 3431 1110 3488 sit
1125 3430 1503 3489 beatissimus
1514 3433 1977 3505 Hildeplionsus,

325 3517 438 3573 nisi
472 3517 561 3574 hic
591 3522 692 3574 aut
723 3517 778 3573 in
803 3518 1098 3589 provincia
1122 3519 1457 3589 Rhemensi,
1482 3523 1584 3576 aut
1606 3520 1662 3575 in
1686 3523 1976 3592 coenobio,

329 3607 502 3678 cujus
533 3606 670 3664 olim
699 3606 889 3664 codex
912 3607 1040 3679 fuit,
1069 3607 1421 3679 peculiarem
1441 3607 1662 3665 cultum
1685 3609 1974 3666 habuerit.

326 3695 517 3752 Mense
548 3695 886 3766 Februario,
917 3697 1168 3754 Blasius
1197 3696 1267 3753 ad
1300 3711 1364 3752 ιιι
1396 3699 1695 3753 retractus
1721 3701 1847 3765 est;
1878 3713 1981 3768 νιιι

324 3783 562 3840 additur
590 3783 826 3841 Paulus
873 3783 1322 3854 Virodnnensis,
1359 3781 1507 3840 forte
1538 3783 1616 3841 ibi
1643 3785 1818 3840 etiam
1853 3801 1984 3856 pro-

2073 1770 2234 1828 nullo
2261 1771 2509 1827 ducatur
2541 1768 2791 1841 partium
2819 1767 3035 1839 studio,
3067 1767 3357 1839 spondere
3385 1765 3604 1837 ausim,
3630 1779 3720 1822 ra-

2073 1859 2232 1916 tione
2273 1857 2384 1914 rite
2433 1856 2742 1927 subducta,
2773 1856 3018 1928 pedibus
3066 1857 3128 1911 et
3175 1855 3440 1912 manibus
3483 1853 3551 1910 in
3599 1867 3726 1910 nos-

2074 1953 2225 2005 tram
2258 1947 2474 2004 iturum
2493 1945 2864 2002 sententiam.

2199 2093 2323 2148 ςΙῙῐ.
2353 2095 2425 2140 De
2447 2092 2759 2139 Tornscensi
2787 2091 3004 2206 aliisque
3019 2089 3390 2138 vetustioribus
3405 2089 3628 2136 maxime

2773 2172 2862 2206 pro
2899 2161 3020 2206 etis.

2773 2161 3020 2218 probatis.

2148 2300 2272 2353 215.
2305 2293 2632 2352 Secundum
2659 2294 2732 2349 ab
2763 2292 3088 2350 Heriniensi
3120 2291 3380 2350 codicem
3417 2305 3729 2350 censemus

2079 2397 2209 2440 eum
2243 2381 2340 2452 qui
2371 2380 2523 2452 apud
2556 2395 2660 2438 nos
2695 2381 3081 2438 Tornaeensis
3110 2383 3377 2450 vocatur,
3413 2394 3597 2450 quem
3635 2379 3733 2438 ali.

2081 2470 2311 2540 quando
2341 2467 2662 2526 cathedrali
2709 2468 2793 2523 illi
2844 2469 3206 2540 perantiquus
3255 2468 3311 2523 in
3363 2483 3468 2525 usu
3525 2467 3727 2540 fuisse,

2081 2557 2313 2615 aliunde
2336 2557 2505 2613 nobis
2517 2571 2627 2613 non
2642 2561 2961 2626 constaret,
2977 2571 3048 2613 ex
3063 2555 3463 2612 additionibus
3475 2557 3532 2612 ei
3549 2556 3732 2614 ecclev

2083 2645 2182 2703 siaa
2202 2645 2458 2718 propriis
2480 2645 2625 2702 satis
2648 2645 3176 2702 demonstraretur.
3204 2643 3508 2701 Credimus
3533 2649 3731 2701 autem

2083 2749 2155 2790 ex
2177 2732 2634 2790 Altovillariensi
2660 2747 2838 2805 prope
2859 2733 3111 2789 Rbemos
3123 2731 3392 2788 omnobio
3403 2734 3731 2790 Tornacum

2085 2823 2364 2892 delatum,
2391 2825 2490 2879 aut
2513 2821 2662 2878 forte
2680 2835 2753 2878 ex
2775 2821 3109 2878 monasterii
3137 2821 3274 2878 illus
3293 2821 3500 2878 codice
3533 2821 3734 2894 aliquo

2085 2909 2220 2966 olim
2233 2913 2722 2980 transsumptum,
2739 2914 2802 2966 ut
2815 2909 2934 2964 dixi
2951 2909 3006 2964 in
3021 2909 3555 2966 Observationibus
3573 2910 3732 2980 meis,

2087 2997 2412 3069 praesertim
2431 2996 2650 3053 ivJulii.
2672 2999 2746 3053 At
2760 3011 3120 3067 quaecunque
3134 2997 3362 3054 demum
3375 2996 3614 3055 codicis
3627 2997 3736 3054 ori-

2089 3100 2164 3156 go
2189 3085 2382 3155 fuerit,
2410 3084 2662 3156 speciem
2683 3088 2740 3141 et
2766 3085 3062 3155 antiquam
3079 3089 3138 3140 et
3169 3084 3492 3155 elegantem
3525 3085 3734 3157 refert,

2091 3173 2293 3243 majori
2320 3173 2500 3229 forma
2523 3173 2576 3228 in
2601 3173 2932 3228 membrana
2955 3172 3230 3244 scriptus,
3253 3177 3428 3244 atque
3449 3172 3738 3244 eleganti-

2093 3262 2221 3330 bus,
2249 3260 2512 3332 quamvis
2537 3259 2794 3316 nonnihil
2817 3260 3074 3330 extritis,
3098 3259 3373 3316 cancellis
3392 3261 3732 3331 distinctus,

2091 3348 2306 3419 quibus
2317 3348 2664 3419 quandoque
2680 3354 2877 3405 textus
2891 3349 3074 3420 magis
3085 3350 3273 3420 aptari
3287 3349 3546 3420 videtur,
3566 3365 3738 3423 quam

2087 3435 2332 3493 cancelli
2383 3435 2492 3507 ipsi
2526 3437 2714 3492 textui
2745 3437 3275 3494 accommodentur.
3309 3435 3566 3494 IEtatem
3618 3438 3740 3509 ejus

2088 3536 2160 3580 ex
2191 3523 2502 3593 subjuncto
2542 3523 2908 3594 Necrologio,
2942 3523 3165 3594 eadem,
3203 3528 3263 3580 ut
3315 3529 3594 3596 apparet,
3642 3525 3738 3583 sed

2090 3611 2374 3683 pressiori
2405 3625 2574 3668 manu
2608 3611 2851 3684 scripta,
2885 3611 2969 3668 sic
3019 3610 3408 3684 probabiliter
3453 3627 3662 3683 erues,
3691 3611 3738 3670 si

2089 3698 2360 3756 attendas
2387 3698 2720 3755 Anselmum
2761 3701 2820 3754 et
2877 3699 3204 3756 Geraudum
3251 3698 3347 3756 vel
3397 3700 3737 3772 Geraldum,

2085 3789 2482 3844 Tornacenses
2513 3786 2710 3844 saaculi
2742 3801 2822 3843 χιι
2851 3787 3194 3858 episcOpos;
3226 3789 3404 3858 atque
3435 3787 3586 3844 item
3621 3789 3742 3845 Ste-

326 3871 510 3942 prius.
539 3873 727 3928 Mense
755 3871 980 3940 Martio,
1015 3872 1138 3928 sola
1165 3871 1346 3942 prima
1371 3871 1751 3930 diedefectus
1770 3873 1981 3944 aliquis
2088 3875 2338 3948 phanum
2368 3879 2428 3931 et
2457 3875 2790 3946 Gosuinum,
2822 3875 2966 3932 alias
3004 3874 3392 3944 Goscelinum,
3428 3875 3532 3946 qui
3591 3891 3738 3933 anno

332 3958 650 4028 reperitur.
678 3960 868 4014 Mense
892 3958 1097 4028 Aprili,
1124 3963 1338 4030 praeter
1354 3959 1721 4030 Rhemensia,
1746 3977 1884 4018 xvm
1906 3963 1978 4019 de
2087 3968 2226 4021 1203
2258 3967 2316 4020 et
2350 3967 2490 4020 1218
2521 3963 2639 4018 vita
2672 3962 2854 4020 functi
2882 3967 3038 4034 sunt,
3064 3962 3248 4035 prima
3281 3977 3452 4019 manu
3485 3963 3740 4036 signari;

323 4044 624 4140 uates-np,
646 4059 761 4140 χιχ,
785 4044 857 4140 de
880 4046 1180 4140 LeoneIX
1190 4062 1218 4114 ,ο
1236 4046 1484 4140 xxiv,_de
1510 4048 1672 4140 bona
1691 4050 1751 4104 et
1766 4051 1937 4140 Deda
1956 4080 1984 4140 θ
2086 4057 2143 4108 at
2169 4066 2309 4108 vero
2347 4052 2688 4140 Walterum,
2713 4051 3033 4140 orinndmn
3051 4051 3124 4140 de
3149 4053 3426 4140 Topnaeo,
3443 4051 3642 4124 hujus
3661 4065 3742 4111 ee-

324 4129 1118 4200 xxx,deb!ademiano;sola
1133 4129 1974 4212 occuritMariaEyyptiaea,
2083 4141 2278 4197 elesice
2304 4139 2656 4211 episeopmn,
2693 4139 2786 4196 cui
2817 4137 3239 4195 Sammarthani
3279 4145 3742 4208 cognomentum

325 4231 454 4288 quae
479 4217 551 4273 ad
574 4233 630 4274 ιχ
652 4217 880 4288 signata
901 4222 994 4275 est
1010 4220 1203 4275 Mense
1225 4221 1670 4293 Maio;quinque
1692 4224 1816 4282 dies
1837 4233 1974 4284 sunt
2078 4227 2316 4286 Manis
2335 4232 2650 4298 apponunt,
2671 4227 2884 4298 quique
2907 4227 3104 4284 sedem
3136 4227 3327 4284 tenuit
3348 4228 3420 4282 ab
3433 4233 3744 4286 annot219

326 4306 398 4361 ab
435 4305 696 4362 Usuardo
729 4305 966 4377 diversi,
1004 4311 1065 4363 ut
1102 4323 1119 4362 ι
1148 4307 1220 4364 de
1250 4308 1592 4382 Marcalfo;
1619 4312 1738 4382 vin,
1770 4313 1841 4370 de
1873 4313 1973 4373 Gi-
2000 4381 2044 4387 _
2083 4316 2154 4373 ad
2179 4320 2338 4386 1252,
2363 4315 2418 4370 in
2445 4316 2690 4387 praefato
2713 4314 3064 4386 Necrologio
3091 4315 3296 4371 referri
3321 4330 3414 4371 χιν
3438 4316 3566 4372 Kal.
3607 4317 3747 4372 Mar

326 4393 538 4451 briano
555 4393 763 4463 ;Ix,de
786 4393 1186 4452 translatione
1203 4381 1974 4468 Nicolai;xx,Romanimo-
2000 4381 2052 4441 D
2084 4403 2174 4475 tii,
2208 4381 2378 4460 manu
2411 4381 2776 4473 secundaria,
2811 4381 3298 4474 quemadmodum
3327 4407 3388 4460 et
3435 4418 3746 4461 successo-

323 4481 546 4570 naelti;
566 4496 716 4570 χχιχ,
752 4483 824 4538 de
861 4483 1260 4541 translatione
1281 4487 1588 4558 Remigii;
1607 4487 1708 4544 sed
1732 4489 1976 4547 multum
2087 4505 2203 4561 res,
2229 4491 2547 4548 Walterum
2566 4491 2638 4547 de
2660 4491 2914 4561 Maudra,
2943 4490 3280 4547 defunctum
3303 4493 3463 4561 1262,
3487 4496 3550 4547 et
3572 4493 3746 4548 Joan-

327 4568 498 4626 fallor
527 4568 797 4626 nisi'haec
841 4571 1034 4628 omnia
1065 4571 1371 4630 Rhemeusi
1405 4575 1719 4646 provinciae
1744 4577 1976 4648 propria
2086 4593 2214 4636 nem
2247 4579 2318 4635 de
2351 4579 2563 4636 Buehel
2593 4581 2689 4634 vel
2723 4577 3022 4648 Buchiaul,
3059 4582 3350 4635 mortuum
3371 4583 3556 4647 1266;
3585 4579 3740 4636 unde

325 4656 462 4714 sint.
498 4655 690 4714 Mense
735 4658 928 4729 Iunio,
964 4673 1062 4715 vm
1094 4660 1148 4715 in
1178 4659 1486 4732 Medardo,
1519 4663 1738 4734 aliquid
1769 4664 1974 4730 deest;

329 4745 708 4816 xxx,omissus
729 4746 1464 4819 Leutfredns;xxm,deest
1478 4750 1972 4826 FelimS’at/rinas,

328 4832 820 4902 quemadmodum
857 4837 917 4890 et
949 4849 1013 4890 ιιι
1059 4833 1215 4906 Julii,
1247 4837 1386 4892 socii
1434 4835 1561 4905 ejus
1609 4839 1875 4897 17‘me
1915 4845 1975 4898 et

325 4919 636 4991 Mnstiola,
673 4920 745 4977 dc
780 4919 993 4992 quibus
1023 4921 1158 4978 vide
1213 4929 1444 4980 nostras
1495 4925 1968 4985 Observationes.

399 5012 520 5065 214.
571 5011 887 5080 Prmterea,
923 5023 1118 5067 mense
1169 5011 1322 5068 Iulio
1367 5026 1479 5068 una
1511 5014 1768 5070 occurrit
1797 5014 1972 5072 litura

331 5091 388 5146 in
421 5095 726 5167 principio,
761 5111 933 5168 quam
966 5101 1108 5170 puto
1139 5112 1266 5154 esse
1290 5098 1362 5154 de
1384 5099 1770 5159 translatione
1791 5104 1844 5160 S.
1873 5105 1973 5161 Be-

329 5177 587 5248 nedicti;
619 5197 774 5255 xvm,
809 5185 1075 5256 adjectus
1103 5189 1197 5242 est
1225 5186 1568 5261 Arnulfns;
1587 5188 1796 5246 deinde
1818 5205 1888 5247 xx
1911 5195 1971 5247 et

330 5280 470 5323 χχιιι
501 5269 914 5330 translationes
944 5274 1368 5332 Rhemensibus
1395 5275 1629 5332 celebre
1671 5277 1742 5332 de
1797 5278 1973 5335 Theo-

329 5354 502 5413 dosia
529 5359 586 5411 et
617 5357 885 5417 Nieasio.
918 5363 1107 5420 Mense
1131 5364 1414 5434 Augusto,
1439 5378 1534 5421 χιχ
1555 5365 1971 5436 superadditur

2086 4665 2498 4724 verosimiliter
2529 4665 2840 4722 conficitur
2872 4666 3156 4736 scriptum
3191 4665 3372 4722 fuisse
3394 4665 3743 4739 Martyrolo-

2081 4753 2238 4824 gium
2271 4754 2426 4809 inter
2454 4766 2635 4810 annos
2679 4757 2819 4810 1219
2866 4757 2927 4810 et
2968 4754 3124 4812 1252.
3175 4754 3307 4810 Haec
3358 4769 3464 4826 pro
3515 4753 3740 4812 codicis

2083 4844 2276 4898 aetate.

2089 4959 2096 4966 -
2153 4933 2276 4986 216.
2310 4930 2390 4984 De
2411 4928 2750 4986 sinceritate
2775 4931 2835 4984 et
2859 4927 3237 5000 simplicitate
3260 4943 3335 4985 ex
3361 4928 3740 4986 Observatio-

2082 5016 2252 5073 nibus
2281 5017 2499 5074 nostris
2529 5019 2790 5074 statuent
2839 5016 2990 5087 aequi
3040 5015 3314 5074 lectores.
3366 5019 3603 5074 Certum
3643 5020 3738 5074 est

2081 5119 2112 5160 a
2144 5103 2439 5176 prioribus
2468 5094 2698 5162 duobus
2724 5101 2971 5160 multum
3005 5105 3300 5174 recedere,
3333 5119 3445 5161 non
3495 5103 3736 5176 quidem

2081 5191 2298 5264 saepius
2326 5191 2381 5248 in
2414 5196 2747 5250 sanctorum
2778 5205 3042 5262 numero,
3069 5191 3174 5248 sed
3205 5191 3481 5249 nonnulla
3513 5205 3737 5248 annun-

2078 5279 2384 5338 tiationum
2412 5281 2808 5353 correptione,
2836 5279 3000 5352 quasi
3024 5293 3228 5338 revera
3251 5280 3474 5352 paratis
3495 5279 3734 5336 cancel-

2082 5368 2172 5439 lis,
2205 5372 2266 5426 ut
2294 5368 2412 5440 jam
2443 5368 2726 5438 dicebam,
2761 5367 3067 5425 Usuardini
3102 5367 3341 5426 indiculi
3389 5365 3575 5440 aptari
3627 5365 3734 5422 de-

329 5442 517 5500 textui
542 5444 1068 5518 Bertal/nsabbas,
1084 5464 1155 5506 ex
1181 5451 1968 5526 propria,opinior,eoenohii
2058 5457 2352 5522 'buerint;
2385 5456 2476 5514 vel
2507 5457 2660 5529 quod
2691 5456 2969 5515 librarius
2997 5455 3206 5514 minori
3229 5455 3530 5528 scrupulo,
3552 5467 3731 5525 gras-
