3974 6150
263 224 368 281 565

1691 218 2235 282 PROLEGOMENA.

3550 232 3654 288 566

249 347 368 406 sari
381 347 1190 420 nonnunquam,etlongiores
1203 347 1504 406 orationes
1519 349 1886 417 contrahere,
1926 351 1971 407 Α
2005 353 2178 404 atate
2203 363 2512 421 supparem
2530 363 2662 406 esse
2687 369 2701 418 ;
2727 351 2880 421 quod
2901 356 3076 408 etiam
3101 353 3356 410 ostendit
3383 354 3650 425 apposita

248 438 359 494 sibi
375 434 609 494 licitum
627 439 946 508 putaverit.
971 437 1132 504 Quod
1157 438 1208 494 si
1230 439 1482 494 cavisset
1501 439 1757 509 scriptor
1782 439 1899 509 ille,

249 527 591 598 quicunque
618 527 844 598 primus
862 528 1119 584 codicem
1143 528 1466 597 temeravit,
1484 527 1555 582 de
1571 527 1759 583 nativa
1777 528 1906 584 sim.

245 614 520 686 plicitate
562 615 751 671 codex
785 615 878 672 hic
907 631 1035 672 cum
1071 615 1395 673 Heriniensi
1418 617 1596 672 ferme
1618 621 1897 674 certaret.

244 703 520 773 Singulas
545 705 981 762 contractiones
1017 719 1361 762 enumerare
1393 705 1562 762 nimis
1593 706 1901 763 tadiosum

244 792 780 862 foret;generatim
822 793 1140 864 loquendo,
1183 799 1283 850 aut
1312 809 1493 866 purus
1528 794 1766 866 passim,
1801 797 1903 851 aut

240 893 394 950 puro
429 881 732 951 proximus
762 886 896 947 est;
931 881 1357 952 aliquantulum
1391 882 1581 940 deviat
1616 897 1730 953 xvr,
1765 897 1898 953 xvu,

238 983 380 1024 xvm
411 972 477 1023 et
497 984 569 1024 xx
589 969 747 1039 Julii,
773 975 948 1039 atque
985 970 1123 1027 item
1161 986 1254 1028 xxx
1287 971 1578 1041 Octobris,
1606 972 1703 1028 ubi
1729 986 1902 1028 excu-

239 1056 360 1112 sari
393 1059 617 1127 potest,
644 1057 794 1127 quod
830 1058 1065 1128 propria
1102 1059 1320 1129 aliqua,
1347 1062 1447 1115 aut
1472 1059 1903 1116 Altovillarien-

237 1144 347 1214 sia,
373 1149 482 1200 aut
501 1144 614 1201 alia
638 1160 940 1216 perperam
967 1148 1262 1217 Usuardo,
1284 1147 1376 1203 vel
1401 1147 1606 1203 saltem
1625 1149 1902 1220 Martyro-

235 1231 396 1301 logio
453 1233 564 1288 sub
618 1234 864 1290 Usuardi
897 1235 1128 1292 nomine
1161 1249 1263 1291 asc
1286 1235 1546 1307 ripserit.
1583 1237 1900 1294 Dolendum

237 1320 518 1391 profecto
543 1323 979 1378 amanuensium
1003 1323 1095 1379 vel
1119 1324 1176 1378 in
1197 1326 1380 1394 curia,
1403 1324 1495 1380 vel
1517 1325 1757 1382 audacia
1785 1330 1899 1381 tam

234 1409 456 1477 insigni
521 1410 708 1466 codici
767 1411 1038 1468 debitum
1096 1413 1365 1468 decorem
1413 1413 1900 1484 splendoremque

231 1496 580 1568 ademptum
630 1499 831 1554 fuisse.
869 1500 1104 1556 Titulus
1155 1506 1211 1556 et
1261 1501 1634 1572 prafationes
1681 1503 1899 1559 avulsa

229 1591 396 1653 sunt,
415 1584 713 1656 habetque
738 1587 958 1643 hiatum
983 1587 1152 1658 plane
1172 1589 1507 1645 notabilem
1529 1604 1628 1645 arx
1651 1592 1898 1658 Augusti

2015 437 2247 508 utrique
2282 453 2390 494 xxv
2419 439 2757 494 Novembris
2789 444 3006 495 sancta
3049 441 3372 497 Catharina
3403 456 3652 499 comme-

2014 526 2278 596 moratio,
2314 527 2370 581 in
2400 527 2851 596 antiquioribus,
2879 528 3164 596 Pratensi,
3194 529 3539 602 Heriniensi,
3567 546 3652 589 se-

2014 613 2212 683 qlfenti
2229 615 2617 684 Rosweydino
2633 614 2882 684 aliisque
2901 613 3129 684 ignota.
3149 617 3328 671 Porro
3340 617 3525 673 codex
3541 619 3650 675 iste

2011 707 2077 758 ut
2105 702 2259 758 inter
2277 702 2636 758 Usuardinos
2661 703 2895 773 proprio
2922 701 3117 771 aliquo
3141 703 3368 758 nomine
3392 703 3652 775 designa-

2013 795 2196 860 retur,
2221 791 2470 846 breviori
2498 790 2890 862 appellatione
2916 805 2942 844 a
2971 790 3140 846 nobis
3165 795 3407 847 vocatus
3427 797 3518 848 est
3539 796 3653 850 An-

2013 880 2368 950 tnerpiensis
2383 881 2598 951 major,-
2627 884 2688 935 ut
2715 879 3245 934 contradistinctus
3277 894 3307 934 a
3338 880 3572 937 minimo
3597 882 3651 938 in

2014 968 2194 1024 forma
2227 972 2453 1038 octava,
2490 982 2658 1038 quem
2692 967 3036 1040 simpliciter
3069 968 3553 1038 Antuerpiensem
3574 969 3656 1026 di-

2010 1057 2216 1125 cimus,
2243 1060 2300 1112 et
2321 1055 2494 1111 alium
2518 1057 2796 1125 grandem
2825 1062 3062 1125 tomum,
3082 1056 3178 1126 qui
3201 1058 3654 1129 Antnerpiensis

2007 1147 2312 1203 maximus
2364 1146 2713 1215 nominatur,
2748 1161 2876 1201 cum
2911 1145 3004 1202 hic
3038 1150 3238 1201 noster
3269 1145 3346 1202 sit
3379 1147 3434 1202 in
3470 1147 3651 1203 forma

2013 1238 2218 1302 quarta
2245 1235 2666 1302 membraneus,
2689 1237 3029 1303 compactus
3053 1248 3182 1288 cum
3208 1234 3356 1290 Beda
3381 1234 3648 1292 ecclesia

2013 1323 2434 1391 Atrebate-usis,
2461 1337 2531 1377 ex
2554 1337 2668 1392 quo
2695 1322 2896 1376 Florus
2919 1321 3014 1376 illc
3037 1337 3066 1376 a
3093 1322 3310 1378 nostris
3330 1323 3526 1379 editus
3552 1339 3651 1394 po-

2013 1409 2300 1465 tissimum
2333 1411 2583 1466 eductus
2615 1415 2723 1465 est.
2759 1410 2962 1464 Notavi
3005 1410 3278 1480 superius
3319 1425 3431 1465 non
3467 1425 3647 1481 pauca

2010 1497 2142 1553 hinc
2175 1498 2306 1552 inde
2333 1498 2598 1568 reperiri,
2629 1498 2682 1552 in
2708 1498 2920 1567 quibus
2951 1513 3080 1552 cum
3115 1498 3379 1554 Pratensi
3411 1513 3649 1556 concor-

2011 1586 2130 1655 dat,
2150 1589 2270 1641 tum
2299 1587 2542 1641 maxime
2555 1601 2686 1642 cum
2703 1586 2794 1642 hic
2808 1601 2836 1641 a
2852 1591 3200 1642 caterorum
3215 1588 3385 1642 turba
3403 1588 3644 1644 recedit.

228 1672 294 1727 ad
344 1687 489 1729 xxvr
539 1673 920 1744 Septembris,
963 1675 1210 1745 avulsis,
1245 1677 1657 1747 imperitorum
1705 1677 1897 1748 culpa,
1930 1696 1981 1755 Β
2082 1679 2202 1729 219.
2237 1674 2558 1729 Postremis
2593 1673 2822 1728 duobus
2854 1673 3135 1729 Usuardis
3169 1674 3262 1731 hic
3313 1675 3644 1746 descriptis,

227 1761 519 1831 pretiosis
553 1761 726 1818 foliis.
753 1765 829 1818 Dc
862 1763 1157 1835 adjuncto
1182 1765 1544 1836 Necrologio,
1570 1765 1714 1822 satis
1736 1765 1898 1821 dilfu'

229 1863 312 1917 so,
356 1849 567 1906 dicere
600 1852 929 1922 capimus;
963 1867 1035 1906 ex
1083 1867 1152 1908 eo
1200 1855 1583 1910 Tornacensis
1628 1853 1896 1911 ecclesia

227 1937 657 1995 benefactores
681 1939 915 2010 plurimi
942 1940 1110 1997 facile
1145 1941 1416 2011 dignosci
1447 1942 1895 2012 enumerarique

227 2031 504 2097 possent.

289 2119 427 2171 217.
463 2115 812 2172 Tornacensi
847 2119 1022 2172 atate
1072 2131 1314 2188 suppar,
1370 2117 1466 2188 qui
1516 2117 1700 2173 multo
1749 2117 1894 2173 anti-

224 2202 406 2273 quior
455 2202 778 2272 majoribus
828 2205 1047 2260 nostris
1104 2205 1264 2261 visus
1311 2212 1420 2275 est,
1454 2206 1638 2261 codex
1688 2206 1894 2261 domus

221 2291 519 2361 professa
541 2291 850 2348 societatis
868 2293 1003 2349 Jesu
1027 2294 1384 2364 Antuerpia,
1407 2308 1576 2364 quem
1601 2294 1895 2349 Hensche-

222 2379 384 2448 nius,
402 2394 521 2434 non
550 2395 665 2436 uno
693 2380 821 2436 loco
846 2384 1032 2446 ;tomo
1052 2382 1097 2436 ll
1122 2381 1362 2452 Aprilis,
1380 2397 1506 2453 pag.
1525 2396 1789 2451 ccccxnv,
1814 2381 1896 2435 in-

222 2465 301 2522 fra
340 2468 431 2534 E;
469 2473 623 2524 tomo
645 2469 692 2522 II
722 2468 872 2538 Maii,
901 2484 1030 2540 pag.
1070 2485 1259 2540 cxxxr,
1296 2471 1441 2525 infra
1469 2472 1544 2536 B;
1569 2471 1624 2525 in
1649 2472 1895 2526 Prater-

220 2553 447 2624 missis,
487 2555 558 2609 de
589 2554 642 2609 S.
671 2554 924 2610 Letardo
983 2573 996 2620 ;
1027 2570 1240 2612 rursus
1263 2571 1399 2611 xvm
1422 2557 1570 2627 Maii,
1597 2556 1652 2610 in
1675 2557 1900 2612 Prater

220 2640 433 2698 missis
457 2640 530 2696 de
554 2640 606 2695 S.
625 2640 900 2696 Mildreda
923 2641 1184 2710 virgine;
1209 2647 1368 2699 tomo
1391 2645 1482 2714 IV,
1507 2659 1634 2716 pag.
1667 2659 1896 2702 cxxxvr-

220 2729 378 2784 infra
411 2730 483 2799 A,
510 2732 570 2784 et
589 2726 747 2797 alibi,
775 2732 908 2784 ante
932 2745 1116 2786 annos
1139 2736 1458 2788 sexcentos
1484 2733 1770 2804 scriptum
1794 2754 1890 2819 pu,

217 2819 400 2875 tavit.
429 2816 756 2888 Specimina
788 2831 860 2872 ex
887 2833 956 2874 eo
988 2819 1139 2876 inter
1170 2820 1337 2876 Beda
1365 2821 1720 2893 exemplaria
1770 2816 1894 2897 pro-

218 2907 366 2962 tulit
393 2904 710 2961 Bollandus
740 2907 1096 2976 prafationis
1124 2907 1412 2976 generalis
1440 2923 1566 2978 pag.
1619 2925 1765 2980 xux,
1794 2913 1891 2968 ubi

219 3000 392 3051 recte
429 2991 720 3066 advertit,
744 2995 917 3052 Beda
935 2996 1184 3065 nomine,
1205 2995 1309 3051 sed
1328 2995 1400 3051 ab
1421 2998 1747 3056 recentiore
1765 3014 1890 3056 ma-
1917 3036 1964 3097 Ο

216 3097 298 3140 nat
325 3084 785 3154 pratitulamm
811 3097 965 3139 esse.
1001 3084 1169 3138 Notat
1203 3082 1364 3153 item,
1390 3091 1450 3139 et
1485 3099 1644 3156 vere,
1679 3089 1811 3159 Any
1827 3090 1896 3146 li-

218 3185 455 3228 eanum
480 3185 780 3241 esse,nam
806 3171 1073 3243 pluribus
1097 3170 1324 3241 diebus,
1343 3177 1407 3228 ut
1429 3172 1566 3229 alibi
1591 3188 1748 3246 sape
1769 3177 1894 3234 suis

217 3257 376 3316 locis
402 3259 794 3328 ostendimus,
815 3263 1123 3328 augmenta
1144 3258 1458 3327 Anglicana
1481 3260 1708 3328 adjecta
1733 3263 1894 3318 exhi-

224 3347 351 3402 bet.
393 3348 513 3402 Hoc
539 3361 677 3402 vero
698 3347 885 3404 codici
910 3346 1042 3401 huic
1074 3346 1367 3416 peculiare
1401 3347 1556 3416 quod
1589 3349 1895 3407 uniformis

218 3449 332 3490 non
367 3435 474 3503 sit,
498 3432 813 3504 aliquando
835 3434 1010 3502 enim,
1035 3438 1094 3488 ut
1123 3448 1319 3489 mense
1339 3436 1635 3505 Januario,
1664 3439 1894 3494 auctior

221 3527 341 3591 est,
378 3519 522 3576 alibi
547 3522 761 3591 passim
789 3537 973 3592 purus
994 3520 1328 3587 Us¢ardus;
1354 3535 1550 3578 mense
1575 3524 1812 3580 Octobri
1836 3529 1892 3580 et

216 3608 553 3665 Novembri
572 3623 740 3665 manu
767 3608 938 3679 paulo
954 3608 1273 3664 recentiori
1292 3608 1619 3678 suppletus.
1641 3611 1805 3676 Quod
1825 3612 1895 3666 de

228 3696 584 3753 Heriniensi
616 3695 888 3766 diximus,
914 3694 1164 3752 seclusis
1186 3695 1628 3767 Rhemensibus,
1654 3699 1898 3768 purissi-

216 3800 392 3842 mum
417 3797 571 3854 esse,
596 3783 653 3840 id
685 3784 864 3839 ferme
887 3783 958 3838 de
983 3783 1090 3839 hoc
1117 3784 1319 3840 codice
1339 3783 1451 3839 dici
1476 3789 1694 3855 posset,
1719 3786 1765 3840 si
1786 3789 1896 3842 An-

2009 1765 2183 1817 atate
2215 1761 2385 1832 paulo
2416 1761 2686 1832 superior
2719 1766 2806 1817 est
2840 1761 3159 1830 praeclarus
3185 1763 3416 1818 omnino
3439 1761 3646 1833 codex,

2005 1864 2175 1905 manu
2199 1849 2631 1919 elegantissima
2657 1849 2714 1903 in
2737 1850 3089 1918 membrana,
3113 1849 3315 1918 majori
3341 1851 3520 1906 forma
3545 1865 3647 1907 seu

2007 1935 2142 1991 folio
2165 1941 2459 2007 cxaratus,
2482 1937 2578 2006 qui
2608 1936 2716 1992 fuit
2737 1936 3000 1992 ecclesia
3026 1938 3084 1992 B.
3103 1937 3293 1993 Maria
3319 1937 3643 2007 lfltrajecti,

2005 2024 2150 2078 tanti
2168 2023 2304 2079 olim
2321 2039 2348 2079 a
2367 2024 2695 2096 Roswcydo
2709 2024 3058 2093 aestimatus,
3077 2029 3137 2079 ut
3158 2039 3229 2080 ex
3251 2039 3319 2080 eo
3333 2024 3647 2093 genuinum

2007 2112 2331 2168 Usuardum
2366 2112 2612 2168 reddere
2635 2112 2984 2182 cogitaverit
3013 2112 3069 2166 in
3092 2127 3293 2181 magna
3319 2111 3417 2166 illa
3441 2113 3646 2183 Marty-

2005 2199 2380 2268 rologiorum.
2411 2201 2640 2256 duobus
2665 2199 3060 2256 voluminibus
3083 2201 3428 2256 collectione
3453 2216 3648 2257 manu-

2006 2287 2246 2358 scripta,
2268 2303 2395 2358 qua
2412 2290 2560 2358 apud
2580 2303 2684 2344 nos
2696 2293 2912 2357 exstat,
2931 2289 3102 2358 hujus
3116 2289 3322 2358 prafat
3346 2290 3650 2345 onisexor—

2006 2376 2100 2432 dio
2132 2381 2310 2446 atque
2343 2376 2482 2431 alibi
2516 2392 2628 2432 non
2663 2375 2841 2433 semel
2872 2377 3071 2432 citata.
3109 2377 3251 2433 Hinc
3300 2377 3488 2434 codici
3539 2378 3648 2449 ipsi

2006 2479 2210 2520 nomen
2244 2465 2489 2520 inditum
2509 2479 2605 2518 :ne
2636 2464 2786 2520 enim
2821 2465 3042 2534 sapius
3074 2470 3449 2521 recurrerret
3480 2464 3648 2538 longa

2007 2553 2102 2609 illa
2138 2553 2512 2624 paraphrasis
2535 2554 2795 2610 ecclesia
2819 2553 2890 2608 Β.
2917 2552 3136 2610 Μανία
3163 2554 3500 2623 ΠιύναῙθσίὲ,
3523 2554 3651 2609 bre-

2004 2641 2152 2696 viori
2211 2641 2647 2698 nomenclatura
2698 2641 3015 2712 Rosweydi
3055 2640 3145 2696 vel
3187 2641 3650 2712 Rosweydz’num

2004 2743 2235 2800 semper
2267 2727 2714 2799 appellavimus.
2744 2728 2927 2782 Habet
2961 2741 3095 2784 sane
3120 2732 3381 2784 nostrum
3404 2729 3511 2786 hoc
3535 2742 3649 2784 ma-

2006 2815 2377 2886 nuscriptum
2420 2831 2535 2886 quo
2578 2815 2788 2885 nitore,
2813 2817 3022 2870 ornatu
3055 2813 3105 2869 el
3138 2813 3426 2884 elegantia
3458 2815 3650 2885 legen-

2005 2903 2147 2959 tium
2180 2903 2382 2959 oculos
2412 2903 2631 2973 rapiat;
2667 2906 2722 2958 at
2748 2902 2898 2957 enim
2931 2902 3064 2958 licet
3098 2901 3188 2958 his
3220 2903 3430 2972 titulis,
3454 2901 3565 2960 imo
3585 2909 3647 2959 et

2005 2996 2302 3048 vetustate
2326 3006 2427 3047 sua
2452 2992 2678 3062 priores
2702 2991 2848 3047 duos
2872 2993 3295 3048 Tornacensem
3317 2997 3374 3048 et
3401 2995 3646 3049 Antuer-

2001 3080 2259 3152 piensem
2290 3080 2562 3148 majorem
2590 3078 2922 3146 antecellat,
2952 3079 3140 3135 locum
3165 3079 3452 3137 duntaxat
3477 3095 3646 3152 quar-

2003 3174 2122 3225 tum
2157 3170 2310 3224 inter
2353 3167 2714 3225 Usuardinos
2762 3168 2954 3223 Musai
3006 3168 3191 3224 nostri
3225 3169 3474 3240 obtinet,
3507 3185 3637 3226 cum

2003 3258 2258 3328 puritate
2303 3260 2428 3312 etcr
2476 3256 2747 3312 sincitate
2803 3260 3026 3312 tantum
3082 3255 3198 3312 illis
3257 3258 3499 3314 inferior
3558 3259 3635 3314 sit

2004 3351 2281 3416 quantum
2315 3348 2556 3416 superat
2589 3344 2958 3415 antiquitate.
2983 3345 3103 3400 Non
3138 3343 3317 3401 multa
3351 3347 3638 3403 contrahit

2005 3434 2094 3490 hic
2126 3433 2400 3504 scriptor,
2437 3433 2538 3488 sed
2573 3447 2677 3503 pro
2712 3446 2815 3487 sua
2868 3432 3103 3488 licentia
3151 3432 3498 3503 amplificat;
3534 3435 3644 3491 fre-

2006 3521 2311 3591 quentiora
2344 3536 2415 3575 ex
2445 3520 2906 3590 Hieronymianis
2927 3519 3226 3576 codicibus
3249 3520 3644 3579 additamenta

2005 3622 2412 3677 nonnunquam
2438 3607 2575 3662 mihi
2601 3607 2991 3676 suspicionem
3022 3606 3296 3676 injecere,
3322 3609 3644 3666 Grevenum

2005 3696 2061 3750 in
2093 3695 2358 3764 augendo
2389 3694 2673 3763 Usuardo,
2710 3693 2801 3749 vel
2831 3693 3016 3764 ipsum
3052 3695 3203 3750 hunc
3233 3695 3513 3765 codicem,
3547 3696 3645 3753 vel

2005 3783 2212 3841 saltem
2243 3783 2369 3854 ejus
2397 3781 2747 3852 ecgraphum
2790 3781 3143 3837 adhibuisse.

2076 3876 2197 3928 220.
2246 3871 2532 3926 Caeterum
2582 3869 2652 3925 de
2698 3868 2922 3925 codicis
2971 3868 3144 3937 hujus
3191 3872 3367 3924 atate
3424 3871 3647 3926 notavit

2005 3958 2408 4016 Henschenius
2434 3961 2595 4013 tomo
2626 3959 2674 4013 II
2707 3956 2944 4028 Aprilis,
2968 3971 3094 4027 pag.
3131 3972 3228 4026 vn,
3257 3957 3405 4014 infra
3434 3957 3548 4014 litt.
3576 3959 3647 4030 Α,

2007 4049 2118 4104 hoc
2165 4045 2638 4116 Martyrologium
2675 4045 2881 4114 citans,
2915 4045 3074 4114 quod
3120 4045 3259 4100 ante
3297 4045 3653 4115 quingentos

2007 4149 2194 4193 annos
2232 4148 2307 4191 ea:
2342 4132 2777 4205 Martyrologio
2815 4133 3023 4202 aliqua
3057 4133 3182 4203 Any
3193 4132 3386 4190 licano
3415 4132 3654 4190 videtur

226 3872 483 3942 glicana
506 3870 899 3942 nonnullaque
933 3871 987 3926 in
1024 3871 1311 3942 principio
1335 3870 1606 3928 liberiora
1629 3887 1897 3942 augmen-

221 3967 280 4016 ta
315 3959 634 4017 abessent.
676 3960 755 4016 De
789 3959 1086 4016 Auctariis
1138 3958 1490 4029 Anglicanis,
1524 3959 1655 4015 vide
1697 3963 1899 4018 mensi-

223 4049 344 4105 bus
384 4046 638 4117 singulis
693 4046 819 4103 dies
867 4046 1208 4118 plerumque
1257 4046 1522 4117 aliquos;
1553 4048 1745 4104 notavi
1780 4067 1791 4102 :
1825 4063 1898 4105 ex

213 4136 409 4206 Iulio,
446 4151 509 4205 ιι,
544 4151 618 4207 vI,
653 4151 751 4206 vn,
806 4150 927 4208 vni,
980 4151 1071 4206 xv,
1125 4151 1260 4206 xvn,
1304 4151 1436 4192 xxxx
1481 4138 1562 4192 Ex
1611 4139 1893 4208 Augusto,

221 4240 395 4282 xxxv.
432 4225 515 4279 Ex
545 4224 894 4295 Septembri,
946 4240 1020 4296 ιν,
1067 4239 1177 4295 XVI,
1235 4240 1362 4282 xxx.
1415 4226 1497 4282 Ex
1529 4226 1800 4297 Octobri,
1821 4241 1894 4297 vr,
2011 4222 2811 4295 hanscrz’ptmnﬁicetatas
2827 4224 2887 4275 ct
2904 4220 3091 4290 patria
3107 4233 3244 4275 vere
3266 4221 3338 4276 ab
3363 4220 3652 4277 Hensche-

197 4327 345 4383 -vm,
392 4326 468 4381 χι,
504 4326 601 4382 xu,
637 4325 740 4367 xm
771 4316 830 4366 et
865 4326 953 4382 xv,
989 4316 1104 4368 etc.
2012 4312 2104 4366 nio
2127 4311 2624 4380 designantur.De
2640 4307 2804 4364 annis
2828 4307 3165 4378 quingentis
3190 4307 3398 4362 iterum
3423 4307 3543 4376 agit
3567 4311 3650 4363 to-

288 4404 436 4458 218.
474 4400 606 4456 Hac
641 4398 862 4456 codicis
906 4399 1155 4470 patriam
1208 4400 1710 4456 abundantissime
1761 4415 1891 4470 pro-
1925 4385 1974 4444 D
2007 4415 2096 4454 mo
2118 4399 2186 4453 IV
2206 4395 3181 4469 Junii,pag.ccccr.v1,col:1,circa
3207 4395 3486 4450 finem.At
3510 4394 3649 4451 diev

215 4489 398 4546 bant.
437 4487 523 4543 Ad
555 4492 790 4544 atatem
815 4488 968 4558 quod
995 4488 1226 4557 attinet,
1258 4492 1398 4559 puto
1421 4488 1672 4544 extritas
1703 4488 1893 4543 rubri-

213 4592 353 4647 cas,
389 4589 601 4631 exesas
635 4574 885 4644 litteras,
923 4580 980 4631 et
1016 4575 1208 4631 lacera
1240 4575 1373 4632 hinc
1397 4575 1530 4630 inde
1556 4575 1691 4631 folia
1714 4577 1894 4632 Hens-

216 4664 431 4721 chenii
455 4664 660 4719 oculos
686 4662 981 4733 fefellisse,
1009 4679 1137 4719 nam
1163 4678 1232 4719 ex
1250 4663 1545 4720 sexcentis
1565 4663 1748 4733 annis,
1769 4679 1894 4720 meo

217 4751 475 4824 quidem
511 4752 758 4822 judicio,
783 4751 910 4807 bina
938 4751 1146 4808 sacula
1175 4752 1399 4808 subdici
1424 4756 1694 4823 possunt,
1723 4752 1806 4809 sic
1831 4757 1890 4808 ut

218 4841 297 4895 ad
337 4838 630 4896 saeculum
682 4853 781 4894 xm
815 4840 1127 4909 pertineat.
1164 4841 1363 4894 Forma
1399 4840 1728 4895 litterarum
1763 4856 1892 4897 cum

215 4926 592 4984 Tornacensi
629 4927 776 4982 satis
807 4932 1011 4998 aperte
1059 4927 1329 4982 convenit
1358 4945 1371 4991 ;
1407 4931 1466 4982 at
1498 4928 1890 4984 decretorium

217 5020 650 5086 argumentum
698 5015 917 5084 prabet
965 5014 1190 5070 adnexa
1239 5029 1317 5070 vu
1368 5015 1526 5085 Julii,
1559 5017 1626 5072 S.
1668 5017 1897 5073 Tiro-mae

214 5104 534 5175 martyris
558 5102 900 5171 eranslatio,
929 5102 1026 5158 ubi
1051 5102 1380 5158 certissime
1414 5103 1894 5159 Cantuaricnsem

217 5192 577 5264 episcopum
592 5189 784 5246 indica
795 5191 836 5244 ri
851 5190 1144 5261 existimo,
1161 5190 1330 5260 cujus
1349 5191 1660 5247 translatio
1692 5206 1760 5247 eo
1779 5192 1890 5260 die,

219 5279 451 5336 saltem
483 5294 552 5336 eo
577 5293 778 5335 mense
794 5279 941 5336 facta
965 5279 1342 5349 cognoscitur
1365 5294 1513 5335 anno
1536 5295 1631 5334 vm
1657 5279 1891 5334 Honorii

218 5370 305 5423 III
346 5368 666 5439 pontificis,
701 5368 799 5438 qui
831 5371 920 5423 est
973 5372 1130 5424 1223.
1168 5368 1326 5424 Unde
1377 5371 1538 5438 patet
1590 5381 1678 5422 me
1723 5371 1890 5422 recte

221 5456 534 5528 principio
582 5456 800 5513 dixisse
848 5456 1108 5513 codicem
1157 5456 1307 5513 hunc
1355 5471 1486 5512 cum
1536 5453 1886 5511 Tornacensi

2001 4487 2175 4556 Junii,
2195 4500 2322 4557 pag.
2342 4484 2586 4556 456,1itt.
2605 4486 2668 4554 D,
2685 4484 2739 4539 in
2768 4483 3061 4539 Bonifacio
3075 4483 3353 4554 episcopo
3368 4482 3650 4552 Mogunti-

2005 4589 2098 4645 no,
2127 4573 2466 4646 praedictam
2490 4576 2723 4629 atatem
2747 4570 3088 4626 distinctius
3121 4570 3493 4640 determinat,
3516 4569 3648 4625 affe-

2007 4677 2142 4719 rens
2165 4666 2468 4719 exaratum
2493 4661 2672 4717 fuisse
2694 4661 2848 4716 circa
2873 4673 3084 4714 annum
3113 4663 3270 4715 1138.
3310 4659 3508 4726 Recte,
3526 4657 3648 4728 opi-

2005 4753 2153 4824 nior,
2179 4757 2236 4808 et
2267 4755 2560 4819 accurate,
2597 4751 2770 4819 idque
2803 4746 3207 4803 llenschenius
3240 4745 3514 4815 colligere
3547 4760 3647 4816 po-

2007 4841 2117 4896 tuit
2150 4855 2222 4896 ex
2247 4839 2594 4896 brevissimo
2617 4837 2918 4905 chronico,
2948 4832 3362 4904 Martyrologio
3386 4832 3482 4888 isti
3509 4848 3649 4903 pra-

2007 4928 2140 4997 ﬁxo,
2169 4928 2322 4997 quod
2350 4927 2421 4982 ad
2445 4939 2654 4982 annum
2688 4929 2826 4980 1138
2850 4921 3148 4994 pertingit,
3178 4921 3230 4975 in
3257 4935 3369 4991 quo
3391 4919 3649 4976 clarissi-

2006 5030 2093 5070 me
2117 5015 2318 5071 eadem
2343 5017 2587 5086 apparet
2609 5027 2813 5069 manus
2828 5025 2939 5082 qua
2962 5014 3150 5066 totum
3174 5007 3647 5078 Martyrologium

2006 5103 2290 5174 scriptum
2314 5107 2423 5159 est.
2443 5103 2561 5157 Non
2588 5103 2729 5172 puto
2753 5098 3164 5155 verosimiliori
3187 5100 3531 5167 argumento
3555 5111 3650 5153 ve-

2005 5193 2148 5248 teris
2170 5192 2470 5261 cujusdam
2493 5189 2719 5247 codicis
2741 5191 2974 5244 atatem
3001 5186 3229 5241 deﬁniri
3248 5201 3421 5256 posse
3440 5204 3454 5253 ;
3472 5191 3647 5258 atque

2006 5281 2112 5337 hoc
2135 5285 2226 5336 est
2258 5280 2408 5350 quod
2441 5279 2722 5344 dicebam,
2756 5273 3107 5330 Tornacensi
3139 5277 3195 5328 et
3230 5276 3644 5347 Antuerpiensi

2003 5370 2220 5440 majore
2242 5367 2631 5436 antiquiorem
2659 5377 2810 5419 esse.
2839 5360 3079 5418 Accedit
3101 5364 3158 5416 et
3186 5360 3298 5418 alia
3323 5363 3494 5419 valde
3517 5377 3644 5431 pro-

2005 5458 2214 5515 babilis
2266 5457 2437 5524 ratio,
2484 5452 2638 5523 quod
2695 5453 2892 5506 careat
2927 5448 3376 5505 annuntiatione
3428 5455 3642 5503 sanctae
