3974 6150
356 213 458 268 567

1310 203 1680 263 USUARDUS
1716 198 2015 260 MONACH‘I

2135 194 2782 259 SANGERMANENSIS.
3585 209 3666 268 ωε

355 330 678 390 Catharinae
709 328 953 399 virginis
981 343 1090 385 xxv
1119 328 1480 385 Novembris.
1503 330 1620 384 Imo
1643 327 1986 397 clarissime,
2019 325 2077 386 A
2105 340 2216 384 non
2232 321 3214 399 possumus,simpliciter-vocamus
3228 321 3664 400 Auximum,

357 421 411 476 ni
436 418 622 487 fallor,
647 417 850 474 conﬁci
876 419 1068 488 potest
1093 431 1168 471 ex
1187 431 1256 472 eo
1281 417 1433 486 quod
1457 416 1527 471 de
1562 420 1761 472 sancto
1783 416 1993 472 Thema

353 507 628 580 episeopo
653 505 1072 574 Cantuariensi,
1099 504 1480 560 celeberrimo
1511 504 1707 560 saeculi
1739 519 1817 559 xxx
1851 519 1997 560 mar-

357 601 504 667 tyre,
529 595 710 650 altum
743 593 934 662 sileat,
958 609 1088 648 cum
1115 593 1162 648 is
1186 593 1241 647 in
1270 597 1521 662 utroque
1555 593 1748 665 priore
1777 583 1996 648 diserfe

354 683 738 755 exprimatur,
777 686 839 736 ut
867 681 1001 737 vide
1031 681 1086 735 in
1118 681 1410 736 Auctariis
1457 695 1592 736 xxxx
1640 681 1992 738 Decembris.

427 776 552 828 221.
580 769 743 836 Quod
775 784 915 824 vero
940 768 1068 825 aliis
1091 767 1221 825 istis
1241 767 1632 842 simplicitatis
1653 771 1828 841 atque
1851 769 1997 827 adeo

359 857 733 916 auctoritatis
753 858 955 914 ordine
980 863 1383 930 postponatur,
1413 860 1682 928 facitjam
1707 859 1996 916 insinuata

360 948 742 1019 descriptoris
791 947 1053 1015 libertas,
1091 947 1187 1018 qui
1218 946 1686 1018 Martyrologium
1728 947 2000 1004 Usuardi-

361 1051 497 1092 num
529 1036 698 1091 nimis
733 1037 1070 1106 frequenter
1099 1050 1171 1090 ex
1199 1035 1502 1092 codicibus
1539 1035 2001 1106 Hieronymianis

361 1128 420 1179 et
468 1139 539 1180 ex
591 1124 787 1180 Adone
834 1123 1229 1195 interpolavit,
1265 1127 1362 1179 aut
1412 1123 1644 1180 aliunde
1684 1124 1864 1194 auxit,
1901 1127 2000 1180 aut

364 1213 586 1268 modice
614 1211 938 1283 corrupuit,
962 1217 1025 1267 ut
1043 1211 1494 1268 Observationes
1515 1211 1868 1282 quotidianae
1891 1215 2002 1269 Au-

361 1300 662 1370 ctariaquc
687 1303 884 1355 nostra
916 1299 1218 1355 manifeste
1246 1299 1579 1356 ostendunt.
1609 1300 1706 1355 His
1736 1299 1884 1356 adde
1913 1314 2002 1356 ac-

363 1387 655 1444 cessiones
679 1388 1213 1458 Anglicanas(unde
1239 1388 1484 1458 patriam
1511 1388 1782 1458 superius
1806 1389 2003 1444 obser-

363 1477 535 1532 vabat
571 1475 988 1545 chsehcnius)
1023 1490 1266 1546 quarum
1298 1476 1392 1531 hic
1423 1475 1700 1546 pauculas
1739 1475 2002 1545 attigisse

369 1565 509 1620 satis
533 1571 655 1631 est;
679 1571 924 1620 czeteras
947 1565 1131 1620 lector
1153 1565 1274 1621 suis
1295 1565 1436 1620 locis
1460 1565 1624 1620 facile
1647 1565 2005 1621 animadver-

2105 414 2270 473 Nulla
2309 417 2472 472 certa
2503 413 2696 470 aetatis
2727 411 2888 482 signa
2923 412 3180 484 praefert,
3207 417 3408 484 prmter
3423 416 3669 478 characte-

2108 520 2248 575 rem,
2273 505 2371 576 qui
2395 501 2673 560 swculum
2697 516 2798 560 xxxx
2820 514 3026 572 sapere
3051 499 3278 558 omnino
3297 501 3525 576 videtur,
3543 508 3672 565 mihi-

2107 609 2218 666 que
2241 595 2299 650 id
2323 593 2467 650 adeo
2491 589 2719 648 facilius
2744 588 3086 663 persuadeo,
3105 591 3259 662 quod
3283 591 3462 648 nullos
3483 600 3674 656 sanctos

2107 682 2297 754 signet
2319 696 2388 740 eo
2411 675 2627 738 saeculo
2653 679 3034 752 posteriores.
3057 679 3266 734 Suntin
3281 679 3500 750 praeﬁxo
3516 683 3676 742 Kalen-

2109 773 2272 829 dario
2292 769 2362 831 δ”.
2386 771 2636 828 Thomas
2656 770 2975 842 confessor,
2999 781 3082 824 vxx
3111 766 3293 822 Martii
3317 785 3331 833 ;
3355 782 3476 824 xxxx
3502 771 3675 841 Aprilis

2108 862 2398 920 Robertas
2425 857 2627 929 abbas,
2654 858 2704 914 is
2735 857 2888 914 haud
2917 855 3092 914 dubie
3120 855 3217 926 qui
3247 855 3492 913 ordinem
3511 859 3680 917 Cister-

2109 951 2360 1008 ciensem
2385 949 2604 1022 primus
2624 945 2934 1004 inchoavit.
2968 946 3106 1001 Tum
3135 958 3209 1000 xx
3237 945 3485 1015 Augusti,
3507 945 3680 1007 litteris

2111 1038 2383 1108 miniatis,
2406 1036 2720 1095 Bemadas
2741 1034 2943 1104 abbas,
2971 1032 3124 1090 unde
3145 1046 3258 1089 non
3290 1032 3472 1105 inepte
3489 1035 3680 1105 conjici-

2111 1133 2208 1186 tur
2228 1127 2488 1184 codicem
2511 1124 2648 1180 olim
2679 1124 2752 1179 ad
2785 1120 3176 1178 Cisterciense
3207 1119 3420 1191 aliquot
3443 1129 3681 1180 monaste-

2111 1217 2259 1272 rium
2274 1211 2691 1286 spectasse.Ad
2705 1227 2776 1268 xv
2799 1208 3330 1280 Octobris,ponitur
3346 1208 3686 1280 Francken;

2113 1303 2184 1360 ad
2206 1319 2301 1360 xxx
2322 1299 2685 1370 Novembris,
2701 1297 3034 1356 Elisabetlt.
3053 1299 3128 1353 At
3147 1311 3288 1353 vero
3309 1296 3592 1354 notandum
3609 1299 3685 1354 Ka-

2112 1391 2440 1448 lendarium
2474 1403 2504 1445 a
2541 1403 2712 1445 manu
2763 1387 2933 1456 longe
2965 1385 3277 1442 recentiori
3307 1398 3434 1441 esse
3463 1399 3607 1455 quam
3629 1386 3685 1441 sit

2118 1477 2595 1550 Martyrologium
2629 1477 2724 1533 cui
2757 1473 3164 1547 praemittitur;
3187 1477 3346 1530 certe
3377 1472 3506 1529 nulli
3536 1474 3581 1528 in
3607 1473 3686 1531 hoc

2117 1567 2302 1623 sancti
2324 1565 2700 1637 reperiuntur
2723 1563 3032 1618 Francisco
3051 1567 3149 1618 aut
3162 1560 3450 1618 Elisabeth
3465 1560 3690 1618 recentio-

365 1655 473 1709 tet.
511 1653 594 1708 Ad
631 1653 782 1708 diem
816 1668 894 1708 xxx
938 1653 1122 1707 Martii
1155 1652 1428 1722 adjicitur
1464 1653 1764 1724 Elfragas
1795 1654 2010 1710 Wz’nto—
2042 1677 2094 1737 Β
2120 1661 2233 1712 res.
2255 1651 2978 1710 PurissimumUsuardum
2999 1664 3112 1706 non
3134 1663 3270 1706 esse
3297 1649 3693 1706 docebuntAuc-

367 1743 595 1797 Mensis
629 1744 948 1813 episcopus.
977 1758 1034 1796 vx
1057 1743 1143 1798 Ad
1165 1741 1320 1812 Julii,
1347 1742 1634 1812 depositio
1662 1741 2008 1813 Seabarga.

368 1832 450 1885 Ne
473 1830 699 1899 singula
726 1845 1066 1901 prosequar,
1092 1830 1403 1886 videantur
1425 1845 1545 1900 xxxx,
1573 1845 1643 1886 xv
1667 1834 1722 1885 et
1747 1845 1880 1886 xxxx
1902 1832 2013 1887 Au-

369 1919 556 1988 gusti;
587 1935 636 1973 xv
663 1919 1023 1990 Septembris
1048 1924 1106 1973 ct
1129 1918 1264 1973 alibi
1291 1933 1468 1990 smpe.
1494 1920 1681 1990 Prope
1712 1919 2013 1975 exciderat

372 2006 674 2075 adnotare,
721 2005 873 2076 quod
916 2005 972 2060 in
1005 2005 1136 2062 aliis
1163 2005 1464 2062 codicibus
1497 2020 1691 2062 rarum
1722 2011 1832 2075 est,
1871 2006 1926 2062 id
1956 2005 2011 2061 in

372 2094 478 2150 hoc
509 2095 778 2164 reperiri,
806 2109 879 2149 ex
909 2111 1023 2165 quo
1057 2095 1126 2150 de
1157 2095 1284 2164 ejus
1304 2099 1598 2152 vetustate
1627 2095 1796 2150 liceat
1823 2095 2012 2150 facere

371 2181 790 2252 conjecturam,
841 2197 1066 2252 nempe,
1128 2183 1282 2252 quod
1342 2196 1504 2252 aeque
1550 2197 1614 2238 ac
1660 2181 2015 2238 Ileriniensis

375 2269 795 2338 diphthongum
811 2270 1126 2325 aascribat
1144 2285 1304 2340 pere
1317 2269 1678 2339 subvirgulat
1691 2285 1800 2339 um,
1820 2283 2016 2340 quem-

377 2355 686 2411 admodum
711 2371 884 2426 supra
910 2357 980 2412 dc
1004 2357 1277 2426 primario
1300 2357 1399 2412 illo
1420 2357 1619 2412 codice
1643 2361 1842 2414 nostro
1857 2357 2016 2412 Heri-

378 2443 562 2498 niensi
587 2444 850 2500 studiose
866 2444 1208 2500 monuimus.
1229 2447 1343 2500 Hoc
1358 2444 1607 2514 denique
1632 2445 2014 2516 repetendum

381 2531 530 2602 quod
559 2531 629 2587 de
653 2531 1066 2602 Autucrpiensi
1099 2533 1313 2601 majore
1344 2534 1715 2589 observatum
1745 2538 1854 2603 est,
1880 2535 2016 2590 Ros-

377 2619 722 2690 wcydinum,
759 2635 872 2690 quo
905 2621 975 2677 de
1023 2620 1334 2691 loquimur,
1373 2621 1852 2692 manuscriptum,
1884 2637 2014 2677 cum

382 2709 626 2779 praefato
657 2708 856 2764 codice
885 2712 942 2763 et
979 2709 1405 2779 Aquicinctino,
1431 2710 1727 2766 Pratcnsis
1755 2708 2018 2780 vestigiis

382 2797 723 2868 plerumque
771 2796 1060 2866 insistere,
1095 2797 1228 2854 dum
1280 2797 1372 2853 hic
1419 2812 1448 2852 a
1481 2797 1723 2868 reliquis
1752 2797 2019 2854 omnibus

381 2883 668 2940 dissentit.

449 2979 574 3044 222.
593 2973 886 3029 Illustrcm
911 2974 1140 3030 vocavit
1163 2975 1557 3032 Henschenius
1577 2976 2014 3049 tomolAprilis.

384 3076 511 3132 pag.
531 3061 797 3130 xxv,infra
815 3061 928 3115 litt.
948 3063 1008 3131 E,
1027 3063 1287 3117 codicem
1312 3062 1506 3130 alium,
1525 3079 1552 3118 a
1579 3065 1870 3135 prmeipua
1893 3066 2020 3136 ejus

384 3149 827 3204 annuntiatione
872 3164 942 3204 xx
982 3150 1134 3205 Junii
1187 3151 1396 3221 posita,
1442 3153 1871 3210 Palsanensem
1907 3154 2024 3210 dic-

381 3241 528 3313 tum,
556 3237 827 3308 quoniam
854 3237 1066 3292 ibidem
1101 3240 1317 3294 Joanne
1341 3240 1551 3295 abbate
1582 3239 1919 3298 Pulsanensi
1944 3243 2022 3297 ita

385 3325 523 3394 agit,
541 3330 602 3381 ut
630 3325 798 3394 plane
824 3325 920 3379 det
947 3325 1275 3395 intelligere
1305 3326 1439 3381 olim
1464 3327 1520 3382 in
1544 3330 1810 3385 coenobio
1835 3329 1934 3385 illo
1952 3345 2026 3385 ex

387 3411 702 3480 antiquiori
734 3411 1062 3467 Usuardino
1084 3414 1402 3484 exemplari
1436 3415 1791 3486 descriptum
1827 3417 2020 3488 fuisse,

389 3498 490 3553 sed
526 3497 843 3567 saepiSsimc
863 3503 1226 3555 contractum
1251 3507 1310 3556 et
1342 3501 1729 3558 decurtatum.
1765 3505 1846 3558 Ex
1878 3519 2025 3561 anno

389 3587 586 3642 obitus
616 3587 869 3657 Joannis,
898 3588 1178 3644 incarnati
1204 3590 1376 3645 Verbi
1401 3595 1558 3660 1139,
1587 3591 1766 3648 ferme
1788 3591 2023 3663 collegit

386 3675 824 3744 Papebrochius
842 3680 1002 3730 tome
1019 3679 1086 3732 lV
1107 3679 1428 3749 Junii,pag.
1448 3683 1533 3749 39,
1552 3694 1706 3735 num.
1725 3685 1777 3748 8,
1797 3682 1918 3738 tam
1935 3696 2027 3738 ce-

388 3763 610 3820 tastam
639 3779 765 3819 esse
799 3765 907 3820 hoc
942 3766 1524 3837 Martyrologium,at
1548 3768 1655 3826 sub
1685 3770 2026 3828 immediate

383 3853 580 3910 sancti
593 3867 922 3910 successore
933 3857 1199 3911 Jordano
1209 3856 1498 3926 scriptam
1507 3858 1680 3914 viaea
1687 3859 2028 3930 twr,qaz'ppe

384 3941 648 3996 alterum
659 3941 1127 3996 Palsaaensium
1137 3944 1474 3999 sanctorum
1485 3947 1726 4002 nomina
1736 3947 1908 4002 nulla
1923 3947 2026 4004 Ita-

389 4025 542 4081 bens.
583 4026 768 4081 Facile
801 4029 1112 4096 assentior,
1143 4043 1274 4084 cum
1303 4043 1368 4084 ea
1401 4030 1562 4100 signa
1595 4026 1866 4102 praeferat
1896 4049 2024 4104 quze

388 4117 745 4170 vetustatem
803 4115 1034 4171 omnino
1084 4117 1506 4174 commendent.
1557 4120 1833 4178 Indicium
1885 4137 2024 4180 vero

389 4201 543 4256 haud
557 4202 871 4258 obscurum
887 4203 1142 4272 exhibet,
1161 4205 1294 4261 dum
1311 4207 1380 4262 de
1393 4207 1602 4264 Thoma
1619 4209 2020 4268 Cantuariensi

388 4289 460 4344 ad
484 4289 798 4358 marginem
822 4296 880 4346 et
905 4293 1217 4348 recentiori
1240 4301 1538 4352 caractere
1561 4298 1837 4368 meminit,
1857 4304 2022 4356 utest

2122 1744 2292 1800 taria.
2321 1743 2398 1799 De
2429 1745 2647 1798 cas-tero
2689 1739 2887 1796 notavi
2927 1739 3199 1810 superius
3227 1751 3378 1794 num.
3403 1742 3510 1794 172.
3532 1752 3593 1793 ex
3616 1737 3693 1793 hu-

2116 1829 2783 1902 jusmodimanuscripto
2823 1827 3034 1884 factam
3073 1841 3206 1882 esse
3241 1826 3469 1898 primam
3495 1823 3625 1881 illam
3647 1830 3695 1882 et

2123 1920 2376 1978 omnium
2405 1917 2866 1976 vetustissimam
2898 1915 3215 1972 editionem
3241 1915 3573 1971 Lubecanam
3591 1912 3694 1968 anui

2121 2007 2460 2077 1475;undc
2493 2006 2548 2061 in
2584 2019 2762 2076 Opere
2805 2007 3014 2060 nostro
3047 2017 3284 2074 semper
3321 2001 3698 2072 conjuuguntur

2123 2099 2246 2154 haec
2261 2097 2374 2153 duo
2389 2093 2796 2165 Martyrologia
2819 2091 3054 2148 citando
3081 2091 3428 2163 Antaerp.et
3440 2089 3696 2146 Μαίη-,ινα

2125 2185 2467 2255 bec;quibus
2491 2183 2831 2254 plerumque
2850 2179 3074 2236 accedit
3093 2179 3289 2236 codex
3310 2178 3470 2248 alius,
3487 2177 3629 2247 cujus
3644 2189 3694 2232 so

2125 2275 2240 2330 lum
2273 2275 2600 2329 extractum
2625 2284 2728 2326 seu
2749 2269 3124 2327 collationem
3139 2268 3439 2337 habemus,
3455 2279 3522 2322 ex
3535 2263 3698 2321 biblio-

2123 2363 2294 2418 theca
2309 2359 2675 2418 celeberrimi
2699 2355 2930 2413 abbatis
2953 2355 3202 2427 Ughelli,
3223 2356 3376 2413 unde
3406 2367 3589 2410 nomen
3611 2349 3703 2407 indi

2128 2454 2269 2520 tum,
2300 2449 2712 2522 Ughellianus,
2738 2445 2810 2502 de
2832 2459 2948 2516 quo
2977 2459 3109 2503 cum
3141 2443 3280 2500 aliis
3310 2441 3572 2500 extractis
3590 2439 3704 2498 infra

2126 2553 2382 2609 agemus.

2197 2630 2319 2683 224.
2337 2625 2684 2682 Usuardinis
2699 2623 3113 2695 manuscriptis
3135 2621 3397 2678 melioris
3418 2624 3554 2676 notae
3569 2617 3708 2674 etiam

2127 2714 2598 2772 annumerandus
2647 2713 2805 2770 venit
2838 2712 3026 2769 codex
3051 2709 3545 2778 Marchianensis,
3575 2717 3710 2777 quem

2130 2807 2403 2876 putamus
2419 2801 2472 2858 in
2494 2801 2617 2873 ipsa
2631 2802 2862 2858 abbatia
2888 2801 3178 2871 integrum
3200 2813 3316 2856 non
3340 2801 3559 2855 exstare
3571 2806 3712 2866 quau-

2131 2891 2442 2963 doquidem
2466 2890 2651 2948 solum
2667 2903 2923 2946 mensem
2937 2888 3319 2944 Februarium
3333 2887 3458 2944 inde
3471 2879 3712 2954 acceperi-

2132 2996 2282 3052 mus,
2303 2995 2433 3038 cum
2457 2979 2664 3036 lacinia
2689 2979 2880 3049 aliqua
2905 2977 3122 3034 mensis
3142 2977 3356 3033 Martii.
3381 2977 3458 3032 Ex
3485 2989 3548 3030 eo
3569 2968 3714 3042 speci-

2133 3070 2283 3125 mine
2297 3071 2509 3126 cratera
2527 3067 2693 3124 facile
2707 3065 3360 3138 cognosces;utinam,si
3373 3065 3548 3120 adhuc
3560 3071 3714 3130 super-

2133 3159 2268 3228 sint,
2287 3159 2358 3214 ad
2375 3173 2480 3212 nos
2495 3157 2808 3226 aliquando
2824 3155 3311 3211 transmittantur
3327 3173 3338 3208 :
3355 3153 3410 3209 id
3426 3149 3716 3223 peraliquos

2132 3261 2164 3302 e
2187 3246 2410 3301 nostris
2423 3245 2695 3300 Patribus
2711 3259 2864 3316 saepe
2873 3245 2988 3315 jam
3009 3243 3225 3299 frustra
3252 3243 3553 3313 impetrare
3570 3239 3718 3292 tenta-

2136 3333 2339 3390 vimus.
2359 3332 2597 3388 Viciniae
2609 3332 2818 3402 gratia,
2836 3330 3258 3387 Marchianensi
3285 3329 3558 3399 subjungo
3574 3321 3721 3394 Aqui-

2131 3420 2785 3491 cz‘nctiaamexemplar,
2803 3418 2954 3490 quod
2978 3419 3118 3476 licet
3133 3422 3325 3475 totum
3340 3429 3557 3488 quoque
3567 3417 3619 3468 et
3629 3410 3720 3482 ple-

2135 3523 2269 3565 num
2293 3523 2406 3564 non
2437 3509 2734 3577 habemus,
2762 3495 3054 3563 defecVum
3084 3506 3250 3563 illum
3283 3504 3506 3562 abunde
3531 3497 3719 3572 supplet

2133 3597 2569 3652 accuratissima
2593 3595 2853 3664 ejusdem
2867 3593 3126 3664 collatio,
3142 3609 3276 3650 cum
3301 3592 3542 3651 secunda
3554 3582 3719 3644 Molani

2134 3683 2390 3740 editione
2415 3683 2544 3740 anni
2571 3687 2729 3751 1573,
2749 3682 2842 3738 ubi
2867 3696 2932 3738 ea
2959 3696 3068 3753 qua
3095 3681 3218 3738 fieri
3243 3673 3720 3754 potuitdiligeutia,

2134 3773 2430 3829 variantes
2453 3772 2736 3829 lectiones
2758 3784 2958 3826 omnes
2979 3770 3269 3842 appositae
3294 3773 3450 3838 sunt,
3465 3783 3530 3824 ex
3551 3763 3723 3836 quibus

2136 3860 2206 3916 de
2234 3861 2418 3918 totius
2451 3860 2672 3918 codicis
2701 3860 2958 3932 puritate
2989 3863 3048 3915 et
3080 3858 3458 3929 simplicitate
3489 3851 3722 3926 judicium

2137 3950 2376 4006 feratur.
2396 3951 2477 4005 Ex
2491 3948 2750 4020 praefatis
2774 3948 3059 4004 extractis
3071 3947 3282 4004 videor
3296 3961 3467 4020 posse
3479 3942 3724 4014 conjicere

2135 4038 2395 4095 codicem
2427 4037 2588 4094 illum
2622 4037 2834 4094 saeculo
2854 4036 3036 4092 tertio
3059 4035 3290 4093 decimo
3313 4034 3462 4092 haud
3489 4027 3725 4105 posterio-

2135 4141 2254 4182 rem
2290 4140 2451 4194 esse;
2481 4127 2680 4182 eadem
2715 4141 2820 4197 pro
2865 4124 3281 4182 Marchianensi
3317 4120 3613 4181 sententia.
3633 4118 3726 4172 Hoc

2135 4218 2326 4271 autem
2351 4213 2756 4285 Aquicinctino
2779 4216 2981 4272 nostro
3003 4228 3132 4270 cum
3157 4209 3565 4284 Antuerpiensi
3588 4203 3726 4273 majo-

2135 4317 2197 4358 re
2223 4306 2280 4358 et
2303 4302 2690 4372 Roswcydiuo
2713 4316 3016 4358 commune
3037 4305 3150 4370 est,
3177 4301 3334 4371 quod
3360 4299 3456 4356 ubi
3477 4290 3726 4354 Pratcnsis

388 4375 443 4431 in
468 4377 759 4434 Auctariis
781 4378 960 4434 citata
984 4380 1255 4450 superius
1279 4381 1370 4438 die
1385 4398 1515 4439 xxxx
1530 4385 1881 4442 Decembris.
1899 4387 2023 4453 Quo
2053 4387 2105 4448 D
2135 4404 2164 4446 a
2191 4389 2431 4461 reliquis
2451 4389 2664 4459 deviat,
2690 4389 2782 4445 hic
2803 4403 2933 4458 cum
2957 4388 3188 4445 duobus
3211 4387 3409 4444 solitis
3431 4383 3596 4443 sociis
3612 4379 3726 4436 clas-

388 4468 560 4536 paeto
592 4465 664 4520 ad
703 4481 806 4522 nos
839 4469 1190 4538 pervenerit,
1227 4471 1478 4542 explicat
1512 4471 1724 4528 ibidem
1755 4473 2028 4531 laudatus

385 4554 844 4626 Papebrochius,
874 4572 946 4612 ex
977 4557 1173 4614 notula
1203 4574 1234 4615 a
1258 4559 1534 4617 Bollando
1553 4561 1738 4618 codici
1766 4563 2020 4633 prtelixa.

387 4642 655 4714 Scriptus
677 4647 766 4700 cst
792 4645 845 4698 iu
878 4647 1235 4718 membrana,
1269 4649 1448 4705 forma
1479 4653 1706 4718 octava,
1742 4649 2026 4721 principio

387 4731 592 4788 diebus
623 4737 876 4802 quatuor
904 4734 1160 4791 mutilus.
1184 4737 1307 4791 Jam
1339 4736 1478 4805 dixi,
1503 4740 1560 4792 et
1591 4751 1664 4792 ex
1691 4741 1818 4792 toto
1849 4753 2026 4809 opere

385 4826 593 4876 nostro
626 4820 808 4890 liquet
863 4821 1162 4879 multoties
1209 4824 1538 4880 Usuardum
1585 4825 1939 4896 abbreviari,
1967 4831 2025 4882 et

385 4908 658 4965 nonnulla
716 4909 1062 4980 quandoque
1108 4911 1280 4966 nimis
1331 4911 1512 4967 libere
1566 4913 1804 4980 omitti;
1851 4915 2022 4986 addo,

387 5008 580 5052 mense
606 4998 778 5054 Junio
815 4999 1137 5054 Usuardum
1179 5014 1589 5070 nonnunquam
1621 5001 1835 5072 deseri,
1866 5008 1926 5058 et
1955 5019 2026 5058 ex

387 5081 846 5155 Hieronymianis
875 5087 1156 5158 suppleri,
1191 5088 1342 5143 forte
1393 5089 1544 5158 quod
1590 5088 1647 5144 in
1692 5091 2025 5162 apographo

385 5168 734 5242 Usuardino,
782 5190 855 5230 ex
899 5191 1014 5246 quo
1063 5175 1401 5246 descriptus
1446 5180 1533 5233 est
1580 5177 1785 5248 codex,
1834 5178 2023 5249 aliqua

387 5254 678 5312 defuerint
699 5276 838 5330 qua:
887 5265 1150 5334 oportuit
1181 5265 1414 5321 aliunde
1455 5264 1738 5338 accipere.

458 5348 580 5402 223.
609 5347 788 5403 Vetus
835 5349 990 5421 item,
1023 5355 1450 5425 membraneus,
1486 5355 1541 5410 in
1591 5356 1798 5412 minori
1847 5358 2026 5414 forma

392 5433 650 5506 scriptus
681 5438 774 5490 est
803 5437 988 5495 codex
1019 5439 1135 5511 ille,
1172 5457 1342 5514 quem
1384 5444 1516 5516 quia
1565 5443 1680 5502 alio
1728 5444 2026 5507 remittere

2134 4491 2252 4533 sem
2286 4478 2440 4534 illam
2473 4477 2830 4550 peculiarem
2851 4477 3194 4547 constituat,
3220 4475 3294 4532 de
3325 4491 3438 4546 qua
3465 4475 3576 4545 jam
3603 4477 3726 4536 saepe

2136 4566 2408 4638 superius
2429 4571 2602 4636 atque
2627 4565 2681 4620 in
2705 4565 3227 4623 Observationibus
3252 4562 3474 4620 nostris
3499 4550 3727 4616 Usuardi-

2135 4653 2225 4709 nis
2265 4655 2601 4724 frequcnter
2652 4668 2843 4709 sermo
2893 4652 3164 4708 recurrit.

2205 4747 2328 4798 225.
2355 4743 2452 4798 llis
2474 4742 2740 4798 onmibus
2757 4741 3026 4811 subjungi
3049 4741 3244 4810 debet,
3263 4739 3312 4795 si
3339 4753 3452 4795 non
3478 4726 3728 4810 puritatis,

2135 4833 2233 4885 aut
2257 4829 2668 4902 simplicitatis,
2691 4829 2896 4886 saltem
2930 4827 3300 4899 antiquitatis
3315 4827 3472 4898 jure,
3494 4825 3646 4881 vetus
3660 4828 3732 4874 co-

2136 4917 2247 4973 dex
2269 4917 2452 4972 sancti
2476 4917 2750 4988 Richarii,
2777 4933 2945 4988 quem
2969 4931 2997 4972 a
3019 4915 3199 4989 priori
3221 4913 3474 4974 cmnobii
3499 4909 3638 4967 illius
3653 4915 3728 4958 uo-

2135 5005 2286 5061 mine
2320 5005 2727 5064 Uentalensem
2756 5005 3150 5076 indigitamus,
3185 5008 3242 5060 et
3275 5003 3509 5071 merito,
3538 5007 3650 5055 eum
3671 5001 3729 5045 ex

2135 5107 2190 5148 xv
2217 5093 2390 5163 Junii,
2425 5109 2554 5150 xxvx
2587 5095 2852 5164 Augusti,
2884 5109 2924 5150 xx
2953 5092 3292 5150 Decembris
3317 5096 3379 5148 et
3407 5088 3534 5146 aliis
3565 5081 3734 5140 diebus

2133 5181 2354 5238 clarum
2379 5181 2450 5238 sit
2474 5181 2552 5236 ibi
2577 5181 2712 5237 olim
2727 5182 3010 5254 scriptum
3026 5185 3202 5252 atque
3215 5181 3554 5250 usurpatum
3569 5169 3730 5228 fuisse.

2135 5271 2301 5326 Manu
2343 5285 2443 5326 sua
2495 5270 2767 5341 ascripsit
2813 5270 3158 5341 Rosveydus
3198 5283 3258 5326 se
3297 5257 3733 5351 Martyrologium

2138 5371 2305 5414 suum
2337 5357 2619 5416 habuisse
2645 5371 2721 5414 ea:
2748 5358 2995 5417 abbatia
3025 5358 3093 5417 όν.
3139 5355 3396 5424 Vedastt‘,
3428 5350 3574 5410 uude
3601 5350 3737 5418 prius

2136 5447 2490 5520 ecgl‘aphum
2523 5447 2632 5506 sibi
2657 5447 2912 5506 describi
2941 5449 3268 5514 curaverat,
3290 5441 3448 5514 quod
3481 5441 3621 5498 inter
3639 5427 3735 5492 col-
