3988 6158
237 251 341 310 809

1662 240 2205 307 PROLEGOHENA.

3522 252 3627 309 510

236 370 392 431 lecta
405 367 908 444 manuscripta,ad
931 367 1139 430 Bedam
1156 371 1527 444 pertinentia,
1553 373 1871 445 repositum
1905 375 1956 436 A
1988 370 2397 431 nominandum
2417 370 2641 431 censui.
2664 369 2971 443 .Belgicum
3000 386 3148 444 esse,
3171 376 3423 445 constat,
3447 388 3522 432 ex
3544 374 3624 432 fe-

237 457 453 518 inveni.
476 458 702 518 Fefellit
717 460 948 531 titulus,
964 461 1071 518 hoc
1097 462 1267 518 modo
1290 475 1637 534 expressus:
1655 463 1887 534 Incipit

230 546 745 620 Martyrologimn
769 546 1091 605 secundum
1116 548 1359 619 Bedam,
1383 562 1497 620 per
1525 550 1672 606 anni
1691 551 1880 607 circn-

236 636 379 694 ιω.
425 636 569 692 llinc
601 636 814 692 factum
847 641 909 692 ut
944 651 973 691 a
1006 636 1284 694 Bollando
1320 638 1676 709 prafationis
1713 651 1881 708 gene-

233 723 381 781 ralis
410 738 541 795 pag.
576 737 746 780 XLVIII
768 724 951 795 primo
984 723 1108 781 loco
1139 725 1293 781 inter
1324 725 1491 782 Beda
1522 725 1878 797 exemplaria

232 810 563 882 repositum
595 811 690 881 sit,
725 811 1010 869 extractis
1038 825 1140 868 sex
1172 813 1372 883 primis
1403 813 1533 869 anni
1564 813 1791 883 diebus,
1814 813 1880 867 li-

228 902 324 956 cet
380 914 410 954 a
464 897 663 968 vigilia
710 899 1047 956 Nativitatis
1097 901 1354 971 scriptor
1401 901 1875 973 Martyrologium

230 986 598 1043 exordiatur.
629 986 912 1045 Evincunt
945 987 1051 1045 soli
1078 988 1177 1044 isti
1210 989 1333 1045 dies
1364 989 1503 1045 nihil
1536 990 1592 1045 in
1626 993 1753 1045 toto
1776 988 1877 1044 illo

230 1074 647 1147 Martyrologio
667 1074 867 1131 haberi
892 1077 1045 1147 quod
1078 1078 1149 1133 ad
1174 1078 1382 1134 Bedam
1408 1077 1526 1134 ullo
1558 1078 1726 1141 modo
1748 1091 1877 1149 per-

232 1162 446 1219 tineat.
485 1162 615 1218 Mihi
647 1162 888 1219 evidens
919 1168 1009 1219 est
1041 1165 1408 1237 scriptorem,
1452 1166 1719 1237 quisquis
1757 1167 1876 1223 fue-

230 1249 330 1317 rit,
367 1250 698 1307 Usuardum
730 1251 1004 1308 habuisse
1036 1267 1154 1323 pra
1186 1254 1394 1324 oculis,
1428 1268 1597 1324 quem
1633 1269 1735 1326 pro
1767 1269 1875 1312 suo

230 1336 407 1394 libitu
440 1342 544 1395 aut
574 1340 878 1395 commodo
920 1341 1183 1411 mutavit,
1218 1342 1527 1413 corripuit,
1561 1343 1876 1413 interpola-

228 1425 336 1493 vit,
373 1426 432 1480 in
464 1425 520 1481 id
560 1426 805 1482 maxime
854 1427 1132 1498 intentus,
1171 1434 1235 1484 ut
1285 1430 1544 1499 quotidie
1593 1430 1872 1501 pleraque

234 1513 629 1569 abbreviaret.
655 1516 777 1569 Jam
801 1515 917 1570 dixi
941 1516 1412 1586 Martyrologium
1443 1518 1700 1589 incipere
1732 1536 1763 1575 a
1793 1518 1876 1573 vi-

230 1600 369 1670 gilia
404 1602 770 1668 Nativitatis;
795 1603 945 1659 addo
978 1603 1071 1660 hic
1100 1604 1445 1675 principium
1477 1606 1595 1661 tale
1625 1621 1774 1675 esse,
1810 1610 1873 1662 ut

234 1688 281 1743 si
314 1687 596 1745 librarius
626 1689 846 1760 reliqua
898 1706 968 1746 eo
1018 1693 1188 1747 modo
1242 1698 1592 1764 prosecutus
1646 1695 1872 1765 fuisset,
1907 1723 1961 1783 Β

234 1776 447 1832 merito
477 1777 662 1833 codex
694 1777 790 1833 ille
822 1778 974 1834 inter
1004 1782 1363 1837 Usuardinos
1398 1782 1597 1853 prima
1626 1788 1683 1838 et
1727 1784 1879 1855 Opti-

232 1879 338 1921 ma
370 1870 527 1921 nota
560 1870 1023 1941 computaretur.

301 1958 428 2009 226.
464 1954 549 2010 Ad
584 1954 736 2024 quod
768 1955 1043 2012 saculum
1099 1957 1465 2013 reducendus
1498 1958 1599 2028 sit;
1628 1974 1700 2014 ex
1742 1960 1882 2016 scri-

234 2044 429 2112 ptura
459 2042 630 2098 modo
670 2057 781 2098 non
819 2043 981 2099 facile
1024 2047 1268 2114 statues,
1303 2045 1396 2101 hic
1424 2047 1572 2101 enim
1622 2053 1879 2104 vetusta-

1989 462 2101 518 stis
2133 462 2389 535 propriis
2418 463 2472 518 in
2496 460 2842 519 Kalendario
2865 460 3127 531 signatis,
3163 462 3260 518 ubi
3294 477 3327 519 x
3355 462 3488 520 Julii
3522 478 3620 520 no-

1990 554 2183 607 tanter
2241 551 2495 621 ponitur,
2557 549 2834 620 singulari
2906 550 3154 607 rubrica
3205 552 3614 622 prarogativa,

1989 640 2041 693 S.
2079 639 2445 711 Amelberga,
2483 653 2610 709 qua
2641 653 2772 695 cum
2800 638 2857 693 in
2905 641 3099 693 monte
3130 636 3431 694 Blandinio
3466 639 3623 696 festi-

1986 726 2115 783 vius
2137 726 2382 797 colatur,
2401 726 2787 798 suspicionem
2810 725 3041 796 ingerit,
3069 725 3247 782 autin
3272 739 3339 782 ea
3364 727 3619 798 abbatia,

1987 819 2088 871 aut
2109 813 2313 871 saltem
2338 814 2590 871 Gandavi
2612 815 2873 871 codicem
2895 813 3031 869 olim
3051 816 3394 884 usurpatum
3419 814 3620 871 fuisse.

1985 901 2233 959 Etatem
2262 902 2579 959 scrutando
2603 902 2813 973 reperi,
2841 916 2970 958 nam
3002 902 3156 957 inter
3181 916 3356 973 parva
3381 916 3627 973 opuscu-

1987 988 2039 1046 la
2071 989 2484 1061 Martyrologio
2524 990 2849 1060 subjuncta,
2893 994 3047 1057 ante,
3080 990 3468 1047 Procinciale
3509 1004 3626 1047 om-

1984 1077 2678 1149 ninmpartinmmnndi,
2694 1078 2747 1132 in
2771 1076 3161 1148 explicatione
3200 1076 3624 1135 versiculorum

1985 1165 2370 1236 Paschalium,
2396 1166 2687 1222 indicatur
2708 1180 2891 1222 annus
2912 1170 3068 1236 1425,
3096 1166 3297 1222 eadem
3320 1181 3490 1223 manu
3514 1180 3626 1237 qua

1985 1259 2199 1311 catera
2230 1255 2418 1310 omnia
2444 1254 2754 1325 ascriptus.
2783 1254 3010 1311 Codicis
3031 1254 3398 1326 splendorem
3428 1258 3486 1310 et
3510 1269 3629 1311 ma-

1986 1342 2377 1411 gniﬁcentiam
2413 1356 2484 1397 ex
2514 1357 2581 1397 eo
2610 1342 2923 1412 intelligas,
2960 1344 3113 1413 quod
3151 1342 3393 1412 singula
3426 1342 3621 1413 facies,

1987 1430 2211 1486 dierum
2262 1430 2621 1499 singulorum
2676 1430 3017 1486 Usuardinis
3068 1431 3330 1486 textibus
3388 1444 3624 1501 respon-

1988 1517 2192 1585 deant;
2229 1519 2649 1589 sinceritatem,
2675 1533 2746 1574 ex
2767 1522 2891 1574 toto
2913 1519 3109 1589 operis
3130 1518 3313 1574 nostri
3347 1519 3619 1575 decursu.

2057 1611 2179 1662 228.
2214 1606 2627 1677 Autuerpiensi
2661 1608 2757 1662 isti
2808 1608 3055 1663 maximo
3102 1612 3202 1663 aut
3250 1620 3489 1679 compar
3522 1613 3624 1663 aut

1996 1694 2293 1765 proximus
2307 1698 2396 1749 cst
2422 1695 2729 1751 Usuardus
2747 1695 3199 1767 Ultrajectinns,
3216 1696 3395 1750 forma
3416 1699 3624 1765 quarta
3700 1744 3721 1755 -

1993 1786 2051 1836 et
2072 1783 2194 1853 ipse
2218 1783 2625 1839 membraneus
2643 1796 2709 1838 ac
2731 1783 2912 1838 nitide
2936 1783 3218 1855 scriptus,
3234 1782 3306 1838 ad
3327 1782 3494 1853 cujus
3508 1780 3623 1837 cal-

1988 1885 2133 1940 cem,
2151 1875 2285 1926 ante
2306 1871 2597 1927 variarum
2620 1871 3089 1928 benedictionum
3112 1870 3541 1938 collectionem,
3558 1874 3620 1925 et

1993 1959 2235 2030 patriam
2253 1974 2415 2015 suam
2435 1963 2490 2014 ct
2516 1974 2742 2016 comum
2778 1960 3065 2029 designat,
3101 1959 3191 2015 his
3212 1959 3438 2015 verbis:
3476 1958 3624 2014 Per-

1988 2047 2141 2103 tinet
2163 2048 2245 2104 ad
2272 2047 2506 2103 domum
2536 2046 2900 2104 Clericormn
2924 2049 2992 2104 S.
3024 2047 3377 2117 Jlteronymi
3396 2045 3463 2101 in
3486 2045 3628 2101 Tra-

232 2132 374 2197 tem,
438 2129 548 2185 nisi
616 2129 994 2186 vehementer
1044 2132 1233 2202 fallor,
1280 2132 1439 2201 justo
1488 2135 1875 2205 antiquiorem
1974 2134 2309 2204 jecto.Hac
2338 2135 2704 2203 cognomenti
2736 2134 2885 2189 ratio
2909 2134 3227 2204 fuit,atque
3250 2138 3315 2189 ut
3345 2131 3628 2189 aduobus

231 2218 494 2289 prafert.
523 2219 772 2274 Pressus
796 2220 1126 2289 character,
1152 2220 1298 2276 satis
1318 2220 1575 2291 elegans,
1611 2226 1669 2277 et
1703 2224 1876 2293 paulo

229 2306 517 2376 grandior
548 2306 603 2360 in
628 2308 980 2378 membrana,
1018 2309 1198 2364 forma
1232 2314 1458 2379 quarta,
1496 2310 1549 2364 in
1594 2311 1877 2382 principio

232 2394 480 2451 multum
495 2409 730 2465 exesus,
749 2395 1025 2453 saeculum
1049 2411 1128 2453 IIII
1144 2398 1321 2453 ferme
1336 2413 1538 2469 sapere
1552 2399 1871 2471 videretur,

232 2483 344 2538 nisi
380 2483 459 2538 ibi
492 2482 747 2553 legerem
780 2485 851 2540 ad
882 2500 935 2541 Iv
967 2485 1086 2541 Kal.
1112 2486 1260 2556 Maii,
1298 2502 1401 2543 seu
1434 2504 1607 2544 xxvm
1631 2490 1871 2559 Aprilis:

229 2571 459 2628 Eodem
470 2571 570 2628 die
586 2570 939 2642 Mediolani,
954 2575 1150 2631 sancti
1175 2576 1347 2632 Petri
1366 2579 1659 2648 martyris
1679 2577 1752 2633 ab
1766 2579 1878 2635 hae-

227 2660 446 2718 reticis
475 2661 674 2718 occisi.
702 2662 843 2717 Item
868 2677 976 2718 xxv
998 2663 1241 2732 Augusti
1268 2683 1279 2718 :
1306 2665 1382 2721 In
1400 2664 1665 2722 Francia
1683 2667 1880 2725 sancti

1988 2221 2116 2277 aliis
2148 2222 2488 2278 Usuardinis
2521 2222 2922 2291 Ultrajectinis
2943 2221 3425 2290 distingueretur,
3453 2218 3630 2287 majo-

1988 2324 2106 2365 rem
2124 2310 2283 2365 illum
2301 2310 2602 2381 insignem,
2621 2311 2717 2380 qui
2736 2311 2839 2365 fuit
2857 2310 3122 2365 ecclesia
3138 2311 3195 2363 B.
3213 2309 3631 2377 Maria,quem-

1987 2413 2098 2469 que
2125 2399 2268 2454 tanti
2292 2399 2428 2454 fecit
2450 2399 2829 2468 Rosweydus,
2847 2398 2919 2453 ab
2942 2398 3068 2468 ipso
3091 2411 3267 2468 supra
3290 2394 3627 2452 vocavimus

1985 2489 2482 2558 Rosneya'innm;
2502 2485 2751 2542 alterum
2780 2500 2922 2542 vero
2951 2486 3108 2557 typis
3130 2499 3428 2554 cxcusum,
3462 2481 3630 2552 cujus

1985 2574 2169 2631 solum
2202 2579 2485 2629 semestre
2537 2573 2785 2644 primum
2829 2573 2899 2627 ad
2951 2588 3055 2629 nos
3084 2572 3367 2643 pervenit,
3401 2571 3471 2625 dc
3512 2584 3626 2639 quo

1986 2662 2349 2719 meminimus
2373 2676 2527 2717 num.
2556 2665 2677 2731 173,
2694 2661 3007 2717 editionem
3025 2656 3626 2732 Ulh-ajectinamBel-

233 2748 524 2805 Ludovici
569 2750 737 2820 regis
782 2748 1170 2822 Francorum,
1197 2766 1270 2809 ac
1290 2754 1718 2824 gloriosissimi
1750 2768 1878 2810 con-
1977 2751 2369 2822 gicam,hunc
2393 2748 2755 2820 simpliciter,
2777 2748 3240 2819 Ultrajectinnm
3252 2747 3626 2818 placuitnun-

216 2837 505 2908 fesaoris,
529 2851 610 2893 XII
626 2838 694 2895 lc.
710 2838 778 2896 in
794 2851 921 2909 cap.
946 2840 1079 2896 Hac
1101 2840 1252 2895 enim
1268 2840 1436 2911 plane
1459 2842 1704 2898 innuunt
1739 2842 1878 2898 scri-

233 2928 401 2996 ptum
427 2924 715 2981 duntaxat
740 2927 922 2983 fuisse
948 2928 1057 2982 sub
1084 2928 1310 2984 initium
1338 2928 1540 2985 saeculi
1565 2944 1675 2984 xw.
1702 2930 1875 2999 Atqui

230 3012 567 3069 hactamen
583 3013 1004 3085 qualiscunque
1018 3019 1183 3085 atas,
1202 3016 1534 3088 pracipuus
1553 3021 1643 3073 est
1662 3017 1870 3073 titulus

1984 2854 2220 2910 cupare.
2276 2840 2565 2908 Nusquam
2597 2842 2916 2894 occurrunt
2945 2842 3104 2893 certa
3144 2836 3336 2892 atatis
3378 2836 3620 2907 indicia;

1983 2932 2064 2997 ‘at,
2084 2927 2130 2981 si
2150 2924 2600 2996 recteconjicio,
2619 2924 3028 2995 Autuerpiensi
3053 2924 3302 2980 maximo
3315 2937 3425 2980 non
3443 2925 3626 2983 multo

1985 3014 2280 3085 antiquior
2302 3028 2430 3069 esse
2454 3016 2668 3083 potest.
2696 3012 2995 3078 Quodnam
3019 3012 3254 3083 pr0prie
3279 3017 3507 3084 tempus
3530 3011 3630 3070 de-

232 3116 352 3173 quo
381 3100 495 3157 sibi
525 3066 967 3159 as‘timationejm
993 3066 1241 3174 aliquam
1266 3066 1449 3161 codex
1472 3105 1569 3162 ille
1597 3106 1869 3162 conciliat
1903 3066 1953 3130 Ο
1987 3066 2177 3173 signet
2202 3066 2572 3174 festivitatis
2609 3066 2918 3157 sacrm-nm
2957 3066 3348 3171 stigmatum,
3377 3066 3471 3156 1(er
3493 3102 3633 3173 Sep-

231 3206 368 3247 cum
392 3190 466 3246 de
488 3195 710 3247 caetero
732 3192 1051 3262 rarissime,
1079 3199 1467 3265 praeterquam
1492 3195 1547 3249 in
1572 3196 1876 3266 principio,

228 3279 554 3349 puritatem
572 3279 842 3351 attingat,
862 3296 1095 3352 semper
1110 3282 1180 3338 ad
1198 3283 1472 3339 Auctaria
1493 3284 1877 3353 rejiciendus;

222 3365 381 3421 sicut
426 3364 759 3436 plurimum,
796 3367 1443 3437 singularem.classem
1490 3371 1875 3441 constituens,

220 3450 717 3523 quemadmodum
743 3454 882 3509 facit
906 3454 1094 3509 codex
1116 3454 1284 3525 alter,
1313 3456 1411 3525 qui
1435 3456 1588 3512 inter
1611 3461 1877 3514 extracta

1988 3192 2236 3247 tembris
2276 3190 2463 3261 primo
2498 3190 2630 3245 loco
2674 3189 3012 3261 posita,non
3043 3190 3228 3245 ausim
3269 3194 3490 3245 temere
3531 3191 3631 3247 deni

1988 3281 2321 3337 terminare.
2358 3282 2432 3335 Ut
2463 3283 2524 3335 ut
2560 3279 2753 3347 fuerit,
2791 3277 2932 3332 nihil
2963 3276 3149 3334 codici
3184 3277 3267 3333 illi
3298 3278 3627 3335 detractum

1986 3368 2272 3438 volumus,
2327 3368 2559 3424 tametsi
2603 3367 2658 3422 in
2702 3366 2852 3423 serie
2903 3366 3357 3422 Usuardinorum
3403 3380 3629 3424 manus-

1986 3457 2308 3527 criptorum
2341 3456 2545 3512 media
2576 3459 2726 3512 nota
2758 3454 3171 3526 Autuerpiensi
3195 3454 3443 3511 maximo
3476 3459 3630 3526 post-

221 3536 557 3594 collocatus
576 3542 663 3594 est
698 3538 834 3594 olim
858 3541 1105 3597 coenobii
1148 3542 1665 3599 Carthusianorum
1690 3543 1899 3599 Ultra-1
1918 3580 1963 3620 .
1988 3549 2256 3614 ponatur.

216 3625 599 3696 jactensium,
635 3628 742 3683 sub
774 3629 1002 3684 nomine
1032 3629 1394 3699 Matricuke,
1430 3632 1583 3686 unde
1617 3632 1876 3700 quotidie

222 3713 387 3769 inter
413 3714 783 3771 accessiones
796 3716 1016 3771 citatur
1038 3719 1147 3773 sub
1171 3717 1347 3774 titulo
1367 3717 1710 3775 Matricala
1740 3719 1880 3775 (Iar-

221 3801 418 3859 τλωω
452 3801 935 3873 Uttrajactensis,
962 3819 1091 3873 qua
1115 3809 1203 3861 est
1227 3805 1403 3861 etiam
1432 3820 1639 3877 purum
1674 3812 1875 3876 putum

220 3888 479 3946 Usuardi
512 3891 938 3961 compendium,
976 3907 1129 3963 sape
1161 3893 1251 3948 vel
1286 3893 1339 3947 in
1387 3893 1510 3949 solo
1542 3898 1875 3950 sanctorum

219 3991 472 4035 numero
502 3977 799 4035 deficiens.
834 3980 1077 4050 Utrique
1108 3981 1164 4037 id
1198 3982 1620 4051 quodammodo
1646 3982 1878 4053 privile-

217 4067 296 4137 gii
331 4080 703 4137 concessum,
729 4072 793 4124 ut
824 4070 1158 4125 ambrorum
1192 4074 1393 4126 textus
1425 4071 1637 4141 integri
1669 4071 1876 4127 diebus

219 4154 478 4226 singulis
506 4154 880 4212 describendi
916 4156 1152 4213 fuerint.

323 4304 348 4357 ι
377 4301 466 4346 IV.
496 4324 549 4333 —
568 4300 639 4346 De
658 4302 916 4348 codicibus
945 4314 1070 4361 quos
1098 4305 1269 4352 media
1299 4310 1427 4352 nota
1445 4308 1768 4364 appellamus.

2056 3634 2179 3685 229.
2230 3629 2565 3697 Sequuntur
2592 3629 2724 3683 hinc
2753 3628 3010 3697 codices,
3045 3628 3215 3683 simul
3244 3630 3537 3698 compacti
3573 3630 3626 3684 in

1988 3719 2166 3773 forma
2200 3720 2429 3785 quarta,
2465 3730 2710 3786 quorum
2743 3714 2892 3770 alter
2921 3714 3149 3784 Belgice
3180 3715 3236 3769 in
3270 3716 3623 3785 membrana,

1986 3805 2136 3861 alter
2166 3803 2365 3858 Latine
2398 3803 2453 3858 in
2484 3804 2686 3859 charta
2715 3802 2989 3858 crassiori
3019 3807 3312 3859 exaratus.
3350 3802 3477 3859 Fuit
3501 3801 3618 3872 ille,

1986 3894 2081 3963 qui
2111 3891 2423 3948 vernacula
2471 3891 2665 3961 lingua
2711 3890 2969 3961 scriptus
2997 3892 3105 3959 est,
3143 3890 3213 3946 ad
3247 3904 3412 3947 usum
3450 3890 3628 3947 Sora-

1980 3995 2118 4039 rwm
2159 3980 2539 4052 regula/riam
2571 3980 2735 4037 lacus
2780 3979 3001 4035 sancta
3028 3977 3245 4035 Maria
3266 3979 3458 4050 jnzta
3486 3980 3630 4050 Ley-

1982 4071 2142 4140 dam,
2159 4073 2221 4126 ut
2239 4069 2460 4125 notavit
2487 4067 2800 4125 Bollandus
2823 4067 3307 4138 tomolJanuarii,
3333 4082 3464 4139 pag.
3491 4071 3625 4133 165;

1983 4157 2134 4227 alter
2161 4157 2217 4213 in
2246 4156 2405 4213 Actis
2445 4160 2691 4213 vocatur
2713 4155 3013 4213 Usuardus
3044 4156 3366 4228 Leydensis
3408 4156 3629 4214 sanctae

1985 4245 2193 4305 Caecili
2210 4260 2257 4302 ε.
2274 4246 2388 4301 Nos
2410 4258 2536 4300 eam
2560 4242 3055 4301 nomenclaturam
3080 4244 3137 4299 in
3162 4247 3411 4315 utroque
3432 4257 3627 4301 serva-

1980 4334 2186 4403 vimus,
2232 4347 2301 4389 ne
2342 4332 2487 4388 alias
2517 4332 2782 4402 Longiori
2824 4332 3163 4403 paraphrasi
3204 4333 3624 4404 Lugdunenses

278 4421 413 4475 227.
463 4414 854 4487 Sequentibus
901 4419 1224 4489 codicibus,
1269 4420 1569 4492 plerisque
1621 4422 1871 4492 Belgicis
1901 4420 1954 4481 D
1982 4423 2305 4479 Beatomm
2326 4421 2555 4477 dicendi
2578 4424 2793 4489 essent,
2820 4424 2920 4477 aut
2957 4420 3003 4476 si
3027 4419 3367 4491 simplicius,
3395 4419 3619 4490 Lugdu-

218 4506 433 4564 media
457 4518 562 4561 seu
585 4504 795 4562 saltem
821 4506 1114 4566 inferioris
1136 4512 1291 4565 nota
1319 4509 1771 4580 appellationem
1796 4512 1877 4567 in-

216 4595 500 4663 didimus,
525 4594 679 4663 quod
703 4598 828 4650 tum
852 4595 1063 4667 atatis,
1089 4602 1211 4653 tum
1237 4597 1579 4654 Usuardina
1604 4599 1879 4671 simplici-

214 4683 365 4738 tatis
396 4680 646 4750 ratione,
673 4696 803 4737 cum
836 4685 1242 4755 superioribus
1275 4686 1444 4757 plane
1479 4687 1732 4743 conferri
1766 4702 1876 4743 non

218 4771 471 4843 possint.
500 4769 785 4827 Videntur
806 4786 878 4827 ex
896 4774 1120 4843 eodem,
1138 4779 1235 4831 aut
1260 4775 1469 4832 saltem
1494 4791 1603 4832 non
1632 4775 1875 4833 multum

218 4857 505 4918 dissimili
560 4858 718 4915 fonte
762 4875 1124 4933 promanare,
1162 4863 1527 4933 longioribus
1579 4866 1711 4921 hinc
1746 4864 1878 4919 inde

217 4948 437 5020 elogiis
457 4947 750 5017 respersi;
776 4950 899 5019 sed,
926 4952 1076 5021 quod
1100 4951 1462 5025 mirere,!non
1488 4953 1688 5010 multis
1718 4966 1879 5009 sanc-

217 5037 298 5093 tis
324 5034 587 5109 Belgicis
615 5043 717 5095 aut
750 5037 880 5094 aliis
906 5038 1288 5110 popularibus
1312 5042 1487 5098 aucti.
1509 5043 1665 5097 Inter
1694 5042 1821 5111 hos,
1847 5056 1875 5097 a

216 5126 544 5184 voluminis
558 5127 960 5198 magnitudine
975 5142 1180 5184 nomen
1197 5129 1808 5201 sortitus,pracipuus
1820 5134 1879 5186 et

214 5214 710 5285 speciosissimus
722 5221 813 5273 est
833 5216 1019 5272 codex
1048 5216 1349 5287 maximus,
1365 5217 1618 5286 eleganti
1644 5218 1881 5274 charac-

214 5302 766 5360 tereinmembrana
781 5304 1303 5375 descriptus,corio
1320 5304 1493 5361 suillo
1508 5304 1883 5373 vestitus,cu-

209 5388 314 5457 jus
327 5404 469 5448 cum
494 5404 695 5447 verum
720 5391 1076 5449 domicilium
1092 5392 1376 5448 hactenus
1398 5408 1507 5448 non
1533 5392 1876 5461 detexerim,

211 5478 719 5553 Autuerpiemem
732 5481 1068 5541 mammam
1086 5494 1115 5536 a
1140 5479 1413 5537 diuturna
1430 5479 1880 5538 commoratione

1987 4524 2197 4566 nenses
2218 4513 2591 4577 vocarentur,
2620 4508 2784 4566 facile
2806 4508 3130 4578 imperitior
3163 4506 3377 4577 aliquis
3400 4508 3624 4578 Lugdu-

1987 4613 2120 4654 num
2146 4596 2362 4668 Gallia,
2383 4612 2514 4653 cum
2538 4596 2815 4666 Lugduno
2846 4598 3191 4652 Batavorum
3214 4596 3622 4652 confunderet.

1988 4687 2201 4743 Ambos
2213 4686 2446 4743 codices
2468 4684 2828 4741 Usuardinos
2849 4696 2982 4739 esse
2998 4683 3254 4740 dubitari
3277 4683 3507 4739 omnino
3528 4695 3626 4737 ne-

1989 4774 2112 4844 quit
2129 4775 2232 4830 sed
2247 4778 2451 4830 auctos
2467 4777 2642 4843 atque
2658 4771 2950 4843 prioribus
2965 4771 3191 4829 duobus
3214 4769 3623 4841 Autuerpiensi

1989 4862 2237 4918 maximo
2249 4866 2307 4917 et
2322 4860 2704 4931 Ultrajectino
2724 4875 3002 4932 perquam
3027 4858 3259 4917 similes.
3278 4860 3483 4914 Fateor
3505 4857 3628 4914 Bel-

1988 4950 2198 5019 gicum,
2226 4964 2553 5021 quanquam
2578 4948 2724 5005 male
2746 4948 3061 5019 depictum,
3087 4959 3493 5015 nonnunquam
3524 4960 3627 5017 pu-

1990 5036 2317 5107 riusaliqua
2334 5037 2639 5107 referre,in
2656 5036 3008 5107 quibuscum
3024 5032 3435 5104 Autuerpiensi
3453 5034 3629 5089 maxi-

1990 5140 2081 5181 mo
2094 5125 2405 5195 aliquando
2424 5124 2737 5195 consentit,
2756 5127 2817 5181 ut
2843 5124 2967 5181 suis
2989 5123 3132 5180 locis
3156 5120 3471 5178 indicatum
3495 5125 3584 5179 est
3611 5142 3623 5177 :

1988 5227 2189 5269 verum
2221 5227 2346 5269 eam
2361 5214 2576 5286 passim
2599 5217 2716 5270 tam
2739 5212 2931 5282 exigui
2965 5209 3237 5267 momenti
3261 5214 3415 5281 sunt,
3434 5215 3496 5267 ut
3519 5210 3628 5268 hac

1987 5316 2184 5371 causa,
2212 5302 2479 5373 Belgicus
2499 5302 2699 5358 Latino
2723 5300 2985 5373 praferri
3008 5313 3118 5356 non
3150 5313 3500 5371 magnopere
3531 5301 3623 5357 de.

1990 5392 2141 5447 beat.
2167 5392 2274 5448 Ubi
2298 5396 2490 5448 autem
2513 5388 2827 5446 concordet
2860 5388 3107 5458 invenio,
3144 5388 3627 5461 quemadmodum

1989 5479 2331 5553 plerumque
2342 5478 2717 5549 concordant,
2733 5478 2841 5534 sub
2857 5492 2969 5535 uno
2984 5478 3186 5537 eodem
3202 5478 3520 5551 Leydemis
3533 5489 3630 5531 no-
