3974 6150
396 257 493 314 871

1347 249 1720 309 USUARDUS
1756 248 2140 309 MONACHUS
2176 246 2823 309 SANGERMANENSIS.
3621 266 3703 323 ξπ,

398 376 627 436 nomine
662 379 978 448 utrumque
1020 372 1397 447 complector.
1432 375 1649 433 Neuter
1677 372 2032 447 antiquitate
2059 374 2114 435 A
2144 372 2304 431 beati
2332 372 2629 441 Francisi,
2648 371 2885 444 festum
2899 370 3103 443 majus
3123 370 3357 443 ἀκρίδα
3375 375 3503 434 Item
3521 394 3599 438 xix
3618 386 3702 442 Au-

400 464 674 526 saeeulum
704 479 776 523 xv
804 478 1087 536 superare
1116 463 1369 522 videtur.

469 558 592 612 230.
628 554 865 612 Duobus
897 552 1157 624 proxime
1184 552 1544 609 adumbratis
1574 550 1900 621 elegantior
1919 554 2031 620 est,

399 642 504 700 sed
526 643 807 713 ejusdem,
835 641 943 698 nisi
966 640 1212 699 multum
1237 639 1428 710 fallor,
1449 639 1658 708 aetatis,
1676 638 1861 696 codex
1884 636 2034 694 alius

396 731 659 802 ejusdem
705 732 922 801 formae,
962 730 1018 785 in
1051 729 1380 786 membrana
1413 727 1764 798 descriptus,
1799 739 1970 797 quem
2005 739 2035 781 a

398 818 646 890 collegio
685 822 887 877 nostro
936 816 1295 887 Lovaniensi,
1333 816 1503 887 cujus
1533 813 1669 872 olim
1704 814 1830 885 fuit,
1858 815 2039 871 Lava-

395 908 659 965 niensem
685 906 1286 977 indigitamus.lpsum
1317 918 1388 960 ex
1420 902 1831 975 Autuerpiensi
1863 902 2040 958 maxi-

397 1010 508 1067 mo,
527 994 620 1053 vel
645 994 1128 1067 Autuerpiensem
1152 992 1463 1048 maximum
1489 1006 1563 1048 ex
1593 991 1719 1063 ipso
1749 995 2041 1047 transum-

402 1085 566 1156 ptum
587 1082 882 1152 crederes,
899 1081 1008 1139 nisi
1032 1080 1246 1152 saepius
1267 1083 1603 1137 sanctorum
1624 1077 1812 1149 elogia
1835 1078 2042 1135 decur-

401 1175 524 1229 tata
550 1176 651 1229 aut
674 1170 939 1228 mutilata
961 1172 1432 1241 repraesentaret.
1452 1166 1795 1224 Submonuit
1818 1165 2043 1224 Bollan-

404 1259 515 1319 dus
533 1259 748 1317 alicubi
770 1257 1240 1329 Martyrologium
1263 1257 1370 1313 hoc
1383 1256 1735 1317 Lovaniense
1762 1254 2039 1312 Ecclesia)

402 1348 647 1419 alicujus
664 1347 910 1417 Belgica:
932 1345 1066 1403 olim
1090 1346 1302 1412 fuisse;
1327 1360 1457 1401 eum
1480 1348 1718 1401 sanctos
1740 1343 1929 1413 signet
1958 1343 2042 1399 di-

397 1434 609 1494 oecesis
625 1435 1074 1506 Camaracensis,
1093 1439 1155 1491 ut
1172 1433 1476 1501 Gudilam,
1494 1433 1869 1501 RWMW,
1884 1430 2043 1490 Gau-

390 1526 679 1598 gericum,
696 1524 1013 1582 Nicasium
1030 1528 1087 1579 et
1111 1523 1273 1580 alios.
1301 1523 1370 1577 At
1395 1520 1674 1592 postremi
1695 1520 1810 1577 duo
1830 1522 2042 1577 Usuar-

401 1612 520 1670 dini
563 1616 722 1684 sunt,
765 1616 828 1669 ut
869 1611 1113 1697 proinde
1162 1625 1192 1666 a
1244 1609 1389 1666 solis
1419 1608 1622 1697 Gudila
1656 1612 1718 1697 et
1759 1607 2042 1697 Rumoldo

399 1789 579 1848 fuisse
619 1788 867 1846 coenobii
918 1787 1166 1857 alicujus
1216 1787 1440 1844 ordinis
1482 1785 1664 1842 sancti
1711 1784 2038 1854 Augustini,

398 1878 868 1950 quandoquidem
883 1876 1254 1935 sanctissimo
1268 1875 1493 1932 doctori
1509 1887 1738 1944 semper
1751 1871 2043 1942 adjectum

395 1966 668 2023 exhibeat
700 1965 937 2023 titulum
968 1964 1180 2023 Patris
1206 1963 1417 2033 nostri,
1444 1962 1618 2033 idque
1641 1976 1752 2017 non
1776 1958 1962 2017 solum
1986 1960 2043 2016 in

399 2054 585 2128 ipsius
616 2052 1009 2125 Martyrologii
1044 2055 1344 2122 contextu,
1378 2065 1580 2107 verum
1608 2049 1782 2105 etiam
1823 2048 1880 2103 in
1912 2048 2045 2106 sub-

393 2143 570 2214 jectis
600 2141 922 2215 opusculis,
956 2140 1132 2212 idque
1156 2155 1288 2198 cum
1312 2137 1722 2209 Martyrologio
1742 2136 1876 2194 olim
1893 2151 2045 2193 com-

400 2235 594 2303 pacta,
622 2246 686 2287 ac
720 2229 1011 2300 religiosis
1042 2228 1162 2285 illis
1189 2227 1626 2299 Augustinianis
1647 2226 1704 2282 in
1734 2241 1843 2283 usu
1867 2225 2044 2282 fuisse

398 2319 691 2375 existimo.
713 2318 1017 2374 Canonims
1039 2321 1233 2373 autem
1256 2315 1645 2386 Regularibus
1658 2314 1852 2387 potius
1873 2327 2043 2384 quam

400 2405 673 2462 Eremitis
706 2404 1043 2474 servivisse,
1080 2404 1213 2459 inde
1252 2403 1497 2472 conjicio
1526 2402 1679 2473 quod
1724 2402 1795 2457 de
1842 2404 2044 2458 sancto

396 2493 632 2551 Nicolao
660 2491 1024 2549 Tolentinato
1057 2506 1168 2547 non
1200 2490 1546 2547 meminerit.

467 2586 592 2639 231.
624 2581 840 2637 Sextus
870 2579 1075 2637 media;
1105 2583 1258 2635 notae
1303 2578 1488 2636 codex
1516 2591 1721 2634 nomen
1752 2576 1930 2633 habet
1970 2577 2044 2634 ab

398 2685 467 2727 eo
494 2669 761 2727 coenobio
789 2668 959 2738 cujus
990 2671 1182 2725 notam
1217 2668 1455 2738 praefert
1488 2665 1576 2722 his
1601 2665 1798 2722 verbis
1818 2665 2047 2737 apposi-

346 2795 353 2805 ρ
396 2763 544 2816 tam:
569 2757 745 2817 Liber
759 2757 1112 2815 monasterii
1133 2756 1294 2814 beati
1311 2755 1601 2813 Ant/lanii
1625 2755 1694 2811 in
1712 2754 2047 2826 Alberghen

400 2847 835 2907 Canonicorum
863 2846 1281 2917 Regnlariu/m,
1316 2844 1496 2902 datus
1524 2858 1564 2901 a
1589 2842 1921 2900 venerabili
1949 2843 2046 2899 do-

394 2936 556 2994 mino
572 2935 837 2993 Henrico
846 2933 1102 3005 Matliie,
1115 2933 1346 2991 vicario
1358 2933 1425 2989 in
1448 2931 1718 2990 WersIoe.
1735 2932 1818 2986 Ex
1829 2931 2041 3000 Miraeo,

399 3024 455 3081 in
480 3023 817 3093 Originibus
834 3022 1251 3079 Canonicorum
1278 3019 1652 3090 Regularium
1677 3019 1873 3090 didici,
1901 3033 2047 3091 prae-

399 3110 617 3168 dictum
647 3110 976 3168 coenobium
999 3108 1177 3165 situm
1208 3108 1388 3164 fuisse
1417 3108 1484 3164 in
1515 3107 2045 3177 Tuenta,dicecesis

398 3199 543 3257 olim
575 3197 1047 3269 Ultrajectensis,
1081 3211 1152 3253 ex
1179 3210 1291 3266 qua
1330 3194 1517 3252 codex
1536 3194 1627 3251 hic
1652 3198 1888 3252 sanctos
1927 3194 2046 3265 ple-

401 3299 615 3357 rosque
629 3285 952 3359 consignat.
979 3285 1181 3341 Forma
1202 3288 1264 3340 et
1289 3282 1583 3354 scriptura
1607 3297 1737 3339 cum
1762 3281 2044 3353 Leydensi

401 3373 605 3433 Latino
634 3373 779 3429 satis
800 3371 1092 3441 convenit,
1119 3370 1222 3426 sed
1256 3370 1368 3427 isto
1390 3383 1799 3439 nonnunquam
1818 3369 2046 3425 auctior

402 3464 512 3518 est.
547 3461 818 3533 Scriptus
861 3458 1098 3516 videtur
1136 3457 1207 3514 ad
1237 3472 1407 3514 usum
1445 3458 1684 3515 Patrum
1723 3455 1945 3514 ordinis
1985 3459 2039 3514 S.

402 3547 717 3619 Francisci,
734 3547 887 3619 quod
903 3550 1065 3619 patet
1077 3561 1149 3603 ex
1162 3562 1218 3603 iv
1232 3551 1294 3603 et
1313 3560 1371 3603 xi
1385 3545 1678 3615 Octobris,
1695 3559 1769 3601 ex
1780 3559 1880 3602 xm
1894 3559 1961 3602 ac
1973 3560 2046 3603 xx

399 3636 552 3695 Junii
600 3636 850 3708 aliisque
891 3635 1055 3693 locis.
1099 3636 1218 3693 Nec
1260 3633 1467 3690 mirum
1500 3633 1687 3691 videri
1733 3632 1789 3690 id
1846 3634 2040 3705 debet,

401 3739 533 3783 cum
557 3723 972 3782 monasterium
988 3722 1145 3781 istud
1170 3722 1532 3793 Albergense
1551 3721 1777 3779 exstrui
1798 3721 2046 3794 primum

400 3813 648 3885 coeperit
679 3827 830 3870 anno
858 3815 1017 3883 1406,
1046 3814 1108 3868 ut
1132 3812 1307 3868 habet
1331 3809 1608 3882 antiquus
1628 3809 1840 3882 aliquis
1859 3809 2048 3868 codex

403 3906 603 3960 noster
628 3915 734 3958 ms.
768 3901 880 3958 sub
907 3903 1043 3957 nota
1058 3900 1117 3970 τι»
1163 3914 1267 3956 ms.
1304 3902 1391 3969 34,
1428 3898 1822 3956 fundationem
1863 3898 2047 3971 ipsius

405 3988 765 4057 describens,
796 3999 1160 4056 narransque
1207 3989 1484 4044 evoCatos
1531 3985 1669 4043 illuc
1720 3988 1933 4043 fratres
1975 4001 2049 4043 ex

405 4073 859 4144 congregatione
888 4071 1219 4143 Zwollensi,
1253 4086 1383 4143 quae
1432 4086 1536 4144 per
1568 4072 1625 4129 id
1657 4077 1887 4145 tempus
1916 4089 2048 4131 cum

408 4160 773 4219 Davatriensi
832 4159 1122 4232 regularis
1188 4159 1512 4233 disciplinae
1568 4160 1940 4218 observantia
1988 4165 2049 4217 et

407 4248 746 4307 sanctitatis
787 4249 934 4306 fama
962 4247 1210 4306 maxime
1240 4248 1687 4320 inclarescebat,
1720 4252 1874 4306 teste
1905 4263 2051 4320 pra:-

408 4339 528 4396 fato
557 4341 762 4395 nostro
795 4336 995 4395 codice
1045 4337 1445 4410 manuscripto
1496 4336 1745 4408 aliisque
1783 4336 2049 4394 historiis

2074 3066 2124 3129 C

2145 461 2323 531 gusti,
2348 461 2689 524 charactere
2709 459 2883 516 etiam
2905 474 3084 516 novo:
3114 458 3363 520 C’ivitate
3374 462 3701 544 Massiliensi,

2147 548 2306 608 beati
2318 549 2599 608 Ludovici
2609 548 2866 619 episcopi
2879 548 2939 604 et
2945 547 3314 620 confessoris,
3328 550 3395 607 de
3407 553 3585 612 ordine
3593 557 3707 616 Fra-

2147 637 2306 695 trum
2324 635 2879 707 Minorumjestum
2888 637 3091 707 majus
3108 635 3338 708 (inplere.
3357 639 3554 698 Rursus
3570 656 3616 700 xi
3627 645 3708 703 Oc-

2149 726 2365 782 tobris:
2425 724 2768 783 Translatio
2797 724 3019 781 sancta
3051 723 3244 782 Clara
3261 725 3711 801 virginis,an

2144 814 2346 872 minus
2377 813 2616 885 duplex.
2652 814 2718 868 Et
2743 827 2843 869 vm
2873 813 3213 869 Novembris
3239 831 3251 869 :
3281 814 3425 871 Item
3452 816 3712 877 translatio

2144 902 2212 959 ις’.
2248 901 2529 958 Ludovici
2556 900 2931 974 confessoris.
2968 900 3061 957 Sic
3092 900 3162 957 ad
3194 900 3493 971 marginem
3513 906 3711 975 appositi

2149 994 2285 1046 sunt
2306 984 2725 1047 Bernardinus
2755 1003 2827 1045 xx
2851 988 3014 1054 Maii;
3038 990 3460 1059 Beneventum,
3481 1005 3561 1046 xiv
3578 993 3711 1064 Junii,

2148 1077 2252 1135 etc.
2287 1076 2646 1135 Franciscns
2670 1076 2918 1148 primum
2940 1075 3131 1133 locum
3165 1076 3219 1131 in
3250 1080 3410 1132 textu
3430 1083 3656 1151 occupat,
3676 1094 3715 1136 Iv

2151 1164 2424 1222 Octobris
2446 1180 2554 1221 xxv
2576 1163 2702 1220 Maii
2740 1165 2934 1236 :Apud
2958 1165 3274 1233 Assisium,
3300 1165 3589 1224 translatio
3621 1166 3716 1224 bea-

2150 1254 2374 1312 tissimi
2400 1254 2613 1311 I’atris
2641 1253 2835 1311 nostri
2863 1252 3197 1311 Francisci.
3224 1254 3357 1309 Cum
3378 1256 3554 1309 autem
3575 1258 3719 1310 trans-

2151 1342 2290 1398 latio
2310 1341 2556 1399 Antonii
2574 1341 2860 1413 patavini
2892 1341 3042 1397 facta
3072 1344 3211 1397 1349
3242 1344 3340 1397 aut
3366 1344 3510 1411 1350,
3546 1346 3596 1397 et
3622 1357 3718 1412 quae

2152 1430 2333 1501 prima
2355 1430 2664 1487 citavimus
2684 1431 2757 1485 ab
2790 1428 2902 1485 alia
2934 1443 3106 1485 manu
3138 1429 3278 1499 sint,
3309 1428 3526 1486 videtur
3558 1430 3719 1500 conjici

2151 1532 2322 1589 posse
2350 1517 2607 1574 codicem
2656 1517 2816 1573 illum
2867 1516 3081 1574 saeculo
3123 1532 3218 1573 xxv
3265 1517 3614 1573 recentiorem
3636 1532 3719 1574 non

2108 1650 2123 1663 .
2150 1620 2304 1663 esse.
2339 1606 2592 1662 Patriam
2624 1605 2993 1662 manifestant
3024 1620 3059 1662 x
3088 1609 3151 1661 et
3173 1620 3229 1662 x1
3248 1604 3398 1674 Julii,
3421 1605 3661 1662 Kanutus
3680 1605 3726 1662 et

399 1701 679 1759 firmanda
729 1699 803 1759 sit
848 1695 1205 1770 conjectura.
1257 1696 1502 1754 Aliunde
1552 1696 1699 1753 satis
1739 1695 2041 1765 colligitur
2073 1722 2126 1780 Β

2158 1694 2443 1763 Ketillus,
2503 1692 2717 1763 aliique
2769 1693 2913 1749 locis
2960 1692 3109 1749 aliis.
3163 1693 3444 1759 Quantum
3486 1706 3633 1763 porro
3668 1693 3722 1748 ab

2157 1782 2484 1839 Usuardina
2518 1780 2892 1852 simplicitate
2922 1780 3122 1851 distet,
3176 1794 3249 1835 ex
3279 1779 3601 1850 quotidianis
3624 1792 3725 1835 auc-

2152 1869 2321 1925 tariis
2354 1869 2598 1939 intelligi
2631 1868 2885 1925 dabitur.

2224 1962 2346 2015 233.
2374 1958 2697 2030 Supersunt
2720 1956 2956 2013 codices
2974 1955 3089 2013 duo
3111 1955 3349 2026 integri,
3372 1969 3478 2012 non
3499 1952 3727 2024 ignobiles

2154 2046 2335 2103 forma
2361 2050 2590 2117 quarta,
2626 2044 2980 2101 membranei
3011 2048 3070 2101 et
3099 2044 3249 2101 satis
3278 2043 3509 2115 antiqui,
3528 2041 3731 2099 Bmel—

2155 2134 2337 2193 tensis
2366 2134 2426 2190 et
2448 2134 2919 2206 Hagenoyensis,
2943 2131 3158 2202 quibus
3179 2131 3338 2187 inter
3369 2129 3734 2200 manuscriptos

2155 2222 2358 2279 medias
2387 2226 2541 2278 notae
2564 2225 2902 2293 postremus
2925 2220 3087 2277 locus
3109 2220 3344 2276 dandus
3366 2219 3486 2289 fuit,
3517 2216 3732 2289 quoniam

2153 2316 2369 2382 pneter
2391 2313 2638 2367 caeteros
2662 2308 2907 2365 liberius
2921 2323 2985 2366 ac
3008 2306 3193 2365 libera
3208 2307 3319 2364 lius
3348 2306 3494 2364 aucti
3522 2309 3573 2362 et
3593 2305 3732 2361 inter-

2152 2398 2333 2470 polati
2350 2402 2485 2454 sunt
2511 2416 2523 2451 ε
2551 2401 2941 2469 praeterquam
2959 2396 3114 2467 quod
3137 2396 3318 2468 style,
3334 2395 3524 2453 ordine
3541 2398 3593 2451 et
3613 2392 3734 2464 inep-

2154 2486 2291 2542 tiori
2325 2485 2618 2543 scribendi
2642 2484 2811 2540 modo
2844 2484 3086 2555 reliquis
3108 2485 3332 2541 cedere
3360 2484 3604 2540 debeant.
3626 2481 3735 2536 Bru-

2152 2573 2434 2630 xellensis
2448 2576 2637 2629 tomos
2650 2573 2796 2630 duos
2806 2572 3248 2643 complectitur,
3265 2571 3495 2644 praﬁxo
3510 2566 3736 2626 Kalenda-

2154 2662 2241 2718 rio
2268 2665 2327 2718 et
2357 2664 2616 2717 tractatu
2652 2661 2725 2717 de
2761 2658 3501 2733 decempersecutionibus,
3521 2671 3618 2729 per
3629 2668 3737 2727 gen-

2155 2750 2291 2808 tiles
2304 2750 2703 2807 Romanorum
2715 2749 3103 2821 imperatores
3113 2749 3407 2806 Ecclesia
3418 2745 3614 2814 illatis,
3628 2747 3735 2810 etc.,

2156 2838 2368 2909 quibus
2397 2837 2770 2894 subnectitur
2788 2837 3053 2893 canonici
3075 2835 3477 2893 Bruxellensis
3503 2830 3735 2905 praefatio,

2154 2926 2272 2997 ubi,
2306 2925 2560 2983 laudatis
2591 2925 2962 2996 antiquorum
2984 2924 3523 2996 Martyrologorum,
3546 2932 3741 2994 praeser-

2153 3014 2258 3070 tim
2281 3013 2548 3084 Usuardi,
2565 3013 2895 3084 conatibus,
2914 3013 2999 3070 sic
3021 3013 3175 3069 inter
3200 3012 3319 3070 alia
3343 3010 3591 3070 disserit:
3615 3028 3638 3060 α
3657 3005 3741 3063 Sed

2152 3101 2521 3173 negligentiae
2552 3101 2697 3157 vitio
2715 3101 3016 3171 hucusque
3039 3115 3153 3157 non
3173 3101 3392 3171 caruit,
3425 3097 3567 3170 quod
3586 3094 3743 3166 hujus-

2157 3190 2311 3247 modi
2349 3194 2688 3247 sanctorum
2721 3189 2891 3261 (quos
2921 3188 3181 3246 Ecclesia
3221 3186 3603 3247 Bruxellensis
3627 3196 3746 3241 reco

2156 3278 2337 3349 lebat)
2359 3279 2414 3334 in
2445 3277 2699 3334 lectione
2729 3276 3123 3349 Martyrologii
3156 3277 3567 3341 memorianon
3597 3272 3743 3339 ﬁeret,

2156 3382 2261 3439 pro
2284 3366 2356 3422 iis
2378 3365 2604 3436 diebus,
2633 3364 2847 3436 quibus
2876 3380 2978 3422 nos
2999 3378 3206 3422 eorum
3242 3366 3394 3423 festa
3415 3364 3745 3423 celebramus.

2156 3456 2294 3523 Quae
2326 3469 2424 3511 res
2453 3453 2545 3525 pia
2578 3455 2826 3524 quadam
2857 3453 3286 3525 sollicitudine,
3317 3450 3658 3511 venerabiles
3675 3447 3751 3504 do-

2100 3542 2360 3633 .minos,
2395 3545 2797 3633 praeceptores
2830 3556 3007 3633 meos,
3059 3541 3351 3633 decanum
3400 3546 3456 3599 et
3486 3535 3750 3612 capitulum

2153 3629 2329 3703 hujus
2359 3630 2629 3688 ecclesia:
2660 3628 2989 3700 collegiataa
3028 3634 3088 3686 et
3131 3630 3425 3701 plebanias
3470 3632 3750 3688 sanctorum

2157 3718 2451 3776 Michaelis
2494 3717 2827 3788 archangeli
2866 3720 2926 3774 et
2976 3717 3201 3775 Gudilaa
3253 3718 3514 3791 virginis,
3544 3709 3756 3773 matricis

2157 3805 2401 3864 aliarum
2447 3804 2831 3863 ecclesiarum
2878 3805 3063 3863 totius
3109 3805 3291 3876 hujus
3343 3804 3575 3877 insignis
3599 3795 3754 3874 oppidi

2157 3893 2554 3952 Bruxellensis
2575 3894 3014 3952 Cameracensis
3033 3894 3333 3968 dioecesis,
3368 3894 3443 3954 ad
3465 3890 3755 3966 jubentium,

2158 3996 2363 4053 meque
2386 3982 2646 4054 ipsorum
2672 3980 2938 4038 inutilem
2964 3982 3312 4041 canonicum
3336 3999 3403 4042 ac
3425 3976 3757 4040 obediendum

2155 4069 2458 4142 compulit,
2485 4072 2778 4140 quatenus
2799 4084 2873 4126 ex
2895 4070 3275 4142 praefatorum
3290 4069 3761 4136 Patremllartyro-

2159 4158 2349 4229 logiis,
2383 4162 2718 4215 sanctorum
2762 4157 3193 4231 solemnitates,
3227 4176 3259 4212 ιο
3304 4163 3423 4217 etc.
3462 4158 3599 4215 Hine
3626 4153 3761 4208 licen-

2157 4247 2278 4304 tius
2308 4249 2608 4316 evagatus,
2660 4244 2840 4303 multa
2891 4245 3153 4318 collegit,
3189 4247 3299 4304 sed
3350 4245 3519 4317 male,
3551 4257 3645 4317 pro
3683 4249 3762 4295 suo

2159 4333 2405 4391 arbitrio
2442 4332 2754 4404 disposuit,
2783 4333 2868 4390 uti
2894 4334 3156 4391 auctaria
3186 4333 3413 4405 legenti
3437 4332 3587 4390 ultro
3604 4337 3766 4386 oecur-

403 4425 828 4483 Transisalanis
857 4423 1058 4482 saeculi
1091 4440 1181 4483 xv.
1207 4426 1399 4497 Atque
1431 4425 1556 4483 haec
1583 4440 1688 4498 pro
1708 4424 1927 4485 codicis
1946 4439 2046 4483 no-
2074 4414 2127 4474 D
2160 4426 2271 4492 ret,
2305 4435 2378 4478 ex
2407 4421 2619 4492 quibus
2668 4421 2844 4479 etiam
2894 4421 3181 4493 intelliget
3216 4428 3505 4493 quantum
3549 4416 3681 4477 absit
3709 4410 3766 4469 ab

404 4512 537 4570 titia
568 4514 713 4571 satis
745 4513 901 4571 dicta
929 4513 1065 4571 sint.

475 4605 601 4660 232.
636 4600 853 4658 Ordine
884 4601 971 4658 uti
995 4604 1053 4657 et
1082 4600 1425 4658 sinceritate
1449 4600 1744 4674 posterior
1772 4604 1887 4671 est,
1919 4599 2055 4658 licet

407 4691 658 4748 fortasse
686 4692 862 4747 astate
894 4689 1068 4762 paulo
1100 4689 1278 4762 prior,
1311 4689 1498 4747 codex
1523 4691 1727 4746 noster
1763 4689 2052 4759 Danicus,

408 4779 504 4850 qui
528 4780 602 4836 ab
622 4779 884 4836 Henrico
907 4776 1156 4849 quodam
1179 4778 1395 4849 equite,
1421 4777 1761 4850 cognomine
1790 4777 2053 4848 Rancou,

407 4867 634 4939 emptus
694 4866 931 4924 Lubeca
970 4869 1128 4936 1684,
1179 4865 1250 4922 ad
1300 4864 1531 4922 domum
1590 4864 1911 4936 professam
1961 4864 2059 4921 So-

410 4953 645 5012 cietatis
671 4958 891 5011 nostrae
921 4954 1271 5023 Prageusem
1302 4952 1641 5023 devenerat,
1686 4952 1837 5009 dono
1883 4951 2057 5009 datus

412 5041 607 5100 Bartio
635 5047 695 5099 et
735 5040 1020 5111 Janningo
1067 5055 1159 5098 an.
1213 5043 1353 5099 1688
1402 5040 1480 5096 ibi
1531 5039 1943 5097 existentibus.
1994 5041 2057 5096 In

414 5125 596 5197 prima
627 5130 833 5201 pagina
866 5128 1126 5202 ascripta
1154 5131 1291 5185 sunt
1323 5127 1449 5185 haec
1475 5129 1692 5185 verba:
1726 5126 1903 5185 Liber
1929 5140 2059 5186 con-

416 5214 623 5272 ventus
640 5216 1027 5276 Nistadensis
1033 5216 1365 5290 provincia
1379 5216 1611 5274 Dania.
1629 5216 1701 5271 At
1725 5216 2057 5273 Francisca-

417 5312 548 5355 nam
574 5299 843 5360 familiam
867 5309 1173 5377 spectasse
1205 5307 1555 5362 conventum
1577 5302 1739 5361 illum
1771 5303 1978 5374 probat
2000 5303 2057 5359 in

420 5385 695 5444 inferiore
708 5404 808 5446 ora
824 5390 941 5447 folii
958 5407 1073 5450 xvu
1086 5392 1446 5465 Septembris
1460 5390 1754 5449 recentius
1767 5390 2022 5461 ascripta
2042 5409 2055 5445 :

392 5477 491 5539 .In
506 5476 700 5537 monte
724 5477 990 5549 Alverno,
1020 5482 1331 5553 impressio
1357 5494 1667 5541 sacrorum
1694 5479 2061 5552 stigmatum

2163 4509 2743 4582 Hieronymianorum
2795 4510 3105 4581 brevitate,
3160 4510 3233 4567 de
3286 4526 3405 4582 qua
3455 4524 3519 4566 re
3563 4505 3769 4563 diximus

2164 4614 2318 4656 num.
2353 4602 2438 4656 38.
2473 4596 2722 4655 Aitatem
2755 4611 2922 4654 nemo
2955 4597 3124 4655 facile
3151 4605 3326 4654 eruet
3357 4617 3370 4652 :
3405 4597 3513 4655 nisi
3541 4593 3689 4651 fallor
3712 4585 3769 4643 ad

2165 4685 2335 4742 finem
2370 4684 2571 4743 saeculi
2600 4700 2693 4742 XIV
2726 4685 2815 4742 vel
2845 4685 2920 4742 ad
2953 4685 3182 4743 initium
3212 4685 3425 4744 saeculi
3447 4700 3519 4742 xv
3539 4678 3769 4756 pertinet.

2236 4777 2359 4832 234.
2392 4775 2883 4845 Hagenoyensem
2929 4788 3204 4831 vocamus
3254 4775 3332 4832 ab
3383 4772 3651 4839 incolatu,
3676 4764 3773 4822 sive

2166 4879 2196 4920 a
2211 4876 2551 4934 possessore
2562 4861 2726 4934 May.
2747 4861 2998 4923 Nicolao
3009 4862 3323 4934 Senio/tio,
3340 4860 3660 4936 Hagenoio,
3673 4863 3776 4936 nam

2164 4952 2236 5009 de
2259 4954 2481 5008 caetero
2502 4965 2616 5007 non
2641 4951 2811 5009 video
2834 4951 3017 5022 magis
3039 4952 3110 5008 ad
3146 4935 3521 5023 Hagenoyam
3544 4957 3692 5020 quam
3716 4935 3775 4994 ad

2165 5038 2336 5097 aliam
2361 5038 2680 5110 quamlibet
2715 5039 2957 5098 Alsaciae
2988 5039 3082 5097 vel
3112 5038 3492 5097 Palatinatus
3519 5033 3778 5096 civitatem

2165 5126 2428 5185 revocari
2464 5126 2701 5184 debere.
2738 5128 3002 5201 Scriptor
3036 5141 3245 5184 nomen
3283 5127 3513 5184 indicat
3550 5118 3782 5182 versibus

2165 5219 2417 5286 quatuor
2429 5214 2754 5286 pinguioris
2787 5216 3053 5274 Minervae
3091 5216 3161 5273 ad
3195 5215 3427 5274 calcem
3458 5208 3784 5284 adjectis,ex

2164 5304 2376 5377 quibus
2387 5303 2667 5362 habemus
2680 5305 2963 5377 scriptum
2982 5306 3158 5364 fuisse
3172 5301 3645 5376 Martyrologium
3655 5301 3785 5352 am

2162 5394 2406 5453 milleno
2416 5394 2634 5465 quater
2659 5395 2710 5453 C’
2726 5396 2786 5452 et
2802 5396 3086 5467 duodena,
3100 5394 3284 5453 Junii
3307 5393 3413 5451 die
3435 5392 3659 5450 decima
3677 5391 3787 5442 sea:-

2167 5481 2250 5553 ta,
2274 5482 2652 5555 Pennafecit
2679 5482 2917 5542 litteras
2944 5482 3132 5555 Wydo
3142 5466 3790 5546 Krentzelinnasgluﬁ-
