3974 6150
220 257 316 314 373

1635 242 2182 304 PROLEGOMENA.

3499 249 3608 307 874

215 376 400 436 natas.
417 376 655 432 Poterat
669 372 1003 445 scriptionis
1017 375 1367 444 tempusnon
1383 370 1848 444 improbabiliter
1875 369 1931 431 A
1961 383 2112 440 esse,
2147 373 2210 426 ut
2241 367 2546 426 manifeste
2578 365 2834 438 comperi
2876 365 2931 422 in
2982 365 3182 423 codice
3233 365 3600 438 Ughelliano,

214 465 401 534 colligi
433 478 503 519 ex
533 478 688 519 xxvn
736 461 1116 533 Septembris,
1153 461 1249 516 ubi
1299 459 1601 517 Elzearius
1648 460 1842 516 Ariani

213 550 838 624 comesperUrbanum
868 550 1158 606 Vnociter
1178 549 1563 606 canonizatus
1585 549 1800 606 dicitur
1827 568 1839 602 :

214 657 334 700 cum
357 640 516 718 enim
547 654 615 696 ea
643 637 1007 695 canonizatio
1038 639 1188 694 facta
1220 637 1395 692 fuerit
1431 651 1518 692 an.
1547 641 1704 707 1469,
1732 653 1842 710 non

214 733 436 804 poterat
465 727 654 784 codex
685 742 714 782 a
745 726 856 781 ﬁne
889 725 1087 783 saculi
1119 740 1212 781 xxv
1242 724 1334 780 vel
1368 725 1532 780 initio
1561 740 1632 782 xv
1675 725 1842 795 longe

211 818 499 874 recedere.
534 817 717 870 Porro
749 814 795 870 si
828 813 1234 870 Kreutzelinus
1259 814 1387 882 iste,
1416 813 1628 870 alicubi
1655 828 1682 868 a
1709 815 1844 870 Cas-

211 905 422 962 tellano
452 902 692 971 citatus,
727 901 900 971 hujus
922 901 1315 973 Martyrologii
1337 899 1619 957 collector
1643 902 1838 972 fuerit,

212 1007 312 1050 non
347 1005 609 1060 magnam
643 988 848 1045 retulit
878 989 1130 1058 laudem,
1166 989 1360 1045 nescio
1394 1004 1537 1059 quas
1567 989 1843 1046 historias

211 1080 418 1152 passim
446 1077 828 1134 commiscens
853 1091 980 1147 qua
1005 1077 1076 1133 ab
1097 1076 1343 1133 Usuardi
1365 1076 1726 1147 aliorumque
1751 1093 1844 1133 co-

219 1168 407 1224 dicum
440 1164 853 1223 Usuarinorum
885 1165 1035 1234 stylo
1067 1165 1468 1221 remotissima
1494 1171 1650 1235 sunt,
1674 1180 1844 1236 quas-

209 1269 312 1326 que
347 1268 505 1324 sape
537 1255 758 1309 referre
790 1253 992 1324 piguit.
1028 1254 1146 1307 Non
1185 1257 1412 1323 poterat
1435 1257 1628 1308 tamen
1658 1254 1843 1308 codex

209 1343 272 1398 ab
305 1342 628 1398 [ﬁsuardina
658 1341 842 1397 classe
871 1340 1124 1409 excludi,
1157 1356 1286 1396 cum
1330 1340 1670 1411 plerumque
1717 1356 1842 1397 eos-

207 1431 326 1486 dem
360 1427 637 1498 sanctos,’
676 1430 787 1484 imo
839 1429 1046 1500 passim
1099 1428 1343 1484 Usuardi
1395 1429 1576 1500 ipsius
1622 1429 1838 1500 phrasi,

209 1534 528 1590 quanquam
559 1523 835 1587 corrupta
884 1521 944 1572 et
993 1517 1212 1586 luxata,
1262 1517 1582 1586 consignet.
1639 1520 1842 1574 Hacte-

207 1622 302 1662 nus
333 1607 407 1662 de
439 1605 742 1661 codicibus
773 1603 959 1675 plenis
1006 1609 1066 1658 et
1100 1605 1342 1674 integris
1375 1605 1586 1675 quibus
1631 1605 1685 1661 in
1736 1606 1839 1662 hac

205 1694 455 1750 editione
486 1698 546 1749 et
577 1692 915 1750 recensione
947 1691 1033 1748 usi
1066 1707 1281 1748 sumus.

768 1815 1155 1871 ARTICULUS
1208 1815 1269 1869 V.

205 1934 283 1989 De
307 1929 616 1990 codicibus
653 1943 905 2001 quorum
931 1931 1061 1987 sola
1100 1929 1381 1988 habemus
1420 1931 1695 1990 extracta
1735 1947 1840 1991 seu

698 2019 970 2076 lectiones
1010 2019 1335 2076 variantes.

255 2132 748 2192 235.Hoscodices
760 2133 968 2188 merito
981 2133 1473 2202 distinguimusab
1489 2134 1558 2191 iis
1571 2135 1840 2206 quosple-

199 2238 294 2279 nos
321 2228 386 2278 et
415 2222 701 2291 integros,
734 2236 835 2278 seu
869 2221 1021 2292 typis
1049 2222 1260 2288 editos,
1287 2237 1386 2276 seu
1413 2225 1840 2294 manuscriptos

200 2312 480 2368 hactenus
495 2309 1205 2366 retulimus.Perextracta
1222 2315 1410 2364 autem
1428 2326 1528 2366 seu
1544 2312 1841 2369 variantes

201 2398 578 2469 lectiones,ea
601 2399 693 2454 hic
715 2398 978 2467 intelligo
1001 2398 1056 2452 in
1080 2398 1289 2468 quibus
1308 2400 1378 2453 ab
1408 2400 1648 2454 l’suardi
1666 2404 1837 2457 textu

200 2492 284 2544 aut
306 2487 610 2544 excedunt
632 2490 730 2543 aut
755 2486 1050 2543 deficiunt.
1069 2488 1274 2542 Utrem
1288 2486 1504 2543 clarius
1521 2489 1832 2559 percipias,

200 2576 392 2647 paucis
422 2575 658 2646 explico
688 2590 815 2645 qua
849 2575 982 2630 mihi
1017 2575 1229 2645 sapius
1252 2576 1511 2630 narravit
1536 2577 1700 2634 bona
1725 2592 1838 2632 me-

198 2665 383 2720 moria
422 2664 703 2733 magister
733 2677 894 2719 meus
931 2663 1364 2733 Papebrochius
1411 2669 1832 2736 extractorum,

198 2751 520 2823 praesertim
540 2752 1101 2822 posteriorum,hanc
1117 2753 1395 2807 rationem
1414 2753 1835 2810 reddens.Dum

195 2855 312 2896 cum
335 2839 714 2896 Heuschenio
747 2839 912 2895 annis
940 2843 1097 2908 1660,
1132 2845 1259 2895 1661
1295 2845 1351 2895 et
1387 2845 1526 2897 1662
1558 2856 1660 2911 per
1703 2844 1837 2898 Ger-

199 2928 469 2996 maniam,
505 2925 727 2982 ltaliam
773 2931 830 2980 et
881 2925 1117 2981 Galliam
1168 2928 1594 2997 peregrinatus,
1649 2944 1714 2984 ea
1766 2931 1835 2985 de

195 3017 406 3072 sanctis
435 3018 834 3082 monumenta,
863 3018 981 3069 tum
1006 3015 1199 3070 Graca
1224 3019 1347 3070 tum
1371 3016 1832 3086 Latina,collegit

198 3105 401 3173 quibus
430 3104 730 3159 Musueum
754 3107 1015 3158 nostrum
1030 3103 1698 3174 egregielocupletatum
1722 3111 1832 3175 est,

192 3205 252 3247 ne
273 3193 325 3247 in
341 3190 1200 3259 deseribendisMartyrologiis
1216 3192 1832 3262 Usuardinis,quorum

192 3282 340 3335 tanta
369 3278 536 3349 apud
563 3293 666 3332 nos
685 3281 810 3332 erat
836 3278 1026 3348 COpia,
1045 3278 1279 3333 nimium
1295 3278 1836 3350 detinerentur,hac

193 3367 271 3421 usi
293 3371 439 3423 sunt
469 3365 762 3421 methodo.
789 3365 1032 3420 Greveni
1053 3365 1334 3435 editione,
1363 3370 1423 3421 ut
1451 3366 1617 3422 facile
1639 3372 1837 3438 porta-

196 3454 271 3508 tili
311 3454 626 3524 magisque
673 3452 994 3522 commoda,
1027 3452 1081 3507 in
1133 3452 1460 3523 exemplum
1513 3460 1832 3526 assumpta,

191 3541 528 3613 ubicunque
559 3540 1021 3610 manuscriptum
1055 3541 1307 3610 aliquem
1332 3543 1655 3599 Usuardum
1680 3544 1834 3599 nacti

192 3636 332 3699 sunt,
368 3635 572 3686 totum
604 3644 733 3685 cum
769 3628 1012 3684 Greveni
1037 3628 1295 3685 editione
1320 3630 1451 3685 anni
1477 3636 1605 3686 1521
1636 3634 1837 3686 contu-

187 3716 317 3788 lere,
350 3717 729 3775 variantibus
751 3730 852 3772 seu
878 3716 1230 3773 auctariisin
1252 3717 1584 3774 adversaria
1610 3718 1832 3788 relatis,

191 3807 330 3862 unde
364 3804 787 3878 percommode
819 3804 1031 3861 accidit
1065 3808 1148 3873 nt,
1183 3805 1335 3861 facto
1365 3807 1645 3877 temporis
1683 3822 1838 3862 com-

187 3895 418 3965 pendio,
459 3907 528 3948 ea
563 3893 750 3948 omnia
773 3893 1166 3963 compararint
1194 3908 1323 3963 qua
1347 3893 1490 3949 alias
1517 3893 1836 3964 longiorem

188 3994 396 4038 moram
433 3984 825 4051 sumptusque
854 3980 1104 4049 majores
1139 3980 1568 4052 postulassent;
1604 3989 1762 4053 puta,
1789 3984 1836 4039 si

187 4067 391 4140 singuli
423 4069 531 4124 isti
557 4069 789 4124 codices
813 4083 916 4139 per
940 4068 1098 4138 ipsos
1123 4074 1221 4125 aut
1247 4085 1348 4140 per
1372 4084 1752 4128 amanuenses
1765 4071 1836 4128 ad

186 4159 426 4213 verbum
487 4156 854 4212 describendi
908 4156 1173 4212 fuissent.
1227 4159 1360 4214 llaec
1402 4159 1598 4229 itaque
1647 4161 1836 4216 omnia

189 4256 307 4312 qua
332 4245 421 4301 sic
451 4244 730 4299 adnotata
752 4247 808 4298 et
833 4249 1096 4300 extracta
1121 4253 1276 4315 sunt,
1306 4245 1592 4303 lectiones
1617 4247 1840 4303 varian-

184 4335 268 4387 tes
300 4347 404 4389 seu
433 4332 804 4388 accessiones
826 4333 1180 4388 Usuardinas
1201 4349 1494 4405 vocamus,
1521 4351 1667 4406 quas
1687 4335 1839 4392 inter

186 4423 380 4475 nostra
419 4418 690 4476 auctaria
719 4418 1059 4476 collocanda
1094 4423 1440 4491 putavimus.

246 4513 372 4565 286.
416 4508 677 4564 Prafata
718 4512 1003 4579 extracta,
1056 4522 1156 4565 seu
1189 4510 1536 4565 variantium
1587 4510 1835 4581 elenchi,

187 4594 358 4652 ferme
394 4596 649 4666 triginta
682 4602 816 4652 sunt
843 4612 1082 4654 numero
1110 4601 1398 4667 ;suntque
1421 4598 1566 4654 adeo
1593 4600 1836 4655 totidem

181 4683 442 4754 codices,
481 4699 629 4755 quos
660 4685 707 4740 si
741 4685 1012 4756 superius
1050 4685 1408 4742 enumeratis
1451 4685 1829 4758 editionibus,

183 4773 396 4840 quibus
423 4774 516 4831 usi
544 4789 763 4844 sumus,
790 4775 1254 4844 quatuordecim,
1279 4773 1580 4830 codicibus
1606 4789 1722 4831 mss
1742 4776 1836 4830 de-

181 4873 302 4917 cem
336 4867 399 4917 et
437 4866 694 4933 septem,
717 4861 968 4930 denique
1000 4861 1326 4917 octodecim
1351 4861 1483 4918 aliis
1503 4876 1531 4917 a
1556 4862 1836 4918 Chimetio

180 4947 483 5018 collectis,
511 4943 869 5018 adiunxeris,
897 4948 1120 5019 patebit
1148 4955 1502 5020 postremam
1540 4950 1685 5007 hanc
1717 4965 1838 5006 nos-

182 5037 322 5092 iram
349 5037 682 5092 editionem
704 5051 777 5092 ex
797 5037 1098 5094 codicibus
1138 5052 1320 5109 prope
1355 5037 1658 5108 octoginta
1674 5040 1840 5095 ador-

178 5128 398 5192 antam,
426 5123 807 5193 illustratam,
828 5129 1220 5195 repurgatam.
1239 5125 1425 5181 Nolim
1452 5129 1644 5182 tamen
1668 5127 1837 5183 dissi-

176 5209 406 5267 mulare
431 5225 565 5267 esse
591 5211 810 5282 aliquid
838 5213 993 5282 quod
1025 5214 1080 5269 in
1113 5213 1529 5270 collationibus
1557 5220 1617 5270 et
1640 5229 1838 5272 recen-

174 5296 462 5356 sionibus
494 5300 564 5355 ab
615 5300 1050 5358 Henschenioet
1073 5302 1472 5373 Papebrochio
1500 5303 1666 5359 factis
1697 5302 1834 5358 mihi

172 5385 524 5459 displiceat,
558 5404 688 5446 cum
737 5404 811 5445 ex
860 5389 1244 5446 indiculorum
1298 5396 1627 5447 nostrorum
1667 5391 1835 5445 modo

170 5475 596 5547 perspexerim
625 5492 732 5534 non
765 5492 964 5535 omnes
1011 5478 1494 5552 interpolationes
1536 5478 1837 5552 appositas

1870 3063 1918 3125 C

1954 459 2165 529 passim
2189 455 2361 513 simili
2385 452 2630 512 editioni
2654 454 2971 510 Lubecana
2994 453 3254 509 maxima
3278 457 3333 508 et
3353 456 3604 511 Antuer-

1954 544 2140 616 piensi
2156 543 2551 613 manuscripto
2573 560 2587 609 ;
2605 540 2820 612 prioris
2833 539 2982 596 enim
2999 538 3390 596 additamenta
3406 541 3597 597 omnia

1954 631 2324 688 exactissime
2347 632 2548 686 notata
2565 632 2722 698 sunt,
2743 641 2854 683 non
2872 626 3008 681 item
3027 639 3092 681 ea
3110 639 3236 694 qua
3250 624 3402 682 haud
3419 626 3595 684 dubie

1955 719 2010 774 in
2040 718 2227 774 medio
2250 722 2418 775 textu
2442 718 2660 774 inserta
2686 716 2935 772 fuerant.
2965 712 3128 779 Quod
3151 727 3278 768 cum
3310 714 3599 783 Papebro-

1951 807 2082 862 chio
2117 806 2336 877 pridem
2369 806 2706 875 objicerem,
2742 801 2990 860 candide
3023 802 3210 858 fassus
3256 805 3345 857 est
3395 802 3474 857 ita
3525 805 3597 860 ab

1953 895 2097 966 ipsis
2130 894 2431 951 institutas
2462 894 2642 950 fuisse
2671 891 3020 949 collationes
3067 889 3596 961 manuscriptorum

1951 997 2081 1038 cum
2114 983 2395 1052 Greveno,
2424 987 2486 1038 ut
2519 981 2746 1038 nonnisi
2773 982 2843 1037 de
2868 980 3049 1052 prima
3073 983 3130 1034 et
3157 977 3359 1034 ultima
3382 991 3602 1035 annun-

1951 1070 2195 1126 tiatione
2219 1070 2459 1127 solliciti
2486 1070 2720 1127 fuerint.
2740 1071 2871 1125 Hac
2886 1080 3243 1140 praemonere
3258 1066 3521 1138 oportuit
3538 1071 3598 1123 ut

1951 1159 2221 1214 advertat
2245 1158 2432 1216 lector
2456 1173 2625 1229 quam
2647 1158 2871 1214 sincere
2881 1157 3048 1226 juxta
3062 1170 3128 1212 ac
3145 1154 3331 1224 rigide
3345 1168 3597 1226 expensa

1953 1251 2007 1301 et
2027 1246 2287 1304 discussa
2304 1245 2415 1302 sint
2442 1243 2789 1302 documenta
2816 1244 3006 1300 omnia
3030 1258 3102 1298 ex
3125 1241 3340 1313 quibus
3359 1242 3485 1300 hac
3503 1256 3601 1299 no-

1955 1338 2074 1389 stra
2089 1335 2410 1391 Usuardina
2429 1335 2608 1391 editio
2635 1333 2980 1390 concinnata
3007 1337 3115 1389 est.
3151 1333 3273 1387 Jam
3305 1335 3593 1400 extracta,

1954 1425 2128 1493 atque
2162 1438 2270 1478 una
2305 1423 2538 1478 codices
2565 1423 2716 1478 unde
2748 1425 2987 1492 accepta
3021 1425 3177 1489 sunt,
3211 1420 3292 1477 sic
3337 1419 3598 1476 breviter

1953 1512 2407 1581 reprasentabo,
2443 1516 2504 1565 ut
2538 1510 2678 1564 nihil
2711 1509 3140 1580 pratermissus
3173 1507 3279 1564 sim
3321 1507 3474 1578 quod
3521 1507 3592 1563 ad

1949 1597 2327 1654 sufficientem
2357 1598 2610 1654 omnium
2643 1597 2908 1652 notitiam
2940 1596 3261 1653 desiderari
3293 1601 3487 1667 queat.

1867 1718 1921 1777 B
2022 1691 2144 1777 2-37.
2179 1688 2239 1777 In
2266 1691 2468 1742 nostra
2490 1684 2836 1742 collectione
2861 1685 3106 1756 primum
3131 1686 3320 1742 locum
3342 1690 3594 1757 occupat

1951 1774 2139 1830 codex
2151 1775 2627 1845 Aquicinctinus,
2645 1789 2756 1830 non
2771 1775 2842 1830 ab
2857 1775 3218 1831 Henschenio
3231 1779 3288 1830 et
3305 1776 3378 1829 Pa
3389 1775 3598 1846 pebro-

1948 1861 2100 1932 chio,
2116 1862 2215 1919 sed
2241 1865 2312 1919 ab
2335 1863 2548 1934 aliquo,
2570 1863 2817 1918 fortasse
2841 1863 3092 1918 coenobii
3113 1863 3269 1919 illius
3289 1861 3588 1932 monacho,

1949 1951 2383 2008 accuratissime
2405 1955 2460 2006 et
2479 1951 2916 2008 distinctissime
2931 1950 3201 2020 collatus,
3221 1965 3291 2006 ne
3305 1949 3593 2020 neglectis

1949 2040 2179 2111 quidem
2215 2041 2742 2098 intercurrentibus
2772 2040 3052 2096 minutiis.
3074 2040 3151 2095 De
3176 2039 3283 2094 hoc
3307 2053 3483 2108 supra
3505 2037 3589 2094 di-

1947 2145 2082 2186 cere
2101 2130 2386 2200 coepimus
2411 2145 2564 2186 num.
2590 2133 2714 2200 224,
2733 2129 2829 2184 ubi
2845 2129 2952 2200 ipsi
2977 2126 3462 2184 etMarchianensi
3481 2127 3592 2181 fra-

1946 2222 2181 2287 gmento
2201 2218 2352 2272 inter
2375 2217 2739 2287 antiquioros
2763 2217 3148 2288 purioresque
3164 2213 3592 2285 manuscriptos

1947 2306 2182 2361 codices
2204 2305 2374 2360 datus
2396 2310 2486 2360 est
2512 2305 2690 2373 locus,
2709 2309 3088 2374 uatatumque
3105 2303 3159 2357 in
3176 2301 3594 2358 multisconve-

1948 2394 2071 2448 nire
2094 2408 2223 2449 cum
2249 2394 2535 2462 Pratensi,
2561 2392 2978 2463 Antuerpiensi
3002 2391 3218 2460 majore
3235 2395 3295 2445 et
3317 2391 3592 2460 Roswey—

1948 2482 2104 2552 dino,
2141 2487 2260 2538 tum
2296 2481 2385 2537 vel
2416 2482 2682 2552 maxime,
2718 2497 2848 2538 cum
2891 2480 2947 2535 hi
2977 2484 3375 2536 acaterorum
3401 2482 3589 2535 turma

1949 2570 2238 2640 segregati
2266 2574 2420 2626 sunt.
2447 2571 2549 2624 I-lic
2571 2575 2857 2640 praterea
2879 2569 3091 2625 cursim
3113 2569 3440 2624 observabo
3463 2582 3590 2638 qua

1946 2658 2168 2716 codicis
2199 2657 2586 2728 Aquicinctini
2615 2662 2848 2714 atatem
2888 2671 3000 2712 non
3049 2657 3298 2712 obscure
3347 2654 3589 2712 definire

1946 2750 2181 2818 queant.
2206 2745 2311 2812 Qui
2339 2745 2794 2816 manuscriptum
2815 2761 2944 2801 cum
2964 2744 3220 2801 secunda
3245 2742 3449 2798 Molani
3469 2742 3589 2799 edi-

1947 2835 2104 2891 tione
2137 2835 2266 2890 anni
2301 2839 2440 2890 1568
2469 2833 2716 2889 contulit
2751 2834 2822 2888 ad
2854 2838 2922 2888 25
2969 2832 3235 2901 Augusti,
3289 2830 3586 2902 descripta

1948 2922 2149 2978 ultima
2161 2921 2737 2978 commemoratione:
2755 2921 2889 2991 Ipso
2902 2918 3588 2988 die,Parisius,elevatio

1947 3010 2107 3066 beati
2127 3011 2409 3067 Ludovici
2427 3007 3012 3081 confessoris,sedulo
3031 3005 3405 3074 notavit,hac
3427 3007 3588 3064 cala-

1945 3112 2037 3153 mo
2053 3099 2220 3168 longe
2241 3098 2566 3154 recentiore
2589 3097 2810 3166 adjecta
2827 3109 2976 3153 esse.
2995 3096 3086 3152 Sic
3111 3111 3203 3150 χχι
3228 3095 3585 3165 octobris,ad

1948 3186 2095 3242 hanc
2116 3186 2377 3243 ultimam
2401 3185 2575 3241 etiam
2608 3185 3108 3241 annuntiationem
3137 3203 3149 3238 :
3180 3184 3440 3242 Colonia
3467 3183 3586 3241 SS.

1946 3275 2219 3332 undecim
2245 3274 2510 3331 millium
2538 3274 2861 3345 virginum,
2897 3273 3134 3329 additur
3166 3292 3179 3327 :
3211 3274 3354 3329 Hac
3383 3272 3526 3330 sunt
3551 3287 3591 3329 ιι

1944 3376 2128 3418 manu
2153 3362 2494 3420 recentiore.
2531 3361 2868 3431 Hujusmodi
2903 3360 3113 3417 indicia
3144 3360 3291 3417 satis
3339 3361 3590 3439 probare

1946 3450 2218 3505 videntur
2247 3451 2507 3507 codicem
2542 3450 2729 3521 ipsum
2764 3455 3004 3520 autogra
3018 3450 3190 3521 phum
3225 3447 3442 3506 saculo
3488 3462 3589 3506 xm

1948 3542 2047 3595 aut
2081 3540 2229 3593 forte
2261 3539 2438 3595 citius
2467 3542 2771 3594 exaratum
2807 3538 3005 3595 luisse.
3041 3540 3118 3594 De
3152 3538 3258 3594 hoc
3293 3537 3465 3608 paulo
3509 3537 3592 3593 fu-

1946 3628 2086 3696 sius,
2121 3625 2381 3695 reliquos
2413 3640 2613 3682 omnes
2635 3625 2818 3680 multo
2841 3625 3077 3681 brevius
3098 3623 3588 3692 enumerabimus,

1947 3729 2013 3769 ea
2045 3714 2167 3770 sola
2199 3713 2586 3769 describendo
2619 3727 2749 3783 qua
2782 3727 2810 3768 a
2845 3711 3231 3769 collatoribus
3278 3711 3588 3776 observata

1950 3803 2184 3859 fuerint.

2017 3894 2139 3948 238.
2193 3888 2574 3959 Antiquitatis
2623 3892 2681 3944 et
2726 3885 3121 3959 simplicitatis
3167 3885 3373 3943 ordine
3423 3884 3586 3957 sequi

1949 3977 2042 4035 hic
2073 3977 2314 4037 deberet
2347 3976 2782 4046 manuscriptus
2826 3974 3124 4032 Usuardus
3169 3972 3592 4032 Manchianen-

1945 4068 2051 4137 sis,
2085 4066 2267 4123 citato
2300 4081 2455 4123 num.
2487 4069 2593 4122 224
2621 4065 2793 4122 etiam
2827 4065 3134 4130 laudatus;
3168 4063 3272 4120 sed
3302 4077 3433 4120 cum
3465 4062 3593 4120 sola

1949 4157 2270 4226 fragmenta
2303 4156 2438 4224 duo,
2473 4168 2679 4226 nempe
2708 4153 2920 4210 mensis
2950 4153 3301 4209 Februarius
3349 4156 3407 4208 et
3459 4165 3595 4223 pars

1949 4245 2137 4300 Martii
2168 4258 2344 4316 penes
2370 4258 2474 4300 nos
2507 4242 2643 4312 sint,
2683 4243 2846 4313 plura
2876 4241 3071 4298 dicere
3103 4239 3480 4312 supersedeo.

2019 4334 2144 4387 239.
2190 4331 2522 4387 Victorinus
2543 4329 2712 4396 citari
2739 4331 2964 4400 poterat
3009 4328 3116 4383 sub
3153 4326 3369 4398 duplici
3412 4326 3592 4382 nomi-

1867 4410 1918 4470 D
1948 4433 2040 4489 ne,
2075 4418 2290 4488 quippe
2313 4432 2443 4473 cum
2467 4417 2655 4474 altero
2678 4417 2960 4484 collatus;
2985 4415 3086 4472 sed
3109 4415 3251 4471 satis
3271 4420 3363 4471 est
3385 4413 3440 4470 id
3463 4428 3590 4470 ver-

1951 4508 2022 4563 bo
2047 4507 2136 4563 hic
2161 4506 2464 4563 indicasse.
2484 4505 2788 4563 Variantes
2806 4520 2907 4563 seu
2930 4508 3195 4560 extracta
3221 4503 3438 4575 scripta
3453 4507 3592 4560 sunt

1948 4610 2117 4652 manu
2149 4595 2515 4665 Henscheuii,
2553 4595 2846 4666 praemissa
2878 4593 2984 4650 hoc
3020 4592 3196 4649 titulo
3229 4613 3242 4648 :
3282 4591 3590 4650 Usuardus

1944 4685 2320 4742 Parisiensis
2351 4698 2456 4741 ms.
2493 4684 2691 4741 sancti
2726 4682 2994 4753 Victoris,
3020 4681 3078 4738 et
3114 4694 3364 4739 excusas
3401 4677 3590 4737 Mola-

1943 4773 2027 4842 ni,
2062 4773 2316 4830 collatus
2346 4786 2478 4830 cum
2504 4785 2611 4828 ms.
2646 4772 3024 4828 serenissime
3067 4770 3293 4842 reginae
3333 4768 3584 4838 Sueciee,

1943 4861 2102 4931 quod
2117 4861 2426 4932 pertinuit
2453 4874 2607 4917 anno
2637 4865 2764 4916 1521
2805 4859 2887 4917 ad
2923 4859 3303 4917 Bernardum
3345 4857 3589 4913 Henne-

1948 4950 2119 5006 breau
2143 4949 2554 5020 presbyterum
2573 4949 2850 5005 curatam
2885 4949 2956 5004 Β.
2991 4947 3208 5005 Maria
3234 4948 3303 5004 in
3339 4944 3590 5002 ecclesia

1941 5038 2399 5095 Siloanectensi.
2442 5038 2684 5095 Videtur
2691 5037 2900 5110 fuisse
2939 5037 3205 5108 alicujus
3240 5035 3593 5093 monasterii

1941 5127 2010 5183 in
2038 5126 2274 5183 dioecesi
2301 5127 2677 5185 Nicernensi.
2711 5119 3036 5198 Sapissime
3081 5125 3374 5194 convenit,
3419 5123 3592 5180 adeo-

1944 5229 2055 5285 que
2089 5214 2141 5269 in
2175 5214 2468 5271 Auctariis
2499 5229 2651 5286 sape
2681 5215 2919 5283 citatur,
2950 5227 3080 5269 cum
3111 5212 3226 5267 alio
3259 5211 3460 5270 codice
3504 5227 3592 5270 re-

1941 5303 2090 5372 gina
2127 5303 2347 5360 Suecia
2378 5304 2606 5372 signato
2636 5319 2688 5358 n.
2726 5307 2849 5370 130,
2883 5301 2953 5356 de
2984 5315 3099 5370 quo
3131 5299 3299 5356 infra.

2015 5395 2138 5448 240.
2166 5394 2501 5463 Sequuntur
2526 5391 2844 5458 fragmenta
2869 5387 3062 5460 aliqua
3083 5387 3307 5445 codicis
3319 5387 3588 5448 ecclesia

1943 5479 2356 5548 Pulsanensis,
2374 5493 2438 5536 ac
2459 5476 2881 5547 Messenensis,
2904 5482 3026 5536 tum
3050 5476 3443 5550 Martyrologii
3461 5473 3592 5530 Ple-
