3974 6150
257 262 353 314 57⁸7

1674 246 2216 307 PROLEGOMENA.
2240 302 2245 307 ,

3538 252 3643 313 578

256 383 434 439 clesia
480 380 792 437 collectum
825 383 924 437 aut
954 378 1339 449 compositum
1363 390 1490 433 csse
1511 376 1655 432 satis
1698 374 1886 431 innuit
1918 373 1967 434 A
1997 374 2107 428 hoc
2127 376 2215 428 est
2235 372 2594 443 S.Rigaldi,
2619 373 2675 428 in
2696 373 2999 429 territorio
3017 374 3448 433 Matisconensi.
3477 377 3531 433 Si
3557 391 3631 436 ex

253 469 462 526 titulus
479 470 548 527 ις.
591 467 850 539 Sophia,
890 467 1063 523 toties
1113 467 1169 521 iu
1219 469 1498 522 contextu
1535 464 1775 520 relatus.
1809 465 1891 517 Ex

261 557 456 614 Adone
484 557 584 611 vix
609 555 920 625 quidquam
944 555 1138 623 habet,
1167 554 1363 624 potius
1384 567 1455 608 ex
1479 553 1673 622 aliquo
1697 552 1894 606 Hiero-

265 645 533 715 nymiano
582 642 974 712 interpolatus
1012 645 1123 697 est.
1176 642 1419 697 ditatem
1470 638 1892 710 quodammodo

2001 460 2398 516 additionibus
2412 459 2484 515 de
2496 460 2720 516 codicis
2733 460 2987 531 puritate
3003 461 3266 530 judicare
3291 461 3487 535 liceat,
3509 480 3641 537 pro-

2004 548 2137 604 bum
2167 563 2300 605 esse
2330 553 2581 619 Oportet,
2607 563 2738 604 cum
2770 547 2884 603 illa:
2918 563 3114 619 paucae
3146 550 3265 606 sint
3295 566 3558 610 numero.

2073 641 2195 692 257.
2210 635 2755 707 EaMartg/rologio
2764 637 3114 693 monasterii
3132 640 3410 697 Jwrensis
3428 641 3497 700 ις’.
3519 642 3639 700 Ra-

254 731 545 801 conjicere
573 729 757 787 voluit
790 729 1247 800 Papebrocbius,
1283 727 1418 784 dum
1450 728 1528 781 ait
1558 728 1897 783 meminisse
1996 723 2288 794 gncberti,
2330 737 2406 780 ea
2451 723 2650 780 Adone
2695 724 2756 779 et
2803 723 3071 781 Usuardo
3118 726 3405 795 contexto,
3448 728 3640 798 inquit

253 821 320 876 ις.
356 818 685 875 Romualdi
714 818 772 873 et
812 817 1041 874 Thoma
1072 816 1547 874 Cantuariensis.
1587 815 1694 870 Sed
1728 815 1798 869 de
1828 828 1894 870 ea

258 906 530 977 pluribus
564 905 868 974 disputare
898 919 1092 975 opera:
1126 903 1376 975 pretium
1408 918 1518 958 non
1549 906 1661 959 est.

326 999 452 1051 252.
488 993 591 1049 llic
623 992 892 1063 sequitur
928 992 1112 1048 codex
1145 992 1262 1061 ille,
1297 992 1367 1047 dc
1400 1006 1513 1061 quo
1557 1004 1735 1061 supra
1781 1006 1895 1046 non

261 1082 441 1137 semel
486 1081 740 1149 memini,
772 1094 977 1150 nempe
1026 1080 1327 1135 Usuardus
1374 1079 1608 1135 abbatis
1660 1079 1901 1149 Ughelli

255 1172 380 1226 sive
410 1169 828 1240 Ughellianus,
852 1182 1019 1238 quem
1047 1168 1101 1222 in
1124 1168 1393 1223 omnibus
1418 1171 1558 1237 puto
1586 1166 1897 1222 convenire

253 1273 383 1314 cum
422 1261 629 1312 nostro
663 1256 1072 1327 Antuerpiensi
1102 1260 1161 1311 et
1191 1255 1600 1325 antiquissima
1640 1254 1898 1310 editione

260 1346 566 1402 Lubecana
635 1344 900 1399 maxima.
959 1343 1066 1409 Qui
1124 1344 1170 1398 si
1241 1343 1574 1398 accuratius
1646 1342 1898 1399 collatus

261 1433 492 1501 fuisset,
530 1431 683 1487 haud
714 1431 888 1486 dubie
921 1445 951 1486 a
984 1431 1212 1487 duobus
1234 1430 1366 1486 aliis
1400 1446 1689 1500 nunquam
1723 1429 1901 1485 divel-

260 1520 505 1576 leretur.
539 1518 725 1591 Nolim
755 1522 946 1574 tamen
983 1518 1039 1573 id
1071 1524 1186 1574 tam
1215 1522 1379 1574 certo
1412 1518 1715 1588 aﬂirmarc,
1770 1533 1900 1573 cum

260 1607 431 1664 facile
462 1608 642 1663 etiam
676 1606 733 1661 in
766 1606 1060 1675 aliquibus
1093 1606 1410 1662 dissentire
1443 1607 1718 1676 potuerit.

326 1700 452 1752 253.
490 1695 963 1765 Alternpsianum
991 1698 1153 1749 recte
1184 1694 1438 1748 advertit
1468 1693 1899 1764 Papebrocbius
1929 1719 1983 1777 B

259 1784 315 1839 in
338 1782 546 1851 Anglia
572 1786 805 1838 auctum
828 1796 979 1851 csse,
1001 1796 1132 1837 cum
1151 1781 1483 1851 hujusmodi
1506 1781 1900 1837 additamenta

261 1885 418 1943 sape
451 1875 779 1927 recurrant.
816 1869 937 1935 Qua
960 1869 1269 1925 occasione
1292 1870 1527 1924 Romam
1556 1870 1903 1940 pervenerit,

259 1958 618 2030 explicatum
650 1973 761 2014 non
795 1962 908 2028 est,
933 1972 1037 2014 nec
1068 1958 1138 2012 de
1162 1957 1289 2025 ejus
1313 1961 1485 2012 aetate
1510 1957 1907 2028 scrupulosius

271 2046 619 2117 inquirenda
649 2045 891 2102 multum
944 2046 1032 2101 sui
1067 2044 1357 2101 sollicitus
1393 2064 1404 2098 :
1442 2045 1498 2100 id
1539 2060 1677 2101 vero
1707 2047 1907 2101 obser-

262 2135 413 2205 vavi,
448 2134 711 2190 codicem
743 2133 877 2190 olim
924 2133 1106 2190 fuisse
1154 2133 1420 2189 ecclesia
1467 2133 1903 2205 Wintoniensis,

262 2236 393 2279 cum
438 2237 550 2277 xxx
597 2221 870 2278 Octobris
921 2222 1000 2277 ita
1053 2221 1207 2289 legat
1242 2223 1419 2291 :L‘cso
1464 2221 1562 2278 die
1607 2222 1908 2279 ordinatio

263 2310 637 2367 sanctissimi
666 2310 966 2366 antistitis
1013 2310 1194 2378 atque
1236 2311 1479 2379 patroni
1524 2307 1714 2366 nostri
1750 2311 1909 2366 Sici-

266 2397 459 2458 thini:
487 2396 584 2453 alii
616 2397 880 2453 scribunt
910 2396 1243 2454 Sicithuni.
1281 2397 1528 2452 Collatio
1572 2402 1773 2452 nostra
1826 2398 1908 2452 in-

270 2486 412 2557 cipit
447 2500 478 2540 a
512 2499 709 2541 mense
741 2486 967 2555 Martio,
994 2485 1229 2555 rejectis
1262 2485 1315 2539 in
1350 2484 1517 2539 linem
1547 2485 1820 2541 Januario
1848 2490 1905 2541 et

274 2573 613 2629 Februario.
650 2574 925 2644 Suspicor
955 2574 1376 2643 autographum
1412 2573 1599 2643 ipsum
1642 2573 1719 2628 ita
1768 2572 1906 2637 olim

277 2662 583 2732 scriptum,
617 2660 709 2717 vel
743 2663 891 2716 forte
919 2660 1065 2716 male
1096 2664 1458 2731 compactum
1492 2662 1688 2716 fuisse.

335 2753 462 2806 254.
496 2751 578 2804 En
612 2749 782 2805 modo
812 2747 1211 2805 confusionem
1248 2748 1710 2805 Florentinorum
1751 2750 1909 2805 codi-

272 2852 418 2909 cum,
455 2837 526 2893 de
558 2852 667 2907 qua
701 2837 964 2892 dicebam
997 2850 1151 2892 num.
1185 2842 1305 2891 250.
1335 2837 1425 2890 Sic
1460 2837 1513 2891 in
1548 2838 1735 2893 fronte
1765 2838 1909 2893 scri-

276 2926 387 2996 psit
419 2925 824 2980 Henschenius
861 2923 1398 2995 :Martg/rologium
1441 2926 1703 2983 Usuardi
1732 2927 1910 2983 colla-

275 3014 391 3069 tum
424 3019 485 3069 ιο
514 3026 649 3070 cum
674 3026 781 3069 ms.
808 3014 880 3069 D.
920 3013 1125 3069 Caroli
1152 3014 1434 3082 Strozzii,
1458 3014 1753 3070 senatoris
1780 3016 1909 3069 Flo-

270 3102 515 3171 rentini,
539 3102 608 3158 in
628 3101 864 3171 quarto.
903 3100 1200 3157 Collatum
1227 3107 1288 3156 2°
1316 3114 1447 3156 cum
1474 3100 1908 3173 Martyrologio

276 3188 636 3257 Florentino,
652 3189 810 3245 edito
822 3188 1143 3245 Florentia
1157 3202 1312 3245 anno
1332 3193 1468 3244 1.686
1491 3187 1651 3259 (alibi
1670 3194 1910 3245 notatur

278 3280 429 3345 1484,
448 3277 555 3333 sed
578 3277 825 3348 primum
848 3291 1149 3333 numerum
1176 3277 1584 3347 servavimus),
1589 3292 1703 3348 per
1721 3278 1909 3335 Fran-

274 3366 494 3423 ciscum
522 3364 596 3421 de
614 3366 1038 3423 Bonaccu/rsiis
1050 3364 1486 3436 presbyterum,
1512 3367 1571 3421 et
1587 3368 1815 3437 spectat
1832 3368 1913 3423 ad

275 3453 534 3509 eumdem
582 3453 940 3523 Strozzimn,
974 3454 1041 3509 in
1086 3467 1200 3522 quo
1238 3453 1379 3508 dum
1416 3454 1631 3510 desunt
1662 3455 1913 3512 additur

280 3542 365 3610 (gi
394 3540 600 3608 deest).
638 3540 935 3598 Collatum
953 3544 1015 3594 5°
1045 3553 1179 3597 cum
1196 3542 1601 3611 manuscripto
1620 3542 1914 3600 Medicaa

278 3626 656 3695 bibliotheca,
686 3629 754 3685 in
770 3641 1149 3699 pergameno,
1174 3630 1243 3686 in
1269 3630 1503 3699 quarto.
1538 3631 1674 3696 Qui:
1701 3632 1757 3687 si
1785 3646 1913 3687 con-

275 3717 491 3784 veniat,
524 3716 791 3788 inferius
834 3716 1133 3785 subditum,
1178 3717 1235 3773 si
1282 3718 1413 3773 alia
1460 3717 1547 3774 ibi
1592 3719 1721 3773 sola
1766 3719 1907 3789 sint,

272 3816 520 3875 superne
551 3804 711 3861 linea
742 3804 1027 3861 trahitur.
1064 3804 1244 3869 Quam
1276 3805 1397 3860 haec
1431 3806 1619 3861 errori
1660 3807 1910 3862 obnoxia

276 3891 410 3961 sint,
443 3906 613 3946 nemo
646 3907 759 3947 non
791 3892 968 3947 videt.
1003 3893 1258 3948 Conatus
1291 3906 1438 3962 sum,
1473 3908 1583 3963 qua
1634 3895 1799 3963 potui
1831 3895 1913 3949 di-

277 3977 534 4049 ligentia,
571 3980 643 4035 ad
670 3981 942 4053 proprios
982 3980 1218 4038 codices
1268 3982 1487 4037 referre
1530 3982 1756 4051 singula
1793 4002 1804 4037 :
1839 3984 1913 4039 si-

274 4069 402 4124 cubi
457 4068 817 4140 deflexerim,
866 4069 1124 4141 prudens
1174 4070 1360 4126 lector
1410 4070 1577 4126 facile
1629 4072 1907 4141 ignoscet.

276 4156 391 4212 Non
443 4156 720 4213 videntur
765 4158 823 4213 hi
871 4157 1109 4214 codices
1167 4158 1443 4215 saeculum
1492 4174 1561 4215 xv
1608 4173 1909 4231 superare,

273 4251 431 4301 certe
466 4246 768 4317 perpetuis
798 4247 975 4302 ferme
1011 4247 1337 4303 redundant
1369 4248 1670 4304 auctariis.

337 4337 463 4390 255.
499 4336 836 4404 Sequuntur
884 4340 1171 4405 extracta,
1203 4350 1306 4393 seu
1359 4335 1711 4393 collationes
1760 4337 1910 4407 alite,

1938 3059 1986 3120 C

2002 811 2470 881 Papebrocbius;
2519 817 2579 867 at
2616 810 2663 867 si
2715 809 2943 879 singula
2996 814 3154 867 recte
3203 812 3574 884 expenderis,
3608 830 3640 872 a

2004 898 2155 968 stylo
2188 898 2406 954 Adonis
2434 898 2766 970 permodico
2799 898 3133 970 participat.
3170 900 3348 969 Magis
3380 900 3643 958 credide-

2005 986 2114 1040 rim
2162 987 2483 1041 Usuardum
2532 1001 2660 1041 esse
2710 985 2781 1042 ad
2829 984 3076 1043 aliorum
3117 1001 3357 1059 morem,
3393 988 3499 1045 sed
3531 1002 3644 1045 non

2007 1073 2251 1129 multum
2285 1073 2721 1145 interpolatum,

2076 1167 2196 1219 258.
2259 1163 2360 1218 Ea
2408 1161 2845 1233 Martyrologio
2917 1164 3174 1221 ecclesia
3231 1164 3646 1236 Lugdunensis

2004 1250 2199 1306 sancti
2243 1250 2573 1319 Stephani;
2617 1249 2723 1307 sub
2769 1252 3004 1308 nomine
3049 1252 3242 1321 Beda,
3296 1253 3383 1308 sic
3434 1254 3646 1313 iterum

2008 1337 2270 1407 loquitur
2298 1338 2752 1409 Papebrocbius,
2785 1339 2890 1395 sed
2935 1340 3129 1396 Adoni
3170 1341 3480 1399 similiori.
3523 1342 3646 1399 Non

2008 1425 2154 1480 satis
2174 1425 2341 1495 capio
2368 1424 2516 1480 unde
2546 1426 2668 1481 haec
2702 1440 2909 1484 rursus
2938 1427 3261 1484 similitudo
3283 1434 3521 1501 accepta
3544 1431 3645 1501 sit,

2009 1527 2138 1567 nam
2171 1513 2444 1567 Auctaria
2477 1511 2773 1583 pleraque,
2808 1514 2856 1569 si
2904 1529 3016 1569 non
3056 1516 3406 1587 Usuardum,
3440 1516 3648 1574 saltem

2008 1600 2135 1669 ejus
2166 1601 2505 1655 enuntiandi
2536 1601 2767 1656 modum
2803 1601 2979 1658 ferme
3008 1604 3264 1674 sapiunt.

2083 1693 2203 1743 259.
2238 1690 2338 1744 Ea
2363 1688 2796 1760 Martyrologio
2841 1692 3103 1748 Usuardi
3146 1693 3405 1750 ecclesia
3432 1694 3653 1753 Burdi-

2006 1778 2296 1848 galensis.
2330 1777 2482 1832 Nihil
2531 1778 2790 1833 additum
2822 1784 2914 1834 est
2946 1794 3018 1835 ex
3051 1794 3164 1850 quo
3198 1780 3269 1836 dc
3299 1781 3429 1850 ejus
3477 1787 3651 1840 aetate

2015 1866 2628 1932 statuatur.Quantum
2655 1881 2684 1921 a
2709 1866 3050 1937 primigenia
3074 1868 3452 1940 simplicitate
3475 1872 3649 1942 absit,

2016 1953 2275 2022 iutellige
2305 1968 2378 2007 ex
2410 1954 2724 2010 Auctariis.

2087 2046 2209 2097 260.
2234 2044 2335 2098 Ea
2362 2043 2544 2099 ceteri
2570 2042 3006 2115 Martyroloyio
3032 2043 3236 2102 Castri
3256 2046 3493 2117 Karoli,
3521 2061 3647 2119 seu,

2017 2129 2219 2198 mavis,
2241 2143 2312 2184 ex
2342 2130 2610 2185 coenobio
2642 2136 2861 2187 sanctae
2893 2132 3083 2187 Mariae
3106 2134 3177 2188 de
3202 2134 3407 2189 Castro
3432 2135 3648 2192 Karoli.

2018 2218 2224 2272 Locum
2275 2218 2412 2272 mihi
2462 2218 2744 2275 hactenus
2796 2220 3052 2288 ignotum
3104 2223 3307 2278 fateor.
3361 2222 3417 2277 Si
3466 2223 3653 2287 codex

2014 2306 2374 2362 Usuardinus
2403 2311 2516 2376 est,
2550 2322 2664 2362 non
2694 2308 2929 2364 videtur
2958 2312 3440 2368 contemnendus.

2088 2397 2209 2448 261.
2243 2395 2343 2450 Ea
2389 2395 2823 2467 Martyrologio
2868 2398 3283 2456 Bizanticensi
3325 2400 3392 2456 δ’.
3442 2399 3649 2458 Pauli.

2014 2481 2134 2549 Non
2166 2480 2346 2555 multa
2376 2481 2550 2537 habet
2580 2497 2651 2537 ex
2680 2483 2894 2553 quibus
2927 2486 3109 2554 magis
3139 2486 3210 2541 ad
3242 2501 3367 2542 eam
3387 2502 3558 2559 quam
3581 2489 3652 2544 ad

2014 2567 2184 2622 aliam
2242 2570 2561 2638 quamlibet
2609 2572 2811 2627 urbem
2871 2574 3166 2643 pertinere
3218 2574 3502 2632 dicendus
3552 2576 3649 2634 sit.

2015 2655 2158 2712 Huic
2188 2656 2319 2711 addi
2362 2665 2608 2727 possunt
2656 2665 2920 2715 extracta
2973 2660 3081 2715 alia
3134 2677 3245 2717 non
3297 2665 3488 2732 magni
3538 2680 3655 2719 mo-

2014 2744 2214 2812 menti,
2242 2743 2547 2815 desumpta
2578 2760 2653 2801 ea
2679 2747 3114 2818 Martyrologio
3159 2751 3537 2813 Luaociensi.
3571 2754 3651 2807 De

2013 2831 2124 2886 hoc
2156 2832 2329 2887 etiam
2363 2832 2656 2902 peculiare
2689 2834 3002 2903 quidquam
3032 2840 3294 2892 notatum
3347 2853 3460 2893 non
3494 2839 3655 2895 inve~

2015 2918 2131 2989 nio,
2164 2934 2268 2974 nec
2300 2920 2612 2975 observare
2647 2921 2766 2992 ipsc
2800 2922 2980 2992 potui.

2087 3011 2207 3062 262.
2239 3009 2340 3063 Ea;
2366 3007 2798 3079 Martyrologio
2826 3010 3022 3067 sancti
3059 3012 3332 3072 Anatolii
3373 3016 3656 3078 Salium-

2013 3094 2117 3150 sis.
2170 3093 2268 3148 His
2324 3094 2609 3153 extractis
2656 3090 3088 3166 subjunguntur
3135 3098 3245 3155 alia
3297 3103 3472 3161 etiam
3526 3122 3654 3177 per-

2020 3195 2219 3252 pauca,
2253 3195 2327 3237 eo:
2344 3181 2777 3254 Martyrologio
2808 3183 3347 3245 Franciscanorum
3371 3192 3655 3250 Salinen—

2014 3271 2189 3327 sium.
2225 3269 2355 3326 Sola
2388 3271 2617 3327 nomina
2651 3272 2863 3343 iudico,
2897 3287 3027 3329 cum
3060 3273 3256 3332 dubiis
3284 3280 3651 3349 coujecturis

2018 3359 2322 3429 indulgere
2356 3360 2549 3416 nolim.

2090 3453 2211 3504 263.
2245 3449 2425 3519 rEque
2454 3451 2704 3506 obscura
2737 3457 2869 3508 sunt
2900 3468 2964 3509 ea
2999 3469 3126 3525 quae
3159 3456 3480 3515 Chiﬂletius
3501 3472 3657 3518 sum-

2022 3536 2137 3608 psit
2167 3537 2674 3610 eaxllartg/roloyio
2704 3539 2959 3599 abbatia
2991 3541 3301 3615 Golliana,

2091 3630 2212 3681 264.
2248 3628 2388 3681 Item
2422 3642 2497 3681 ea
2524 3627 2957 3700 Martyrologio
3005 3630 3227 3689 Montis
3270 3635 3507 3707 Sancti,
3543 3636 3655 3693 nisi

2021 3714 2259 3783 quodin
2292 3730 2360 3770 eo
2402 3716 2583 3785 magis
2628 3723 2988 3775 exornentur
3038 3721 3388 3779 Romaricus
3438 3724 3493 3795 (a
3540 3738 3654 3795 quo

2022 3816 2227 3857 nomen
2260 3804 2510 3860 sortitur
2541 3804 2723 3875 locus,
2761 3811 2823 3861 ut
2873 3806 2947 3862 sit
2993 3822 3159 3866 mons
3201 3811 3399 3870 sancti
3445 3813 3659 3871 Roma-

2016 3891 2158 3959 rici)
2189 3890 2403 3961 aliique
2436 3893 2623 3948 sancti
2655 3909 2785 3950 cum
2815 3909 2885 3951 eo
2915 3897 3229 3969 conjuncti,
3264 3904 3364 3956 aut
3396 3900 3467 3958 ad
3499 3901 3659 3959 idem

2021 3978 2350 4035 coenobium
2384 3985 2736 4051 spectantes.

2092 4078 2213 4129 265.
2266 4077 2367 4131 Ea
2409 4076 2844 4150 Martyrologio
2896 4082 3179 4152 Usuardi,
3225 4084 3665 4159 Caudiacensis

2007 4163 2342 4234 prioratus.
2360 4165 2585 4221 Memini
2608 4181 2695 4222 me
2719 4167 2931 4224 alicubi
2955 4170 3012 4224 in
3034 4171 3196 4228 Actis
3219 4172 3372 4231 hunc
3397 4178 3667 4237 codicem-

2022 4252 2281 4323 reperire
2312 4254 2422 4309 sub
2452 4255 2683 4311 nomine
2726 4257 3181 4332 Candracensis,
3217 4263 3321 4320 sed
3371 4268 3658 4325 servanda

2025 4344 2114 4395 est
2147 4340 2559 4413 nomenclatio,
2595 4358 2706 4413 qua
2737 4346 2912 4402 etiam
2947 4346 3002 4403 in
3033 4349 3328 4408 Auctariis
3362 4369 3502 4412 usus
3532 4370 3661 4413 sum

274 4420 587 4479 Florentiae
610 4428 669 4478 et
694 4423 832 4479 alibi
858 4424 1045 4495 factae,
1071 4439 1202 4481 cum
1224 4424 1353 4480 aliis
1374 4425 1914 4497 Martyrologiis,ex
1941 4408 1995 4468 D
2032 4429 2415 4500 potissimum.
2438 4408 2554 4498 ,Tot
2585 4408 2749 4490 solus
2780 4435 2871 4491 hic
2899 4436 3085 4492 codex
3124 4408 3658 4501 additioue‘s‘habe—t

272 4510 469 4567 Adone
482 4514 539 4567 et
555 4525 627 4567 ex
639 4510 774 4567 aliis
789 4512 1033 4569 multum
1048 4512 1577 4584 interpolatis,quze
1594 4529 1697 4585 pro
1710 4516 1913 4571 Usuar-

272 4597 422 4655 dinis
451 4614 565 4655 non
596 4600 832 4669 agnovit
864 4602 1284 4671 Henschenius,
1316 4616 1503 4672 neque
1553 4617 1659 4658 nos
1708 4617 1911 4660 eorum

273 4686 722 4744 accessionibus
752 4689 1025 4745 Auctaria
1058 4695 1257 4745 nostra
1288 4703 1558 4746 crescere
1596 4689 1906 4762 voluimus,

271 4772 503 4832 aliunde
534 4775 683 4831 satis
714 4775 903 4847 ampla
931 4780 989 4832 et
1022 4791 1352 4833 numerosa.
1388 4780 1460 4833 At
1511 4792 1640 4834 cum
1692 4777 1912 4834 Chime-

271 4862 426 4918 tiana
478 4862 757 4934 pleraque
805 4878 879 4919 ex
927 4864 1230 4923 codicibus
1280 4865 1625 4922 Usuardinis
1671 4870 1911 4938 accepta

268 4949 600 5021 vidcantur,
633 4965 835 5008 eorum
869 4953 1063 5022 potior
1086 4954 1279 5009 habita
1313 4958 1408 5009 est
1439 4954 1611 5024 ratio,
1639 4954 1789 5010 unde
1815 4954 1910 5011 hic

273 5036 637 5108 singulorum
670 5040 899 5096 nomina
932 5055 1367 5112 percurramus,
1403 5056 1475 5098 ne
1506 5041 1646 5112 quid
1695 5043 1750 5099 in
1783 5047 1910 5099 toto

272 5138 442 5197 Opere
473 5132 747 5201 recurrat
776 5129 931 5199 quod
959 5144 1073 5186 nou
1121 5130 1505 5203 undequaque
1553 5130 1909 5203 explicatum

268 5212 360 5272 sit.
385 5215 488 5272 Hic
522 5214 735 5272 titulus
767 5229 797 5271 a
827 5217 1231 5290 Papebrochio
1265 5218 1533 5276 omnibus
1562 5219 1902 5292 praefigitur.

274 5320 577 5383 Eztracta
617 5336 696 5381 ea
729 5326 922 5385 variis
967 5325 1425 5399 Martyrologiis
1454 5341 1493 5383 a
1524 5328 1593 5385 R.
1629 5329 1683 5384 P
1729 5328 1907 5386 Petro

764 5414 1085 5473 Francisco
1121 5415 1408 5487 Chiﬂelo.

331 5523 458 5581 256.
484 5520 590 5578 Ea
617 5521 801 5583 ceteri
827 5522 1233 5596 manuscripto
1266 5523 1531 5584 Usuardi
1546 5524 1614 5584 «δ’.
1640 5524 1901 5598 Rigaud,

2024 4524 2166 4589 quot
2198 4519 2255 4574 in
2285 4522 2666 4590 sequentibus
2697 4528 2949 4594 quatuor
2980 4527 3377 4597 reperiuntur.

2091 4620 2212 4672 266.
2273 4618 2375 4674 Ea
2427 4618 2861 4693 Martyrologio
2905 4624 3280 4684 Balernensi.
3332 4628 3471 4685 Duae
3517 4628 3659 4685 solm

2020 4705 2496 4763 annuntiationes
2526 4711 2809 4767 extractae
2832 4716 2988 4781 sunt,
3015 4726 3143 4783 quae
3174 4712 3408 4772 aliunde
3440 4715 3495 4771 in
3514 4718 3664 4774 Auc-

2020 4793 2188 4849 tariis
2218 4793 2362 4851 satis
2393 4801 2566 4868 notas,
2598 4810 2670 4853 ex
2699 4798 2806 4855 hoc
2849 4800 3056 4857 codice
3098 4801 3267 4859 citari
3309 4816 3423 4861 non
3475 4816 3658 4862 mere-

2022 4881 2252 4939 bantur.

2092 4983 2213 5035 267.
2246 4981 2348 5037 Ea
2373 4980 2808 5059 Martyrologio
2834 4990 3032 5049 sancti
3074 4991 3369 5052 Vincentii
3400 4986 3662 5052 Cabillo-

2020 5069 2239 5125 nensis.
2299 5070 2553 5128 Patriam
2612 5089 2771 5133 suam
2837 5078 3164 5137 clarissime
3223 5082 3462 5153 indicat,
3528 5095 3660 5139 nam

2024 5171 2385 5230 quaecunque
2414 5161 2611 5235 habet,
2645 5164 2755 5222 loci
2789 5166 2977 5240 ipsius
3008 5171 3244 5242 pr0pria
3281 5177 3444 5229 sunt.

2094 5260 2216 5314 268.
2238 5258 2339 5315 Ea
2354 5258 2629 5333 Martyro
2637 5265 2790 5338 logia
2808 5267 3448 5339 Usuardi,monasterii
3465 5275 3666 5334 sancti

2020 5345 2281 5418 Benigni
2321 5349 2718 5411 Dicionensis.
2753 5354 2909 5410 Idem
2960 5370 3169 5412 nomen
3221 5374 3294 5416 ex
3349 5361 3664 5434 ipsiusmet

2024 5434 2289 5492 Cbiﬂletii
2314 5441 2711 5512 manuscripto
2734 5456 2908 5515 supra
2923 5444 3232 5504 citavimus
3256 5464 3390 5508 num
3413 5456 3549 5521 245;
3572 5464 3667 5507 ve-

2023 5539 2147 5581 rum
2174 5530 2442 5585 extracta
2475 5542 2588 5586 non
2623 5528 2791 5605 plane
2821 5534 3194 5610 conveniunt,
3231 5554 3359 5599 nam
3393 5541 3445 5596 in
3481 5537 3664 5611 priori
