3974 6150
308 170 415 228 879

1282 160 1655 221 USUARDUS
1692 152 2075 217 MONACHUS
2112 155 2758 215 SANGERMANENSIS.

3620 158 3728 214 580

324 289 553 350 nonnisi
595 302 720 359 sex,
762 287 820 343 in
852 287 962 345 hoc
1004 286 1482 345 annuntiationes
1514 285 1783 343 undecim
1815 296 1974 357 repe—
1998 281 2055 344 A
2153 287 2275 341 275.
2309 283 2432 339 Erit
2465 283 2715 340 fortasse
2746 280 2843 352 qui
2874 293 2948 336 ex
2974 277 3175 337 citatis
3214 278 3576 351 praefationis
3622 282 3727 338 hu-

324 380 575 437 riuntur.
611 375 723 433 Sed
756 376 902 433 tanti
933 390 1047 432 non
1088 380 1180 433 est
1220 389 1287 433 ea
1320 374 1739 447 discrepantia,
1777 377 1839 430 ut
1872 372 1967 428 hic

323 466 378 524 ei
407 465 788 538 explananda
819 463 1044 521 diutius
1076 464 1467 520 immoremur.

391 558 517 613 269.
560 555 663 611 Ea
689 552 1125 625 Martyrologio
1153 552 1504 610 Dicionensi
1533 550 1790 609 ecclesia
1833 560 1968 606 saa-

320 645 405 703 cti
428 642 746 715 Stephani.
772 643 840 697 Et
865 641 959 697 hic
990 641 1179 698 codex
1208 653 1389 712 pauca
1420 638 1779 711 suppeditat.
1809 638 1967 693 Inter

321 731 658 788 additiones
690 728 980 799 undecim,
1013 729 1142 786 dua:
1171 727 1459 785 duntaxat
1510 725 1964 785 Divionensibus

324 818 573 891 proprias
606 817 1001 890 reperiuntur.
1416 816 1423 821 ‘

393 911 516 963 2'70.
583 908 685 963 Ea
754 904 1183 977 martyrologio
1242 904 1583 975 pmetusto
1659 902 1966 962 Bernensis

318 994 577 1053 ecclesia
611 994 951 1051 sanctorum
1004 992 1295 1050 Timothei
1333 995 1395 1051 et
1436 992 1829 1064 Apollinaris.
1865 991 1968 1047 Co-

321 1081 435 1138 dex
481 1081 576 1136 hic
624 1079 793 1136 valde
840 1077 1121 1150 capiosus
1169 1082 1283 1149 est,
1340 1078 1609 1149 pluribus
1663 1077 1967 1135 abundans

319 1168 601 1227 auctariis
653 1181 825 1239 quam
875 1166 1031 1224 ullus
1082 1181 1155 1222 ex
1212 1166 1705 1239 praecedentibus.
1758 1168 1964 1222 Utrum

318 1271 457 1315 vere
486 1256 851 1313 Usuardinus
882 1256 1129 1325 sit,'non
1157 1254 1471 1327 explicavit
1508 1253 1852 1324 Chiﬂletius.

388 1350 512 1403 271.
545 1346 647 1403 Ea:
673 1343 1113 1416 Martyrologio
1141 1345 1361 1402 sancta
1385 1342 1603 1402 Maria
1629 1342 1960 1401 Belnensis.

317 1437 384 1493 Et
416 1435 528 1492 hoc
548 1448 688 1492 vere
708 1447 919 1490 nomen
952 1447 1120 1490 suum
1153 1433 1412 1504 praefert,
1444 1447 1576 1490 cum
1608 1447 1720 1489 non
1753 1432 1966 1488 habeat

315 1521 920 1582 nisiBelnensia.Vide
932 1521 1230 1591 egregium
1246 1520 1541 1592 specimen
1564 1535 1696 1578 XXVI
1718 1518 1958 1591 Aprilis.

386 1617 509 1670 272.
551 1612 654 1669 Ea
696 1609 1131 1683 Martyrologio
1178 1610 1462 1667 Accincti.
1511 1609 1742 1665 Unicam
1784 1609 1959 1664 habet
1992 1629 2046 1691 Β

314 1700 930 1759 commemorationem
963 1717 977 1753 :
1010 1698 1087 1756 In
1128 1698 1430 1755 territorio
1476 1697 1818 1767 Bismztino,
1844 1710 1961 1753 νιος

310 1789 577 1848 nasterio
605 1787 978 1857 Belleoallis,
1012 1787 1333 1844 translatio
1379 1787 1447 1844 5’.
1484 1786 1658 1844 Pet/ri
1705 1786 1961 1857 episcopi

310 1878 374 1935 et
397 1877 791 1949 confessoris;
817 1876 889 1932 de
921 1889 1033 1946 qua
1065 1874 1200 1931 vide
1230 1889 1330 1932 vm
1361 1874 1511 1930 Maii.

382 1969 506 2023 273.
541 1965 919 2022 Chiﬁletianis
950 1967 1244 2037 postremo
1275 1964 1388 2021 hoc
1438 1962 1566 2020 loco
1619 1961 1962 2034 superaddi-

308 2055 411 2110 tur
438 2056 769 2109 extractum
801 2065 913 2108 non
946 2051 1178 2108 maximi
1231 2050 1506 2107 momenti
1557 2063 1632 2107 ea
1660 2048 1960 2121 Martyro-

313 2140 467 2212 ιοθέο
493 2140 758 2199 Usuardi
776 2138 1300 2211 Abdinghofensis
1323 2139 1380 2194 in
1402 2140 1559 2195 West
1572 2137 1783 2209 phalia,
1803 2137 1956 2207 quod

310 2228 410 2284 vix
439 2228 724 2300 pagellam
758 2227 982 2298 implet.
1018 2227 1142 2284 Alia
1173 2242 1247 2283 ex
1277 2228 1480 2283 eodem
1523 2226 1727 2283 codice
1759 2225 1959 2296 adjun-

310 2321 532 2386 guntur
563 2330 692 2387 quae
722 2315 836 2372 huc
868 2330 981 2372 non
1014 2315 1330 2386 pertinent.

504 2456 747 2514 Codices
778 2455 897 2515 alii
924 2455 992 2513 in
1020 2453 1128 2513 hoc
1152 2468 1324 2527 opere
1349 2467 1467 2511 non
1494 2453 1776 2513 adhibiti.

383 2584 505 2639 274.
537 2582 761 2637 Praeter
805 2578 1037 2649 longam
1069 2578 1337 2635 codicum
1379 2578 1838 2637 Usuardinorum
1870 2594 1959 2636 se-

311 2670 478 2741 riem,
510 2669 656 2727 satis
687 2669 813 2726 fuse
850 2668 1151 2739 hucusque
1200 2666 1577 2740 descriptam,
1614 2667 1725 2724 alia
1778 2683 1956 2740 penes

306 2773 414 2816 nos
444 2757 836 2829 manuscripts
872 2760 1030 2828 sunt,
1059 2770 1189 2828 quae
1212 2770 1517 2813 numerum
1544 2769 1759 2825 augere
1793 2762 1954 2829 pote-

309 2850 461 2917 rant,
486 2846 599 2903 nisi
625 2849 786 2902 tanta
812 2844 1060 2902 aliorum
1094 2844 1262 2915 copia
1288 2843 1512 2901 fuisset.
1540 2845 1831 2901 Habemus
1860 2860 1957 2902 co-

309 2934 498 2993 dicem
516 2933 766 2991 alterum
782 2932 1230 3003 Ultrajectinum
1244 2932 1957 2991 ccclesiasanctaMaria

311 3023 763 3093 Caesoniam,
788 3036 960 3078 manu
991 3020 1244 3091 Belgica,
1272 3021 1329 3076 in
1364 3020 1523 3091 folio,
1549 3022 1643 3077 cui
1675 3022 1954 3094 ascripsit

310 3111 449 3168 olim
478 3110 846 3181 Rosweydus
875 3122 994 3166 non
1023 3121 1148 3166 esse
1181 3109 1554 3178 Usuardum;
1584 3113 1765 3180 recte,
1802 3110 1851 3166 si
1883 3110 1954 3166 de

312 3215 460 3273 puro
491 3197 803 3269 intellexit,
828 3202 889 3255 at
918 3212 991 3253 ex
1020 3196 1286 3254 Usuardo
1312 3201 1373 3252 et
1403 3196 1535 3254 aliis
1577 3197 1953 3270 compilatum

311 3288 495 3345 fuisse
515 3287 715 3345 statim
742 3283 1527 3359 perspiciet,quiUsuardum
1542 3286 1954 3342 noverit.Citat

309 3374 589 3445 Molanus,
605 3372 970 3446 praefationis
989 3386 1117 3444 cap.
1146 3375 1235 3443 13,
1257 3372 1596 3429 Usuardum:
1620 3372 1956 3432 Gailielmi-

311 3464 514 3522 ta/I‘wm
531 3461 1080 3534 Brugensimn,quo
1104 3460 1163 3516 in
1184 3474 1289 3518 sua
1312 3460 1571 3517 editione
1595 3477 1739 3519 usus
1762 3462 1955 3518 sit.In-

305 3551 480 3610 venio
493 3550 822 3622 descriptos
836 3549 969 3606 inde
982 3562 1211 3607 menses
1227 3548 1478 3621 duos,ex
1489 3550 1703 3621 quibus
1716 3550 1948 3623 colligo,

306 3639 550 3699 multum
583 3638 895 3697 convenire
926 3653 1058 3697 cum
1087 3638 1372 3696 Usuardis
1395 3639 1619 3696 nostris
1649 3638 1954 3710 Leydensi-

306 3728 438 3801 bus,
466 3728 795 3801 przesertim
824 3743 953 3786 cum
978 3727 1234 3800 Belgico,
1261 3727 1414 3784 unde
1445 3732 1506 3785 et
1536 3743 1667 3785 cum
1694 3728 1839 3801 ipsis
1861 3745 1954 3786 co-

306 3813 558 3888 dicibus,
594 3815 861 3890 praedicti
894 3816 1009 3873 duo
1042 3829 1271 3873 menses
1317 3816 1606 3888 compacti
1659 3822 1814 3873 sunt.
1849 3817 1952 3873 Est

306 3903 449 3960 item
477 3904 667 3961 codex
695 3903 847 3960 alius
871 3917 1105 3976 parvus,
1132 3918 1303 3960 manu
1328 3903 1644 3959 recentiori
1668 3905 1948 3978 scriptus,

307 4002 479 4060 quem
509 3990 857 4063 simpliciter
902 3992 1269 4062 Bragensem
1313 4004 1610 4061 vocamus,
1642 3992 1821 4048 semel
1852 3998 1952 4050 aut

305 4074 540 4149 iterum,
564 4077 623 4133 ni
658 4075 850 4149 fallor,
874 4091 906 4134 a
936 4078 1110 4135 nobis
1132 4077 1371 4149 citatus,
1398 4078 1501 4134 sed
1524 4078 1775 4136 subinde
1808 4080 1953 4151 reje-

302 4168 463 4236 ctus,
487 4165 644 4236 quod
671 4165 744 4222 ab
765 4166 1033 4223 Usuardo
1064 4165 1236 4223 nimis
1263 4179 1420 4240 saepe
1449 4166 1809 4224 deﬂecteret.
1841 4169 1953 4226 Ad-

2070 372 2166 442 jus
2225 370 2391 429 initio
2436 370 2697 428 Bollandi
2746 368 2961 438 verbis,
2999 373 3224 439 quaerat
3274 384 3381 425 cur
3429 368 3586 425 inter
3633 373 3723 425 tot

2078 460 2377 517 Usuardos
2407 460 2500 516 hic
2524 459 2640 529 jam
2672 459 2877 514 ordine
2908 457 3257 528 recensitos,
3281 456 3472 514 locum
3495 471 3609 514 non
3628 457 3726 514 ha-

2075 548 2209 605 beat
2243 549 2575 621 Prageasis
2607 547 2705 603 ille
2737 561 2907 618 quem
2940 561 3071 603 cum
3105 545 3469 602 Bruxellensi
3504 546 3722 602 ibidem

2073 637 2368 694 nominat?
2414 636 2607 693 Dicam
2658 635 2907 692 candide
2956 633 3176 690 nullum
3222 647 3311 689 me
3363 632 3724 705 peculiarem

2073 725 2332 783 codicem
2363 726 2716 795 Pragensem
2748 737 2945 780 nosse.
2971 723 3093 779 Non
3123 722 3632 778 dimtebortamen
3664 723 3724 778 in

2072 817 2272 870 nostra
2296 812 2837 883 Martyrologiorum
2860 810 3230 880 collectione,
3247 809 3722 881 Martyrologium

2073 901 2306 973 aliquod
2321 903 2614 970 Pragense
2630 899 3059 972 reperiri,quod
3072 900 3391 970 propriam
3416 899 3726 970 Pragense

2071 989 2299 1047 vocavit
2331 988 2766 1053 Henschenius;
2800 987 2975 1058 idque
3007 986 3236 1057 merito,
3258 1001 3389 1043 cum
3422 986 3583 1043 solos
3617 1001 3725 1043 eos

2073 1075 2199 1134 dies
2221 1077 2432 1149 signet,
2460 1077 2673 1149 quibus
2696 1078 2897 1147 Pragae
2922 1074 3217 1132 festivitas
3241 1074 3434 1145 aliqua
3456 1073 3726 1153 celebra-

2069 1169 2188 1236 tur,
2225 1170 2466 1237 propter
2497 1169 2832 1222 sanctorum
2881 1163 3161 1234 reliquias
3191 1178 3221 1219 a
3255 1162 3461 1220 Carolo
3502 1163 3573 1218 IV
3605 1165 3728 1219 Cae-

2071 1268 2223 1325 sare,
2259 1268 2465 1324 magno
2495 1268 2736 1311 numero
2766 1256 3115 1326 procuratas
3138 1265 3325 1322 eoque
3356 1249 3629 1309 collatas.
3658 1252 3724 1309 In

2071 1342 2467 1414 manuscripto
2498 1347 2707 1399 nostro
2740 1355 2910 1398 manu
2940 1339 3325 1411 Papebrochii
3377 1342 3621 1396 notatur
3653 1341 3719 1397 P.

2070 1429 2435 1487 Gamansium
2468 1430 2726 1487 codicem
2760 1429 2946 1501 ipsum
2978 1430 3331 1498 Pragensem
3369 1427 3439 1484 ad
3492 1426 3727 1484 Bollan-

2069 1517 2205 1574 dum
2237 1516 2373 1573 olim
2396 1518 2643 1588 misisse,
2669 1518 2769 1574 sed
2796 1517 2867 1573 ad
2892 1516 3112 1572 dictum
3144 1517 3375 1573 Patrem
3408 1516 3723 1573 remissum

2077 1619 2226 1661 anno
2258 1611 2415 1663 1681.
2443 1607 2729 1662 Caeterum
2761 1605 2908 1661 satis
2936 1604 3075 1659 mihi
3107 1607 3332 1661 certum
3362 1608 3479 1675 est,
3513 1603 3586 1660 de
3613 1602 3722 1667 tali

2074 1693 2484 1765 Martyrologio
2512 1693 2851 1750 Bollandum
2888 1692 2945 1748 in
2979 1692 3319 1764 praefatione
3341 1690 3602 1762 generali
3637 1691 3725 1747 lo-

2068 1787 2267 1838 cutum
2299 1797 2410 1838 non
2442 1796 2595 1839 esse.
2633 1780 2821 1837 Malim
2855 1780 3099 1837 credere
3130 1781 3458 1850 Pragenses
3508 1782 3723 1837 Patres

2070 1874 2327 1941 nostros,
2352 1869 2602 1926 Usuardi
2633 1868 2832 1925 Danici
2855 1868 2990 1924 olim
3015 1883 3421 1940 possessores,
3447 1872 3721 1926 extracta

2069 1957 2261 2029 aliqua
2293 1962 2350 2014 et
2388 1958 2702 2031 specimina
2733 1957 2804 2013 ad
2839 1957 3179 2013 Bollandum
3212 1957 3462 2027 misisse,
3487 1971 3560 2013 ex
3592 1958 3726 2029 qui-

2070 2047 2179 2103 bus
2211 2046 2336 2117 ipse
2386 2045 2658 2103 facillime
2702 2045 2969 2115 judicare
3014 2045 3291 2117 potuerit,
3340 2046 3726 2118 ampliﬁcata

2064 2135 2406 2192 sanctorum
2432 2135 2647 2206 elogia,
2681 2135 2739 2190 et
2766 2134 3043 2205 plurima
3066 2135 3310 2191 nomina
3338 2134 3624 2205 ascripta.
3659 2134 3722 2190 Si

2069 2228 2285 2294 praeter
2342 2222 2471 2292 hoc,
2525 2221 2681 2277 aliud
2739 2223 3035 2292 Pragense
3084 2221 3561 2292 Martyrologium
3614 2230 3722 2281 aut

2065 2310 2232 2380 vidit,
2266 2314 2365 2366 aut
2398 2309 2509 2365 sibi
2538 2309 2965 2366 commodatum
2996 2308 3222 2379 habuit,
3257 2313 3483 2367 certum
3515 2316 3607 2366 est
3656 2310 3722 2368 in

2066 2398 2264 2454 Museo
2296 2401 2500 2454 nostro
2533 2412 2642 2453 non
2675 2402 2933 2453 exstare.
2962 2396 3123 2464 Quod
3158 2396 3206 2452 si
3240 2398 3495 2455 fortasse
3523 2398 3723 2455 lector

2066 2486 2302 2542 codices
2334 2485 2480 2541 alios
2516 2486 2623 2542 sub
2654 2485 2904 2542 Usuardi
2953 2484 3182 2541 nomine
3214 2485 3268 2540 in
3302 2485 3464 2543 Actis
3495 2486 3721 2543 citatos

2067 2575 2342 2645 reperiat,
2370 2573 2696 2630 meminerit
2731 2572 3117 2645 incompletos
3140 2587 3295 2644 esse,
3322 2578 3419 2630 aut
3440 2578 3720 2632 extracta

2066 2662 2257 2733 aliqua
2291 2664 2362 2719 ad
2416 2662 2667 2732 majores
2716 2668 2954 2718 nostros
3004 2662 3187 2719 fuisse
3230 2665 3605 2735 transmissa,
3641 2664 3725 2721 si-

2064 2752 2183 2808 cuti
2221 2753 2290 2807 de
2322 2751 2766 2821 Hieronymiano
2804 2750 3190 2808 Tamlactensi
3222 2750 3477 2809 diximus
3507 2754 3722 2825 praefa-

2062 2839 2242 2896 tionis
2270 2840 2441 2911 hujus
2474 2856 2627 2895 num.
2663 2846 2750 2896 25.
3368 2829 3380 2839 ’

2626 2971 3015 3029 ARTICULUS
3054 2973 3144 3029 VI.

2317 3078 2624 3137 Editioais
2652 3077 2838 3149 hujus
2855 3077 3036 3151 jldes,
3067 3079 3253 3149 ratio,
3287 3079 3451 3138 ordo.

2134 3196 2256 3250 276.
2295 3191 2457 3259 Quod
2498 3191 2858 3264 praefationis
2901 3191 3074 3261 hujus
3117 3191 3404 3264 principio
3447 3197 3723 3253 testatus

2064 3295 2212 3351 sum,
2239 3294 2448 3336 secure
2481 3280 2670 3336 denuo
2701 3280 2810 3336 sub
2835 3279 3003 3336 ﬁnem
3027 3279 3215 3336 audeo
3239 3294 3530 3353 asserere,
3548 3297 3641 3339 me
3660 3283 3722 3340 in

2061 3370 2187 3423 tota
2213 3367 2321 3423 hac
2351 3381 2497 3423 nova
2539 3365 2881 3422 recensione
2913 3365 2970 3421 id
3003 3364 3248 3421 maxime
3280 3366 3562 3424 habuisse
3595 3384 3722 3441 prae

2062 3454 2250 3513 oculis
2289 3458 2374 3526 ut,
2425 3457 2643 3526 praeter
2684 3453 3230 3526 Martyrologiorum
3282 3454 3719 3529 genealogiam,

2062 3543 2389 3602 Usuardum
2406 3542 2783 3614 purissimum
2795 3544 2855 3597 'ct
2873 3542 3335 3598 sincerissimum
3353 3545 3715 3614 proferrem;

2063 3633 2118 3688 in
2154 3647 2287 3704 quo,
2305 3630 2668 3689 conﬁdenter
2686 3630 2893 3702 dicam,
2910 3630 3053 3686 nihil
3074 3631 3441 3703 operaa,nihil
3466 3632 3713 3706 laboris,

2062 3720 2203 3776 nihil
2241 3717 2560 3789 diligentias
2590 3734 2620 3775 a
2651 3733 2740 3775 me
2773 3718 3234 3790 praetermissum
3269 3719 3473 3777 fuisse.
3504 3723 3719 3779 Fontes

2063 3809 2358 3879 assignavi
2390 3809 2469 3865 ita
2500 3811 2851 3880 repurgatos
2878 3810 2937 3864 et
2972 3807 3301 3878 mundatos,
3319 3811 3385 3865 ut
3413 3808 3715 3880 limpidam

2063 3897 2371 3954 veritatem
2393 3911 2467 3953 ex
2488 3896 2557 3952 iis
2579 3896 2842 3952 haustam
2864 3894 3228 3963 existimem;
3253 3898 3431 3967 atque
3453 3896 3605 3954 adeo
3628 3901 3719 3954 tu-

2060 3989 2125 4042 to
2143 3988 2201 4041 et
2226 3985 2448 4056 absque
2479 3982 2657 4041 ullius
2690 3983 2905 4040 invidia
2935 3984 3198 4040 Usuardo
3237 3983 3372 4040 huic
3413 3984 3714 4057 applicare

2063 4073 2280 4147 possim
2305 4073 2461 4145 quod
2486 4072 2746 4145 pontifici
2764 4070 2945 4129 Paulo
2968 4071 3013 4128 V
3036 4071 3107 4128 de
3130 4086 3237 4129 suo
3260 4071 3463 4129 Adone
3484 4087 3716 4133 asseve-

2061 4163 2228 4219 rabat
2251 4162 2616 4233 Rosweydus
2642 4180 2654 4215 :
2680 4180 2710 4215 α
2730 4161 2808 4217 Ea
2831 4160 2944 4218 ﬁde
2964 4174 3224 4233 curaque
3248 4161 3635 4235 recensitum,
3653 4167 3710 4219 ut

294 4251 477 4326 jungo
523 4252 613 4311 his
661 4252 926 4311 codicem
978 4254 1154 4311 alium
1204 4255 1523 4327 minimum,
1570 4255 1731 4313 corio
1780 4256 1948 4329 nigro
1975 4326 2015 4329 _
2060 4250 2345 4308 affirmare
2365 4264 2480 4307 non
2501 4252 2728 4321 verear,
2746 4263 2999 4322 paruma
3024 4248 3255 4306 Calamo
3275 4253 3597 4323 menteque
3618 4264 3713 4308 au-

299 4346 664 4416 coopertum,
701 4342 799 4415 qui
833 4342 954 4400 fere
996 4342 1363 4401 Usuardinus
1412 4343 1532 4401 dici
1578 4349 1801 4417 posset,
1834 4326 1943 4404 nisi
1975 4326 2028 4387 D
2060 4339 2246 4397 ctoris
2276 4334 2810 4397 abesse.lntererat
2846 4338 3109 4411 profecto
3139 4337 3485 4410 reipublicae
3519 4339 3712 4397 Chris-

298 4429 542 4490 nimium
571 4435 629 4487 et
662 4430 827 4502 quasi
858 4431 1054 4489 studio
1094 4435 1435 4490 contractus
1463 4436 1644 4490 esset.
1682 4432 1951 4492 Citantur

300 4517 360 4574 in
380 4518 544 4577 Actis
564 4533 675 4576 non
692 4533 825 4577 raro
843 4520 1194 4579 Additiones
1209 4521 1632 4593 manuscripta
1654 4521 1950 4582 OMtasia

297 4606 734 4678 Bmellensis,
762 4607 867 4664 sed
889 4608 977 4665 hae
1000 4608 1142 4664 nihil
1165 4610 1237 4666 ad
1259 4609 1605 4681 Usuardum,
1633 4624 1764 4667 cum
1789 4626 1945 4667 mera

300 4698 612 4766 augmenta
650 4694 787 4768 sint,
821 4695 1067 4754 editioni
1119 4697 1496 4756 Grevenianae
1544 4692 1961 4771 superaddita.

301 4780 562 4841 Contulit
579 4783 1020 4857 Papebrochius
1040 4784 1357 4843 editionem
1389 4785 1947 4845 Lubeco-Colonien-

299 4882 444 4943 sem,
468 4886 600 4931 cum
633 4872 836 4932 codice
857 4873 1056 4946 aliquo
1086 4874 1337 4934 abbatiaa
1364 4875 1947 4934 Praemonstratensis

293 4958 365 5018 ις’.
392 4958 688 5022 ΜὶοΙιαθΖί
715 4962 1073 5035 Antaei-pia,
1105 4977 1309 5021 verum
1340 4968 1399 5022 et
1430 4963 1487 5021 in
1515 4977 1584 5022 eo
1615 4962 1946 5022 additiones

299 5050 438 5104 sunt
469 5049 871 5109 additionibus
909 5050 1352 5123 superadjectaa.
1386 5053 1625 5110 Demum
1674 5053 1732 5109 in
1783 5052 1945 5111 Actis

301 5133 643 5204 frequenter
672 5138 924 5197 recurrit
952 5137 1301 5198 Florae-iam
1321 5140 1701 5214 Sanctorum,
1730 5140 1789 5200 in
1829 5154 1945 5214 quo

300 5219 631 5280 Usuardina
662 5226 862 5284 multis
901 5225 1033 5286 aliis
1082 5227 1337 5286 immista
1382 5234 1543 5288 sunt.
1574 5230 1948 5288 Sufﬁciebant

300 5306 442 5365 mihi
471 5309 707 5368 codices
754 5315 871 5386 jam
919 5318 1264 5390 enumerati,
1302 5318 1565 5391 quotidie
1614 5317 1942 5391 evolvendi,

301 5401 370 5460 ut
398 5396 572 5458 facile
600 5397 859 5474 reliquos
887 5418 1090 5465 omnes
1116 5407 1370 5468 intactos
1398 5406 1812 5484 relinquerem.

2056 4428 2251 4501 tianaa,
2268 4443 2340 4486 ne
2370 4428 2509 4500 quid
2539 4426 2729 4500 magni
2750 4426 2861 4484 viri
2892 4425 3068 4484 titulo
3101 4425 3419 4499 legeretur,
3447 4428 3607 4500 quod
3630 4427 3708 4500 ip-

2058 4518 2183 4575 sius
2221 4532 2335 4574 non
2383 4522 2562 4588 esset,
2596 4531 2669 4574 ne
2716 4515 2854 4587 quid
2904 4520 3250 4588 corruptum
3295 4515 3424 4586 ejus
3475 4517 3706 4573 nomine

2055 4605 2752 4677 circumferretur,aliena
2774 4604 3045 4662 adsutum
3065 4617 3236 4661 manu
3252 4622 3267 4671 ;
3282 4618 3355 4660 ne
3378 4603 3489 4661 viri
3512 4607 3705 4662 aucto-

2058 4696 2293 4752 ritatem
2326 4700 2527 4752 secuta
2562 4693 2899 4767 posteritas,
2932 4693 3156 4751 erroris
3186 4691 3481 4750 funiculos
3512 4698 3706 4751 necte-

2057 4788 2181 4854 ret;
2215 4799 2287 4841 ne
2318 4797 2551 4856 quoque
2579 4784 2849 4840 Usuanno
2883 4782 3199 4855 quidquam
3230 4780 3702 4853 abjudicaretur;

2056 4874 2152 4931 cui
2209 4872 2609 4930 certissimum
2667 4872 2740 4930 ab
2798 4871 3055 4929 unanimi
3111 4869 3383 4929 codicum
3430 4870 3703 4941 suﬂ‘ragio

2058 4961 2460 5020 testimonium
2490 4964 2675 5019 esset.
2708 4979 2738 5014 »
2770 4960 2852 5018 Ne
2881 4973 3022 5018 vero
3070 4959 3239 5033 plura
3285 4959 3344 5016 in
3388 4959 3541 5017 hanc
3585 4971 3700 5016 rem

2058 5053 2399 5122 argumenta
2413 5049 2836 5122 coacervando,
2846 5048 3206 5122 praefationis
3221 5049 3339 5122 jam
3361 5048 3534 5120 satis,
3552 5048 3699 5105 forte

2056 5137 2229 5198 nimis
2251 5138 2542 5210 diﬂ‘usam,
2567 5138 2819 5197 ulterius
2846 5138 3198 5210 protraham,
3223 5136 3435 5195 asserti
3458 5136 3569 5194 mei
3591 5134 3703 5192 sin-

2056 5227 2364 5289 ceritatem
2395 5243 2501 5304 per
2530 5224 2793 5302 singulos
2822 5226 2952 5287 dies
2992 5226 3324 5302 perspiciet,
3357 5225 3459 5300 qui
3491 5225 3704 5283 Obser-

2056 5319 2322 5377 vationes
2351 5322 2586 5378 nostras
2612 5317 2925 5377 consulere
2955 5317 3310 5390 dignabitur.

2126 5413 2251 5469 277.
2273 5409 2355 5469 De
2374 5408 2571 5484 operis
2598 5408 2738 5468 item
2767 5408 2996 5468 ratione
3025 5410 3086 5465 et
3111 5405 3317 5465 ordine
3349 5401 3698 5479 paucissima
