3974 6150
211 242 301 299 681

1631 235 2174 296 PROLEGOMENA.

3492 243 3599 300 582

208 361 453 420 dicenda
487 368 825 434 supersunt.
852 365 913 419 ln
945 364 1132 420 ﬁ'onte
1163 363 1448 434 cujusque
1471 362 1584 420 diei
1609 363 1844 435 ponitur
1872 365 1927 425 A
1955 362 2181 433 mentis,
2209 375 2312 419 seu
2334 360 2589 432 excusis,
2617 376 2718 419 seu
2744 362 2896 434 apud
2911 375 3018 422 nos
3034 363 3570 436 manuscriptisbre

204 456 400 509 textus
430 451 554 525 ipse
586 451 966 521 Usuardinus,
1003 465 1076 507 ex
1096 451 1546 522 prmcipuorum,
1583 451 1696 506 imo
1729 465 1847 507 om-

202 544 354 601 nium
386 543 652 602 codicum
683 539 999 597 collatione
1027 540 1308 604 eductus;
1343 554 1609 608 quorum,
1648 539 1744 610 qui
1775 553 1845 595 eo

206 631 295 688 die
319 633 449 704 puri
473 629 862 702 repertisunt,
888 627 1118 683 nomina
1144 626 1350 682 minori
1374 628 1713 682 charactere
1736 629 1847 682 Ita-

206 718 317 776 lico
349 719 761 790 subjiciuntur,
789 720 1061 786 tanquam
1096 715 1380 785 praemissi
1416 720 1614 772 textus
1635 717 1838 771 Usuar-

206 808 320 864 dini
354 807 646 880 probatio.
665 805 720 859 Si
743 804 974 875 quando
1000 802 1195 860 nullus
1208 804 1393 860 codex
1417 804 1641 874 integre
1663 818 1847 875 purus

206 903 266 953 et
289 897 537 968 simplex
561 894 755 964 fuerit,
773 893 1058 948 attexitur
1076 891 1614 961 dissertatiuncula,
1641 906 1751 962 qua
1776 891 1848 946 de

208 989 406 1042 textus
423 982 798 1054 simplicitate
821 980 1008 1037 lector
1027 980 1256 1038 abunde
1283 980 1620 1037 edoceatur.
1647 981 1727 1037 Eo
1750 995 1848 1037 au-

208 1079 322 1130 tem
345 1089 417 1129 ex
449 1070 887 1145 probatioribus
907 1069 1212 1126 codicibus
1243 1072 1588 1140 expurgato,
1631 1073 1845 1124 caetera

209 1161 399 1219 omnia
435 1175 564 1231 quae
597 1160 824 1215 Usuaro
861 1156 1244 1227 abjudicanda
1277 1171 1602 1226 censemus,
1636 1156 1693 1211 in
1716 1171 1847 1214 eum

205 1249 509 1306 elenchum
523 1247 739 1318 rejeeta
755 1251 910 1315 sunt,
929 1260 1097 1316 quem
1112 1245 1386 1302 Auctaria
1402 1244 1843 1316 appellavimus.

204 1339 412 1407 Porro,
429 1336 627 1408 operis
647 1335 870 1402 ordine,
898 1333 1166 1405 sequitur
1189 1333 1847 1404 manipuluslectionum

205 1425 578 1495 variantium,
613 1424 668 1478 in
701 1423 1003 1480 codicibus
1037 1421 1397 1490 Usuardinis,
1431 1437 1538 1492 pro
1569 1437 1640 1478 eo
1684 1427 1847 1478 textu

207 1514 408 1576 citatis
437 1511 894 1580 occurrentium,
930 1508 1028 1565 ubi
1071 1509 1119 1565 si
1153 1509 1303 1565 forte
1344 1509 1601 1564 minutiae
1651 1510 1851 1565 obser-

208 1607 422 1659 ventur
437 1600 709 1656 momenti
744 1598 1066 1670 perexigui,
1085 1597 1412 1653 meminerit
1438 1597 1624 1653 lector
1653 1612 1741 1652 me
1757 1597 1847 1653 hic

213 1689 468 1746 omuium
502 1688 776 1758 gustibus
819 1686 1119 1743 deservire
1160 1684 1454 1755 debuisse,
1489 1685 1751 1755 adeoque
1791 1688 1849 1740 et

212 1777 462 1833 morosis
484 1775 831 1845 antiquariis
852 1789 961 1830 non
988 1772 1129 1829 nihil
1151 1773 1433 1830 tribuere.
1453 1775 1568 1829 Hos
1591 1787 1730 1829 vero
1755 1773 1851 1844 qui

214 1866 465 1934 noverit,
499 1864 612 1921 scit
634 1878 765 1921 cum
791 1864 867 1918 iis
897 1877 958 1918 se
982 1862 1230 1932 ingeniis
1258 1862 1606 1932 conflictari,
1642 1863 1854 1932 quibus

215 1952 519 2023 religionis
541 1957 631 2009 est
672 1952 764 2008 vel
795 1951 1092 2007 minimum
1125 1951 1346 2022 apicem
1380 1951 1434 2006 in
1486 1951 1646 2007 hisce
1679 1953 1855 2007 rebus

213 2041 534 2112 negligere.
565 2040 670 2106 Qui
697 2039 986 2096 similibus
1011 2055 1121 2095 non
1145 2038 1535 2107 delectantur,
1555 2045 1760 2095 auctor
1784 2041 1856 2095 iis

211 2145 340 2188 sum
368 2134 434 2187 ut
457 2130 528 2185 de
552 2128 927 2184 Variantibus
951 2127 1088 2183 nihil
1113 2127 1373 2198 solliciti,
1390 2127 1461 2185 ad
1486 2128 1858 2184 Observatio-

218 2232 322 2275 nes
348 2220 669 2286 transeant,
689 2217 768 2272 ibi
794 2216 1087 2287 reperturi
1113 2231 1475 2286 quaecunque
1499 2217 1570 2272 ad
1595 2217 1856 2273 auctaria

213 2307 402 2363 nostri
440 2307 893 2363 illustrationem
925 2305 1253 2365 conducere
1298 2320 1472 2375 posse
1501 2306 1855 2362 censuimus.

284 2400 409 2461 278.
446 2394 638 2450 Prima
669 2407 809 2450 cura
851 2393 957 2449 fuit
1001 2398 1201 2450 textus
1242 2394 1555 2449 Usuardini
1596 2395 1858 2463 genesim

215 2496 428 2538 eruere
458 2487 515 2536 et
542 2480 876 2553 explanare,
905 2485 966 2536 ut
1003 2479 1258 2536 lectores
1291 2481 1553 2550 quotidie
1587 2480 1857 2550 habeant,

218 2585 387 2641 quam
421 2584 599 2640 supra
633 2569 916 2633 dicebam,
951 2569 1198 2624 Usuardi
1232 2583 1360 2623 cnm
1393 2573 1580 2638 patre,
1617 2584 1744 2631 avo.
1769 2568 1861 2624 vel

218 2659 344 2714 avis
367 2663 424 2714 et
457 2658 680 2727 abavis,
697 2657 965 2727 cognatis
989 2662 1048 2712 et
1072 2656 1345 2713 affinibus
1367 2656 1858 2726 conjunctionem,

216 2760 284 2802 eo
305 2745 477 2817 plane
503 2745 672 2801 modo
697 2760 865 2816 quem
890 2759 1066 2816 supra
1089 2744 1436 2814 praefatione
1461 2744 1752 2815 principio
1777 2759 1839 2800 re

222 2840 586 2906 praesentare
608 2837 857 2890 conatus
879 2848 1024 2889 sum.
1059 2834 1283 2888 Praeter
1314 2832 1755 2903 Martyrologos,
1793 2833 1864 2888 ad

219 2923 737 2980 demonstrandam
772 2921 968 2978 cultus
1009 2927 1346 2977 sanctorum
1392 2922 1860 2992 diuturnitatem,

217 3028 331 3070 non
357 3012 540 3068 semel
564 3011 779 3068 adduxi
804 3011 1041 3080 antiqua
1068 3010 1434 3079 Kalendaria,
1461 3025 1646 3080 eaque
1671 3010 1867 3082 praeci-

219 3114 349 3171 puae
383 3101 496 3156 hoc
516 3104 781 3170 tempore
805 3098 959 3153 inter
979 3097 1245 3154 eruditos
1267 3097 1659 3168 auctoritatis,
1688 3102 1750 3153 ut
1773 3101 1864 3154 est

217 3188 671 3245 celeberrimum
696 3186 840 3243 illud
854 3191 912 3242 et
936 3186 1422 3255 vetustissimum,
1442 3185 1744 3258 primumja
1762 3187 1868 3242 Bu-

219 3276 424 3332 cherio
449 3275 770 3345 vulgatum,
799 3275 854 3329 in
882 3274 1304 3330 commentario
1333 3274 1403 3329 ad
1427 3274 1669 3329 Victorii
1696 3275 1867 3344 Aqui--

219 3365 343 3419 tani
379 3364 668 3420 Canonem
692 3362 1028 3418 Paschalem
1062 3377 1091 3417 a
1123 3377 1251 3434 pag.
1279 3366 1402 3432 267,
1434 3366 1492 3417 et
1526 3362 1716 3418 dcnuo
1749 3362 1869 3418 edi-

221 3456 343 3507 tum
374 3466 406 3506 a
431 3451 740 3506 Ruinartio
773 3450 926 3506 inter
958 3451 1186 3506 sincera
1209 3455 1267 3506 et
1301 3450 1521 3507 selecta
1547 3457 1866 3522 martyrum

222 3540 463 3610 Acta,in
486 3538 748 3595 editione
779 3538 1096 3595 Parisiensi
1122 3542 1256 3610 (qua
1303 3539 1425 3596 sola
1466 3555 1607 3597 usus
1647 3542 1798 3611 sum)
1839 3554 1868 3596 a

221 3642 348 3698 pag.
376 3632 503 3694 692,
524 3628 582 3682 iu
609 3627 925 3682 recentiori
950 3628 1495 3699 Amstelodamensi,
1522 3645 1552 3685 a
1577 3644 1706 3700 pag,
1733 3633 1837 3685 617
1854 3646 1868 3694 ;

221 3715 312 3772 cui
350 3715 407 3770 in
445 3719 698 3784 utraque
745 3715 851 3772 hac
891 3715 1147 3772 editione
1179 3717 1554 3787 subjungitur
1594 3716 1872 3773 Kalenda-

223 3804 371 3860 rium
421 3802 584 3860 aliud
629 3803 1105 3874 Carthaginense,
1150 3805 1327 3861 etiam
1375 3805 1867 3875 antiquissimum,

224 3893 374 3964 quod
411 3893 637 3964 primus
679 3894 920 3964 reperit,
966 3893 1186 3965 publici
1228 3894 1379 3964 juris
1432 3894 1565 3950 fecit
1600 3894 1871 3964 notisque

225 3981 551 4039 illustravit
577 3981 850 4039 laudatus
883 3996 1039 4056 sape
1071 3998 1102 4039 a
1134 3982 1305 4040 nobls
1327 3983 1580 4054 Mabilio,
1607 3982 1868 4040 Analect.

225 4073 384 4126 tomo
408 4071 507 4140 III,
543 4084 576 4126 a
605 4085 736 4142 pag.
771 4075 892 4129 368.

297 4163 420 4216 276.
465 4157 592 4215 Alia
625 4159 742 4215 duo
786 4162 944 4230 sunt,
985 4159 1078 4215 vel
1122 4159 1272 4216 forte
1301 4158 1596 4216 editorum
1629 4159 1873 4217 duorum

230 4246 638 4304 Kalendarium
663 4247 835 4317 idem,
855 4246 1007 4316 qnod
1030 4247 1279 4317 primum
1300 4247 1412 4303 Leo
1438 4246 1688 4304 Allatius
1709 4247 1874 4320 operi

231 4335 298 4390 de
318 4335 601 4392 Ecclesia
625 4334 1022 4392 Occidentalis
1043 4339 1219 4406 atque
1243 4335 1560 4393 Orientalis
1591 4341 1874 4408 perpetua

1955 452 2108 507 viter
2131 451 2438 520 discussis,
2458 449 2819 506 intricatiora
2842 453 3378 510 controversiarum
3399 454 3594 526 capita

1956 538 2026 596 ad
2062 540 2244 611 majus
2283 553 2432 610 opus
2480 538 2898 596 remiserimus.
2931 540 3034 595 Hic
3065 554 3472 613 nonnunquam
3505 556 3598 600 au-

1955 631 2154 684 ctores
2187 627 2383 697 citavi,
2411 626 2654 683 necdum
2695 626 2842 683 satis
2866 626 3178 696 diligenter
3210 644 3240 684 a
3271 643 3358 684 me
3384 630 3597 688 exami-

1956 719 2145 784 natos,
2181 719 2356 786 atque
2389 715 2545 770 inter
2572 728 2674 773 eos
2698 714 3055 786 praecipuum
3080 716 3483 774 Sebastianum
3504 718 3600 775 Le-

1957 803 2089 859 nain
2119 803 2189 858 de
2220 803 2542 874 Tillemont,
2580 802 2635 857 in
2667 802 3134 860 laboriosissimo
3172 817 3346 874 opere
3380 804 3598 862 Gallico

1957 892 2068 947 sub
2089 889 2262 947 titulo
2285 891 2842 947 Commentariorum
2875 890 2946 947 ad
2980 891 3288 948 historiam
3319 892 3597 950 ecclesia-

1957 979 2182 1049 sticam,
2213 979 2266 1035 in
2303 980 2596 1036 sexdecim
2634 979 2925 1036 volumina
2969 979 3307 1051 distributo,
3342 995 3510 1052 quem
3540 986 3600 1038 et

1958 1066 2106 1122 alios
2161 1081 2541 1138 quoscunque
2599 1067 2654 1122 in
2712 1067 2914 1124 eadem
2974 1083 3095 1124 rem
3152 1069 3230 1125 ita
3273 1068 3601 1141 appellatos

1957 1155 2111 1225 volo,
2149 1159 2210 1211 ut
2243 1169 2442 1212 eorum
2475 1156 2815 1214 auctoritati
2867 1170 2973 1212 nec
3019 1156 3198 1213 hilum
3241 1157 3516 1229 tribuam,
3551 1157 3600 1214 si

1959 1257 2090 1300 cum
2138 1244 2407 1301 Romanae
2453 1244 2725 1302 Ecclesiae
2757 1258 3052 1302 consensu
3086 1249 3144 1301 et
3177 1245 3600 1317 approbatione

1959 1347 2072 1387 non
2101 1333 2254 1388 omni
2285 1348 2356 1388 ex
2388 1338 2554 1404 parte
2583 1333 2911 1389 conveniat.

2031 1424 2153 1477 280.
2190 1422 2322 1476 Haec
2354 1420 2638 1476 lectorem
2675 1421 2970 1478 eruditum
3000 1422 3422 1493 praemonuisse
3471 1421 3604 1493 plus

1961 1521 2130 1577 quam
2155 1508 2300 1564 satis
2320 1513 2438 1574 est;
2465 1509 2619 1579 quod
2643 1510 2812 1566 unice
2856 1509 3171 1579 quaerimus
3199 1529 3210 1564 :
3238 1525 3365 1566 nam
3399 1511 3602 1566 harum

1961 1596 2620 1667 rerumimperitistalis
2643 1612 2935 1668 nunquam
2969 1604 3473 1655 monumentorum
3505 1612 3606 1654 no-

1963 1689 2220 1740 strorum
2242 1683 2557 1756 explicatio
2581 1684 2836 1756 dabitur,
2863 1701 2990 1756 qua:
3013 1686 3084 1742 ad
3108 1686 3358 1743 omnium
3391 1685 3606 1742 intelli-

1961 1772 2220 1840 gentiam
2244 1772 2510 1830 suﬁlciat.
2539 1775 2693 1829 Idem
2717 1774 2897 1830 ferme
2915 1774 3134 1831 dictum
3158 1776 3234 1831 sit
3261 1776 3332 1831 de
3367 1780 3486 1832 tota
3515 1790 3608 1832 or-

1964 1860 2329 1933 thographia;
2362 1862 2607 1932 ratione,
2643 1877 2770 1933 quae
2802 1861 2856 1918 in
2891 1863 3020 1935 ipso
3063 1864 3310 1920 Usuardi
3333 1867 3502 1920 textu
3532 1879 3607 1920 ex

1964 1949 2271 2006 codicibus
2303 1951 2482 2007 ferme
2515 1955 2745 2007 servata
2787 1957 2897 2021 est,
2945 1951 3266 2023 eademque
3300 1953 3513 2023 passim
3546 1953 3602 2007 in

1968 2038 2262 2094 Auctariis
2295 2039 2575 2109 adhibita,
2609 2040 2694 2096 sic
2726 2043 2789 2095 ut
2821 2055 2988 2097 nemo
3022 2041 3232 2096 offendi
3265 2041 3473 2096 debeat
3507 2043 3608 2097 aut

1968 2127 2178 2196 possit,
2206 2128 2254 2183 si
2277 2127 2522 2198 plurima
2547 2143 2851 2200 perperam
2876 2130 3096 2201 scripta
3123 2130 3535 2200 inveniat,tum
3553 2129 3608 2184 in

1969 2217 2146 2271 rebus
2171 2215 2332 2288 ipsis,
2361 2222 2480 2272 tum
2506 2217 2561 2272 in
2595 2218 2926 2274 nominibus
2964 2218 3237 2290 propriis.
3269 2219 3358 2274 Sic
3392 2216 3608 2288 passim

1969 2302 2252 2359 scribitur
2275 2303 2331 2359 in
2351 2309 2514 2360 textu
2529 2305 2889 2376 presbyteri,
2916 2309 3054 2374 etc.,
3101 2306 3391 2374 Dionisii,
3417 2305 3616 2361 Hiero

1967 2393 2140 2461 nimi,
2155 2393 2593 2462 Hierosolimis,
2620 2397 2734 2450 etc.
2755 2411 2768 2460 ;
2784 2407 3030 2462 quorum
3045 2393 3298 2448 omnium
3315 2391 3464 2448 ratio
3485 2390 3614 2447 red-

1971 2479 2148 2549 ditur,
2177 2480 2230 2533 in
2244 2493 2313 2534 eo
2339 2494 2508 2549 quem
2524 2479 2937 2550 distinguimus
2954 2480 3346 2551 articulo,sub
3371 2479 3618 2535 nomine-

1984 2567 2176 2624 Varice
2199 2568 2482 2625 lectionis.
2508 2569 2568 2623 ln
2595 2568 2888 2626 Auctariis
2913 2567 3093 2624 multa
3119 2567 3614 2637 recurruntlonge

1973 2655 2448 2726 absurdiora,ubi
2464 2662 2656 2712 tamen
2673 2659 2856 2713 visum
2871 2661 2962 2712 est
2980 2657 3296 2713 restituere
3311 2656 3618 2726 diphthon-

1973 2759 2105 2815 gum
2125 2759 2189 2814 ω,
2219 2759 2346 2814 quae
2369 2745 2425 2800 in
2449 2744 2625 2802 nullis
2649 2745 2972 2814 codicibus,
3001 2751 3391 2815 praeterquam
3408 2745 3463 2800 in
3488 2745 3619 2800 Pra-

1976 2832 2149 2902 tensi,
2168 2832 2515 2904 Heriniensi,
2533 2833 2925 2905 Rosweydino
2940 2840 3115 2903 atque
3131 2832 3333 2888 Molani
3357 2832 3615 2888 editione

1975 2925 2208 2992 reperta
2231 2925 2341 2976 est.
2379 2921 2673 2977 Barbariei
2699 2937 2726 2976 a
2747 2921 2915 2976 nobis
2939 2925 3189 2978 servatae
3211 2920 3498 2976 vindicias
3521 2920 3618 2977 da-

1975 3009 2056 3065 bit
2109 3009 2492 3079 Augustinus,
2527 3009 2749 3066 relatus
2799 3025 2828 3066 a
2877 3009 3098 3066 Molano
3131 3009 3188 3064 in
3238 3008 3618 3066 adnotatione

1975 3113 2030 3154 Ix
2048 3098 2327 3160 Januarii.
2357 3099 2458 3153 Hic
2503 3099 2861 3169 priefationis
2898 3103 3082 3155 metas
3122 3097 3256 3168 figo,
3282 3112 3410 3154 nam
3437 3097 3494 3153 id
3522 3111 3620 3168 ge-

1975 3201 2085 3243 nus
2116 3186 2488 3243 minutiarum
2521 3187 3016 3258 exponendarum,
3051 3187 3098 3243 si
3133 3185 3393 3257 singulas
3412 3184 3620 3242 vellem

1979 3289 2347 3346 percurrere,
2365 3291 2655 3346 nunquam
2680 3280 2838 3333 esset
2861 3277 3023 3340 ﬁnis;
3050 3275 3468 3332 satisfortasse
3481 3273 3620 3332 alibi

1976 3364 2425 3434 tmdiiaﬂ‘erent,
2453 3372 2514 3421 ut
2557 3365 2650 3421 hic
2692 3366 2762 3422 iis
2803 3365 3221 3437 percensendis
3262 3369 3494 3435 tempus
3526 3363 3624 3420 de-

1979 3470 2094 3511 nuo
2113 3459 2308 3511 terere
2330 3469 2526 3526 Operae
2558 3454 2808 3524 pretium
2839 3468 2950 3510 non
2983 3454 3079 3510 sit.
3106 3455 3173 3510 Et
3198 3453 3338 3510 mihi
3359 3458 3419 3510 et
3442 3451 3624 3509 omni-

1982 3542 2093 3600 bus
2144 3543 2350 3600 faciam
2400 3543 2566 3610 satis,
2598 3543 2646 3599 si
2695 3541 2944 3599 Usuardi
2991 3540 3486 3613 Mrrtyrologium,
3530 3555 3626 3614 pu-

1981 3647 2128 3701 rum,
2159 3646 2516 3702 germanum,
2553 3631 2844 3686 sincerum
2895 3635 2954 3685 et
3002 3629 3249 3701 simplex
3280 3628 3622 3700 exhibuero,

1982 3721 2079 3792 qui
2121 3725 2208 3776 est
2258 3720 2592 3792 praecipuus
2647 3719 2844 3789 operis
2895 3718 3083 3773 nostri
3117 3717 3268 3786 finis,
3307 3717 3376 3773 ad
3428 3732 3620 3788 unam,

1981 3814 2043 3866 ut
2072 3809 2188 3878 jam
2223 3823 2333 3864 non
2383 3807 2562 3862 semel
2596 3806 2868 3875 diximus,
2905 3819 3148 3875 eamque
3199 3805 3477 3875 majorem
3521 3804 3622 3861 Dei

1981 3900 2432 3966 sanctorumque
2462 3893 2726 3964 gloriam.

2342 4035 2674 4092 NOTANDA
2702 4033 2844 4091 PRO
2883 4033 3253 4091 INDICIBUS.

2055 4168 2178 4222 281.
2208 4163 2292 4220 Ad
2306 4161 2658 4233 evitandam,
2685 4176 2814 4232 quae
2839 4160 2896 4216 in
2918 4159 3122 4217 Molani
3147 4159 3338 4218 indice
3359 4162 3472 4231 est,
3499 4150 3657 4218 san-h

1987 4257 2214 4310 ctorum
2231 4251 2712 4320 Usuardinorum,
2729 4248 3092 4321 aliorumque
3117 4249 3215 4321 qui
3239 4248 3429 4307 solum
3453 4247 3510 4305 in
3531 4248 3631 4306 ad-

1989 4341 2313 4398 ditionibus
2354 4339 2710 4410 referuntur,
2749 4337 3166 4408 confusionem,
3194 4336 3484 4410 duplicem
3515 4336 3628 4395 toti

232 4425 639 4495 consensione,
674 4424 834 4480 edito
874 4440 965 4481 an.
1012 4429 1170 4496 1648,
1209 4426 1455 4483 inseruit
1497 4441 1528 4483 a
1569 4427 1868 4484 οοι.1487.
1904 4416 1956 4476 D
1992 4429 2156 4502 operi
2199 4428 2446 4485 indicem
2477 4426 2924 4498 subjunximus;
2957 4425 3224 4498 alterum,
3263 4423 3360 4498 qui
3390 4427 3628 4483 sanctos

235 4513 444 4570 Fronto
471 4518 687 4582 autem,
717 4511 787 4568 de
811 4527 926 4584 quo
949 4529 1128 4586 supra
1151 4513 1400 4585 egimus,
1429 4515 1540 4571 sub
1561 4514 1676 4570 alio
1702 4514 1880 4570 ferme

235 4599 401 4658 titulo
434 4601 700 4672 vulgavit
722 4617 814 4659 an.
845 4606 1002 4672 1652,
1037 4606 1101 4658 ut
1132 4602 1265 4659 vide
1295 4616 1471 4675 supra
1504 4617 1659 4659 num.
1689 4607 1794 4660 110
1817 4617 1885 4658 ac

241 4690 450 4762 sapius
481 4692 539 4747 in
575 4692 774 4763 operis
807 4690 993 4747 nostri
1029 4695 1333 4748 contextu.
1375 4691 1474 4748 His
1506 4692 1653 4749 adde
1687 4693 1890 4752 Sacra-

240 4777 515 4835 mentaria
549 4793 581 4834 a
616 4779 909 4849 Menardo,
945 4779 1250 4836 Thomasio
1298 4783 1357 4835 et
1388 4779 1693 4838 Mabilione
1728 4783 1885 4841 edita

236 4867 658 4937 recensitaque,
680 4882 808 4938 quae
832 4867 1022 4924 omnia
1038 4866 1404 4925 stabilienda
1429 4874 1770 4928 sanctorum
1795 4886 1888 4929 ve-

237 4953 394 5009 tusto
423 4953 614 5010 cultui
654 4954 778 5010 suis
809 4953 956 5012 locis
989 4954 1246 5012 adducta
1293 4959 1449 5012 sunt.
1481 4956 1680 5016 Altera
1707 4960 1886 5016 ferme

237 5041 491 5108 quotidie
515 5046 672 5099 mota
696 5047 786 5098 est
822 5043 1072 5114 quaestio
1105 5043 1178 5100 de
1202 5043 1754 5116 Martyrologiorum
1788 5063 1889 5105 no-

229 5129 482 5188 strorum
511 5131 816 5202 encomiis,
844 5146 946 5188 seu
982 5131 1147 5188 Actis
1174 5131 1339 5203 ipsis,
1369 5133 1521 5189 unde
1546 5133 1644 5192 illa
1678 5149 1708 5191 a
1731 5136 1884 5194 Beda

229 5217 293 5268 et
319 5218 508 5276 Adone
539 5224 781 5291 accepta
813 5224 871 5275 et
903 5223 1182 5276 contexta
1214 5206 1370 5291 sunt,
1407 5219 1464 5277 in
1513 5223 1726 5292 quibus
1757 5239 1887 5295 gra-

230 5302 354 5360 vior
369 5305 712 5380 plerumque
735 5305 1072 5381 difficultas,
1091 5308 1195 5365 sed
1235 5307 1331 5367 hic
1359 5323 1466 5383 pro
1502 5310 1888 5385 operishujus

242 5388 527 5468 instituto,
552 5398 639 5455 sic
660 5397 865 5469 paucis
887 5397 1182 5470 expedita,
1202 5401 1267 5456 ut
1292 5401 1576 5456 semestri
1602 5401 1791 5472 primo
1814 5417 1887 5458 ex

238 5479 518 5542 Actorum
548 5486 1218 5558 commentariorumque
1248 5492 1595 5546 nostrorum
1626 5489 1762 5559 fide,
1789 5505 1886 5548 res

249 5563 437 5632 decisa
456 5571 807 5648 plerumque
826 5574 928 5648 sit,
944 5576 1222 5638 semestri
1243 5579 1439 5636 autem
1459 5575 1671 5650 altero,
1689 5591 1888 5639 monu-

1998 4531 2139 4590 pure
2174 4515 2534 4572 Usuardinos
2561 4520 2660 4572 aut
2696 4517 2844 4571 festa
2875 4515 2986 4572 alia
3028 4515 3098 4572 ad
3137 4514 3463 4572 Usuardum
3493 4527 3632 4572 vere

1997 4603 2347 4677 pertinentia
2372 4602 2818 4675 complectitur;
2843 4602 3178 4673 alterum,in
3193 4616 3309 4673 quo
3332 4599 3634 4659 Auctario-

1995 4707 2121 4750 rum
2156 4692 2409 4750 omnium
2440 4690 2628 4748 sancti
2669 4689 3064 4762 continentur,
3092 4691 3196 4748 sed
3240 4689 3532 4763 dispositi,
3569 4694 3634 4746 ut

1996 4781 2296 4854 pleraque,
2329 4779 2596 4837 codicum
2644 4777 2923 4850 ipsorum,
2973 4793 3045 4835 ex
3077 4777 3290 4850 quibus
3339 4777 3630 4848 desumpti

1997 4873 2154 4939 sunt,
2178 4873 2393 4938 errata,
2421 4871 2596 4938 atque
2625 4866 2682 4923 in
2714 4866 3220 4937 transformandis,
3244 4863 3634 4936 multiplican-

1997 4956 2087 5012 dis
2110 4955 2656 5027 commutandisque
2676 4958 3010 5012 sanctorum
3043 4952 3390 5024 nominibus,
3414 4953 3554 5010 item
3578 4952 3636 5008 in

1995 5043 2203 5100 iisdem
2246 5058 2398 5116 saepe
2428 5043 2766 5114 repetendis
2791 5044 3158 5115 perturbatio
3183 5041 3377 5098 ablata
3400 5054 3514 5098 non
3533 5039 3633 5113 sit,

1997 5132 2054 5188 in
2079 5147 2192 5203 quo
2215 5132 2390 5188 etiam
2414 5131 2755 5189 ﬁdelitatem
2779 5137 3038 5190 nostram
3076 5131 3287 5188 lectori
3331 5129 3634 5203 probatam

1995 5220 2305 5280 voluimus.
2329 5221 2526 5292 Neque
2557 5235 2694 5278 vero
2718 5221 2891 5293 hujus
2915 5220 3025 5278 loci
3076 5225 3204 5276 erat
3232 5223 3470 5278 sanctos
3506 5216 3641 5278 illo:

1997 5315 2098 5368 aut
2116 5309 2187 5368 ad
2213 5312 2486 5384 proprios
2513 5310 2640 5367 dies
2677 5310 2902 5368 natales
2925 5323 3224 5381 revocare,
3261 5314 3360 5368 aut
3407 5314 3643 5368 contro-

1995 5414 2164 5459 versa
2189 5399 2300 5459 alia
2323 5398 2665 5470 dissolvere,
2691 5415 2820 5458 cum
2844 5400 2968 5457 hinc
2993 5399 3227 5472 prepria
3249 5399 3327 5457 sit
3352 5411 3642 5458 commen-

1996 5490 2280 5547 tariorum
2327 5493 2666 5546 nostrorum
2715 5488 2788 5545 ad
2831 5487 2957 5562 ipsa
3008 5492 3139 5547 acta
3170 5487 3487 5558 institutio,
3523 5498 3636 5557 quo

1995 5578 2121 5640 haec
2149 5577 2343 5639 omnia
2375 5575 2708 5639 reducenda
2735 5580 2798 5636 et
2827 5576 3181 5638 remittenda
3208 5575 3562 5654 putavimus.
