3988 6160
332 194 436 246 599

1701 191 2003 249 USUARDI
2043 190 2361 248 MONACHI
3577 205 3664 260 600

1840 487 2193 585 INCIPIT

708 734 1578 849 USUARDI
1663 711 3364 854 MARTYROLOGIUM

1450 987 1669 1074 PER
1740 987 2005 1076 ANNI
2079 989 2632 1078 CIRCULUM

1789 1207 2282 1290 PROLOGUS
2307 1223 2330 1250 °

1632 1419 1721 1474 AD
1764 1418 2097 1476 CAROLUM
2137 1420 2436 1478 CALVUM.

413 1708 653 1764 Domino
695 1722 894 1777 regum
931 1707 1193 1780 piissimo
1235 1709 1461 1764 Canem
1500 1719 1808 1776 useannus,
1843 1702 1988 1759 indi-
2016 1701 2074 1764 A
2100 1701 2282 1760 multa
2311 1703 2688 1763 inveniuntur
2727 1707 2902 1777 hujus
2937 1711 3132 1780 operis
3177 1711 3499 1782 praeterisse
3525 1726 3688 1770 neces-

339 1812 489 1868 gnus
528 1797 802 1855 sacerdos
841 1813 908 1854 ac
949 1797 1283 1867 monachus,
1321 1811 1631 1869 perennem
1664 1795 1719 1851 in
1753 1794 1984 1852 Christo

342 1902 633 1943 coronam.
1272 1907 1278 1911 '

415 1977 640 2033 Minime
670 1979 924 2034 vestram
966 1976 1112 2032 latet
1151 1975 1580 2045 celsitudinem,
1614 1990 1648 2030 o
1678 1973 1985 2045 sapientis-

345 2067 489 2124 sime
539 2067 835 2140 princeps,
885 2065 1138 2136 qualiter
1170 2079 1468 2121 moncmur
1507 2063 1804 2120 imitandis
1841 2062 1986 2119 anti-

345 2172 590 2226 quorum
610 2155 844 2224 studiis,
873 2159 933 2212 ut
965 2154 1242 2225 quidquid
1271 2153 1326 2210 in
1358 2153 1546 2224 gestis
1580 2151 1873 2224 praecipue
1894 2167 1988 2207 ec-

345 2245 680 2302 clesiastico
720 2243 974 2314 dogmati
1015 2242 1292 2312 congruis
1325 2243 1514 2298 minus
1553 2242 1873 2313 perfectum
1907 2241 1988 2294 in-

349 2338 586 2390 ventum
611 2333 1131 2403 fuerit,debeamus
1153 2331 1242 2387 vel
1269 2347 1374 2402 pro
1389 2345 1562 2402 posse
1578 2329 1875 2400 supplere,
1892 2328 1987 2385 vel

349 2426 513 2481 certe
537 2421 799 2493 suppleri
823 2422 1047 2476 obtarc.
1077 2420 1213 2487 Quae
1235 2435 1328 2475 res
1345 2419 1434 2492 pia
1461 2418 1691 2490 quidem
1717 2417 1988 2474 sollicitu-

349 2510 481 2567 dine
521 2511 762 2581 (vestro,
807 2508 854 2565 si
898 2508 1303 2580 recordamini,
1339 2509 1504 2577 jussu
1547 2506 1854 2575 dignanter
1895 2507 1987 2561 ad-

351 2597 528 2668 moto)
547 2613 636 2654 me
661 2598 729 2654 ad
754 2598 883 2666 hoc,
909 2600 966 2652 et
993 2597 1036 2652 si
1059 2596 1375 2666 indignum,
1393 2593 1993 2666 compulit,quatenus

351 2693 686 2744 sanctorum
727 2701 920 2742 sacras
971 2690 1145 2756 atque
1197 2683 1596 2740 anniversario
1649 2681 1992 2738 recolendas

350 2777 658 2833 festivates
713 2791 782 2830 ex
841 2775 1186 2846 quibusdam
1245 2772 1699 2845 prazcedcntium
1755 2773 1991 2827 Patrum

349 2865 776 2936 Martyrologiis
814 2865 868 2920 in
927 2863 1231 2934 quamdam
1287 2861 1624 2933 colligerem
1689 2863 1991 2919 unitatem.

347 2955 809 3026 Recolebamq‘uc
858 2955 912 3010 in
944 2955 1086 3026 ipsis
1121 2952 1452 3010 earumdem
1484 2951 1996 3024 solempnitatibus

2093 1793 2264 1849 saria.
2311 1794 2467 1860 Quos
2516 1797 2709 1851 tamen
2759 1801 3000 1856 secutus
3045 1799 3273 1869 censui,
3325 1804 3379 1856 et
3426 1799 3559 1856 Fieri
3600 1801 3692 1856 viri

2094 1883 2487 1940 memorabilis
2530 1883 2736 1941 latiora
2781 1885 2898 1956 jam
2943 1887 2998 1943 in
3041 1902 3109 1944 eo
3143 1887 3272 1959 ipso
3311 1888 3530 1960 negotio
3556 1890 3688 1960 sequi

2094 1972 2361 2043 vestigia,
2399 1973 2722 2046 praesertim
2749 1975 2804 2031 in
2837 1976 3092 2033 secundo
3134 1975 3396 2047 ejusdem
3435 1977 3584 2034 libro.
3623 1978 3689 2034 lbi

2095 2061 2247 2116 enim
2273 2061 2473 2132 multa,
2499 2078 2628 2133 qua:
2652 2063 2706 2118 in
2733 2064 2928 2135 priore
2959 2065 3264 2136 omiserat,
3299 2070 3356 2122 et
3392 2067 3618 2123 correxit
3643 2069 3690 2124 et

2096 2149 2342 2206 addidit.
2376 2152 2448 2206 At
2477 2150 2524 2208 si
2555 2151 2691 2222 quid
2736 2157 2952 2224 praeter
2983 2153 3139 2225 quod
3182 2155 3258 2210 ab
3291 2153 3405 2212 illis
3443 2154 3612 2227 accepi
3644 2155 3689 2210 in

2097 2238 2206 2294 hoc
2234 2253 2413 2310 opere
2446 2243 2640 2296 actum
2673 2241 2765 2296 vel
2798 2246 3082 2298 mutatum
3106 2245 3222 2313 est,
3260 2243 3444 2314 sagaci
3468 2259 3496 2300 a
3525 2258 3601 2298 me
3628 2243 3694 2298 in-

2099 2327 2306 2398 dagine
2340 2327 2394 2384 id
2439 2328 2824 2399 perquisitum
2867 2331 3102 2401 agnosci
3144 2332 3386 2402 poterit.
3431 2334 3690 2402 Caeterum,

2103 2416 2530 2487 benignissime,
2568 2417 2789 2475 idcirco
2828 2419 2973 2476 hanc
3018 2419 3367 2489 exiguitatis
3415 2435 3542 2478 mea)
3579 2435 3693 2491 pra:-

2101 2505 2476 2562 fatiuneulam
2515 2506 2648 2563 huic
2693 2507 2976 2578 opusculo
3009 2509 3274 2564 inserere
3317 2508 3503 2580 malui,
3535 2507 3694 2566 utsci-

2101 2603 2266 2653 retur
2308 2612 2417 2652 non
2441 2613 2527 2652 me
2565 2597 2620 2652 in
2645 2598 2752 2654 hoc
2797 2615 2964 2656 usum
2989 2591 3586 2671 levitatis'conamine,
3616 2598 3694 2655 sed

2102 2687 2298 2760 potius
2325 2686 2562 2754 vestris,
2599 2693 2659 2742 ut
2702 2691 2830 2742 erat
2871 2687 3130 2759 dignum,
3174 2689 3442 2760 paruisse
3479 2687 3695 2760 imperiis

2099 2775 2522 2832 catholicorum
2548 2774 2802 2832 fidelium
2821 2775 2994 2834 solito
3017 2777 3460 2834 consulentibus
3475 2775 3692 2834 utilitati.

2101 2865 2261 2922 Unde
2286 2864 2436 2937 quod
2459 2868 2719 2920 vestrum
2743 2868 2830 2921 est
2855 2867 3124 2936 obsecro,
3151 2869 3218 2922 ut
3243 2867 3291 2924 si
3308 2867 3516 2937 justum
3537 2865 3698 2922 decer-

2103 2955 2282 3024 nitur,
2327 2952 2558 3026 propria
2609 2953 2875 3008 tuitionis
2914 2953 3166 3010 anchora
3216 2956 3536 3024 roborctur,
3574 2952 3696 3024 quod

351 3060 518 3116 quam
562 3045 776 3100 multos
817 3043 1066 3114 propriae
1108 3041 1476 3110 negligentiae
1517 3057 1811 3110 excessus,
1848 3058 1992 3112 quos
2020 3059 2073 3118 Β
2105 3043 2378 3101 videlicet
2411 3047 2469 3096 et
2513 3041 2907 3112 prmsentibus
2939 3042 3151 3113 regalis
3181 3043 3464 3100 examinis
3488 3039 3698 3099 auctori-

349 3133 524 3190 etiam
560 3131 794 3203 purgari
819 3130 922 3185 tali
945 3129 1247 3201 cupiebam
1271 3129 1476 3184 cilicio.
1505 3131 1795 3185 Przetcrea
1815 3133 1870 3184 et
1891 3143 1986 3185 ve-

352 3219 696 3277 nerabilium
739 3217 1065 3286 Hieronymi
1101 3215 1330 3273 scilicet
1371 3232 1438 3272 ac
1477 3217 1645 3274 Bedze
1694 3218 1989 3288 presbyte-

353 3323 549 3365 rorum
593 3307 723 3378 piis,
762 3305 1022 3376 quamvis
1063 3304 1396 3373 succinctis,
1443 3320 1616 3376 super
1647 3305 1752 3362 hoc
1785 3320 1988 3376 provo-

351 3399 528 3454 cabar
559 3393 912 3466 descriptis;
939 3409 1185 3464 quorum
1218 3393 1376 3464 prior
1407 3393 1683 3450 brevitati
1717 3394 1984 3464 studens,

354 3485 504 3542 alter
553 3498 692 3540 vero
733 3482 1106 3554 quamplures
1155 3482 1280 3539 dies
1329 3481 1583 3540 intactos
1632 3481 1986 3554 relinquens,

425 3621 452 3648 ιι
481 3612 687 3664 Deerat
724 3607 832 3678 iste
865 3605 1149 3678 prologus,
1172 3606 1227 3660 in
1260 3620 1347 3675 eo,
1393 3620 1561 3676 quem
1593 3605 1811 3678 publici
1839 3605 1990 3678 juris

358 3681 616 3744 facimus,
641 3677 841 3734 codice
866 3677 1282 3748 inanuscripto,
1322 3681 1632 3748 propterea
1664 3677 1816 3746 quod
1840 3677 1993 3734 exci-

355 3753 518 3808 derat
557 3766 673 3822 pra)
703 3756 798 3822 vet
809 3746 1276 3822 ustatepriniium
1300 3746 1425 3822 ejus
1443 3746 1661 3822 folium.
1690 3749 1830 3822 Eum
1857 3763 1992 3822 vero

357 3824 526 3880 nobis
557 3817 953 3894 suppeditavit
983 3817 1046 3894 VI
1084 3822 1139 3875 C.
1168 3819 1381 3894 Pithzei
1402 3817 1718 3894 exempla:
1733 3818 1992 3894 ejusdem

359 3895 500 3963 fere,
536 3889 1066 3960 tum—characteris,
1099 3894 1220 3946 tum
1253 3889 1465 3959 astatis,
1501 3889 1656 3944 teste
1688 3889 1750 3944 D.
1775 3890 1993 3945 Jacobo

2095 3137 2308 3201 tate,et
2334 3130 2546 3187 futuris
2569 3134 2744 3186 tanta}
2769 3131 3144 3187 auctoritatis
3168 3133 3436 3190 ﬁrmetur
3455 3131 3694 3188 examine.

2097 3219 2514 3276 Excellentiam
2551 3219 2968 3289 magnitudinis
2991 3225 3205 3278 vestra:
3235 3237 3340 3294 per
3361 3219 3528 3278 multa
3560 3231 3698 3274 anno-

2098 3324 2224 3366 rum
2265 3307 2556 3365 curricula
2597 3309 2718 3364 Rex
2758 3323 2957 3377 regum
3009 3309 3290 3368 Dominus
3332 3325 3430 3368 sua
3469 3307 3700 3380 dignetur

2097 3397 2394 3456 custodire
2417 3397 2696 3469 potentia.
2723 3399 2920 3453 Amen.

2104 3608 2180 3664 du
2215 3607 2406 3676 Breul,
2453 3605 2692 3678 hujusce
2729 3606 2977 3678 cmnobii
3025 3609 3332 3678 monacho,
3377 3607 3469 3678 qui
3508 3603 3703 3678 Prologi

2104 3677 2280 3735 istius
2297 3675 2470 3733 fronti
2485 3677 3117 3749 observationemhanc
3133 3675 3410 3749 praaﬁikit.
3424 3675 3704 3749 Notandum

2108 3753 2390 3874 gi'azterea
2409 3763 2518 3804 non
2535 3747 2776 3820 reperiri
2797 3748 2853 3804 in
2879 3747 3185 3806 Solleriata
3202 3749 3452 3807 Usuardi
3465 3747 3699 3805 editione.

2153 3835 2443 3875 OUILLAR'I‘.
2567 3859 2570 3864 .

1541 4187 1565 4216 ⁸
1594 4174 2129 4258 PROLOGUS
2183 4175 2512 4258 ALTER

1071 4360 1170 4432 Ex
1205 4382 1405 4432 LIBRIS
1432 4384 1613 4432 BEATI
1649 4361 1960 4447 AUGUSTI,
2009 4359 2315 4450 Qualiter
2349 4365 2598 4434 colendi
2622 4366 2756 4435 sint
2781 4367 3016 4438 sancti.

431 4667 808 4724 Festivitates
848 4673 1184 4726 sanctorum
1212 4669 1610 4740 apostolorum
1647 4685 1751 4726 seu
1785 4673 1998 4741 marty-
2027 4673 2074 4732 Ο
2105 4671 2230 4740 tibi,
2267 4673 2461 4742 Petre,
2495 4676 2591 4728 aut
2625 4671 2822 4740 Paule,
2855 4676 2954 4728 aut
2988 4673 3314 4744 Cypriane;
3347 4673 3445 4730 sed
3479 4668 3618 4742 quod
3646 4663 3711 4721 of-

360 4773 485 4812 rum
520 4756 743 4828 antiqui
777 4759 980 4812 Patres
1011 4757 1064 4812 in
1099 4758 1492 4813 venerationis
1537 4759 1814 4828 mysterio
1845 4758 1996 4814 cele-

360 4845 512 4900 brari
537 4845 975 4915 sanxerunt,vel
1001 4845 1068 4900 ad
1093 4845 1455 4902 excitandam
1477 4847 1876 4916 imitationem,
1903 4846 1994 4902 vel

361 4938 422 4986 ut
454 4935 679 4990 meritis
717 4949 916 4990 eorum
959 4935 1374 4999 consociemur,
1420 4941 1592 5004 atque
1633 4935 1998 4994 orationibus

363 5020 700 5088 adjuvemur
741 5024 906 5093 (Ave,
953 5023 988 5076 1.
1033 5039 1106 5078 xx
1143 5024 1326 5080 contr.
1378 5025 1603 5090 Fama,
1661 5040 1710 5080 c.
1759 5025 1868 5094 21).
1912 5028 1995 5083 Ita

362 5111 552 5160 tamen
577 5114 636 5164 ut
677 5111 818 5166 nulli
854 5116 1194 5182 martyrum,
1239 5113 1337 5167 sed
1381 5112 1487 5182 ipsi
1520 5113 1637 5168 Deo
1676 5118 1994 5182 martyrum

361 5193 778 5261 sacrificemus,
800 5201 1062 5268 quamvis
1083 5201 1136 5255 in
1173 5200 1466 5256 memoriis
1494 5205 1811 5272 martyrum
1835 5216 1998 5258 cons-

362 5280 642 5335 tituamus
665 5283 886 5340 altaria.
905 5289 1081 5342 Nemo
1100 5288 1249 5343 enim
1275 5287 1329 5342 in
1355 5287 1496 5343 locis
1517 5293 1849 5344 sanctorum
1873 5303 1998 5342 cor-

364 5383 566 5442 porum
601 5370 879 5426 assistens
910 5375 1078 5430 altari
1121 5376 1430 5446 aliquando
1461 5376 1606 5432 dixit
1645 5395 1656 5430 :
1690 5374 1996 5432 Oilei-imus

431 5501 865 5579 E‘De‘sideratur
893 5505 1184 5579 secundus
1207 5507 1314 5579 iste
1334 5509 1613 5579 prologus
1643 5509 1698 5564 in
1734 5523 1800 5563 ea
1825 5523 1993 5579 quam

365 5573 646 5650 Sollerius
663 5572 964 5650 adornavit
981 5575 1228 5650 Usuardi
1243 5572 1532 5650 editione“;
1557 5585 1616 5634 at
1631 5572 1923 5650 reperitur
1937 5578 1993 5634 in

362 5645 610 5703 Usuardi
641 5643 904 5714 ejusdem
935 5643 1234 5700 codicibus
1265 5643 1672 5726 fereomnibus
1699 5643 1870 5706 manu
1903 5663 1994 5706 ex-

2107 4759 2312 4829 fcrtur,
2337 4760 2580 4815 offertur
2603 4763 2735 4827 Deo,
2761 4761 2856 4830 qui
2893 4765 3178 4832 martyres
3197 4761 3498 4818 coronavit
3533 4779 3544 4814 :
3575 4761 3627 4812 ut
3655 4766 3713 4809 ex

2106 4847 2366 4918 ipsorum
2386 4847 2642 4904 locorum
2667 4863 2861 4904 amore
2886 4849 3132 4906 afl‘ectus
3159 4853 3428 4920 assurgat
3445 4849 3510 4905 ad
3535 4855 3714 4912 augen-

2105 4937 2234 4992 dam
2253 4935 2683 5003 charitatem,et
2710 4937 2764 4992 in
2792 4936 2922 5008 illos
2946 4953 3094 5008 quos
3115 4938 3329 4994 imitari
3359 4931 3710 5009 possumus,et

2106 5023 2160 5078 in
2187 5023 2346 5080 illum
2372 5038 2484 5094 quo
2508 5023 2818 5092 adjuvante
2837 5026 3145 5096 possimus.
3171 5025 3424 5083 Colimus
3449 5030 3714 5093 ergomar-

2104 5117 2266 5182 tyres
2288 5126 2356 5168 eo
2379 5111 2543 5168 cultu
2563 5112 2898 5169 dilectionis
2919 5117 2976 5168 et
3001 5115 3302 5170 societatis
3335 5129 3446 5185 quo
3475 5111 3604 5168 etin
3626 5107 3712 5162 hac

2108 5199 2224 5254 vita
2257 5199 2534 5256 coluntur
2574 5200 2758 5256 sancti
2789 5201 3054 5256 homines
3093 5202 3213 5269 Dei,
3259 5215 3502 5271 quorum
3539 5209 3628 5252 cor
3653 5188 3710 5246 ad

2107 5287 2281 5343 talem
2316 5302 2421 5358 pro
2453 5289 2786 5352 evangelica
2820 5291 3068 5346 veritate
3113 5289 3438 5361 passionem
3479 5286 3710 5358 paratum

2108 5376 2412 5432 sentimus.
2441 5377 2551 5433 Sed
2571 5376 2704 5433 illos
2729 5383 2892 5434 tanto
2916 5379 3206 5449 devotius,
3227 5380 3442 5448 quanto
3455 5369 3706 5431 securius.

2106 5509 2307 5579 aratis,
2344 5509 2438 5580 qui
2465 5510 2519 5566 in
2545 5509 2898 5568 bibliotheca
2916 5513 3183 5570 Pratensi
3207 5511 3574 5568 asservantur
3591 5505 3642 5559 et
3663 5498 3707 5555 in

2105 5580 2303 5638 multis
2333 5580 2484 5638 aliis.
2521 5581 2856 5638 BOUILLART.
