3988 6160
319 239 467 308 607,

1679 249 1984 314 USUARDI
2022 248 2341 313 MONACHI

3615 250 3721 310 008

321 368 456 428 celli
489 369 859 445 [Bouillart.,
893 371 1167 450 Narcissi]
1198 377 1256 432 et
1287 375 1604 434 Marcellini
1627 377 1812 451 pueri,
1833 377 1929 450 qui
1961 379 2068 435 sub
2093 376 2309 435 Licinio
2340 377 2600 450 principe
2626 374 2778 433 inter
2808 375 3050 447 tyrones
3079 371 3564 446 comprehensus,
3590 387 3718 432 cum

320 459 502 518 nollet.
539 460 812 535 militare,
847 479 1034 523 caesus
1066 466 1136 522 ad
1169 469 1436 538 mortem,
1468 470 1526 524 et
1559 467 1656 525 diu
1691 467 1746 523 in
1778 481 2018 526 carcere
2051 470 2402 538 maceratus,
2448 465 2788 538 martyrium
2815 462 3270 538 feensummavit.
3314 463 3373 518 In
3405 459 3722 532 Thebaide,

319 549 374 607 S.
409 549 679 610 Macharii
713 551 958 612 abbatis.

3095 579 3124 600 θ

1920 627 2122 684 NOTAE

399 719 482 774 lta
517 719 789 792 Proteu,
811 721 1148 794 Herinien.,
1189 723 1528 796 Tornaeen.,
1559 723 1868 784 Munerati
1878 726 2087 799 prima
2115 725 2296 784 editio
2317 723 2584 796 ,Greoen,
2619 725 2676 782 el
2733 723 2958 782 Melan.
2992 724 3063 779 Ut
3102 719 3344 792 proinde
3365 719 3440 776 de
3457 717 3730 777 lectionis

325 806 698 881 simplicitate
732 810 989 868 dubitari
1018 816 1288 884 nequeat.

1595 885 1992 942 VARIANTES
2031 884 2430 943 LECTIONES.

406 977 682 1053 Scribant
715 977 894 1053 aliqui
927 993 1057 1036 cum
1089 979 1382 1053 Herinicn.
1415 982 1662 1040 Isidori.
1699 985 1840 1053 puto
1869 996 1976 1052 ego

341 1049 661 1107 Usuardum
694 1049 982 1122 posuisse,
1011 1053 1074 1108 ut
1097 1057 1192 1108 est
1221 1052 1278 1107 in
1301 1056 1496 1109 textu.
1529 1049 1784 1123 Themis,
1805 1049 1972 1126 Agéi,

2087 983 2344 1054 tyrones,
2374 981 2683 1054 Maeliarii
2712 980 2918 1054 legunt
2969 992 3189 1054 omnes,
3225 981 3284 1054 et
3333 978 3412 1034 ita
3447 977 3728 1035 Nostrum

2089 1050 2306 1125 legisse
2328 1050 2539 1126 procul
2585 1051 2761 1110 dubio
2791 1050 3145 1108 Censendum
3176 1053 3287 1106 est.

1726 1176 2216 1233 OBSERVATION
2221 1175 2319 1234 ES.

399 1272 589 1345 Prima
622 1275 821 1345 nostra
838 1272 1213 1345 annuntiatio
1231 1288 1347 1345 non
1371 1287 1442 1328 ex
1473 1272 1647 1330 solito
1672 1274 1850 1345 fonte,
1869 1275 1967 1330 sed
2000 1275 2051 1333 A
2081 1273 2210 1343 copi
2231 1272 2494 1344 ejusdem
2527 1271 2837 1345 loci_,_unde
2853 1271 2913 1327 et
2928 1283 3130 1345 ceram
3152 1268 3476 1345 lectionem,
3493 1269 3728 1345 etei-1:01

324 1358 396 1416 ex
421 1342 882 1414 Hieronymianis
917 1345 990 1400 ab
1020 1344 1283 1400 Usuardo
1315 1348 1556 1416 accepta
1587 1348 1695 1414 est,
1725 1342 1892 1415 quam
1919 1345 1966 1400 si

326 1415 624 1487 integram
662 1420 984 1487 servasset,
1023 1416 1170 1470 forte
1211 1418 1299 1487 tot
1351 1415 1578 1470 diversa
1621 1417 1872 1487 nomina,
1907 1419 1965 1471 ut

325 1489 458 1541 sunt
490 1485 738 1554 Isidori,
753 1487 1071 1557 Isiridoni,
1095 1486 1396 1556 Siridoni,
1419 1485 1786 1557 Spiridonis,
1809 1488 1970 1544 Stri-

324 1557 518 1625 donis,
550 1560 608 1612 et
635 1556 831 1612 nescio
866 1572 994 1627 quin
1017 1557 1149 1626 alia,
1175 1571 1250 1628 es
1283 1572 1395 1628 uno
1436 1556 1562 1613 solo
1584 1573 1832 1628 proeusa
1856 1572 1968 1614 non

325 1630 542 1699 essent.
575 1628 794 1698 Legunt
831 1626 1158 1699 apographa
1195 1626 1298 1699 illa
1327 1626 1611 1698 pleraque
1661 1629 1812 1698 apud
1847 1629 1971 1683 Flo-

328 1697 642 1754 rentinium
663 1697 675 1753 Ξ
692 1701 766 1756 In
778 1697 1116 1768 Antiochia,
1131 1697 1971 1769 Siridoni,episcopi’ejusdem

330 1769 460 1825 loci.
498 1771 688 1840 Atque
720 1770 852 1825 inde
884 1784 1077 1825 veram
1113 1768 1360 1826 nominis
1391 1770 1591 1824 faciem
1619 1768 1968 1840 exsculpen-

329 1840 460 1896 dam
494 1839 626 1896 mox
657 1841 1022 1897 ostendetur.
1060 1842 1344 1895 Czeterum
1379 1839 1680 1908 mirabilis,
1720 1839 1845 1895 haec!
1874 1856 1968 1896 no-

327 1909 544 1966 minum
577 1911 844 1980 variatio,
883 1925 1226 1981 quocunque
1251 1909 1478 1981 demum
1515 1911 1685 1965 modo
1705 1912 1970 1966 enuntie-

327 1984 446 2052 tur,
481 1981 740 2036 virorum
774 1977 1148 2038 eruditorum
1175 1977 1399 2049 ingenia
1428 1997 1536 2035 non
1571 1996 1772 2052 parum
1805 1996 1970 2037 exer-

326 2051 805 2122 euit,ansamque
843 2053 1088 2107 Baronio
1125 2052 1305 2120 dedit,
1334 2055 1392 2107 ut
1422 2051 1636 2122 praeter
1668 2052 1971 2109 Isidorum

276 2190 288 2196 _
325 2123 716 2196 Nibriensem,
734 2123 929 2196 potius
941 2125 1008 2178 Η
1004 2123 1490 2196 ermopolitanum
1501 2165 1514 2190 ,
1533 2122 1629 2196 qui
1645 2122 1798 2196 neSci
1809 2139 1840 2178 0
1855 2139 1966 2192 qua

331 2192 556 2248 ratione
579 2192 846 2262 signatus
870 2194 962 2256 sit,
983 2192 1229 2248 alterum
1256 2199 1520 2248 nostrum
1543 2194 1971 2250 [siderum/1n-

331 2263 682 2334 tioclienum,
695 2269 764 2334 et
778 2263 1039 2334 alterum
1062 2265 1426 2332 .S'iridonem,
1445 2264 1580 2317 item
1603 2264 1966 2334 episc0pum,

331 2333 742 2402 Martyrologio
773 2333 1138 2388 inscriberet.
1172 2336 1409 2389 li‘atetur
1432 2333 1662 2402 quidem
1698 2333 1964 2402 ingenue,

333 2401 593 2474 divinare
619 2401 680 2458 se
713 2418 821 2457 non
859 2419 1044 2473 posse,
1071 2402 1236 2474 cujus
1267 2401 1492 2459 domum
1526 2401 1782 2458 civitatis
1811 2401 1970 2461 Siri-

332 2473 447 2528 don
476 2472 574 2544 ille
607 2472 916 2544 cpiscopus
942 2475 1114 2529 fuerit
1143 2472 1154 2528 ἐ
1184 2474 1498 2529 Bollaudus
1519 2479 1710 2528 autem
1738 2489 1845 2528 non
1874 2491 1966 2544 pa-

335 2558 459 2598 rum
497 2542 742 2612 laborat,
771 2542 884 2614 quo
917 2545 1200 2600 lsidorum
1236 2545 1481 2599 Usuardi
1513 2550 1570 2598 et
1606 2542 1964 2612 Syrodonum

2080 1339 2172 1401 ris
2197 1339 2489 1414 originem
2501 1343 2702 1415 facile
2721 1342 3024 1415 perspexi.
3041 1340 3202 1415 Quis
3228 1339 3388 1396 enim
3415 1353 3538 1395 non
3569 1340 3734 1398 ridet

2082 1412 2390 1486 legendum
2411 1433 2430 1468 :
2458 1412 2781 1469 Alv'rlecuizn
2811 1413 3010 1486 Svuim,
3040 1412 3250 1486 Duouim
3279 1424 3540 1466 EPISCOPI
3566 1426 3730 1486 umes-

2081 1481 2192 1540 min
2218 1500 2344 1541 LOCI
2364 1503 2377 1552 ;
2400 1486 2583 1555 atque
2605 1485 2694 1540 ita
2715 1497 2848 1540 vero
2868 1482 3180 1555 illiusiloci
3189 1495 3531 1553 possessore
3552 1481 3631 1555 in
3642 1485 3730 1540 iu-

2080 1558 2310 1632 tegru-m
2326 1553 2619 1623 restituto,
2637 1556 2781 1611 duos
2802 1554 3254 1632 leg/pobolimreos
3263 1553 3732 1632 equugemios?

2080 1613 2218 1693 Qua}
2249 1626 2296 1682 si
2345 1641 2482 1682 vera
2518 1613 2674 1694 sunt,
2711 1631 2771 1680 ut
2806 1613 2973 1694 plane
3001 1613 3628 1693 conﬁrntarfpo§srunt
3657 1639 3729 1680 ex

2078 1695 2486 1767 Martyrologio
2512 1697 2725 1756 reginae
2750 1695 3006 1765 Swecize,
3023 1695 3158 1767 olim
3184 1694 3520 1767 monasterii
3553 1697 3608 1749 S.
3629 1696 3730 1750 Co-

2079 1765 2289 1824 lumba)
2313 1765 2464 1839 apud
2499 1769 2770 1839 Senones,
2798 1767 2950 1835 qqu
2985 1765 3573 1839 Cassiod_orus,_tes_te
3599 1767 3730 1839 Cas-

2075 1839 2314 1908 tellane,
2350 1835 2574 1894 'tribuit
2629 1838 2993 1907 Hieronymo,
3029 1841 3086 1892 et
3130 1835 3470 1908 Holsteuius
3502 1835 3730 1908 10Αηί-

2079 1906 2399 1966 inadversis
2423 1910 2601 1964 ferme
2625 1913 2810 1964 totum
2843 1906 3046 1975 edidit,
3084 1921 3304 1977 uosque
3337 1906 3494 1961 inter
3527 1906 3730 1963 Hiero-

2079 1980 2342 2051 uymiana
2369 1995 2500 2051 mss.
2528 1979 2808 2035 habemus
2829 1979 3034 2051 ordine
3048 1993 3167 2046 xm,
3185 1977 3284 2051 ubi
3302 1977 3523 2051 legitur
3535 1978 3730 2051 Doni;

2079 2047 2144 2120 si,
2173 2053 2424 2122 inquam,
2453 2050 2573 2106 hare.
2597 2064 2731 2106 vera
2757 2053 2912 2118 sunt,
2931 2049 3088 2122 falsa
3117 2048 3292 2103 etiam
3321 2047 3446 2122 erit
3468 2049 3726 2104 Usuardi

2079 2119 2272 2191 lectio,
2300 2136 2468 2193 quam
2493 2125 2684 2193 tamen
2717 2119 3095 2193 servavimus,
3125 2123 3185 2174 ut
3219 2119 3726 2193 auctorisupuraiu

2077 2197 2135 2246 et
2168 2189 2494 2262 gmin‘inam.
2531 2191 2673 2262 Vide
2706 2191 2776 2246 (10
2809 2191 2898 2246 his
2930 2189 3095 2262 plura
3127 2189 3280 2261 apud
3306 2189 3585 2246 laudatos
3617 2204 3726 2245 non

2078 2263 2257 2318 semel
2290 2261 2725 2330 Florentinium,
2751 2265 2808 2316 et
2843 2261 3250 2317 Castellanum.

2149 2333 2528 2389 Aununtiatio
2553 2329 2737 2387 a'tera
2762 2332 2831 2386 de
2855 2333 3046 2388 tribus
3073 2331 3400 2388 Tomitanis
3415 2329 3726 2401 fratribus,

2077 2419 2148 2458 ex
2174 2405 2426 2459 Romano
2452 2418 2628 2473 parve
2655 2417 2756 2472 per
2781 2401 3032 2458 Adonem
3051 2401 3444 2473 solitoordine
3462 2401 3726 2472 proﬂuit,

2080 2474 2390 2544 utrobique
2422 2471 2679 2529 secundo
2703 2473 2828 2529 loco
2854 2473 3057 2544 posita.
3087 2474 3142 2527 ln
3170 2471 3289 2543 illo,
3317 2471 3725 2544 sichabetur:

2079 2546 2160 2600 Et
2186 2543 2396 2614 Tomis,
2409 2545 2750 2615 martyrum
2771 2543 3264 2615 Argei,_Narcissi
3275 2543 3724 2615 etMarcelliui.

331 2613 928 2684 Hieronymianorum,
965 2621 1060 2670 aut
1105 2615 1440 2680 confundat,
1476 2619 1571 2670 aut
1626 2615 1964 2685 distinguat,
2001 2625 2052 2682 Β
2083 2615 2220 2680 Ωιιῖο
2253 2615 2334 2670 810
2359 2617 2430 2670 ab
2454 2613 2651 2670 Adone
2678 2613 2884 2670 melius
2909 2613 3109 2670 relicta
3139 2615 3382 2671 fuissent
3411 2632 3426 2680 ;
3451 2629 3588 2669 nam
3614 2613 3731 2669 clo-

333 2685 494 2809 quod
527 2691 688 2740 certe
721 2700 828 2740 non
863 2685 1006 2740 satis
1028 2685 1258 2742 obvium
1287 2691 1394 2741 est.
1424 2687 1538 2753 Ego
1562 2685 1668 2741 hoc
1695 2686 1820 2742 loco
1841 2702 1972 2742 eru-

333 2772 346 2808 (
378 2755 588 2809 iterum
615 2755 856 2809 duorum
875 2755 1084 2809 iudicia
1103 2758 1412 2809 proferam.
1433 2757 1502 2809 de
1517 2756 1731 2809 auibus
1750 2761 1970 2809 statuet

333 2755 588 2828 {litorum
615 2755 1084 2828 duorumjudicia
1103 2758 1412 2828 proferam,
1433 2757 1502 2810 de
1517 2756 1731 2825 quibus
1750 2761 1970 2828 statuet

333 2825 540 2896 lector,
578 2827 729 2896 quod
783 2825 1477 2884 videbitur;Hei-ibertus
1522 2827 1882 2896 Rosweydus
1917 2828 1971 2882 in

331 2869 744 2968 causam;
771 2869 839 2953 1'2
857 2869 1967 2968 Μ’ἕίῖιὶἷὸέχὲνηῖἶπῖιέεἶιῶᾜὲῖιῖιῖἱῖὣὸξ

332 2967 403 3023 ad
437 2981 610 3024 unum
643 2982 674 3023 e
707 2969 945 3038 nostris,
983 2969 1028 3024 si
1063 2971 1206 3024 bene
1237 2967 1504 3038 eonjicio,
1533 2967 1764 3024 Romam
1798 2967 1974 3025 desti-

332 3041 487 3108 nata,
515 3053 761 3108 quaeque
787 3039 940 3092 inter
959 3039 1084 3107 ejus
1103 3040 1338 3094 chartas
1361 3055 1389 3094 a
1416 3039 1731 3108 majoribus
1755 3040 1971 3095 nostris

331 3107 578 3179 primum
622 3107 876 3179 reperta,
912 3109 1119 3163 saltem
1165 3107 1798 3179 accuratiusinspecta
1841 3111 1968 3176 fuit,

333 3178 482 3233 anno
507 3193 797 3233 nuevam
823 3198 834 3232 :
863 3178 940 3232 ita
975 3179 1043 3232 de
1075 3178 1232 3233 hisce
1266 3179 1524 3247 lsidoris,
1558 3178 1648 3234 vel
1689 3179 1972 3235 Siridouis

332 3247 947 3320 episcopisjudicium,
966 3249 1056 3304 vel
1072 3249 1495 3305 dubitationem
1510 3250 1740 3320 exponit
1763 3253 1974 3307 :Baro-

331 3320 489 3390 nius,
508 3318 561 3374 in
572 3335 602 3389 q
613 3321 693 3374 uit
703 3363 716 3384 ,
733 3320 1010 3374 neutrum
1021 3320 1120 3376 hic
1138 3321 1470 3390 episcopum
1491 3321 1572 3376 ad
1588 3318 1782 3376 sedem
1801 3335 1975 3378 suam

330 3389 612 3461 reducere
634 3390 936 3461 potest.S’i
966 3390 1120 3446 milii
1149 3403 1386 3446 sensum
1413 3404 1606 3445 meum
1637 3393 1873 3461 aperire
1905 3393 1975 3448 li-

332 3459 480 3527 ceat,
505 3459 680 3515 valde
707 3473 925 3530 vereor,
953 3473 1029 3515 ea:
1055 3473 1170 3516 uno
1198 3462 1432 3516 nomine
1451 3461 1619 3517 carie
1641 3459 1803 3530 lcrto,
1829 3463 1974 3519 duos

332 3530 630 3602 episcopos
650 3529 818 3602 nobis
836 3531 1174 3600 productos.
1199 3531 1376 3600 Nam,
1392 3531 1448 3588 si
1475 3532 1630 3588 recte
1648 3529 1882 3602 colligo,
1908 3535 1975 3589 in

331 3599 499 3658 nullo
518 3599 711 3658 7ceteri
731 3599 1168 3672 Martyrologio
1198 3599 1576 3659 invenientur
1605 3603 1718 3658 duo
1739 3599 1805 3660 lii
1826 3599 1974 3673 epis-

331 3673 461 3743 copi
483 3686 523 3728 n
543 3674 856 3742 Januarii,
875 3675 1136 3729 lsrnoues
1157 3673 1216 3728 et
1236 3673 1502 3739 SIRIDON;
1525 3675 1682 3743 quod
1699 3675 1797 3730 uel
1811 3677 1974 3732 Siri-

332 3743 554 3816 rlonem,
570 3745 669 3816 vel
681 3743 983 3801 [siderum
991 3744 1514 3816 repraesentabunt,
1519 3745 1707 3815 prout
1718 3746 1974 3816 quisque

331 3814 546 3887 ceteris
565 3815 787 3872 codicis
806 3817 852 3871 li
859 3814 1232 3887 tteras'leget.
1260 3816 1338 3872 Id
1348 3814 1506 3885 quod
1521 3814 1670 3885 dico,
1685 3814 1889 3887 videor
1899 3830 1975 3872 ea

323 3885 446 3957 solo
477 3886 834 3957 Hieronymi
869 3885 1304 3957 Martyrologio
1331 3887 1629 3957 colligere,
1660 3886 1860 3943 Habes
1887 3887 1974 3946 ibi

2081 2685 2256 2754 gium,
2283 2685 2573 2766 quodseli
2603 2685 2936 2766 Marcellino
2956 2685 3199 2766 tribuit,
3213 2685 3490 2766 quodque
3513 2685 3730 2766 Noster

2083 2770 2154 2810 ex
2185 2772 2254 2810 00
2276 2756 2602 2827 descripsit,
2633 2756 2857 2827 pridem
2877 2755 3208 2813 observavit
3234 2757 3532 2812 Notkerus
3553 2755 3726 2811 alteri

2081 2827 2456 2883 tribuendum
2479 2826 2630 2890 esse,
2650 2826 2782 2882 licet
2809 2827 2864 2882 in
2887 2827 3114 2882 nomine
3138 2827 3385 2898 ipsemet
3408 2827 3723 2898 erraverit,

2081 2898 2344 2954 scribens
2358 2898 2530 2954 Phili
2541 2901 2814 2968 episcopi,
2835 2903 2892 2953 et
2907 2897 3178 2968 Rabanus
3191 2897 3284 2953 die
3301 2897 3583 2966 sequenti
3609 2898 3730 2954 Titi

2081 2971 2370 3038 episcopi;
2392 2969 2488 3040 ubi
2513 2967 2925 3040 verosimiliter
2949 2967 3420 3040 legenduni,jilii
3441 2969 3723 3040 episcopi,

2083 3040 2179 3109 qui
2199 3039 2370 3094 fuerit
2393 3039 2734 3109 Theogenes,
2753 3039 2808 3094 in
2828 3039 2995 3108 cujus
3016 3039 3176 3095 Actis
3201 3039 3350 3109 apud
3379 3039 3726 3094 Bollandum

2083 3108 2146 3165 ea
2173 3114 2505 3174 narrantur,
2525 3108 2652 3179 quin
2677 3123 2780 3165 nec
2803 3109 3134 3165 Marcellino
3157 3108 3262 3166 soli
3287 3109 3341 3164 in
3365 3109 3573 3166 Adone
3591 3129 3604 3164 :
3622 3125 3726 3166 nec

2084 3181 2188 3250 ipsi
2213 3184 2270 3235 et
2289 3181 2586 3240 fratribus,
2606 3179 2657 3233 in
2675 3179 2974 3236 codicibus
2999 3179 3428 3236 recentioribus
3449 3179 3726 3236 Usuardi-

2084 3252 2172 3306 nis
2203 3258 2362 3306 recte
2395 3251 2788 3317 ascribuntur,
2825 3255 2886 3306 ut
2921 3251 3119 3306 videre
3149 3256 3238 3306 est
3275 3251 3325 3304 in
3361 3250 3530 3308 Actis
3552 3252 3726 3306 mla-

2083 3321 2290 3390 nuarii,
2328 3336 2440 3390 quo
2473 3321 2566 3376 die
2600 3327 2722 3376 tres
2761 3320 2844 3375 illi
2889 3322 3103 3377 fratres
3149 3321 3206 3376 in
3257 3321 3724 3390 llieronymianis

2083 3391 2450 3463 apographis,
2486 3391 2614 3448 aliis
2653 3390 2921 3463 pluribus
2969 3391 3202 3463 immisti
3231 3391 3624 3463 referuntur,
3656 3391 3723 3463 ad

2083 3461 2251 3534 quem
2285 3461 2475 3534 locum
2507 3461 2730 3519 consuli
2765 3467 2957 3534 potest
2987 3461 3302 3518 Florentini
3329 3462 3580 3534 notatio.
3607 3461 3724 3534 Pri-

2084 3548 2173 3588 mo
2198 3531 2322 3588 loco
2347 3533 2400 3588 in
2425 3535 2678 3588 Romano
2703 3531 2878 3602 parvo
2900 3533 3164 3602 signatur
3188 3553 3200 3587 :
3224 3533 3402 3590 Beati
3419 3531 3725 3590 Macarii:

2082 3603 2137 3657 in
2164 3603 2388 3658 Adone:
2415 3605 2663 3662 Natalis
2686 3605 2844 3661 beati
2865 3603 3132 3660 Macarii
3151 3603 3408 3660 abbatis.
3427 3605 3722 3660 Hactenus

2083 3679 2264 3754 recte,
2299 3689 2406 3754 nec
2438 3675 2750 3754 quidquam
2795 3675 2946 3754 ultra
2989 3673 3721 3754 indicant_llierouymiana

2083 3745 2186 3800 hoc
2203 3744 2312 3800 die.
2333 3748 2404 3800 At
2429 3746 2560 3800 dum
2587 3760 2764 3816 supra
2789 3744 3230 3816 ductoressapit
3254 3745 3561 3801 Usuardus
3583 3758 3724 3815 prte-

2084 3816 2265 3884 ligens
2289 3834 2302 3882 ;
2334 3818 2410 3872 In
2438 3815 2772 3882 Tltebaide;
2795 3832 2912 3871 rem
2945 3815 3252 3886 implicuit,
3279 3829 3450 3885 quam
3480 3829 3599 3886 inec
3621 3816 3724 3871 Ra-

2083 3887 2284 3958 banrus,
2304 3901 2418 3958 unec
2447 3900 2618 3958 03900
2650 3885 3278 3958 Notkernsex’plicant,
3306 3886 3442 3941 dum
3479 3885 3681 3958 legunt
3707 3904 3719 3938 :

325 3954 650 4026 (nempein)
679 3954 1122 4036 Epteruacen‘si)
1149 3954 1535 4036 "Januarii:
1560 3954 1833 4036 1811110οΨ
1855 3972 1970 4036 Εριτ
2001 3973 2048 4036 α
2083 3956 2418 4036 ᾼγιίὶοσΙιὶα,
2465 3955 2741 4036 Macarii
2778 3954 3272 4036 abbatisteque
3327 3954 3578 4036 prosunt
3629 3957 3722 4012 ho-

326 4039 489 4096 80001
512 4039 844 4096 Auriocniaa.
865 4025 1017 4096 Cum
1036 4026 1154 4096 tres
1185 4026 1440 4096 episcopi
1455 4028 1631 4096 Doni,
1647 4028 1742 4082 vel
1754 4029 1970 4086 Domni

324 4093 657 4166 Antiochiae
662 4095 911 4166 fuerint
930 4094 1169 4166 (addere
1189 4093 1440 4166 poterat,
1467 4093 1741 4154 Isidorus
1763 4100 1969 4156 autSi-

323 4163 734 4246 ridonhnullus)
747 4165 853 4246 uim
871 4165 1096 4246 dubito,
1111 4163 1379 4246 aliquem
1399 4163 1612 4246 Iterum
1631 4169 1963 4246 designari.

325 4236 458 4308 11100
488 4234 871 4308 Rosvveydus,
892 4237 968 4291 ad
1001 4234 1168 4306 cujus
1202 4234 1320 4308 fere
1346 4242 1618 4308 mentem,
1644 4234 1812 4294 aliain
1835 4255 1968 4296 cou-

325 4252 458 4290 mec
488 4252 871 4359 noswei'aus,
892 4252 968 4291 ad
1001 4252 1168 4306 cujus
1202 4252 1320 4292 iere
1346 4252 1618 4308 mentem,
1644 4252 1812 4294 aliam
1835 4255 1968 4296 cou-

319 4304 606 4378 jecturam
630 4307 708 4362 Bo
741 4305 946 4378 landus
970 4307 1264 4378 produxit.
1282 4310 1514 4378 Verum,
1532 4309 1639 4365 nisi
1664 4309 1968 4366 vehemen-

326 4375 621 4451 tcr_fallor,
640 4391 758 4451 rem
775 4376 947 4448 paulo
964 4375 1218 4451 peuitius
1233 4375 1586 4451 intrOSpe'xit
1603 4379 1962 4451 llolstenius,

323 4453 382 4502 et
415 4448 723 4520 Bostveydi
766 4447 998 4520 sensum
1047 4447 1197 4520 haud
1230 4447 1578 4520 satisielare
1626 4447 1964 4520 expressum

321 4516 902 4592 evolvituet’euelusit
917 4519 972 4592 in
987 4517 1232 4590 epistola
1254 4519 1422 4592 aduCl.
1439 4520 1502 4592 ν.
1520 4516 1878 4592 Florentiniu
1891 4539 1963 4592 m,

323 4589 457 4662 data
484 4591 516 4644 4
536 4587 656 4662 Καὶ,
676 4590 974 4646 Februarii
999 4587 1268 4658 necum,
1289 4590 1385 4662 ubi
1411 4591 1494 4646 sic
1519 4591 1816 4662 loquitur:
1850 4587 1964 4658 Qui

320 4660 420 4733 die
437 4660 694 4733 secunda
706 4662 1008 4733 Januarii
1033 4662 1323 4733 tauquam
1343 4661 1568 4720 diuersi
1577 4660 1886 4732 ponuntur
1907 4664 1960 4733 (a

321 4729 595 4802 Baronio)
621 4732 679 4786 Β.
705 4731 969 4787 Ismenus
1010 4729 1331 4802 episcopus,
1357 4733 1416 4788 et
1427 4729 1616 4803 paulo
1638 4733 1776 4802 post
1802 4734 1854 4788 S.
1884 4729 1964 4788 Sl-

323 4817 496 4874 BIDON
518 4803 840 4874 episcopus,
853 4817 969 4874 pro
989 4817 1105 4858 uno
1125 4816 1280 4872 vero,
1293 4803 1407 4858 duo
1411 4803 1576 4874 falsi
1597 4803 1963 4860 substituun-

325 4873 440 4943 tur,
453 4873 601 4930 eitio
623 4873 792 4929 ambo
812 4873 1002 4930 creati
1031 4888 1106 4929 ea:
1127 4887 1276 4930 certe
1301 4875 1567 4930 lectionis
1589 4875 1958 4944 ignorantia,

321 4947 386 5014 ut
405 4957 481 5000 ea:
501 4944 924 5002 vetustissimis
933 4959 1068 5000 mss.
1087 4945 1547 5014 deprehendi,
1559 4945 1774 5014 quibus
1785 4946 1970 5002 semel

321 5013 796 5087 simpliciterque
825 5015 1048 5088 legitur
1065 5033 1086 5070 .·
1109 5013 1456 5086 Antiochia,
1480 5013 1784 5088 Sg’rodoni
1813 5018 1962 5088 epis-

2080 4027 2278 4082 dierna
2294 4031 2489 4098 nostra
2507 4027 2798 4098 Auctaria,
2817 4028 2950 4083 dum
2976 4041 3124 4083 nunc
3147 4027 3455 4098 Macarium
3474 4028 3723 4098 Alexan-

2076 4097 2319 4169 drinum
2340 4097 2560 4167 volunt,
2589 4097 2763 4169 alium
2787 4113 2944 4169 vero,
2973 4098 3068 4169 qui
3092 4113 3160 4153 xv
3189 4097 3448 4169 Januarii
3481 4097 3716 4169 colitur,

2067 4168 2444 4240 'zEgg/ptium.
2489 4168 2764 4240 Intricata
2815 4168 2938 4240 haec
2984 4167 3040 4224 et
3072 4168 3333 4240 confusa,
3375 4184 3405 4240 a
3441 4167 3720 4224 Bollando

2077 4238 2367 4294 elucidata
2398 4239 2658 4296 invenies
2687 4239 2794 4294 hoc
2827 4239 2937 4306 (110,
2973 4243 3029 4294 et
3061 4239 3242 4295 citato
3274 4255 3345 4294 xv
3387 4239 3584 4309 hujus,
3622 4253 3719 4294 nec

2077 4309 2265 4365 minus
2313 4310 2543 4366 erudite
2594 4314 2894 4366 contracta
2951 4323 2981 4362 a
3033 4309 3364 4365 Castellano
3406 4309 3462 4364 in
3507 4310 3715 4366 notisa

2077 4395 2206 4449 pag.
2243 4383 2328 4435 40.
2357 4382 2438 4434 Ex
2461 4379 2672 4450 quibus
2695 4379 3006 4448 intelliges,
3025 4385 3303 4450 quantum
3331 4379 3568 4436 valeant
3594 4395 3717 4449 cog-

2075 4457 2346 4532 uoiuenta
2371 4450 2467 4532 illia
2491 4451 2896 4532 alexandriui
2918 4455 2974 4505 et
2996 4452 3440 4532 Egyptiaeum
3469 4459 3714 4532 agerque

2077 4520 2265 4592 Libym
2298 4520 2483 4577 incola
2517 4522 2712 4592 fuerit,
2749 4520 3085 4578 hodiernus
3116 4520 3172 4576 in
3210 4521 3444 4588 Celliis,
3481 4520 3638 4578 alter
3663 4521 3712 4576 in

2071 4591 2292 4672 Scitki.
2315 4592 2833 4672 ‘Videlannarium
2867 4606 2994 4672 pag.
3030 4597 3378 4672 1005,.num.
3412 4598 3468 4662 5,
3503 4599 3562 4650 et
3595 4606 3709 4672 eos,

2072 4662 2170 4788 311i
2205 4666 2331 4732 post
2367 4662 2703 4718 Bollandum
2757 4664 3134 4719 Macariorum
3191 4665 3330 4719 Acta
3382 4664 3714 4720 accuratius

2115 4732 2434 4788 istinauere
2475 4732 2666 4788 conati
2716 4738 2869 4788 sunt.
2902 4734 3190 4788 Audiatur
3225 4738 3528 4788 postremo
3557 4737 3712 4788 Wan-

2115 4732 2434 4802 istinguere
2475 4732 2666 4788 conati
2716 4738 2869 4790 sunt.
2902 4734 3190 4790 Audiatur
3221 4738 3528 4802 postremo
3557 4737 3712 4790 Wan-

2073 4803 2395 4873 dalbcrtus,
2427 4803 2524 4874 qui
2557 4804 2707 4860 hunc
2749 4803 2936 4860 solum
2982 4805 3059 4859 ita
3095 4803 3304 4860 recolit
3343 4822 3355 4858 :

2071 4979 2352 5023 Macharius
2404 4982 2600 5022 uartnm
2631 4979 2882 5024 Nonarum
2912 4979 3108 5023 dedicat
3139 4983 3308 5024 ustum
3338 4978 3491 5035 (forte,
3511 4980 3705 5034 astrum)

2071 5031 2166 5077 Qui
2187 5033 2352 5076 tenuit
2369 4991 2635 5077 docuitque
2654 5033 2805 5077 eremi
2835 5033 2951 5077 nius
2979 5034 3147 5077 accola
3169 5043 3366 5077 morem.

2071 5031 2166 5084 Qui
2187 5033 2352 5076 tenuit
2369 5031 2635 5087 docuitque
2654 5033 2805 5077 eremi
2835 5033 2951 5090 pius
2979 5034 3147 5078 accola
3169 5031 3366 5078 morem;

1831 5143 2204 5199 AUCTARIA.

396 5240 832 5318 ΑμτυξιιρςΝΑι.
868 5250 1095 5305 textum
1131 5246 1304 5303 habet
1339 5246 1744 5303 deformiorcm
1779 5267 1792 5302 :
1830 5267 1857 5300 «
1896 5249 1958 5303 In
1993 5249 2043 5308 D
2076 5246 2358 5318 deposita,
2394 5248 2614 5318 magnis
2661 5248 3012 5305 choruscant
3064 5247 3404 5305 virtutibus.
3443 5269 3471 5300 υ
3508 5251 3582 5304 De
3611 5245 3702 5302 lsi-

322 5308 649 5400 TPEWQa
670 5315 1136 5400 depositurae
1161 5317 1428 5400 Machirii
1463 5318 1713 5400 abeatis:
1733 5318 1961 5400 magna-

326 5395 452 5454 rum
479 5385 761 5454 virtutum
781 5388 908 5444 viri.
925 5391 991 5444 Et
1018 5391 1072 5446 in
1095 5392 1278 5447 Ponto
1299 5385 1759 5454 eivitateTomis,
1779 5385 1956 5446 trium

325 5453 868 5534 fratriim.N_ai'eissi,
889 5460 1056 5527 Argei
1082 5466 1140 5516 et
1163 5460 1475 5534 Marcellini
1503 5459 1690 5534 pueri,
1715 5460 1822 5527 Qui
1848 5461 1958 5534 sub

319 5525 536 5605 Licinio
571 5525 722 5605 inter:
745 5525 1414 5605 tyroneseeinpreheusi,
1434 5525 1563 5588 eum
1579 5525 1800 5588 nollent
1815 5531 1959 5586 mili-

319 5597 465 5676 tare,
492 5595 628 5676 caesi
653 5593 723 5650 ad
741 5593 1003 5660 mortem,
1023 5593 1358 5676 martyrium
1384 5593 1954 5676 consummaverunt,

319 5668 376 5720 et
401 5663 499 5721 diu
524 5665 581 5722 iu
604 5663 1240 5736 carcereuinaecratiﬁn
1265 5687 1420 5726 mare
1444 5673 1618 5728 mersi
1644 5678 1798 5728 sunt.
1827 5663 1960 5728 Cor-

325 5749 465 5806 pora
497 5750 698 5794 eorum
741 5735 812 5792 ad
853 5733 1022 5791 littus
1054 5733 1267 5808 delata,
1299 5745 1358 5795 et
1395 5740 1465 5812 [a]
1493 5742 1784 5814 religiosis
1817 5743 1958 5800 viris

2073 5319 2214 5374 dero
2255 5322 2431 5374 tacet.

2138 5390 2459 5445 Roswuvu..
2500 5409 2524 5438 «
2561 5389 2898 5458 Antiochiae,
2927 5389 3151 5445 Ysidori
3183 5390 3446 5460 episcopi
3471 5392 3531 5446 et
3555 5385 3696 5444 beati

2069 5461 2335 5536 Macharii
2387 5460 2632 5536 abbatis.
2671 5481 2696 5509 »
2733 5461 2809 5515 De
2853 5459 3046 5536 tribus
3093 5459 3694 5536 Touiitanisltextiuu

2071 5531 2228 5602 ponit
2261 5532 2316 5585 in
2351 5531 2558 5601 plurali
2596 5545 2848 5602 numero.
2887 5531 2943 5602 ln
2977 5532 3087 5586 line
3120 5530 3319 5586 addit:
3349 5551 3376 5582 «
3405 5527 3696 5602 1110008011-

2070 5597 2194 5670 inis,
2240 5597 2574 5672 sanctorum
2623 5601 2898 5672 Stephani
2946 5605 3003 5656 et
3055 5602 3280 5658 Vitalis.
3319 5621 3347 5653 »
3385 5601 3614 5659 Nomina
3642 5597 3689 5651 in

2070 5671 2528 5740 I-Iieronymianis
2568 5671 2886 5742 disparata,
2923 5672 3232 5741 conjuncta
3264 5677 3420 5730 sunt.

2141 5744 2454 5798 Punsanes.
2489 5742 2690 5799 Adhuc
2722 5757 2942 5800 vacuus
2971 5747 3083 5800 est.
