  <div class='ocr_page' id='page_1' title='image "/cluster/home/n/w/nwhite01/storage/ocr_20150623/123/hvd.32044054759857/323.png"; bbox 0 0 4006 6148; ppageno 0'>
   <div class='ocr_carea' id='block_1_1' title="bbox 342 276 446 334">
    <p class='ocr_par' dir='ltr' id='par_1_1' title="bbox 342 276 446 334">
     <span class='ocr_line' id='line_1_1' title="bbox 342 276 446 334; baseline 0 0"><span class='ocrx_word' id='word_1_1' title='bbox 342 276 446 334; x_wconf 72' lang='grc'><strong>636</strong></span> 
     </span>
    </p>
   </div>
   <div class='ocr_carea' id='block_1_2' title="bbox 1706 269 2368 331">
    <p class='ocr_par' dir='ltr' id='par_1_2' title="bbox 1706 269 2368 331">
     <span class='ocr_line' id='line_1_2' title="bbox 1706 269 2368 331; baseline 0 -1"><span class='ocrx_word' id='word_1_2' title='bbox 1706 269 2013 331; x_wconf 84' lang='lat' dir='ltr'><strong>USUARDI</strong></span> <span class='ocrx_word' id='word_1_3' title='bbox 2052 270 2368 330; x_wconf 81' lang='lat' dir='ltr'><strong>MONACHI</strong></span> 
     </span>
    </p>
   </div>
   <div class='ocr_carea' id='block_1_3' title="bbox 3624 269 3733 330">
    <p class='ocr_par' dir='ltr' id='par_1_3' title="bbox 3624 269 3733 330">
     <span class='ocr_line' id='line_1_3' title="bbox 3624 269 3733 330; baseline 0.009 -1"><span class='ocrx_word' id='word_1_4' title='bbox 3624 269 3733 330; x_wconf 85' lang='grc'><strong>636</strong></span> 
     </span>
    </p>
   </div>
   <div class='ocr_carea' id='block_1_4' title="bbox 342 394 3731 480">
    <p class='ocr_par' dir='ltr' id='par_1_4' title="bbox 342 394 3731 480">
     <span class='ocr_line' id='line_1_4' title="bbox 342 394 3731 480; baseline -0.001 -23"><span class='ocrx_word' id='word_1_5' title='bbox 342 399 450 480; x_wconf 77' lang='lat' dir='ltr'><strong>fine</strong></span> <span class='ocrx_word' id='word_1_6' title='bbox 466 395 1078 480; x_wconf 71' lang='lat' dir='ltr'><strong>minutioribustypis:</strong></span> <span class='ocrx_word' id='word_1_7' title='bbox 1096 394 1630 480; x_wconf 55' lang='lat' dir='ltr'><strong>fbivieni,sanctae</strong></span> <span class='ocrx_word' id='word_1_8' title='bbox 1645 395 1972 480; x_wconf 61' lang='lat' dir='ltr'><strong>Paschasjaa</strong></span> <span class='ocrx_word' id='word_1_9' title='bbox 2003 401 2055 458; x_wconf 87' lang='lat' dir='ltr'><strong>A</strong></span> <span class='ocrx_word' id='word_1_10' title='bbox 2083 395 2337 480; x_wconf 54' lang='lat' dir='ltr'><strong>yaldpm</strong></span> <span class='ocrx_word' id='word_1_11' title='bbox 2372 412 2501 453; x_wconf 88' lang='lat' dir='ltr'><strong>cum</strong></span> <span class='ocrx_word' id='word_1_12' title='bbox 2528 397 2770 480; x_wconf 72' lang='lat' dir='ltr'><strong>prmfate</strong></span> <span class='ocrx_word' id='word_1_13' title='bbox 2805 397 2975 466; x_wconf 88' lang='lat' dir='ltr'><strong>Beda,</strong></span> <span class='ocrx_word' id='word_1_14' title='bbox 3010 400 3106 480; x_wconf 69' lang='lat' dir='ltr'><strong>aut</strong></span> <span class='ocrx_word' id='word_1_15' title='bbox 3144 395 3564 480; x_wconf 68' lang='lat' dir='ltr'><strong>Brithwaldum</strong></span> <span class='ocrx_word' id='word_1_16' title='bbox 3597 413 3731 480; x_wconf 78' lang='lat' dir='ltr'><strong>eum</strong></span> 
     </span>
    </p>
   </div>
   <div class='ocr_carea' id='block_1_5' title="bbox 338 467 1976 539">
    <p class='ocr_par' dir='ltr' id='par_1_5' title="bbox 338 467 1976 539">
     <span class='ocr_line' id='line_1_5' title="bbox 338 467 1976 539; baseline -0.002 -12"><span class='ocrx_word' id='word_1_17' title='bbox 338 469 602 539; x_wconf 75' lang='lat' dir='ltr'><strong>virginis,</strong></span> <span class='ocrx_word' id='word_1_18' title='bbox 621 485 788 538; x_wconf 83' lang='lat' dir='ltr'><strong>cujus</strong></span> <span class='ocrx_word' id='word_1_19' title='bbox 811 467 1070 524; x_wconf 85' lang='lat' dir='ltr'><strong>meminit</strong></span> <span class='ocrx_word' id='word_1_20' title='bbox 1091 467 1407 538; x_wconf 84' lang='lat' dir='ltr'><strong>Gregorius</strong></span> <span class='ocrx_word' id='word_1_21' title='bbox 1433 469 1805 524; x_wconf 84' lang='lat' dir='ltr'><strong>Turonensis.</strong></span> <span class='ocrx_word' id='word_1_22' title='bbox 1830 489 1856 517; x_wconf 71' lang='grc' dir='ltr'><strong>η</strong></span> <span class='ocrx_word' id='word_1_23' title='bbox 1887 468 1976 523; x_wconf 90' lang='lat' dir='ltr'><strong>Se-</strong></span> 
     </span>
    </p>
   </div>
   <div class='ocr_carea' id='block_1_6' title="bbox 339 539 1968 612">
    <p class='ocr_par' dir='ltr' id='par_1_6' title="bbox 339 539 1968 612">
     <span class='ocr_line' id='line_1_6' title="bbox 339 539 1968 612; baseline -0.003 -15"><span class='ocrx_word' id='word_1_24' title='bbox 339 541 540 612; x_wconf 90' lang='lat' dir='ltr'><strong>quitur</strong></span> <span class='ocrx_word' id='word_1_25' title='bbox 579 539 969 612; x_wconf 68' lang='lat' dir='ltr'><strong>Marcellinus</strong></span> <span class='ocrx_word' id='word_1_26' title='bbox 991 554 1121 612; x_wconf 83' lang='lat' dir='ltr'><strong>cum</strong></span> <span class='ocrx_word' id='word_1_27' title='bbox 1162 539 1352 612; x_wconf 84' lang='lat' dir='ltr'><strong>elogio</strong></span> <span class='ocrx_word' id='word_1_28' title='bbox 1383 553 1454 594; x_wconf 84' lang='lat' dir='ltr'><strong>ex</strong></span> <span class='ocrx_word' id='word_1_29' title='bbox 1485 539 1742 612; x_wconf 70' lang='lat' dir='ltr'><strong>Grcveue</strong></span> <span class='ocrx_word' id='word_1_30' title='bbox 1775 551 1968 612; x_wconf 80' lang='lat' dir='ltr'><strong>supra.</strong></span> 
     </span>
    </p>
   </div>
   <div class='ocr_carea' id='block_1_7' title="bbox 345 609 1977 692">
    <p class='ocr_par' dir='ltr' id='par_1_7' title="bbox 345 609 1977 692">
     <span class='ocr_line' id='line_1_7' title="bbox 345 609 1977 692; baseline 0 -30"><span class='ocrx_word' id='word_1_31' title='bbox 345 609 372 662; x_wconf 73' lang='grc' dir='ltr'><strong>εἰ</strong></span> <span class='ocrx_word' id='word_1_32' title='bbox 399 611 708 692; x_wconf 42' lang='lat' dir='ltr'><strong>inﬂantia,</strong></span> <span class='ocrx_word' id='word_1_33' title='bbox 734 609 971 690; x_wconf 77' lang='lat' dir='ltr'><strong>Adriani</strong></span> <span class='ocrx_word' id='word_1_34' title='bbox 997 609 1249 692; x_wconf 41' lang='lat' dir='ltr'><strong>anbba‘tis,</strong></span> <span class='ocrx_word' id='word_1_35' title='bbox 1273 614 1342 690; x_wconf 43' lang='lat' dir='ltr'><strong>.et</strong></span> <span class='ocrx_word' id='word_1_36' title='bbox 1371 609 1744 692; x_wconf 53' lang='lat' dir='ltr'><strong>confessoris;</strong></span> <span class='ocrx_word' id='word_1_37' title='bbox 1776 611 1977 690; x_wconf 75' lang='lat' dir='ltr'><strong>Bertu-</strong></span> 
     </span>
    </p>
   </div>
   <div class='ocr_carea' id='block_1_8' title="bbox 340 679 1973 752">
    <p class='ocr_par' dir='ltr' id='par_1_8' title="bbox 340 679 1973 752">
     <span class='ocr_line' id='line_1_8' title="bbox 340 679 1973 752; baseline -0.001 -15"><span class='ocrx_word' id='word_1_38' title='bbox 340 681 496 738; x_wconf 91' lang='lat' dir='ltr'><strong>naldi</strong></span> <span class='ocrx_word' id='word_1_39' title='bbox 540 679 970 752; x_wconf 82' lang='lat' dir='ltr'><strong>archiepiscopi</strong></span> <span class='ocrx_word' id='word_1_40' title='bbox 1004 679 1448 752; x_wconf 15' lang='lat' dir='ltr'><strong>iCarntuariensis</strong></span> <span class='ocrx_word' id='word_1_41' title='bbox 1493 683 1552 734; x_wconf 91' lang='lat' dir='ltr'><strong>et</strong></span> <span class='ocrx_word' id='word_1_42' title='bbox 1579 679 1973 752; x_wconf 81' lang='lat' dir='ltr'><strong>confessoris,</strong></span> 
     </span>
    </p>
   </div>
   <div class='ocr_carea' id='block_1_9' title="bbox 333 749 1978 824">
    <p class='ocr_par' dir='ltr' id='par_1_9' title="bbox 333 749 1978 824">
     <span class='ocr_line' id='line_1_9' title="bbox 333 749 1978 824; baseline -0.002 -17"><span class='ocrx_word' id='word_1_43' title='bbox 333 767 580 824; x_wconf 84' lang='lat' dir='ltr'><strong>quorum</strong></span> <span class='ocrx_word' id='word_1_44' title='bbox 606 749 864 824; x_wconf 78' lang='lat' dir='ltr'><strong>meminit</strong></span> <span class='ocrx_word' id='word_1_45' title='bbox 904 749 1054 806; x_wconf 86' lang='lat' dir='ltr'><strong>Beda</strong></span> <span class='ocrx_word' id='word_1_46' title='bbox 1079 751 1142 824; x_wconf 75' lang='lat' dir='ltr'><strong>in</strong></span> <span class='ocrx_word' id='word_1_47' title='bbox 1161 749 1408 824; x_wconf 75' lang='lat' dir='ltr'><strong>historia</strong></span> <span class='ocrx_word' id='word_1_48' title='bbox 1431 750 1626 819; x_wconf 89' lang='lat' dir='ltr'><strong>gentis</strong></span> <span class='ocrx_word' id='word_1_49' title='bbox 1649 764 1788 824; x_wconf 64' lang='lat' dir='ltr'><strong>suae.</strong></span> <span class='ocrx_word' id='word_1_50' title='bbox 1817 772 1843 799; x_wconf 77' lang='grc' dir='ltr'><strong>υ</strong></span> <span class='ocrx_word' id='word_1_51' title='bbox 1870 751 1978 824; x_wconf 85' lang='lat' dir='ltr'><strong>Me-</strong></span> 
     </span>
    </p>
   </div>
   <div class='ocr_carea' id='block_1_10' title="bbox 336 819 1980 889">
    <p class='ocr_par' dir='ltr' id='par_1_10' title="bbox 336 819 1980 889">
     <span class='ocr_line' id='line_1_10' title="bbox 336 819 1980 889; baseline -0.002 -12"><span class='ocrx_word' id='word_1_52' title='bbox 336 819 502 877; x_wconf 83' lang='lat' dir='ltr'><strong>minit</strong></span> <span class='ocrx_word' id='word_1_53' title='bbox 543 836 702 889; x_wconf 88' lang='lat' dir='ltr'><strong>sane,</strong></span> <span class='ocrx_word' id='word_1_54' title='bbox 741 821 843 876; x_wconf 82' lang='lat' dir='ltr'><strong>sed</strong></span> <span class='ocrx_word' id='word_1_55' title='bbox 878 825 1072 877; x_wconf 90' lang='lat' dir='ltr'><strong>monet</strong></span> <span class='ocrx_word' id='word_1_56' title='bbox 1105 819 1490 889; x_wconf 89' lang='lat' dir='ltr'><strong>Castellanus,</strong></span> <span class='ocrx_word' id='word_1_57' title='bbox 1527 835 1637 876; x_wconf 90' lang='lat' dir='ltr'><strong>non</strong></span> <span class='ocrx_word' id='word_1_58' title='bbox 1679 819 1980 876; x_wconf 89' lang='lat' dir='ltr'><strong>Bertunal-</strong></span> 
     </span>
    </p>
   </div>
   <div class='ocr_carea' id='block_1_11' title="bbox 341 889 1982 962">
    <p class='ocr_par' dir='ltr' id='par_1_11' title="bbox 341 889 1982 962">
     <span class='ocr_line' id='line_1_11' title="bbox 341 889 1982 962; baseline -0.002 -12"><span class='ocrx_word' id='word_1_59' title='bbox 341 893 498 962; x_wconf 89' lang='lat' dir='ltr'><strong>dum,</strong></span> <span class='ocrx_word' id='word_1_60' title='bbox 533 906 638 948; x_wconf 90' lang='lat' dir='ltr'><strong>nec</strong></span> <span class='ocrx_word' id='word_1_61' title='bbox 670 891 1083 961; x_wconf 90' lang='lat' dir='ltr'><strong>Bertwaldum,</strong></span> <span class='ocrx_word' id='word_1_62' title='bbox 1121 895 1184 948; x_wconf 93' lang='lat' dir='ltr'><strong>ut</strong></span> <span class='ocrx_word' id='word_1_63' title='bbox 1225 891 1540 962; x_wconf 88' lang='lat' dir='ltr'><strong>Grevenus,</strong></span> <span class='ocrx_word' id='word_1_64' title='bbox 1575 889 1676 948; x_wconf 89' lang='lat' dir='ltr'><strong>sed</strong></span> <span class='ocrx_word' id='word_1_65' title='bbox 1711 890 1982 946; x_wconf 88' lang='lat' dir='ltr'><strong>Bereeht-</strong></span> 
     </span>
    </p>
   </div>
   <div class='ocr_carea' id='block_1_12' title="bbox 2085 467 3730 539">
    <p class='ocr_par' dir='ltr' id='par_1_12' title="bbox 2085 467 3730 539">
     <span class='ocr_line' id='line_1_12' title="bbox 2085 467 3730 539; baseline 0.001 -15"><span class='ocrx_word' id='word_1_66' title='bbox 2085 467 2358 539; x_wconf 76' lang='lat' dir='ltr'><strong>Gocelino</strong></span> <span class='ocrx_word' id='word_1_67' title='bbox 2389 467 2798 539; x_wconf 80' lang='lat' dir='ltr'><strong>appellandum</strong></span> <span class='ocrx_word' id='word_1_68' title='bbox 2829 483 2982 524; x_wconf 82' lang='lat' dir='ltr'><strong>esse.</strong></span> <span class='ocrx_word' id='word_1_69' title='bbox 3018 467 3182 524; x_wconf 85' lang='lat' dir='ltr'><strong>Illum</strong></span> <span class='ocrx_word' id='word_1_70' title='bbox 3217 468 3454 539; x_wconf 78' lang='lat' dir='ltr'><strong>consule</strong></span> <span class='ocrx_word' id='word_1_71' title='bbox 3486 468 3543 523; x_wconf 92' lang='lat' dir='ltr'><strong>in</strong></span> <span class='ocrx_word' id='word_1_72' title='bbox 3569 470 3730 526; x_wconf 91' lang='lat' dir='ltr'><strong>notis</strong></span> 
     </span>
    </p>
   </div>
   <div class='ocr_carea' id='block_1_13' title="bbox 2084 538 3736 610">
    <p class='ocr_par' dir='ltr' id='par_1_13' title="bbox 2084 538 3736 610">
     <span class='ocr_line' id='line_1_13' title="bbox 2084 538 3736 610; baseline 0.001 -16"><span class='ocrx_word' id='word_1_73' title='bbox 2084 538 2192 610; x_wconf 89' lang='lat' dir='ltr'><strong>hoc</strong></span> <span class='ocrx_word' id='word_1_74' title='bbox 2225 538 2318 610; x_wconf 85' lang='lat' dir='ltr'><strong>die</strong></span> <span class='ocrx_word' id='word_1_75' title='bbox 2352 538 2496 610; x_wconf 58' lang='lat' dir='ltr'><strong>pag.</strong></span> <span class='ocrx_word' id='word_1_76' title='bbox 2535 543 2655 595; x_wconf 80' lang='lat'><strong>153.</strong></span> <span class='ocrx_word' id='word_1_77' title='bbox 2699 538 2997 594; x_wconf 89' lang='lat' dir='ltr'><strong>Editienes</strong></span> <span class='ocrx_word' id='word_1_78' title='bbox 3043 539 3400 610; x_wconf 87' lang='lat' dir='ltr'><strong>posteriores</strong></span> <span class='ocrx_word' id='word_1_79' title='bbox 3444 538 3592 610; x_wconf 83' lang='lat' dir='ltr'><strong>idem</strong></span> <span class='ocrx_word' id='word_1_80' title='bbox 3637 541 3736 595; x_wconf 84' lang='lat' dir='ltr'><strong>ha-</strong></span> 
     </span>
    </p>
   </div>
   <div class='ocr_carea' id='block_1_14' title="bbox 2088 608 3732 680">
    <p class='ocr_par' dir='ltr' id='par_1_14' title="bbox 2088 608 3732 680">
     <span class='ocr_line' id='line_1_14' title="bbox 2088 608 3732 680; baseline 0.002 -18"><span class='ocrx_word' id='word_1_81' title='bbox 2088 609 2224 680; x_wconf 93' lang='lat' dir='ltr'><strong>bent</strong></span> <span class='ocrx_word' id='word_1_82' title='bbox 2261 608 2330 663; x_wconf 88' lang='lat' dir='ltr'><strong>de</strong></span> <span class='ocrx_word' id='word_1_83' title='bbox 2353 608 2614 665; x_wconf 85' lang='lat' dir='ltr'><strong>Adriano</strong></span> <span class='ocrx_word' id='word_1_84' title='bbox 2655 610 2886 678; x_wconf 89' lang='lat' dir='ltr'><strong>abbate,</strong></span> <span class='ocrx_word' id='word_1_85' title='bbox 2919 608 3074 680; x_wconf 86' lang='lat' dir='ltr'><strong>quod</strong></span> <span class='ocrx_word' id='word_1_86' title='bbox 3115 610 3174 680; x_wconf 90' lang='lat' dir='ltr'><strong>in</strong></span> <span class='ocrx_word' id='word_1_87' title='bbox 3207 609 3410 680; x_wconf 88' lang='lat' dir='ltr'><strong>priori,</strong></span> <span class='ocrx_word' id='word_1_88' title='bbox 3452 609 3601 665; x_wconf 89' lang='lat' dir='ltr'><strong>idem</strong></span> <span class='ocrx_word' id='word_1_89' title='bbox 3643 614 3732 667; x_wconf 85' lang='lat' dir='ltr'><strong>est</strong></span> 
     </span>
    </p>
   </div>
   <div class='ocr_carea' id='block_1_15' title="bbox 2088 679 3732 748">
    <p class='ocr_par' dir='ltr' id='par_1_15' title="bbox 2088 679 3732 748">
     <span class='ocr_line' id='line_1_15' title="bbox 2088 679 3732 748; baseline 0.001 -14"><span class='ocrx_word' id='word_1_90' title='bbox 2088 679 2145 734; x_wconf 91' lang='lat' dir='ltr'><strong>in</strong></span> <span class='ocrx_word' id='word_1_91' title='bbox 2176 684 2363 748; x_wconf 82' lang='lat' dir='ltr'><strong>textu,</strong></span> <span class='ocrx_word' id='word_1_92' title='bbox 2399 679 2498 735; x_wconf 84' lang='lat' dir='ltr'><strong>ssd</strong></span> <span class='ocrx_word' id='word_1_93' title='bbox 2531 684 2743 736; x_wconf 72' lang='lat' dir='ltr'><strong>cmtcra</strong></span> <span class='ocrx_word' id='word_1_94' title='bbox 2776 679 2962 736; x_wconf 87' lang='lat' dir='ltr'><strong>omnia</strong></span> <span class='ocrx_word' id='word_1_95' title='bbox 2997 679 3234 736; x_wconf 80' lang='lat' dir='ltr'><strong>exclusa</strong></span> <span class='ocrx_word' id='word_1_96' title='bbox 3269 685 3433 736; x_wconf 92' lang='lat' dir='ltr'><strong>sunt.</strong></span> <span class='ocrx_word' id='word_1_97' title='bbox 3474 680 3732 746; x_wconf 87' lang='lat' dir='ltr'><strong>Quorum</strong></span> 
     </span>
    </p>
   </div>
   <div class='ocr_carea' id='block_1_16' title="bbox 2091 749 3735 822">
    <p class='ocr_par' dir='ltr' id='par_1_16' title="bbox 2091 749 3735 822">
     <span class='ocr_line' id='line_1_16' title="bbox 2091 749 3735 822; baseline 0.001 -18"><span class='ocrx_word' id='word_1_98' title='bbox 2091 749 2541 822; x_wconf 76' lang='lat' dir='ltr'><strong>locoponitur:</strong></span> <span class='ocrx_word' id='word_1_99' title='bbox 2599 772 2626 800; x_wconf 83' lang='lat'><strong>«</strong></span> <span class='ocrx_word' id='word_1_100' title='bbox 2685 752 2743 822; x_wconf 86' lang='lat' dir='ltr'><strong>ln</strong></span> <span class='ocrx_word' id='word_1_101' title='bbox 2795 752 3190 822; x_wconf 81' lang='lat' dir='ltr'><strong>Nertmaunia,</strong></span> <span class='ocrx_word' id='word_1_102' title='bbox 3235 750 3528 822; x_wconf 72' lang='lat' dir='ltr'><strong>depositio</strong></span> <span class='ocrx_word' id='word_1_103' title='bbox 3577 752 3735 807; x_wconf 83' lang='lat' dir='ltr'><strong>beati</strong></span> 
     </span>
    </p>
   </div>
   <div class='ocr_carea' id='block_1_17' title="bbox 2088 819 3737 888">
    <p class='ocr_par' dir='ltr' id='par_1_17' title="bbox 2088 819 3737 888">
     <span class='ocr_line' id='line_1_17' title="bbox 2088 819 3737 888; baseline 0.002 -13"><span class='ocrx_word' id='word_1_104' title='bbox 2088 819 2352 888; x_wconf 84' lang='lat' dir='ltr'><strong>Waningi</strong></span> <span class='ocrx_word' id='word_1_105' title='bbox 2379 821 2755 878; x_wconf 81' lang='lat' dir='ltr'><strong>confessoris.</strong></span> <span class='ocrx_word' id='word_1_106' title='bbox 2793 822 2892 878; x_wconf 80' lang='lat' dir='ltr'><strong>ilic</strong></span> <span class='ocrx_word' id='word_1_107' title='bbox 2941 821 3134 878; x_wconf 90' lang='lat' dir='ltr'><strong>nobile</strong></span> <span class='ocrx_word' id='word_1_108' title='bbox 3167 819 3583 878; x_wconf 73' lang='lat' dir='ltr'><strong>monasterium</strong></span> <span class='ocrx_word' id='word_1_109' title='bbox 3619 823 3737 878; x_wconf 88' lang='lat' dir='ltr'><strong>Fis-</strong></span> 
     </span>
    </p>
   </div>
   <div class='ocr_carea' id='block_1_18' title="bbox 2090 891 3729 962">
    <p class='ocr_par' dir='ltr' id='par_1_18' title="bbox 2090 891 3729 962">
     <span class='ocr_line' id='line_1_18' title="bbox 2090 891 3729 962; baseline -0.003 -15"><span class='ocrx_word' id='word_1_110' title='bbox 2090 903 2338 947; x_wconf 90' lang='lat' dir='ltr'><strong>cauense</strong></span> <span class='ocrx_word' id='word_1_111' title='bbox 2372 891 2654 962; x_wconf 81' lang='lat' dir='ltr'><strong>fundavit,</strong></span> <span class='ocrx_word' id='word_1_112' title='bbox 2695 897 2752 948; x_wconf 90' lang='lat' dir='ltr'><strong>et</strong></span> <span class='ocrx_word' id='word_1_113' title='bbox 2795 891 3212 962; x_wconf 83' lang='lat' dir='ltr'><strong>Leedegarium</strong></span> <span class='ocrx_word' id='word_1_114' title='bbox 3244 892 3472 950; x_wconf 82' lang='lat' dir='ltr'><strong>exulem</strong></span> <span class='ocrx_word' id='word_1_115' title='bbox 3506 893 3666 949; x_wconf 88' lang='lat' dir='ltr'><strong>fovit.</strong></span> <span class='ocrx_word' id='word_1_116' title='bbox 3701 914 3729 942; x_wconf 76' lang='grc' dir='ltr'><strong>ιι</strong></span> 
     </span>
    </p>
   </div>
   <div class='ocr_carea' id='block_1_19' title="bbox 1819 1021 2240 1036">
    <p class='ocr_par' dir='ltr' id='par_1_19' title="bbox 1819 1021 2240 1036">
     <span class='ocr_line' id='line_1_19' title="bbox 1819 1021 2240 1036; baseline 0.01 -5"><span class='ocrx_word' id='word_1_117' title='bbox 1819 1021 2240 1036; x_wconf 42' lang='lat' dir='ltr'>ﬂ</span> 
     </span>
    </p>
   </div>
   <div class='ocr_carea' id='block_1_20' title="bbox 343 1041 598 1099">
    <p class='ocr_par' dir='ltr' id='par_1_20' title="bbox 343 1041 598 1099">
     <span class='ocr_line' id='line_1_20' title="bbox 343 1041 598 1099; baseline 0.004 -4"><span class='ocrx_word' id='word_1_118' title='bbox 343 1041 412 1097; x_wconf 86' lang='lat' dir='ltr'><strong>IV</strong></span> <span class='ocrx_word' id='word_1_119' title='bbox 432 1041 598 1099; x_wconf 78' lang='lat' dir='ltr'><strong>Idus.</strong></span> 
     </span>
    </p>
   </div>
   <div class='ocr_carea' id='block_1_21' title="bbox 3505 1043 3735 1101">
    <p class='ocr_par' dir='ltr' id='par_1_21' title="bbox 3505 1043 3735 1101">
     <span class='ocr_line' id='line_1_21' title="bbox 3505 1043 3735 1101; baseline -0.009 0"><span class='ocrx_word' id='word_1_120' title='bbox 3505 1043 3618 1101; x_wconf 66' lang='lat' dir='ltr'><strong>Die</strong></span> <span class='ocrx_word' id='word_1_121' title='bbox 3647 1048 3735 1101; x_wconf 71' lang='lat'><strong>10.</strong></span> 
     </span>
    </p>
   </div>
   <div class='ocr_carea' id='block_1_22' title="bbox 412 1126 3741 1202">
    <p class='ocr_par' dir='ltr' id='par_1_22' title="bbox 412 1126 3741 1202">
     <span class='ocr_line' id='line_1_22' title="bbox 412 1126 3741 1202; baseline 0.001 -17"><span class='ocrx_word' id='word_1_122' title='bbox 412 1129 579 1201; x_wconf 90' lang='lat' dir='ltr'><strong>Apud</strong></span> <span class='ocrx_word' id='word_1_123' title='bbox 613 1129 880 1201; x_wconf 88' lang='lat' dir='ltr'><strong>Cyprum,</strong></span> <span class='ocrx_word' id='word_1_124' title='bbox 919 1128 1073 1184; x_wconf 85' lang='lat' dir='ltr'><strong>beati</strong></span> <span class='ocrx_word' id='word_1_125' title='bbox 1105 1127 1446 1184; x_wconf 83' lang='lat' dir='ltr'><strong>Nichanoris</strong></span> <span class='ocrx_word' id='word_1_126' title='bbox 1475 1126 1704 1184; x_wconf 89' lang='lat' dir='ltr'><strong>diaconi</strong></span> <span class='ocrx_word' id='word_1_127' title='bbox 1735 1127 1805 1184; x_wconf 88' lang='lat' dir='ltr'><strong>de</strong></span> <span class='ocrx_word' id='word_1_128' title='bbox 1835 1130 2057 1198; x_wconf 87' lang='lat' dir='ltr'><strong>septem</strong></span> <span class='ocrx_word' id='word_1_129' title='bbox 2089 1127 2312 1200; x_wconf 90' lang='lat' dir='ltr'><strong>primis,</strong></span> <span class='ocrx_word' id='word_1_130' title='bbox 2343 1129 2440 1200; x_wconf 91' lang='lat' dir='ltr'><strong>qui</strong></span> <span class='ocrx_word' id='word_1_131' title='bbox 2471 1132 2658 1201; x_wconf 85' lang='lat' dir='ltr'><strong>gratia</strong></span> <span class='ocrx_word' id='word_1_132' title='bbox 2691 1131 2842 1202; x_wconf 82' lang='lat' dir='ltr'><strong>fidei,</strong></span> <span class='ocrx_word' id='word_1_133' title='bbox 2867 1137 2928 1188; x_wconf 90' lang='lat' dir='ltr'><strong>et</strong></span> <span class='ocrx_word' id='word_1_134' title='bbox 2949 1130 3168 1190; x_wconf 88' lang='lat' dir='ltr'><strong>virtute</strong></span> <span class='ocrx_word' id='word_1_135' title='bbox 3189 1131 3581 1202; x_wconf 87' lang='lat' dir='ltr'><strong>admirandus,</strong></span> <span class='ocrx_word' id='word_1_136' title='bbox 3614 1133 3741 1202; x_wconf 85' lang='lat' dir='ltr'><strong>glo-</strong></span> 
     </span>
    </p>
   </div>
   <div class='ocr_carea' id='block_1_23' title="bbox 341 1214 3741 1292">
    <p class='ocr_par' dir='ltr' id='par_1_23' title="bbox 341 1214 3741 1292">
     <span class='ocr_line' id='line_1_23' title="bbox 341 1214 3741 1292; baseline 0.001 -21"><span class='ocrx_word' id='word_1_137' title='bbox 341 1216 658 1274; x_wconf 89' lang='lat' dir='ltr'><strong>riosissime</strong></span> <span class='ocrx_word' id='word_1_138' title='bbox 689 1221 1002 1274; x_wconf 90' lang='lat' dir='ltr'><strong>coronatus</strong></span> <span class='ocrx_word' id='word_1_139' title='bbox 1033 1221 1141 1273; x_wconf 90' lang='lat' dir='ltr'><strong>est.</strong></span> <span class='ocrx_word' id='word_1_140' title='bbox 1178 1217 1238 1270; x_wconf 91' lang='lat' dir='ltr'><strong>ln</strong></span> <span class='ocrx_word' id='word_1_141' title='bbox 1269 1215 1578 1287; x_wconf 89' lang='lat' dir='ltr'><strong>Thebaide,</strong></span> <span class='ocrx_word' id='word_1_142' title='bbox 1606 1214 1816 1272; x_wconf 88' lang='lat' dir='ltr'><strong>natalis</strong></span> <span class='ocrx_word' id='word_1_143' title='bbox 1849 1215 2001 1271; x_wconf 86' lang='lat' dir='ltr'><strong>beati</strong></span> <span class='ocrx_word' id='word_1_144' title='bbox 2034 1215 2196 1272; x_wconf 91' lang='lat' dir='ltr'><strong>Pauli</strong></span> <span class='ocrx_word' id='word_1_145' title='bbox 2232 1217 2400 1289; x_wconf 89' lang='lat' dir='ltr'><strong>primi</strong></span> <span class='ocrx_word' id='word_1_146' title='bbox 2432 1219 2752 1291; x_wconf 63' lang='lat' dir='ltr'><strong>hei-emitte,</strong></span> <span class='ocrx_word' id='word_1_147' title='bbox 2775 1219 2946 1289; x_wconf 87' lang='lat' dir='ltr'><strong>cujus</strong></span> <span class='ocrx_word' id='word_1_148' title='bbox 2973 1219 3219 1278; x_wconf 88' lang='lat' dir='ltr'><strong>animam</strong></span> <span class='ocrx_word' id='word_1_149' title='bbox 3259 1220 3413 1276; x_wconf 89' lang='lat' dir='ltr'><strong>inter</strong></span> <span class='ocrx_word' id='word_1_150' title='bbox 3442 1219 3741 1292; x_wconf 88' lang='lat' dir='ltr'><strong>apostolo-</strong></span> 
     </span>
    </p>
   </div>
   <div class='ocr_carea' id='block_1_24' title="bbox 344 1302 2894 1378">
    <p class='ocr_par' dir='ltr' id='par_1_24' title="bbox 344 1302 2894 1378">
     <span class='ocr_line' id='line_1_24' title="bbox 344 1302 2894 1378; baseline -0.001 -16"><span class='ocrx_word' id='word_1_151' title='bbox 344 1319 468 1362; x_wconf 86' lang='lat' dir='ltr'><strong>rum</strong></span> <span class='ocrx_word' id='word_1_152' title='bbox 497 1308 555 1361; x_wconf 89' lang='lat' dir='ltr'><strong>et</strong></span> <span class='ocrx_word' id='word_1_153' title='bbox 589 1305 1001 1378; x_wconf 88' lang='lat' dir='ltr'><strong>prophetarum</strong></span> <span class='ocrx_word' id='word_1_154' title='bbox 1032 1305 1242 1361; x_wconf 90' lang='lat' dir='ltr'><strong>choros</strong></span> <span class='ocrx_word' id='word_1_155' title='bbox 1273 1303 1343 1358; x_wconf 89' lang='lat' dir='ltr'><strong>ad</strong></span> <span class='ocrx_word' id='word_1_156' title='bbox 1371 1303 1582 1360; x_wconf 75' lang='lat' dir='ltr'><strong>coelum</strong></span> <span class='ocrx_word' id='word_1_157' title='bbox 1619 1303 1754 1358; x_wconf 90' lang='lat' dir='ltr'><strong>ferri</strong></span> <span class='ocrx_word' id='word_1_158' title='bbox 1787 1304 1860 1359; x_wconf 91' lang='lat' dir='ltr'><strong>ab</strong></span> <span class='ocrx_word' id='word_1_159' title='bbox 1883 1302 2108 1374; x_wconf 85' lang='lat' dir='ltr'><strong>angelis</strong></span> <span class='ocrx_word' id='word_1_160' title='bbox 2137 1309 2376 1362; x_wconf 91' lang='lat' dir='ltr'><strong>sanctus</strong></span> <span class='ocrx_word' id='word_1_161' title='bbox 2409 1304 2698 1361; x_wconf 85' lang='lat' dir='ltr'><strong>Antonius</strong></span> <span class='ocrx_word' id='word_1_162' title='bbox 2727 1303 2894 1360; x_wconf 89' lang='lat' dir='ltr'><strong>vidit.</strong></span> 
     </span>
    </p>
   </div>
   <div class='ocr_carea' id='block_1_25' title="bbox 1945 1399 2148 1456">
    <p class='ocr_par' dir='ltr' id='par_1_25' title="bbox 1945 1399 2148 1456">
     <span class='ocr_line' id='line_1_25' title="bbox 1945 1399 2148 1456; baseline 0 0"><span class='ocrx_word' id='word_1_163' title='bbox 1945 1399 2148 1456; x_wconf 68' lang='lat' dir='ltr'><strong>NOTAE</strong></span> 
     </span>
    </p>
   </div>
   <div class='ocr_carea' id='block_1_26' title="bbox 415 1459 3389 1570">
    <p class='ocr_par' dir='ltr' id='par_1_26' title="bbox 415 1495 3389 1570">
     <span class='ocr_line' id='line_1_26' title="bbox 415 1495 3389 1570; baseline -0.002 -13"><span class='ocrx_word' id='word_1_164' title='bbox 415 1500 675 1558; x_wconf 89' lang='lat' dir='ltr'><strong>Sumitur</strong></span> <span class='ocrx_word' id='word_1_165' title='bbox 701 1514 774 1556; x_wconf 87' lang='lat' dir='ltr'><strong>ex</strong></span> <span class='ocrx_word' id='word_1_166' title='bbox 805 1500 1074 1570; x_wconf 71' lang='lat' dir='ltr'><strong>Praten.,</strong></span> <span class='ocrx_word' id='word_1_167' title='bbox 1106 1499 1448 1568; x_wconf 67' lang='lat' dir='ltr'><strong>Hermian,</strong></span> <span class='ocrx_word' id='word_1_168' title='bbox 1485 1499 1826 1566; x_wconf 77' lang='lat' dir='ltr'><strong>Tornacen.,</strong></span> <span class='ocrx_word' id='word_1_169' title='bbox 1861 1497 2211 1568; x_wconf 67' lang='lat' dir='ltr'><strong>Pukanen.,</strong></span> <span class='ocrx_word' id='word_1_170' title='bbox 2240 1498 2444 1556; x_wconf 79' lang='lat' dir='ltr'><strong>Belini</strong></span> <span class='ocrx_word' id='word_1_171' title='bbox 2471 1514 2490 1554; x_wconf 85' lang='grc' dir='ltr'>ι</span> <span class='ocrx_word' id='word_1_172' title='bbox 2521 1498 2779 1556; x_wconf 73' lang='lat' dir='ltr'><strong>editione</strong></span> <span class='ocrx_word' id='word_1_173' title='bbox 2807 1495 3050 1555; x_wconf 69' lang='lat' dir='ltr'><strong>Grcam.</strong></span> <span class='ocrx_word' id='word_1_174' title='bbox 3076 1500 3135 1552; x_wconf 91' lang='lat' dir='ltr'><strong>et</strong></span> <span class='ocrx_word' id='word_1_175' title='bbox 3165 1495 3389 1555; x_wconf 72' lang='lat' dir='ltr'><strong>Melan.</strong></span> 
     </span>
    </p>
   </div>
   <div class='ocr_carea' id='block_1_27' title="bbox 1621 1620 2462 1676">
    <p class='ocr_par' dir='ltr' id='par_1_27' title="bbox 1621 1620 2462 1676">
     <span class='ocr_line' id='line_1_27' title="bbox 1621 1620 2462 1676; baseline 0.002 -2"><span class='ocrx_word' id='word_1_176' title='bbox 1621 1620 2018 1676; x_wconf 81' lang='lat' dir='ltr'><strong>VARIANTES</strong></span> <span class='ocrx_word' id='word_1_177' title='bbox 2065 1620 2462 1676; x_wconf 86' lang='lat' dir='ltr'><strong>LECTIONES.</strong></span> 
     </span>
    </p>
   </div>
   <div class='ocr_carea' id='block_1_28' title="bbox 419 1717 3746 1800">
    <p class='ocr_par' dir='ltr' id='par_1_28' title="bbox 419 1717 3746 1800">
     <span class='ocr_line' id='line_1_28' title="bbox 419 1717 3746 1800; baseline -0.001 -23"><span class='ocrx_word' id='word_1_178' title='bbox 419 1723 607 1800; x_wconf 86' lang='lat' dir='ltr'><strong>Cogor</strong></span> <span class='ocrx_word' id='word_1_179' title='bbox 637 1719 899 1800; x_wconf 57' lang='lat' dir='ltr'><strong>sgribere</strong></span> <span class='ocrx_word' id='word_1_180' title='bbox 929 1719 1294 1800; x_wconf 60' lang='lat' dir='ltr'><strong>Nichanm&#39;is</strong></span> <span class='ocrx_word' id='word_1_181' title='bbox 1313 1732 1444 1774; x_wconf 92' lang='lat' dir='ltr'><strong>cum</strong></span> <span class='ocrx_word' id='word_1_182' title='bbox 1465 1717 1768 1800; x_wconf 65' lang='lat' dir='ltr'><strong>codicibus</strong></span> <span class='ocrx_word' id='word_1_183' title='bbox 1793 1717 1988 1800; x_wconf 76' lang='lat' dir='ltr'><strong>melie-</strong></span> <span class='ocrx_word' id='word_1_184' title='bbox 2018 1721 2071 1780; x_wconf 86' lang='grc' dir='ltr'>Β</span> <span class='ocrx_word' id='word_1_185' title='bbox 2096 1733 2273 1800; x_wconf 62' lang='lat' dir='ltr'><strong>prtem</strong></span> <span class='ocrx_word' id='word_1_186' title='bbox 2301 1719 2407 1800; x_wconf 88' lang='lat' dir='ltr'><strong>hoe</strong></span> <span class='ocrx_word' id='word_1_187' title='bbox 2441 1720 2628 1800; x_wconf 76' lang='lat' dir='ltr'><strong>modo,</strong></span> <span class='ocrx_word' id='word_1_188' title='bbox 2650 1720 2820 1800; x_wconf 66' lang='lat' dir='ltr'><strong>apud</strong></span> <span class='ocrx_word' id='word_1_189' title='bbox 2837 1719 3107 1800; x_wconf 52' lang='lat' dir='ltr'><strong>9&#39;me</strong></span> <span class='ocrx_word' id='word_1_190' title='bbox 3127 1717 3558 1800; x_wconf 65' lang='lat' dir='ltr'><strong>gmesissinie</strong></span> <span class='ocrx_word' id='word_1_191' title='bbox 3584 1730 3746 1774; x_wconf 79' lang='lat' dir='ltr'><strong>cero-</strong></span> 
     </span>
    </p>
   </div>
   <div class='ocr_carea' id='block_1_29' title="bbox 349 1787 1985 1860">
    <p class='ocr_par' dir='ltr' id='par_1_29' title="bbox 349 1787 1985 1860">
     <span class='ocr_line' id='line_1_29' title="bbox 349 1787 1985 1860; baseline -0.004 -12"><span class='ocrx_word' id='word_1_192' title='bbox 349 1792 432 1848; x_wconf 93' lang='lat' dir='ltr'><strong>ris</strong></span> <span class='ocrx_word' id='word_1_193' title='bbox 453 1787 627 1859; x_wconf 63' lang='lat' dir='ltr'><strong>notae,</strong></span> <span class='ocrx_word' id='word_1_194' title='bbox 651 1792 932 1858; x_wconf 88' lang='lat' dir='ltr'><strong>Greveno,</strong></span> <span class='ocrx_word' id='word_1_195' title='bbox 959 1794 1020 1845; x_wconf 90' lang='lat' dir='ltr'><strong>et</strong></span> <span class='ocrx_word' id='word_1_196' title='bbox 1051 1790 1209 1855; x_wconf 84' lang='lat' dir='ltr'><strong>aliis;</strong></span> <span class='ocrx_word' id='word_1_197' title='bbox 1240 1803 1409 1860; x_wconf 86' lang='lat' dir='ltr'><strong>quem</strong></span> <span class='ocrx_word' id='word_1_198' title='bbox 1437 1787 1734 1860; x_wconf 11' lang='lat' dir='ltr'><strong>scribendi,</strong></span> <span class='ocrx_word' id='word_1_199' title='bbox 1757 1788 1985 1860; x_wconf 90' lang='lat' dir='ltr'><strong>modum</strong></span> 
     </span>
    </p>
   </div>
   <div class='ocr_carea' id='block_1_30' title="bbox 349 1859 1991 1929">
    <p class='ocr_par' dir='ltr' id='par_1_30' title="bbox 349 1859 1991 1929">
     <span class='ocr_line' id='line_1_30' title="bbox 349 1859 1991 1929; baseline -0.004 -11"><span class='ocrx_word' id='word_1_200' title='bbox 349 1861 671 1919; x_wconf 88' lang='lat' dir='ltr'><strong>Usuardum</strong></span> <span class='ocrx_word' id='word_1_201' title='bbox 707 1864 969 1918; x_wconf 89' lang='lat' dir='ltr'><strong>secutum</strong></span> <span class='ocrx_word' id='word_1_202' title='bbox 1001 1859 1290 1929; x_wconf 87' lang='lat' dir='ltr'><strong>existimo,</strong></span> <span class='ocrx_word' id='word_1_203' title='bbox 1313 1859 1550 1914; x_wconf 86' lang='lat' dir='ltr'><strong>tametsi</strong></span> <span class='ocrx_word' id='word_1_204' title='bbox 1586 1859 1835 1914; x_wconf 89' lang='lat' dir='ltr'><strong>nominis</strong></span> <span class='ocrx_word' id='word_1_205' title='bbox 1869 1864 1991 1928; x_wconf 79' lang='lat' dir='ltr'><strong>ety-</strong></span> 
     </span>
    </p>
   </div>
   <div class='ocr_carea' id='block_1_31' title="bbox 349 1929 1992 2002">
    <p class='ocr_par' dir='ltr' id='par_1_31' title="bbox 349 1929 1992 2002">
     <span class='ocr_line' id='line_1_31' title="bbox 349 1929 1992 2002; baseline -0.002 -14"><span class='ocrx_word' id='word_1_206' title='bbox 349 1948 479 1989; x_wconf 91' lang='lat' dir='ltr'><strong>mon</strong></span> <span class='ocrx_word' id='word_1_207' title='bbox 516 1934 682 2002; x_wconf 90' lang='lat' dir='ltr'><strong>ferat,</strong></span> <span class='ocrx_word' id='word_1_208' title='bbox 711 1938 774 1987; x_wconf 94' lang='lat' dir='ltr'><strong>ut</strong></span> <span class='ocrx_word' id='word_1_209' title='bbox 797 1946 1110 2002; x_wconf 87' lang='lat' dir='ltr'><strong>sequamur</strong></span> <span class='ocrx_word' id='word_1_210' title='bbox 1135 1933 1449 1986; x_wconf 82' lang='lat' dir='ltr'><strong>Romanum</strong></span> <span class='ocrx_word' id='word_1_211' title='bbox 1485 1945 1722 2002; x_wconf 79' lang='lat' dir='ltr'><strong>parvum</strong></span> <span class='ocrx_word' id='word_1_212' title='bbox 1753 1934 1813 1984; x_wconf 92' lang='lat' dir='ltr'><strong>et</strong></span> <span class='ocrx_word' id='word_1_213' title='bbox 1847 1929 1992 2002; x_wconf 49' lang='lat' dir='ltr'><strong>Ade:</strong></span> 
     </span>
    </p>
   </div>
   <div class='ocr_carea' id='block_1_32' title="bbox 349 1999 1989 2072">
    <p class='ocr_par' dir='ltr' id='par_1_32' title="bbox 349 1999 1989 2072">
     <span class='ocr_line' id='line_1_32' title="bbox 349 1999 1989 2072; baseline -0.004 -13"><span class='ocrx_word' id='word_1_214' title='bbox 349 2019 498 2072; x_wconf 89' lang='lat' dir='ltr'><strong>nem,</strong></span> <span class='ocrx_word' id='word_1_215' title='bbox 536 2003 632 2072; x_wconf 89' lang='lat' dir='ltr'><strong>qui</strong></span> <span class='ocrx_word' id='word_1_216' title='bbox 669 1999 834 2057; x_wconf 76' lang='lat' dir='ltr'><strong>forte</strong></span> <span class='ocrx_word' id='word_1_217' title='bbox 883 1999 912 2056; x_wconf 75' lang='lat' dir='ltr'><strong>ii</strong></span> <span class='ocrx_word' id='word_1_218' title='bbox 965 2003 1289 2072; x_wconf 84' lang='lat' dir='ltr'><strong>Rosweyde</strong></span> <span class='ocrx_word' id='word_1_219' title='bbox 1319 1999 1570 2072; x_wconf 82' lang='lat' dir='ltr'><strong>correcti</strong></span> <span class='ocrx_word' id='word_1_220' title='bbox 1612 2003 1766 2072; x_wconf 85' lang='lat' dir='ltr'><strong>sunt,</strong></span> <span class='ocrx_word' id='word_1_221' title='bbox 1819 1999 1989 2072; x_wconf 82' lang='lat' dir='ltr'><strong>sicuti</strong></span> 
     </span>
    </p>
   </div>
   <div class='ocr_carea' id='block_1_33' title="bbox 349 2070 1990 2141">
    <p class='ocr_par' dir='ltr' id='par_1_33' title="bbox 349 2070 1990 2141">
     <span class='ocr_line' id='line_1_33' title="bbox 349 2070 1990 2141; baseline -0.004 -11"><span class='ocrx_word' id='word_1_222' title='bbox 349 2070 649 2130; x_wconf 85' lang='lat' dir='ltr'><strong>Usuardus</strong></span> <span class='ocrx_word' id='word_1_223' title='bbox 679 2088 708 2128; x_wconf 92' lang='lat' dir='ltr'><strong>a</strong></span> <span class='ocrx_word' id='word_1_224' title='bbox 733 2073 973 2128; x_wconf 86' lang='lat' dir='ltr'><strong>Melaue.</strong></span> <span class='ocrx_word' id='word_1_225' title='bbox 1009 2075 1166 2138; x_wconf 90' lang='lat' dir='ltr'><strong>Post,</strong></span> <span class='ocrx_word' id='word_1_226' title='bbox 1187 2070 1270 2127; x_wconf 75' lang='lat' dir='ltr'><strong>de</strong></span> <span class='ocrx_word' id='word_1_227' title='bbox 1291 2071 1509 2141; x_wconf 72' lang='lat' dir='ltr'><strong>septem</strong></span> <span class='ocrx_word' id='word_1_228' title='bbox 1528 2071 1766 2140; x_wconf 73' lang='lat' dir='ltr'><strong>primis,</strong></span> <span class='ocrx_word' id='word_1_229' title='bbox 1804 2070 1990 2124; x_wconf 89' lang='lat' dir='ltr'><strong>visum</strong></span> 
     </span>
    </p>
   </div>
   <div class='ocr_carea' id='block_1_34' title="bbox 346 2141 1989 2213">
    <p class='ocr_par' dir='ltr' id='par_1_34' title="bbox 346 2141 1989 2213">
     <span class='ocr_line' id='line_1_34' title="bbox 346 2141 1989 2213; baseline -0.004 -13"><span class='ocrx_word' id='word_1_230' title='bbox 346 2150 441 2200; x_wconf 89' lang='lat' dir='ltr'><strong>est</strong></span> <span class='ocrx_word' id='word_1_231' title='bbox 464 2143 661 2199; x_wconf 87' lang='lat' dir='ltr'><strong>Belino</strong></span> <span class='ocrx_word' id='word_1_232' title='bbox 686 2158 996 2213; x_wconf 88' lang='lat' dir='ltr'><strong>apponere,</strong></span> <span class='ocrx_word' id='word_1_233' title='bbox 1015 2144 1168 2212; x_wconf 88' lang='lat' dir='ltr'><strong>quod</strong></span> <span class='ocrx_word' id='word_1_234' title='bbox 1192 2143 1344 2213; x_wconf 82' lang='lat' dir='ltr'><strong>forte</strong></span> <span class='ocrx_word' id='word_1_235' title='bbox 1365 2141 1419 2195; x_wconf 92' lang='lat' dir='ltr'><strong>in</strong></span> <span class='ocrx_word' id='word_1_236' title='bbox 1445 2142 1640 2213; x_wconf 81' lang='lat' dir='ltr'><strong>Adone</strong></span> <span class='ocrx_word' id='word_1_237' title='bbox 1668 2141 1989 2213; x_wconf 64' lang='lat' dir='ltr'><strong>invenerat,</strong></span> 
     </span>
    </p>
   </div>
   <div class='ocr_carea' id='block_1_35' title="bbox 349 2210 1989 2284">
    <p class='ocr_par' dir='ltr' id='par_1_35' title="bbox 349 2210 1989 2284">
     <span class='ocr_line' id='line_1_35' title="bbox 349 2210 1989 2284; baseline -0.002 -16"><span class='ocrx_word' id='word_1_238' title='bbox 349 2229 554 2284; x_wconf 84' lang='lat' dir='ltr'><strong>nempe</strong></span> <span class='ocrx_word' id='word_1_239' title='bbox 577 2210 1129 2284; x_wconf 51' lang='lat' dir='ltr'><strong>diacenibusma&#39;tet</strong></span> <span class='ocrx_word' id='word_1_240' title='bbox 1151 2227 1228 2284; x_wconf 80' lang='lat' dir='ltr'><strong>ex</strong></span> <span class='ocrx_word' id='word_1_241' title='bbox 1250 2211 1381 2284; x_wconf 78' lang='lat' dir='ltr'><strong>aliis</strong></span> <span class='ocrx_word' id='word_1_242' title='bbox 1394 2211 1720 2284; x_wconf 83' lang='lat' dir='ltr'><strong>codicibus,</strong></span> <span class='ocrx_word' id='word_1_243' title='bbox 1741 2210 1989 2284; x_wconf 81' lang='lat' dir='ltr'><strong>Usuardi</strong></span> 
     </span>
    </p>
   </div>
   <div class='ocr_carea' id='block_1_36' title="bbox 349 2280 1991 2353">
    <p class='ocr_par' dir='ltr' id='par_1_36' title="bbox 349 2280 1991 2353">
     <span class='ocr_line' id='line_1_36' title="bbox 349 2280 1991 2353; baseline -0.002 -15"><span class='ocrx_word' id='word_1_244' title='bbox 349 2280 719 2353; x_wconf 83' lang='lat' dir='ltr'><strong>simplicitas.</strong></span> <span class='ocrx_word' id='word_1_245' title='bbox 756 2280 1012 2338; x_wconf 52' lang='lat' dir='ltr'><strong>Molauu‘s</strong></span> <span class='ocrx_word' id='word_1_246' title='bbox 1049 2283 1210 2350; x_wconf 83' lang='lat' dir='ltr'><strong>legit,</strong></span> <span class='ocrx_word' id='word_1_247' title='bbox 1234 2281 1502 2353; x_wconf 70' lang='lat' dir='ltr'><strong>gloriose</strong></span> <span class='ocrx_word' id='word_1_248' title='bbox 1531 2281 1864 2353; x_wconf 68' lang='lat' dir='ltr'><strong>coronatas,</strong></span> <span class='ocrx_word' id='word_1_249' title='bbox 1890 2280 1991 2335; x_wconf 88' lang='lat' dir='ltr'><strong>sed</strong></span> 
     </span>
    </p>
   </div>
   <div class='ocr_carea' id='block_1_37' title="bbox 349 2351 1994 2423">
    <p class='ocr_par' dir='ltr' id='par_1_37' title="bbox 349 2351 1994 2423">
     <span class='ocr_line' id='line_1_37' title="bbox 349 2351 1994 2423; baseline -0.002 -16"><span class='ocrx_word' id='word_1_250' title='bbox 349 2353 447 2407; x_wconf 89' lang='lat' dir='ltr'><strong>alii</strong></span> <span class='ocrx_word' id='word_1_251' title='bbox 469 2351 685 2423; x_wconf 83' lang='lat' dir='ltr'><strong>passim</strong></span> <span class='ocrx_word' id='word_1_252' title='bbox 712 2368 840 2407; x_wconf 88' lang='lat' dir='ltr'><strong>eum</strong></span> <span class='ocrx_word' id='word_1_253' title='bbox 865 2352 1299 2420; x_wconf 86' lang='lat' dir='ltr'><strong>manuscriptis,</strong></span> <span class='ocrx_word' id='word_1_254' title='bbox 1325 2351 1736 2421; x_wconf 72' lang='lat' dir='ltr'><strong>geriesissime</strong></span> <span class='ocrx_word' id='word_1_255' title='bbox 1755 2364 1994 2423; x_wconf 62' lang='lat' dir='ltr'><strong>canona-</strong></span> 
     </span>
    </p>
   </div>
   <div class='ocr_carea' id='block_1_38' title="bbox 354 2421 1993 2492">
    <p class='ocr_par' dir='ltr' id='par_1_38' title="bbox 354 2421 1993 2492">
     <span class='ocr_line' id='line_1_38' title="bbox 354 2421 1993 2492; baseline -0.002 -13"><span class='ocrx_word' id='word_1_256' title='bbox 354 2421 632 2492; x_wconf 52' lang='lat' dir='ltr'><strong>tus,&#39;quze</strong></span> <span class='ocrx_word' id='word_1_257' title='bbox 673 2422 730 2477; x_wconf 91' lang='lat' dir='ltr'><strong>in</strong></span> <span class='ocrx_word' id='word_1_258' title='bbox 768 2423 962 2477; x_wconf 89' lang='lat' dir='ltr'><strong>Adone</strong></span> <span class='ocrx_word' id='word_1_259' title='bbox 995 2423 1302 2492; x_wconf 89' lang='lat' dir='ltr'><strong>conjuncta</strong></span> <span class='ocrx_word' id='word_1_260' title='bbox 1345 2425 1480 2476; x_wconf 92' lang='lat' dir='ltr'><strong>sunt</strong></span> <span class='ocrx_word' id='word_1_261' title='bbox 1519 2436 1648 2475; x_wconf 90' lang='lat' dir='ltr'><strong>cum</strong></span> <span class='ocrx_word' id='word_1_262' title='bbox 1687 2421 1860 2490; x_wconf 70' lang='lat' dir='ltr'><strong>Apud</strong></span> <span class='ocrx_word' id='word_1_263' title='bbox 1881 2421 1993 2491; x_wconf 68' lang='lat'><strong>03/-</strong></span> 
     </span>
    </p>
   </div>
   <div class='ocr_carea' id='block_1_39' title="bbox 2099 1790 3748 1859">
    <p class='ocr_par' dir='ltr' id='par_1_39' title="bbox 2099 1790 3748 1859">
     <span class='ocr_line' id='line_1_39' title="bbox 2099 1790 3748 1859; baseline -0.001 -15"><span class='ocrx_word' id='word_1_264' title='bbox 2099 1790 2280 1846; x_wconf 80' lang='lat' dir='ltr'><strong>natns</strong></span> <span class='ocrx_word' id='word_1_265' title='bbox 2307 1791 2410 1858; x_wconf 75' lang='lat' dir='ltr'><strong>est,</strong></span> <span class='ocrx_word' id='word_1_266' title='bbox 2449 1790 2598 1846; x_wconf 91' lang='lat' dir='ltr'><strong>unde</strong></span> <span class='ocrx_word' id='word_1_267' title='bbox 2631 1791 2804 1846; x_wconf 87' lang='lat' dir='ltr'><strong>datur</strong></span> <span class='ocrx_word' id='word_1_268' title='bbox 2834 1790 3079 1859; x_wconf 82' lang='lat' dir='ltr'><strong>intelligi</strong></span> <span class='ocrx_word' id='word_1_269' title='bbox 3113 1795 3354 1846; x_wconf 87' lang='lat' dir='ltr'><strong>cruenta</strong></span> <span class='ocrx_word' id='word_1_270' title='bbox 3384 1792 3568 1844; x_wconf 82' lang='lat' dir='ltr'><strong>morte</strong></span> <span class='ocrx_word' id='word_1_271' title='bbox 3595 1803 3748 1844; x_wconf 89' lang='lat' dir='ltr'><strong>mar-</strong></span> 
     </span>
    </p>
   </div>
   <div class='ocr_carea' id='block_1_40' title="bbox 2099 1858 3748 1930">
    <p class='ocr_par' dir='ltr' id='par_1_40' title="bbox 2099 1858 3748 1930">
     <span class='ocr_line' id='line_1_40' title="bbox 2099 1858 3748 1930; baseline -0.001 -16"><span class='ocrx_word' id='word_1_272' title='bbox 2099 1860 2238 1929; x_wconf 88' lang='lat' dir='ltr'><strong>tyrii</strong></span> <span class='ocrx_word' id='word_1_273' title='bbox 2270 1860 2524 1916; x_wconf 85' lang='lat' dir='ltr'><strong>lauream</strong></span> <span class='ocrx_word' id='word_1_274' title='bbox 2558 1867 2954 1917; x_wconf 85' lang='lat' dir='ltr'><strong>consecutum.</strong></span> <span class='ocrx_word' id='word_1_275' title='bbox 2983 1858 3228 1916; x_wconf 82' lang='lat' dir='ltr'><strong>USuardi</strong></span> <span class='ocrx_word' id='word_1_276' title='bbox 3251 1858 3638 1930; x_wconf 86' lang='lat' dir='ltr'><strong>transpositio</strong></span> <span class='ocrx_word' id='word_1_277' title='bbox 3661 1859 3748 1913; x_wconf 85' lang='lat' dir='ltr'><strong>in-</strong></span> 
     </span>
    </p>
   </div>
   <div class='ocr_carea' id='block_1_41' title="bbox 2099 1930 3747 2002">
    <p class='ocr_par' dir='ltr' id='par_1_41' title="bbox 2099 1930 3747 2002">
     <span class='ocr_line' id='line_1_41' title="bbox 2099 1930 3747 2002; baseline 0.001 -18"><span class='ocrx_word' id='word_1_278' title='bbox 2099 1930 2688 2002; x_wconf 87' lang='lat' dir='ltr'><strong>certumCastellane</strong></span> <span class='ocrx_word' id='word_1_279' title='bbox 2719 1931 2976 2002; x_wconf 91' lang='lat' dir='ltr'><strong>reliquit,</strong></span> <span class='ocrx_word' id='word_1_280' title='bbox 3010 1936 3204 2002; x_wconf 87' lang='lat' dir='ltr'><strong>utrum</strong></span> <span class='ocrx_word' id='word_1_281' title='bbox 3237 1946 3303 1986; x_wconf 91' lang='lat' dir='ltr'><strong>ea</strong></span> <span class='ocrx_word' id='word_1_282' title='bbox 3333 1931 3640 2002; x_wconf 77' lang='lat' dir='ltr'><strong>coronatio</strong></span> <span class='ocrx_word' id='word_1_283' title='bbox 3670 1930 3747 2002; x_wconf 78' lang='lat' dir='ltr'><strong>ad</strong></span> 
     </span>
    </p>
   </div>
   <div class='ocr_carea' id='block_1_42' title="bbox 2103 1999 3742 2070">
    <p class='ocr_par' dir='ltr' id='par_1_42' title="bbox 2103 1999 3742 2070">
     <span class='ocr_line' id='line_1_42' title="bbox 2103 1999 3742 2070; baseline 0.002 -17"><span class='ocrx_word' id='word_1_284' title='bbox 2103 2001 2464 2070; x_wconf 83' lang='lat' dir='ltr'><strong>martyrium,</strong></span> <span class='ocrx_word' id='word_1_285' title='bbox 2501 2017 2568 2056; x_wconf 90' lang='lat' dir='ltr'><strong>an</strong></span> <span class='ocrx_word' id='word_1_286' title='bbox 2595 2003 2663 2057; x_wconf 88' lang='lat' dir='ltr'><strong>ad</strong></span> <span class='ocrx_word' id='word_1_287' title='bbox 2695 1999 2996 2058; x_wconf 66' lang='lat' dir='ltr'><strong>caelestem</strong></span> <span class='ocrx_word' id='word_1_288' title='bbox 3031 2001 3275 2070; x_wconf 81' lang='lat' dir='ltr'><strong>gloriam</strong></span> <span class='ocrx_word' id='word_1_289' title='bbox 3300 1999 3604 2055; x_wconf 88' lang='lat' dir='ltr'><strong>referenda</strong></span> <span class='ocrx_word' id='word_1_290' title='bbox 3639 1999 3742 2056; x_wconf 85' lang='lat' dir='ltr'><strong>sit.</strong></span> 
     </span>
    </p>
   </div>
   <div class='ocr_carea' id='block_1_43' title="bbox 2102 2070 3745 2142">
    <p class='ocr_par' dir='ltr' id='par_1_43' title="bbox 2102 2070 3745 2142">
     <span class='ocr_line' id='line_1_43' title="bbox 2102 2070 3745 2142; baseline 0 -18"><span class='ocrx_word' id='word_1_291' title='bbox 2102 2072 2214 2125; x_wconf 87' lang='lat' dir='ltr'><strong>Pro</strong></span> <span class='ocrx_word' id='word_1_292' title='bbox 2261 2071 2572 2142; x_wconf 72' lang='lat' dir='ltr'><strong>Thebaide,</strong></span> <span class='ocrx_word' id='word_1_293' title='bbox 2615 2073 2865 2140; x_wconf 77' lang='lat' dir='ltr'><strong>natalis,</strong></span> <span class='ocrx_word' id='word_1_294' title='bbox 2908 2073 3226 2138; x_wconf 72' lang='lat' dir='ltr'><strong>hereniita,</strong></span> <span class='ocrx_word' id='word_1_295' title='bbox 3277 2072 3359 2127; x_wconf 77' lang='lat' dir='ltr'><strong>ad</strong></span> <span class='ocrx_word' id='word_1_296' title='bbox 3402 2071 3606 2142; x_wconf 74' lang='lat' dir='ltr'><strong>eo:an</strong></span> <span class='ocrx_word' id='word_1_297' title='bbox 3643 2070 3745 2124; x_wconf 87' lang='lat' dir='ltr'><strong>alii</strong></span> 
     </span>
    </p>
   </div>
   <div class='ocr_carea' id='block_1_44' title="bbox 2101 2141 3749 2212">
    <p class='ocr_par' dir='ltr' id='par_1_44' title="bbox 2101 2141 3749 2212">
     <span class='ocr_line' id='line_1_44' title="bbox 2101 2141 3749 2212; baseline 0 -16"><span class='ocrx_word' id='word_1_298' title='bbox 2101 2143 2365 2196; x_wconf 82' lang='lat' dir='ltr'><strong>scribunt</strong></span> <span class='ocrx_word' id='word_1_299' title='bbox 2399 2142 2718 2206; x_wconf 76' lang='lat' dir='ltr'><strong>Thebaida,</strong></span> <span class='ocrx_word' id='word_1_300' title='bbox 2752 2144 2976 2212; x_wconf 73' lang='lat' dir='ltr'><strong>natale,</strong></span> <span class='ocrx_word' id='word_1_301' title='bbox 3009 2143 3283 2211; x_wconf 67' lang='lat' dir='ltr'><strong>eremita&#39;,</strong></span> <span class='ocrx_word' id='word_1_302' title='bbox 3316 2142 3398 2197; x_wconf 82' lang='lat' dir='ltr'><strong>ad</strong></span> <span class='ocrx_word' id='word_1_303' title='bbox 3423 2141 3609 2212; x_wconf 68' lang='lat' dir='ltr'><strong>cales,</strong></span> <span class='ocrx_word' id='word_1_304' title='bbox 3639 2155 3749 2212; x_wconf 80' lang='lat' dir='ltr'><strong>ve-</strong></span> 
     </span>
    </p>
   </div>
   <div class='ocr_carea' id='block_1_45' title="bbox 2102 2211 3745 2282">
    <p class='ocr_par' dir='ltr' id='par_1_45' title="bbox 2102 2211 3745 2282">
     <span class='ocr_line' id='line_1_45' title="bbox 2102 2211 3745 2282; baseline 0.001 -17"><span class='ocrx_word' id='word_1_305' title='bbox 2102 2227 2229 2266; x_wconf 90' lang='lat' dir='ltr'><strong>rum</strong></span> <span class='ocrx_word' id='word_1_306' title='bbox 2272 2213 2599 2282; x_wconf 90' lang='lat' dir='ltr'><strong>hujusmodi</strong></span> <span class='ocrx_word' id='word_1_307' title='bbox 2643 2213 2917 2269; x_wconf 88' lang='lat' dir='ltr'><strong>minutias</strong></span> <span class='ocrx_word' id='word_1_308' title='bbox 2958 2215 3013 2269; x_wconf 90' lang='lat' dir='ltr'><strong>in</strong></span> <span class='ocrx_word' id='word_1_309' title='bbox 3057 2214 3305 2269; x_wconf 87' lang='lat' dir='ltr'><strong>decursu</strong></span> <span class='ocrx_word' id='word_1_310' title='bbox 3347 2211 3745 2281; x_wconf 86' lang='lat' dir='ltr'><strong>negligendas,</strong></span> 
     </span>
    </p>
   </div>
   <div class='ocr_carea' id='block_1_46' title="bbox 2103 2283 3751 2355">
    <p class='ocr_par' dir='ltr' id='par_1_46' title="bbox 2103 2283 3751 2355">
     <span class='ocr_line' id='line_1_46' title="bbox 2103 2283 3751 2355; baseline 0.001 -18"><span class='ocrx_word' id='word_1_311' title='bbox 2103 2283 2451 2355; x_wconf 73' lang='lat' dir='ltr'><strong>satissupra</strong></span> <span class='ocrx_word' id='word_1_312' title='bbox 2478 2283 2764 2355; x_wconf 79' lang='lat' dir='ltr'><strong>iudicavi,</strong></span> <span class='ocrx_word' id='word_1_313' title='bbox 2797 2289 2855 2339; x_wconf 87' lang='lat' dir='ltr'><strong>et</strong></span> <span class='ocrx_word' id='word_1_314' title='bbox 2910 2284 2986 2340; x_wconf 91' lang='lat' dir='ltr'><strong>ita</strong></span> <span class='ocrx_word' id='word_1_315' title='bbox 3033 2285 3290 2355; x_wconf 79' lang='lat' dir='ltr'><strong>quidem,</strong></span> <span class='ocrx_word' id='word_1_316' title='bbox 3320 2287 3380 2338; x_wconf 93' lang='lat' dir='ltr'><strong>ut</strong></span> <span class='ocrx_word' id='word_1_317' title='bbox 3420 2297 3526 2355; x_wconf 89' lang='lat' dir='ltr'><strong>nee</strong></span> <span class='ocrx_word' id='word_1_318' title='bbox 3577 2283 3751 2355; x_wconf 84' lang='lat' dir='ltr'><strong>nobis</strong></span> 
     </span>
    </p>
   </div>
   <div class='ocr_carea' id='block_1_47' title="bbox 2102 2352 3749 2424">
    <p class='ocr_par' dir='ltr' id='par_1_47' title="bbox 2102 2352 3749 2424">
     <span class='ocr_line' id='line_1_47' title="bbox 2102 2352 3749 2424; baseline 0.001 -18"><span class='ocrx_word' id='word_1_319' title='bbox 2102 2352 2333 2406; x_wconf 89' lang='lat' dir='ltr'><strong>stabilis</strong></span> <span class='ocrx_word' id='word_1_320' title='bbox 2375 2353 2684 2424; x_wconf 65' lang='lat' dir='ltr'><strong>scribendi</strong></span> <span class='ocrx_word' id='word_1_321' title='bbox 2719 2352 2922 2410; x_wconf 89' lang='lat' dir='ltr'><strong>modus</strong></span> <span class='ocrx_word' id='word_1_322' title='bbox 2968 2352 3099 2410; x_wconf 85' lang='lat' dir='ltr'><strong>esse</strong></span> <span class='ocrx_word' id='word_1_323' title='bbox 3143 2353 3343 2424; x_wconf 88' lang='lat' dir='ltr'><strong>possit,</strong></span> <span class='ocrx_word' id='word_1_324' title='bbox 3395 2352 3749 2424; x_wconf 85' lang='lat' dir='ltr'><strong>variantium</strong></span> 
     </span>
    </p>
   </div>
   <div class='ocr_carea' id='block_1_48' title="bbox 2104 2423 3579 2496">
    <p class='ocr_par' dir='ltr' id='par_1_48' title="bbox 2104 2423 3579 2496">
     <span class='ocr_line' id='line_1_48' title="bbox 2104 2423 3579 2496; baseline 0.002 -20"><span class='ocrx_word' id='word_1_325' title='bbox 2104 2436 2259 2493; x_wconf 64' lang='lat' dir='ltr'><strong>saepe</strong></span> <span class='ocrx_word' id='word_1_326' title='bbox 2281 2423 2566 2494; x_wconf 88' lang='lat' dir='ltr'><strong>codicum,</strong></span> <span class='ocrx_word' id='word_1_327' title='bbox 2602 2423 2692 2480; x_wconf 88' lang='lat' dir='ltr'><strong>vel</strong></span> <span class='ocrx_word' id='word_1_328' title='bbox 2730 2425 2886 2496; x_wconf 89' lang='lat' dir='ltr'><strong>ipsos</strong></span> <span class='ocrx_word' id='word_1_329' title='bbox 2915 2423 3157 2481; x_wconf 86' lang='lat' dir='ltr'><strong>errores</strong></span> <span class='ocrx_word' id='word_1_330' title='bbox 3175 2423 3579 2495; x_wconf 90' lang='lat' dir='ltr'><strong>sequentibus.</strong></span> 
     </span>
    </p>
   </div>
   <div class='ocr_carea' id='block_1_49' title="bbox 1749 2535 2339 2594">
    <p class='ocr_par' dir='ltr' id='par_1_49' title="bbox 1749 2535 2339 2594">
     <span class='ocr_line' id='line_1_49' title="bbox 1749 2535 2339 2594; baseline 0.01 -6"><span class='ocrx_word' id='word_1_331' title='bbox 1749 2535 2236 2593; x_wconf 83' lang='lat' dir='ltr'><strong>OBSERVATION</strong></span> <span class='ocrx_word' id='word_1_332' title='bbox 2243 2540 2339 2594; x_wconf 90' lang='lat' dir='ltr'><strong>ES.</strong></span> 
     </span>
    </p>
   </div>
   <div class='ocr_carea' id='block_1_50' title="bbox 421 2631 1994 2702">
    <p class='ocr_par' dir='ltr' id='par_1_50' title="bbox 421 2631 1994 2702">
     <span class='ocr_line' id='line_1_50' title="bbox 421 2631 1994 2702; baseline -0.001 -14"><span class='ocrx_word' id='word_1_333' title='bbox 421 2631 528 2697; x_wconf 86' lang='lat' dir='ltr'><strong>Qui</strong></span> <span class='ocrx_word' id='word_1_334' title='bbox 566 2633 620 2686; x_wconf 92' lang='lat' dir='ltr'><strong>in</strong></span> <span class='ocrx_word' id='word_1_335' title='bbox 656 2632 852 2688; x_wconf 88' lang='lat' dir='ltr'><strong>Adone</strong></span> <span class='ocrx_word' id='word_1_336' title='bbox 887 2632 1038 2688; x_wconf 88' lang='lat' dir='ltr'><strong>inter</strong></span> <span class='ocrx_word' id='word_1_337' title='bbox 1071 2633 1467 2702; x_wconf 86' lang='lat' dir='ltr'><strong>apostolorum</strong></span> <span class='ocrx_word' id='word_1_338' title='bbox 1509 2631 1860 2688; x_wconf 75' lang='lat' dir='ltr'><strong>festivitates</strong></span> <span class='ocrx_word' id='word_1_339' title='bbox 1887 2646 1994 2686; x_wconf 92' lang='lat' dir='ltr'><strong>una</strong></span> 
     </span>
    </p>
   </div>
   <div class='ocr_carea' id='block_1_51' title="bbox 352 2701 1997 2773">
    <p class='ocr_par' dir='ltr' id='par_1_51' title="bbox 352 2701 1997 2773">
     <span class='ocr_line' id='line_1_51' title="bbox 352 2701 1997 2773; baseline 0.001 -17"><span class='ocrx_word' id='word_1_340' title='bbox 352 2701 514 2771; x_wconf 89' lang='lat' dir='ltr'><strong>ferie,</strong></span> <span class='ocrx_word' id='word_1_341' title='bbox 541 2702 793 2773; x_wconf 78' lang='lat' dir='ltr'><strong>diversis</strong></span> <span class='ocrx_word' id='word_1_342' title='bbox 811 2702 946 2758; x_wconf 89' lang='lat' dir='ltr'><strong>licet</strong></span> <span class='ocrx_word' id='word_1_343' title='bbox 970 2701 1178 2758; x_wconf 87' lang='lat' dir='ltr'><strong>diebus</strong></span> <span class='ocrx_word' id='word_1_344' title='bbox 1198 2704 1555 2771; x_wconf 87' lang='lat' dir='ltr'><strong>referuntur,</strong></span> <span class='ocrx_word' id='word_1_345' title='bbox 1586 2702 1642 2757; x_wconf 90' lang='lat' dir='ltr'><strong>hi</strong></span> <span class='ocrx_word' id='word_1_346' title='bbox 1667 2703 1818 2773; x_wconf 87' lang='lat' dir='ltr'><strong>apud</strong></span> <span class='ocrx_word' id='word_1_347' title='bbox 1845 2703 1997 2773; x_wconf 65' lang='lat' dir='ltr'><strong>Grai-</strong></span> 
     </span>
    </p>
   </div>
   <div class='ocr_carea' id='block_1_52' title="bbox 351 2771 1997 2844">
    <p class='ocr_par' dir='ltr' id='par_1_52' title="bbox 351 2771 1997 2844">
     <span class='ocr_line' id='line_1_52' title="bbox 351 2771 1997 2844; baseline -0.001 -16"><span class='ocrx_word' id='word_1_348' title='bbox 351 2787 452 2828; x_wconf 91' lang='lat' dir='ltr'><strong>cos</strong></span> <span class='ocrx_word' id='word_1_349' title='bbox 479 2771 655 2828; x_wconf 90' lang='lat' dir='ltr'><strong>simul</strong></span> <span class='ocrx_word' id='word_1_350' title='bbox 687 2773 923 2829; x_wconf 92' lang='lat' dir='ltr'><strong>collecti</strong></span> <span class='ocrx_word' id='word_1_351' title='bbox 959 2778 1097 2829; x_wconf 89' lang='lat' dir='ltr'><strong>sunt</strong></span> <span class='ocrx_word' id='word_1_352' title='bbox 1129 2789 1301 2830; x_wconf 83' lang='lat' dir='ltr'><strong>xxvm</strong></span> <span class='ocrx_word' id='word_1_353' title='bbox 1330 2774 1490 2844; x_wconf 84' lang='lat' dir='ltr'><strong>Julii,</strong></span> <span class='ocrx_word' id='word_1_354' title='bbox 1517 2771 1720 2842; x_wconf 81' lang='lat' dir='ltr'><strong>nempe</strong></span> <span class='ocrx_word' id='word_1_355' title='bbox 1743 2771 1997 2844; x_wconf 79' lang='lat' dir='ltr'><strong>Procho-</strong></span> 
     </span>
    </p>
   </div>
   <div class='ocr_carea' id='block_1_53' title="bbox 347 2843 1992 2914">
    <p class='ocr_par' dir='ltr' id='par_1_53' title="bbox 347 2843 1992 2914">
     <span class='ocr_line' id='line_1_53' title="bbox 347 2843 1992 2914; baseline -0.001 -15"><span class='ocrx_word' id='word_1_356' title='bbox 347 2857 472 2911; x_wconf 73' lang='lat' dir='ltr'><strong>rus,</strong></span> <span class='ocrx_word' id='word_1_357' title='bbox 506 2845 796 2914; x_wconf 69' lang='lat' dir='ltr'><strong>Nicanor,</strong></span> <span class='ocrx_word' id='word_1_358' title='bbox 836 2845 1040 2900; x_wconf 83' lang='lat' dir='ltr'><strong>Timon</strong></span> <span class='ocrx_word' id='word_1_359' title='bbox 1063 2845 1122 2900; x_wconf 75' lang='lat' dir='ltr'><strong>et</strong></span> <span class='ocrx_word' id='word_1_360' title='bbox 1138 2847 1490 2902; x_wconf 67' lang='lat' dir='ltr'><strong>Parmenas.</strong></span> <span class='ocrx_word' id='word_1_361' title='bbox 1528 2846 1660 2914; x_wconf 70' lang='lat' dir='ltr'><strong>llaec</strong></span> <span class='ocrx_word' id='word_1_362' title='bbox 1681 2843 1787 2898; x_wconf 90' lang='lat' dir='ltr'><strong>sub</strong></span> <span class='ocrx_word' id='word_1_363' title='bbox 1818 2857 1992 2898; x_wconf 91' lang='lat' dir='ltr'><strong>unum</strong></span> 
     </span>
    </p>
   </div>
   <div class='ocr_carea' id='block_1_54' title="bbox 349 2913 1997 2986">
    <p class='ocr_par' dir='ltr' id='par_1_54' title="bbox 349 2913 1997 2986">
     <span class='ocr_line' id='line_1_54' title="bbox 349 2913 1997 2986; baseline 0 -18"><span class='ocrx_word' id='word_1_364' title='bbox 349 2917 656 2986; x_wconf 83' lang='lat' dir='ltr'><strong>aspectum</strong></span> <span class='ocrx_word' id='word_1_365' title='bbox 699 2915 791 2986; x_wconf 89' lang='lat' dir='ltr'><strong>hic</strong></span> <span class='ocrx_word' id='word_1_366' title='bbox 838 2930 1050 2986; x_wconf 90' lang='lat' dir='ltr'><strong>ponere</strong></span> <span class='ocrx_word' id='word_1_367' title='bbox 1089 2914 1268 2986; x_wconf 88' lang='lat' dir='ltr'><strong>volui,</strong></span> <span class='ocrx_word' id='word_1_368' title='bbox 1305 2921 1368 2971; x_wconf 91' lang='lat' dir='ltr'><strong>ut</strong></span> <span class='ocrx_word' id='word_1_369' title='bbox 1419 2929 1529 2972; x_wconf 90' lang='lat' dir='ltr'><strong>una</strong></span> <span class='ocrx_word' id='word_1_370' title='bbox 1571 2913 1820 2986; x_wconf 77' lang='lat' dir='ltr'><strong>indicem</strong></span> <span class='ocrx_word' id='word_1_371' title='bbox 1864 2927 1997 2983; x_wconf 91' lang='lat' dir='ltr'><strong>qua-</strong></span> 
     </span>
    </p>
   </div>
   <div class='ocr_carea' id='block_1_55' title="bbox 349 2983 1996 3057">
    <p class='ocr_par' dir='ltr' id='par_1_55' title="bbox 349 2983 1996 3057">
     <span class='ocr_line' id='line_1_55' title="bbox 349 2983 1996 3057; baseline -0.001 -17"><span class='ocrx_word' id='word_1_372' title='bbox 349 2983 486 3057; x_wconf 79' lang='lat' dir='ltr'><strong>tuor</strong></span> <span class='ocrx_word' id='word_1_373' title='bbox 531 2984 639 3057; x_wconf 85' lang='lat' dir='ltr'><strong>hes</strong></span> <span class='ocrx_word' id='word_1_374' title='bbox 689 2983 986 3057; x_wconf 83' lang='lat' dir='ltr'><strong>diaconos,</strong></span> <span class='ocrx_word' id='word_1_375' title='bbox 1031 2983 1514 3057; x_wconf 71' lang='lat' dir='ltr'><strong>Hieronymianis,</strong></span> <span class='ocrx_word' id='word_1_376' title='bbox 1570 2983 1737 3040; x_wconf 84' lang='lat' dir='ltr'><strong>Bedae</strong></span> <span class='ocrx_word' id='word_1_377' title='bbox 1762 2987 1846 3057; x_wconf 81' lang='lat' dir='ltr'><strong>_et</strong></span> <span class='ocrx_word' id='word_1_378' title='bbox 1886 2999 1996 3057; x_wconf 48' lang='lat' dir='ltr'><strong>cae:</strong></span> 
     </span>
    </p>
   </div>
   <div class='ocr_carea' id='block_1_56' title="bbox 348 3053 2074 3126">
    <p class='ocr_par' dir='ltr' id='par_1_56' title="bbox 348 3053 2074 3126">
     <span class='ocr_line' id='line_1_56' title="bbox 348 3053 2074 3126; baseline -0.001 -17"><span class='ocrx_word' id='word_1_379' title='bbox 348 3055 782 3126; x_wconf 15' lang='lat' dir='ltr'><strong>terisrantiquis</strong></span> <span class='ocrx_word' id='word_1_380' title='bbox 815 3055 1063 3126; x_wconf 86' lang='lat' dir='ltr'><strong>ignotos,</strong></span> <span class='ocrx_word' id='word_1_381' title='bbox 1101 3053 1344 3126; x_wconf 83' lang='lat' dir='ltr'><strong>primum</strong></span> <span class='ocrx_word' id='word_1_382' title='bbox 1379 3058 1451 3110; x_wconf 88' lang='lat' dir='ltr'><strong>ab</strong></span> <span class='ocrx_word' id='word_1_383' title='bbox 1483 3053 1724 3126; x_wconf 86' lang='lat' dir='ltr'><strong>auctore</strong></span> <span class='ocrx_word' id='word_1_384' title='bbox 1758 3053 1994 3126; x_wconf 83' lang='lat' dir='ltr'><strong>Romani</strong></span> <span class='ocrx_word' id='word_1_385' title='bbox 2027 3055 2074 3118; x_wconf 88' lang='lat' dir='ltr'>C</span> 
     </span>
    </p>
   </div>
   <div class='ocr_carea' id='block_1_57' title="bbox 393 3123 1996 3194">
    <p class='ocr_par' dir='ltr' id='par_1_57' title="bbox 393 3123 1996 3194">
     <span class='ocr_line' id='line_1_57' title="bbox 393 3123 1996 3194; baseline 0.001 -16"><span class='ocrx_word' id='word_1_386' title='bbox 393 3125 536 3194; x_wconf 88' lang='lat' dir='ltr'><strong>arvi,</strong></span> <span class='ocrx_word' id='word_1_387' title='bbox 587 3123 690 3194; x_wconf 87' lang='lat' dir='ltr'><strong>pro</strong></span> <span class='ocrx_word' id='word_1_388' title='bbox 733 3139 909 3191; x_wconf 87' lang='lat' dir='ltr'><strong>mero,</strong></span> <span class='ocrx_word' id='word_1_389' title='bbox 949 3123 1176 3194; x_wconf 85' lang='lat' dir='ltr'><strong>opiner,</strong></span> <span class='ocrx_word' id='word_1_390' title='bbox 1219 3126 1487 3194; x_wconf 88' lang='lat' dir='ltr'><strong>arbitrio,</strong></span> <span class='ocrx_word' id='word_1_391' title='bbox 1540 3124 1593 3178; x_wconf 93' lang='lat' dir='ltr'><strong>in</strong></span> <span class='ocrx_word' id='word_1_392' title='bbox 1633 3127 1830 3178; x_wconf 87' lang='lat' dir='ltr'><strong>certos</strong></span> <span class='ocrx_word' id='word_1_393' title='bbox 1869 3123 1996 3179; x_wconf 88' lang='lat' dir='ltr'><strong>dies</strong></span> 
     </span>
    </p>
   </div>
   <div class='ocr_carea' id='block_1_58' title="bbox 374 3193 1997 3262">
    <p class='ocr_par' dir='ltr' id='par_1_58' title="bbox 374 3193 1997 3262">
     <span class='ocr_line' id='line_1_58' title="bbox 374 3193 1997 3262; baseline -0.001 -13"><span class='ocrx_word' id='word_1_394' title='bbox 374 3193 533 3250; x_wconf 90' lang='lat' dir='ltr'><strong>&#39;uisse</strong></span> <span class='ocrx_word' id='word_1_395' title='bbox 565 3193 934 3250; x_wconf 83' lang='lat' dir='ltr'><strong>distributos.</strong></span> <span class='ocrx_word' id='word_1_396' title='bbox 964 3195 1124 3250; x_wconf 88' lang='lat' dir='ltr'><strong>Unde</strong></span> <span class='ocrx_word' id='word_1_397' title='bbox 1147 3193 1219 3250; x_wconf 83' lang='lat' dir='ltr'><strong>ab</strong></span> <span class='ocrx_word' id='word_1_398' title='bbox 1242 3193 1759 3262; x_wconf 84' lang='lat' dir='ltr'><strong>Adone,Usuarde</strong></span> <span class='ocrx_word' id='word_1_399' title='bbox 1781 3198 1840 3247; x_wconf 90' lang='lat' dir='ltr'><strong>et</strong></span> <span class='ocrx_word' id='word_1_400' title='bbox 1862 3194 1997 3248; x_wconf 85' lang='lat' dir='ltr'><strong>Not-</strong></span> 
     </span>
    </p>
   </div>
   <div class='ocr_carea' id='block_1_59' title="bbox 353 3263 1990 3335">
    <p class='ocr_par' dir='ltr' id='par_1_59' title="bbox 353 3263 1990 3335">
     <span class='ocr_line' id='line_1_59' title="bbox 353 3263 1990 3335; baseline -0.001 -17"><span class='ocrx_word' id='word_1_401' title='bbox 353 3264 518 3335; x_wconf 89' lang='lat' dir='ltr'><strong>kero,</strong></span> <span class='ocrx_word' id='word_1_402' title='bbox 553 3265 779 3335; x_wconf 88' lang='lat' dir='ltr'><strong>accepti</strong></span> <span class='ocrx_word' id='word_1_403' title='bbox 806 3265 975 3335; x_wconf 83' lang='lat' dir='ltr'><strong>hodie</strong></span> <span class='ocrx_word' id='word_1_404' title='bbox 997 3265 1302 3330; x_wconf 87' lang='lat' dir='ltr'><strong>coluntur;</strong></span> <span class='ocrx_word' id='word_1_405' title='bbox 1327 3265 1658 3320; x_wconf 88' lang='lat' dir='ltr'><strong>Preehorus</strong></span> <span class='ocrx_word' id='word_1_406' title='bbox 1679 3278 1735 3335; x_wconf 69' lang='lat' dir='ltr'><strong>rx</strong></span> <span class='ocrx_word' id='word_1_407' title='bbox 1757 3263 1990 3335; x_wconf 83' lang='lat' dir='ltr'><strong>Aprilis,</strong></span> 
     </span>
    </p>
   </div>
   <div class='ocr_carea' id='block_1_60' title="bbox 350 3333 1998 3404">
    <p class='ocr_par' dir='ltr' id='par_1_60' title="bbox 350 3333 1998 3404">
     <span class='ocr_line' id='line_1_60' title="bbox 350 3333 1998 3404; baseline 0.001 -17"><span class='ocrx_word' id='word_1_408' title='bbox 350 3333 546 3404; x_wconf 77' lang='lat' dir='ltr'><strong>Timon</strong></span> <span class='ocrx_word' id='word_1_409' title='bbox 573 3351 668 3390; x_wconf 78' lang='lat' dir='ltr'><strong>xix</strong></span> <span class='ocrx_word' id='word_1_410' title='bbox 692 3333 934 3404; x_wconf 75' lang='lat' dir='ltr'><strong>Aprilis,</strong></span> <span class='ocrx_word' id='word_1_411' title='bbox 960 3336 1294 3404; x_wconf 87' lang='lat' dir='ltr'><strong>Parmcnas,</strong></span> <span class='ocrx_word' id='word_1_412' title='bbox 1320 3350 1459 3390; x_wconf 66' lang='grc' dir='ltr'><strong>χχιιι</strong></span> <span class='ocrx_word' id='word_1_413' title='bbox 1479 3333 1767 3404; x_wconf 80' lang='lat' dir='ltr'><strong>Januarii,</strong></span> <span class='ocrx_word' id='word_1_414' title='bbox 1790 3337 1848 3387; x_wconf 88' lang='lat' dir='ltr'><strong>ut</strong></span> <span class='ocrx_word' id='word_1_415' title='bbox 1875 3333 1998 3389; x_wconf 90' lang='lat' dir='ltr'><strong>suis</strong></span> 
     </span>
    </p>
   </div>
   <div class='ocr_carea' id='block_1_61' title="bbox 355 3403 1998 3474">
    <p class='ocr_par' dir='ltr' id='par_1_61' title="bbox 355 3403 1998 3474">
     <span class='ocr_line' id='line_1_61' title="bbox 355 3403 1998 3474; baseline 0 -19"><span class='ocrx_word' id='word_1_416' title='bbox 355 3403 501 3474; x_wconf 86' lang='lat' dir='ltr'><strong>locis</strong></span> <span class='ocrx_word' id='word_1_417' title='bbox 531 3404 646 3458; x_wconf 91' lang='lat' dir='ltr'><strong>erit</strong></span> <span class='ocrx_word' id='word_1_418' title='bbox 669 3403 1068 3474; x_wconf 86' lang='lat' dir='ltr'><strong>repetendum.</strong></span> <span class='ocrx_word' id='word_1_419' title='bbox 1096 3405 1297 3474; x_wconf 87' lang='lat' dir='ltr'><strong>Itaque</strong></span> <span class='ocrx_word' id='word_1_420' title='bbox 1327 3404 1650 3462; x_wconf 71' lang='lat' dir='ltr'><strong>Nicanoris</strong></span> <span class='ocrx_word' id='word_1_421' title='bbox 1667 3403 1864 3474; x_wconf 80' lang='lat' dir='ltr'><strong>prima</strong></span> <span class='ocrx_word' id='word_1_422' title='bbox 1903 3418 1998 3474; x_wconf 89' lang='lat' dir='ltr'><strong>pe-</strong></span> 
     </span>
    </p>
   </div>
   <div class='ocr_carea' id='block_1_62' title="bbox 354 3419 1998 3544">
    <p class='ocr_par' dir='ltr' id='par_1_62' title="bbox 354 3419 1998 3544">
     <span class='ocr_line' id='line_1_62' title="bbox 355 3419 1998 3474; baseline 0.002 -19"><span class='ocrx_word' id='word_1_423' title='bbox 355 3419 501 3458; x_wconf 79' lang='lat' dir='ltr'><strong>IOCIS</strong></span> <span class='ocrx_word' id='word_1_424' title='bbox 531 3419 646 3458; x_wconf 79' lang='lat' dir='ltr'><strong>erit</strong></span> <span class='ocrx_word' id='word_1_425' title='bbox 669 3419 1068 3474; x_wconf 77' lang='lat' dir='ltr'><strong>repetendum.</strong></span> <span class='ocrx_word' id='word_1_426' title='bbox 1097 3419 1297 3474; x_wconf 83' lang='lat' dir='ltr'><strong>Itaque</strong></span> <span class='ocrx_word' id='word_1_427' title='bbox 1327 3419 1650 3462; x_wconf 71' lang='lat' dir='ltr'><strong>Nicanoris</strong></span> <span class='ocrx_word' id='word_1_428' title='bbox 1724 3419 1864 3457; x_wconf 80' lang='lat' dir='ltr'><strong>rima</strong></span> <span class='ocrx_word' id='word_1_429' title='bbox 1939 3419 1998 3458; x_wconf 91' lang='lat' dir='ltr'><strong>e-</strong></span> 
     </span>
     <span class='ocr_line' id='line_1_63' title="bbox 354 3419 1998 3544; baseline 0.002 -18"><span class='ocrx_word' id='word_1_430' title='bbox 354 3472 493 3527; x_wconf 87' lang='lat' dir='ltr'><strong>sitio</strong></span> <span class='ocrx_word' id='word_1_431' title='bbox 518 3474 613 3528; x_wconf 93' lang='lat' dir='ltr'><strong>uni</strong></span> <span class='ocrx_word' id='word_1_432' title='bbox 641 3475 895 3528; x_wconf 80' lang='lat' dir='ltr'><strong>Romano</strong></span> <span class='ocrx_word' id='word_1_433' title='bbox 920 3488 1096 3544; x_wconf 90' lang='lat' dir='ltr'><strong>parve</strong></span> <span class='ocrx_word' id='word_1_434' title='bbox 1119 3473 1406 3530; x_wconf 89' lang='lat' dir='ltr'><strong>debetur:</strong></span> <span class='ocrx_word' id='word_1_435' title='bbox 1437 3475 1522 3534; x_wconf 81' lang='lat' dir='ltr'><strong>Et</strong></span> <span class='ocrx_word' id='word_1_436' title='bbox 1548 3475 1612 3530; x_wconf 84' lang='lat' dir='ltr'><strong>in</strong></span> <span class='ocrx_word' id='word_1_437' title='bbox 1643 3420 1856 3543; x_wconf 54' lang='grc' dir='ltr'><strong>Οξηννο,</strong></span> <span class='ocrx_word' id='word_1_438' title='bbox 1889 3419 1998 3531; x_wconf 58' lang='lat' dir='ltr'><strong>R’i-</strong></span> 
     </span>
    </p>
   </div>
   <div class='ocr_carea' id='block_1_63' title="bbox 353 3544 1996 3613">
    <p class='ocr_par' dir='ltr' id='par_1_63' title="bbox 353 3544 1996 3613">
     <span class='ocr_line' id='line_1_64' title="bbox 353 3544 1996 3613; baseline 0.001 -14"><span class='ocrx_word' id='word_1_439' title='bbox 353 3545 592 3613; x_wconf 75' lang='lat' dir='ltr'><strong>canoris</strong></span> <span class='ocrx_word' id='word_1_440' title='bbox 623 3544 694 3600; x_wconf 76' lang='lat' dir='ltr'><strong>de</strong></span> <span class='ocrx_word' id='word_1_441' title='bbox 723 3559 798 3599; x_wconf 85' lang='lat' dir='ltr'><strong>vn</strong></span> <span class='ocrx_word' id='word_1_442' title='bbox 829 3544 1197 3602; x_wconf 77' lang='lat' dir='ltr'><strong>diaconibns.</strong></span> <span class='ocrx_word' id='word_1_443' title='bbox 1225 3545 1363 3611; x_wconf 74' lang='lat' dir='ltr'><strong>Quae</strong></span> <span class='ocrx_word' id='word_1_444' title='bbox 1397 3546 1453 3600; x_wconf 90' lang='lat' dir='ltr'><strong>in</strong></span> <span class='ocrx_word' id='word_1_445' title='bbox 1478 3544 1696 3600; x_wconf 84' lang='lat' dir='ltr'><strong>Adonis</strong></span> <span class='ocrx_word' id='word_1_446' title='bbox 1717 3545 1996 3613; x_wconf 82' lang='lat' dir='ltr'><strong>Martyro-</strong></span> 
     </span>
    </p>
   </div>
   <div class='ocr_carea' id='block_1_64' title="bbox 355 3612 1998 3684">
    <p class='ocr_par' dir='ltr' id='par_1_64' title="bbox 355 3612 1998 3684">
     <span class='ocr_line' id='line_1_65' title="bbox 355 3612 1998 3684; baseline 0.001 -17"><span class='ocrx_word' id='word_1_447' title='bbox 355 3612 508 3683; x_wconf 93' lang='lat' dir='ltr'><strong>logio</strong></span> <span class='ocrx_word' id='word_1_448' title='bbox 531 3615 626 3669; x_wconf 82' lang='lat' dir='ltr'><strong>vix</strong></span> <span class='ocrx_word' id='word_1_449' title='bbox 651 3614 950 3670; x_wconf 88' lang='lat' dir='ltr'><strong>innnutata</strong></span> <span class='ocrx_word' id='word_1_450' title='bbox 969 3619 1125 3684; x_wconf 89' lang='lat' dir='ltr'><strong>sunt,</strong></span> <span class='ocrx_word' id='word_1_451' title='bbox 1143 3619 1198 3671; x_wconf 92' lang='lat' dir='ltr'><strong>et</strong></span> <span class='ocrx_word' id='word_1_452' title='bbox 1222 3615 1404 3671; x_wconf 92' lang='lat' dir='ltr'><strong>tertio</strong></span> <span class='ocrx_word' id='word_1_453' title='bbox 1428 3615 1710 3671; x_wconf 76' lang='lat' dir='ltr'><strong>duntaxat</strong></span> <span class='ocrx_word' id='word_1_454' title='bbox 1736 3612 1998 3684; x_wconf 46' lang='lat' dir='ltr'><strong>loce&#39;sig-</strong></span> 
     </span>
    </p>
   </div>
   <div class='ocr_carea' id='block_1_65' title="bbox 353 3685 1996 3757">
    <p class='ocr_par' dir='ltr' id='par_1_65' title="bbox 353 3685 1996 3757">
     <span class='ocr_line' id='line_1_66' title="bbox 353 3685 1996 3757; baseline 0.001 -19"><span class='ocrx_word' id='word_1_455' title='bbox 353 3688 510 3757; x_wconf 81' lang='lat' dir='ltr'><strong>nata,</strong></span> <span class='ocrx_word' id='word_1_456' title='bbox 553 3700 682 3740; x_wconf 92' lang='lat' dir='ltr'><strong>cum</strong></span> <span class='ocrx_word' id='word_1_457' title='bbox 725 3685 878 3756; x_wconf 91' lang='lat' dir='ltr'><strong>apud</strong></span> <span class='ocrx_word' id='word_1_458' title='bbox 914 3691 1228 3757; x_wconf 88' lang='lat' dir='ltr'><strong>utrumque</strong></span> <span class='ocrx_word' id='word_1_459' title='bbox 1281 3686 1472 3757; x_wconf 88' lang='lat' dir='ltr'><strong>primo</strong></span> <span class='ocrx_word' id='word_1_460' title='bbox 1506 3685 1634 3757; x_wconf 86' lang='lat' dir='ltr'><strong>loco</strong></span> <span class='ocrx_word' id='word_1_461' title='bbox 1672 3685 1996 3757; x_wconf 76' lang='lat' dir='ltr'><strong>agatur_de</strong></span> 
     </span>
    </p>
   </div>
   <div class='ocr_carea' id='block_1_66' title="bbox 353 3754 2002 3824">
    <p class='ocr_par' dir='ltr' id='par_1_66' title="bbox 353 3754 2002 3824">
     <span class='ocr_line' id='line_1_67' title="bbox 353 3754 2002 3824; baseline 0.001 -15"><span class='ocrx_word' id='word_1_462' title='bbox 353 3754 551 3811; x_wconf 83' lang='lat' dir='ltr'><strong>Paulo.</strong></span> <span class='ocrx_word' id='word_1_463' title='bbox 578 3754 873 3811; x_wconf 82' lang='lat' dir='ltr'><strong>Undenam</strong></span> <span class='ocrx_word' id='word_1_464' title='bbox 897 3756 1020 3812; x_wconf 90' lang='lat' dir='ltr'><strong>Ade</strong></span> <span class='ocrx_word' id='word_1_465' title='bbox 1045 3754 1218 3812; x_wconf 82' lang='lat' dir='ltr'><strong>breve</strong></span> <span class='ocrx_word' id='word_1_466' title='bbox 1238 3754 1404 3812; x_wconf 86' lang='lat' dir='ltr'><strong>suum</strong></span> <span class='ocrx_word' id='word_1_467' title='bbox 1425 3755 1676 3824; x_wconf 85' lang='lat' dir='ltr'><strong>elogium</strong></span> <span class='ocrx_word' id='word_1_468' title='bbox 1701 3755 1854 3810; x_wconf 88' lang='lat' dir='ltr'><strong>inter</strong></span> <span class='ocrx_word' id='word_1_469' title='bbox 1876 3755 2002 3810; x_wconf 86' lang='lat' dir='ltr'><strong>Fes-</strong></span> 
     </span>
    </p>
   </div>
   <div class='ocr_carea' id='block_1_67' title="bbox 354 3825 1996 3898">
    <p class='ocr_par' dir='ltr' id='par_1_67' title="bbox 354 3825 1996 3898">
     <span class='ocr_line' id='line_1_68' title="bbox 354 3825 1996 3898; baseline 0 -18"><span class='ocrx_word' id='word_1_470' title='bbox 354 3825 620 3898; x_wconf 81' lang='lat' dir='ltr'><strong>tivitates</strong></span> <span class='ocrx_word' id='word_1_471' title='bbox 651 3826 996 3898; x_wconf 81' lang='lat' dir='ltr'><strong>extraxerit,</strong></span> <span class='ocrx_word' id='word_1_472' title='bbox 1032 3828 1276 3883; x_wconf 89' lang='lat' dir='ltr'><strong>necdum</strong></span> <span class='ocrx_word' id='word_1_473' title='bbox 1310 3827 1592 3898; x_wconf 87' lang='lat' dir='ltr'><strong>comperi,</strong></span> <span class='ocrx_word' id='word_1_474' title='bbox 1627 3840 1814 3898; x_wconf 84' lang='lat' dir='ltr'><strong>neque</strong></span> <span class='ocrx_word' id='word_1_475' title='bbox 1844 3825 1996 3880; x_wconf 91' lang='lat' dir='ltr'><strong>enim</strong></span> 
     </span>
    </p>
   </div>
   <div class='ocr_carea' id='block_1_68' title="bbox 355 3895 2000 3966">
    <p class='ocr_par' dir='ltr' id='par_1_68' title="bbox 355 3895 2000 3966">
     <span class='ocr_line' id='line_1_69' title="bbox 355 3895 2000 3966; baseline -0.001 -16"><span class='ocrx_word' id='word_1_476' title='bbox 355 3897 496 3966; x_wconf 85' lang='lat' dir='ltr'><strong>Acta</strong></span> <span class='ocrx_word' id='word_1_477' title='bbox 523 3895 637 3966; x_wconf 88' lang='lat' dir='ltr'><strong>ulla</strong></span> <span class='ocrx_word' id='word_1_478' title='bbox 665 3897 897 3966; x_wconf 88' lang='lat' dir='ltr'><strong>prodita</strong></span> <span class='ocrx_word' id='word_1_479' title='bbox 921 3895 1075 3966; x_wconf 90' lang='lat' dir='ltr'><strong>sunt,</strong></span> <span class='ocrx_word' id='word_1_480' title='bbox 1107 3911 1214 3953; x_wconf 90' lang='lat' dir='ltr'><strong>nec</strong></span> <span class='ocrx_word' id='word_1_481' title='bbox 1245 3895 1558 3966; x_wconf 84' lang='lat' dir='ltr'><strong>quidquam</strong></span> <span class='ocrx_word' id='word_1_482' title='bbox 1593 3895 1766 3951; x_wconf 89' lang='lat' dir='ltr'><strong>etiam</strong></span> <span class='ocrx_word' id='word_1_483' title='bbox 1804 3909 2000 3966; x_wconf 46' lang='lat' dir='ltr'><strong>recenf</strong></span> 
     </span>
    </p>
   </div>
   <div class='ocr_carea' id='block_1_69' title="bbox 353 3963 1996 4036">
    <p class='ocr_par' dir='ltr' id='par_1_69' title="bbox 353 3963 1996 4036">
     <span class='ocr_line' id='line_1_70' title="bbox 353 3963 1996 4036; baseline -0.001 -17"><span class='ocrx_word' id='word_1_484' title='bbox 353 3965 583 4036; x_wconf 78' lang='lat' dir='ltr'><strong>tissime</strong></span> <span class='ocrx_word' id='word_1_485' title='bbox 618 3963 835 4036; x_wconf 74' lang='lat' dir='ltr'><strong>invenit</strong></span> <span class='ocrx_word' id='word_1_486' title='bbox 869 3963 1278 4036; x_wconf 15' lang='lat' dir='ltr'><strong>Tiillem&#39;entius‘</strong></span> <span class='ocrx_word' id='word_1_487' title='bbox 1305 3963 1462 4021; x_wconf 83' lang='lat' dir='ltr'><strong>tonio</strong></span> <span class='ocrx_word' id='word_1_488' title='bbox 1494 3967 1560 4034; x_wconf 88' lang='grc'><strong>11,</strong></span> <span class='ocrx_word' id='word_1_489' title='bbox 1598 3981 1727 4036; x_wconf 87' lang='lat' dir='ltr'><strong>pag.</strong></span> <span class='ocrx_word' id='word_1_490' title='bbox 1760 3970 1850 4036; x_wconf 85' lang='lat'><strong>70,</strong></span> <span class='ocrx_word' id='word_1_491' title='bbox 1887 3963 1996 4020; x_wconf 89' lang='lat' dir='ltr'><strong>nisi</strong></span> 
     </span>
    </p>
   </div>
   <div class='ocr_carea' id='block_1_70' title="bbox 354 4033 2000 4104">
    <p class='ocr_par' dir='ltr' id='par_1_70' title="bbox 354 4033 2000 4104">
     <span class='ocr_line' id='line_1_71' title="bbox 354 4033 2000 4104; baseline 0.001 -16"><span class='ocrx_word' id='word_1_492' title='bbox 354 4033 508 4104; x_wconf 87' lang='lat' dir='ltr'><strong>quod</strong></span> <span class='ocrx_word' id='word_1_493' title='bbox 532 4034 964 4104; x_wconf 79' lang='lat' dir='ltr'><strong>cuinBollando</strong></span> <span class='ocrx_word' id='word_1_494' title='bbox 987 4039 1309 4104; x_wconf 88' lang='lat' dir='ltr'><strong>respueret.</strong></span> <span class='ocrx_word' id='word_1_495' title='bbox 1340 4036 1395 4088; x_wconf 93' lang='lat' dir='ltr'><strong>Si</strong></span> <span class='ocrx_word' id='word_1_496' title='bbox 1419 4033 1613 4090; x_wconf 79' lang='lat' dir='ltr'><strong>tamen</strong></span> <span class='ocrx_word' id='word_1_497' title='bbox 1639 4033 1853 4091; x_wconf 83' lang='lat' dir='ltr'><strong>Adonis</strong></span> <span class='ocrx_word' id='word_1_498' title='bbox 1875 4050 2000 4090; x_wconf 90' lang='lat' dir='ltr'><strong>ver-</strong></span> 
     </span>
    </p>
   </div>
   <div class='ocr_carea' id='block_1_71' title="bbox 356 4103 2001 4184">
    <p class='ocr_par' dir='ltr' id='par_1_71' title="bbox 356 4103 2001 4184">
     <span class='ocr_line' id='line_1_72' title="bbox 356 4103 2001 4184; baseline 0.001 -26"><span class='ocrx_word' id='word_1_499' title='bbox 356 4103 426 4158; x_wconf 89' lang='lat' dir='ltr'><strong>ba</strong></span> <span class='ocrx_word' id='word_1_500' title='bbox 457 4103 918 4184; x_wconf 43' lang='lat' dir='ltr'><strong>eapendantura</strong></span> <span class='ocrx_word' id='word_1_501' title='bbox 949 4103 1123 4175; x_wconf 76' lang='lat' dir='ltr'><strong>Apud</strong></span> <span class='ocrx_word' id='word_1_502' title='bbox 1153 4105 1419 4184; x_wconf 63' lang='lat' dir='ltr'><strong>Cyprum</strong></span> <span class='ocrx_word' id='word_1_503' title='bbox 1447 4105 1884 4184; x_wconf 50' lang='lat' dir='ltr'><strong>gloriesissime</strong></span> <span class='ocrx_word' id='word_1_504' title='bbox 1912 4119 2001 4162; x_wconf 84' lang='lat' dir='ltr'><strong>co-</strong></span> 
     </span>
    </p>
   </div>
   <div class='ocr_carea' id='block_1_72' title="bbox 351 4119 2000 4301">
    <p class='ocr_par' dir='ltr' id='par_1_72' title="bbox 351 4119 2000 4301">
     <span class='ocr_line' id='line_1_73' title="bbox 356 4119 2000 4230; baseline 0.001 -72"><span class='ocrx_word' id='word_1_505' title='bbox 356 4119 426 4158; x_wconf 86' lang='lat' dir='ltr'><strong>na</strong></span> <span class='ocrx_word' id='word_1_506' title='bbox 457 4119 866 4184; x_wconf 84' lang='lat' dir='ltr'><strong>expeneamur</strong></span> <span class='ocrx_word' id='word_1_507' title='bbox 891 4123 918 4184; x_wconf 83' lang='lat'><strong>:_</strong></span> <span class='ocrx_word' id='word_1_508' title='bbox 949 4119 1120 4175; x_wconf 76' lang='lat' dir='ltr'><strong>Apna</strong></span> <span class='ocrx_word' id='word_1_509' title='bbox 1154 4119 1419 4230; x_wconf 47' lang='lat' dir='ltr'><strong>cygnum</strong></span> <span class='ocrx_word' id='word_1_510' title='bbox 1447 4119 1884 4177; x_wconf 72' lang='lat' dir='ltr'><strong>gumoazsszme</strong></span> <span class='ocrx_word' id='word_1_511' title='bbox 1912 4119 2000 4162; x_wconf 83' lang='lat' dir='ltr'><strong>co-</strong></span> 
     </span>
     <span class='ocr_line' id='line_1_74' title="bbox 351 4172 2000 4246; baseline 0.001 -17"><span class='ocrx_word' id='word_1_512' title='bbox 351 4172 576 4242; x_wconf 73' lang='lat' dir='ltr'><strong>ronati,</strong></span> <span class='ocrx_word' id='word_1_513' title='bbox 597 4173 748 4229; x_wconf 89' lang='lat' dir='ltr'><strong>haud</strong></span> <span class='ocrx_word' id='word_1_514' title='bbox 782 4175 1042 4243; x_wconf 80' lang='lat' dir='ltr'><strong>dubium,</strong></span> <span class='ocrx_word' id='word_1_515' title='bbox 1067 4175 1204 4246; x_wconf 94' lang='lat' dir='ltr'><strong>quin</strong></span> <span class='ocrx_word' id='word_1_516' title='bbox 1270 4190 1301 4231; x_wconf 90' lang='lat' dir='ltr'><strong>e</strong></span> <span class='ocrx_word' id='word_1_517' title='bbox 1327 4179 1477 4231; x_wconf 89' lang='lat' dir='ltr'><strong>mart</strong></span> <span class='ocrx_word' id='word_1_518' title='bbox 1520 4176 1588 4230; x_wconf 92' lang='lat' dir='ltr'><strong>rii</strong></span> <span class='ocrx_word' id='word_1_519' title='bbox 1616 4174 1834 4245; x_wconf 90' lang='lat' dir='ltr'><strong>laurea,</strong></span> <span class='ocrx_word' id='word_1_520' title='bbox 1861 4189 2000 4245; x_wconf 87' lang='lat' dir='ltr'><strong>qua-</strong></span> 
     </span>
     <span class='ocr_line' id='line_1_75' title="bbox 358 4191 1997 4301; baseline 0.002 -3"><span class='ocrx_word' id='word_1_521' title='bbox 358 4243 570 4299; x_wconf 89' lang='lat' dir='ltr'><strong>tumvis</strong></span> <span class='ocrx_word' id='word_1_522' title='bbox 601 4243 834 4300; x_wconf 90' lang='lat' dir='ltr'><strong>aliunde</strong></span> <span class='ocrx_word' id='word_1_523' title='bbox 877 4244 1120 4300; x_wconf 89' lang='lat' dir='ltr'><strong>incerta:</strong></span> <span class='ocrx_word' id='word_1_524' title='bbox 1165 4191 1542 4301; x_wconf 49' lang='lat' dir='ltr'><strong>intelligenda</strong></span> <span class='ocrx_word' id='word_1_525' title='bbox 1582 4247 1718 4301; x_wconf 86' lang='lat' dir='ltr'><strong>sint.</strong></span> <span class='ocrx_word' id='word_1_526' title='bbox 1754 4245 1809 4300; x_wconf 87' lang='lat' dir='ltr'><strong>id</strong></span> <span class='ocrx_word' id='word_1_527' title='bbox 1842 4244 1997 4301; x_wconf 80' lang='lat' dir='ltr'><strong>quod</strong></span> 
     </span>
    </p>
   </div>
   <div class='ocr_carea' id='block_1_73' title="bbox 358 4243 1997 4316">
    <p class='ocr_par' dir='ltr' id='par_1_73' title="bbox 358 4243 1997 4316">
     <span class='ocr_line' id='line_1_76' title="bbox 358 4243 1997 4316; baseline 0.002 -18"><span class='ocrx_word' id='word_1_528' title='bbox 358 4243 834 4316; x_wconf 83' lang='lat' dir='ltr'><strong>tumvis_aliunde</strong></span> <span class='ocrx_word' id='word_1_529' title='bbox 877 4243 1120 4316; x_wconf 81' lang='lat' dir='ltr'><strong>incerta:</strong></span> <span class='ocrx_word' id='word_1_530' title='bbox 1165 4243 1542 4316; x_wconf 84' lang='lat' dir='ltr'><strong>intelligenda</strong></span> <span class='ocrx_word' id='word_1_531' title='bbox 1582 4247 1718 4315; x_wconf 86' lang='lat' dir='ltr'><strong>sint,</strong></span> <span class='ocrx_word' id='word_1_532' title='bbox 1754 4243 1997 4316; x_wconf 57' lang='lat' dir='ltr'><strong>id&#39;qued</strong></span> 
     </span>
    </p>
   </div>
   <div class='ocr_carea' id='block_1_74' title="bbox 355 4312 2001 4387">
    <p class='ocr_par' dir='ltr' id='par_1_74' title="bbox 355 4312 2001 4387">
     <span class='ocr_line' id='line_1_77' title="bbox 355 4312 2001 4387; baseline 0.001 -19"><span class='ocrx_word' id='word_1_533' title='bbox 355 4312 617 4387; x_wconf 84' lang='lat' dir='ltr'><strong>nonnulli</strong></span> <span class='ocrx_word' id='word_1_534' title='bbox 643 4314 1080 4387; x_wconf 83' lang='lat' dir='ltr'><strong>codicesnestri</strong></span> <span class='ocrx_word' id='word_1_535' title='bbox 1103 4312 1396 4387; x_wconf 78' lang='lat' dir='ltr'><strong>auctiores</strong></span> <span class='ocrx_word' id='word_1_536' title='bbox 1419 4312 1734 4373; x_wconf 85' lang='lat' dir='ltr'><strong>rotundius</strong></span> <span class='ocrx_word' id='word_1_537' title='bbox 1763 4312 2001 4387; x_wconf 80' lang='lat' dir='ltr'><strong>expres-</strong></span> 
     </span>
    </p>
   </div>
   <div class='ocr_carea' id='block_1_75' title="bbox 2107 2635 3752 2709">
    <p class='ocr_par' dir='ltr' id='par_1_75' title="bbox 2107 2635 3752 2709">
     <span class='ocr_line' id='line_1_78' title="bbox 2107 2635 3752 2709; baseline 0.001 -17"><span class='ocrx_word' id='word_1_538' title='bbox 2107 2637 2225 2692; x_wconf 91' lang='lat' dir='ltr'><strong>cris</strong></span> <span class='ocrx_word' id='word_1_539' title='bbox 2258 2637 2472 2695; x_wconf 89' lang='lat' dir='ltr'><strong>tabulis</strong></span> <span class='ocrx_word' id='word_1_540' title='bbox 2493 2640 2855 2709; x_wconf 89' lang='lat' dir='ltr'><strong>consignata,</strong></span> <span class='ocrx_word' id='word_1_541' title='bbox 2896 2639 2989 2694; x_wconf 93' lang='lat' dir='ltr'><strong>ubi</strong></span> <span class='ocrx_word' id='word_1_542' title='bbox 3025 2639 3186 2694; x_wconf 89' lang='lat' dir='ltr'><strong>brevi</strong></span> <span class='ocrx_word' id='word_1_543' title='bbox 3210 2643 3455 2694; x_wconf 83' lang='lat' dir='ltr'><strong>ornatur</strong></span> <span class='ocrx_word' id='word_1_544' title='bbox 3475 2635 3693 2709; x_wconf 79' lang='lat' dir='ltr'><strong>elogio,</strong></span> <span class='ocrx_word' id='word_1_545' title='bbox 3717 2652 3752 2693; x_wconf 86' lang='lat' dir='ltr'><strong>a</strong></span> 
     </span>
    </p>
   </div>
   <div class='ocr_carea' id='block_1_76' title="bbox 2107 2707 3749 2779">
    <p class='ocr_par' dir='ltr' id='par_1_76' title="bbox 2107 2707 3749 2779">
     <span class='ocr_line' id='line_1_79' title="bbox 2107 2707 3749 2779; baseline 0.001 -18"><span class='ocrx_word' id='word_1_546' title='bbox 2107 2709 2361 2764; x_wconf 84' lang='lat' dir='ltr'><strong>Romane</strong></span> <span class='ocrx_word' id='word_1_547' title='bbox 2403 2707 2700 2779; x_wconf 84' lang='lat' dir='ltr'><strong>paululum</strong></span> <span class='ocrx_word' id='word_1_548' title='bbox 2743 2707 2934 2778; x_wconf 88' lang='lat' dir='ltr'><strong>aneto,</strong></span> <span class='ocrx_word' id='word_1_549' title='bbox 2978 2710 3050 2765; x_wconf 88' lang='lat' dir='ltr'><strong>ab</strong></span> <span class='ocrx_word' id='word_1_550' title='bbox 3092 2709 3312 2779; x_wconf 88' lang='lat' dir='ltr'><strong>Adone,</strong></span> <span class='ocrx_word' id='word_1_551' title='bbox 3345 2713 3401 2763; x_wconf 91' lang='lat' dir='ltr'><strong>et</strong></span> <span class='ocrx_word' id='word_1_552' title='bbox 3454 2723 3528 2764; x_wconf 81' lang='lat' dir='ltr'><strong>ex</strong></span> <span class='ocrx_word' id='word_1_553' title='bbox 3564 2707 3674 2763; x_wconf 86' lang='lat' dir='ltr'><strong>hoc</strong></span> <span class='ocrx_word' id='word_1_554' title='bbox 3718 2721 3749 2762; x_wconf 87' lang='lat' dir='ltr'><strong>a</strong></span> 
     </span>
    </p>
   </div>
   <div class='ocr_carea' id='block_1_77' title="bbox 2104 2779 3752 2852">
    <p class='ocr_par' dir='ltr' id='par_1_77' title="bbox 2104 2779 3752 2852">
     <span class='ocr_line' id='line_1_80' title="bbox 2104 2779 3752 2852; baseline 0 -19"><span class='ocrx_word' id='word_1_555' title='bbox 2104 2780 2360 2852; x_wconf 82' lang='lat' dir='ltr'><strong>Netkere</strong></span> <span class='ocrx_word' id='word_1_556' title='bbox 2409 2781 2786 2852; x_wconf 84' lang='lat' dir='ltr'><strong>transcripto,</strong></span> <span class='ocrx_word' id='word_1_557' title='bbox 2815 2781 2922 2852; x_wconf 79' lang='lat' dir='ltr'><strong>sic</strong></span> <span class='ocrx_word' id='word_1_558' title='bbox 2975 2785 3285 2852; x_wconf 23' lang='lat' dir='ltr'><strong>tamenﬂut</strong></span> <span class='ocrx_word' id='word_1_559' title='bbox 3329 2779 3420 2834; x_wconf 92' lang='lat' dir='ltr'><strong>hic</strong></span> <span class='ocrx_word' id='word_1_560' title='bbox 3461 2793 3568 2850; x_wconf 90' lang='lat' dir='ltr'><strong>pro</strong></span> <span class='ocrx_word' id='word_1_561' title='bbox 3612 2792 3752 2834; x_wconf 80' lang='lat' dir='ltr'><strong>cxm</strong></span> 
     </span>
    </p>
   </div>
   <div class='ocr_carea' id='block_1_78' title="bbox 2105 2849 3756 2921">
    <p class='ocr_par' dir='ltr' id='par_1_78' title="bbox 2105 2849 3756 2921">
     <span class='ocr_line' id='line_1_81' title="bbox 2105 2849 3756 2921; baseline 0 -18"><span class='ocrx_word' id='word_1_562' title='bbox 2105 2849 2252 2921; x_wconf 83' lang='lat' dir='ltr'><strong>male</strong></span> <span class='ocrx_word' id='word_1_563' title='bbox 2288 2849 2492 2918; x_wconf 80' lang='lat' dir='ltr'><strong>legerit</strong></span> <span class='ocrx_word' id='word_1_564' title='bbox 2523 2849 2679 2920; x_wconf 69' lang='lat' dir='ltr'><strong>xeln;</strong></span> <span class='ocrx_word' id='word_1_565' title='bbox 2719 2849 2869 2906; x_wconf 88' lang='lat' dir='ltr'><strong>facili</strong></span> <span class='ocrx_word' id='word_1_566' title='bbox 2896 2850 3057 2921; x_wconf 91' lang='lat' dir='ltr'><strong>lapsu</strong></span> <span class='ocrx_word' id='word_1_567' title='bbox 3081 2866 3154 2906; x_wconf 80' lang='lat' dir='ltr'><strong>ex</strong></span> <span class='ocrx_word' id='word_1_568' title='bbox 3186 2849 3519 2906; x_wconf 85' lang='lat' dir='ltr'><strong>litterarum</strong></span> <span class='ocrx_word' id='word_1_569' title='bbox 3541 2863 3756 2921; x_wconf 8' lang='lat' dir='ltr'><strong>enume—</strong></span> 
     </span>
    </p>
   </div>
   <div class='ocr_carea' id='block_1_79' title="bbox 2105 2919 3758 2992">
    <p class='ocr_par' dir='ltr' id='par_1_79' title="bbox 2105 2919 3758 2992">
     <span class='ocr_line' id='line_1_82' title="bbox 2105 2919 3758 2992; baseline 0 -18"><span class='ocrx_word' id='word_1_570' title='bbox 2105 2919 2310 2992; x_wconf 83' lang='lat' dir='ltr'><strong>ralium</strong></span> <span class='ocrx_word' id='word_1_571' title='bbox 2360 2919 2833 2992; x_wconf 84' lang='lat' dir='ltr'><strong>transpesitione.</strong></span> <span class='ocrx_word' id='word_1_572' title='bbox 2871 2919 3083 2992; x_wconf 83' lang='lat' dir='ltr'><strong>Noster</strong></span> <span class='ocrx_word' id='word_1_573' title='bbox 3130 2926 3324 2977; x_wconf 90' lang='lat' dir='ltr'><strong>autem</strong></span> <span class='ocrx_word' id='word_1_574' title='bbox 3367 2919 3588 2992; x_wconf 90' lang='lat' dir='ltr'><strong>Adonis</strong></span> <span class='ocrx_word' id='word_1_575' title='bbox 3634 2919 3758 2974; x_wconf 86' lang='lat' dir='ltr'><strong>elo-</strong></span> 
     </span>
    </p>
   </div>
   <div class='ocr_carea' id='block_1_80' title="bbox 2103 2990 3755 3063">
    <p class='ocr_par' dir='ltr' id='par_1_80' title="bbox 2103 2990 3755 3063">
     <span class='ocr_line' id='line_1_83' title="bbox 2103 2990 3755 3063; baseline 0.001 -19"><span class='ocrx_word' id='word_1_576' title='bbox 2103 2990 2259 3058; x_wconf 85' lang='lat' dir='ltr'><strong>gium</strong></span> <span class='ocrx_word' id='word_1_577' title='bbox 2292 2991 2370 3046; x_wconf 92' lang='lat' dir='ltr'><strong>ita</strong></span> <span class='ocrx_word' id='word_1_578' title='bbox 2404 2990 2718 3063; x_wconf 78' lang='lat' dir='ltr'><strong>contraxit,</strong></span> <span class='ocrx_word' id='word_1_579' title='bbox 2756 2996 2818 3048; x_wconf 89' lang='lat' dir='ltr'><strong>ut</strong></span> <span class='ocrx_word' id='word_1_580' title='bbox 2849 2991 3027 3063; x_wconf 84' lang='lat' dir='ltr'><strong>solam</strong></span> <span class='ocrx_word' id='word_1_581' title='bbox 3069 2995 3322 3062; x_wconf 65' lang='lat' dir='ltr'><strong>mtatem,</strong></span> <span class='ocrx_word' id='word_1_582' title='bbox 3356 2994 3412 3046; x_wconf 91' lang='lat' dir='ltr'><strong>et</strong></span> <span class='ocrx_word' id='word_1_583' title='bbox 3453 2991 3509 3046; x_wconf 92' lang='lat' dir='ltr'><strong>in</strong></span> <span class='ocrx_word' id='word_1_584' title='bbox 3553 3003 3755 3045; x_wconf 89' lang='lat' dir='ltr'><strong>eremo</strong></span> 
     </span>
    </p>
   </div>
   <div class='ocr_carea' id='block_1_81' title="bbox 2103 3061 3755 3132">
    <p class='ocr_par' dir='ltr' id='par_1_81' title="bbox 2103 3061 3755 3132">
     <span class='ocr_line' id='line_1_84' title="bbox 2103 3061 3755 3132; baseline 0.001 -17"><span class='ocrx_word' id='word_1_585' title='bbox 2103 3061 2712 3119; x_wconf 87' lang='lat' dir='ltr'><strong>commemorationem</strong></span> <span class='ocrx_word' id='word_1_586' title='bbox 2738 3061 3077 3118; x_wconf 85' lang='lat' dir='ltr'><strong>excluserit.</strong></span> <span class='ocrx_word' id='word_1_587' title='bbox 3115 3061 3408 3118; x_wconf 87' lang='lat' dir='ltr'><strong>Hactenus</strong></span> <span class='ocrx_word' id='word_1_588' title='bbox 3441 3076 3548 3132; x_wconf 93' lang='lat' dir='ltr'><strong>pre</strong></span> <span class='ocrx_word' id='word_1_589' title='bbox 3581 3065 3755 3116; x_wconf 77' lang='lat' dir='ltr'><strong>textu</strong></span> 
     </span>
    </p>
   </div>
   <div class='ocr_carea' id='block_1_82' title="bbox 2105 3132 3756 3203">
    <p class='ocr_par' dir='ltr' id='par_1_82' title="bbox 2105 3132 3756 3203">
     <span class='ocr_line' id='line_1_85' title="bbox 2105 3132 3756 3203; baseline 0 -17"><span class='ocrx_word' id='word_1_590' title='bbox 2105 3135 2324 3201; x_wconf 90' lang='lat' dir='ltr'><strong>nostro,</strong></span> <span class='ocrx_word' id='word_1_591' title='bbox 2362 3147 2528 3201; x_wconf 90' lang='lat' dir='ltr'><strong>quem</strong></span> <span class='ocrx_word' id='word_1_592' title='bbox 2553 3138 2609 3187; x_wconf 89' lang='lat' dir='ltr'><strong>et</strong></span> <span class='ocrx_word' id='word_1_593' title='bbox 2645 3133 2893 3203; x_wconf 84' lang='lat' dir='ltr'><strong>genuine</strong></span> <span class='ocrx_word' id='word_1_594' title='bbox 2917 3132 3300 3189; x_wconf 90' lang='lat' dir='ltr'><strong>Usuardinum</strong></span> <span class='ocrx_word' id='word_1_595' title='bbox 3332 3147 3461 3187; x_wconf 90' lang='lat' dir='ltr'><strong>esse</strong></span> <span class='ocrx_word' id='word_1_596' title='bbox 3487 3135 3756 3203; x_wconf 81' lang='lat' dir='ltr'><strong>constat,</strong></span> 
     </span>
    </p>
   </div>
   <div class='ocr_carea' id='block_1_83' title="bbox 2103 3201 3758 3274">
    <p class='ocr_par' dir='ltr' id='par_1_83' title="bbox 2103 3201 3758 3274">
     <span class='ocr_line' id='line_1_86' title="bbox 2103 3201 3758 3274; baseline 0.001 -19"><span class='ocrx_word' id='word_1_597' title='bbox 2103 3206 2160 3255; x_wconf 91' lang='lat' dir='ltr'><strong>et</strong></span> <span class='ocrx_word' id='word_1_598' title='bbox 2193 3216 2262 3274; x_wconf 81' lang='lat' dir='ltr'><strong>ex_</strong></span> <span class='ocrx_word' id='word_1_599' title='bbox 2298 3203 2496 3258; x_wconf 86' lang='lat' dir='ltr'><strong>Adone</strong></span> <span class='ocrx_word' id='word_1_600' title='bbox 2531 3201 2708 3258; x_wconf 88' lang='lat' dir='ltr'><strong>ferme</strong></span> <span class='ocrx_word' id='word_1_601' title='bbox 2739 3203 2808 3258; x_wconf 91' lang='lat' dir='ltr'><strong>ad</strong></span> <span class='ocrx_word' id='word_1_602' title='bbox 2826 3205 3074 3274; x_wconf 88' lang='lat' dir='ltr'><strong>verbum</strong></span> <span class='ocrx_word' id='word_1_603' title='bbox 3107 3207 3443 3274; x_wconf 62' lang='lat' dir='ltr'><strong>acceptum.</strong></span> <span class='ocrx_word' id='word_1_604' title='bbox 3469 3203 3549 3258; x_wconf 89' lang='lat' dir='ltr'><strong>De</strong></span> <span class='ocrx_word' id='word_1_605' title='bbox 3583 3201 3758 3274; x_wconf 73' lang='lat' dir='ltr'><strong>Actis</strong></span> 
     </span>
    </p>
   </div>
   <div class='ocr_carea' id='block_1_84' title="bbox 2105 3271 3758 3344">
    <p class='ocr_par' dir='ltr' id='par_1_84' title="bbox 2105 3271 3758 3344">
     <span class='ocr_line' id='line_1_87' title="bbox 2105 3271 3758 3344; baseline 0.002 -19"><span class='ocrx_word' id='word_1_606' title='bbox 2105 3287 2214 3326; x_wconf 93' lang='lat' dir='ltr'><strong>non</strong></span> <span class='ocrx_word' id='word_1_607' title='bbox 2249 3271 2474 3344; x_wconf 85' lang='lat' dir='ltr'><strong>loquor,</strong></span> <span class='ocrx_word' id='word_1_608' title='bbox 2510 3274 2646 3329; x_wconf 74' lang='lat' dir='ltr'><strong>vitae</strong></span> <span class='ocrx_word' id='word_1_609' title='bbox 2685 3273 2947 3344; x_wconf 60' lang='lat' dir='ltr'><strong>geminae,</strong></span> <span class='ocrx_word' id='word_1_610' title='bbox 2985 3289 3012 3329; x_wconf 90' lang='lat' dir='ltr'><strong>a</strong></span> <span class='ocrx_word' id='word_1_611' title='bbox 3049 3271 3325 3330; x_wconf 83' lang='lat' dir='ltr'><strong>Bollande</strong></span> <span class='ocrx_word' id='word_1_612' title='bbox 3354 3273 3554 3341; x_wconf 64' lang='lat' dir='ltr'><strong>edita},</strong></span> <span class='ocrx_word' id='word_1_613' title='bbox 3591 3271 3758 3328; x_wconf 92' lang='lat' dir='ltr'><strong>illus-</strong></span> 
     </span>
    </p>
   </div>
   <div class='ocr_carea' id='block_1_85' title="bbox 2103 3343 3756 3415">
    <p class='ocr_par' dir='ltr' id='par_1_85' title="bbox 2103 3343 3756 3415">
     <span class='ocr_line' id='line_1_88' title="bbox 2103 3343 3756 3415; baseline 0.001 -19"><span class='ocrx_word' id='word_1_614' title='bbox 2103 3346 2354 3415; x_wconf 56' lang='lat' dir='ltr'><strong>trataet</strong></span> <span class='ocrx_word' id='word_1_615' title='bbox 2386 3343 2715 3412; x_wconf 63' lang='lat' dir='ltr'><strong>vindicatae,</strong></span> <span class='ocrx_word' id='word_1_616' title='bbox 2744 3344 2884 3398; x_wconf 89' lang='lat' dir='ltr'><strong>nihil</strong></span> <span class='ocrx_word' id='word_1_617' title='bbox 2911 3358 3260 3415; x_wconf 82' lang='lat' dir='ltr'><strong>magnopere</strong></span> <span class='ocrx_word' id='word_1_618' title='bbox 3291 3347 3382 3415; x_wconf 83' lang='lat' dir='ltr'><strong>est</strong></span> <span class='ocrx_word' id='word_1_619' title='bbox 3415 3343 3574 3415; x_wconf 84' lang='lat' dir='ltr'><strong>quod</strong></span> <span class='ocrx_word' id='word_1_620' title='bbox 3599 3357 3629 3397; x_wconf 88' lang='lat' dir='ltr'><strong>a</strong></span> <span class='ocrx_word' id='word_1_621' title='bbox 3667 3357 3756 3415; x_wconf 45' lang='lat' dir='ltr'><strong>ref</strong></span> 
     </span>
    </p>
   </div>
   <div class='ocr_carea' id='block_1_86' title="bbox 2103 3412 3752 3539">
    <p class='ocr_par' dir='ltr' id='par_1_86' title="bbox 2103 3412 3752 3539">
     <span class='ocr_line' id='line_1_89' title="bbox 2103 3412 3752 3486; baseline 0.001 -19"><span class='ocrx_word' id='word_1_622' title='bbox 2103 3412 2488 3482; x_wconf 88' lang='lat' dir='ltr'><strong>centioribns,</strong></span> <span class='ocrx_word' id='word_1_623' title='bbox 2515 3417 2613 3470; x_wconf 87' lang='lat' dir='ltr'><strong>aut</strong></span> <span class='ocrx_word' id='word_1_624' title='bbox 2637 3429 2670 3469; x_wconf 97' lang='lat' dir='ltr'><strong>e</strong></span> <span class='ocrx_word' id='word_1_625' title='bbox 2717 3415 2870 3486; x_wconf 91' lang='lat' dir='ltr'><strong>peni,</strong></span> <span class='ocrx_word' id='word_1_626' title='bbox 2888 3412 3384 3486; x_wconf 30' lang='lat' dir='ltr'><strong>*‘aut’supperaddi</strong></span> <span class='ocrx_word' id='word_1_627' title='bbox 3409 3412 3617 3484; x_wconf 87' lang='lat' dir='ltr'><strong>possit.</strong></span> <span class='ocrx_word' id='word_1_628' title='bbox 3643 3413 3752 3468; x_wconf 88' lang='lat' dir='ltr'><strong>Sed</strong></span> 
     </span>
     <span class='ocr_line' id='line_1_90' title="bbox 2107 3431 3752 3539; baseline 0 0"><span class='ocrx_word' id='word_1_629' title='bbox 2107 3482 2245 3539; x_wconf 78' lang='lat' dir='ltr'><strong>quid</strong></span> <span class='ocrx_word' id='word_1_630' title='bbox 2275 3498 2467 3539; x_wconf 64' lang='lat' dir='ltr'><strong>causa}</strong></span> <span class='ocrx_word' id='word_1_631' title='bbox 2495 3499 2625 3539; x_wconf 91' lang='lat' dir='ltr'><strong>esse</strong></span> <span class='ocrx_word' id='word_1_632' title='bbox 2656 3431 2935 3539; x_wconf 56' lang='lat' dir='ltr'><strong>dicemus.</strong></span> <span class='ocrx_word' id='word_1_633' title='bbox 2970 3501 3075 3539; x_wconf 85' lang='lat' dir='ltr'><strong>cur</strong></span> <span class='ocrx_word' id='word_1_634' title='bbox 3103 3484 3502 3539; x_wconf 68' lang='lat' dir='ltr'><strong>Melchiadem</strong></span> <span class='ocrx_word' id='word_1_635' title='bbox 3545 3499 3752 3539; x_wconf 81' lang='lat' dir='ltr'><strong>uanam</strong></span> 
     </span>
    </p>
   </div>
   <div class='ocr_carea' id='block_1_87' title="bbox 2107 3482 3752 3555">
    <p class='ocr_par' dir='ltr' id='par_1_87' title="bbox 2107 3482 3752 3555">
     <span class='ocr_line' id='line_1_91' title="bbox 2107 3482 3752 3555; baseline 0.004 -20"><span class='ocrx_word' id='word_1_636' title='bbox 2107 3482 2245 3555; x_wconf 84' lang='lat' dir='ltr'><strong>quid</strong></span> <span class='ocrx_word' id='word_1_637' title='bbox 2275 3498 2467 3555; x_wconf 67' lang='lat' dir='ltr'><strong>causa}</strong></span> <span class='ocrx_word' id='word_1_638' title='bbox 2495 3499 2625 3540; x_wconf 92' lang='lat' dir='ltr'><strong>esse</strong></span> <span class='ocrx_word' id='word_1_639' title='bbox 2656 3482 2936 3554; x_wconf 81' lang='lat' dir='ltr'><strong>dicemus,</strong></span> <span class='ocrx_word' id='word_1_640' title='bbox 2970 3501 3075 3541; x_wconf 86' lang='lat' dir='ltr'><strong>cur</strong></span> <span class='ocrx_word' id='word_1_641' title='bbox 3102 3482 3502 3555; x_wconf 60' lang='lat' dir='ltr'><strong>mmmam</strong></span> <span class='ocrx_word' id='word_1_642' title='bbox 3545 3499 3752 3555; x_wconf 87' lang='lat' dir='ltr'><strong>papam</strong></span> 
     </span>
    </p>
   </div>
   <div class='ocr_carea' id='block_1_88' title="bbox 2106 3553 3753 3635">
    <p class='ocr_par' dir='ltr' id='par_1_88' title="bbox 2106 3553 3753 3635">
     <span class='ocr_line' id='line_1_92' title="bbox 2106 3553 3753 3635; baseline 0.001 -28"><span class='ocrx_word' id='word_1_643' title='bbox 2106 3553 2368 3635; x_wconf 66' lang='lat' dir='ltr'><strong>emiserit</strong></span> <span class='ocrx_word' id='word_1_644' title='bbox 2393 3555 2535 3635; x_wconf 75' lang='lat' dir='ltr'><strong>Ade2</strong></span> <span class='ocrx_word' id='word_1_645' title='bbox 2569 3570 2598 3611; x_wconf 90' lang='lat' dir='ltr'><strong>a</strong></span> <span class='ocrx_word' id='word_1_646' title='bbox 2627 3555 2800 3635; x_wconf 49' lang='lat' dir='ltr'><strong>fieda,</strong></span> <span class='ocrx_word' id='word_1_647' title='bbox 2829 3553 2999 3635; x_wconf 75' lang='lat' dir='ltr'><strong>quem</strong></span> <span class='ocrx_word' id='word_1_648' title='bbox 3021 3555 3416 3635; x_wconf 71' lang='lat' dir='ltr'><strong>describebat,</strong></span> <span class='ocrx_word' id='word_1_649' title='bbox 3445 3553 3565 3635; x_wconf 81' lang='lat' dir='ltr'><strong>imo</strong></span> <span class='ocrx_word' id='word_1_650' title='bbox 3599 3553 3753 3635; x_wconf 78' lang='lat' dir='ltr'><strong>etab</strong></span> 
     </span>
    </p>
   </div>
   <div class='ocr_carea' id='block_1_89' title="bbox 2106 3624 3752 3696">
    <p class='ocr_par' dir='ltr' id='par_1_89' title="bbox 2106 3624 3752 3696">
     <span class='ocr_line' id='line_1_93' title="bbox 2106 3624 3752 3696; baseline 0.002 -20"><span class='ocrx_word' id='word_1_651' title='bbox 2106 3624 2568 3695; x_wconf 86' lang='lat' dir='ltr'><strong>Hierenymianis</strong></span> <span class='ocrx_word' id='word_1_652' title='bbox 2599 3624 2858 3695; x_wconf 78' lang='lat' dir='ltr'><strong>aliisque</strong></span> <span class='ocrx_word' id='word_1_653' title='bbox 2881 3626 3138 3696; x_wconf 88' lang='lat' dir='ltr'><strong>antiquis</strong></span> <span class='ocrx_word' id='word_1_654' title='bbox 3167 3625 3559 3682; x_wconf 88' lang='lat' dir='ltr'><strong>disertissime</strong></span> <span class='ocrx_word' id='word_1_655' title='bbox 3594 3630 3752 3680; x_wconf 87' lang='lat' dir='ltr'><strong>neta-</strong></span> 
     </span>
    </p>
   </div>
   <div class='ocr_carea' id='block_1_90' title="bbox 2108 3696 3752 3767">
    <p class='ocr_par' dir='ltr' id='par_1_90' title="bbox 2108 3696 3752 3767">
     <span class='ocr_line' id='line_1_94' title="bbox 2108 3696 3752 3767; baseline 0.002 -20"><span class='ocrx_word' id='word_1_656' title='bbox 2108 3697 2228 3767; x_wconf 77' lang='lat' dir='ltr'><strong>tum</strong></span> <span class='ocrx_word' id='word_1_657' title='bbox 2251 3696 2514 3752; x_wconf 83' lang='lat' dir='ltr'><strong>?Rursus</strong></span> <span class='ocrx_word' id='word_1_658' title='bbox 2537 3696 2689 3752; x_wconf 89' lang='lat' dir='ltr'><strong>unde</strong></span> <span class='ocrx_word' id='word_1_659' title='bbox 2710 3697 3020 3767; x_wconf 72' lang='lat' dir='ltr'><strong>Hyginins</strong></span> <span class='ocrx_word' id='word_1_660' title='bbox 3041 3697 3446 3767; x_wconf 89' lang='lat' dir='ltr'><strong>substituitur,</strong></span> <span class='ocrx_word' id='word_1_661' title='bbox 3469 3696 3752 3752; x_wconf 88' lang='lat' dir='ltr'><strong>vetustio-</strong></span> 
     </span>
    </p>
   </div>
   <div class='ocr_carea' id='block_1_91' title="bbox 2109 3763 3746 3835">
    <p class='ocr_par' dir='ltr' id='par_1_91' title="bbox 2109 3763 3746 3835">
     <span class='ocr_line' id='line_1_95' title="bbox 2109 3763 3746 3835; baseline 0.001 -17"><span class='ocrx_word' id='word_1_662' title='bbox 2109 3763 2269 3821; x_wconf 91' lang='lat' dir='ltr'><strong>ribus</strong></span> <span class='ocrx_word' id='word_1_663' title='bbox 2290 3767 2560 3822; x_wconf 90' lang='lat' dir='ltr'><strong>emnibus</strong></span> <span class='ocrx_word' id='word_1_664' title='bbox 2582 3763 2913 3834; x_wconf 77' lang='lat' dir='ltr'><strong>incognitus</strong></span> <span class='ocrx_word' id='word_1_665' title='bbox 2931 3768 2955 3820; x_wconf 70' lang='grc' dir='ltr'><strong>’ἒ</strong></span> <span class='ocrx_word' id='word_1_666' title='bbox 2975 3766 3118 3824; x_wconf 86' lang='lat' dir='ltr'><strong>Malo</strong></span> <span class='ocrx_word' id='word_1_667' title='bbox 3144 3767 3311 3823; x_wconf 88' lang='lat' dir='ltr'><strong>fateri</strong></span> <span class='ocrx_word' id='word_1_668' title='bbox 3334 3763 3746 3835; x_wconf 86' lang='lat' dir='ltr'><strong>ignorantiam,</strong></span> 
     </span>
    </p>
   </div>
   <div class='ocr_carea' id='block_1_92' title="bbox 2108 3835 3750 3909">
    <p class='ocr_par' dir='ltr' id='par_1_92' title="bbox 2108 3835 3750 3909">
     <span class='ocr_line' id='line_1_96' title="bbox 2108 3835 3750 3909; baseline 0 -19"><span class='ocrx_word' id='word_1_669' title='bbox 2108 3849 2276 3909; x_wconf 82' lang='lat' dir='ltr'><strong>quam</strong></span> <span class='ocrx_word' id='word_1_670' title='bbox 2301 3835 2685 3909; x_wconf 81' lang='lat' dir='ltr'><strong>conjectaude</strong></span> <span class='ocrx_word' id='word_1_671' title='bbox 2709 3837 3002 3909; x_wconf 86' lang='lat' dir='ltr'><strong>hariolari.</strong></span> <span class='ocrx_word' id='word_1_672' title='bbox 3031 3839 3130 3900; x_wconf 83' lang='lat' dir='ltr'><strong>Est</strong></span> <span class='ocrx_word' id='word_1_673' title='bbox 3153 3842 3440 3909; x_wconf 73' lang='lat' dir='ltr'><strong>praeterea</strong></span> <span class='ocrx_word' id='word_1_674' title='bbox 3465 3837 3750 3909; x_wconf 83' lang='lat' dir='ltr'><strong>ineodem</strong></span> 
     </span>
    </p>
   </div>
   <div class='ocr_carea' id='block_1_93' title="bbox 2109 3905 3752 3976">
    <p class='ocr_par' dir='ltr' id='par_1_93' title="bbox 2109 3905 3752 3976">
     <span class='ocr_line' id='line_1_97' title="bbox 2109 3905 3752 3976; baseline 0.002 -16"><span class='ocrx_word' id='word_1_675' title='bbox 2109 3905 2305 3962; x_wconf 89' lang='lat' dir='ltr'><strong>Adone</strong></span> <span class='ocrx_word' id='word_1_676' title='bbox 2336 3905 2546 3976; x_wconf 84' lang='lat' dir='ltr'><strong>quarto</strong></span> <span class='ocrx_word' id='word_1_677' title='bbox 2575 3907 2722 3976; x_wconf 91' lang='lat' dir='ltr'><strong>loco,</strong></span> <span class='ocrx_word' id='word_1_678' title='bbox 2746 3908 3022 3964; x_wconf 74' lang='lat' dir='ltr'><strong>adventio</strong></span> <span class='ocrx_word' id='word_1_679' title='bbox 3049 3905 3245 3966; x_wconf 71' lang='lat' dir='ltr'><strong>sancti</strong></span> <span class='ocrx_word' id='word_1_680' title='bbox 3265 3907 3576 3966; x_wconf 73' lang='lat' dir='ltr'><strong>Hermetis</strong></span> <span class='ocrx_word' id='word_1_681' title='bbox 3601 3921 3752 3964; x_wconf 77' lang='lat' dir='ltr'><strong>mar-</strong></span> 
     </span>
    </p>
   </div>
   <div class='ocr_carea' id='block_1_94' title="bbox 2108 3976 3750 4046">
    <p class='ocr_par' dir='ltr' id='par_1_94' title="bbox 2108 3976 3750 4046">
     <span class='ocr_line' id='line_1_98' title="bbox 2108 3976 3750 4046; baseline 0.001 -16"><span class='ocrx_word' id='word_1_682' title='bbox 2108 3976 2280 4046; x_wconf 69' lang='lat' dir='ltr'><strong>tyris.</strong></span> <span class='ocrx_word' id='word_1_683' title='bbox 2310 3977 2417 4032; x_wconf 91' lang='lat' dir='ltr'><strong>Sed</strong></span> <span class='ocrx_word' id='word_1_684' title='bbox 2469 3977 2942 4034; x_wconf 90' lang='lat' dir='ltr'><strong>annuntiationes</strong></span> <span class='ocrx_word' id='word_1_685' title='bbox 2983 3977 3100 4034; x_wconf 65' lang='lat' dir='ltr'><strong>illae</strong></span> <span class='ocrx_word' id='word_1_686' title='bbox 3149 3979 3333 4034; x_wconf 75' lang='lat' dir='ltr'><strong>ambaa</strong></span> <span class='ocrx_word' id='word_1_687' title='bbox 3365 3979 3438 4034; x_wconf 87' lang='lat' dir='ltr'><strong>ab</strong></span> <span class='ocrx_word' id='word_1_688' title='bbox 3485 3976 3750 4035; x_wconf 89' lang='lat' dir='ltr'><strong>Usuardo</strong></span> 
     </span>
    </p>
   </div>
   <div class='ocr_carea' id='block_1_95' title="bbox 2109 4045 3753 4119">
    <p class='ocr_par' dir='ltr' id='par_1_95' title="bbox 2109 4045 3753 4119">
     <span class='ocr_line' id='line_1_99' title="bbox 2109 4045 3753 4119; baseline 0.003 -21"><span class='ocrx_word' id='word_1_689' title='bbox 2109 4045 2652 4119; x_wconf 79' lang='lat' dir='ltr'><strong>plane_reticentur.</strong></span> <span class='ocrx_word' id='word_1_690' title='bbox 2680 4049 2756 4104; x_wconf 91' lang='lat' dir='ltr'><strong>De</strong></span> <span class='ocrx_word' id='word_1_691' title='bbox 2788 4048 3135 4104; x_wconf 89' lang='lat' dir='ltr'><strong>adventiene</strong></span> <span class='ocrx_word' id='word_1_692' title='bbox 3169 4049 3460 4119; x_wconf 84' lang='lat' dir='ltr'><strong>Hermetis</strong></span> <span class='ocrx_word' id='word_1_693' title='bbox 3483 4048 3604 4118; x_wconf 86' lang='lat' dir='ltr'><strong>legi</strong></span> <span class='ocrx_word' id='word_1_694' title='bbox 3634 4061 3753 4119; x_wconf 76' lang='lat' dir='ltr'><strong>res-</strong></span> 
     </span>
    </p>
   </div>
   <div class='ocr_carea' id='block_1_96' title="bbox 2108 4117 3752 4190">
    <p class='ocr_par' dir='ltr' id='par_1_96' title="bbox 2108 4117 3752 4190">
     <span class='ocr_line' id='line_1_100' title="bbox 2108 4117 3752 4190; baseline 0.001 -19"><span class='ocrx_word' id='word_1_695' title='bbox 2108 4120 2242 4190; x_wconf 86' lang='lat' dir='ltr'><strong>suut</strong></span> <span class='ocrx_word' id='word_1_696' title='bbox 2273 4117 2584 4187; x_wconf 87' lang='lat' dir='ltr'><strong>Resweydi</strong></span> <span class='ocrx_word' id='word_1_697' title='bbox 2620 4119 3028 4190; x_wconf 84' lang='lat' dir='ltr'><strong>annotationes</strong></span> <span class='ocrx_word' id='word_1_698' title='bbox 3060 4119 3130 4174; x_wconf 88' lang='lat' dir='ltr'><strong>ad</strong></span> <span class='ocrx_word' id='word_1_699' title='bbox 3165 4118 3384 4175; x_wconf 86' lang='lat' dir='ltr'><strong>Adonis</strong></span> <span class='ocrx_word' id='word_1_700' title='bbox 3414 4117 3752 4190; x_wconf 77' lang='lat' dir='ltr'><strong>Martyrolo-</strong></span> 
     </span>
    </p>
   </div>
   <div class='ocr_carea' id='block_1_97' title="bbox 2106 4185 3752 4258">
    <p class='ocr_par' dir='ltr' id='par_1_97' title="bbox 2106 4185 3752 4258">
     <span class='ocr_line' id='line_1_101' title="bbox 2106 4185 3752 4258; baseline 0.002 -17"><span class='ocrx_word' id='word_1_701' title='bbox 2106 4185 2420 4258; x_wconf 80' lang='lat' dir='ltr'><strong>giumpag.</strong></span> <span class='ocrx_word' id='word_1_702' title='bbox 2467 4185 2590 4256; x_wconf 70' lang='lat'><strong>225,</strong></span> <span class='ocrx_word' id='word_1_703' title='bbox 2626 4193 2682 4244; x_wconf 89' lang='lat' dir='ltr'><strong>et</strong></span> <span class='ocrx_word' id='word_1_704' title='bbox 2736 4188 3026 4245; x_wconf 91' lang='lat' dir='ltr'><strong>indiculus</strong></span> <span class='ocrx_word' id='word_1_705' title='bbox 3070 4193 3266 4244; x_wconf 90' lang='lat' dir='ltr'><strong>noster</strong></span> <span class='ocrx_word' id='word_1_706' title='bbox 3315 4185 3752 4258; x_wconf 55' lang='lat' dir='ltr'><strong>Praitermissee</strong></span> 
     </span>
    </p>
   </div>
   <div class='ocr_carea' id='block_1_98' title="bbox 2110 4257 3747 4316">
    <p class='ocr_par' dir='ltr' id='par_1_98' title="bbox 2110 4257 3747 4316">
     <span class='ocr_line' id='line_1_102' title="bbox 2110 4257 3747 4316; baseline 0.001 -5"><span class='ocrx_word' id='word_1_707' title='bbox 2110 4272 2235 4312; x_wconf 91' lang='lat' dir='ltr'><strong>rum</strong></span> <span class='ocrx_word' id='word_1_708' title='bbox 2269 4257 2518 4314; x_wconf 36' lang='lat' dir='ltr'><strong>h’oc&#39;die.</strong></span> <span class='ocrx_word' id='word_1_709' title='bbox 2556 4261 2670 4316; x_wconf 90' lang='lat' dir='ltr'><strong>Cur</strong></span> <span class='ocrx_word' id='word_1_710' title='bbox 2712 4259 2768 4314; x_wconf 92' lang='lat' dir='ltr'><strong>in</strong></span> <span class='ocrx_word' id='word_1_711' title='bbox 2814 4261 3070 4316; x_wconf 83' lang='lat' dir='ltr'><strong>Romano</strong></span> <span class='ocrx_word' id='word_1_712' title='bbox 3112 4259 3389 4316; x_wconf 91' lang='lat' dir='ltr'><strong>mederno</strong></span> <span class='ocrx_word' id='word_1_713' title='bbox 3419 4259 3646 4316; x_wconf 90' lang='lat' dir='ltr'><strong>Paulus</strong></span> <span class='ocrx_word' id='word_1_714' title='bbox 3684 4257 3747 4314; x_wconf 87' lang='lat' dir='ltr'><strong>ad</strong></span> 
     </span>
    </p>
   </div>
   <div class='ocr_carea' id='block_1_99' title="bbox 2109 4329 3754 4401">
    <p class='ocr_par' dir='ltr' id='par_1_99' title="bbox 2109 4329 3754 4401">
     <span class='ocr_line' id='line_1_103' title="bbox 2109 4329 3754 4401; baseline 0.001 -19"><span class='ocrx_word' id='word_1_715' title='bbox 2109 4342 2184 4401; x_wconf 71' lang='lat' dir='ltr'><strong>xv</strong></span> <span class='ocrx_word' id='word_1_716' title='bbox 2209 4329 2463 4401; x_wconf 83' lang='lat' dir='ltr'><strong>Januarii</strong></span> <span class='ocrx_word' id='word_1_717' title='bbox 2498 4329 2824 4401; x_wconf 85' lang='lat' dir='ltr'><strong>translatus</strong></span> <span class='ocrx_word' id='word_1_718' title='bbox 2854 4329 2954 4401; x_wconf 89' lang='lat' dir='ltr'><strong>sit,</strong></span> <span class='ocrx_word' id='word_1_719' title='bbox 2977 4345 3107 4401; x_wconf 89' lang='lat' dir='ltr'><strong>eum</strong></span> <span class='ocrx_word' id='word_1_720' title='bbox 3134 4330 3360 4401; x_wconf 88' lang='lat' dir='ltr'><strong>priores</strong></span> <span class='ocrx_word' id='word_1_721' title='bbox 3392 4344 3602 4401; x_wconf 85' lang='lat' dir='ltr'><strong>omnes</strong></span> <span class='ocrx_word' id='word_1_722' title='bbox 3633 4329 3754 4387; x_wconf 89' lang='lat' dir='ltr'><strong>dies</strong></span> 
     </span>
    </p>
   </div>
   <div class='ocr_carea' id='block_1_100' title="bbox 355 4385 3749 4472">
    <p class='ocr_par' dir='ltr' id='par_1_100' title="bbox 355 4385 3749 4472">
     <span class='ocr_line' id='line_1_104' title="bbox 355 4385 3749 4472; baseline -0.001 -15"><span class='ocrx_word' id='word_1_723' title='bbox 355 4385 845 4472; x_wconf 43' lang='lat'><strong>83956111919179“?</strong></span> <span class='ocrx_word' id='word_1_724' title='bbox 871 4385 1896 4472; x_wconf 36' lang='lat' dir='ltr'><strong>fortcltimideisajthﬁllbOPSCUfC</strong></span> <span class='ocrx_word' id='word_1_725' title='bbox 1918 4385 1998 4472; x_wconf 70' lang='lat'><strong>19&#39;</strong></span> <span class='ocrx_word' id='word_1_726' title='bbox 2027 4403 2078 4464; x_wconf 87' lang='lat' dir='ltr'><strong>D</strong></span> <span class='ocrx_word' id='word_1_727' title='bbox 2111 4396 2224 4453; x_wconf 91' lang='lat' dir='ltr'><strong>alio</strong></span> <span class='ocrx_word' id='word_1_728' title='bbox 2254 4399 2448 4455; x_wconf 85' lang='lat' dir='ltr'><strong>efficio</strong></span> <span class='ocrx_word' id='word_1_729' title='bbox 2479 4385 2878 4472; x_wconf 80' lang='lat' dir='ltr'><strong>ecclesiastico</strong></span> <span class='ocrx_word' id='word_1_730' title='bbox 2911 4385 3173 4472; x_wconf 73' lang='lat' dir='ltr'><strong>impediti</strong></span> <span class='ocrx_word' id='word_1_731' title='bbox 3214 4404 3358 4472; x_wconf 69' lang='lat' dir='ltr'><strong>sunt,</strong></span> <span class='ocrx_word' id='word_1_732' title='bbox 3385 4385 3612 4472; x_wconf 80' lang='lat' dir='ltr'><strong>clarius</strong></span> <span class='ocrx_word' id='word_1_733' title='bbox 3641 4385 3749 4472; x_wconf 81' lang='lat' dir='ltr'><strong>est,</strong></span> 
     </span>
    </p>
   </div>
   <div class='ocr_carea' id='block_1_101' title="bbox 355 4453 1998 4528">
    <p class='ocr_par' dir='ltr' id='par_1_101' title="bbox 355 4453 1998 4528">
     <span class='ocr_line' id='line_1_105' title="bbox 355 4453 1998 4528; baseline 0.001 -19"><span class='ocrx_word' id='word_1_734' title='bbox 355 4461 452 4528; x_wconf 82' lang='lat' dir='ltr'><strong>qui</strong></span> <span class='ocrx_word' id='word_1_735' title='bbox 485 4453 648 4511; x_wconf 90' lang='lat' dir='ltr'><strong>visus</strong></span> <span class='ocrx_word' id='word_1_736' title='bbox 677 4460 767 4528; x_wconf 87' lang='lat' dir='ltr'><strong>est</strong></span> <span class='ocrx_word' id='word_1_737' title='bbox 799 4456 932 4528; x_wconf 85' lang='lat' dir='ltr'><strong>dum</strong></span> <span class='ocrx_word' id='word_1_738' title='bbox 979 4453 1292 4528; x_wconf 85' lang='lat' dir='ltr'><strong>utrumque</strong></span> <span class='ocrx_word' id='word_1_739' title='bbox 1336 4457 1556 4514; x_wconf 89' lang='lat' dir='ltr'><strong>Adonis</strong></span> <span class='ocrx_word' id='word_1_740' title='bbox 1587 4461 1812 4514; x_wconf 86' lang='lat' dir='ltr'><strong>textum</strong></span> <span class='ocrx_word' id='word_1_741' title='bbox 1843 4471 1998 4512; x_wconf 91' lang='lat' dir='ltr'><strong>cem-</strong></span> 
     </span>
    </p>
   </div>
   <div class='ocr_carea' id='block_1_102' title="bbox 356 4525 2000 4598">
    <p class='ocr_par' dir='ltr' id='par_1_102' title="bbox 356 4525 2000 4598">
     <span class='ocr_line' id='line_1_106' title="bbox 356 4525 2000 4598; baseline 0.002 -20"><span class='ocrx_word' id='word_1_742' title='bbox 356 4525 637 4598; x_wconf 78' lang='lat' dir='ltr'><strong>miseens,</strong></span> <span class='ocrx_word' id='word_1_743' title='bbox 653 4526 913 4598; x_wconf 86' lang='lat' dir='ltr'><strong>ejusdem</strong></span> <span class='ocrx_word' id='word_1_744' title='bbox 940 4525 1333 4598; x_wconf 53' lang='lat' dir='ltr'><strong>phrasim&#39;nen</strong></span> <span class='ocrx_word' id='word_1_745' title='bbox 1363 4528 1509 4582; x_wconf 90' lang='lat' dir='ltr'><strong>satis</strong></span> <span class='ocrx_word' id='word_1_746' title='bbox 1541 4528 1699 4584; x_wconf 90' lang='lat' dir='ltr'><strong>clare</strong></span> <span class='ocrx_word' id='word_1_747' title='bbox 1731 4532 2000 4597; x_wconf 91' lang='lat' dir='ltr'><strong>transpo-</strong></span> 
     </span>
    </p>
   </div>
   <div class='ocr_carea' id='block_1_103' title="bbox 355 4595 1994 4669">
    <p class='ocr_par' dir='ltr' id='par_1_103' title="bbox 355 4595 1994 4669">
     <span class='ocr_line' id='line_1_107' title="bbox 355 4595 1994 4669; baseline 0.001 -19"><span class='ocrx_word' id='word_1_748' title='bbox 355 4595 764 4669; x_wconf 49' lang='lat' dir='ltr'><strong>suit:1\&#39;ot_kere</strong></span> <span class='ocrx_word' id='word_1_749' title='bbox 787 4595 1056 4669; x_wconf 83' lang='lat' dir='ltr'><strong>ductoris</strong></span> <span class='ocrx_word' id='word_1_750' title='bbox 1074 4603 1324 4654; x_wconf 90' lang='lat' dir='ltr'><strong>mentem</strong></span> <span class='ocrx_word' id='word_1_751' title='bbox 1350 4598 1609 4669; x_wconf 85' lang='lat' dir='ltr'><strong>pressius</strong></span> <span class='ocrx_word' id='word_1_752' title='bbox 1631 4595 1994 4668; x_wconf 79' lang='lat' dir='ltr'><strong>insequente.</strong></span> 
     </span>
    </p>
   </div>
   <div class='ocr_carea' id='block_1_104' title="bbox 353 4666 1992 4740">
    <p class='ocr_par' dir='ltr' id='par_1_104' title="bbox 353 4666 1992 4740">
     <span class='ocr_line' id='line_1_108' title="bbox 353 4666 1992 4740; baseline 0.001 -19"><span class='ocrx_word' id='word_1_753' title='bbox 353 4666 432 4740; x_wconf 73' lang='grc' dir='ltr'><strong>ρθ</strong></span> <span class='ocrx_word' id='word_1_754' title='bbox 457 4667 654 4740; x_wconf 51' lang='lat' dir='ltr'><strong>ﬂante</strong></span> <span class='ocrx_word' id='word_1_755' title='bbox 667 4666 750 4740; x_wconf 81' lang='lat' dir='ltr'><strong>sie</strong></span> <span class='ocrx_word' id='word_1_756' title='bbox 773 4667 1031 4740; x_wconf 85' lang='lat' dir='ltr'><strong>meminit</strong></span> <span class='ocrx_word' id='word_1_757' title='bbox 1054 4666 1377 4740; x_wconf 87' lang='lat' dir='ltr'><strong>primoloeo</strong></span> <span class='ocrx_word' id='word_1_758' title='bbox 1391 4666 1992 4740; x_wconf 12' lang='lat' dir='ltr'><strong>Romanumiparvum:</strong></span> 
     </span>
    </p>
   </div>
   <div class='ocr_carea' id='block_1_105' title="bbox 353 4736 1998 4807">
    <p class='ocr_par' dir='ltr' id='par_1_105' title="bbox 353 4736 1998 4807">
     <span class='ocr_line' id='line_1_109' title="bbox 353 4736 1998 4807; baseline 0.001 -15"><span class='ocrx_word' id='word_1_759' title='bbox 353 4737 430 4807; x_wconf 69' lang='grc' dir='ltr'><strong>[η</strong></span> <span class='ocrx_word' id='word_1_760' title='bbox 465 4736 790 4807; x_wconf 70' lang='lat' dir='ltr'><strong>Thebaida,</strong></span> <span class='ocrx_word' id='word_1_761' title='bbox 819 4738 1019 4794; x_wconf 78' lang='lat' dir='ltr'><strong>sancti</strong></span> <span class='ocrx_word' id='word_1_762' title='bbox 1054 4736 1248 4796; x_wconf 73' lang='grc' dir='ltr'><strong>Ῥαπιὶ</strong></span> <span class='ocrx_word' id='word_1_763' title='bbox 1286 4739 1558 4796; x_wconf 72' lang='lat' dir='ltr'><strong>eremita.</strong></span> <span class='ocrx_word' id='word_1_764' title='bbox 1599 4741 1667 4794; x_wconf 85' lang='lat' dir='ltr'><strong>At</strong></span> <span class='ocrx_word' id='word_1_765' title='bbox 1709 4736 1872 4793; x_wconf 86' lang='lat' dir='ltr'><strong>Pauli</strong></span> <span class='ocrx_word' id='word_1_766' title='bbox 1905 4751 1998 4793; x_wconf 90' lang='lat' dir='ltr'><strong>ce-</strong></span> 
     </span>
    </p>
   </div>
   <div class='ocr_carea' id='block_1_106' title="bbox 356 4804 1998 4880">
    <p class='ocr_par' dir='ltr' id='par_1_106' title="bbox 356 4804 1998 4880">
     <span class='ocr_line' id='line_1_110' title="bbox 356 4804 1998 4880; baseline 0.001 -20"><span class='ocrx_word' id='word_1_767' title='bbox 356 4804 600 4864; x_wconf 86' lang='lat' dir='ltr'><strong>lebritas</strong></span> <span class='ocrx_word' id='word_1_768' title='bbox 631 4804 926 4878; x_wconf 85' lang='lat' dir='ltr'><strong>antiquior</strong></span> <span class='ocrx_word' id='word_1_769' title='bbox 946 4811 1061 4878; x_wconf 90' lang='lat' dir='ltr'><strong>est,</strong></span> <span class='ocrx_word' id='word_1_770' title='bbox 1096 4824 1126 4864; x_wconf 92' lang='lat' dir='ltr'><strong>a</strong></span> <span class='ocrx_word' id='word_1_771' title='bbox 1152 4809 1302 4865; x_wconf 90' lang='lat' dir='ltr'><strong>Beda</strong></span> <span class='ocrx_word' id='word_1_772' title='bbox 1334 4809 1602 4865; x_wconf 92' lang='lat' dir='ltr'><strong>nimirum</strong></span> <span class='ocrx_word' id='word_1_773' title='bbox 1630 4808 1792 4880; x_wconf 90' lang='lat' dir='ltr'><strong>prius</strong></span> <span class='ocrx_word' id='word_1_774' title='bbox 1823 4807 1878 4862; x_wconf 93' lang='lat' dir='ltr'><strong>in</strong></span> <span class='ocrx_word' id='word_1_775' title='bbox 1910 4823 1998 4864; x_wconf 88' lang='lat' dir='ltr'><strong>sa-</strong></span> 
     </span>
    </p>
   </div>
   <div class='ocr_carea' id='block_1_107' title="bbox 2111 4469 3752 4552">
    <p class='ocr_par' dir='ltr' id='par_1_107' title="bbox 2111 4469 3752 4552">
     <span class='ocr_line' id='line_1_111' title="bbox 2111 4469 3752 4552; baseline 0.001 -29"><span class='ocrx_word' id='word_1_776' title='bbox 2111 4482 2280 4552; x_wconf 67' lang='lat' dir='ltr'><strong>euam</strong></span> <span class='ocrx_word' id='word_1_777' title='bbox 2315 4469 3142 4552; x_wconf 34' lang='lat' dir='ltr'><strong>_ut‘e_xpli‘cationeﬁindigeat.</strong></span> <span class='ocrx_word' id='word_1_778' title='bbox 3183 4470 3642 4552; x_wconf 68' lang='lat' dir='ltr'><strong>Wandalbertus</strong></span> <span class='ocrx_word' id='word_1_779' title='bbox 3671 4469 3752 4525; x_wconf 90' lang='lat' dir='ltr'><strong>sic</strong></span> 
     </span>
    </p>
   </div>
   <div class='ocr_carea' id='block_1_108' title="bbox 2111 4537 3407 4612">
    <p class='ocr_par' dir='ltr' id='par_1_108' title="bbox 2111 4537 3407 4612">
     <span class='ocr_line' id='line_1_112' title="bbox 2111 4537 3407 4612; baseline 0.002 -19"><span class='ocrx_word' id='word_1_780' title='bbox 2111 4537 2283 4596; x_wconf 90' lang='lat' dir='ltr'><strong>hodie</strong></span> <span class='ocrx_word' id='word_1_781' title='bbox 2315 4537 2688 4598; x_wconf 87' lang='lat' dir='ltr'><strong>Melchiadem</strong></span> <span class='ocrx_word' id='word_1_782' title='bbox 2720 4546 2781 4597; x_wconf 91' lang='lat' dir='ltr'><strong>ct</strong></span> <span class='ocrx_word' id='word_1_783' title='bbox 2811 4537 3050 4598; x_wconf 82' lang='lat' dir='ltr'><strong>Paulum</strong></span> <span class='ocrx_word' id='word_1_784' title='bbox 3083 4540 3407 4612; x_wconf 87' lang='lat' dir='ltr'><strong>cenjungit.</strong></span> 
     </span>
    </p>
   </div>
   <div class='ocr_carea' id='block_1_109' title="bbox 2293 4759 3550 4817">
    <p class='ocr_par' dir='ltr' id='par_1_109' title="bbox 2293 4759 3550 4817">
     <span class='ocr_line' id='line_1_113' title="bbox 2293 4759 3550 4817; baseline 0 -12"><span class='ocrx_word' id='word_1_785' title='bbox 2293 4761 2482 4815; x_wconf 72' lang='lat' dir='ltr'><strong>Quarto</strong></span> <span class='ocrx_word' id='word_1_786' title='bbox 2500 4759 2822 4816; x_wconf 79' lang='lat' dir='ltr'><strong>Melchiedes,</strong></span> <span class='ocrx_word' id='word_1_787' title='bbox 2847 4761 3130 4817; x_wconf 83' lang='lat' dir='ltr'><strong>Paulusque</strong></span> <span class='ocrx_word' id='word_1_788' title='bbox 3155 4760 3385 4816; x_wconf 72' lang='lat' dir='ltr'><strong>ere-mlta,</strong></span> <span class='ocrx_word' id='word_1_789' title='bbox 3402 4760 3550 4806; x_wconf 77' lang='lat' dir='ltr'><strong>beato</strong></span> 
     </span>
    </p>
   </div>
   <div class='ocr_carea' id='block_1_110' title="bbox 2290 4821 3348 4876">
    <p class='ocr_par' dir='ltr' id='par_1_110' title="bbox 2290 4821 3348 4876">
     <span class='ocr_line' id='line_1_114' title="bbox 2290 4821 3348 4876; baseline -0.004 -8"><span class='ocrx_word' id='word_1_790' title='bbox 2290 4821 2479 4868; x_wconf 76' lang='lat' dir='ltr'><strong>Sublati</strong></span> <span class='ocrx_word' id='word_1_791' title='bbox 2504 4822 2618 4876; x_wconf 78' lang='lat' dir='ltr'><strong>ﬁne,</strong></span> <span class='ocrx_word' id='word_1_792' title='bbox 2639 4822 2850 4868; x_wconf 69' lang='lat' dir='ltr'><strong>mtheree</strong></span> <span class='ocrx_word' id='word_1_793' title='bbox 2880 4823 3112 4867; x_wconf 70' lang='lat' dir='ltr'><strong>laetantur</strong></span> <span class='ocrx_word' id='word_1_794' title='bbox 3141 4821 3192 4867; x_wconf 87' lang='lat' dir='ltr'><strong>in</strong></span> <span class='ocrx_word' id='word_1_795' title='bbox 3212 4832 3348 4866; x_wconf 79' lang='lat' dir='ltr'><strong>arce.</strong></span> 
     </span>
    </p>
   </div>
   <div class='ocr_carea' id='block_1_111' title="bbox 1871 4929 2244 4986">
    <p class='ocr_par' dir='ltr' id='par_1_111' title="bbox 1871 4929 2244 4986">
     <span class='ocr_line' id='line_1_115' title="bbox 1871 4929 2244 4986; baseline -0.008 0"><span class='ocrx_word' id='word_1_796' title='bbox 1871 4929 2222 4986; x_wconf 83' lang='lat' dir='ltr'><strong>AUCTARIA</strong></span> <span class='ocrx_word' id='word_1_797' title='bbox 2233 4971 2244 4983; x_wconf 96' lang='lat'><strong>.</strong></span> 
     </span>
    </p>
   </div>
   <div class='ocr_carea' id='block_1_112' title="bbox 427 5024 2002 5097">
    <p class='ocr_par' dir='ltr' id='par_1_112' title="bbox 427 5024 2002 5097">
     <span class='ocr_line' id='line_1_116' title="bbox 427 5024 2002 5097; baseline -0.001 -13"><span class='ocrx_word' id='word_1_798' title='bbox 427 5027 896 5097; x_wconf 66' lang='lat' dir='ltr'><strong>Auresnr.-Mu.,</strong></span> <span class='ocrx_word' id='word_1_799' title='bbox 943 5031 1176 5084; x_wconf 90' lang='lat' dir='ltr'><strong>servate</strong></span> <span class='ocrx_word' id='word_1_800' title='bbox 1221 5024 1471 5097; x_wconf 84' lang='lat' dir='ltr'><strong>Usuardi</strong></span> <span class='ocrx_word' id='word_1_801' title='bbox 1513 5024 1736 5095; x_wconf 88' lang='lat' dir='ltr'><strong>ordine,</strong></span> <span class='ocrx_word' id='word_1_802' title='bbox 1783 5025 2002 5082; x_wconf 91' lang='lat' dir='ltr'><strong>Adonis</strong></span> 
     </span>
    </p>
   </div>
   <div class='ocr_carea' id='block_1_113' title="bbox 357 5095 2002 5169">
    <p class='ocr_par' dir='ltr' id='par_1_113' title="bbox 357 5095 2002 5169">
     <span class='ocr_line' id='line_1_117' title="bbox 357 5095 2002 5169; baseline -0.001 -18"><span class='ocrx_word' id='word_1_803' title='bbox 357 5102 581 5169; x_wconf 81' lang='lat' dir='ltr'><strong>textum</strong></span> <span class='ocrx_word' id='word_1_804' title='bbox 614 5099 666 5155; x_wconf 91' lang='lat' dir='ltr'><strong>ei</strong></span> <span class='ocrx_word' id='word_1_805' title='bbox 703 5095 890 5169; x_wconf 82' lang='lat' dir='ltr'><strong>ferme</strong></span> <span class='ocrx_word' id='word_1_806' title='bbox 911 5097 1224 5169; x_wconf 89' lang='lat' dir='ltr'><strong>supponit:</strong></span> <span class='ocrx_word' id='word_1_807' title='bbox 1263 5095 1689 5169; x_wconf 78' lang='lat' dir='ltr'><strong>«_Natale_beati</strong></span> <span class='ocrx_word' id='word_1_808' title='bbox 1727 5097 2002 5169; x_wconf 73' lang='lat' dir='ltr'><strong>Niehane-</strong></span> 
     </span>
    </p>
   </div>
   <div class='ocr_carea' id='block_1_114' title="bbox 361 5166 2000 5239">
    <p class='ocr_par' dir='ltr' id='par_1_114' title="bbox 361 5166 2000 5239">
     <span class='ocr_line' id='line_1_118' title="bbox 361 5166 2000 5239; baseline 0.001 -19"><span class='ocrx_word' id='word_1_809' title='bbox 361 5167 461 5237; x_wconf 91' lang='lat' dir='ltr'><strong>ris,</strong></span> <span class='ocrx_word' id='word_1_810' title='bbox 496 5169 776 5239; x_wconf 87' lang='lat' dir='ltr'><strong>quiunus</strong></span> <span class='ocrx_word' id='word_1_811' title='bbox 802 5168 905 5226; x_wconf 91' lang='lat' dir='ltr'><strong>fuit</strong></span> <span class='ocrx_word' id='word_1_812' title='bbox 931 5166 1002 5225; x_wconf 82' lang='lat' dir='ltr'><strong>de</strong></span> <span class='ocrx_word' id='word_1_813' title='bbox 1021 5166 1242 5239; x_wconf 72' lang='lat' dir='ltr'><strong>Septem</strong></span> <span class='ocrx_word' id='word_1_814' title='bbox 1279 5166 1870 5239; x_wconf 69' lang='lat' dir='ltr'><strong>diaconibusprimis,</strong></span> <span class='ocrx_word' id='word_1_815' title='bbox 1900 5166 2000 5239; x_wconf 88' lang='lat' dir='ltr'><strong>llic</strong></span> 
     </span>
    </p>
   </div>
   <div class='ocr_carea' id='block_1_115' title="bbox 356 5236 1997 5309">
    <p class='ocr_par' dir='ltr' id='par_1_115' title="bbox 356 5236 1997 5309">
     <span class='ocr_line' id='line_1_119' title="bbox 356 5236 1997 5309; baseline 0.001 -19"><span class='ocrx_word' id='word_1_816' title='bbox 356 5236 546 5309; x_wconf 80' lang='lat' dir='ltr'><strong>gratia</strong></span> <span class='ocrx_word' id='word_1_817' title='bbox 573 5238 753 5309; x_wconf 80' lang='lat' dir='ltr'><strong>ﬁdei,</strong></span> <span class='ocrx_word' id='word_1_818' title='bbox 795 5243 852 5294; x_wconf 92' lang='lat' dir='ltr'><strong>et</strong></span> <span class='ocrx_word' id='word_1_819' title='bbox 895 5236 1117 5296; x_wconf 82' lang='lat' dir='ltr'><strong>virtute</strong></span> <span class='ocrx_word' id='word_1_820' title='bbox 1153 5236 1504 5309; x_wconf 16' lang='lat' dir='ltr'><strong>Aadmirande</strong></span> <span class='ocrx_word' id='word_1_821' title='bbox 1547 5236 1997 5309; x_wconf 81' lang='lat' dir='ltr'><strong>(admirandus),</strong></span> 
     </span>
    </p>
   </div>
   <div class='ocr_carea' id='block_1_116' title="bbox 359 5307 1998 5379">
    <p class='ocr_par' dir='ltr' id='par_1_116' title="bbox 359 5307 1998 5379">
     <span class='ocr_line' id='line_1_120' title="bbox 359 5307 1998 5379; baseline 0 -16"><span class='ocrx_word' id='word_1_822' title='bbox 359 5307 512 5378; x_wconf 90' lang='lat' dir='ltr'><strong>apud</strong></span> <span class='ocrx_word' id='word_1_823' title='bbox 555 5307 802 5379; x_wconf 77' lang='lat' dir='ltr'><strong>Cyprum</strong></span> <span class='ocrx_word' id='word_1_824' title='bbox 842 5307 1260 5379; x_wconf 87' lang='lat' dir='ltr'><strong>gloriosissime</strong></span> <span class='ocrx_word' id='word_1_825' title='bbox 1301 5311 1617 5379; x_wconf 76' lang='lat' dir='ltr'><strong>coronatus</strong></span> <span class='ocrx_word' id='word_1_826' title='bbox 1655 5311 1765 5379; x_wconf 80' lang='lat' dir='ltr'><strong>est,</strong></span> <span class='ocrx_word' id='word_1_827' title='bbox 1801 5307 1998 5379; x_wconf 84' lang='lat' dir='ltr'><strong>ibique</strong></span> 
     </span>
    </p>
   </div>
   <div class='ocr_carea' id='block_1_117' title="bbox 359 5325 1996 5458">
    <p class='ocr_par' dir='ltr' id='par_1_117' title="bbox 359 5325 1996 5458">
     <span class='ocr_line' id='line_1_121' title="bbox 359 5325 1996 5379; baseline -0.001 -16"><span class='ocrx_word' id='word_1_828' title='bbox 359 5325 512 5378; x_wconf 77' lang='lat' dir='ltr'><strong>apud</strong></span> <span class='ocrx_word' id='word_1_829' title='bbox 555 5325 632 5377; x_wconf 69' lang='lat' dir='ltr'><strong>by</strong></span> <span class='ocrx_word' id='word_1_830' title='bbox 678 5325 802 5363; x_wconf 92' lang='lat' dir='ltr'><strong>rum</strong></span> <span class='ocrx_word' id='word_1_831' title='bbox 842 5325 1260 5379; x_wconf 70' lang='lat' dir='ltr'><strong>glorlesmsnme</strong></span> <span class='ocrx_word' id='word_1_832' title='bbox 1301 5325 1617 5364; x_wconf 78' lang='lat' dir='ltr'><strong>coronatus</strong></span> <span class='ocrx_word' id='word_1_833' title='bbox 1655 5325 1745 5363; x_wconf 67' lang='lat' dir='ltr'><strong>88E</strong></span> <span class='ocrx_word' id='word_1_834' title='bbox 1801 5325 1996 5378; x_wconf 82' lang='lat' dir='ltr'><strong>Imque</strong></span> 
     </span>
     <span class='ocr_line' id='line_1_122' title="bbox 359 5325 1996 5458; baseline -0.001 -26"><span class='ocrx_word' id='word_1_835' title='bbox 359 5325 776 5458; x_wconf 56' lang='lat' dir='ltr'><strong>venerabiﬂter</strong></span> <span class='ocrx_word' id='word_1_836' title='bbox 824 5379 1109 5458; x_wconf 84' lang='lat' dir='ltr'><strong>sepultus.</strong></span> <span class='ocrx_word' id='word_1_837' title='bbox 1151 5380 1212 5458; x_wconf 78' lang='lat' dir='ltr'><strong>In</strong></span> <span class='ocrx_word' id='word_1_838' title='bbox 1259 5377 1569 5458; x_wconf 77' lang='lat' dir='ltr'><strong>Thebaida,</strong></span> <span class='ocrx_word' id='word_1_839' title='bbox 1605 5351 1796 5458; x_wconf 67' lang='lat' dir='ltr'><strong>natafe</strong></span> <span class='ocrx_word' id='word_1_840' title='bbox 1842 5377 1996 5458; x_wconf 82' lang='lat' dir='ltr'><strong>beati</strong></span> 
     </span>
    </p>
   </div>
   <div class='ocr_carea' id='block_1_118' title="bbox 359 5446 2003 5522">
    <p class='ocr_par' dir='ltr' id='par_1_118' title="bbox 359 5446 2003 5522">
     <span class='ocr_line' id='line_1_123' title="bbox 359 5446 2003 5522; baseline -0.002 -17"><span class='ocrx_word' id='word_1_841' title='bbox 359 5446 520 5522; x_wconf 82' lang='lat' dir='ltr'><strong>Pauli</strong></span> <span class='ocrx_word' id='word_1_842' title='bbox 553 5447 721 5522; x_wconf 85' lang='lat' dir='ltr'><strong>primi</strong></span> <span class='ocrx_word' id='word_1_843' title='bbox 751 5446 1069 5522; x_wconf 61' lang='lat' dir='ltr'><strong>hei-emitte,</strong></span> <span class='ocrx_word' id='word_1_844' title='bbox 1105 5449 1201 5520; x_wconf 90' lang='lat' dir='ltr'><strong>qui</strong></span> <span class='ocrx_word' id='word_1_845' title='bbox 1243 5463 1273 5504; x_wconf 91' lang='lat' dir='ltr'><strong>a</strong></span> <span class='ocrx_word' id='word_1_846' title='bbox 1305 5451 1472 5506; x_wconf 82' lang='lat' dir='ltr'><strong>sexto</strong></span> <span class='ocrx_word' id='word_1_847' title='bbox 1503 5446 1746 5522; x_wconf 72' lang='lat' dir='ltr'><strong>(entiam</strong></span> <span class='ocrx_word' id='word_1_848' title='bbox 1776 5447 1866 5522; x_wconf 70' lang='lat' dir='ltr'><strong>est</strong></span> <span class='ocrx_word' id='word_1_849' title='bbox 1889 5461 2003 5503; x_wconf 66' lang='lat' dir='ltr'><strong>vox</strong></span> 
     </span>
    </p>
   </div>
   <div class='ocr_carea' id='block_1_119' title="bbox 359 5517 1999 5590">
    <p class='ocr_par' dir='ltr' id='par_1_119' title="bbox 359 5517 1999 5590">
     <span class='ocr_line' id='line_1_124' title="bbox 359 5517 1999 5590; baseline -0.003 -14"><span class='ocrx_word' id='word_1_850' title='bbox 359 5517 609 5590; x_wconf 83' lang='lat' dir='ltr'><strong>decimo)</strong></span> <span class='ocrx_word' id='word_1_851' title='bbox 651 5517 846 5590; x_wconf 64' lang='lat' dir='ltr'><strong>aetatis</strong></span> <span class='ocrx_word' id='word_1_852' title='bbox 891 5536 1010 5577; x_wconf 66' lang='lat' dir='ltr'><strong>sua:</strong></span> <span class='ocrx_word' id='word_1_853' title='bbox 1051 5517 1222 5590; x_wconf 77' lang='lat' dir='ltr'><strong>anno,</strong></span> <span class='ocrx_word' id='word_1_854' title='bbox 1265 5534 1449 5590; x_wconf 88' lang='lat' dir='ltr'><strong>usque</strong></span> <span class='ocrx_word' id='word_1_855' title='bbox 1501 5517 1571 5575; x_wconf 83' lang='lat' dir='ltr'><strong>ad</strong></span> <span class='ocrx_word' id='word_1_856' title='bbox 1618 5517 1999 5590; x_wconf 82' lang='lat' dir='ltr'><strong>centesimum</strong></span> 
     </span>
    </p>
   </div>
   <div class='ocr_carea' id='block_1_120' title="bbox 361 5587 1999 5662">
    <p class='ocr_par' dir='ltr' id='par_1_120' title="bbox 361 5587 1999 5662">
     <span class='ocr_line' id='line_1_125' title="bbox 361 5587 1999 5662; baseline -0.002 -16"><span class='ocrx_word' id='word_1_857' title='bbox 361 5587 600 5662; x_wconf 81' lang='lat' dir='ltr'><strong>tertium</strong></span> <span class='ocrx_word' id='word_1_858' title='bbox 646 5587 953 5659; x_wconf 87' lang='lat' dir='ltr'><strong>decimum,</strong></span> <span class='ocrx_word' id='word_1_859' title='bbox 989 5589 1150 5647; x_wconf 91' lang='lat' dir='ltr'><strong>solus</strong></span> <span class='ocrx_word' id='word_1_860' title='bbox 1188 5587 1242 5645; x_wconf 86' lang='lat' dir='ltr'><strong>in</strong></span> <span class='ocrx_word' id='word_1_861' title='bbox 1273 5587 1470 5648; x_wconf 78' lang='lat' dir='ltr'><strong>eremo</strong></span> <span class='ocrx_word' id='word_1_862' title='bbox 1515 5587 1855 5662; x_wconf 87' lang='lat' dir='ltr'><strong>permansit.</strong></span> <span class='ocrx_word' id='word_1_863' title='bbox 1893 5588 1999 5644; x_wconf 88' lang='lat' dir='ltr'><strong>Cu-</strong></span> 
     </span>
    </p>
   </div>
   <div class='ocr_carea' id='block_1_121' title="bbox 355 5660 958 5732">
    <p class='ocr_par' dir='ltr' id='par_1_121' title="bbox 355 5660 958 5732">
     <span class='ocr_line' id='line_1_126' title="bbox 355 5660 958 5732; baseline -0.008 -14"><span class='ocrx_word' id='word_1_864' title='bbox 355 5660 454 5732; x_wconf 86' lang='lat' dir='ltr'><strong>jus</strong></span> <span class='ocrx_word' id='word_1_865' title='bbox 482 5660 749 5729; x_wconf 89' lang='lat' dir='ltr'><strong>animam,</strong></span> <span class='ocrx_word' id='word_1_866' title='bbox 785 5664 898 5715; x_wconf 90' lang='lat' dir='ltr'><strong>etc.</strong></span> <span class='ocrx_word' id='word_1_867' title='bbox 932 5681 958 5708; x_wconf 72' lang='grc' dir='ltr'><strong>ι»</strong></span> 
     </span>
    </p>
   </div>
   <div class='ocr_carea' id='block_1_122' title="bbox 433 5727 2002 5801">
    <p class='ocr_par' dir='ltr' id='par_1_122' title="bbox 433 5727 2002 5801">
     <span class='ocr_line' id='line_1_127' title="bbox 433 5727 2002 5801; baseline -0.003 -13"><span class='ocrx_word' id='word_1_868' title='bbox 433 5727 765 5788; x_wconf 60' lang='lat' dir='ltr'><strong>Rose/arm</strong></span> <span class='ocrx_word' id='word_1_869' title='bbox 789 5751 814 5777; x_wconf 88' lang='lat'><strong>«</strong></span> <span class='ocrx_word' id='word_1_870' title='bbox 837 5729 1002 5801; x_wconf 87' lang='lat' dir='ltr'><strong>Apud</strong></span> <span class='ocrx_word' id='word_1_871' title='bbox 1034 5728 1402 5799; x_wconf 89' lang='lat' dir='ltr'><strong>Thebaidem,</strong></span> <span class='ocrx_word' id='word_1_872' title='bbox 1437 5727 1696 5785; x_wconf 87' lang='lat' dir='ltr'><strong>natale...</strong></span> <span class='ocrx_word' id='word_1_873' title='bbox 1731 5727 1838 5796; x_wconf 86' lang='lat' dir='ltr'><strong>Qui</strong></span> <span class='ocrx_word' id='word_1_874' title='bbox 1871 5741 1900 5784; x_wconf 88' lang='lat' dir='ltr'><strong>a</strong></span> <span class='ocrx_word' id='word_1_875' title='bbox 1935 5743 2002 5784; x_wconf 83' lang='lat' dir='ltr'><strong>xv</strong></span> 
     </span>
    </p>
   </div>
   <div class='ocr_carea' id='block_1_123' title="bbox 2109 5022 3752 5096">
    <p class='ocr_par' dir='ltr' id='par_1_123' title="bbox 2109 5022 3752 5096">
     <span class='ocr_line' id='line_1_128' title="bbox 2109 5022 3752 5096; baseline -0.001 -14"><span class='ocrx_word' id='word_1_876' title='bbox 2109 5025 2304 5082; x_wconf 56' lang='lat' dir='ltr'><strong>astatis</strong></span> <span class='ocrx_word' id='word_1_877' title='bbox 2330 5022 2498 5095; x_wconf 66' lang='lat' dir='ltr'><strong>j‘suaej</strong></span> <span class='ocrx_word' id='word_1_878' title='bbox 2518 5038 2666 5080; x_wconf 89' lang='lat' dir='ltr'><strong>anno</strong></span> <span class='ocrx_word' id='word_1_879' title='bbox 2697 5025 2899 5096; x_wconf 62' lang='lat' dir='ltr'><strong>jusque</strong></span> <span class='ocrx_word' id='word_1_880' title='bbox 2944 5027 3012 5081; x_wconf 91' lang='lat' dir='ltr'><strong>ad</strong></span> <span class='ocrx_word' id='word_1_881' title='bbox 3061 5040 3161 5082; x_wconf 86' lang='lat' dir='ltr'><strong>cm</strong></span> <span class='ocrx_word' id='word_1_882' title='bbox 3201 5025 3384 5094; x_wconf 91' lang='lat' dir='ltr'><strong>solus,</strong></span> <span class='ocrx_word' id='word_1_883' title='bbox 3427 5029 3542 5083; x_wconf 90' lang='lat' dir='ltr'><strong>etc.</strong></span> <span class='ocrx_word' id='word_1_884' title='bbox 3579 5024 3752 5096; x_wconf 70' lang='lat' dir='ltr'><strong>l&#39;gini</strong></span> 
     </span>
    </p>
   </div>
   <div class='ocr_carea' id='block_1_124' title="bbox 2111 5094 3756 5166">
    <p class='ocr_par' dir='ltr' id='par_1_124' title="bbox 2111 5094 3756 5166">
     <span class='ocr_line' id='line_1_129' title="bbox 2111 5094 3756 5166; baseline 0.001 -16"><span class='ocrx_word' id='word_1_885' title='bbox 2111 5109 2274 5166; x_wconf 66' lang='lat' dir='ltr'><strong>papae</strong></span> <span class='ocrx_word' id='word_1_886' title='bbox 2307 5099 2376 5166; x_wconf 85' lang='lat' dir='ltr'><strong>et</strong></span> <span class='ocrx_word' id='word_1_887' title='bbox 2413 5094 2856 5152; x_wconf 55' lang='lat' dir='ltr'><strong>confessorisf»</strong></span> <span class='ocrx_word' id='word_1_888' title='bbox 2894 5099 2970 5152; x_wconf 91' lang='lat' dir='ltr'><strong>De</strong></span> <span class='ocrx_word' id='word_1_889' title='bbox 3022 5111 3136 5166; x_wconf 91' lang='lat' dir='ltr'><strong>quo</strong></span> <span class='ocrx_word' id='word_1_890' title='bbox 3181 5097 3314 5152; x_wconf 78' lang='lat' dir='ltr'><strong>Vide</strong></span> <span class='ocrx_word' id='word_1_891' title='bbox 3355 5095 3620 5153; x_wconf 89' lang='lat' dir='ltr'><strong>Auctaria</strong></span> <span class='ocrx_word' id='word_1_892' title='bbox 3647 5094 3756 5151; x_wconf 85' lang='lat' dir='ltr'><strong>die</strong></span> 
     </span>
    </p>
   </div>
   <div class='ocr_carea' id='block_1_125' title="bbox 2111 5165 3756 5239">
    <p class='ocr_par' dir='ltr' id='par_1_125' title="bbox 2111 5165 3756 5239">
     <span class='ocr_line' id='line_1_130' title="bbox 2111 5165 3756 5239; baseline -0.001 -18"><span class='ocrx_word' id='word_1_893' title='bbox 2111 5165 2402 5239; x_wconf 80' lang='lat' dir='ltr'><strong>sequenti.</strong></span> <span class='ocrx_word' id='word_1_894' title='bbox 2441 5167 2896 5239; x_wconf 67' lang='lat' dir='ltr'><strong>«itemitemae,</strong></span> <span class='ocrx_word' id='word_1_895' title='bbox 2941 5165 3276 5239; x_wconf 84' lang='lat' dir='ltr'><strong>Melchiadis</strong></span> <span class='ocrx_word' id='word_1_896' title='bbox 3317 5182 3480 5239; x_wconf 67' lang='lat' dir='ltr'><strong>papae</strong></span> <span class='ocrx_word' id='word_1_897' title='bbox 3519 5170 3574 5222; x_wconf 90' lang='lat' dir='ltr'><strong>et</strong></span> <span class='ocrx_word' id='word_1_898' title='bbox 3611 5179 3756 5220; x_wconf 82' lang='lat' dir='ltr'><strong>cen-</strong></span> 
     </span>
    </p>
   </div>
   <div class='ocr_carea' id='block_1_126' title="bbox 2113 5235 3752 5309">
    <p class='ocr_par' dir='ltr' id='par_1_126' title="bbox 2113 5235 3752 5309">
     <span class='ocr_line' id='line_1_131' title="bbox 2113 5235 3752 5309; baseline -0.001 -18"><span class='ocrx_word' id='word_1_899' title='bbox 2113 5235 2376 5309; x_wconf 68' lang='lat' dir='ltr'><strong>tesseris.</strong></span> <span class='ocrx_word' id='word_1_900' title='bbox 2409 5258 2436 5285; x_wconf 74' lang='grc' dir='ltr'><strong><em>ι»</em></strong></span> <span class='ocrx_word' id='word_1_901' title='bbox 2472 5235 2719 5309; x_wconf 81' lang='lat' dir='ltr'><strong>Consule</strong></span> <span class='ocrx_word' id='word_1_902' title='bbox 2741 5235 3198 5309; x_wconf 65' lang='lat' dir='ltr'><strong>Praitermissos.</strong></span> <span class='ocrx_word' id='word_1_903' title='bbox 3230 5259 3257 5286; x_wconf 73' lang='grc' dir='ltr'>ιι</span> <span class='ocrx_word' id='word_1_904' title='bbox 3287 5235 3454 5309; x_wconf 76' lang='lat' dir='ltr'><strong>Apud</strong></span> <span class='ocrx_word' id='word_1_905' title='bbox 3481 5239 3752 5309; x_wconf 57' lang='lat' dir='ltr'><strong>Cyprum,</strong></span> 
     </span>
    </p>
   </div>
   <div class='ocr_carea' id='block_1_127' title="bbox 2111 5306 3760 5434">
    <p class='ocr_par' dir='ltr' id='par_1_127' title="bbox 2111 5306 3760 5434">
     <span class='ocr_line' id='line_1_132' title="bbox 2111 5306 3760 5434; baseline -0.001 -72"><span class='ocrx_word' id='word_1_906' title='bbox 2111 5306 2268 5434; x_wconf 65' lang='lat' dir='ltr'><strong>1beati</strong></span> <span class='ocrx_word' id='word_1_907' title='bbox 2311 5307 2632 5377; x_wconf 86' lang='lat' dir='ltr'><strong>Nicanoris,</strong></span> <span class='ocrx_word' id='word_1_908' title='bbox 2669 5307 2766 5377; x_wconf 93' lang='lat' dir='ltr'><strong>qui</strong></span> <span class='ocrx_word' id='word_1_909' title='bbox 2805 5307 2910 5363; x_wconf 93' lang='lat' dir='ltr'><strong>fuit</strong></span> <span class='ocrx_word' id='word_1_910' title='bbox 2950 5323 3101 5365; x_wconf 90' lang='lat' dir='ltr'><strong>unus</strong></span> <span class='ocrx_word' id='word_1_911' title='bbox 3132 5309 3203 5364; x_wconf 90' lang='lat' dir='ltr'><strong>de</strong></span> <span class='ocrx_word' id='word_1_912' title='bbox 3243 5306 3469 5380; x_wconf 71' lang='lat' dir='ltr'><strong>septem</strong></span> <span class='ocrx_word' id='word_1_913' title='bbox 3499 5306 3760 5362; x_wconf 80' lang='lat' dir='ltr'><strong>diaconi-</strong></span> 
     </span>
     <span class='ocr_line' id='line_1_133' title="bbox 2154 5392 2297 5433; baseline -0.007 0"><span class='ocrx_word' id='word_1_914' title='bbox 2154 5392 2236 5433; x_wconf 85' lang='lat' dir='ltr'><strong>us.</strong></span> <span class='ocrx_word' id='word_1_915' title='bbox 2271 5399 2297 5426; x_wconf 71' lang='grc' dir='ltr'>ιι</span> 
     </span>
    </p>
   </div>
   <div class='ocr_carea' id='block_1_128' title="bbox 2154 5392 2297 5433">
    <p class='ocr_par' dir='ltr' id='par_1_128' title="bbox 2154 5392 2297 5433">
     <span class='ocr_line' id='line_1_134' title="bbox 2154 5392 2297 5433; baseline -0.007 0"><span class='ocrx_word' id='word_1_916' title='bbox 2154 5392 2236 5433; x_wconf 78' lang='lat' dir='ltr'><strong>US.</strong></span> <span class='ocrx_word' id='word_1_917' title='bbox 2271 5399 2297 5426; x_wconf 73' lang='grc'><strong>³)</strong></span> 
     </span>
    </p>
   </div>
   <div class='ocr_carea' id='block_1_129' title="bbox 2183 5443 3760 5518">
    <p class='ocr_par' dir='ltr' id='par_1_129' title="bbox 2183 5443 3760 5518">
     <span class='ocr_line' id='line_1_135' title="bbox 2183 5443 3760 5518; baseline -0.001 -15"><span class='ocrx_word' id='word_1_918' title='bbox 2183 5450 2489 5517; x_wconf 79' lang='lat' dir='ltr'><strong>ANTUERP.,</strong></span> <span class='ocrx_word' id='word_1_919' title='bbox 2521 5443 2876 5518; x_wconf 62' lang='lat' dir='ltr'><strong>Max-Leana.</strong></span> <span class='ocrx_word' id='word_1_920' title='bbox 2902 5451 2960 5504; x_wconf 88' lang='lat' dir='ltr'><strong>et</strong></span> <span class='ocrx_word' id='word_1_921' title='bbox 2987 5449 3336 5518; x_wconf 72' lang='lat' dir='ltr'><strong>UGHELLIAN,</strong></span> <span class='ocrx_word' id='word_1_922' title='bbox 3369 5447 3584 5518; x_wconf 89' lang='lat' dir='ltr'><strong>passim</strong></span> <span class='ocrx_word' id='word_1_923' title='bbox 3613 5461 3760 5518; x_wconf 79' lang='lat' dir='ltr'><strong>cen-</strong></span> 
     </span>
    </p>
   </div>
   <div class='ocr_carea' id='block_1_130' title="bbox 2113 5515 3762 5590">
    <p class='ocr_par' dir='ltr' id='par_1_130' title="bbox 2113 5515 3762 5590">
     <span class='ocr_line' id='line_1_136' title="bbox 2113 5515 3762 5590; baseline -0.002 -17"><span class='ocrx_word' id='word_1_924' title='bbox 2113 5518 2350 5590; x_wconf 84' lang='lat' dir='ltr'><strong>fermes,</strong></span> <span class='ocrx_word' id='word_1_925' title='bbox 2376 5515 2524 5590; x_wconf 86' lang='lat' dir='ltr'><strong>pure</strong></span> <span class='ocrx_word' id='word_1_926' title='bbox 2548 5517 2816 5590; x_wconf 74' lang='lat' dir='ltr'><strong>l&#39;s-iarde</strong></span> <span class='ocrx_word' id='word_1_927' title='bbox 2851 5517 3290 5590; x_wconf 76' lang='lat' dir='ltr'><strong>superaddunt;</strong></span> <span class='ocrx_word' id='word_1_928' title='bbox 3321 5515 3594 5590; x_wconf 48' lang='lat' dir='ltr'><strong>Ethelum,</strong></span> <span class='ocrx_word' id='word_1_929' title='bbox 3619 5515 3762 5590; x_wconf 63' lang='grc' dir='ltr'><strong>υθιτ</strong></span> 
     </span>
    </p>
   </div>
   <div class='ocr_carea' id='block_1_131' title="bbox 2113 5586 3757 5670">
    <p class='ocr_par' dir='ltr' id='par_1_131' title="bbox 2113 5586 3757 5670">
     <span class='ocr_line' id='line_1_137' title="bbox 2113 5586 3757 5670; baseline -0.002 -26"><span class='ocrx_word' id='word_1_930' title='bbox 2113 5586 2554 5670; x_wconf 48' lang='lat' dir='ltr'><strong>chiadisjapai.</strong></span> <span class='ocrx_word' id='word_1_931' title='bbox 2595 5588 2904 5670; x_wconf 57' lang='lat' dir='ltr'><strong>Bituricas,</strong></span> <span class='ocrx_word' id='word_1_932' title='bbox 2922 5586 3123 5670; x_wconf 72' lang='lat' dir='ltr'><strong>sancti</strong></span> <span class='ocrx_word' id='word_1_933' title='bbox 3160 5589 3454 5670; x_wconf 78' lang='lat' dir='ltr'><strong>Guilielmi</strong></span> <span class='ocrx_word' id='word_1_934' title='bbox 3491 5586 3757 5670; x_wconf 85' lang='lat' dir='ltr'><strong>episcopi</strong></span> 
     </span>
    </p>
   </div>
   <div class='ocr_carea' id='block_1_132' title="bbox 2112 5659 3758 5726">
    <p class='ocr_par' dir='ltr' id='par_1_132' title="bbox 2112 5659 3758 5726">
     <span class='ocr_line' id='line_1_138' title="bbox 2112 5659 3758 5726; baseline -0.001 -13"><span class='ocrx_word' id='word_1_935' title='bbox 2112 5663 2173 5713; x_wconf 89' lang='lat' dir='ltr'><strong>et</strong></span> <span class='ocrx_word' id='word_1_936' title='bbox 2213 5659 2592 5715; x_wconf 82' lang='lat' dir='ltr'><strong>confessoris.</strong></span> <span class='ocrx_word' id='word_1_937' title='bbox 2634 5680 2661 5708; x_wconf 73' lang='grc' dir='ltr'><strong>ιι</strong></span> <span class='ocrx_word' id='word_1_938' title='bbox 2716 5659 2894 5726; x_wconf 84' lang='lat' dir='ltr'><strong>Quem</strong></span> <span class='ocrx_word' id='word_1_939' title='bbox 2932 5659 3195 5716; x_wconf 91' lang='lat' dir='ltr'><strong>ultimum</strong></span> <span class='ocrx_word' id='word_1_940' title='bbox 3228 5659 3545 5717; x_wconf 87' lang='lat' dir='ltr'><strong>recentiori</strong></span> <span class='ocrx_word' id='word_1_941' title='bbox 3577 5670 3758 5726; x_wconf 85' lang='lat' dir='ltr'><strong>manu</strong></span> 
     </span>
    </p>
   </div>
   <div class='ocr_carea' id='block_1_133' title="bbox 2115 5725 3762 5799">
    <p class='ocr_par' dir='ltr' id='par_1_133' title="bbox 2115 5725 3762 5799">
     <span class='ocr_line' id='line_1_139' title="bbox 2115 5725 3762 5799; baseline 0.001 -15"><span class='ocrx_word' id='word_1_942' title='bbox 2115 5727 2406 5799; x_wconf 88' lang='lat' dir='ltr'><strong>adjectum</strong></span> <span class='ocrx_word' id='word_1_943' title='bbox 2429 5727 2659 5784; x_wconf 84' lang='lat' dir='ltr'><strong>invenio</strong></span> <span class='ocrx_word' id='word_1_944' title='bbox 2682 5725 2869 5785; x_wconf 89' lang='lat' dir='ltr'><strong>cedici</strong></span> <span class='ocrx_word' id='word_1_945' title='bbox 2889 5731 3131 5786; x_wconf 63' lang='lat' dir='ltr'><strong>Pensm.</strong></span> <span class='ocrx_word' id='word_1_946' title='bbox 3163 5729 3272 5787; x_wconf 92' lang='lat' dir='ltr'><strong>hoc</strong></span> <span class='ocrx_word' id='word_1_947' title='bbox 3297 5731 3505 5788; x_wconf 89' lang='lat' dir='ltr'><strong>modo:</strong></span> <span class='ocrx_word' id='word_1_948' title='bbox 3540 5725 3762 5787; x_wconf 84' lang='lat' dir='ltr'><strong>Eodem</strong></span> 
     </span>
    </p>
   </div>
  </div>
