4006 6148
280 268 384 326 645

1398 269 2018 329 MARTYROLOGIUM.
2060 304 2129 313 —
2168 273 2369 330 MENS.
2410 258 2556 332 JAN.

3570 279 3677 336 646

281 394 387 471 hac
432 396 504 471 _et
558 395 778 449 Joanne
830 409 975 466 papa
1024 393 1157 469 vide
1208 393 1549 451 Bollandum
1581 396 1638 451 in
1678 397 1926 452 Praeter-
1954 396 2007 457 A
2038 399 2245 471 nemgll
2275 396 2710 471 vulgo,nordi_nc
2741 399 2920 471 XL‘V,
2956 396 3066 456 sub
3095 400 3264 471 cujus
3314 399 3543 457 nomine
3582 415 3675 457 ve-

279 479 499 520 mlSSIS.

351 536 771 607 Melasqtypis
795 535 1119 592 minoribus
1143 556 1155 590 :
1189 558 1214 586 ‹‹
1237 537 1578 593 Sanctorum
1604 541 1921 607 martyrum

277 605 543 677 Eutropii
598 606 858 675 lectoris,
885 607 1081 678 iTygrii
1131 608 1459 678 presbyteri
1510 611 1570 678 et
1621 605 1918 678 Olympiae,

279 681 497 747 sanctae
530 681 828 745 matronae,
865 677 934 732 de
968 678 1180 746 quibus
1212 678 1268 732 in
1302 677 1557 733 Historia
1608 677 1921 747 Tripartita

277 746 432 818 libro
461 763 501 818 x7
524 769 550 796 υ
587 749 665 801 De
695 748 925 803 duobus
954 747 1159 817 primis
1189 749 1310 818 agit
1360 748 1534 804 hodie
1584 746 1918 804 Bollandus.

277 817 600 888 Olympiam
634 818 889 872 remittit
920 818 990 872 ad
1014 833 1129 874 xvu
1153 817 1508 874 Decembris.
1536 818 1679 874 Vide
1703 818 1924 874 Castel-

277 887 397 943 lani
432 887 600 944 notas
631 903 660 943 a
696 902 823 958 pag.
859 893 982 944 179.
1019 889 1295 957 Sequitur
1330 908 1342 943 :
1384 911 1410 937 α
1442 889 1739 944 Benedicti
1791 904 1924 945 con-

279 958 543 1029 fessoris,
582 958 750 1029 primi
783 959 1011 1015 abbatis
1043 959 1558 1015 Vutrimundcnsis
1588 959 1641 1014 in
1694 959 1920 1029 Anglia,

276 1028 455 1100 Cujus
487 1028 736 1100 Bedase
788 1029 1215 1100 conscripsisse
1265 1032 1483 1085 fatetur
1528 1030 1855 1085 historiam.
1890 1028 1916 1079 ἠ

272 1098 427 1155 Vide
460 1099 753 1155 homiliam
788 1114 817 1155 a
850 1098 1129 1156 Bollando
1153 1100 1388 1156 editam.
1415 1100 1781 1156 Posteriores
1803 1100 1925 1155 edi-

276 1169 474 1226 tiones
504 1170 585 1226 sic
619 1170 855 1239 legunt:
890 1192 915 1219 «
944 1171 1362 1240 Vuirimundze,
1391 1170 1444 1225 in
1480 1171 1703 1240 Anglia,
1731 1171 1920 1226 sancti

274 1240 579 1323 Benedicti
608 1240 774 1323 primi
799 1241 1010 1297 abatis.
1032 1242 1202 1323 item,
1231 1241 1679 1323 sanctiloannis
1700 1241 1925 1323 episco-

322 1310 336 1364 i
361 1310 909 1392 Hierosolymitanaz
923 1311 1212 1392 ecclesiae,
1236 1312 1476 1392 ordinis.
1509 1310 1753 1392 Carmeli
1800 1327 1928 1392 pro-

297 1395 544 1437 BSSOI'IS.
569 1404 596 1430 ι)

272 1451 371 1524 hic
387 1452 462 1507 sit
487 1454 741 1509 Joannes
763 1453 1077 1524 episcopus
1120 1453 1709 1524 llierosolymitanus,
1737 1451 1822 1508 eo
1848 1453 1926 1508 in-

269 1520 524 1591 clinans,
553 1528 615 1580 ut
651 1537 723 1578 ex
764 1520 1180 1594 P'alzeonydoro
1223 1520 1424 1580 credat
1469 1520 1716 1594 intelligi
1755 1524 1924 1579 Joan-

678 1382 848 1438 uairit
876 1381 1202 1438 Bollandus'
1233 1383 1287 1437 in
1329 1382 1751 1439 Prmtermissis
1795 1381 1925 1452 quis

2038 468 2119 523 nit
2158 468 2407 543 famosus
2441 469 2592 543 liber
2620 469 2691 524 de
2720 468 3569 543 Institutionepionackomm,
3603 472 3675 528 de

2036 553 2150 664 3μο
2185 539 2273 595 hic
2306 539 2574 610 pluribus
2614 554 2787 609 agere
2837 541 3213 611 supersedeo,
3264 558 3392 597 cum
3444 539 3675 599 abunde

2077 615 2191 664 icta
2227 610 2343 664 sint
2376 625 2405 664 a
2436 610 2717 664 magistro
2748 613 2951 664 nostro
2982 612 3394 664 Panebrochio.
3422 613 3479 664 in
3508 615 3675 664 Trac-

2077 609 2191 665 icta
2227 609 2343 681 sint
2376 610 2717 681 amagistro
2748 609 2951 667 nostro
2982 612 3394 681 Papebrochio,
3422 613 3480 668 in
3508 615 3678 669 Trac-

2036 683 2162 762 tatu
2194 680 2699 762 chronologicode
2734 680 3669 762 patriarehisHierosolymitanis,

2036 753 2093 804 et
2126 751 2179 805 in
2213 751 2715 821 Responsionibus
2748 752 2818 807 ad
2850 751 3269 807 exhibitionem
3293 751 3559 808 errorum
3582 751 3677 809 va-

2038 821 2141 893 riis
2172 821 2337 893 locis,
2360 822 2431 877 de
2454 822 2668 892 quibus
2688 822 2928 879 consule
2954 822 3202 877 indicem
3227 823 3438 893 operis.
3462 822 3677 883 Ultimo

2038 890 2187 963 loco,
2215 892 2279 963 in
2324 893 2412 947 bis
2462 890 2821 948 editionibus
2873 908 2901 948 a
2946 893 3167 948 Molano
3203 890 3480 963 ponitur:
3523 893 3678 963 «Die

2036 960 2399 1031 duodecima,
2417 968 2635 1019 sancta)
2661 962 2936 1034 martyris
2958 960 3239 1034 Tattianz'c
3264 983 3317 1017 ε»
3342 978 3469 1034 quae
3492 963 3584 1019 hic
3607 962 3678 1018 de

2036 1046 2196 1087 more
2230 1037 2469 1104 accepta
2502 1039 2591 1088 est
2626 1049 2699 1087 cx
2726 1033 3040 1102 Horologio
3074 1034 3425 1104 Graecorum.
3448 1034 3540 1104 ,De
3574 1036 3679 1089 Ac-

2032 1105 2229 1172 torum
2263 1102 2388 1172 ejus
2419 1119 2548 1159 cum
2591 1103 2723 1159 aliis
2771 1104 3113 1160 confusione
3160 1103 3290 1158 vide
3339 1102 3679 1160 Bollandum

2034 1171 2143 1228 hoc
2176 1171 2373 1244 die,’et
2398 1174 2800 1245 Castellanum
2834 1174 3040 1245 pagina
3062 1178 3182 1230 176.
3206 1175 3441 1230 Demum
3463 1178 3681 1245 praeter

2037 1258 2253 1300 morem
2288 1245 2345 1300 in
2379 1244 2490 1301 fine
2524 1244 3247 1315 reperitur'Wandalherti
3285 1244 3488 1301 versus
3522 1265 3534 1300 :

2224 1356 2370 1402 Plebs
2399 1357 2590 1401 Itachia
2621 1367 2769 1401 suum
2802 1357 2961 1413 pridie
2997 1356 3174 1402 recolit
3208 1356 3495 1412 Cyriecum.

2038 1454 2147 1510 Sed
2181 1455 2333 1511 hunc
2364 1455 2658 1511 versum'a
2693 1456 2970 1512 Bollando
3004 1455 3211 1511 melius
3243 1454 3534 1511 redditum
3586 1469 3681 1512 su-

2038 1525 2237 1596 perius
2265 1525 2657 1582 exhibuimus.

268 1695 443 1753 Idus.

3457 1702 3573 1759 Die
3592 1704 3678 1759 45.

348 1794 542 1850 Roma:
569 1793 660 1850 via
694 1794 996 1864 Lavicana,
1030 1809 1264 1851 coronae
1301 1795 1549 1852 militum
1584 1796 1989 1868 quadraginta,
2026 1813 2172 1868 quas
2198 1799 2306 1854 sub
2339 1798 2574 1854 Galicno
2616 1799 2965 1870 imperatore
2999 1814 3103 1870 pro
3134 1798 3495 1855 confessione
3526 1812 3680 1855 verm

272 1882 412 1938 fidei
449 1882 752 1953 percipere
786 1887 1145 1938 meruerunt.
1184 1882 1439 1939 Pictavis
1478 1883 1736 1954 civitate,
1773 1885 1983 1941 natalis
2012 1885 2199 1941 sancti
2234 1885 2432 1941 Hilarii
2465 1886 2725 1958 episcopi
2757 1890 2816 1942 et
2846 1885 3213 1956 confessoris,
3254 1886 3349 1955 qui
3384 1887 3457 1940 ob
3481 1885 3678 1941 catho-

270 1970 449 2027 licam
474 1971 644 2027 fidem
669 1971 1053 2041 quadriennio
1078 1972 1227 2042 apud
1254 1972 1562 2041 Phrygiam
1583 1972 1899 2044 relegatus,
1938 1974 2090 2029 inter
2122 1972 2266 2030 alias
2287 1974 2558 2045 virtutes,
2587 1977 2774 2031 fertur
2796 1976 2949 2045 quod
2976 1979 3266 2031 mortuum
3288 1973 3678 2030 suscitaverit.

269 2059 472 2115 Remis
502 2058 833 2130 metropoli,
870 2059 1159 2130 depositio
1190 2060 1377 2116 sancti
1412 2061 1658 2129 Remigii
1691 2062 1967 2132 epiSCOpi,
2000 2062 2111 2118 viri
2146 2063 2372 2117 eximiae
2417 2063 2675 2119 virtutis.
2723 2063 2898 2133 Cujus
2937 2061 3268 2119 sanctitatis
3306 2061 3679 2132 praeconium,

269 2147 488 2203 merito
510 2146 883 2202 credulitatis
913 2162 1051 2217 sum,
1085 2161 1229 2217 gens
1262 2149 1611 2203 Francorum
1643 2148 1858 2204 debitae
1889 2149 2284 2206 venerationis
2317 2150 2480 2206 cultu
2514 2149 2829 2206 celebriter
2853 2150 3080 2207 recolit.
3110 2149 3308 2220 [addit
3329 2148 3682 2220 Racilia/rt,

266 2237 510 2294 cursim
538 2235 923 2294 charactere:
957 2245 984 2273 ιι
1016 2236 1073 2291 In
1106 2240 1301 2292 monte
1330 2236 1642 2307 Vcrziaco,
1675 2238 1860 2294 sancti
1891 2238 2142 2293 Viventii
2170 2239 2540 2295 confessoris.

1886 2334 2086 2389 NOTXE

348 2429 435 2484 Ita
482 2430 752 2499 Praua,
792 2429 848 2484 in
901 2430 1082 2501 prima
1124 2429 1381 2501 puritate
1419 2430 1758 2500 Herinien.,
1799 2432 2142 2502 Tornacen.,
2174 2431 2497 2488 Munerat.
2546 2431 2791 2502 Grecen,
2826 2429 3049 2487 Molon.
3094 2434 3151 2485 ct
3190 2427 3680 2502 Agoneslmarty-

267 2530 437 2573 W7”.
3625 2523 3629 2527 .

343 2624 377 2651 α
406 2614 595 2669 Verba
628 2614 774 2685 haec,
803 2616 878 2671 In
904 2615 1097 2671 monte
1140 2615 1430 2685 Verziaco,
1472 2620 1610 2685 etc.,
1645 2630 1674 2671 a
1727 2631 1926 2671 recen-
1953 2616 2006 2674 B
2040 2617 2147 2671 fuit
2178 2631 2283 2671 cur
2316 2616 2713 2671 Heriniensem
2747 2616 3012 2671 Pratensi
3064 2615 3267 2671 codice
3316 2616 3686 2671 existimaret

266 2684 611 2757 tiorimanu
636 2684 863 2757 adjecta
888 2700 1016 2741 esse
1040 2684 1422 2742 Castellanus'
1450 2690 1610 2757 recte
1653 2687 1925 2757 observa-
2035 2700 2165 2742 esse
2200 2687 2511 2757 puriorem.
2548 2688 2882 2743 Bormum.

266 2755 380 2811 vit.
408 2755 571 2821 Quod
597 2756 1056 2813 additamentum
1082 2762 1273 2813 tamen
1298 2756 1423 2812 sola
1450 2755 1726 2811 Bollando
1748 2772 1921 2813 causa

1560 2878 1954 2934 VARIANTES
2004 2878 2401 2933 LECTIONES.

342 2976 508 3029 Inter
538 2973 795 3049 codicem
821 2974 1217 3049 licripiensem
1240 2979 1299 3030 et
1324 2975 1585 3049 reliquos
1605 2990 1680 3049 ea,
1696 2975 1803 3031 hoc
1827 2975 1919 3029 die
2029 2973 2249 3049 addunt
2273 2975 2332 3029 et
2348 2974 2718 3049 confessoris.
2741 2975 2808 3049 _ln
2830 2972 3424 3049 Molanoautcmpost
3448 2975 3678 3049 confes-

264 3045 647 3101 dissonantia
681 3050 793 3115 est,
821 3045 974 3115 quod
1008 3045 1121 3100 iste
1155 3052 1367 3101 caetera
1404 3046 1635 3115 quidem
1670 3046 1920 3115 integcr-
2025 3046 2199 3103 seris.
2228 3060 2336 3100 non
2363 3044 2611 3099 habetur
2630 3045 2751 3101 ciri
2774 3050 2831 3098 ct
2859 3044 3010 3114 apud
3037 3045 3361 3100 Grevenum
3388 3049 3515 3115 post
3547 3044 3678 3102 'me-

263 3118 423 3172 rime
467 3116 714 3173 Usuardi
759 3114 1000 3187 t’eiitum,
1027 3118 1262 3183 referat,
1292 3117 1395 3171 sed
1426 3114 1558 3172 eum
1602 3116 1919 3187 provinciae
2026 3116 2144 3172 rito
2166 3114 3169 3187 credulitatisﬁeestsjace.Sci‘ipsit
3197 3115 3333 3169 olim
3360 3115 3679 3171 Bollandus

263 3187 626 3242 Rbemensis
648 3187 843 3257 fuerit,
868 3192 931 3243 ut
953 3186 1091 3242 alibi
1124 3187 1505 3255 ostendimus,
1532 3187 1588 3242 id
1608 3184 1919 3257 singulare
2029 3187 2083 3240 in
2110 3185 2370 3241 Pratensi
2394 3186 2597 3241 codice
2624 3186 2729 3241 hoc
2752 3186 2844 3239 die
2870 3184 2981 3257 legi
3012 3204 3022 3238 :
3047 3187 3123 3240 In
3143 3187 3339 3241 monte
3384 3186 3703 3256 Verziaco,

261 3257 453 3313 habet
470 3257 623 3327 quod
639 3255 860 3327 Remigi
875 3257 964 3313 sui
980 3258 1254 3312 annuntia
1267 3257 1475 3312 tionem
1490 3256 1720 3312 caeteris
1734 3257 1920 3327 primo
2024 3257 2222 3327 sancti
2248 3257 2501 3311 Viventii
2513 3255 3017 3327 confessoris.Quo
3031 3271 3100 3311 ex
3113 3270 3175 3310 ca
3187 3256 3305 3327 pite
3321 3255 3679 3313 vetustatem

258 3327 405 3384 loco
431 3326 716 3399 prmﬁgat,
737 3332 793 3383 et
822 3342 945 3399 pro
986 3329 1261 3399 episcopi,
1304 3328 1525 3399 inferat
1557 3326 1919 3384 Francorum
2029 3326 2186 3399 illius
2209 3327 2526 3397 impugnat.
2556 3326 2662 3381 sed
2686 3326 2742 3382 id
2778 3326 2995 3399 refellit
3040 3326 3430 3399 castellanos,
3459 3333 3579 3399 tum
3623 3328 3680 3382 in

258 3345 405 3384 IOCO
472 3345 793 3397 τωιιςει,θι
879 3345 945 3383 ro
986 3345 1261 3399 episcopi,
1304 3345 1512 3383 inierat
1557 3345 1919 3384 l'raacorwm
2029 3345 2526 3397 lllluSllnpugnat.
2556 3345 2742 3382 seum
2778 3345 2995 3381 reieuu,
3040 3345 3430 3395 uasceuanus,
3459 3345 3579 3382 ium
3623 3345 3680 3382 in

255 3345 549 3480 aposgti.
578 3400 780 3480 Scribe
800 3345 1061 3480 Gallieni,
1088 3402 1154 3454 ut
1181 3399 1392 3480 passim
1424 3398 1656 3480 codices
1678 3399 1914 3478 habent,
2028 3397 2183 3452 notis
2205 3402 2481 3480 pag._?00,
2512 3402 2629 3480 tum
2656 3396 3011 3480 per-litteras
3036 3396 3221 3477 adme
3245 3397 3432 3480 datas,
3452 3397 3681 3479 diserte

258 3442 1366 3526 ii’é‘éi'iifho‘ifnulﬁ§§é€ﬁd€iahinfici
1387 3442 1720 3526 correctum
1764 3442 1919 3522 inve:
2028 3442 2310 3523 asserens:3
2320 3467 2414 3522 illa
2442 3442 2616 3523 v’erba
2640 3442 2828 3523 codici
2853 3467 3123 3522 Pratensi
3150 3442 3466 3523 recentiori
3510 3442 3683 3525 manu

258 3542 448 3596 niam.
472 3542 808 3610 Tornacem,
837 3555 941 3611 pro
963 3540 1273 3611 cera'ﬂdei
1314 3540 1508 3611 posuit
1551 3539 1919 3611 Christianae
2027 3553 2157 3594 esse
2182 3538 2431 3608 adjecta,
2459 3538 2695 3611 quodin
2721 3538 3068 3611 antigrapho
3092 3543 3297 3611 nostro
3319 3539 3680 3611 explicatum

243 3612 620 3684 ﬁdeitldcm
642 3610 912 3684 Pietatis
941 3610 1205 3684 civitate,
1236 3610 1394 3684 beati
1422 3611 1684 3684 Hilarii,
1711 3610 1927 3684 omisso

254 3679 529 3763 iactatis,
555 3682 657 3763 sed
678 3682 1047 3763 praefereada
1090 3679 1453 3763 communior
1496 3680 1591 3763 uti.
1623 3684 1699 3763 et“
1724 3679 1927 3763 purior

260 3757 479 3808 textus
504 3750 697 3809 nostri
716 3752 910 3809 lectio.
937 3752 1445 3823 Typographorum
1472 3750 1631 3823 _vitio
1676 3750 1925 3823 fortasse

261 3823 655 3879 tribuendum
679 3823 833 3894 quod
858 3820 1315 3894 apud'Mune'rat.
1338 3836 1447 3894 non
1471 3820 1702 3890 legatur
1722 3821 1930 3894 metro-

261 3838 655 3879 mnuenaum
679 3838 833 3894 quoa
858 3838 1009 3947 apud
1034 3838 1313 3878 munerai.
1338 3838 1447 3877 non
1471 3838 1702 3890 legatur
1722 3838 1923 3876 metro-

245 3895 417 3966 poli.
444 3895 691 3950 Greven.
717 3898 775 3950 et
809 3895 894 3949 Mo
922 3908 1012 3949 an.
1041 3893 1112 3949 de
1157 3892 1438 3963 Remigio,
1468 3894 1601 3963 post
1645 3892 1923 3962 episcopi,

1685 4011 2177 4069 OBSERVATION
2180 4011 2280 4067 ES.

338 4112 593 4170 Corona
632 4113 900 4173 militum
943 4128 1014 4170 χι,
1059 4111 1447 4169 meminerunt
1489 4109 1930 4183 Hieronymiana
1962 4107 2012 4171 C
2041 4106 2764 4183 phrasimabAdoniauaet
2786 4109 3109 4183 Usu‘ardina
3134 4108 3447 4183 plurimum
3467 4111 3687 4175 discre.

261 4185 472 4255 omnia
496 4199 526 4239 a
551 4183 910 4241 Florentinio
932 4183 1190 4255 vulgata,
1217 4183 1273 4239 in
1297 4179 1926 4255 quibusietiam'exprij
2042 4194 2199 4250 pare.
2234 4180 2523 4255 Notkerus
2556 4179 2812 4236 Adonem
2855 4180 2948 4236 hic
2992 4179 3191 4255 etiam.
3224 4198 3333 4255 non
3381 4186 3682 4246 Rabanum

2039 3624 2149 3663 non
2179 3613 2326 3677 erat,
2354 3613 2529 3678 atque
2561 3608 2704 3663 adeo
2738 3608 3040 3678 Bollando,
3067 3609 3165 3677 qui
3196 3608 3363 3679 aliud
3383 3608 3681 3679 nunquam

2037 3679 2285 3747 viderat,
2319 3678 2784 3735 condonandum.
2822 3679 2938 3748 Hac
2965 3692 3138 3733 causa
3170 3678 3443 3748 superius
3482 3678 3679 3735 nctavi

2037 3763 2133 3821 me,
2158 3751 2497 3821 Pratensem
2527 3748 2789 3821 codicem
2822 3747 2976 3821 inter
3005 3746 3291 3821 genuinos
3314 3752 3680 3821 computare,

2037 3820 2138 3876 sed
2170 3834 2300 3876 cum
2334 3820 2440 3874 hoe
2471 3818 2693 3887 addito,
2726 3819 2794 3873 in
2812 3819 3022 3888 prima
3040 3818 3335 3888 maritate.

264 4254 585 4312 miturcia
612 4256 934 4325 Lacicaaa,
979 4250 1370 4326 praeterquam
1413 4253 1470 4308 in
1512 4252 1780 4326 Lucensi,
1816 4250 1923 4326 ubi

257 4326 377 4404 pia
398 4326 747 4404 L_atina.AD_e
771 4326 887 4404 illis
908 4320 1049 4404 man
1074 4325 1131 4381 in
1154 4320 1305 4380 Beda
1352 4328 1451 4380 aut
1494 4322 1620 4393 ejus
1660 4320 1927 4404 sequaci-

262 4396 388 4452 bus
411 4395 588 4453 Floro
611 4400 669 4453 et
692 4398 946 4453 Rabano.
968 4398 1155 4453 Porro
1174 4409 1452 4452 coronam
1470 4408 1582 4449 non
1617 4393 1799 4463 magis
1830 4393 1924 4447 hic

264 4481 453 4591 ﬂuam
484 4468 665 4538 prima
694 4468 951 4524 Januarii
983 4470 1295 4537 martyrem
1328 4479 1459 4521 esse
1491 4464 1710 4521 clarius
1738 4467 1927 4520 osten—

317 4537 367 4591 it
396 4538 719 4591 Romanum
752 4552 1011 4591 parvum.
1046 4538 1181 4591 dum
1233 4536 1311 4591 ita
1362 4535 1624 4591 loquitur
1659 4553 1671 4587 :
1706 4536 1922 4591 Roma.

317 4537 367 4592 it
396 4535 719 4608 Romanum
751 4552 1011 4608 parvum,
1046 4535 1181 4594 dum
1213 4536 1311 4608 ita
1360 4535 1624 4608 loquitur
1659 4553 1671 4587 :
1706 4536 1922 4608 Roma,

259 4608 379 4664 via
400 4606 730 4678 Lacicana,
743 4605 1007 4665 militum
1027 4623 1115 4678 XL,
1128 4606 1236 4665 sub
1251 4605 1526 4664 Gallieno
1538 4605 1927 4678 imperatore,-

264 4692 414 4748 que
436 4693 511 4734 ex
534 4678 644 4735 hoc
666 4673 739 4735 ab
762 4678 959 4735 Adone
982 4673 1275 4749 descripta
1296 4680 1453 4749 sunt,
1470 4673 1711 4747 praefixo
1730 4673 1925 4749 militi-

264 4749 392 4826 bus
419 4749 654 4826 nomine
679 4762 921 4826 corona,
946 4750 1111 4826 quod
1143 4748 1415 4826 a’Nostro
1464 4748 1760 4803 servatum
1810 4748 1921 4826 est,

263 4819 383 4892 sed
415 4823 665 4892 mutato,
701 4824 767 4875 ut
799 4819 982 4892 patet,
1018 4832 1156 4892 casu
1187 4822 1244 4874 et
1265 4832 1541 4892 numero,
1575 4819 1835 4892 nam_qui
1868 4819 1924 4871 in

265 4890 489 4946 Adone
512 4886 748 4946 videtur
767 4886 897 4947 esse
917 4886 1215 4959 genitivus
1228 4889 1559 4958 singularis,
1579 4887 1630 4944 is
1644 4886 1700 4942 in
1716 4887 1925 4943 Usuar-

264 4960 359 5033 do
389 4965 594 5018 rectus
633 4976 726 5018 esu
776 4962 832 5017 in
869 4959 1076 5033 plurali
1127 4974 1387 5033 numero,
1420 4964 1622 5016 contra
1673 4972 1926 5033 commu-

264 5031 507 5088 niorem
537 5036 775 5089 sanctos
803 5028 1182 5088 an’nuntiandi
1218 5028 1447 5086 modum
1475 5048 1487 5083 :
1512 5033 1726 5086 caetera
1750 5028 1923 5084 etiam

263 5102 1046 5174 paraphrasticaelegantia
1068 5101 1296 5174 modice
1336 5099 1609 5174 ampliata
1652 5103 1807 5174 sunt.
1833 5099 1926 5174 Ni-

262 5170 486 5245 inium,
518 5173 632 5245 nisi
657 5173 844 5243 fallor,
858 5170 1076 5245 sapere
1104 5172 1291 5245 voluit
1320 5173 1629 5241 Notkerus,
1655 5174 1711 5225 et
1741 5170 1834 5245 hic
1865 5173 1922 5224 et

252 5259 280 5300 ι
304 5240 579 5300 Januarii
597 5240 872 5300 coronam
892 5259 922 5300 a
938 5240 1228 5300 militibus
1251 5256 1593 5312 segregans;
1609 5244 1668 5296 et
1691 5240 1924 5312 quidem

2035 4253 2403 4328 secutusest.
2423 4252 2739 4328 Romanum
2756 4265 2995 4328 parvum
3011 4253 3359 4328 brevissime
3374 4266 3651 4328 posuerat
3666 4260 3683 4288 ‘

2033 4320 2327 4394 Pictacis,
2350 4321 2549 4394 sartcti
2578 4320 2821 4394 Hilarii
2843 4322 3289 4394 Hieronymiaua
3312 4320 3506 4383 autem
3542 4349 3555 4383 :
3580 4330 3685 4386 Pi-

2032 4392 2242 4469 ctacis,
2257 4392 2545 4463 depositio
2566 4392 2634 4469 SA.
2662 4393 2905 4469 Hilarii
2927 4392 3184 4469 episcopi
3204 4397 3265 4452 et
3280 4397 3640 4469 confessoris
3663 4418 3687 4456 :

2034 4435 2836 4544 ἷι’ὧ”’ὄί›ξὲζιῖξέι”ἑὸνῇεὲὲἑᾷξῖἐ
2857 4435 3684 4544 ’Ξιὖῇξῖἕζῴἱᾎξὶιῖίνρῗὲιῖίίῒιιῖ

2034 4534 2674 4616 sensu‘abilierpny’m‘o
2695 4534 2943 4616 aliisque
2966 4534 3097 4616 PP.“
3111 4535 3332 4616 Hilario
3354 4534 3637 4616 tributam
3667 4556 3683 4593 :

2037 4608 2098 4679 u_t
2130 4604 2353 4679 notavit
2382 4605 2575 4679 etiam
2600 4604 3029 4679 Florentinius.
3059 4607 3346 4663 Caeterum
3385 4609 3685 4679 gloriosis-

2036 4674 2167 4729 simi
2202 4673 2510 4733 catholicae
2540 4674 2672 4732 fidei
2707 4681 2913 4732 contra
2935 4676 3178 4733 Arianos
3199 4673 3515 4737 assertoris
3537 4682 3679 4738 Acta

2035 4744 2479 4816 diligentissime
2537 4745 2851 4803 illustravit
2914 4746 3263 4816 Bollandus;
3311 4751 3680 4807 Castellanus

2036 4815 2283 4887 paucula
2303 4816 2537 4887 curiose
2560 4816 2879 4887 adnotavit,
2897 4821 2955 4871 at
2974 4831 3095 4872 rem
3122 4815 3348 4875 omnem
3376 4822 3502 4877 fuse
3525 4836 3682 4878 com-

2036 4885 2190 4956 plexi
2214 4890 2348 4942 sunt
2371 4885 2752 4943 eruditissimi
2778 4885 2883 4942 PP.
2912 4887 3273 4945 Benedictini
3298 4890 3351 4944 in
3376 4906 3522 4947 nova
3549 4892 3679 4947 Vita

2035 4971 2071 5011 at
2091 4971 2155 5012 se
2177 4956 2520 5034 concinnata
2533 4961 2593 5034 et
2608 4960 2920 5034 postremae
2936 4957 3137 5014 Hilarii
3151 4973 3391 5034 operum
3406 4961 3676 5034 editioni,

2035 5041 2063 5082 a
2099 5041 2159 5084 se
2188 5026 2389 5097 itidem
2419 5026 2640 5084 curatae
2674 5026 2953 5097 praeﬁxa;
3006 5043 3112 5084 nec
3159 5026 3348 5087 minus
3394 5026 3678 5090 accurate

2035 5043 2063 5082 a
2099 5043 2159 5084 se
2188 5043 2389 5082 itidem
2419 5043 2640 5084 curatae
2716 5043 2953 5097 raenxa;
3006 5043 3112 5084 nec
3159 5044 3348 5087 minus
3394 5043 3676 5090 accurate

2034 5096 2585 5178 Tillemontiu‘stom
2624 5043 2737 5178 VIII,
2773 5113 2813 5178 a_
2835 5113 2963 5178 pag.
2994 5104 3139 5178 332.
3193 5102 3676 5178 Praetereundum

2034 5183 2146 5224 non
2178 5172 2269 5225 est
2301 5169 2606 5225 metricum
2634 5169 3032 5227 Wandalberti
3065 5171 3407 5228 encomium.

2304 5281 2472 5329 Idibus
2501 5284 2693 5329 Hilario
2721 5285 2935 5330 Pictam
2962 5284 3147 5329 militat
3173 5284 3313 5332 urbis

249 5313 451 5371 hodie
479 5314 824 5372 Seczmdmn
844 5311 1419 5384 Hieronymianorum
1437 5311 1499 5366 in
1520 5311 1928 5384 Secundinam

248 5390 670 5457 commutans,
702 5386 808 5442 hoc
841 5385 1009 5457 plane
1042 5381 1212 5439 modo
1233 5402 1259 5457 _:
1294 5385 1507 5457 Roma,
1542 5381 1927 5457 etc.,_S_e_cun-

245 5424 1924 5534 ξῖἧῖξὲἶ
1952 5460 2005 5520 D
2105 5450 2186 5534 pe
2218 5449 2822 5534 Remigiohceleberrj

242 5493 1925 5602 ἵῆᾆῖὠξᾘέξωρῖἕῖἷὲἘἔιῖιὶἶέξῶξἿῆξὶἒῖἓέεῗᾟίηιί-
1952 5493 2005 5520 υ
2038 5520 2186 5602 sule,
2218 5493 2568 5602 bibilviicdie
2600 5520 2963 5601 antiquiores
2993 5493 3678 5602 1113250}??in

241 5590 422 5656 stite
452 5590 1133 5670 Hilaa-io'dicuntur,__ea
1167 5610 1196 5650 a
1221 5592 1381 5670 Beda
1413 5593 1661 5670 primum
1702 5591 1923 5670 scripta
2036 5592 2091 5670 in
2121 5590 2288 5670 Beda;
2320 5590 2585 5670 a_uc_t_ario
2615 5591 2896 5670 eiicipias,
2936 5593 3032 5670 qui
3064 5590 3332 5670 sanetum
3358 5596 3679 5670 brevielo-

242 5672 440 5739 sunt,
476 5670 550 5724 ab
579 5669 779 5726 Adone
809 5660 1072 5725 nonnihil
1103 5668 1294 5739 aucta,
1317 5667 1377 5720 et
1409 5660 1483 5719 ex
1513 5662 1692 5739 hoc_a_
1714 5660 1926 5739 Nostro
2032 5662 2146 5739 gio,
2184 5661 2286 5717 sed
2311 5660 2765 5739 abysuardino
2803 5660 3225 5739 diversissimo,
3279 5666 3673 5738 prosequitur.

240 5731 553 5822 accepta,
587 5740 684 5797 ubi
717 5754 925 5799 rursus
968 5753 1042 5796 ex
1084 5731 1394 5796 collatione
1443 5733 1729 5807 perspicis
1773 5733 1923 5791 Flori
2037 5731 2380 5804 Apographa
2405 5731 2868 5807 Hieronymiana,
2891 5736 3093 5794 nescio
3113 5737 3189 5794 ob
3212 5731 3386 5811 quam
3415 5731 3676 5808 causam,

2303 5345 2450 5390 Plebs
2478 5344 2670 5401 devota,
2702 5357 2795 5390 suo
2824 5350 2990 5401 pastor
3015 5356 3164 5401 quam
3192 5346 3334 5392 fulsit
3360 5346 3561 5396 honore.

2105 5450 2186 5530 De
2218 5449 2928 5530 Remigiohceleberrimo
2959 5450 3147 5509 altero
3177 5453 3500 5530 Galliarum
3536 5472 3683 5530 prai-
