4006 6148
295 256 402 324 749

1390 256 2009 332 MARTYROLOGIUM.
2054 306 2123 317 -
2162 260 2364 333 MENS.
2411 276 2609 333 FEBR.

3594 260 3713 334 750-

294 391 536 474 graphia
578 406 608 474 ξ
639 391 964 474 Rosvveydo
994 399 1347 474 correctum
1379 397 1468 474 (ut
1500 397 1554 452 in
1591 399 1739 474 Beda
1772 414 1938 474 vero-
1976 403 2027 462 A
2061 401 2397 474 quisitionis
2450 406 2506 457 et
2569 398 2677 455 loci
2706 401 2893 474 sunt.
2941 399 3476 474 Laudatiunculam,
3526 417 3695 473 quam

296 463 569 520 Similiter
584 464 784 540 fecere.
800 466 1199 540 Henschcnius
1212 472 1271 540 et
1288 469 1360 523 Pa
1373 463 1747 540 pebrochius)
1762 472 1936 526 etiam

298 540 574 611 accurate
608 534 837 611 scribit,
860 537 1343 611 quemadmodum
1367 534 1425 594 et
1452 540 1596 609 Ado,
1620 534 1943 611 cui'procul

300 607 480 662 dubio
502 605 572 660 ad
595 603 848 673 elogium
876 603 1117 663 materia
1150 608 1355 664 defuit.
1389 603 1642 666 Meminit
1672 603 1821 667 idem
1842 615 1949 669 Bo-

298 692 526 753 ma‘num
546 691 786 753 parvum
806 678 1059 753 Soteris,
1081 680 1370 753 positione
1386 696 1496 735 non
1516 698 1817 753 expressa,
1837 684 1943 741 nisi

299 748 433 824 quis
455 746 854 824 copuiativam
889 750 947 804 et
974 746 1308 824 adpriores
1343 746 1629 824 Romanos
1662 746 1949 824 martyres

297 818 941 894 putctastringendam_.
980 818 1165 894 Aliter
1197 836 1335 877 sane
1378 818 1950 894 Romaniparvi'tex-

298 888 421 965 tum
435 888 822 965 ac_cepit__A_do,
840 890 958 965 qui,
982 892 1179 965 caeca
1196 894 1443 965 fortasse
1460 888 1946 965 nominisorigine

298 959 598 1038 deceptus,
622 960 956 1038 Soiqridcm
978 962 1198 1033 primus
1222 963 1275 1018 in
1303 964 1599 1038 orientem
1623 959 1941 1038 transtulit,

298 1035 475 1103 atque
516 1031 569 1085 in
602 1044 680 1103 eo,
718 1031 992 1088 Nostrum
1024 1048 1330 1103 sequacem
1374 1036 1597 1092 habuit.
1632 1039 1766 1095 Non
1804 1031 1948 1094 item

296 1102 640 1175 Not/teram,
668 1101 863 1175 inquit
880 1101 1266 1175 Castellanus,
1284 1108 1391 1175 qui
1413 1107 1727 1163 Rabaaam
1750 1109 1948 1165 imita-

294 1174 355 1229 ri
370 1172 1165 1248 malait,__et__antiqaiores;
1184 1172 1352 1248 fer—te
1382 1178 1712 1247 advertens,
1732 1181 1947 1237 cerasi-

296 1243 581 1318 mz‘liasz'n
602 1243 795 1318 Italia
816 1243 1129 1318 mortuam,
1145 1243 1274 1318 qaa'
1292 1249 1487 1305 sancti
1512 1243 1804 1307 Ambracii
1822 1266 1947 1307 coa-

293 1316 631 1389 sanguinea
637 1315 791 1387 fait.
819 1317 940 1389 Non
976 1315 1170 1387 potuit
1194 1320 1577 1389 Aatigaz’orcs
1609 1321 1755 1377 alios
1779 1322 1947 1377 intel-

300 1385 503 1461 ligere,
532 1385 749 1461 praeter
781 1385 1111 1461 Hieronymi
1146 1385 1513 1461 apographa;
1546 1394 1602 1446 at
1634 1392 1786 1446 enim
1820 1393 1948 1448 dili-

296 1457 553 1527 gentiam
587 1457 681 1513 hic
706 1472 868 1513 suam
894 1457 1218 1515 desiderari
1254 1457 1459 1531 paSSus
1480 1467 1589 1530 est,
1614 1462 1703 1517 vir
1740 1464 1810 1517 de
1834 1480 1947 1519 cm-

298 1533 791 1603 tero‘accuratus,
819 1544 947 1603 cum
972 1531 1261 1603 Notkcrus
1301 1532 1444 1602 (sive
1488 1547 1655 1587 unam
1699 1534 1817 1589 sive
1851 1549 1947 1603 ge-

296 1599 584 1670 geminam
618 1600 879 1654 Soterem
925 1601 1152 1670 fecerit)
1187 1602 1199 1656 i

1187 1603 1478 1661 insissima
1514 1603 1730 1659 Adonis
1767 1607 1943 1661 verba

298 1669 410 1726 hoc
444 1669 536 1751 die
568 1670 636 1725 ad
662 1670 882 1797 apicem
907 1673 1140 1752 referat.
1178 1669 1291 1729 Hoc
1318 1672 1706 1729 Castellanum
1744 1675 1944 1731 fallere

298 1744 512 1811 potuit,
561 1755 675 1811 quo
766 1744 1266 1799 annuntiationem
1310 1745 1544 1800 Notkeri
1590 1745 1797 1811 legerit
1841 1762 1940 1802 vin

298 1756 512 1812 ροιυιι,

299 1812 565 1886 ldusseu
587 1828 641 1867 v1
663 1812 854 1886 hujus,
883 1812 972 1868 his
993 1815 1192 1870 verbis
1215 1820 1558 1886 conceptam
1586 1835 1597 1870 :
1628 1812 1822 1873 Romae
1841 1820 1942 1874 cia

296 1884 512 1957 Appia,
534 1884 601 1957 in
617 1884 879 1957 ejusdem
898 1886 1234 1957 camiteﬂo,
1257 1884 1467 1957 passio
1485 1888 1706 1944 sancta
1733 1889 1941 1945 Sat/te-

288 1957 386 2011 ris
403 1955 663 2030 virginis
677 1956 739 2030 ct
753 1956 1066 2026 martyris.
1082 1956 1220 2030 Quae
1240 1955 1449 2030 munia,
1466 1963 1710 2030 excepta
1736 1958 1938 2016 ultima

295 2040 463 2101 voce,
490 2040 561 2101 ex
589 2027 1089 2101 Rabanoaccepta
1123 2028 1278 2084 ultro
1303 2029 1570 2097 fatemur,
1598 2027 1660 2084 ut
1685 2044 1789 2085 nos
1813 2031 1939 2101 ipso

296 2097 393 2152 die
423 2112 494 2152 ex
525 2097 784 2153 Greveno
814 2097 1084 2154 diximus.
1110 2101 1333 2155 Rursus
1354 2100 1631 2157 Sotlm'z's
1658 2097 1941 2158 sacratis-

292 2168 454 2239 sima
481 2169 649 2239 virgo
673 2168 825 2239 apud
851 2169 1105 2224 Adonem
1136 2175 1195 2225 et
1226 2172 1541 2227 Notkerum
1574 2174 1828 2228 refertur
1858 2189 1939 2228 xu

294 2238 448 2309 Maii,
474 2242 539 2294 ut
567 2238 645 2295 ibi
678 2238 1083 2297 indicabimus.
1110 2241 1345 2297 Dubitat
1370 2242 1479 2297 hoc
1506 2241 1633 2299 loco
1658 2242 1940 2300 Florenti-

292 2309 448 2379 nius,
482 2309 681 2383 virone
720 2325 789 2365 an
832 2310 1060 2367 mulieri
1098 2313 1413 2383 aptandum
1453 2313 1530 2369 sit
1567 2315 1800 2371 Soteris
1842 2330 1940 2371 no-

294 2394 427 2456 men
454 2400 465 2433 :
492 2381 856 2456 item_utrum
890 2381 1204 2456 hiseadem
1234 2384 1402 2456 virgo
1435 2385 1837 2456 annuntictur,
1875 2390 1936 2442 ut

295 2450 368 2506 de
392 2453 613 2521 Agnete
638 2453 850 2510 factum
874 2454 1123 2510 vidimus
1149 2474 1161 2509 :
1195 2454 1298 2511 sed
1320 2450 1444 2512 hare
1467 2455 1715 2513 alterius
1737 2462 1793 2512 et
1821 2450 1937 2513 dis-

2166 474 2313 553 ‘Ado
2359 470 3415 553 .eoncmnavit,‘Nosterndeiscripsit.
3463 470 3557 528 'Ne
3606 477 3700 553 hic

2057 543 2278 599 diutius
2357 543 2665 612 immorer,
2714 540 2982 612 videatur
3038 540 3298 597 Bollandi
3355 552 3703 604 commenta-

2057 616 2201 685 rius,
2261 615 2317 669 in
2369 629 2481 683 quo
2531 628 2599 685 ex
2662 611 2966 685 Ambrosio
3029 611 3401 669 adducuntur
3451 631 3577 685 quae
3628 620 3694 674 ad

2060 683 2254 739 veram
2272 685 2517 756 virginis
2541 683 2767 756 laudem
2794 686 3063 756 spectare
3090 688 3352 756 possunt,
3370 683 3604 756 aliaque
3628 690 3698 744 ad

2058 757 2183 825 ejus
2235 752 2456 812 cultum
2507 752 3277 829 pertinentia._Ruinartius
3328 752 3697 829 in_Selectis,

2060 823 2187 898 pag.
2222 830 2344 895 405,
2373 823 2873 898 sanctiAmbrosii
2904 823 3035 898 loca
3062 824 3236 898 etiam
3273 827 3564 895 producit.
3600 823 3701 884 Ca5-

2059 893 2341 952 Ste‘llanus
2370 897 2427 950 in
2462 897 2615 950 notis
2643 895 2901 949 breviter
2924 893 3183 965 collegit,
3212 893 3339 965 quae
3371 898 3698 955 curiosiora

2057 973 2212 1035 sunt,
2267 982 2393 1038 pag.
2445 971 2549 1022 600
2595 972 2664 1038 et,
2703 971 2823 1022 681.
2879 964 3281 1022 Tillemontius
3334 972 3528 1023 autem
3569 985 3698 1025 cum

2057 1037 2362 1093 Pancratio
2393 1037 2694 1106 conjunxit
2730 1040 2887 1092 tomo
2919 1038 2982 1105 V,
3016 1050 3043 1090 a
3078 1052 3206 1106 pag.
3243 1043 3364 1094 259.

2128 1109 2422 1181 Sequitur,
2456 1108 2725 1181 Militum
2755 1108 2967 1181 decem,
2994 1108 3093 1181 qui
3125 1108 3179 1161 in
3210 1109 3465 1181 Romano
3498 1125 3700 1181 parvo,

2059 1180 2281 1248 Adone,
2314 1181 2527 1234 Nostro
2563 1184 2619 1232 et
2653 1179 2929 1243 Notkero,
2958 1177 3130 1233 nudis
3156 1179 3344 1234 solum
3369 1177 3702 1237 nominibus

2058 1252 2411 1305 referuntur.
2436 1249 2816 1322 Scltclastica
2839 1264 2867 1303 a
2892 1249 3103 1303 Nostro
3129 1248 3355 1322 adjecta
3390 1256 3502 1321 est,
3531 1267 3701 1322 quam

2057 1322 2324 1392 ampliori
2358 1321 2621 1376 encomio
2655 1321 2926 1392 Rabanus
2950 1325 3008 1374 et
3029 1334 3099 1374 ex
3123 1334 3191 1392 eo
3214 1321 3504 1377 Notkerus
3536 1321 3704 1378 exor-

2059 1391 2215 1447 nant.
2245 1394 2353 1447 Sed
2383 1392 2516 1462 quid
2544 1392 2614 1446 de
2638 1391 3042 1459 Austreberta,
3067 1391 3178 1445 soli
3203 1392 3416 1447 Nostro
3446 1395 3703 1450 nomina-

2056 1466 2161 1518 ta?
2213 1464 2406 1536 Dicam
2450 1464 2719 1536 ingenue,
2760 1478 2875 1536 non
2923 1463 3213 1536 immerito
3266 1477 3359 1536 me
3404 1464 3698 1536 dubitare,

2059 1540 2253 1589 uti-um
2287 1536 2358 1589 ab
2390 1534 2656 1589 Usuardo
2690 1533 3038 1605 ipsofuerit
3054 1532 3271 1605 posita,
3307 1533 3481 1603 idque
3532 1532 3697 1605 adeo,

2060 1606 2212 1675 quod
2246 1605 2374 1674 ejus
2406 1619 2519 1658 non
2542 1604 2906 1658 meminerint
2932 1603 3166 1658 codices
3204 1604 3340 1674 duo,
3368 1606 3503 1659 mihi
3536 1603 3699 1661 certe

2060 1676 2507 1731 :estimatissimi
2542 1675 2902 1730 Heriuicnsis
2933 1680 2989 1727 et
3022 1675 3424 1745 Toruacensis,
3462 1692 3572 1731 non
3615 1693 3704 1731 so-

766 1743 1266 1818 annuntiationem
1310 1745 1544 1800 Notkeri
1590 1745 1797 1813 legerit
1841 1762 1940 1802 vm
1974 1759 2025 1818 Β
2058 1745 2145 1800 liti
2181 1748 2463 1802 hactenus
2513 1745 2986 1818 przetcrmittere,
3028 1745 3181 1818 quod
3226 1743 3471 1818 Usuardi
3503 1748 3705 1816 genui-

2058 1833 2191 1873 num
2234 1822 2346 1883 est,
2390 1815 2714 1888 praesertim
2761 1817 2815 1871 in
2863 1815 3083 1871 sanctis
3132 1817 3447 1888 Francicis,
3502 1819 3587 1874 sic
3638 1824 3698 1874 ut

2051 1888 2367 1957 conjectari
2392 1886 2563 1943 nullo
2596 1888 2767 1942 modo
2801 1887 3014 1957 possim
3050 1886 3185 1957 quid
3221 1886 3545 1958 scriptdres
3584 1904 3700 1944 mo-

2050 1960 2231 2015 visset
2262 1959 2331 2016 ad
2371 1959 2727 2013 reticendum
2762 1962 3021 2013 sanetam
3055 1957 3200 2013 alias
3232 1957 3614 2027 notissimam,
3651 1962 3698 2015 si

2052 2031 2107 2084 in
2144 2030 2388 2086 lisuardi
2424 2030 2788 2100 autographo
2824 2030 3031 2084 fuisset
3065 2044 3364 2099 expressa.
3404 2032 3697 2087 Servanda

2050 2100 2426 2156 nihilominus
2460 2101 2572 2172 fuit
2598 2100 2652 2154 in
2708 2104 3003 2172 textu,ine
3047 2114 3117 2153 ex
3158 2100 3405 2155 arbitrio
3440 2115 3567 2157 meo
3604 2118 3701 2172 p0-

2052 2173 2189 2239 tius,
2227 2186 2395 2242 quam
2430 2187 2500 2226 ex
2526 2170 2771 2226 aliorum
2795 2171 3060 2242 codicum
3088 2172 3466 2239 auctoritate,
3492 2170 3702 2227 Usu'ar-

2050 2244 2105 2297 di
2159 2241 2595 2306 simplicitatem
2646 2242 2848 2297 videar
2907 2241 3170 2295 definire.
3219 2242 3368 2306 Quid
3427 2243 3701 2299 versibus

2049 2314 2173 2370 suis
2204 2310 2420 2369 indicet
2454 2312 2924 2381 Wandalbertus,
2962 2312 3117 2366 dicat
3162 2310 3312 2367 alius
3365 2312 3698 2385 interpres:

2206 2420 2397 2482 §other,
2418 2419 2635 2482 Iremeus
2654 2422 2706 2463 et
2735 2417 3044 2482 scholastica
3062 2418 3220 2482 virgo.
3230 2419 3491 2482 quaternis

2202 2470 2427 2529 Egregia
2458 2474 2642 2529 pariter
2662 2472 2947 2515 meritorum
2976 2470 3123 2515 laude
3146 2470 3429 2515 nitescunt.

1809 2571 2183 2627 AUCTARIA.

363 2663 486 2718 Jam
518 2662 636 2719 dixi
667 2663 962 2719 HERINIEN.
1005 2668 1065 2719 et
1092 2665 1339 2721 Tonuac.
1378 2667 1776 2722 Austrebertze
1834 2682 1944 2723 non

290 2734 644 2808 meminisse.
678 2735 980 2808 Qonsentit
1014 2739 1073 2789 et
1095 2735 1185 2791 his
1208 2737 1473 2805 PULSAN.,
1502 2738 1557 2791 in
1599 2752 1667 2793 eo
1695 2738 1947 2808 singula-

292 2805 376 2861 ris
406 2804 561 2876 quod
591 2805 851 2860 ordinem
891 2810 1210 2876 martyrum
1244 2808 1630 2863 Romanorum
1666 2804 1946 2864 intertur-

293 2877 417 2945 bet,
468 2881 528 2930 et
572 2890 679 2946 pro
719 2877 987 2933 Amantii
1036 2878 1256 2933 scribat
1300 2880 1593 2935 Amariai.
1640 2880 1775 2935 Tum
1823 2881 1939 2935 sic:

296 2967 326 2998 ι(
360 2948 501 3001 [tem
534 2947 749 3017 Romae,
785 2952 1003 3004 sanctae
1038 2948 1302 3004 Sotheris
1335 2950 1595 3017 virginis.
1629 2969 1656 2999 »

371 3020 954 3088 ANTUEBPIEN.-MAX.,
1026 3019 1358 3089 mmmam,
1432 3021 1826 3076 Lernan-Bene
1884 3027 1940 3082 et

296 3089 483 3181 ῨἮΞῙΡ
522 3088 1078 3181 Ηὲἲὲυἰβὲίίθςῖἷῖ
1105 3105 1175 3181 δέ)
1203 3088 1409 3181 ἓοέυηὲ.
1439 3108 1468 3147 ³
1522 3092 1949 3181 Ριινίίθίίῖβθίῖ·
1983 3124 2027 3181 (1

296 3160 483 3231 ciunt,
513 3161 672 3233 quod
725 3161 909 3232 primo
953 3160 1539 3233 loco_Scholasticam
1575 3162 1940 3233 annuntient,
1983 3160 2028 3182 υ

296 3237 476 3304 atque
509 3231 563 3285 in
582 3230 710 3304 fine
731 3230 772 3302 'p
783 3247 843 3288 ro
860 3231 1257 3304 Austrcbcrta
1279 3237 1495 3304 ponant
1518 3230 1939 3304 Aastrcbcrga,

298 3302 455 3372 quod
486 3306 543 3357 et
579 3302 635 3357 in
658 3302 955 3358 nonnullis
976 3302 1109 3358 aliis
1130 3302 1436 3359 codiCibus
1470 3303 1703 3372 legitur.
1732 3305 1793 3357 In
1822 3302 1945 3360 Bel-

295 3372 424 3442 gica
459 3372 716 3446 editione
742 3373 903 3429 deest
930 3389 1137 3430 nomen
1161 3374 1332 3430 unius
1354 3390 1425 3429 ex
1456 3379 1710 3445 quatuor
1740 3375 1942 3446 primis

296 3444 676 3514 martyribus.

367 3516 732 3585 ULTRAJECT.,
784 3515 1048 3585 Lamus,
1096 3517 1344 3572 ALBERG.
1398 3520 1455 3571 et
1506 3518 1702 3572 Dama.
1756 3517 1941 3572 Etiam

294 3586 544 3668 primum
569 3585 760 3643 locum
777 3585 1586 3668 Schoiasticzeiribuunt,sed
1616 3589 1940 3668 Usuardino

295 3657 486 3712 textui
505 3657 627 3713 haec
653 3658 1085 3728 superaddunt:
1116 3676 1143 3709 «
1166 3657 1346 3727 Hujus
1373 3657 1619 3713 animam
1647 3659 1717 3713 de
1740 3673 1944 3728 corpo-

293 3741 358 3783 re
390 3742 709 3799 egressam,
732 3728 876 3785 vidit
907 3734 1146 3784 sanctus
1180 3729 1537 3799 Benedictus
1568 3729 1625 3783 in
1657 3728 1941 3799 columba)

294 3799 512 3880 specie,
547 3798 939 3880 coelisecreta
968 3803 1295 3880 penetrare.
1327 3798 1647 3880 Qui-tantae
1680 3798 1808 3867 ejus
1826 3800 1946 3880 glo-

295 3869 398 3926 rias
429 3870 822 3939 congaudens,
850 3872 963 3925 Deo
993 3870 1215 3939 gratias
1249 3870 1525 3939 reddidit,
1552 3869 1795 3940 ejusque
1822 3869 1943 3927 ebi-

294 3946 417 4012 tum
445 3942 726 4012 fratribus
747 3940 1131 3997 denuntiavit.
1163 3941 1319 4007 Quos
1350 3942 1525 3996 etiam
1542 3940 1809 4012 protinus
1843 3942 1943 3997 mi-

296 4011 395 4083 sit,
430 4015 494 4067 ut
525 4010 653 4083 ejus
686 4026 900 4083 corpus
945 4012 1014 4067 ad
1057 4012 1476 4069 monasterium
1529 4010 1845 4082 deferrent,
1882 4016 1942 4067 et

296 4082 352 4136 in
386 4081 676 4153 sepulcro,
713 4081 865 4153 qubd
905 4082 1013 4138 sibi
1050 4087 1507 4154 prmparaverat,
1543 4081 1940 4151 collocarent;

297 4157 360 4208 ut
393 4168 638 4223 quorum
674 4168 836 4210 mens
871 4169 980 4209 una
1014 4169 1244 4224 semper
1266 4155 1322 4210 in
1354 4156 1470 4209 Deo
1496 4155 1704 4224 fuerat,
1739 4170 1940 4210 eorum

296 4238 531 4296 quoque
574 4238 821 4296 corpora
855 4239 959 4296 nec
1003 4229 1305 4296 sepultura
1339 4230 1660 4295 separaret.
1695 4248 1721 4274 υ
1760 4229 1842 4281 An
1875 4241 1939 4282 ea

295 4294 634 4363 conjunctio
665 4294 860 4365 duret,
895 4295 1032 4351 alibi
1062 4294 1547 4352 controvertitur.

370 4367 684 4438 CBNTULBN.
722 4366 909 4422 textui
953 4366 1211 4422 nonnihil
1243 4367 1607 4438 abbreviato,
1643 4368 1943 4438 subjungit

296 4436 350 4491 in
405 4436 558 4509 fine:
605 4457 633 4509 ᾳ
674 4438 1011 4508 Sanctonas,
1060 4438 1245 4495 sancti
1293 4437 1521 4508 Trojani
1570 4438 1825 4509 episcopi
1868 4436 1939 4493 'et

2129 2668 2490 2722 llacnxoveu.
2538 2664 2705 2735 plura
2748 2665 2818 2719 de
2860 2663 3218 2720 Scholastica
3261 2664 3543 2722 admiscet
3588 2682 3699 2723 non

2057 2738 2202 2809 adeo
2248 2739 2512 2809 probata.
2551 2735 2643 2791 Sic
2691 2736 2950 2809 loquitur
2992 2740 3130 2809 post
3168 2737 3364 2792 sancti
3392 2739 3702 2795 Benedicti

2055 2806 2323 2865 abbatis:
2363 2830 2390 2857 «
2423 2810 2551 2863 Haec
2588 2807 2808 2861 rectrix
2838 2809 2968 2861 erat
3020 2806 3331 2862 multarum
3365 2813 3699 2863 sanctarum

2056 2880 2347 2948 virginum
2384 2875 2932 2934 sanctimonialium.
2971 2878 3108 2943 Qme
3143 2878 3390 2946 quodam
3423 2879 3536 2947 die,
3570 2894 3699 2934 cum

2055 2957 2295 3007 sanctus
2322 2950 2673 3005 Benedictus
2707 2948 2775 3002 ad
2809 2962 2934 3019 eam
2969 2948 3243 3019 visntandi
3276 2949 3463 3017 gratia
3491 2950 3704 3019 [venis-

2054 3022 2185 3091 set],
2223 3028 2278 3075 et
2326 3036 2459 3075 mox
2502 3019 2777 3091 recedere
2812 3017 3012 3091 vellet,
3060 3017 3310 3091 pluviam
3343 3034 3373 3074 a
3423 3017 3539 3075 Deo
3570 3036 3701 3076 cum

2063 3088 2342 3148 tonitruis
2391 3090 2666 3153 obtinuit,
2704 3095 2759 3145 et
2794 3090 2877 3144 sic
2910 3088 3071 3144 illum
3108 3088 3249 3160 [ille|
3282 3106 3410 3145 cum
3461 3105 3526 3146 ea
3560 3092 3705 3146 invi-

2062 3168 2157 3217 tus
2188 3162 2574 3234 pernoctavit.
2612 3160 2797 3234 llujus
2826 3160 3082 3234 animam,
3107 3162 3159 3216 in
3198 3162 3358 3216 brevi
3391 3166 3598 3234 postea
3630 3163 3703 3217 de

2053 3231 2305 3304 corpore
2337 3247 2650 3302 egressam,
2684 3231 2826 3288 vidit
2874 3233 3223 3288 Benedictus
3265 3234 3447 3287 frater
3487 3233 3614 3303 ejus
3645 3234 3699 3288 in

2053 3304 2357 3361 columba).
2394 3326 2420 3353 ι»
2460 3308 2574 3359 etc.

2125 3377 2416 3431 VICTORIN.
2455 3390 2562 3446 pro
2614 3374 2901 3446 Amaatii,
2948 3374 3152 3430 scribit
3194 3375 3448 3433 Americ“.
3488 3376 3545 3429 In
3593 3375 3703 3431 fine

2054 3449 2114 3502 ut
2151 3449 2390 3502 CENTUL.
2423 3444 2493 3501 de
2527 3450 2731 3501 sancto
2762 3444 3023 3514 Trojano.

2126 3520 2403 3573 Amans.
2442 3517 2497 3570 in
2552 3515 2752 3585 Anglia
2797 3519 3045 3571 auctus:
3098 3539 3123 3565 «
3154 3518 3286 3587 Ipso
3333 3518 3447 3587 die,
3483 3522 3704 3574 saneta)

2054 3588 2310 3644 Vivinnae
2340 3587 2670 3645 abbatissae.
2702 3608 2727 3635 ι)

2125 3660 2349 3715 STnozz.
2386 3661 2442 3713 et
2478 3660 2676 3712 MEDIC.
2713 3658 2901 3727 primo
2937 3655 3105 3711 loco:
3148 3679 3174 3705 «ι
3204 3659 3261 3710 in
3298 3658 3561 3727 partibus
3601 3660 3705 3714 Tu-

2052 3729 2205 3800 scia),
2244 3729 2339 3800 qui
2395 3728 2611 3800 dicitur
2663 3726 3317 3800 l’auliaeus,transitus
3350 3729 3704 3800 sanctiGui-

2054 3798 2548 3869 lielmi,‘eremitze
2602 3802 2660 3869 et
2692 3798 3067 3869 confessoris,
3104 3812 3323 3866 magna)
3367 3799 3703 3855 sanctitatis

2053 3873 2109 3925 et
2132 3868 2376 3941 gloriosi
2411 3868 2710 3941 miraculis
2742 3868 2870 3922 viri.
2905 3888 2931 3916 ››

2126 3938 2321 3998 Codex
2371 3943 2583 3996 MONTIS
2627 3940 2846 3995 SANCTI.
2893 3960 2918 3987 «
2950 3938 3567 4011 Sanctonisicivitate,
3603 3942 3704 3997 de-

2055 4013 2482 4140 Bgsiigisoesapcti
2516 4011 2745 4081 Trojani
2777 4010 3061 4082 episcopi,
3098 4012 3154 4065 et
3190 4010 3585 4080 Boldegundis
3608 4015 3707 4068 ab-

2095 4085 2313 4141 atissze.
2346 4107 2372 4135 ιι

2123 4157 2321 4212 Enmo
2352 4155 2736 4211 Lenaeo-Con
2775 4152 3194 4209 Scholasticam
3230 4153 3417 4224 primo
3449 4152 3580 4211 loco
3617 4170 3704 4210 re-

2058 4228 2187 4282 fert.
2222 4231 2283 4283 ut
2317 4229 2573 4295 ULTRAJ.,
2600 4229 2715 4281 etc.
2753 4224 3030 4294 Sequitur
3058 4244 3069 4277 :
3104 4226 3366 4280 «Eodem
3398 4225 3510 4293 die,
3539 4240 3705 4281 sanc-

2052 4297 2096 4351 ti
2130 4297 2437 4353 Guilhclmi
2478 4295 2857 4352 confessoris.
2893 4296 2997 4350 Hic
3052 4296 3215 4366 prius
3243 4296 3361 4351 dux
3394 4296 3498 4349 fuit
3532 4296 3704 4365 Aqui-

2052 4368 2344 4424 taniorum
2375 4371 2432 4422 et
2478 4366 2628 4423 ultra
2688 4366 2919 4422 modum
2973 4366 3320 4435 flagitiosus,
3358 4366 3458 4420 sed
3494 4371 3702 4436 postea

2055 4439 2251 4494 divino
2302 4442 2443 4494 nutu
2488 4441 2891 4507 compunctus,
2937 4436 3409 4491 abbrenuntiavit
3463 4435 3699 4506 saeculo,

295 4508 679 4577 confessoris,
712 4530 739 4557 »
787 4486 915 4578 (qu9
947 4486 1812 4565 νῗέι’ὖῖ-Ᾰξητυ-Εέό.-Μιυῖνθῖἶᾶὥ
1846 4486 1942 4578 po:
1976 4486 2023 4544 θ
2058 4486 2451 4566 monachalem
2484 4486 2743 4563 habitum
2786 4486 3100 4575 assumens,
3138 4506 3327 4561 factus
3359 4510 3456 4578 est
3498 4486 3706 4575 servus

296 4579 437 4647 suit,
472 4578 575 4634 sed
608 4579 762 4634 inter
791 4578 1208 4637 Scholasticam
1239 4584 1299 4635 et
1329 4580 1793 4636 Austrebertam.
1833 4578 1949 4636 Cae-

296 4653 491 4705 terum
525 4653 757 4721 speetat
795 4652 1089 4721 Troianas
1118 4652 1231 4707 iste
1264 4652 1334 4707 ad
1367 4667 1475 4707 xxx
1508 4650 1871 4706 Novembris.

370 4719 656 4777 Βιιυχέιι..
689 4719 943 4791 elogium
987 4722 1366 4779 Scholasticae
1404 4737 1478 4778 ex
1509 4723 1768 4791 ULTRAJ.,
1803 4726 1943 4790 etc.,

296 4790 389 4848 hic
421 4791 695 4864 relatum,
720 4790 979 4864 exparte
1014 4792 1265 4864 mutilat,
1288 4797 1421 4864 post
1462 4814 1488 4841 (ι
1518 4790 1760 4849 secreta
1778 4806 1948 4864 pene-

297 4867 480 4935 trare,
513 4885 541 4912 ι)
569 4864 654 4935 sic
686 4862 886 4935 legens
913 4883 924 4917 :
959 4885 986 4913 α
1014 4862 1137 4930 Quo
1159 4862 1304 4934 viso,
1332 4864 1456 4935 ipse
1479 4879 1696 4935 corpus
1720 4862 1948 4920 sororis

296 4932 593 5006 defuncta;
626 4933 763 5006 fecit
795 4934 866 4990 ad
898 4948 1066 5006 suum
1101 4932 1515 4992 monasterium
1548 4932 1785 5006 deferri,
1807 4935 1946 4991 etin

296 5003 574 5078 sepulcro
608 5004 764 5078 quod
798 5004 910 5061 sibi
944 5005 1055 5078 ipsi
1092 5010 1545 5078 praeparaverat,
1582 5003 1840 5078 sepeliri.
1878 5008 1944 5061 Et

298 5073 446 5148 illud
472 5073 678 5148 postea
703 5073 1459 5147 Cynomannis'translatum
1482 5073 1593 5133 θέοι.
1617 5073 1948 5148 )i'Sequitur

298 5144 370 5202 de
405 5144 696 5220 Soteride,
730 5144 961 5205 omissis
993 5150 1348 5220 martyribus
1379 5149 1669 5206 Romanis.
1707 5144 1841 5220 Tum
1874 5149 1947 5205 de

297 5231 331 5292 ξ
364 5216 686 5292 militibus.
709 5220 850 5275 Post
883 5216 1364 5292 Rotaomagenst‘,
1398 5220 1520 5277 haec
1552 5219 1758 5276 inserit
1787 5221 1945 5292 μαιμι

298 5285 432 5362 ioco
457 5289 555 5362 qui
587 5295 833 5362 vocatur
861 5285 1194 5348 Pauliacus?
1215 5285 1428 5362 Eodem
1469 5292 1563 5362 die
1585 5292 1739 5362 apud
1761 5290 1949 5348 Nivel-

298 5357 437 5429 lam,
475 5357 731 5418 elevatio
775 5366 991 5418 sanctae
1026 5362 1333 5417 Gertrudis
1362 5357 1663 5429 virginisf»
1712 5363 1947 5419 Demum

300 5428 474 5488 manu
510 5431 738 5502 Belgica
774 5431 1091 5489 recentiori
1120 5451 1130 5485 :
1163 5454 1189 5481 «
1217 5428 1430 5487 Itemin
1452 5428 1625 5501 valle,
1659 5448 1785 5502 quae
1809 5432 1949 5490 dici-

302 5504 400 5558 tur
432 5503 503 5559 ad
530 5503 795 5560 stabulas
817 5503 1016 5571 Rodis,
1046 5503 1199 5559 beati
1237 5502 1535 5559 Guillermi
1567 5504 1942 5559 confessoris.

302 5571 412 5639 Qui
437 5587 511 5630 ex
534 5575 749 5632 comite
790 5575 1068 5632 Pictavize
1091 5589 1158 5631 ac
1178 5575 1325 5631 duce
1350 5572 1676 5643 Aquitania;
1714 5574 1950 5631 ferocis-

301 5643 450 5700 simo
475 5645 665 5703 factus
686 5651 778 5701 est
803 5645 1225 5703 strenuissimze
1247 5646 1382 5703 vitae
1403 5644 1646 5701 eremita
1669 5644 1949 5701 solidissi-

302 5727 548 5788 mus,_ac
573 5716 986 5788 miraculorum
1022 5721 1287 5788 patrator
1310 5715 1723 5788 validissimus.
1750 5738 1775 5766 ι)
1805 5717 1948 5773 Vide

307 5783 516 5860 haecin
532 5788 695 5846 Actis
718 5783 1166 5862 diligentissime
1188 5792 1245 5847 et
1268 5787 1643 5848 exactissime
1665 5787 1946 5849 discussa.

2059 4596 2359 4637 servorum
2391 4580 2510 4635 Dei.
2548 4579 2650 4634 Hic
2681 4579 2906 4633 centies
2938 4592 3039 4648 per
3080 4580 3306 4633 noctem
3338 4580 3395 4631 et
3429 4577 3586 4648 diem;
3608 4591 3705 4646 ge-

2058 4668 2167 4709 nua
2202 4652 2495 4717 ﬂectebat,
2533 4654 2824 4705 transiens
2856 4646 3153 4704 de'activa
3187 4649 3258 4703 ad
3299 4646 3705 4718 contemplatis

2057 4738 2184 4779 vam
2217 4722 2412 4777 vitam.
2449 4722 2634 4777 Etiam
2677 4720 2745 4774 ad
2798 4722 3021 4790 tantam
3053 4720 3469 4789 perfectionem
3501 4732 3705 4790 perve-

2058 4795 2163 4865 nit,
2202 4796 2260 4849 ut
2293 4793 2500 4865 spiritu
2527 4790 2852 4863 prophetiae
2884 4789 3152 4865 fulgeret.
3193 4790 3299 4865 Qui
3331 4789 3703 4865 postmodum

2060 4861 2715 4935 firmatus'corpo—re,’et
2750 4862 3028 4935 sanguine
3066 4861 3282 4935 Christi
3318 4861 3705 4935 participatus

2059 4936 2328 5005 migravit
2363 4936 2434 4992 ad
2462 4932 2797 4992 Dominum.
2833 4955 2859 4982 ι»
2897 4933 3117 5005 Deinde
3171 4932 3226 4986 in
3276 4935 3443 4987 textu
3494 4932 3705 5005 admis-

2058 5003 2203 5076 tum,
2232 5007 2383 5076 quod
2410 5006 2632 5062 Soteris
2657 5004 3163 5076 sabbioclctiano
3186 5005 3445 5076 Augusto
3466 5003 3541 5076 sit
3575 5017 3642 5076 pa
3653 5017 3708 5057 s-

2058 5093 2139 5135 sa.
2165 5074 2194 5127 ‹‹“
2219 5074 2558 5147 Sanctonas,
2586 5078 2637 5131 S.
2654 5075 2879 5145 Trajani
2902 5075 3165 5147 episcopi
3188 5079 3246 5129 et
3274 5074 3645 5147 confessoris.
3671 5096 3697 5124 ››

2134 5150 2321 5205 ΒειῐΝ.
2360 5148 2413 5203 in
2456 5145 2708 5205 secunda
2743 5147 3000 5203 editione
3034 5145 3206 5216 paulo
3236 5146 3558 5201 correctior
3581 5149 3702 5211 est;

2061 5221 2114 5276 in
2151 5226 2399 5291 utraque
2429 5220 2616 5291 primo
2658 5219 2786 5275 loco
2828 5217 3165 5291 annuntiat:
3207 5240 3232 5265 ‹‹
3261 5216 3463 5291 Natale
3516 5218 3703 5291 sancti

2060 5287 2350 5348 Guillelmi
2404 5287 2779 5360 confessoris,
2830 5287 3054 5345 ordinis
3095 5288 3466 5345 eremitarum
3520 5290 3701 5346 sancti

2059 5364 2387 5433 Augustini.
2423 5386 2450 5413 η
2486 5361 2811 5433 νὶᾱθειῃιων
2837 5361 2997 5415 Acta.

2130 5430 2379 5508 (ξιιενιεΝἶ
2409 5453 2419 5487 :
2453 5432 2694 5508 _«_Apud
2728 5432 3065 5508 Sanctonas,
3088 5430 3326 5508 Trojani
3354 5430 3615 5508 episcopi
3647 5433 3703 5508 et

2059 5505 2434 5562 confessoris.
2453 5500 2713 5559 Elevatio
2736 5504 2953 5558 sanctaa
2968 5500 3293 5558 Gertrudis.
3310 5500 3554 5571 virginis
3575 5500 3706 5554 Gui-

2061 5575 2216 5650 lelmi
2251 5575 2485 5650 comitis
2507 5572 2898 5650 Pictaviensis
2927 5576 2997 5650 ei
3023 5573 3399 5650 confessoris:
3433 5571 3539 5650 Qui
3560 5584 3704 5650 cum

2063 5661 2133 5721 se
2162 5646 2399 5721 ﬂagitiis
2418 5645 2619 5721 primo
2650 5649 2834 5721 totum
2868 5644 3151 5721 dedisset,
3186 5651 3243 5721 et
3277 5641 3571 5721 schismati
3607 5641 3708 5693 Pe-

2058 5718 2136 5772 tri
2172 5710 2377 5774 Leonis
2411 5710 2653 5791 faveret,
2685 5731 2713 5772 a
2747 5710 3245 5791 beato__Bernardo
3284 5710 3707 5791 terrificeeor-

2063 5793 2288 5864 reptas,
2309 5788 2544 5849 tandem
2587 5780 2657 5847 ad
2691 5802 2793 5847 cor
2814 5787 3025 5849 rediit:
3061 5786 3423 5859 ferreamque
3465 5780 3704 5845 loricam
