4006 6148
284 358 391 413 769

1338 366 1343 371 ’
1385 356 2007 419 MARTYROLOGIUM.
2051 392 2133 453 -γ
2159 358 2360 419 MENS.
2405 360 2606 419 FEBR.

3586 366 3693 427 “7’70

286 483 589 564 Pamphilo
619 489 679 540 et
713 484 891 564 sociis
913 482 1060 555 aliis,
1101 483 1155 564 in
1192 486 1651 564 Hieronymianis
1680 485 1940 557 adjungi-
1969 489 2023 548 A
2052 502 2180 559 pag.
2215 493 2321 564 967
2351 493 2411 544 et
2435 492 2556 564 668.
2593 487 3114 564 Vidcnda_quoque
3137 504 3263 562 pag.
3292 495 3414 564 673,
3440 498 3498 549 et
3529 509 3698 553 accu-

290 561 402 625 tur,
451 562 787 628 postremus
822 557 946 628 ipse
988 558 1266 626 martyrio
1301 565 1658 615 coronatus:
1698 574 1770 613 ex
1799 574 1937 628 quo-

289 628 628 700 rumetiam
662 643 902 685 numero
937 629 1097 685 fuere
1128 630 1355 698 .Egypti
1393 630 1646 700 quinque
1681 630 1772 685 hic
1801 646 1939 685 ano-

286 699 460 771 nymi,
493 699 589 770 qui
616 700 726 756 sibi
762 700 1177 770 prophetarum
1212 701 1384 769 Εἰὶίε,
1409 699 1703 771 Jereinim,
1731 702 1933 771 Isaia,

334 771 592 853 αῃηιθίἰις
606 776 678 853 et
709 772 988 853 ριξηἰείᾀὲ
1006 771 1237 853 nomina
1269 772 1688 853 imposuerant,
1727 776 1790 853 ut
1821 771 1938 853 eol-

287 839 492 911 ligitur
512 857 584 897 ex
604 842 853 898 Eusebio
875 842 1151 897 editionis
1180 839 1521 907 Valesianze,
1546 845 1616 898 de
1641 846 1802 898 Mart.
1836 845 1941 898 Pa-

286 911 531 985 laestinae
563 929 690 985 cap.
727 928 785 983 ιι,
826 913 993 983 cujus
1023 915 1202 969 verba
1242 916 1347 970 hoc
1381 915 1473 970 die
1510 915 1565 969 in
1613 914 1789 981 Actis,
1838 914 1933 969 ubi

286 984 357 1039 de
388 985 554 1049 Elia,
589 990 728 1054 etc.,
763 988 822 1039 et
853 1000 971 1040 xvn
1005 986 1326 1053 Februarii,
1356 985 1450 1041 ubi
1488 986 1558 1041 de
1592 987 1844 1042 Jnliano
1876 989 1933 1039 et

291 1054 603 1112 Theodulo.
639 1060 695 1111 et
730 1071 747 1111 1
777 1056 932 1111 Junii
982 1057 1337 1125 referuntur,
1377 1056 1473 1112 ubi
1508 1056 1578 1111 de
1615 1056 1936 1126 Pamphilo

287 1126 533 1182 seorsim
563 1140 635 1181 ex
667 1126 1096 1197 Martyrologiis
1129 1128 1349 1182 nostris
1382 1128 1595 1196 agitur,
1637 1132 1698 1182 ut
1730 1128 1807 1181 ibi
1853 1127 1937 1182 di-

287 1210 505 1267 cemus,
524 1198 593 1253 ad
617 1212 787 1268 quem
812 1198 964 1253 diem
987 1198 1207 1254 videsis
1237 1198 1621 1268 Papebrochii
1647 1212 1938 1254 commen-

286 1268 523 1339 tarium,
558 1283 630 1324 ex
662 1283 775 1339 quo
796 1283 865 1326 ea
896 1270 1144 1341 sumpsit
1177 1270 1563 1341 Castellanus,
1600 1284 1728 1340 quae
1760 1270 1937 1325 habet

2050 565 2175 635 rata
2211 560 2552 635 Florentinii
2576 560 2816 635 notatio.
2854 562 2935 635 Ex
2967 560 3235 619 omnibus
3262 560 3558 635 intelliges
3583 567 3699 623 dis-

2042 631 2280 701 junetos
2310 636 2370 686 et
2405 632 2457 686 in
2489 632 2684 688 varios
2707 631 2833 687 dies
2854 631 3181 702 dispersos,
3208 634 3303 702 qui
3333 631 3696 694 duodenario

2049 717 2290 779 numero
2322 719 2393 779 ex
2425 703 2676 779 Eusebio
2707 707 2764 757 et
2808 702 3272 779 Hieronymianis
3307 706 3414 761 hoc
3443 708 3572 779 ipso
3605 710 3698 766 die

2047 772 2362 860 colligendi
2386 778 2574 844 erant,
2611 779 2930 860 atque‘un'a
2966 772 3308 860 perspicies,
3344 772 3487 833 satis
3519 794 3696 860 appo-

2050 844 2182 904 site.
2217 851 2275 899 et
2308 845 2353 900 si
2396 860 2509 900 non
2540 859 2613 899 ex
2656 850 2847 916 mente
2880 844 3147 913 Usuardi,
3183 846 3395 916 legisse
3433 844 3693 907 codicem

2048 916 2458 997 Pulsanensem
2478 987 2488 997 Ι
2510 930 2707 987 supra,
2738 915 2896 997 dum
2950 931 3075 997 pro.
3102 915 3689 997 quingne__7nillibns,

2047 986 2357 1041 substituit
2382 987 2647 1062 quinque
2664 986 3299 1062 mi_lz'tieus_:_.4ﬂgyptiis
3325 988 3441 1062 illis
3466 986 3690 1062 nempe,

2047 1071 2291 1126 quorum
2335 1057 2569 1128 propria
2604 1057 2832 1113 nomina
2866 1057 2920 1112 in
2963 1057 3428 1128 Hieronymianis
3456 1076 3567 1116 non
3599 1057 3696 1117 ex;

2048 1127 2398 1200 primuntur.
2435 1128 2569 1198 Legi
2604 1132 2797 1200 potest
2831 1129 3112 1200 Pamphili
3142 1127 3198 1183 et
3232 1131 3525 1188 sociorum
3550 1147 3698 1188 mar-

2048 1199 2284 1274 tyrium,
2320 1214 2391 1254 cx
2437 1199 2685 1274 Eusebio
2725 1199 2944 1255 Gallice
2986 1200 3299 1272 redditum,
3335 1203 3487 1274 apud
3528 1203 3698 1259 Tille-

2049 1270 2330 1326 montium
2364 1276 2524 1326 tomo
2556 1273 2619 1341 V,
2657 1286 2685 1327 a
2718 1285 2847 1343 pag.
2882 1275 3001 1327 418.

1811 1386 2184 1443 AUCTARIA.

358 1497 654 1572 Roswsvn.
685 1499 848 1570 puris
865 1500 1235 1572 annumerari
1261 1501 1472 1572 potuit,
1501 1516 1631 1558 cum
1657 1501 1711 1557 in
1746 1517 1815 1557 co
1847 1517 1937 1559 so-

289 1568 403 1644 lum
437 1568 877 1644 deliciae—Aquod
902 1572 972 1626 de
998 1568 1403 1644 Julianafpost
1422 1568 1777 1644 ferventem,
1805 1588 1934 1629 cum

286 1639 416 1695 aliis
448 1654 560 1696 non
594 1639 832 1714 scribat,
856 1662 898 1714 κα
929 1642 1141 1713 capitis
1173 1639 1560 1699 decollat'ione
1593 1639 1935 1714 martyrium

284 1712 727 1786 consummavit,
770 1712 1126 1786 sedsponso
1160 1714 1265 1769 sud
1310 1714 1560 1771 Evilasio
1590 1712 1764 1786 caput
1811 1715 1938 1786 ejus

286 1782 611 1852 auferente,
650 1782 1009 1853 martyrium.
1045 1802 1073 1835 »
1107 1789 1220 1840 etc.

355 1854 676 1947 :I‘konuscsr‘a.
714 1855 1099 1947 mutilusest,
1135 1870 1261 1910 nam
1307 1861 1658 1947 j‘iestremam
1710 1862 1932 1947 partem
1969 1889 2020 1947 Β

282 1922 459 1992 elogii
492 1925 677 1981 sancti
727 1925 997 1995 Onesimi,
1041 1922 1168 2050 quae
1208 1922 1548 1998 martyrium
1599 1922 1938 1999 complecti-

285 2000 403 2050 tur.
438 1999 495 2050 et
534 1999 717 2050 totum
757 1997 998 2050 Juliana;
1029 2012 1060 2050 e
1088 1998 1282 2050 ogium
1325 2000 1520 2050 omisit
1549 2019 1561 2050 :
1599 2002 1748 2050 forte
1783 2001 1935 2050 nnnd

285 2000 403 2065 tur,
438 1999 495 2050 et
534 1999 717 2051 totum
757 1997 1011 2070 Juliana}
1029 1997 1282 2067 elogium
1325 1997 1561 2053 omisit:
1598 1997 1748 2055 forte
1783 2001 1936 2070 quod

286 2070 619 2137 utrumque,
645 2082 758 2122 non
792 2067 1082 2123 immerito
1114 2074 1451 2139 suspectum
1486 2070 1777 2127 habuerit.

356 2140 643 2211 AsTusnr.
679 2143 736 2195 et
768 2141 1147 2196 Mam-Lunae.
1181 2139 1425 2197 Julianae
1467 2140 1718 2211 elogium
1758 2142 1935 2197 etiam

284 2209 644 2265 rescindunt.

356 2281 697 2337 Uummcr.
724 2283 803 2335 De
824 2280 1071 2351 Iuliana,
1100 2281 1208 2336 tria
1233 2284 1410 2337 verba
1438 2283 1624 2339 textui
1659 2284 1931 2351 inseruit,

284 2352 542 2426 tempore
551 2352 923 2426 Μαρρξηίαηὶ
935 2354 1161 2423 impera
1169 2354 1449 2421 toris;czet
1460 2369 1558 2409 era
1576 2370 1635 2410 sa
1645 2356 1717 2411 tis
1732 2370 1932 2426 purus.

358 2424 844 2496 Ameana-Max”
875 2425 1139 2493 LEYDEN.,
1166 2426 1401 2495 Lemn,
1431 2427 1703 2496 ALBERG.,
1731 2424 1928 2481 Dxmc.

281 2497 342 2566 et
374 2494 558 2550 editio
600 2497 833 2551 UL’I‘RAJ.
870 2497 1063 2565 BELG.,
1099 2501 1317 2566 printer
1350 2496 1459 2551 tria
1504 2496 1601 2553 illa
1642 2494 1842 2565 verba,
1878 2497 1933 2552 in

283 2564 399 2619 fine
430 2566 722 2638 subdunt:
766 2588 807 2638 «ν
838 2564 1343 2638 Methiseivitate,
1383 2567 1575 2638 natale
1617 2568 1803 2623 sancti
1830 2564 1939 2638 Sy-

285 2637 510 2709 meonis
549 2637 813 2709 episcopi
843 2642 903 2691 et
935 2637 1312 2709 confessoris.
1347 2660 1374 2687 »
1414 2637 1554 2693 Vide
1588 2641 1750 2694 Acta.

336 2707 643 2786 .L‘lcsgnsr.
686 2707 771 2786 :__<i
796 2709 926 2779 Ipso
959 2708 1072 2775 die,
1097 2709 1287 2786 sancti
1311 2710 1555 2786 Honesti
1583 2711 1872 2786 martyris:
1900 2732 1926 2759 »

220 2822 223 2825 λ
281 2777 738 2851 νὶίίθλΒοιιθῐιᾱὶ
790 2777 1291 2851 commentarium,
1336 2783 1394 2835 et
1446 2795 1576 2836 cum
1622 2796 1691 2836 eo
1730 2777 1933 2837 confer

282 2862 415 2922 qua:
447 2849 620 2905 habet
657 2849 1026 2907 Castellanus
1059 2851 1168 2907 hoc
1200 2849 1292 2906 die
1326 2866 1452 2922 pag.
1486 2856 1609 2908 668.

358 2921 690 2977 CENTULEN:
770 2944 796 2970 α
854 2922 1067 2989 Romae,
1144 2921 1337 2989 passio
1394 2922 1582 2978 sancti
1633 2921 1931 2978 Honesimi

280 2990 668 3065 Ephesiorum
699 2992 985 3065 episcopi,
1011 2991 1107 3065 qui
1134 2990 1430 3065 lapidatus
1452 2997 1544 3065 est
1578 3008 1605 3049 a
1632 2992 1928 3065 Romanis.

281 3061 345 3116 lu
385 3062 640 3135 _Chumis,
694 3061 921 3120 sanetae
960 3061 1208 3120 Juliante
1250 3064 1513 3135 virginis.
1549 3086 1580 3117 »
1629 3064 1684 3119 1n
1728 3062 1933 3119 ultima

281 3133 431 3189 satis
466 3150 647 3205 purus
678 3138 786 3191 cst.

357 3204 712 3288 Bitiam-Lens.
753 3204 1091 3287 primoloco
1119 3225 1193 3288 :Aa
1220 3206 1414 3288 Cutnis
1447 3206 1706 3288 civitate,
1737 3205 1934 3288 passio

280 3280 505 3347 sancta
531 3276 775 3333 Julianas
815 3276 1082 3346 virginis.
1129 3277 1267 3343 Qum
1311 3280 1572 3347 tempore
1604 3276 1929 3333 maximiani

281 3346 684 3419 imperatoris,
722 3348 873 3404 nuda
892 3347 1072 3417 virgis
1091 3363 1262 3417 0:883,
1288 3352 1345 3402 et
1370 3346 1599 3417 capillis
1620 3363 1926 3419 suspensa,

278 3421 340 3471 et
374 3417 612 3487 plumbo
644 3419 836 3475 soluto
868 3435 898 3474 a
932 3422 1124 3490 capite
1150 3420 1401 3490 perfusa,
1430 3423 1489 3474 et
1510 3419 1575 3487 in
1590 3417 1827 3475 carcere
1851 3436 1933 3474 re-

278 3495 474 3559 cepta,
508 3491 602 3546 ubi
639 3490 825 3562 palam
856 3505 986 3562 cum
1009 3489 1244 3546 diabOlo
1267 3491 1714 3562 conflixitrPost
1755 3491 1929 3546 etiam

281 3566 545 3616 rotarum
583 3561 893 3632 tormenta,
930 3561 1187 3617 ﬂammas
1228 3561 1464 3632 ignium,
1501 3561 1673 3616 ollam
1708 3562 1931 3617 ferven-

280 3634 398 3686 tem
433 3632 755 3714 superavit,
791 3636 846 3714 et
899 3632 1540 3714 capitis‘deeollatione
1574 3633 1929 3714 martyrium

281 3705 725 3760 consummavit.
754 3724 782 3755 »
808 3702 1063 3759 Onesimi
1089 3702 1365 3773 elogium,
1392 3718 1502 3758 non
1530 3702 1673 3757 nihil
1696 3702 1929 3758 auctius

277 3773 538 3845 exhibet,
564 3777 716 3845 quod
750 3774 958 3831 melius
992 3774 1137 3829 infra
1170 3774 1513 3829 referemus.
1552 3773 1826 3843 Sequitur
1858 3774 1929 3845 de

276 3843 530 3901 Iuliano
560 3843 631 3902 ad
674 3846 1009 3915 marginem,
1055 3846 1154 3901 sed
1198 3845 1400 3900 eadem
1444 3858 1634 3900 manu.
1678 3844 1814 3900 Tum
1857 3844 1927 3898 de

280 3915 561 3986 Symeone
595 3921 655 3972 ut
687 3932 879 3988 supra.

348 3984 833 4059 H.\eexovsu.,'in
867 3987 1137 4044 Onesimo
1180 3988 1301 4059 fere
1348 4002 1546 4057 purus,
1585 3985 1656 4059 de
1703 3984 1929 4059 Juliana

272 4057 390 4113 alia
449 4057 951 4116 comminiscitur:
1001 4080 1027 4108 «
1075 4060 1135 4114 In
1177 4057 1417 4114 civitate
1469 4057 1690 4125 Cumis,
1735 4057 1930 4128 passio

271 4134 498 4186 sanctae
536 4130 779 4187 Julianze
827 4130 1073 4199 virginis
1120 4129 1501 4185 nobilissimre
1535 4132 1592 4183 et
1628 4128 1925 4199 martyris,

270 4215 406 4270 quae
438 4201 675 4273 nudata,
721 4198 1047 4257 diutissime
1079 4216 1109 4256 a
1149 4216 1364 4273 sponso
1409 4214 1515 4273 suo
1549 4198 1929 4273 flagellatur;

272 4269 405 4340 qua:
429 4273 480 4326 ei
505 4272 575 4327 ad
600 4269 1032 4329 matrimonium
1054 4269 1389 4328 consentire
1416 4269 1624 4340 noluit,
1654 4285 1761 4326 nec
1800 4269 1935 4325 ado-

270 4355 409 4397 rare
423 4343 571 4399 Deos
594 4343 808 4399 voluit:
831 4359 935 4415 per
953 4342 1200 4414 capillos
1217 4358 1319 4400 sex
1333 4343 1494 4398 horis
1521 4340 1927 4414 suspenditur,

272 4513 399 4568 χιιι
435 4513 581 4569 Kal.

1967 3246 2015 3307 Ο

2048 1501 2283 1573 plumbo
2328 1502 2593 1558 hullienti
2630 1502 3018 1573 perfunditur,
3055 1501 3153 1557 sed
3188 1502 3353 1573 virgo
3396 1517 3507 1558 non
3534 1502 3695 1559 laedi-

2051 1577 2181 1644 tur:
2220 1574 2375 1628 ferro
2416 1573 2671 1629 vincitur
2717 1578 2777 1628 et
2819 1573 3240 1644 incarceratur,
3279 1574 3374 1630 ubi
3424 1573 3519 1631 illa
3561 1590 3691 1631 cum

2048 1643 2279 1700 diabolo
2308 1645 2568 1699 conﬂixit
2595 1648 2651 1699 et
2685 1644 2823 1700 vicit
2852 1664 2864 1698 :
2902 1644 3056 1700 inter
3084 1644 3310 1714 gladios
3341 1651 3599 1701 rotarum
3633 1653 3692 1701 et

2048 1714 2103 1787 in
2138 1715 2326 1787 ignem
2362 1715 2686 1786 projicitur,
2725 1716 2785 1787 in
2811 1714 2983 1771 ollam
3016 1715 3245 1787 plenam
3278 1715 3516 1787 plumbo
3548 1717 3690 1786 adji-

2049 1786 2205 1841 citur
2246 1785 2585 1856 liquefacto,
2628 1792 2685 1841 et
2736 1785 3691 1858 ultimum'capitis’decollatione

2051 1858 2389 1926 martyrium
2428 1857 2870 1914 consummavit.
2898 1878 2924 1908 »
2951 1859 3029 1913 De
3060 1857 3287 1913 Juliano
3318 1864 3383 1914 ut
3412 1859 3467 1914 in
3499 1864 3685 1915 textu.

2050 1930 2109 2002 I_n
2144 1928 2254 1984 ﬁne
2278 1949 2308 2002 :7
2332 1951 2358 1978 «
2390 1930 2639 2002 civitate
2685 1931 2821 2000 [non
2858 1930 3238 2002 cmprimz'tm,
3283 1930 3470 2002 Metis]
3502 1930 3689 1986 sancti

2048 2000 2348 2069 Symeonis
2378 2000 2637 2071 episcopi
2671 2005 2727 2054 et
2762 2001 3134 2056 confessoris.
3173 2020 3199 2051 »

2119 2073 2435 2127 AMBIANEN.
2479 2091 2489 2125 :
2541 2090 2566 2123 «
2610 2073 2742 2142 Ipso
2793 2071 2905 2141 die,
2949 2071 3161 2128 natalis
3208 2072 3394 2127 sancti
3448 2072 3686 2128 Honesti

2049 2143 2377 2212 presbyteri
2408 2146 2465 2197 et
2499 2143 2793 2212 martyris.
2829 2162 2857 2194 »

2117 2214 2255 2268 Rsc.
2291 2215 2482 2283 Scr-10.,
2519 2214 2784 2281 signatus
2808 2230 2960 2271 num.
2989 2217 3130 2271 428:
3167 2233 3194 2265 «
3220 2215 3352 2285 Ipso
3384 2213 3498 2283 die,
3526 2228 3691 2271 sane-

2050 2284 2090 2337 ti
2127 2285 2365 2339 Honesti
2399 2284 2689 2354 martyris.
2725 2307 2750 2333 »

2119 2355 2408 2417 VATICAN...
2452 2370 2610 2411 num.
2656 2360 2813 2423 5949,
2848 2356 3034 2425 primo
3077 2355 3248 2411 loco:
3291 2356 3689 2413 «Sanctarum

2044 2425 2356 2496 virginum,
2384 2428 2579 2481 Fuscae
2610 2431 2667 2480 ct
2698 2427 2927 2481 Maura).
2954 2448 2980 2474 ι)
3009 2425 3151 2480 Vide
3185 2427 3326 2481 Acta
3359 2441 3459 2481 xm
3491 2426 3683 2496 hujus.

2116 2498 2311 2552 Enmo
2342 2499 2568 2553 Lussco
2599 2498 2733 2552 GOL.
2770 2497 2826 2552 in
2868 2497 3159 2565 Onesimo,
3194 2502 3253 2551 et
3293 2497 3520 2553 Juliana
3552 2512 3692 2553 non-

2046 2566 2187 2621 nihil
2217 2583 2246 2623 a
2280 2568 2689 2638 superioribus
2716 2569 2937 2632 variat;
2973 2567 3126 2636 quod
3153 2567 3255 2638 rei
3298 2569 3687 2624 substantiam

2046 2643 2314 2708 spectare
2350 2637 2565 2709 potest,
2598 2654 2670 2693 ex
2699 2640 2920 2694 Molano
2953 2637 3349 2706 subjiciemus.
3384 2639 3578 2693 Tertio
3611 2639 3690 2693 lo-

2045 2724 2114 2764 co
2163 2712 2333 2765 habet
2352 2708 2364 2709 ⁷“
2387 2711 2725 2779 Symeonem
2782 2711 3118 2777 Metensem,
3161 2713 3219 2762 et
3272 2708 3476 2765 ultimo
3512 2710 3691 2766 Julia-

2044 2794 2177 2836 num
2211 2796 2340 2836 cum
2373 2781 2628 2850 quinque
2659 2779 2935 2848 millibus,
2974 2784 3037 2835 ut
3068 2794 3264 2848 supra.

2115 2852 2360 2906 Gnssz.
2383 2849 2402 2905 ἐ
2429 2871 2455 2903 «
2490 2849 2867 2920 Faustiniani,
2903 2850 3077 2915 Plesi,
3117 2850 3367 2905 Fabiani.
3398 2849 3688 2905 Sebastia—

2044 2921 2100 2976 ni
2120 2923 2411 2993 martyris.
2434 2940 2462 2974 »
2487 2924 2557 2976 Et
2582 2922 2639 2993 in,
2662 2922 2841 2992 prima
2866 2921 3124 2993 editione
3146 2921 3458 2993 anniunxv
3475 2940 3501 2970 «
3517 2922 3688 2976 Sauc-

2042 2993 2089 3047 ti
2122 2989 2361 3048 Honesti
2404 2989 2695 3062 martyris.
2733 2993 2794 3046 In
2836 2989 3542 3062 Afrieal‘aulirEremitte.
3579 2993 3687 3047 Me-

2044 3064 2122 3117 tis
2167 3064 2466 3134 Symeonis
2515 3061 2779 3134 episcopi
2819 3068 2873 3117 et
2919 3061 3296 3118 confessoris.
3333 3064 3407 3134 in
3442 3061 3683 3129 Swecia,

2044 3121 2279 3203 Sigfridi
2324 3121 2585 3206 episcopi
2621 3138 2677 3189 ct
2713 3121 3090 3206 confessoris.
3128 3156 3153 3181 »
3194 3121 3683 3206 DegSebastiano,

2042 3206 2222 3261 Paulo
2255 3208 2312 3261 et
2346 3204 2600 3276 Sigfrido
2633 3205 2762 3260 vide
2795 3205 2967 3260 hodie
3002 3204 3459 3260 Praetermissos.

2114 3278 2329 3333 MOLAN.
2368 3277 2437 3331 de
2469 3277 2757 3345 Onesimo,
2784 3281 2916 3346 post
2940 3276 3209 3345 reliquit,
3237 3276 3360 3331 htec
3391 3290 3462 3329 ex
3488 3276 3687 3331 Adone

2043 3347 2175 3403 aliis
2206 3348 2427 3403 litteris
2460 3348 2646 3403 textui
2681 3346 3026 3404 admiscuit:
3070 3368 3094 3395 ‹‹
3124 3348 3202 3401 De
3233 3361 3347 3416 quo
3389 3351 3447 3401 et
3482 3348 3690 3402 beatus

2041 3420 2320 3489 lgnatius,
2375 3419 2644 3490 Ephesiis
2681 3419 2949 3474 scribens
2991 3417 3321 3488 epistolam,
3376 3417 3452 3471 ita
3503 3417 3685 3490 dicit:

2042 3491 2324 3557 Quoniam
2355 3488 2462 3560 ego
2485 3490 2717 3561 suscepi
2752 3490 3185 3545 multitudinem
3211 3492 3468 3544 vestram
3504 3488 3559 3543 in
3590 3504 3689 3542 no-

2042 3563 2192 3616 mine
2224 3562 2470 3631 Domini,
2507 3562 2562 3615 in
2599 3560 2871 3615 0nesimo
2910 3560 3127 3614 dilecto
3161 3565 3523 3630 praeceptore
3556 3574 3689 3615 nos-

2042 3636 2155 3701 tro,
2192 3637 2391 3688 vestro
2439 3637 2632 3686 autem
2673 3632 2973 3701 episcopo.
3012 3631 3271 3684 Obsecro
3304 3645 3434 3684 eum
3485 3645 3689 3684 secun-

2042 3703 2176 3759 dum
2209 3702 2504 3757 Christum
2533 3704 2727 3756 Jcsum
2754 3701 2996 3769 diligere
3027 3716 3153 3769 vos,
3181 3705 3240 3754 et
3273 3714 3373 3754 vos
3404 3714 3607 3755 omnes
3631 3701 3683 3754 in

2043 3773 2356 3829 concordia
2390 3771 2517 3840 ejus
2552 3772 2606 3825 in
2641 3772 2769 3841 ipso
2802 3786 2950 3827 esse:
2989 3771 3338 3825 Benedictus
3360 3770 3511 3823 enim
3536 3772 3687 3826 Deus

2044 3844 2139 3913 qui
2174 3844 2340 3899 vobis
2373 3844 2609 3909 talibus,
2645 3840 2819 3913 talem
2845 3841 3181 3912 episcopum
3207 3841 3443 3895 donavit
3469 3840 3684 3913 habere

2045 3912 2096 3969 in
2136 3914 2385 3969 Christo.
2420 3937 2446 3965 ι»
2484 3915 2561 3969 De
2582 3912 2811 3969 Iuliano
2836 3917 3051 3983 autem,
3079 3916 3214 3982 post
3235 3912 3682 3982 consummavit,

2042 4000 2115 4040 ex
2155 3986 2359 4041 eodem
2403 3986 2602 4041 Adone
2634 3983 2946 4041 subditur:
2991 4002 3019 4034 «
3064 3986 3200 4050 Quae
3234 3996 3401 4053 passa
3440 3987 3531 4039 est
3566 3984 3687 4054 qui-

2044 4056 2171 4112 dem
2206 4058 2259 4110 in
2302 4056 2658 4112 Nicomedia.
2692 4055 2793 4111 sed
2829 4058 2962 4126 post
2992 4069 3237 4126 paueum
3274 4059 3523 4126 tempus,
3567 4057 3684 4111 Deo

2044 4128 2412 4199 disponente,
2449 4127 2504 4181 in
2536 4125 2901 4198 Campaniam
2933 4125 3019 4199 est
3054 4125 3360 4199 translata.
3395 4148 3421 4175 »
3456 4126 3516 4181 In
3553 4126 3683 4199 line,

2045 4197 2428 4271 defSymeone
2469 4197 2770 4271 utsup’ra.
2807 4199 2865 4252 In
2910 4197 3040 4271 aliis
3081 4197 3462 4271 editionibus,
3497 4198 3687 4271 adhuc

2043 4268 2418 4340 adjungitur:
2469 4291 2495 4319 «
2534 4268 2667 4341 Ipso
2716 4269 2809 4325 die
2852 4269 3169 4341 Ambianis,
3214 4268 3403 4326 sancti
3445 4269 3685 4326 Honesti

2045 4341 2336 4411 martyris.
2371 4362 2397 4389 ι)

3451 4511 3570 4571 Die
3597 4516 3682 4569 47.

345 4621 409 4676 In
439 4618 687 4674 Perside
716 4618 954 4675 civitate
986 4618 1305 4690 Babilonia,
1342 4620 1554 4676 natalis
1588 4620 1741 4675 beati
1774 4619 2139 4677 Polochronii
2170 4617 2430 4692 episcopi
2463 4623 2518 4677 et
2553 4619 2847 4691 martyris,
2881 4617 2976 4689 qui
3019 4621 3311 4689 przesente
3342 4618 3514 4675 Decio
3562 4635 3689 4690 per-

272 4710 574 4777 secutore,
609 4721 675 4763 os
709 4705 1004 4778 lapidibus
1035 4724 1240 4778 caesus,
1277 4709 1545 4764 manibus
1581 4707 1858 4777 extensis,
1887 4707 2088 4765 oculos
2118 4708 2187 4766 ad
2223 4709 2427 4766 caelum
2468 4708 2724 4779 elevans,
2750 4706 2942 4763 emisit
2974 4706 3262 4778 spiritum.
3289 4708 3454 4778 Apud
3485 4707 3688 4763 urbem

288 4794 700 4865 Concordiam,
730 4796 928 4867 passio
960 4801 1295 4853 sanctorum
1327 4797 1556 4868 Dorati,
1585 4797 1951 4870 Seeundiani,
1977 4798 2203 4854 Romuli
2237 4814 2367 4854 cum
2398 4798 2528 4855 aliis
2558 4797 2853 4867 octoginta
2888 4810 3010 4854 sex.
3036 4799 3095 4851 In
3120 4794 3332 4866 Scotia,
3356 4795 3542 4852 sancti
3568 4796 3694 4852 Fin-

272 4881 393 4937 taui
432 4881 748 4953 presbiteri
778 4885 835 4939 et
865 4884 1240 4956 confessoris,
1274 4898 1496 4953 magna:
1526 4884 1766 4941 virtutis
1797 4884 1923 4940 viri.
1960 4886 2089 4956 Ipso
2118 4886 2230 4960 die,
2267 4888 2454 4944 sancti
2502 4887 2701 4943 Silvini
2749 4886 3132 4943 Taruanensis
3179 4884 3457 4958 episcopi.
3494 4885 3691 4957 [Apud

269 4971 599 5029 Bonillart.
635 4992 655 5028 :
784 4988 1005 5044 magna:
1037 4974 1272 5032 virtutis
1300 4972 1431 5037 viri.
1472 4975 1597 5045 Ipso
1630 4975 1744 5045 die,
1781 4974 1965 5031 sancti
2001 4973 2200 5032 Silvini
2229 4976 2527 5035 Tolosanze
2560 4975 2820 5034 civitatis
2846 4975 3152 5048 episcopi]

1885 5090 2086 5147 ΝΟΤᾸΕ

345 5185 612 5263 Sumitur
640 5187 999 5263 ex_Pra_t_en,
1039 5189 1378 5263 Ηξθγιζηίιιηη
1427 5191 1767 5263 Iamnam,
1810 5193 1933 5263 ᾼφι-
1962 5190 2013 5249 Ι)
2042 5205 2168 5247 ven.
2203 5194 2260 5246 et
2301 5190 2527 5249 Melan.
2575 5192 2870 5250 Accedere
2913 5194 3157 5263 possunt
3197 5190 3437 5249 codices
3479 5189 3687 5251 media)

274 5256 653 5330 tuom-Ma},
676 5256 1046 5329 Hermian,
1071 5256 1425 5331 Pvnlsancnq
1444 5256 1772 5331 Munerat,
1793 5259 1932 5319 Gre-

344 5392 373 5421 ι
419 5382 668 5454 Scripsit
709 5382 957 5440 Sollerio
1001 5383 1368 5440 Castellanus
1411 5384 1566 5440 istud
1634 5387 1933 5443 Tolosatem

273 5453 835 5527 cicitatz's'episcopz'
867 5454 1233 5527 autographa
1265 5455 1747 5525 Sangermanensi
1783 5456 1932 5527 adje-

273 5529 436 5597 ctum
470 5524 667 5597 fuisse,
705 5524 869 5583 erasa
903 5526 1021 5596 illa,
1057 5524 1186 5597 quze
1217 5528 1350 5581 ante
1381 5527 1590 5595 fuerat,
1626 5524 1930 5583 adnuntia-

276 5595 467 5663 tione,
504 5594 641 5661 Quae
676 5596 907 5666 quidem
949 5594 1014 5653 ea
1047 5594 1213 5653 erat:
1256 5598 1402 5668 Ipso
1441 5594 1665 5668 dies.
1697 5599 1929 5655 Silvini

280 5668 685 5739 Tarranensis
706 5668 976 5739 episcopi.
995 5670 1224 5725 Fateor:
1247 5667 1377 5725 cum
1392 5667 1497 5725 hoc
1514 5667 1626 5738 legi
1652 5669 1927 5725 Castella-

275 5738 331 5794 ni
348 5738 787 5811 mon‘i_tum,_non
813 5738 975 5811 potui
1002 5740 1137 5795 mihi
1157 5745 1485 5811 temperare
1502 5740 1636 5811 quin
1654 5745 1751 5796 aut
1771 5739 1927 5798 illius

278 5814 375 5881 aut
400 5808 631 5881 Sollerii
656 5808 828 5881 ﬁdem
844 5809 901 5865 in
920 5808 1307 5881 suspicionem
1322 5808 1607 5869 vocarem.
1627 5813 1763 5868 Nam
1790 5826 1928 5869 ocu-

277 5877 623 5941 lisinunctis
634 5879 897 5941 codicem
919 5877 1244 5959 inspexisse
1258 5883 1648 5943 Castellanum
1668 5884 1782 5959 jam
1799 5883 1925 5960 plu-

2043 5267 2215 5333 notze,
2249 5269 2311 5319 ut
2345 5262 2528 5321 dicam
2564 5264 2618 5319 in
2643 5262 2954 5321 Auctariis.

2041 5387 2205 5463 ribus
2236 5389 2523 5463 exemplis
2538 5403 2866 5463 noveram;
2894 5389 3000 5463 sed
3044 5402 3245 5463 usque
3273 5387 3418 5463 adeo
3459 5388 3684 5463 lippum

2041 5460 2245 5532 fuisse,
2282 5465 2346 5516 ut
2385 5459 2477 5516 hic
2511 5459 2774 5516 litturam
2811 5459 3012 5515 videre
3053 5459 3163 5517 sibi
3194 5459 3523 5532 videretur,
3546 5459 3683 5532 quis

2039 5504 2546 5611 crejd’ivdisusetjlvlta
2580 5504 2668 5587 est
2685 5504 2918 5611 tamen...
2932 5504 3485 5611 Egovﬁdeiii.do,vt'

2037 5602 2556 5674 codicispaginam
2586 5616 2717 5657 esse
2752 5600 3105 5659 nitidior’em.
3136 5600 3356 5662 Intacta
3386 5607 3512 5674 tota
3534 5607 3628 5674 est
3650 5618 3681 5674 ει

2037 5670 2612 5745 scapelli'aeumine.
2659 5674 2854 5745 Neque
2880 5678 3086 5745 tamen
3129 5676 3386 5732 difﬁteor
3428 5670 3679 5726 Carolini

2036 5745 2383 5817 autographi
2402 5744 2512 5817 (sic
2537 5744 2671 5817 mihi
2688 5744 2853 5817 loqui
2878 5744 3050 5803 liceat
3074 5746 3382 5817 brevitatis
3404 5755 3599 5817 causa,
3618 5747 3682 5817 ut

2033 5810 2509 5897 Hartyrologipm
2535 5815 2743 5897 Qarolo
2765 5810 2890 5887 regi
2912 5818 3176 5897 oblatum
3200 5810 3548 5897 significem).
3562 5811 3682 5897 Sol-

2034 5881 2315 5947 leriaham
2348 5881 2525 5949 fuisse
2556 5881 2888 5951 lectionem.
2923 5890 3197 5949 Correcta
3221 5881 3294 5946 ab
3327 5881 3592 5945 Usuardo
3620 5882 3678 5948 in
