4062 6174
306 218 407 278 805
1387 214 2008 278 MARTYROLOGIUM.
2051 252 2119 261 —
2161 220 2361 283 MENS.
2407 218 2614 279 MART.

3598 230 3703 284 see
3778 304 3783 307 δ

308 361 430 423 nem
446 343 1040 423 referuntsicutieam
1055 343 1527 423 Henscheniusin
1544 346 1945 423 Actisposnit;
1977 348 2033 407 A
2065 345 2336 423 Dionysii,
2377 346 2677 423 Claudiani
2709 350 2764 402 et
2796 347 3112 423 Theophili.
3138 349 3359 423 n_Unde
3382 349 3473 406 hic
3494 351 3702 423 Diony-

309 436 336 469 ι
366 415 732 487 Eodemdie,
776 421 1112 487 sanctorum
1137 416 1431 487 Maeharii,
1465 416 1675 487 Ruﬁni,
1707 415 1854 474 Iusti
1889 421 1947 473 et

310 485 633 569 Theophili.
667 504 708 568 ﬁ.
724 487 913 569 Atque
938 486 994 541 hi
1017 485 1072 541 in
1095 485 1362 569 pluribus
1381 485 1683 569 codicibus
1704 488 1786 544 sic
1806 502 1953 569 eon-

301 556 487 641 juncti
514 556 915 641 inveniuntur,
950 556 1154 628 procul
1181 557 1366 641 dubio
1386 572 1459 614 ex
1488 559 1951 641 Rieronymianis

306 628 676 708 ipographis
703 628 951 708 primum
994 628 1245 708 accepti,
1289 629 1552 708 quamvis
1592 628 1719 686 tres
1756 630 1946 708 primi,

306 698 404 757 aut
418 698 639 781 saltem
663 698 754 781 his
768 699 1090 781 s-ynonymi,
1109 698 1328 781 inter}
1341 700 1562 781 uetaria
1573 698 1976 781 compareant.

305 785 386 899 ἔῃ
416 769 739 827 Februarii.
788 769 930 825 Vide
971 769 1220 827 indicem
1262 769 1800 828 Praetermissorum
1843 772 1950 828 hoc

348 856 420 898 ie.

348 856 420 898 le.

377 915 628 968 Amano.
656 915 719 981 et
752 912 974 981 θηται,
1008 925 1139 967 eum
1171 911 1475 969 codicibus
1506 910 1764 981 ejusdem
1796 916 1948 969 notae

308 997 441 1039 mox
473 980 745 1051 citandis,
773 982 963 1039 textui
995 981 1382 1039 modieissime
1415 980 1640 1039 mutato
1672 982 1948 1039 nonnulla

306 1053 379 1110 de
411 1055 669 1109 Romano
701 1052 1084 1121 interserunt,
1121 1068 1249 1123 quae
1281 1068 1353 1109 ex
1382 1054 1502 1110 sola
1535 1054 1786 1111 nominis
1817 1068 1948 1110 cum

303 1123 495 1196 altero
507 1124 763 1196 Romano
776 1123 1123 1196 cognatione
1140 1138 1442 1196 perperam
1468 1125 1772 1196 commista
1790 1129 1945 1195 sunt,

308 1200 372 1251 ut
391 1194 654 1250 invenies
672 1193 728 1249 in
754 1201 957 1251 nostro
984 1193 1522 1251 Prmtermissorum
1546 1194 1736 1251 indice
1757 1196 1828 1251 ad
1853 1193 1950 1251 ne-

307 1280 437 1321 men
457 1267 526 1337 .S'.
550 1266 809 1337 Romani
828 1264 1067 1337 abaetis
1087 1265 1159 1322 de
1176 1266 1621 1337 F0ntisroyo,et
1635 1266 1854 1323 clarius
1876 1267 1945 1323 ad

304 1350 424 1393 nn
455 1335 605 1392 Maii.
648 1335 837 1392 Verba
881 1335 1113 1393 illorum
1154 1337 1410 1394 omnium
1449 1335 1717 1394 codicum
1759 1342 1894 1393 sunt
1933 1356 1944 1391 :

312 1430 341 1457 α
361 1407 465 1463 Hic
498 1408 672 1462 beato
703 1406 1053 1463 Benecdicto
1068 1407 1333 1464 creditur
1364 1408 1627 1465 habitum
1659 1408 1951 1464 monachi-

304 1492 438 1536 cum
464 1476 979 1548 tradidisse,eique
1011 1478 1082 1533 ad
1114 1492 1319 1535 sonum
1351 1478 1732 1535 tintinnabuli
1756 1478 1949 1535 victus

304 1547 641 1605 necessaria
658 1547 1041 1604 ministrasse.
1060 1549 1231 1605 nTum
1247 1549 1303 1604 in
1318 1548 1430 1605 ﬁne
1445 1548 1946 1606 annuntiatienem

305 1619 590 1685 subdunt,
634 1618 705 1673 de
748 1634 860 1689 qua
902 1634 1079 1689 supra
1114 1638 1126 1673 :
1168 1620 1438 1677 «Eodem
1478 1620 1571 1677 die
1614 1625 1947 1677 sanctorum

305 1689 600 1759 Macharii,
630 1690 843 1762 Ruﬁni,
873 1690 1025 1746 Justi
1055 1694 1114 1746 et
1144 1690 1464 1762 Theophili.
1508 1710 1537 1743 »

382 1764 697 1832 Ameana-
730 1761 898 1832 Mxx.,
941 1761 1312 1832 Uunuscr.,
1337 1762 1602 1831 LEYDEN.,
1638 1762 1941 1818 LOVANIEN.

303 1836 369 1887 et
400 1831 583 1904 editio
613 1831 1047 1904 ULrnAi.-BELG.
1090 1832 1311 1904 addunt
1350 1837 1637 1904 praeterea
1673 1852 1684 1885 :
1721 1853 1749 1885 ι(
1780 1835 1942 1903 ltem,

304 1901 623 1974 translatio
645 1902 833 1959 sancti
857 1903 1166 1972 Augustini
1189 1901 1448 1974 episcopi
1474 1908 1534 1959 et
1566 1901 1942 1974 confessoris,

302 1973 383 2030 ab
422 1974 659 2045 Yppone
699 1974 770 2030 ad
815 1973 1158 2045 Sardiniam.
1202 1973 1238 2026 ii
1264 1975 1369 2031 Ubi
1394 1973 1645 2045 "notabis
1697 1973 1947 2045 Leyden?-

301 2059 429 2100 sem
463 2042 777 2115 utrumque
805 2042 1062 2101 codicem
1094 2049 1149 2100 et
1190 2045 1605 2101 Lovaniensem
1637 2044 1741 2101 bas
1772 2042 1946 2102 voces

301 2115 665 2187 interjicere,
698 2115 909 2172 Patris
945 2115 1172 2182 nostri;
1206 2120 1271 2187 ut
1300 2116 1434 2173 inde
1475 2116 1642 2171 facile
1679 2116 1942 2185 colligas,

299 2186 544 2243 codices
570 2184 703 2258 illos
734 2186 805 2242 ad
846 2200 1014 2242 usum
1043 2186 1465 2258 coenobiorum,
1500 2186 1590 2243 vel
1637 2184 1947 2258 partheno-

299 2271 443 2314 num
475 2257 698 2313 ordinis
730 2257 927 2329 sancti
948 2257 1257 2327 Augustini
1290 2258 1471 2314 fuisse
1508 2258 1781 2329 scriptos.

370 2330 713 2399 Camenam,
746 2327 959 2399 incipit
1003 2347 1015 2382 :
1062 2348 1090 2399 ι(
1128 2328 1330 2384 Natale
1381 2327 1713 2399 sanctorum
1755 2328 1943 2386 Publii

299 2398 409 2469 [an
449 2413 568 2455 non
592 2398 816 2471 Pupilli
834 2398 899 2470 ‘1],
932 2398 1105 2471 Iusti,
1139 2399 1437 2470 Theophili
1469 2404 1527 2453 et
1558 2398 1765 2455 Felicis
1798 2415 1946 2471 mar-

298 2468 697 2553 tyrumann
728 2468 1020 2553 delectum
1027 2468 1393 2553 alterumex
1416 2471 1746 2553 llieronym.
1776 2470 1945 2553 plane

297 2556 414 2614 pro
453 2541 702 2596 arbitrio
744 2541 976 2597 factum.
1023 2542 1101 2596 De
1149 2542 1407 2597 Romano
1447 2540 1570 2597 haec
1612 2540 1896 2597 duntaxat
1931 2561 1943 2595 :

290 2610 771 2740 :islnﬁterritorio
823 2612 1215 2683 Lugdunensi,
1271 2612 1459 2668 sancti
1500 2612 1740 2667 Romani
1772 2613 1947 2668 abba-

319 2697 399 2741 18.
433 2702 464 2734 xi

375 2754 753 2825 Rauennam,
789 2752 860 2809 de
897 2754 1155 2825 Romano
1187 2752 1371 2825 addit,
1414 2753 1568 2823 quod
1600 2753 1813 2810 habent
1848 2754 1943 2810 alii

291 2840 501 2896 supra,
536 2824 853 2896 adjicitque
884 2840 957 2896 ex
979 2824 1178 2881 Adone
1211 2845 1222 2880 :
1262 2846 1289 2874 ‹‹
1320 2825 1495 2894 Cujus
1526 2840 1745 2896 corpus
1777 2840 1947 2881 vene-

290 2895 488 2953 rabile
511 2895 687 2952 situm
710 2901 801 2967 est
824 2895 879 2950 in
906 2895 1120 2967 finibus
1138 2896 1575 2967 Vesontionum.
1593 2895 1805 2967 Eodem
1830 2896 1942 2967 die,

290 2971 637 3038 sanctorum
669 2966 959 3038 Macharii,
1006 2967 1278 3038 Ruphini,
1318 2966 1489 3037 Justi,
1522 2971 1580 3022 et
1620 2966 1940 3038 Theophili.

290 3040 368 3095 Et.
385 3040 459 3094 Pa
469 3037 600 3109 piae,
616 3037 944 3109 reconditio
962 3037 1228 3109 corporis
1247 3038 1400 3095 beati
1431 3037 1738 3107 Augustini
1761 3037 1947 3095 eccle-

289 3110 417 3183 siae
432 3108 751 3180 Y’ponensis
782 3108 1059 3183 episcepi.
1074 3108 1081 3109 ⁷
1096 3129 1124 3161 ››

374 3178 737 3236 Haemonis.
763 3178 952 3236 adhuc
983 3178 1203 3250 aliquid
1236 3178 1581 3251 superaddit
1614 3180 1685 3236 iis
1717 3195 1845 3251 quae
1874 3179 1945 3235 de

288 3250 561 3322 Romano
585 3250 860 3322 superius
882 3251 1035 3306 dicta
1059 3254 1215 3307 sunt.
1242 3250 1524 3307 Videlicet
1555 3270 1567 3305 :
1600 3273 1625 3300 α
1647 3251 1750 3307 Hic
1776 3252 1946 3307 beato

288 3321 617 3393 Benedicto
651 3320 802 3393 patri
834 3322 1135 3391 nigrorum
1177 3323 1589 3378 monachorum
1618 3328 1674 3376 et
1708 3337 1947 3392 gryseo-

287 3407 427 3464 rum
449 3392 855 3464 creditur,etc.
878 3415 905 3441 ι»
932 3394 1235 3464 Tum,post
1252 3394 1659 3451 ministrasse:
1693 3393 1943 3449 «Eodem

286 3463 414 3533 die,
455 3463 592 3520 Julii
634 3468 695 3519 et
729 3463 942 3520 Iuliani
982 3463 1387 3535 confessorum
1425 3484 1437 3519 :
1472 3483 1500 3515 ››
1535 3464 1664 3535 Qui,
1716 3464 1941 3535 quales,

287 3539 399 3591 aut
430 3535 585 3606 unde
616 3536 843 3606 accepti
877 3534 1013 3606 sint,
1046 3550 1156 3591 non
1182 3534 1434 3591 invenio.
1470 3534 1674 3592 Utrum
1710 3536 1949 3606 popula-

285 3619 397 3661 res
427 3604 690 3675 Alsatici,
729 3604 931 3676 postea
965 3604 1316 3676 inquiretur.
1360 3628 1387 3655 (ι
1416 3607 1559 3661 Item
1591 3604 1801 3661 eodem
1828 3605 1942 3676 dic,

284 3681 1000 3749 nanctornmimartyrum
1045 3676 1336 3749 Macharii,
1378 3677 1651 3746 Ruphini,
1693 3676 1845 3749 Iusti
1886 3680 1946 3749 et

284 3746 618 3818 Theophili.
655 3746 870 3803 Eodem
912 3747 1025 3818 die,
1057 3747 1242 3803 sancti
1276 3749 1481 3803 Donati
1515 3748 1809 3816 martyris,
1848 3747 1943 3815 qui

284 3818 408 3876 sub
432 3817 580 3874 duce
605 3819 928 3890 Ursacio,et
947 3817 1284 3890 Marcellino
1312 3817 1566 3890 tribuno,
1595 3818 1943 3890 Carthagine

286 3893 650 4015 passgstest.
681 3907 711 3942 ιο
753 3888 958 3947 Donati
999 3890 1209 3946 festum
1250 3888 1628 3960 praevenitur,
1674 3889 1805 3945 vide
1847 3888 1939 3944 die

286 3974 440 4015 seau
483 3974 518 4015 n
553 3975 589 4014 ι.

285 3973 589 4018 sequenti.

414 4044 703 4095 QUICING‘I‘.
723 4035 849 4102 post
872 4030 1310 4101 monachorum,
1336 4030 1534 4088 subdit
1561 4050 1573 4085 :
1597 4053 1623 4081 α
1644 4030 1745 4102 Hic
1766 4030 1940 4086 etiam

289 4103 473 4160 beato
488 4101 804 4158 Benedicto
820 4102 874 4157 in
892 4102 1057 4159 initio
1079 4101 1480 4159 conversionis
1493 4117 1614 4159 suae
1637 4101 1871 4171 adjutor
1882 4106 1940 4157 et

286 4177 652 4243 cooperator
669 4173 900 4229 exstitit
932 4173 1173 4229 :Eodem
1198 4173 1311 4243 die,
1328 4177 1664 4230 sanctorum
1687 4173 1939 4243 Macarii,

286 4243 509 4315 Rufini,
531 4243 688 4302 Justi
709 4248 767 4300 et
789 4243 1175 4317 Theophili.ln
1209 4244 1580 4316 Alexandria,
1606 4249 1941 4302 sanctorum

2024 424 2027 431 ’
2063 418 2187 490 sins
2215 417 2497 490 acceptus
2525 419 2621 490 sit,
2656 432 2765 474 non
2800 417 2981 490 facile
2999 419 3234 477 dixeris.

2132 488 2450 559 eronim,
2486 489 2545 561 in,
2575 489 2686 544 ﬁne
2721 508 2791 561 τι(
2820 488 2985 559 Apud
3010 491 3240 561 Papiam
3265 492 3584 561 civitatem,
3611 507 3700 548 re-

2060 560 2549 635 conditiousancti
2600 560 2795 616 Patris
2833 559 3378 635 _nostri__Augnstini
3415 559 3693 635 episcopi.

2059 631 2271 705 Eodem
2302 631 2417 705 die,
2453 635 2790 687 sanctorum
2833 630 3064 686 Macarii
3095 630 3402 703 ct’Ruﬁni,
3434 630 3699 705 J'usti,‘et

2058 701 2356 774 Tneophili
2402 706 2740 774 martyrum.
2776 720 2805 753 »

2133 773 2945 829 MATRlc.-CARTRUS.-ULTRAJ.
2976 792 2988 826 :
3017 792 3043 824 «
3069 774 3307 829 Romani
3332 774 3577 831 abbatis.
3596 775 3702 831 Ilia-

2057 843 2203 918 garii
2244 847 2304 897 et
2344 843 2531 918 Ruﬁni
2558 847 2921 918 martyrum.
2978 844 3232 918 Os_waldi
3275 845 3697 918 archiepiscopi

2060 914 2447 969 Eboracensis
2486 914 2515 987 ν[
2542 916 2610 987 in
2654 915 2947 987 margine,
2989 916 3169 986 alias,
3228 914 3698 987 Wigorni‘ensis']

2060 998 2279 1053 magna;
2310 985 2641 1041 sanctitatis
2666 985 2795 1041 viri.
2831 1008 2856 1033 ιο

2129 1056 2321 1111 νΑτιο.
2385 1056 2648 1124 signatus
2711 1071 2865 1112 num.
2937 1059 3092 1124 5959,
3154 1062 3214 1113 et
3273 1058 3620 1113 UGHBLLIAN.
3686 1076 3698 1111 :

2066 1147 2091 1175 ι(
2132 1125 2470 1199 Sanctorum
2494 1126 2784 1199 Macharii,
2820 1126 3029 1197 Ruﬁni,
3057 1128 3208 1184 Justi
3233 1132 3291 1183 et
3322 1128 3694 1199 Theophili.»

2129 1198 2416 1269 ΜυΝειιΑτ.
2457 1216 2468 1250 :
2507 1217 2534 1250 «
2559 1200 2690 1268 Ipso
2713 1198 2825 1268 die,
2864 1199 3173 1255 translatio
3205 1199 3360 1255 beati
3390 1198 3701 1269 Augustini

2058 1268 2317 1341 episcOpi
2347 1272 2405 1323 et
2426 1269 2808 1341 confessoris.
2839 1292 2864 1316 ιι

2132 1338 2345 1411 Baias,
2390 1338 2474 1395 sic
2515 1339 2788 1395 orditur:
2827 1362 2853 1389 α
2884 1340 3073 1411 Papiae
3119 1360 3130 1394 :
3175 1339 3484 1395 translatio
3515 1341 3700 1397 sancti

2061 1410 2245 1479 patris
2284 1411 2591 1482 Augustini
2635 1411 2893 1482 episcopi
2935 1410 2991 1466 et
3024 1411 3397 1482 confessoris.
3431 1433 3457 1461 »
3495 1412 3555 1466 In
3588 1412 3700 1482 ﬁne

2059 1484 2251 1552 autem
2288 1500 2299 1534 :
2330 1504 2354 1529 α
2388 1481 2596 1552 Eodem
2628 1481 2721 1539 die
2743 1487 3077 1539 sanctorum
3102 1481 3371 1538 Maeharii
3395 1487 3454 1537 et
3484 1481 3698 1552 Rufini,

2056 1551 2203 1608 Justi
2222 1555 2293 1622 et
2326 1551 2643 1622 Theophili.
2681 1575 2706 1600 η

2129 1621 2323 1679 Editio
2356 1621 2739 1680 Lcssco-COL.
2779 1642 2791 1677 :
2826 1625 3158 1681 Romanum
3188 1623 3362 1680 etiam
3394 1622 3699 1679 confundit

1973 1705 2027 1765 Β
2058 1694 2401 1765 οιιηιεθιιοιὶ
2426 1694 2722 1751 Benedicti
2747 1694 3030 1765 ministro,
3057 1696 3276 1752 addens
3298 1709 3429 1750 cum
3464 1693 3701 1750 Bruxel-

2059 1764 2230 1845 lensi_
2253 1780 2325 1845 en
2367 1765 2572 1845 Adone
2599 1784 2610 1818 :
2643 1738 2694 1813 να
2725 1738 3075 1845 Venerabile
3094 1738 3328 1845 “corpus
3366 1766 3501 1845 cju_s_
3522 1765 3699 1845 situm

2056 1850 2184 1892 esse
2217 1836 2272 1908 in
2294 1835 2511 1908 ﬁnibus
2530 1836 2964 1908 vesontionum.
2991 1860 3015 1885 ιο
3043 1835 3363 1908 Sequitur:
3403 1835 3429 1883 ἀι
3459 1836 3700 1908 Vocatio

2055 1907 2242 1963 sancti
2266 1906 2514 1977 Philippi
2541 1906 2611 1962 ad
2636 1907 3046 1978 apostolatum.
3082 1906 3294 1964 Eodem
3318 1907 3443 1972 die;
3465 1906 3696 1963 Macarii

2055 1981 2167 2049 etc.
2196 1979 2339 2049 Ipso,
2357 1978 2470 2049 die,
2497 1984 2717 2034 sanctae
2740 1979 2962 2035 Ruﬁna;
2985 1979 3249 2048 virginis.
3288 2002 3312 2025 ι»
3352 1978 3581 2034 Addere
3605 1993 3700 2049 po-

2056 2047 2265 2121 tuisset
2307 2047 2613 2121 Μαοαγὶω.
2659 2049 2801 2105 Vide
2844 2065 3021 2121 supra
3065 2047 3120 2121 in
3152 2047 3694 2121 Observationibus,

2054 2123 2109 2175 et
2145 2119 2200 2173 in
2234 2119 2393 2175 Actis
2437 2134 2563 2190 pag.
2599 2122 2721 2175 748.
2763 2144 2788 2168 α
2828 2119 3152 2176 Translatio
3188 2120 3339 2176 beati
3383 2121 3697 2190 Augustini

2054 2189 2313 2261 episcopi
2347 2191 2418 2245 de
2440 2189 2615 2260 Ipona
2649 2191 2703 2245 in
2730 2191 3050 2247 Sardiniam
3079 2210 3093 2255 ;
3123 2192 3271 2247 facta
3295 2206 3445 2246 anno
3476 2190 3697 2246 Domini

2056 2260 2630 2331 quadringentesimo
2662 2263 3039 2330 nonagesimo
3071 2265 3301 2331 octavo,
3333 2261 3699 2332 temporibus

2055 2332 2377 2412 Symmachi
2412 2347 2573 2412 papa)
2594 2340 2650 2412 et
2675 2333 2967 2412 Anastasii
2999 2332 3392 2412 imperatoris,
3430 2332 3698 2412 ab‘obitu

2054 2401 2311 2473 ejusdem
2347 2401 2535 2459 sancti
2578 2403 2687 2457 viri
2726 2418 2875 2459 anno
2907 2401 3271 2472 sexagesimo
3314 2402 3594 2458 secundo.
3632 2404 3696 2473 Et

2054 2473 2175 2529 haec
2206 2473 2393 2547 ipsius
2424 2473 2734 2547 translatio
2766 2474 2985 2531 dicitur
3010 2475 3261 2547 (prima).
3300 2496 3324 2521 ιι
3362 2474 3599 2545 Spectat
3628 2472 3699 2529 ad

2055 2543 2241 2600 xxvm’
2257 2543 2525 2614 Augusti.

2127 2613 2373 2670 Gnevnn.
2430 2635 2441 2669 :
2499 2637 2523 2662 «ι
2574 2614 2865 2684 Macharii,
2914 2615 3126 2684 Ruﬁni,
3177 2614 3346 2682 Justi,
3400 2613 3697 2684 Theophili

2056 2690 2393 2755 martyrum.
2430 2686 2573 2740 Item
2614 2682 2950 2740 sanctorum
2994 2682 3231 2753 Celeris,
3270 2682 3499 2754 Pupilli,
3536 2682 3700 2739 Clan-

2055 2754 2266 2827 dionis,
2315 2755 2626 2827 Macharii,
2662 2755 2804 2827 Gaii,
2859 2754 3212 2827 Serapionis.
3268 2756 3326 2809 In
3375 2755 3693 2827 Britannia,

2054 2825 2796 2896 sancti'Oswaldiepiscepi
2822 2825 3245 2895 Wigorniensis
3259 2830 3315 2880 et
3339 2825 3697 2896 confessoris

2055 2897 2448 2969 Symphroniaa
2480 2895 2760 2969 matrona;
2787 2900 2852 2969 et
2880 2897 3169 2969 martyris.
3207 2919 3232 2944 ιο
3271 2895 3412 2969 Vide
3452 2898 3699 2969 Praeter-

2056 2966 2285 3025 m'iss'os.
2325 2992 2350 3015 α
2390 2969 2668 3038 Pynnosae
2708 2967 2952 3038 virginis
2982 2972 3042 3023 et
3084 2966 3376 3037 martyris.
3404 2989 3437 3038 Διι
3477 2966 3698 3038 Ruﬁnze

2054 3039 2317 3109 virginis.
2342 3036 2665 3094 Tra‘nslatio
2688 3037 2870 3108 prima
2894 3039 3079 3094 sancti
3106 3036 3415 3108 Augustini
3437 3036 3697 3107 episcopi

2058 3110 2129 3166 de
2156 3113 2330 3181 [pone
2362 3109 2705 3181 sardiniam,
2743 3109 2893 3181 facta
2927 3125 3075 3165 anno
3107 3109 3325 3166 Domini
3349 3123 3695 3181 Accccxcvm,

2057 3183 2128 3236 ab
2159 3179 2323 3238 obitu
2366 3180 2493 3250 ejus
2535 3179 2898 3247 sexagesimo
2940 3181 3216 3237 secundo.
3263 3179 3589 3248 Luitbergaa
3617 3180 3701 3235 in-

2057 3252 2258 3321 clusae,
2316 3253 2501 3308 beatae
2550 3251 2863 3307 memoriae.
2919 3252 3158 3308 Vocatio
3208 3250 3393 3307 sancti
3446 3250 3698 3322 Philippi

2057 3324 2306 3395 apostoli
2339 3338 2489 3379 anno
2518 3337 2647 3395 xxx,
2675 3322 2817 3377 feria
2849 3323 3072 3395 quinta,
3099 3322 3169 3378 de
3200 3336 3322 3395 qua,
3341 3323 3575 3378 Joannis
3607 3338 3641 3395 ι.
3670 3344 3696 3395 ιτ

2130 3397 2344 3451 MOLAN.
2385 3414 2396 3448 :
2435 3417 2459 3441 ‹‹
2494 3393 2704 3463 Papiw,
2734 3393 3045 3449 translatio
3166 3393 3358 3449 Patris
3391 3393 3699 3462 Augustini

2056 3466 2317 3536 episcopi
2341 3470 2401 3521 et
2418 3463 2801 3536 confessoris.
2830 3465 3041 3536 Eodem
3066 3465 3180 3534 die,
3204 3465 3392 3536 sancti
3410 3464 3700 3536 Macharii

2054 3534 2114 3593 et
2149 3534 2357 3605 Rufini,
2390 3535 2539 3591 Justi
2573 3538 2628 3589 et
2661 3535 2979 3604 Theophili.
3018 3559 3041 3582 υ
3079 3538 3138 3589 ln
3178 3534 3539 3589 cditionibns
3570 3535 3701 3589 aliis

2058 3606 2245 3662 solum
2265 3605 2603 3674 adjungitur
2629 3622 2639 3656 :
2671 3626 2697 3675 σε
2717 3605 2815 3675 Die
2836 3605 3115 3674 vigesima
3139 3609 3364 3673 octava,
3396 3605 3584 3659 sancti
3607 3621 3702 3675 pa-

2058 3677 2166 3734 tris
2196 3681 2251 3732 et
2285 3674 2641 3732 confessoris
2675 3674 2890 3743 Basilii,
2917 3681 3241 3745 synascctae
3274 3675 3462 3745 sancti
3495 3676 3702 3730 Proco-

2059 3748 2155 3818 pii.
2192 3770 2217 3795 ιο
2254 3762 2456 3818 nempe
2483 3745 2860 3818 Decapolim,
2887 3744 2963 3818 de
2991 3749 3241 3818 utroque
3274 3744 3329 3799 in
3365 3744 3701 3818 Actisixxvn

2060 3815 2403 3874 Februarii.‘
2426 3816 2703 3887 Sequitur
2733 3815 2826 3872 hic
2858 3816 3119 3872 Molanus
3162 3817 3494 3887 Graecorum
3525 3816 3701 3887 Hero:

2058 3889 2294 3959 legium,
2328 3887 2398 3944 de
2423 3885 2537 3959 quo
2560 3886 2836 3956 superius
2859 3887 3038 3944 locuti
3074 3901 3291 3959 sumus.
3320 3885 3699 3959 FastiAGrzeci

2057 3956 2172 4016 no'n
2218 3956 2548 4016 omnimode
2606 3960 2980 4018 conveniunt.
3046 3957 3245 4014 Maluit
3301 3956 3700 4013 Henschenius

2059 4036 2393 4112 utrumque,
2412 4030 2825 4112 die‘przeceden
2837 4031 2874 4086 ti
2890 4030 3242 4112 conjungere
3254 4028 3698 4112 exliienologiis,

2060 4108 2180 4159 tum
2214 4101 2333 4173 illo,
2368 4101 2581 4173 quod'a
2614 4102 2844 4159 Canisio
2865 4117 2937 4158 ex
2961 4101 3159 4157 Sirleti
3190 4101 3457 4157 versione
3480 4101 3700 4173 editum

2055 4177 2168 4244 est,
2195 4170 2707 4244 tum'al’tero,quod
2728 4173 2925 4230 Basilii
2950 4173 3325 4244 imperatoris
3347 4170 3696 4244 appellatur.

2059 4243 2233 4302 Plura
2264 4244 2396 4302 vide
2427 4246 2482 4301 in
2517 4243 2736 4302 laudati
2768 4243 3115 4302 Henschenii
3147 4243 3591 4302 Commentario.

3527 4424 3701 4439 u—

1578 4585 1942 4670 MENSIS
2001 4560 2444 4670 MABTIUS

1686 4789 1889 4839 HABET
1944 4788 2087 4841 DIES
2137 4785 2287 4837 XXXI
2298 4825 2313 4839 .

1892 4930 2103 4948 ﬂ

286 5005 616 5065 Kalendis.

3500 5000 3698 5062 Diei.

363 5104 584 5175 Roma,
622 5106 961 5160 sanctorum
991 5107 1313 5174 martyrum
1340 5103 1728 5161 ducentorum
1759 5103 2084 5177 sexaginta,
2120 5119 2265 5176 quos
2301 5103 2478 5175 jussit
2532 5104 2719 5178 primo
2775 5100 3050 5162 Claudius
3089 5116 3195 5174 pro
3226 5098 3441 5157 Christi
3471 5099 3701 5158 nomine

286 5190 606 5249 damnatos
636 5203 871 5249 arenam
903 5190 1126 5249 fodere.
1150 5191 1368 5248 Deinde
1399 5193 1704 5265 pracepit,
1731 5197 1790 5250 ut
1820 5194 1976 5251 foras
2000 5208 2198 5251 muros
2218 5197 2405 5266 porta:
2430 5194 2668 5251 Salaria:
2691 5193 3085 5263 mitterentur,
3111 5194 3168 5247 et
3192 5189 3249 5246 in
3273 5188 3703 5262 amphitheatro

285 5280 561 5352 ejusdem
600 5280 860 5347 civitatis
901 5279 1150 5338 militum
1209 5280 1441 5351 sagittis
1491 5281 1989 5341 interficerentur.
2030 5283 2241 5341 Eodem
2285 5284 2401 5357 die,
2445 5283 2633 5340 sancti
2682 5281 2886 5338 Donati
2929 5279 3224 5351 martyris,
3258 5279 3356 5350 qui
3398 5278 3509 5335 sub
3557 5277 3706 5336 duce

287 5369 542 5428 Ursacio
570 5373 632 5428 et
662 5369 1000 5429 Marcellino
1026 5370 1265 5427 tribuno
1298 5371 1633 5442 Carthagini
1667 5385 1881 5444 passus
1908 5376 2018 5430 est.
2054 5374 2406 5446 Andegavis,
2442 5373 2627 5430 sancti
2661 5370 2866 5427 Albani
2902 5369 3270 5442 [Bonillart.,
3306 5367 3522 5440 Albini]
3554 5367 3707 5439 cpis-

284 5457 433 5531 copi
463 5462 524 5517 et
554 5459 933 5533 confessoris,
965 5459 1075 5518 viri
1107 5457 1576 5533 praclarissima
1604 5459 1844 5518 virtutis
1873 5464 1933 5518 et
1982 5463 2338 5521 sanctitatis.
2387 5461 2639 5519 Civitate
2670 5458 2925 5517 Massilia
2955 5462 3293 5516 sanctorum
3322 5455 3614 5515 Hermetis
3642 5458 3702 5511 et

282 5545 557 5607 Adriani.

505 5706 517 5712 _
1893 5648 2116 5709 ΝΟΤιΕ.

368 5751 476 5816 Ea
501 5750 775 5839 Prata,
814 5755 1158 5839 fornacem,
1192 5751 1541 5837 Μυκη,
1570 5752 1897 5841 Meum-at,
1931 5758 1949 5817 ί

2069 5770 2161 5823 wn
2186 5761 2245 5820 et
2273 5755 2502 5824 Melan.
