4078 6186
339 210 443 265 885

1429 208 2051 269 MARTYROLOGIUK.
2091 239 2161 253 --
2198 208 2400 269 MENS.
2443 209 2649 270 MART.

3632 214 3738 275 886

339 330 486 401 bria,
513 346 751 388 cursum
774 332 1011 402 gloriosi
1036 333 1375 391 certaminis
1398 334 1805 407 impleverunt.
1832 337 1964 407 Ipso
1988 335 2101 406 die,
2120 334 2413 408 depositio
2434 335 2686 392 Eustasii
2711 334 2941 394 abbatis
2956 337 3297 396 monasterii
3320 337 3723 409 Luxoviensis,

338 420 624 489 qniPater
651 421 827 475 ferme
853 427 1264 478 sexcentornm
1288 423 1488 477 extitit
1511 424 1920 480 monachorum
1945 429 2002 480 et
2026 424 2162 482 vita:
2186 424 2502 481 sanctitate
2545 423 2919 495 conspicuus,
2944 427 3120 482 etiam
3156 426 3453 483 miraculis
3489 427 3723 484 claruit.

337 507 1164 581 [Boaillart,postmartyrcs
1183 510 1538 583 Africanos:
1564 520 1591 549 α
1614 511 1861 567 Civitate
1884 512 2240 583 Nicomedia,
2278 512 2469 584 passio
2502 515 2836 568 sanctorum
2859 513 3119 570 Pastoris
3149 520 3207 570 ct
3236 514 3563 586 Victorini]

1921 652 2139 708 NOTAE.

405 789 488 844 Ex
512 789 849 860 Herim'ea.,
882 791 1222 862 Ter-nacan
1250 792 1599 863 Palsaaen.,
1626 793 2033 865 Antaerpz'cn.,
2053 790 2483 864 Max-Labeo,
2506 792 2832 861 Munerat,
2862 793 3106 852 Graeca.
3131 801 3189 852 et
3212 798 3434 860 Molon.

404 921 433 949 α
455 913 1569 1003 Postremainee‘sanctorumPastoris
1596 921 1655 971 et
1687 916 1970 972 Victorini
2003 922 2054 979 Α
2087 916 2252 1003 ειοιιιε
2277 918 2586 1003 ⁸ζξιιιιιθιιείξ,
2626 917 2679 972 in
2712 918 2859 1003 vitio
3030 921 3325 1003 Prgete‘reo
3360 928 3513 1003 quod
3545 930 3727 1003 addit,

334 984 891 1057 commemoratioin
911 983 1082 1040 litura
1117 986 1399 1041 scribitur
1420 987 1621 1042 eadem
1643 1001 1832 1056 manu,
1860 1002 1969 1057 qua

337 1053 600 1128 reliquus
620 1054 926 1128 articulus:
954 1062 1155 1128 postea
1175 1057 1424 1128 spatium
1444 1057 1686 1113 duorum
1702 1053 1977 1113 versuum

333 1139 465 1199 cum
486 1125 739 1199 dimidio
790 1125 1140 1199 relinquitur
1177 1125 1659 1199 o‘mnirscriptura
1710 1143 1976 1197 vacuum,

337 1196 452 1250 imo
484 1196 559 1250 ita
601 1196 880 1266 scalpello
914 1212 1130 1259 rasum.
1167 1205 1229 1253 ut
1260 1196 1695 1254 mullum'ullius
1727 1196 1977 1255 liternlze

333 1266 647 1341 vestigium
682 1268 771 1322 vel
800 1268 984 1338 lyncei
1018 1270 1538 1341 oculisubscutire
1582 1270 1828 1341 possint.
1866 1270 1977 1324 Alii

333 1338 571 1409 codices
586 1344 787 1393 carent
806 1341 1049 1395 Pastore
1063 1346 1120 1394 et
1136 1340 1456 1409 Victorino,
1474 1347 1533 1395 et
1548 1338 1833 1396 A'l'rncanis
1847 1355 1980 1395 eon-

337 1408 662 1463 fessoribns
696 1408 921 1477 longam
942 1411 1260 1480 subjiciunt
1359 1408 1611 1467 Eus'tasii
1637 1426 1978 1466 commemo-

336 1479 644 1551 rationem.
693 1481 835 1535 lliuc
885 1479 1113 1536 Sollerii
1146 1482 1418 1551 querclm,
1467 1486 1763 1537 Pastorem
1795 1486 1853 1538 et
1889 1483 1978 1536 Vi-

334 1550 627 1623 ctorinum
661 1550 914 1620 additos,
957 1550 1262 1623 expulsum
1304 1556 1356 1608 S.
1406 1554 1731 1608 Eustasium
1773 1554 1973 1619 fuisse,

334 1621 601 1691 adeoque
641 1621 1244 1692 depravatum'fuissc
1285 1624 1567 1679 codicem.
1605 1625 1659 1679 Si
1693 1628 1975 1679 mutatum

334 1692 608 1764 dixisset,
653 1693 794 1747 nihil
847 1694 1372 1764 reprehenderem;
1426 1710 1555 1749 nam
1599 1695 1755 1751 ultro
1792 1696 1976 1749 fateor

332 1763 606 1837 (la_rolino
628 1769 871 1837 autogra
885 1763 992 1834 pho
1020 1765 1537 1822 Nicomendienses
1560 1770 1848 1837 martyres
1881 1765 1977 1820 de-

338 1833 543 1903 fuisse,
580 1835 841 1890 adfuisse
964 1837 1314 1891 Eustasium.
1351 1841 1421 1891 At
1455 1837 1675 1892 ideirco
1714 1833 1973 1891 codicem

336 1905 521 1977 fuisse
546 1905 925 1976 depravatum
951 1908 1045 1976 qui
1068 1909 1339 1977 probaret
1363 1908 1671 1963 Sollerins?
1688 1911 1768 1963 An
1794 1908 1970 1977 quod,

335 1979 401 2031 ut
431 1976 535 2048 ait,
567 1977 777 2032 Pastor
808 1980 864 2032 et
896 1976 1235 2035 Victorinus
1266 1994 1294 2033 a
1330 1980 1530 2048 majori
1562 1976 1970 2034 cohortesunt

334 2046 560 2120 avulsi?
578 2048 675 2102 sed
700 2063 770 2101 ex
793 2048 1117 2120 codicibus,
1135 2064 1283 2120 quos
1309 2046 1512 2117 magno
1538 2064 1778 2105 numero
1801 2049 1967 2120 citat,

335 2117 433 2172 vix
464 2117 578 2173 duo
610 2124 767 2185 sunt,
802 2120 898 2188 qui
934 2119 1004 2175 de
1052 2117 1419 2175 illa'cohortc
1467 2135 1664 2175 secum
1724 2119 1970 2175 invicem

332 2189 728 2261 consentiant,
756 2195 821 2246 ut
853 2190 964 2261 ipsi
997 2190 1242 2245 Sollerio
1275 2205 1551 2247 numerus
1584 2206 1688 2261 pro
1721 2190 1970 2245 arbitrio

2092 988 2239 1067 duos
2268 988 2724 1067 .il_los_marty_res
2749 990 2819 1044 ab
2849 988 3727 1067 aliis__codiei_buspraetermitti:

2093 1060 2229 1113 Nam
2268 1059 2320 1113 id
2351 1060 2535 1129 primo
2562 1059 2765 1115 falsum
2789 1065 2879 1114 est
2907 1078 2922 1127 ;
2956 1060 3089 1117 illos
3120 1064 3271 1119 enim
3297 1059 3556 1124 referunt
3584 1071 3734 1127 inter

2094 1130 2239 1211 alios
2270 1130 2696 1211 ltosweydinn‘s
2721 1134 2785 1211 ‘et
2812 1132 3277 1211 Aquiantinus,
3306 1141 3730 1211 quosoptimze

2092 1206 2245 1254 nota)
2279 1200 2625 1255 celisctesse
2642 1200 2942 1257 Sollerius.
2970 1203 3162 1257 Refert
3184 1200 3357 1261 etiam
3383 1200 3731 1268 Gellonense

2091 1271 2572 1350 martyrologiunr
2607 1288 2635 1326 a
2670 1278 2873 1350 nostro
2907 1274 3364 1350 Dacheriojuris
3419 1281 3731 1350 publicitu-

2092 1347 2268 1396 etum.
2304 1343 2607 1397 Pratensia
2634 1342 2896 1415 exempla
2949 1359 3059 1399 non
3103 1342 3355 1415 adjungo
3390 1342 3431 1401 ε’
3456 1366 3732 1410 numerus

2092 1418 2415 1487 essettnou
2450 1414 2796 1487 auctoritas.
2819 1414 3194 1487 llloshabent
3218 1414 3502 1487 prieterea
3536 1423 3731 1479 Matri-

2091 1483 2242 1538 cula.
2264 1484 2892 1553 Carthus-Ultrajectct
2908 1486 3090 1540 editio
3108 1483 3492 1546 Galesiniana.
3513 1494 3727 1550 Deinde

2094 1553 2232 1632 licet
2282 1554 2336 1632 in
2376 1556 2650 1632 omnibus
2684 1556 3010 1632 podicibus
3050 1556 3547 1632 desiderarentur,
3584 1564 3729 1620 nihil

2090 1625 2657 1705 tameniudeeoutra
2684 1627 3041 1705 liratensem:
3068 1628 3366 1705 Correptio
3390 1637 3500 1703 est,
3520 1625 3591 1689 de
3615 1650 3726 1705 qua

2088 1701 2185 1775 aut
2220 1696 2529 1775 admonita:
2561 1711 2673 1775 non
2703 1697 2934 1775 fuerunt
2968 1698 3095 1775 alia;
3116 1699 3412 1775 Ecclesia),
3434 1696 3726 1775 antiquam

2092 1766 2400 1822 admonita:
2453 1766 2853 1834 neglexerunt.
2892 1769 2944 1823 S.
2992 1770 3322 1826 Eustasium
3366 1766 3477 1827 non
3520 1766 3727 1831 dubito

2092 1838 2229 1961 gnin
2256 1836 2433 1906 justis
2457 1837 2526 1891 de
2557 1838 2753 1894 causis
2769 1838 3069 1895 Usnardus
3099 1841 3152 1895 in
3179 1843 3726 1916 secundamAprilis

2135 1907 2243 1961 iem
2299 1908 2686 1961 reservaverit
2722 1928 2733 1961 :
2775 1909 3036 1961 quamvis
3080 1910 3238 1961 illum
3292 1913 3397 1961 huc
3468 1916 3561 1961 die.
3608 1916 3726 1961 Adn

2135 1907 2243 1962 iem
2299 1908 2686 1964 reservaverit
2722 1928 2733 1963 :
2775 1909 3036 1979 quamvis
3080 1910 3238 1967 illum
3291 1913 3397 1970 hoc
3468 1907 3575 1970 die.
3602 1916 3726 1973 Ado

2093 1979 2436 2035 Viemiensis
2466 1980 2751 2050 posuerit.
2788 1985 2927 2036 Acta
2960 1982 3163 2050 procul
3188 1982 3365 2039 dubio
3420 1986 3566 2041 vidit
3599 2002 3725 2050 qua)

2088 2064 2237 2104 nunc
2272 2050 2638 2106 exciderunt.
2678 2052 2848 2106 Forte
2881 2051 3053 2108 etiam
3089 2052 3160 2107 ad
3203 2053 3259 2108 id
3293 2054 3566 2113 inductus
3616 2050 3726 2115 init

2084 2119 2879 2193 Hieronymianisindicibus,
2901 2137 3145 2193 quorum
3166 2124 3354 2181 codex
3376 2128 3727 2186 veterrimus

2084 2204 2252 2259 quem
2289 2206 2407 2270 pra;
2456 2192 2645 2270 oculis
2697 2194 2903 2263 habeo,
2948 2194 3283 2270 lilustasium
3345 2197 3516 2254 hodie
3566 2199 3725 2270 silet,

331 2260 1178 2334 mutari,videatur.’Nimirum
1212 2261 1308 2317 alii
1340 2260 1835 2334 codices’impune
1868 2275 1964 2331 po-
1996 2267 2049 2326 B
2083 2260 2339 2318 secunda
2376 2262 2596 2334 Aprilis
2630 2260 2929 2319 memorat.
2960 2265 3297 2322 BOUILLART.

332 2332 571 2386 tuerunt
606 2346 710 2402 pro
734 2332 983 2388 arbitrio
1006 2348 1221 2403 augere
1251 2336 1308 2389 et
1342 2333 1602 2389 minuere
1632 2333 1962 2395 cohortem;

1603 2472 1999 2530 VARIANTES
2047 2472 2445 2531 LECTIONES.

398 2614 867 2697 Armogasttpro
891 2618 1263 2697 Arat/{gustis
1284 2616 1740 2697 lcguntcodices
1765 2618 1977 2697 Usnar-

328 2683 448 2757 dini
481 2683 703 2742 omnes.
736 2683 790 2741 In
815 2683 1188 2755 Arckiaiim’;
1211 2703 1323 2744 non
1347 2683 1429 2743 ita
1451 2687 1828 2757 conveniunt,
1845 2702 1973 2741 nam

328 2755 669 2826 Pnlsanen.,
705 2760 987 2828 Munerat,
1032 2767 1090 2815 et
1122 2759 1328 2825 Molan,
1368 2759 1584 2815 habent
1616 2755 1972 2823 Ανσήἱηὶπὴ

330 2828 603 2897 Greven.,
646 2830 999 2886 Archimz’ni.
1038 2832 1095 2885 In
1129 2833 1371 2886 Greven.
1404 2834 1459 2885 et
1496 2829 1699 2885 Molan.
1743 2834 1833 2884 est
1858 2830 1974 2886 Sa-

328 2898 459 2956 tiri.
494 2899 718 2972 Sequor
748 2900 909 2969 alios,
946 2903 1201 2957 Romano
1228 2915 1406 2972 parvo
1440 2904 1501 2957 et
1531 2900 1713 2956 Adoni
1746 2900 1976 2972 confor-

331 2983 483 3042 mes.
504 2970 581 3042 De
603 2972 1037 3042 Wandalicxet
1054 2970 1464 3042 Gaaadalicx,
1482 2972 1612 3027 vide
1642 2985 1769 3041 quas
1786 2971 1972 3027 fusius

328 3039 756 3112 explicabimus
787 3043 859 3098 ad
888 3058 1027 3099 χχιιι
1057 3044 1204 3099 Maii.
1224 3045 1282 3098 In
1300 3039 1596 3101 Gciscrz'co
1645 3039 1971 3098 Concordes

331 3116 469 3185 sunt
493 3112 727 3185 codices
757 3115 971 3184 passim
995 3129 1215 3171 omnes.
1252 3114 1506 3185 Suntjqni
1539 3113 1732 3185 malint
1764 3112 1972 3169 Gcnsc—

327 3182 454 3254 rico
476 3181 954 3254 vechnsériU/m,
982 3189 1039 3240 ut
1074 3186 1360 3251 Molanus;
1382 3181 1493 3239 non
1537 3184 1971 3251 Gcrsecrz'co,ut

329 3252 637 3325 Mpnerat.,
657 3254 837 3310 multo
854 3252 1043 3311 minus
1069 3258 1381 3325 Honcrz'co,
1410 3261 1645 3312 uterrat
1664 3255 1968 3312 Pulsanem

332 3322 663 3397 Obproprz'a
695 3326 865 3397 medii
888 3327 994 3382 ξιξνὶ
1021 3322 1497 3397 orthographiam
1526 3326 1770 3396 redolet,
1797 3342 1967 3395 quam

328 3394 605 3468 exhibent
628 3396 1003 3467 lleriniensis,
1022 3394 1338 3465 Ton'naccn',
1366 3394 1771 3468 Autnerpien.,
1796 3394 1968 3453 Max.-

2088 2615 2251 2685 vitio,
2276 2616 2484 2687 opinor
2508 2616 2878 2687 typographi,
2906 2620 3070 2672 caret
3095 2618 3341 2674 vocibus
3355 2620 3599 2678 exstitit
3613 2635 3730 2678 mo-

2085 2687 2428 2762 nachoram.
2450 2688 2636 2762 Isque,
2655 2687 2861 2742 mendo
2873 2687 3185 2762 consimili,
3212 2692 3729 2762 procoafcssmm

2087 2757 2141 2811 in
2166 2757 2451 2828 principio
2474 2758 2647 2812 habet
2671 2770 3095 2828 conocrsoram.
3124 2757 3386 2815 Phi'asim
3418 2757 3529 2816 sibi
3555 2761 3724 2818 aliam

2086 2827 2412 2903 eﬂ'Ormavit
2441 2828 2758 2903 Pnlsanen:
2786 2828 2877 2884 Sic
2912 2827 3149 2903 legens:
3191 2831 3730 2903 Qaipatcrfcrmc

2084 2900 2494 2957 sexcentarum
2519 2898 2941 2956 monachorum
2960 2900 3240 2969 existens,
3279 2898 3411 2957 Vita
3432 2902 3492 2958 et
3505 2898 3728 2962 sancti-

2086 2972 2207 3027 tatc
2225 2971 2594 3043 conspicuas,
2614 2973 2729 3025 etc.
2752 2970 3220 3043 variatiunculas
3233 2970 3377 3029 alias
3398 2972 3450 3028 in
3467 2974 3726 3031 scriben-

2085 3043 2140 3099 di
2169 3013 2657 3111 modofconsnito
2690 3039 3055 3110 negligimus.

2156 3114 2489 3169 Pratensem
2532 3111 2788 3185 codicem
2831 3118 3122 3185 praetense
3160 3113 3603 3185 autographum,
3640 3130 3726 3172 ra-

2084 3185 2241 3239 tione
2274 3198 2385 3239 non
2425 3198 2532 3238 una
2566 3184 2672 3238 hac
2705 3182 2798 3238 die
2831 3182 3210 3254 depravatum
3255 3182 3724 3243 nianit'cstiSSime

2083 3255 2396 3312 ostendunt
2424 3254 2605 3309 additi
2632 3259 2916 3324 martyres
2940 3255 3408 3311 Nicomodienses
3433 3256 3649 3313 Pastor
3671 3258 3731 3313 et

2094 3327 2447 3391 Victorinus,
2484 3340 2513 3379 a
2547 3325 2745 3393 majori
2771 3324 3009 3380 cohorte
3050 3339 3354 3396 perperam
3391 3326 3596 3396 avulsi,
3620 3342 3727 3383 nec

2081 3399 2135 3454 in
2173 3396 2307 3454 ullis
2337 3396 2470 3451 aliis
2501 3396 2808 3468 codicibus
2836 3396 3035 3468 positi,
3063 3403 3433 3468 preterquam
3463 3398 3516 3452 in
3540 3398 3719 3454 Belin.

328 3464 631 3538 Lnbecana
664 3464 1171 3538 ctGreven.’,licet
1200 3464 1961 3524 alibivaricnt.'Putavieam
1996 3473 2046 3531 Β
2081 3468 2387 3533 Rosweyd.
2424 3466 2749 3537 Aquicinct.
2774 3464 3181 3534 ct'Floren'tin,
3211 3464 3306 3537 qui
3329 3472 3490 3524 certe
3514 3469 3725 3525 medio-

328 3534 384 3591 in
401 3540 566 3620 textu
583 3551 693 3620 non
720 3534 1273 3620 incopgrueservari
1294 3555 1485 3620 posse.
1508 3539 1957 3620 C’mnplcocraat

326 3622 434 3680 [go
464 3608 863 3680 impleverant
886 3610 1062 3666 habet
1103 3612 1268 3667 solus
1294 3608 1683 3666 'Pulsanensis
1719 3627 1731 3673 ;
1768 3611 1862 3680 qui
1896 3614 1953 3665 et

323 3678 662 3743 Ecastasii,
684 3694 785 3749 pro
818 3681 1110 3738 Eastasz'z‘.
1129 3681 1505 3748 Quzerituran
1530 3678 1831 3737 Usnardus
1861 3695 1959 3736 no-

326 3762 454 3821 men
482 3749 1155 3821 sanctiprchosuerit?
1186 3753 1245 3807 Id
1276 3767 1386 3806 non
1422 3752 1598 3806 habet
1640 3750 1761 3806 Ado
1788 3795 1801 3812 ,
1844 3765 1958 3806 non

323 3819 538 3892 habent
578 3819 868 3892 llerinien‘.
905 3826 960 3877 et
994 3824 1350 3879 Muneratns.
1384 3823 1579 3891 Neque
1618 3836 1725 3891 ego
1763 3821 1962 3892 adjun-

318 3890 571 3964 gendum
604 3890 848 3964 credidi.
884 3892 1028 3948 Male
1067 3893 1265 3949 omisit
1296 3890 1575 3949 Munerat.
1615 3890 1961 3964 particulam

301 3960 536 4036 ferme;
567 3961 732 4036 pejus
766 3966 1044 4035 Antuerp.
1080 3970 1140 4019 et
1172 3960 1673 4034 Max.-Lubecana,
1701 3980 1804 4036 pro
1836 3978 1967 4020 sax-

317 4032 639 4103 ccntoram,
658 4032 858 4103 legunt
881 4032 1263 4092 ducentorum
1279 4055 1291 4090 :
1309 4036 1421 4092 imo
1439 4032 1770 4108 postremus
1783 4035 1968 4092 codex

2065 3540 2187 3598 cris
2208 3545 2359 3594 notae
2396 3538 2606 3609 seriem
2641 3552 2750 3592 non
2785 3538 3226 3609 transcendunt.
3255 3540 3553 3609 Expuncta
3581 3555 3726 3609 pra)-

2068 3616 2227 3668 terea
2260 3613 2350 3663 est
2386 3611 2447 3661 et
2481 3608 2648 3677 plane
2679 3621 2846 3662 erasa
2885 3612 3007 3662 tota
3030 3608 3308 3664 Eastasii
3334 3608 3727 3667 Laxooicrzsis

2070 3678 2454 3747 annuntiatio,
2510 3682 2571 3734 ut
2630 3678 2683 3731 in
2735 3679 3070 3748 apographo
3131 3682 3329 3734 nostro
3388 3680 3723 3736 observavit

2073 3748 2430 3813 Sirmondus,
2465 3754 2523 3803 et
2557 3747 2853 3818 recentius
2893 3747 2996 3818 per
3028 3747 3261 3803 titteras
3296 3749 3567 3818 superius
3607 3765 3722 3806 non

2074 3820 2251 3879 semel
2277 3820 2509 3888 citatas,
2538 3819 2672 3873 mihi
2708 3817 2982 3874 indicavit
3017 3818 3167 3887 Clar,
3194 3817 3579 3877 Castellanus.
3608 3821 3722 3877 Nos

2076 3897 2300 3949 textum
2342 3904 2480 3945 vere
2530 3888 2936 3957 Usuardinum,
2986 3890 3086 3945 sed
3129 3894 3344 3960 praeter
3384 3905 3515 3945 eum
3569 3890 3719 3947 nihi!

2089 3962 2388 4033 genuinum
2412 3960 2583 4016 hodie
2599 3960 2981 4033 agnoscimus.
3005 3960 3531 4033 DeEusAtasio,adn
3557 3961 3723 4033 Apri-

2103 4034 2149 4091 is
2172 4033 2486 4105 inpraal‘ato
2512 4030 2774 4088 Pratensi
2805 4030 3008 4087 codice
3030 4031 3341 4103 translato,
3369 4030 3717 4090 dicetur—ibi.

1726 4175 2320 4233 OBSERVATIONES.

390 4294 767 4369 Nobilissima
793 4297 968 4369 trium
994 4298 1397 4356 Africanorum
1430 4301 1836 4369 confessorwm
1854 4301 1955 4369 (ita

316 4365 600 4434 singulari
618 4367 793 4443 titulo
808 4368 1187 4443 decorentur)
1203 4370 1434 4443 classis,
1450 4387 1478 4426 a
1505 4365 1760 4443 Romano
1780 4365 1956 4443 parvo

318 4451 532 4515 rursus
556 4438 841 4515 procedit,
867 4440 1203 4515 tacentibus
1228 4438 1710 4515 llieronryinianis,
1730 4438 1958 4515 Bedaet

317 4508 450 4581 ejus
479 4508 851 4581 sequacibus.
890 4512 1069 4566 Breve
1094 4512 1193 4566 sed
1232 4508 1595 4580 magnificum
1618 4508 1958 4581 elegiumiis

319 4576 531 4653 tribuit
570 4576 736 4649 ’Ado,
790 4586 1085 4653 sequente
1136 4576 1405 4653 Notkero.
1446 4584 1583 4653 Ejus
1649 4576 1958 4639 médnllam

314 4648 537 4704 Noster
574 4651 850 4721 resecnit,
876 4648 1088 4707 caetera
1124 4652 1195 4707 ad
1240 4648 1790 4709 verbum'servavit.
1836 4656 1958 4709 Jam

316 4732 508 4793 supra
522 4720 786 4793 diximus
818 4720 986 4793 quem
1012 4725 1242 4779 nomina
1268 4724 1607 4780 eﬂ‘ormandi
1628 4724 1857 4780 modum
1889 4740 1960 4780 ex

315 4790 1380 4867 codicibusUsua‘rdiuispraeferamus
1396 4814 1410 4861 ;
1427 4796 1556 4866 quis
1572 4810 1744 4867 porro
1768 4796 1960 4867 reipsa

318 4861 722 4934 przeferendus
754 4864 928 4934 sit,in
960 4861 1306 4921 [lenschcnii
1332 4861 1753 4923 commentario
1785 4861 1962 4923 latius

314 4932 654 5001 exponitur,
674 4935 769 4989 ubi
789 4932 945 4991 circa
971 4935 1290 4991 secundum
1308 4951 1513 4994 nomen
1540 4937 1832 4994 nonnullae
1848 4938 1953 4993 dif-
1986 4941 2035 4998 D

316 4999 615 5060 ﬁcultates
645 5006 1049 5076 explanantur.
1086 5007 1277 5063 Habes
1312 5007 1430 5064 illic
1476 5012 1659 5064 totam
1691 5008 1952 5079 martyrii

2070 4298 2375 4355 historiam
2390 4312 2461 4353 ex
2485 4297 2722 4353 Victore
2742 4296 2965 4354 Vitensi
2981 4297 3224 4368 ejusque
3247 4297 3602 4354 accuratiori
3620 4298 3722 4368 Pe-

2073 4371 2148 4426 tri
2165 4369 2491 4425 Franscisei
2515 4367 3721 4438 Chifﬂetiieditione(lesumpta.DcEasta-

2068 4443 2161 4518 sio
2175 4441 2389 4518 abbate
2406 4439 2750 4518 Luxovicnsi
2767 4437 3347 4518 nemoanteAdonem
3358 4437 3717 4518 locutusest.

2072 4510 2396 4587 Ipsissimis
2423 4510 2549 4587 ejus
2578 4511 2795 4587 verbis,
2815 4525 2924 4587 non
2952 4515 3145 4587 tamen
3162 4508 3415 4587 praacise
3430 4508 3715 4587 omnibus,

2075 4579 2260 4639 utitur
2278 4579 2594 4651 Usuardns,
2616 4582 2811 4637 etfere
2837 4579 3013 4651 etiam
3044 4579 3351 4651 N‘otkerus.
3381 4579 3603 4635 Primas
3631 4592 3720 4633 so-

2074 4655 2188 4710 lum
2205 4668 2381 4709 voces
2409 4649 2616 4708 Noster
2636 4649 3023 4719 transposuit,
3047 4649 3197 4705 alter
3221 4654 3280 4704 et
3304 4653 3479 4720 caput
3502 4653 3559 4704 et
3580 4662 3713 4720 cau-

2074 4726 2202 4781 dam
2220 4723 2483 4779 mutavit.
2517 4722 2657 4776 Vidc
2671 4726 2729 4775 ct
2755 4721 2845 4775 hic
2870 4720 3216 4775 llenschenii
3238 4719 3718 4776 commentarium

2072 4811 2203 4852 cum
2218 4794 2435 4865 duplici
2460 4794 2587 4865 Vita
2604 4793 2758 4865 abeo
2775 4790 3227 4865 diligentissime
3244 4790 3558 4865 illustrata.
3578 4791 3721 4847 Eus-

2071 4866 2206 4923 tasii
2240 4861 2443 4922 laudes
2479 4864 2661 4919 nitide
2695 4862 3040 4933 exsequitur
3081 4861 3550 4918 Wandalbertus.

2253 4961 2503 5004 Eustathius
2523 4965 2674 5017 quarta
2702 4958 2877 5002 virtutis
2904 4958 3030 5001 laude
3051 4963 3264 5005 coruscat.

2251 5023 2376 5066 Abba
2402 5022 2667 5066 Columbano
2694 5022 2829 5065 nituit
2853 5021 2928 5078 qui
2952 5020 3035 5065 rite
3063 5020 3285 5075 magistro.

1829 5150 2203 5205 AUCTAIHA.

390 5270 469 5345 D_e
501 5269 867 5345 Rnaressret
903 5270 1201 5345 Boswsrn.
1240 5272 1356 5342 jam
1376 5272 1521 5328 satis
1553 5270 1771 5328 dictum
1814 5277 1907 5328 est
1942 5289 1957 5339 ;

315 5338 389 5396 de
423 5339 624 5396 Belino
651 5346 711 5398 ct
743 5340 874 5396 aliis
899 5340 1068 5396 infra.

391 5411 866 5480 Aureum-Max,
954 5413 1218 5481 ULTRAJ.,
1309 5412 1572 5481 Lernam,
1625 5412 1957 5483 Lemnum,

317 5482 672 5554 Apameam,
699 5485 918 5553 Dama,
950 5488 1006 5540 et
1043 5483 1238 5554 Eomo
1270 5483 1526 5538 Urna“.-
1561 5485 1726 5539 Βειο.
1757 5482 1958 5554 parum

316 5552 630 5623 admodum
664 5568 692 5608 a
738 5556 991 5623 puritate
1033 5552 1336 5621 recedunt,
1372 5554 1655 5609 addentes
1687 5552 1959 5609 Eustasio

318 5621 553 5698 titulum
580 5624 662 5698 ab
689 5621 887 5680 Adone
910 5639 1279 5698 expressum,
1305 5624 1596 5698 discipuli:
1628 5626 1826 5698 sancti
1859 5625 1962 5682 0'0-

318 5693 591 5754 lmubam’
601 5699 661 5753 et
681 5693 1198 5769 proscxccritor-am
1210 5693 1542 5754 seribentcs
1556 5694 1958 5755 ducentorum.

2143 5271 2453 5328 CENTULEN.
2494 5289 2506 5323 :
2547 5291 2573 5318 ‹‹
2598 5270 2762 5340 Apud
2784 5268 3058 5337 Africam,
3087 5268 3719 5340 sanct_ornm_Armoga-_

2070 5343 2168 5411 sti,
2224 5340 2537 5399 Arehimini
2570 5337 2868 5397 et'Satiri.
2909 5341 3038 5411 lpso
3078 5337 3191 5411 die,
3230 5337 3519 5411 depositio
3564 5337 3718 5395 beati

2068 5408 2323 5471 Eustasii
2348 5412 2601 5482 abbatis,
2638 5410 2909 5482 discipuli
2936 5408 3133 5482 sancti
3159 5408 3519 5467 Columbani.
3544 5432 3570 5459 υ

2142 5479 2595 5540 Ameana-MM.
2644 5483 2714 5538 de
2758 5479 3024 5537 E‘ustasio
3077 5482 3197 5538 fere
3245 5483 3469 5536 textum
3512 5479 3714 5535 refert.

2070 5557 2354 5624 Martyres
2383 5554 2689 5609 Africanos
2722 5552 2844 5609 solo
2874 5552 3108 5624 nomine
3140 5552 3420 5624 appellat.

2146 5622 2535 5681 Decumum:
2569 5646 2593 5672 α
2622 5623 2984 5694 Nicomedize,
3026 5622 3361 5694 sanctorum
3398 5622 3715 5694 martyrum

2069 5696 2347 5765 Victoris,
2382 5695 2683 5755 Victorini,
2719 5688 2999 5761 Pastoris,
3053 5692 3371 5761 Saturnini,
3413 5688 3623 5745 Juliani
3656 5692 3715 5745 et
