4078 6186
421 273 526 329 887
562 260 571 269 .

1795 264 2102 321 USUARDI
2142 263 2458 322 MONACHI
3660 269 3748 326 888

423 392 666 450 aliorum
703 393 931 461 quater.
973 388 1136 461 Apud
1169 387 1442 461 Africam,
1481 391 1814 461 sanctorum
1855 391 2065 456 marty—
2093 386 2146 446 A
2177 387 2438 461 eremitm
2459 387 2774 461 nonaginta
2793 399 3097 454 annorum,
3119 385 3212 456 qui
3233 385 3309 461 ita
3329 383 3657 461 abstinentia:
3671 388 3746 446 de-

424 477 550 520 rum
582 457 928 530 Armogasti,
962 457 1274 530 Archiinini
1306 462 1364 530 et
1411 457 1604 530 Satiri.
1632 458 1757 530 Qui
1799 465 2060 529 tempore

423 528 780 588 Wandalicze
799 528 1242 601 persecutionis,
1279 529 1387 583 sub
1410 528 1736 601 Geyscrico,
1771 528 1932 601 rege,
1954 543 2060 598 pro

421 598 1092 660 confessione'veritatis
1123 598 1300 656 multa
1329 603 1389 654 et
1409 599 1606 670 gravia
1645 600 1902 670 perpessi
1930 614 2064 669 sup-

467 673 619 740 licia,
644 687 876 728 cursum
925 670 1163 740 gloriosi
1211 669 1551 740 certaminis
1597 669 2060 740 cOmplcverunt.

451 715 694 816 533mm
730 715 1018 816 dve‘fposiflio
1047 741 1233 816 sancti
1260 739 1542 816 Eufragii,
1568 715 1814 816 abbatis
1841 756 2062 816 m_ona_s-_

426 809 558 872 terii
595 809 992 869 LuXovi'cusis.
1028 810 1294 882 discipuli
1329 809 1514 864 sancti
1557 810 1919 882 Columbani,
1953 810 2065 866 viri

425 885 546 942 Dei.
575 884 682 951 Qui
716 888 881 954 pater
907 883 1082 954 ferme
1107 881 1512 954 sexcentorum
1537 881 1734 954 extitit
1760 884 2066 954 monacho-

429 972 576 1025 rum,
603 950 666 1011 et
693 950 827 1009 vita:
849 953 1160 1025 sanctitate
1174 950 1544 1025 conspicuus,
1571 952 1745 1025 etiam
1761 953 2068 1025 miraculis

427 1021 659 1083 claruit.
705 1025 919 1090 Roma},
971 1022 1261 1094 ordinatio
1314 1021 1466 1077 beati
1499 1022 1770 1094 Gregorii
1815 1038 1994 1094 papae.
2034 1044 2060 1072 η

427 1099 506 1174 De
531 1109 873 1174 quacunque
895 1097 948 1150 S.
985 1093 1243 1162 Gregorii
1272 1092 1546 1148 memoria
1569 1092 1661 1148 hic
1694 1092 1907 1164 agitur,
1937 1094 2060 1150 redi

427 1167 501 1224 ad
531 1165 610 1223 xu
633 1165 840 1222 Martii.

501 1239 860 1316 Haemona.
896 1249 924 1290 a
944 1233 1428 1316 textuspuritatc
1455 1249 1564 1290 non
1581 1233 1822 1290 multum
1847 1234 2062 1301 differt,

431 1322 626 1365 naevos
655 1311 781 1376 ejus
815 1311 1336 1377 przeterimttimus.

504 1375 828 1448 AQUICINCT:
868 1380 998 1448 post
1030 1376 1424 1448 impleverunt
1454 1375 1638 1431 textui
1663 1375 1868 1448 inserit
1893 1395 1963 1448 ενα
1989 1377 2074 1432 Ci-

431 1449 613 1576 :Iitatte
640 1447 1028 1528 .Nicomediaa,
1081 1447 1270 1518 passio
1311 1451 1645 1503 sanctorum
1695 1447 1980 1517 Pastoris,
2013 1452 2072 1502 et

481 1535 531 1576 lC
565 1533 734 1575 Ol'llll.
762 1540 788 1568 »

481 1518 734 1576 ictorini.
762 1540 788 1568 »

502 1588 1347 1646 MARTBIC.-CAIITHI:S.-ULTRAJ.
1369 1607 1381 1640 :
1404 1587 1703 1643 «Pastoris
1723 1592 1782 1643 ct
1805 1588 2071 1645 Victoris.

432 1660 727 1718 Eustachii
751 1659 1000 1715 abbatis.
1039 1659 1271 1714 Achacii
1295 1658 1549 1728 episcopi
1572 1665 1631 1714 et
1652 1660 2025 1715 confessoris.
2042 1681 2069 1708 »

2177 458 2550 530 ditus,quod
2583 457 2809 514 nullum
2843 461 3165 530 terrenum,
3201 456 3342 530 sicut
3369 456 3434 530 de
3463 471 3524 511 eo
3551 456 3745 530 legitur,

2173 526 2429 585 triennio
2446 529 2676 599 integro
2700 527 2946 600 sumpsit
2967 527 3180 596 cibum,
3208 527 3310 594 Qui
3328 526 3598 600 plantario
3618 526 3750 600 arbo-

2171 615 2296 654 rum
2319 597 2653 666 conserens,
2695 615 2764 654 ne
2802 597 2924 654 otio
2975 601 3260 668 torperet,
3294 597 3486 654 silvam
3517 598 3750 658 fratribus

2174 671 2491 727 nutriebat.
2514 692 2540 719 »
2563 671 2705 726 Vide
2725 669 2974 724 indicem
2996 668 3532 740 Praetermissorum,
3550 670 3633 725 ubi
3649 670 3753 740 ejus

2173 746 2301 798 acta
2342 742 2412 796 ad
2451 741 2597 798 alios
2632 741 2760 796 dics
2792 739 3144 798 excutienda
3180 739 3558 796 remittuntur.
3596 761 3619 789 α
3642 743 3753 798 Item

2177 818 2394 868 sancta:
2420 813 2656 884 Sophiae
2703 810 2945 884 virginis
2977 817 3034 866 et
3071 811 3359 884 martyris.
3405 811 3573 884 Etiam
3600 813 3754 868 sancti

2176 881 2522 940 Maeovallae'
2542 883 2795 938 abbatis.
2823 904 2847 928 ιο
2873 883 2950 936 De
2987 885 3236 951 utroque
3267 881 3450 951 agitur
3471 882 3608 939 inter
3636 884 3758 940 Prai-

2178 953 2502 1010 termissos.

2251 1026 2437 1080 BELIN.
2468 1040 2572 1095 pro
2595 1025 2985 1095 Luwoviensis
3018 1023 3225 1095 scribit
3258 1021 3758 1095 Lugdunensiszpro

2176 1093 2602 1163 sexcentarum,
2631 1094 3029 1152 ducentorum.
3057 1093 3344 1163 Additque
3375 1093 3428 1147 in
3453 1093 3582 1149 fine:
3607 1093 3760 1148 «Civi-

2181 1137 2301 1226 tate
2327 1137 2694 1234 Nicomediae,
2711 1137 3267 1236 paivsiowsanctoruni
3286 1165 3761 1236 PastorisetVicto-

2183 1237 2315 1292 riui.
2355 1259 2382 1285 »
2419 1239 2504 1292 Ita
2537 1234 2728 1307 prima
2752 1237 2950 1292 editio.
2990 1239 3048 1290 In
3082 1234 3267 1290 altera
3298 1235 3601 1307 accedunt:
3640 1256 3662 1282 «
3687 1235 3762 1289 Sa-

2183 1307 2426 1376 turnini,
2475 1305 2738 1377 Julianze,
2773 1313 2833 1363 et
2864 1308 3109 1363 aliorum
3151 1310 3463 1376 quatuor.»
3490 1305 3762 1361 Videantur

2183 1381 2348 1448 Acta,
2374 1378 2471 1434 ubi
2505 1378 2720 1434 dubius
2753 1392 3028 1436 numerus
3061 1377 3498 1448 determinatur.

2254 1445 2500 1505 Gnarum.
2531 1467 2542 1503 :
2578 1449 2994 1515 «Nicomediae,
3021 1450 3358 1504 sanctorum
3382 1445 3658 1513 Victorini,
3684 1446 3764 1500 Pa-

2185 1519 2386 1589 storis,
2423 1520 2678 1587 Saturni,
2709 1519 2922 1576 Juliani
2946 1523 3004 1574 et
3031 1517 3280 1574 aliorum
3313 1522 3568 1588 quatuor.
3601 1515 3763 1589 Natale

2186 1592 2340 1646 beati
2375 1587 2609 1646 Achacii
2644 1591 2938 1660 martyris,
2972 1590 3140 1658 cujus
3171 1587 3363 1660 passio
3394 1589 3637 1660 habetur,
3659 1607 3682 1634 ι»
3705 1587 3764 1642 De

2184 1676 2472 1743 eq‘supr‘a,
2493 1681 2519 1712 «
2545 1647 2820 1742 Stephani
2847 1647 3007 1743 papae
3033 1647 3120 1743 I'X‘.
3147 1647 3340 1743 {Vide
3363 1658 3762 1743 Pi-zetenrmissos.

432 1732 518 1788 Ad
534 1731 849 1800 marginem
867 1730 1186 1802 corrigitur
1219 1729 2074 1802 Victorini,Eustasii:addun-
2101 1733 2152 1790 B
2188 1756 2212 1780 α
2237 1729 2378 1787 Item
2403 1729 2665 1801 Gregorii
2687 1729 2946 1802 episcopi
2979 1751 2990 1785 :
3025 1753 3049 1778 ι»
3080 1733 3161 1785 An
3186 1730 3560 1802 Nazianzeni‘l
3580 1751 3603 1777 (ι
3623 1729 3767 1802 Μεοοτ

431 1807 568 1873 turq
579 1817 646 1858 ue
661 1799 782 1857 haec
797 1801 971 1856 verba
991 1801 1336 1873 :_Usuurdus
1347 1799 1561 1857 scribit
1574 1801 1903 1873 Aeliacriumr
1915 1815 2074 1873 mar-

432 1871 642 1946 tyrem:
671 1873 791 1946 Non
815 1873 920 1927 hac
943 1871 1150 1946 saltem
1171 1871 1298 1941 die;
1312 1886 1397 1946 an
1429 1871 1828 1946 sequentiffibi
1857 1871 2073 1946 videbi-

431 1941 548 2001 tur.
602 1942 825 2014 Colitur
871 1943 1104 2014 proprie
1145 1957 1276 1998 xxx:
1308 1941 1518 2012 Martii,
1565 1949 1624 1998 ut
1666 1942 1864 1997 videre
1895 1948 1988 1998 est
2018 1943 2071 1996 in

431 2012 874 2074 Prmtermissis.

505 2087 920 2142 PLESCHIONEN.
955 2089 1012 2138 et
1045 2085 1344 2152 Vanum,
1379 2083 1645 2150 signatus
1677 2099 1809 2140 num
1847 2103 1858 2137 :
1893 2087 2070 2140 5949:

441 2155 864 2224 «Nicomediae,
919 2160 1255 2212 sanctorum
1306 2155 1588 2224 Pastoris,
1641 2153 1943 2224 Victorini,
1979 2157 2075 2211 Ju-

436 2227 593 2284 liani.
628 2249 655 2276 ι)
686 2228 968 2282 Numerus
1002 2241 1108 2297 pro
1131 2225 1379 2282 arbitrio
1402 2225 1614 2281 mutari
1649 2226 1900 2281 videtur.

505 2299 852 2354 UGHELLIAN.
886 2313 991 2368 pro
1015 2298 1452 2368 sexcentarum,
1471 2297 1646 2368 habet
1669 2297 2070 2368 ducentorum.

435 2370 498 2424 In
531 2383 645 2438 quo
676 2366 948 2424 convenit
965 2382 1095 2424 cum
1118 2368 1346 2423 duobus
1369 2366 1564 2422 solitis
1585 2367 1764 2423 sociis
1787 2369 2069 2423 Axrcenp.

435 2443 496 2496 et
521 2439 905 2494 Mam-Luam.

508 2511 767 2579 ALTEMPS
801 2525 813 2560 ε
855 2527 882 2559 ‹‹
919 2507 979 2579 In
1027 2506 1352 2574 Antiochia,
1391 2506 1672 2561 Theodori
1722 2507 2072 2579 presbyteri,

431 2578 678 2637 Julianze
711 2582 769 2633 et
805 2577 1047 2633 Acacize.
1074 2599 1101 2626 ι»

509 2651 844 2707 FLORENTIN.
883 2668 894 2703 :
933 2669 960 2720 «ς
990 2647 1346 2720 Nicomedia,
1381 2647 1574 2720 passio
1607 2653 1944 2705 sanctorum
1974 2650 2078 2704 Pa-

433 2720 616 2778 storis
649 2723 708 2776 et
744 2719 1048 2776 Victorini.
1073 2741 1099 2769 ››

505 2791 703 2848 Editio
748 2793 976 2847 Luuaco
1021 2791 1151 2848 (ἔοι.
1196 2809 1209 2844 :
1257 2811 1283 2839 (ι
1323 2789 1488 2861 Apud
1529 2789 1800 2858 Africam,
1845 2795 2078 2846 sancto-

431 2878 560 2920 rum
615 2862 967 2932 Armogasti,
1019 2860 1604 2930 Archinimi,’Satyri
1647 2861 2070 2932 confessorum.

433 2933 696 3000 Quicum
727 2939 925 2990 essent
956 2931 1316 2989 lucidissima
1347 2932 1602 2988 membra
1625 2931 1896 2987 Ecclesiae
1921 2932 2081 2987 Chri-

2183 1802 2350 1860 vallae
2384 1798 2634 1878 abbatis.
2673 1798 3027 1878 Ecdem'die,
3069 1802 3360 1878 beatiOr,
3395 1800 3666 1878 eremitae,
3691 1798 3766 1878 qui

2183 1878 2361 1930 tanta:
2384 1874 2757 1930 abstinentia;
2778 1873 2906 1941 fuit,
2927 1877 2986 1929 ut
3003 1874 3153 1928 intra
3170 1872 3456 1942 integrum
3477 1871 3766 1942 triennium,

2183 1943 2404 2001 nullum
2438 1949 2732 2000 terrenum
2757 1945 3081 2012 sumpsisse
3111 1941 3316 1999 cibum
3343 1943 3576 2012 legatur.
3603 1941 3670 1996 Ne
3694 1954 3770 1995 an-

2183 1961 2404 2001 nuuum
2438 1961 2732 2000 terrenum
2757 1961 3081 2069 sumpsnssc
3111 1961 3309 1999 cibum
3343 1961 3576 2012 legatur.
3603 1961 3670 1996 ne
3694 1961 3768 1995 au-

2182 2022 2298 2090 tem
2348 2016 2470 2090 otio
2520 2020 2802 2090 torperet,
2851 2013 3140 2090 pautaria
3181 2016 3454 2070 arborum
3484 2024 3768 2090 conserens,

2183 2087 2386 2143 silvam
2433 2081 2712 2142 fratribus
2737 2081 3055 2142 nutriebat.
3088 2087 3305 2152 Romae,
3350 2088 3558 2140 sanctae
3587 2081 3772 2151 Sophia:

2181 2157 2427 2226 virginis
2457 2160 2515 2212 et
2548 2158 2838 2225 martyris.
2871 2178 2898 2208 »
2937 2159 3014 2212 De
3055 2155 3146 2211 his
3189 2156 3408 2212 dictqu
3441 2159 3546 2222 est,
3573 2174 3629 2226 Aa
3660 2152 3771 2226 Item

2182 2223 2359 2296 Dol'zc,
2383 2227 2625 2284 Julianre
2659 2223 2972 2296 virginis.»
3010 2229 3092 2281 Au
3125 2228 3276 2282 forte
3314 2223 3774 2284 Nicomediam?

2185 2300 2293 2354 Sed
2329 2299 2450 2353 loca
2483 2299 2627 2355 satis
2659 2298 2951 2369 disparata
2986 2302 3140 2353 sunt.

2256 2371 2470 2424 MOLAN.
2500 2388 2512 2422 :
2541 2364 3002 2425 «Nicomediae...
3027 2390 3054 2417 »
3085 2372 3148 2424 ut
3179 2367 3366 2424 altera
3400 2365 3571 2422 Belini
3601 2364 3770 2420 editio.

2189 2461 2214 2485 α
2234 2441 2300 2494 Et
2333 2439 2524 2509 passio
2550 2440 2737 2495 sancti
2770 2440 3080 2496 Archartii.
3103 2461 3128 2489 υ
3156 2441 3297 2494 Tum
3319 2438 3434 2495 alio
3455 2439 3771 2509 charactere,

2189 2534 2214 2558 α
2238 2507 2406 2579 cujus
2429 2510 2620 2580 passio
2641 2511 2908 2566 habetur.
2935 2511 3148 2566 Eodem
3173 2509 3288 2578 die,
3312 2511 3630 2566 sanctorum
3647 2507 3774 2562 lenae

2185 2584 2241 2636 et
2260 2581 2572 2636 Barachisii
2591 2585 2930 2651 martyrum,
2953 2583 3061 2637 sub
3079 2581 3324 2651 Saporio
3339 2583 3633 2651 Persarum
3644 2590 3773 2651 rege.

2186 2651 2441 2718 Quorum
2475 2647 2792 2734 historiam
2827 2647 3384 2734 concrip‘sit'E‘saias
3415 2650 3610 2734 Adami
3635 2647 3778 2734 ﬁlius,

2185 2735 2366 2792 eques
2389 2723 2542 2791 regis
2572 2723 2792 2794 Saporii
2825 2728 2882 2779 et
2916 2723 3152 2794 auditor
3183 2726 3362 2792 atque
3404 2725 3682 2794 spectator
3706 2731 3782 2772 eo-

2187 2789 2727 2862 rumqure'fiebaiit.
2763 2795 2973 2849 Eodem
3007 2793 3121 2862 die,
3155 2789 3345 2849 sancti
3373 2789 3784 2862 Be‘rtholdicon-

2190 2857 2452 2931 fessoi'is,
2483 2865 2707 2918 ordinis
2758 2864 3022 2920 Carmeli.
3077 2857 3133 2918 In
3173 2865 3534 2921 editionibus
3562 2861 3696 2924 aliis,
3725 2857 3782 2912 de

2190 2935 2734 2990 Nicomediensibus
2755 2941 2812 2990 et
2838 2934 3174 3003 Bertholdo,
3207 2939 3272 2992 ut
3297 2949 3488 3004 supra.
3521 2931 3782 3004 Sequitur;

431 2993 582 3062 sti...
621 3027 663 3085 »_
689 3004 907 3085 Adonis
939 3003 1059 3085 haec
1109 3007 1400 3085 postrema
1449 3003 1626 3085 verba
1658 3007 1814 3085 sunt,
1865 3007 2082 3085 caetera
2112 2993 2160 3054 C
2195 3005 2349 3085 gDie
2385 3005 2660 3085 vigesimn
2707 3006 3101 3085 n.o_r1_a,__sanct_i
3136 2993 3326 3085 patris
3367 2993 3534 3061 Marci
3566 2993 3786 3085 episcopi

432 3091 597 3147 pure.
621 3077 710 3147 De
742 3074 1008 3131 Eustasio
1040 3073 1267 3147 scribit,
1305 3075 1705 3147 ducentorum.
1729 3075 1901 3147 Tum:
1941 3073 2078 3147 «_Ni_-

429 3143 732 3214 comedim,
759 3149 1096 3202 sanctorum
1122 3144 1425 3212 Victorini,
1452 3145 1734 3212 Pastoris,
1757 3143 2074 3213 Saturnini,

429 3216 641 3274 Iuliani
675 3213 735 3272 et
767 3217 1012 3273 aliorum
1046 3220 1319 3286 quatuor.
1355 3215 1564 3272 Eodem
1606 3213 1718 3284 die,
1757 3215 1931 3270 beati.
1979 3215 2077 3286 Or,

433 3386 502 3441 III
525 3385 659 3442 Kal

2189 3072 2508 3146 Arethusii.
2537 3077 2601 3131 Et
2623 3077 2818 3146 Cyrilli
2857 3072 3085 3133 diaconi
3123 3072 3179 3132 et
3204 3077 3454 3134 aliorum
3487 3075 3578 3146 qui
3600 3072 3787 3146 sublu-

2189 3145 2344 3201 liano
2371 3153 2614 3209 tyranno
2643 3140 3043 3204 certaverunt.
3066 3169 3092 3198 ››
3122 3150 3198 3203 De
3215 3149 3361 3204 Jona
3387 3153 3444 3204 et
3473 3140 3786 3209 Barachisio,

2195 3216 2368 3288 paulo
2397 3203 2653 3289 brevius,
2690 3221 2750 3274 et
2773 3219 2905 3274 aliis
2928 3203 3174 3275 litteris.

3611 3385 3788 3442 D5630.

502 3482 696 3536 Romae
714 3479 806 3535 via
829 3479 1029 3550 Appia.
1059 3479 1249 3549 passio
1275 3479 1429 3534 beati
1453 3478 1676 3545 Quirini
1711 3481 1929 3537 tribuni
1964 3485 2020 3536 et
2052 3483 2343 3553 martyris,
2371 3483 2466 3554 qui
2501 3483 2611 3540 sub
2659 3483 2970 3542 Aureliano
3014 3485 3393 3557 imperatore,
3430 3487 3554 3557 post
3596 3481 3795 3549 lingua-

431 3565 888 3625 abscisionemct
911 3565 1146 3637 equulei
1167 3567 1628 3639 suspensionem,
1655 3583 2040 3640 manuumque
2069 3585 2135 3626 ac
2155 3571 2363 3642 pedum
2378 3571 2906 3642 detruncationem,
2927 3587 3170 3643 agonem
3201 3570 3664 3644 martyriigladio
3686 3581 3796 3623 con-

431 3654 759 3714 summavit.
800 3655 1245 3726 Thessalonicae,
1291 3655 1503 3712 natalis
1550 3661 1885 3713 sanctorum
1931 3658 2218 3729 Domnini,
2262 3663 2320 3714 et
2363 3659 2634 3717 Victoris.
2689 3660 3067 3730 [Bouillurtu
3111 3661 3561 3727 Thessalonicae,
3618 3653 3796 3712 natalis

429 3746 764 3803 sanctorum
786 3737 1081 3814 'Domnini,
1111 3743 1351 3814 Filopoli
1393 3747 1450 3801 et
1483 3745 1735 3815 Achaici,
1767 3746 2081 3816 sequentia
2120 3746 2438 3818 omittens.]
2478 3747 2643 3819 Apud
2673 3753 2932 3806 castrum
2966 3748 3514 3820 Silvanectcnsium,
3547 3741 3795 3817 depositio

430 3832 617 3892 sancti
644 3832 851 3903 Reguli
877 3833 1140 3906 episcopi
1161 3837 1219 3890 et
1251 3834 1630 3890 confessoris.

2022 3931 2242 3989 NOTAE.

503 4047 640 4104 Puri
661 4051 795 4103 sunt
816 4046 1161 4114 Hermian,
1200 4046 1540 4114 Tornacen.,
1576 4045 1924 4106 Puta-anew.
1950 4045 2274 4118 Munerat,
2303 4048 2545 4108 Greeen.
2572 4053 2630 4104 et
2653 4046 2876 4106 Melan.

503 4153 532 4182 α
561 4143 832 4213 Plerique
860 4142 1098 4198 codices
1127 4141 1407 4213 Domnino
1425 4141 1706 4213 comitem
1732 4142 1952 4198 addunt
1976 4143 2068 4198 Vi-

433 4217 680 4284 ctorem,
717 4211 812 4283 qui
845 4227 1138 4284 nunquam
1169 4211 1434 4267 Domnini
1466 4226 1662 4284 comes
1693 4213 1820 4269 fuit.
1857 4215 2068 4270 Noster

476 4282 676 4354 rimus,
711 4282 880 4354 quem
915 4282 1100 4338 secuti
1158 4287 1294 4338 sunt
1345 4282 1676 4354 Rosweyd.,
1731 4285 2066 4354 Marcliian.,

482 4358 752 4412 ratenses
787 4355 845 4423 Β,
881 4355 944 4424 Ι),
979 4355 1038 4420 Ε,
1073 4359 1134 4408 et
1182 4356 1554 4417 Concliensis,
1605 4370 1778 4411 veros
1827 4355 2071 4411 comites

434 4417 734 4493 indicavit,
753 4417 958 4496 nempe
973 4417 1293 4496 Filopolum
1309 4441 1376 4480 en
1394 4425 1724 4482 Achaicum.
1745 4427 1852 4482 Sed
1871 4427 2070 4483 nescio

437 4513 553 4569 quo
585 4499 704 4554 fato
754 4495 986 4564 accidit,
1043 4499 1103 4551 ut
1135 4510 1236 4552 eos
1275 4497 1526 4620 primum
1559 4510 1674 4552 non
1713 4512 2074 4566 cognoscens

437 4569 755 4620 Usuardus.
793 4567 996 4620 nescio
1029 4581 1198 4620 quem
1229 4565 1265 4620 il
1301 4567 1350 4620 ic
1388 4571 1661 4620 noneret:
1698 4575 1898 4620 nostea
1937 4567 2090 4620 vero'

433 4567 756 4635 Usuardus,
793 4567 996 4624 nescio
1029 4581 1198 4638 quem
1229 4567 1350 4638 illic
1386 4571 1661 4638 poneret;
1698 4575 1898 4638 postea
1937 4583 2076 4624 vero

1320 4582 1350 4622 c
1388 4571 1660 4622 poneret:

436 4582 756 4635 Usuaruus,
793 4582 996 4624 nescio
1029 4582 1198 4638 quem
1229 4582 1350 4622 nuc
1386 4582 1661 4638 poneret;
1737 4582 1898 4624 ostca
1937 4583 2076 4624 vero

435 4653 583 4697 nova
614 4637 821 4694 notitia
874 4639 1220 4707 instructus,
1257 4637 1358 4694 illo
1387 4637 1648 4708 excluso,
1686 4584 1915 4695 duobus
1945 4638 2077 4694 aliis

433 4709 628 4769 locum
652 4709 903 4766 dederit.
933 4711 1121 4779 Atque
1153 4709 1260 4765 hoc
1285 4708 1432 4765 satis
1455 4714 1547 4764 est
1568 4707 1833 4776 Sollerio,
1863 4715 1923 4765 ut
1951 4711 2082 4765 Pra-

436 4785 662 4839 tensem
679 4779 943 4838 codicem
962 4794 993 4835 e
1019 4794 1296 4859 purorum
1314 4779 1448 4859 albo
1465 4785 1780 4859 expunget,
1808 4779 2080 4859 Usuardi-

436 4865 572 4910 num
603 4866 839 4910 sensum
871 4850 1180 4906 evanuisse
1210 4850 1478 4920 affirmet,
1518 4855 1576 4906 ct
1619 4850 1801 4907 sciolo
1845 4850 2077 4920 quidam

439 4923 868 4980 correctionem
915 4921 1198 4977 ascribat.
1251 4922 1486 4978 Frustra
1536 4937 1762 4977 manum
1818 4920 2077 4978 eamdem

437 4993 771 5052 ostenderis
805 5013 816 5048 :
848 4992 938 5050 sui
969 4991 1209 5049 codices
1243 4992 1526 5049 Victorem
1547 4993 1829 5049 referunt.
1859 4992 2082 5065 Filopo-

2181 4143 2272 4202 lus
2291 4145 2470 4219 igitur
2485 4149 2551 4219 et
2572 4146 2858 4201 Achaicus
2875 4161 2986 4219 non
3013 4153 3148 4203 sunt
3174 4149 3448 4206 Usuardi.
3473 4150 3666 4219 Itaque
3690 4147 3798 4200 Pra-

2181 4215 2368 4290 t_cnsis
2393 4216 2938 4290 codexautograplii
2957 4219 3130 4290 titulo
3145 4215 3799 4290 excederit,quddUsuar~

2181 4287 2312 4355 dus,
2358 4287 2453 4360 ubi
2500 4287 2748 4360 primum
2798 4289 3091 4360 quidpiam
3144 4287 3579 4360 emendaverat,
3615 4287 3677 4360 id,
3707 4297 3797 4340 non

2181 4358 2410 4433 curavit
2442 4359 2712 4433 omnibus
2735 4358 2990 4415 omnium
3029 4358 3583 4433 urbium,compitis
3603 4359 3798 4433 alligen-

2104 4469 2151 4526 D
2184 4428 2340 4526 dum,
2375 4432 2438 4486 ut
2471 4429 2626 4500 quod
2671 4430 2794 4500 ipse
2826 4435 3190 4501 corrcxerat,
3226 4429 3325 4488 alii
3370 4428 3547 4488 etiam
3577 4428 3796 4496 corrige-

2187 4504 2336 4554 rent.

2259 4569 2458 4643 Necid
2491 4569 2676 4643 solum
2702 4570 2756 4626 in
2793 4571 2903 4627 hoc
2936 4571 3187 4628 articulo
3227 4572 3434 4630 vitium
3462 4562 3796 4643 reprehendit

2187 4639 2490 4696 Sollerius.
2513 4640 2573 4696 Id
2589 4642 2763 4697 etiam
2785 4644 3186 4699 stomachatur
3203 4657 3438 4700 erasum
3456 4638 3629 4700 fuisse
3647 4641 3694 4696 S.
3715 4638 3799 4692 Rc-

2187 4711 2407 4785 gulum.
2427 4711 2921 4785 Silvanectcnsem
2944 4714 3302 4785 episcopum.
3323 4716 3544 4771 Erasus
3567 4711 3800 4785 estcerte

2188 4786 2248 4861 et
2281 4781 2618 4861 reject‘usin
2659 4799 2711 4838 rx
2755 4783 2876 4861 Kal.
2922 4781 3072 4861 Maii,
3110 4781 3220 4861 qua
3259 4785 3354 4861 die
3406 4783 3798 4856 depositionem

2189 4852 2317 4922 ejus
2337 4853 2479 4909 colit
2513 4852 2967 4912 Silvanectcnsis
3001 4852 3276 4912 Ecclesia.
3314 4857 3439 4922 Qua
3471 4852 3640 4913 causa
3675 4861 3802 4907 com-

2191 4923 2626 4996 memorationis
2661 4924 2848 4981 locum
2889 4926 3208 4984 Usuardius
3246 4926 3588 4996 mutaverit,
3622 4922 3800 4981 ibidem

2145 5001 2149 5006 '
2191 4994 2440 5050 dicetur.
2477 4997 2816 5052 Bournunr.

1711 5117 2111 5172 VARIANTES
2158 5117 2558 5174 LECTIONES.

440 5300 452 5311 .
504 5229 802 5311 Mgrtg/ris
825 5235 882 5292 et
901 5233 1131 5311 tribuni
1154 5232 1350 5311 legunt
1384 5233 1713 5311 fireven.__et
1745 5233 1959 5311 Molan:
1984 5249 2072 5305 pe-

430 5302 530 5378 jus
561 5302 893 5378 muneratus
917 5322 1022 5378 pro
1057 5305 1114 5362 et
1141 5304 1435 5378 martyris
1477 5303 1672 5378 posuit
1709 5302 2067 5378 martyrum.

433 5371 835 5453 Absgisionem
865 5371 1570 5453 habentpassinjomn'es.
1601 5371 1940 5453 Quodalibi,
1960 5375 2070 5453 .hic

439 5443 833 5516 pariformiter
863 5443 1210 5504 servandum
1241 5446 1367 5504 fuit.
1401 5447 1478 5500 De
1501 5447 1692 5502 eczoleo
1721 5445 1859 5500 alibi
1892 5445 2068 5502 etiam

2181 5234 2462 5308 diximus:
2479 5235 2535 5288 In
2551 5234 2905 5308 Pulsancnsi
2920 5235 3326 5308 dcestgladio,
3348 5239 3411 5308 et
3431 5249 3537 5306 pro
3555 5223 3805 5308 Domnini

2181 5303 2398 5389 legitur
2425 5306 2688 5389 Domitii,
2717 5306 2872 5377 quod
2894 5303 3173 5363 Munerat.
3207 5306 3293 5363 sic
3314 5303 3610 5372 'ei‘I‘o‘rmat,
3640 5303 3803 5358 Doni:

2175 5385 2345 5434 νιῑηῑ.
2538 5385 2545 5396 ⁸

1839 5567 2432 5625 OBSERVATIONES.

508 5681 749 5739 Romani
767 5680 936 5809 gavvi
950 5685 1152 5737 auctor
1169 5683 1401 5738 beatum
1419 5687 1731 5754 martyrem
1751 5683 2072 5750 Quirinum

508 5753 610 5809 idie
644 5769 763 5809 orae
809 5751 925 5809 icat
947 5751 1038 5809 his
1057 5751 1255 5807 verbis
1280 5772 1291 5807 :
1314 5755 1526 5809 Roma.
1557 5754 1818 5809 Quirini.
1842 5753 2072 5809 tribuni

438 5753 610 5812 hodie
642 5751 925 5827 praedicat
947 5751 1038 5809 his
1057 5751 1255 5807 verbis
1280 5772 1291 5807 :
1314 5755 1526 5823 Rome,
1557 5751 1818 5824 Quirini,
1842 5753 2074 5814 tribuni

2181 5685 2242 5756 ει
2262 5684 2577 5756 martyris,
2601 5685 2798 5755 patris
2826 5685 3048 5756 senatu
3065 5683 3353 5756 Bulbinu.
3395 5681 3520 5738 Ado
3553 5672 3810 5756 prolixins

2180 5745 2447 5826 elogium'
2463 5770 2536 5812 ex
2563 5745 2745 5813 Actis
2782 5757 2836 5810 S.
2877 5755 3190 5812 Alexandri
3231 5768 3393 5828 papae
3436 5745 3804 5814 concinnavit,
