4062 6174
373 231 491 299 '931

1763 236 2069 295 USUARDI
2095 238 2423 300 .HONACHI

3689 249 3792 304 932

395 347 2032 438 quasiperiodo.cumquibmeteir‘mirabilis.Justinum
2062 364 2117 424 A
2146 363 2330 438 Vitam
2371 369 2666 437 utcunque
2705 366 3177 425 encomiasticam
3213 365 3460 426 deduxit
3483 369 3790 430 Tillemon-

394 433 524 494 cum
555 433 1046 506 Pergamensibus
1066 433 1454 506 copulaverit,
1489 438 1553 490 ut
1575 433 1646 489 de
1671 435 1885 491 Pioao
1905 449 2034 491 cur-

393 509 506 565 sim
539 505 994 564 insihuavimusr
1026 505 1343 562 Februarii.
1379 507 1445 560 Et
1476 506 1598 561 haec
1631 510 1750 562 tota
1771 511 1830 560 et
1863 507 2028 562 unica

393 578 756 637 confusionis
784 577 936 634 ratio
957 581 1070 643 est,
1096 576 1204 632 soli
1239 577 1446 646 Adoni,
1481 575 1568 630 vel
1605 575 1650 630 si
1685 577 1763 631 ita
1789 577 1896 644 vis,
1921 578 2032 632 Ru-

397 651 533 720 fino,
565 650 798 707 errandi
853 647 1278 720 quodammodo
1329 647 1476 720 viam
1525 648 2028 720 columenSIranti,

395 717 820 788 non'Usuardo,
838 717 903 776 ut
927 718 1064 774 facit
1087 718 1521 788 Papebrocbius
1542 733 1556 772 I
1575 717 1750 788 Junii,
1777 724 1878 773 aut
1900 718 2031 774 aliis

394 787 813 863 martyrologis
835 787 1190 863 imputanda.
1217 789 1290 863 ρι
1314 787 1430 856 jam
1471 787 1680 863 ordine
1717 803 2034 863 prosequa-

394 878 523 920 mur
547 857 747 930 ;'forte'
761 857 1012 932 Caryas,
1031 860 1124 932 qui
1145 859 1199 913 in
1216 857 1680 932 Hieronymianis
1701 857 1794 914 die
1819 857 2032 932 prisce-

393 929 556 992 denti
579 949 709 991 cum
732 929 1269 988 aliisdiverSimode
1293 929 1571 1000 Pergami
1587 930 1766 986 refert
1813 929 1860 1000 r,
1881 931 2028 987 idem

394 1005 522 1077 ipse
570 1009 660 1061 est
707 1017 876 1077 quem
909 1001 1279 1077 exJRulinoa
1314 1001 1533 1077 nostris
1563 1007 1867 1077 acceptum
1892 1001 2033 1057 dixi-

394 1071 546 1146 mus,
580 1089 660 1146 ex,
691 1071 861 1144 cujus
891 1071 1075 1146 Actis,
1108 1085 1138 1126 a
1185 1071 1596 1146 Metaphraste,
1640 1071 2028 1146 ut'minimum

393 1142 715 1214 exornatis,
769 1142 1002 1201 constat
1052 1142 1239 1214 ipsum
1272 1147 1331 1198 et
1379 1142 1575 1214 socios
1619 1143 1876 1211 gloriose
1906 1158 2032 1214 cer-

395 1221 557 1274 tasse
582 1212 914 1284 sab'Decio,
948 1217 1014 1269 ut
1058 1212 1322 1281 pluribus
1349 1212 1608 1284 ostendit
1637 1213 2030 1270 IIenschenius

394 1286 491 1344 hic
521 1291 582 1343 et
630 1284 788 1356 alibi,
812 1283 1315 1356 consentiuntque
1347 1283 1740 1340 Florentinius
1769 1283 1824 1340 in
1872 1285 2028 1342 notis

391 1363 449 1414 et
495 1355 896 1414 Tillemoutius
931 1361 1084 1411 tomo
1137 1355 1230 1427 Ili,
1257 1369 1286 1411 a
1315 1369 1452 1427 pag.
1485 1358 1588 1411 346
1627 1360 1686 1427 et
1726 1369 1855 1426 pag.
1899 1361 2022 1412 7H.

465 1427 590 1484 Alia
622 1432 732 1499 est,
760 1427 832 1483 de
861 1427 993 1484 viro
1016 1425 1291 1483 mirabili
1311 1425 1573 1499 Justino,
1598 1425 1772 1496 vulgo
1789 1433 2031 1499 antono-

392 1500 632 1570 mastice
674 1497 964 1570 martyre,
987 1497 1402 1570 controversia
1443 1512 1474 1553 a
1527 1497 1927 1570 Papebrochio
1954 1513 2031 1570 ex

391 1569 612 1648 Graecis
640 1568 1029 1648 monumentis
1048 1569 1298 1648 primum
1325 1568 1682 1648 mota,_qui_)_d
1712 1568 1766 1624 ei
1797 1570 1903 1648 hoc
1934 1569 2029 1648 die

395 1641 638 1698 suborta
688 1640 765 1696 sit
806 1639 1120 1709 dubitatio,
1170 1639 1436 1695 indemne
1485 1641 1766 1696 Justinus
1816 1641 1907 1695 hic
1955 1641 2028 1696 ab

2143 435 2263 492 tius
2298 442 2452 493 temo
2485 438 2549 500 II,
2576 435 2611 494 ‘a
2647 453 2772 508 pag.
2810 441 2932 495 344.

2213 507 2658 586 Hermenigilf/i
2687 507 2820 586 ante
2851 509 3107 566 Adonem
3139 507 3338 586 nullus
3358 512 3788 586 martyrologus

2143 578 2436 651 meminit;
2485 579 2875 636 laudationem
2922 595 2994 636 ex
3042 586 3248 636 sancto
3301 578 3582 651 Gregorio
3615 578 3786 642 ab'eo

2142 649 2564 723 concinnatam,
2600 651 2648 706 si
2670 666 2782 723 non
2810 656 3014 718 totam,
3039 657 3202 706 certe
3229 666 3332 723 pro
3361 649 3564 722 majori
3589 660 3648 711 et
3675 655 3789 714 ele-

2139 721 2392 788 gantiori
2463 727 2646 792 parte,
2710 722 2764 777 in
2824 723 3171 778 laterculum
3232 721 3419 780 suum
3452 721 3788 784 transtulit

2143 792 2460 864 Usuardus,
2487 793 2742 849 Notkero
2763 798 2822 848 et
2845 793 2966 849 haec
2987 797 3048 848 et
3063 793 3367 864 superiora
3391 797 3583 853 omnia
3609 797 3789 855 ferme

2141 861 2210 934 ad
2255 863 2496 934 verbum
2541 864 2991 934 transcribente.
3028 865 3106 920 De
3138 861 3538 934 'inclytissima
3591 869 3786 926 Ariani

2144 932 2358 1008 furoris
2406 934 2660 1008 victima,
2691 933 2832 990 nihil
2885 933 3013 1008 dici
3040 949 3208 1005 posse
3239 932 3491 1008 videtur,
3525 939 3684 1008 quod
3715 941 3787 996 ab

2143 980 2866 1075 nesciens"animata
2887 980 3216 1061 “sanetan
3251 980 3332 1062 ’ἑῖ
3342 980 3790 1068 ἓῖ-Ἠᾶῑῖἕῖἰὶἁέἶ

2141 1077 2357 1147 tratum
2411 1089 2520 1132 non
2569 1076 2664 1133 sit.
2718 1076 2925 1132 Cultus
2954 1076 3082 1147 ejus
3125 1076 3180 1131 in
3228 1075 3434 1133 Galliis
3466 1093 3523 1136 Ix
3573 1081 3790 1138 saecqu

2139 1143 2545 1202 celebritatem
2593 1147 2840 1218 probant
2884 1143 3060 1202 etiam
3109 1147 3504 1204 Wandalberti
3539 1166 3786 1210 versus:

2201 1262 2374 1308 Idibus
2403 1246 2749 1318 Hermingilde
2771 1265 2962 1318 patrem
2983 1272 3068 1305 rex
3090 1261 3215 1305 alme
3235 1259 3482 1308 furentem

2192 1327 2473 1378 Persentis;
2495 1335 2668 1368 verum
2689 1323 2913 1368 referens
2935 1323 2993 1366 de
3015 1326 3174 1368 morte
3195 1323 3517 1381 triumphum.

2211 1433 2496 1491 Recolunt
2521 1431 2631 1488 hoc
2655 1446 2886 1558 quoque
2910 1431 3002 1516 die
3025 1446 3098 1488 ex
3119 1431 3583 1514 Hieronymianis
3605 1435 3784 1492 Raba-

2211 1522 2251 1558 l8
2265 1511 2324 1558 et
2337 1505 2774 1558 NotkerusEan
2820 1517 3057 1558 amcam.
3071 1501 3362 1558 celebrem
3380 1503 3536 1558 illam
3553 1505 3784 1558 Chalce-

2141 1522 2251 1564 nus
2265 1511 2324 1561 et
2337 1505 2628 1561 Notkerus
2638 1501 3057 1574 Euphemiam,
3071 1501 3362 1559 celebrem
3380 1503 3536 1560 illam
3553 1505 3790 1564 Chalce-

2141 1578 2453 1634 donensem
2504 1579 3039 1646 martyrem,quam
3089 1575 3394 1646 Mosander
3433 1575 3646 1646 Adoni,
3683 1578 3790 1635 sed

2141 1648 2395 1705 asterico
2435 1645 2796 1719 distinctam,
2849 1645 2957 1700 hoc
3002 1647 3090 1719 est
3142 1652 3208 1719 ut
3256 1645 3490 1719 dubiam
3548 1647 3783 1719 adjecit,

397 1712 594 1792 Adone
625 1710 964 1792 Usuardoet
987 1711 1238 1792 Hotkero
1263 1715 1640 1792 proponatur,
1674 1712 1870 1792 quiab
1890 1711 2030 1792 aliis
2063 1719 2114 1778 Β
2147 1726 2305 1792 recte
2327 1716 2642 1792 conjiciens
2669 1710 3108 1792 perperamth
3141 1715 3233 1792 die
3256 1716 3398 1792 solo
3429 1710 3672 1792 nomine
3695 1710 3790 1792 ap:-

395 1798 415 1838 I
435 1783 586 1839 Junii
608 1782 826 1839 colitur
849 1783 939 1853 (an
965 1783 1137 1837 etiam
1154 1783 1226 1837 ab
1247 1782 1443 1852 aliquo
1459 1797 1536 1838 xu
1556 1782 1705 1837 Junii
1731 1784 2031 1838 utnotavit

398 1853 762 1910 Castellanus
793 1853 847 1908 in
882 1853 1293 1923 Martyrologio
1326 1853 1660 1920 universali,
1689 1855 1930 1924 nescio),
1956 1854 2034 1910 Eo

395 1930 588 1982 autem
619 1924 880 1994 inclinat,
908 1928 968 1980 ut
995 1924 1170 1979 variis
1192 1925 1550 1992 argumentis
1585 1924 1752 1980 binos
1771 1925 2036 1981 Justinos

397 2000 640 2053 statuat.
667 1999 742 2052 At
759 1993 1204 2066 geminationem
1229 1993 1386 2051 illam
1412 1995 1770 2066 impugnavit
1795 1996 2037 2051 Ruinar—

395 2067 532 2138 tius,
563 2069 717 2122 inter
745 2067 990 2138 Sincera
1011 2071 1072 2120 et
1095 2065 1317 2138 Selecta
1351 2081 1381 2121 a
1407 2065 1537 2138 pag.
1564 2071 1630 2122 38
1657 2073 1716 2138 et
1747 2067 2036 2137 Papebro-

393 2136 702 2209 chiusipse
725 2136 1013 2208 adIJunii,
1037 2136 1372 2208 priusquam
1390 2136 1839 2209 Ruinartiiopus
1861 2137 2036 2194 vidis-

395 2213 504 2279 set,
531 2208 685 2266 haud
706 2212 960 2265 obscure
992 2210 1060 2264 ad
1087 2223 1446 2264 communem
1469 2208 1818 2264 sententiam
1843 2224 2036 2265 acces-

394 2286 569 2336 serat.
604 2280 1056 2352 Componantur,
1090 2294 1218 2352 quae
1253 2283 1502 2352 utroque
1527 2279 1620 2334 dic
1655 2279 2037 2352 diligentissi-

395 2365 487 2421 me
515 2349 809 2420 exquisita
835 2355 992 2419 sunt,
1015 2351 1070 2405 in
1097 2351 1280 2421 primo
1304 2349 1636 2406 invenietur
1660 2351 1786 2405 Vita
1810 2351 1883 2406 ab
1907 2351 2036 2406 Hal-

394 2420 574 2492 loixio
607 2433 854 2492 operose
885 2420 1234 2492 composita,
1277 2435 1306 2476 a
1341 2421 1743 2492 Papebrocbio
1775 2421 2036 2476 illustra-

395 2494 485 2555 ta;
512 2489 567 2545 in
591 2489 778 2545 altero
803 2493 943 2544 Acta
970 2489 1094 2560 ipsa
1117 2489 1566 2560 Latino-Graeca,
1590 2490 1683 2546 vel
1707 2491 2036 2548 Graeco-La-

393 2559 516 2616 tina
541 2559 900 2630 authentica,
933 2559 1148 2630 quibus
1177 2565 1238 2616 et
1258 2561 1466 2618 Justini
1497 2559 1557 2616 et
1587 2562 1880 2618 sociorum
1912 2577 2036 2618 cer-

389 2635 585 2710 tamen
618 2631 898 2710 breviter,
911 2633 1192 2710 graviter
1233 2636 1291 2687 et
1321 2632 1550 2710 sincere
1577 2633 1910 2710 exponitur.
1953 2635 2034 2689 Ex

393 2702 643 2774 utroque
667 2703 796 2760 loco
825 2702 1074 2774 aliisque
1105 2703 1470 2760 documentis
1497 2702 1682 2760 multo
1711 2705 2032 2774 longiorem

2145 1790 2372 1862 pellari,
2407 1786 2536 1858 quae
2555 1786 3028 1862 xvi‘Septembris
3058 1786 3268 1862 insigni
3299 1788 3569 1862 oratione
3593 1791 3669 1846 ab
3699 1786 3792 1847 eo-

2143 1856 2270 1917 dem
2303 1856 2599 1930 laudatur.
2630 1856 2757 1930 Una
2780 1872 2940 1927 vero,
2974 1872 3045 1930 an
3076 1856 3134 1928 pl
3163 1856 3276 1914 .res
3301 1860 3652 1930 Euphemia'
3673 1861 3790 1918 fue-

2145 1932 2282 2000 rint,
2307 1931 2416 1988 hoc
2434 1946 2502 1986 an
2528 1929 2660 2003 aliis
2677 1929 2885 2003 diebus
2903 1928 3254 2003 celebranda
3279 1928 3371 1985 vel
3385 1928 3786 2003 celebrandas,

2144 2003 2197 2058 in
2237 1999 2396 2058 Actis
2424 2000 2680 2056 breviter
2709 1999 3047 2071 discutitur.
3084 2003 3156 2056 At
3186 2015 3293 2058 nec
3317 2016 3425 2071 ego
3456 1999 3790 2059 contentio;

2143 2089 2268 2129 sum
2304 2075 2492 2129 funem
2525 2071 2759 2142 trahere
2791 2070 2984 2142 cupio,
3018 2086 3148 2126 cum
3188 2071 3258 2127 ad
3310 2070 3637 2130 USuardum
3680 2075 3788 2130 hoc

2144 2144 2236 2199 die
2267 2144 2410 2199 nihil
2441 2147 2694 2214 spectet,
2723 2141 2854 2214 licet
2884 2142 2946 2214 in
2972 2142 3262 2198 Auctariis
3285 2142 3462 2214 toties
3493 2151 3783 2201 recurrat.

2147 2215 2244 2270 liis
2293 2215 2372 2270 ita
2423 2213 2648 2286 pesnis,
2685 2213 2822 2284 quid
2863 2213 2934 2286 de
2985 2217 3184 2286 textus
3223 2213 3474 2269 veritate
3506 2215 3784 2286 dubitari

2144 2286 2345 2358 possit,
2385 2283 2642 2358 prorsus
2680 2283 2790 2358 non
2841 2283 3028 2340 video.
3067 2285 3204 2358 Qua}
3243 2287 3435 2341 autem
3483 2285 3792 2358 defame-

2141 2355 2512 2414 brationibas
2553 2355 2853 2423 altarium,
2891 2359 3028 2423 etc.,
3071 2355 3123 2408 in
3178 2356 3440 2412 Pratensi
3481 2357 3690 2413 codice
3719 2358 3789 2414 ad

2144 2429 2481 2496 marginem,
2517 2427 2608 2481 hic
2638 2430 2695 2480 et
2729 2425 2865 2480 alibi
2895 2425 3155 2496 ascripta
3189 2427 3532 2497 reperimus,
3561 2443 3790 2485 monas-

2141 2499 2274 2553 terii
2311 2497 2468 2553 illius
2501 2501 2615 2552 tam
2651 2497 2884 2567 prepria
2931 2502 3156 2565 sunt,ut
3188 2513 3318 2553 cum
3363 2499 3614 2556 Usuardi
3651 2501 3793 2556 Mar-

2143 2567 2434 2640 tyrologio
2462 2567 2601 2622 nihil
2635 2581 2937 2640 commune
2981 2567 3263 2640 habeant;
3296 2582 3364 2625 ac
3398 2569 3646 2640 proinde
3680 2585 3792 2626 me-

2145 2637 2258 2695 rito
2279 2637 2554 2709 deinceps
2585 2652 2614 2692 a
2649 2637 2817 2692 nobis
2851 2637 3542 2706 praetermittantnrfnisi
3577 2641 3680 2710 qui
3719 2656 3792 2696 ex

2143 2711 2216 2767 iis
2242 2711 2653 2767 observatione
2685 2710 2920 2778 dignum
2952 2715 3216 2777 occurat.

1904 2823 2278 2880 AUCTARIA.

461 2917 802 2990 Pansam”
837 2920 1115 2990 quantum
1166 2915 1459 2990 conjicere
1505 2916 1662 2988 licet,
1696 2921 1793 2974 aut
1850 2934 2034 2990 purus

391 2990 504 3058 est,
556 2991 654 3044 aut
703 2987 773 3042 ad
835 2987 1147 3060 puritatem
1184 2987 1427 3060 accedit
1479 2987 1772 3060 proxime;
1832 2987 2031 3046 verum

390 3057 520 3114 cum
569 3072 782 3129 exesus
833 3057 1034 3114 textus
1084 3057 1196 3126 legi
1229 3057 1672 3129 nequat,'malui
1709 3061 1968 3118 codicem
2001 3077 2033 3118 e

391 3129 556 3201 puris
588 3128 924 3201 excludere,
955 3144 1125 3201 quam
1140 3119 1335 3184 'dubia'
1356 3119 1464 3201 pro
1492 3131 1674 3185 certis
1707 3133 2028 3188 venditare.
2063 3119 2110 3180 Ο

463 3201 748 3256 Amoene.
786 3205 845 3254 et
888 3200 1268 3256 Mam-Lunae.
1339 3200 1468 3270 puri
1527 3208 1662 3256 sunt
1719 3203 1772 3256 in
1830 3209 2028 3270 textu;

391 3275 480 3344 ast
515 3273 573 3326 in
598 3271 710 3326 ﬁne
743 3270 964 3344 addunt
992 3288 1069 3344 :_«
1102 3273 1261 3344 Item
1285 3276 1505 3344 sancta:
1547 3273 1818 3344 Eufemiae
1862 3276 2034 3344 virgi-

389 3341 480 3465 ii‘is
510 3346 569 3396 et
600 3341 892 3410 martyris.
927 3364 952 3388 ιι
1005 3341 1305 3405 Quomodo
1336 3341 1512 3396 etiam
1567 3342 1763 3413 legunt
1794 3341 2033 3401 codices

432 3425 752 3465 manuum.

432 3425 616 3466 LOREN
631 3430 640 3464 I
653 3426 752 3466 INI.

464 3481 777 3536 Cumanas.
808 3498 820 3533 :
861 3501 886 3528 α
909 3481 967 3534 In
993 3479 1362 3549 Calcedonia,
1389 3484 1604 3536 sancta:
1626 3482 1898 3539 Eufemiae
1920 3485 2032 3538 vir-

387 3549 544 3626 ginis
575 3555 634 3606 et
687 3550 983 3626 martyris.
1035 3551 1226 3626 Apud
1250 3565 1589 3626 pergamum
1621 3553 1773 3626 Asiae
1807 3555 2026 3626 urbem,

388 3625 724 3694 sanctorum
757 3621 925 3694 Carpi
963 3621 1257 3694 episcopi.
1275 3621 1491 3694 Papirii
1517 3621 1762 3693 diaconi,
1803 3629 1862 3679 et
1894 3621 2032 3694 Aga-

386 3692 639 3768 thonicae
689 3691 1228 3768 optimaefeminae,
1280 3691 1643 3768 aliarumque
1693 3691 2025 3768 multarum,

387 3778 516 3836 quae
576 3762 764 3836 beatis
833 3762 1324 3836 confessionibus,
1389 3762 1668 3834 martyrio
1736 3762 2028 3824 coronatis

385 3835 542 3916 sunt.
579 3835 746 3916 Apud
777 3835 1104 3916 Hispanias,
1140 3835 1334 3890 natale
1364 3836 1550 3916 sancti
1592 3837 2024 3916 Herminegildi,

385 3904 487 3961 ﬂlii
521 3904 680 3976 regis
724 3904 1062 3976 Leovigildi,
1103 3919 1270 3976 quem
1319 3912 1484 3976 pater
1517 3921 1655 3962 suus
1687 3922 1789 3963 rex
1823 3904 2032 3966 Gotho-

385 3991 510 4033 rum
563 3976 866 4048 Arrianus,
909 3976 1486 4048 obginsuperabilem
1527 3979 1830 4036 catholicae
1896 3979 2025 4036 ﬁdei

385 4047 805 4104 confessionem
839 4047 1183 4103 interimere
1209 4049 1365 4104 fecit.
1398 4070 1423 4095 ιο

457 4119 932 4192 Antronae-Man,
980 4118 1440 4192 _in___Euphemia
1506 4124 1565 4175 et
1631 4121 2029 4192 Pergamensi-

387 4187 498 4244 bus
549 4187 1167 4261 Caurumusrsimilis
1201 4187 1315 4261 est,
1367 4187 1770 4261 praetermisso
1803 4195 2028 4250 utrobi-

385 4273 497 4330 que
527 4259 870 4332 Justinan
903 4259 1353 4332 Hermenigildo,
1368 4259 1548 4332 quem
1583 4264 2030 4322 Hermibaldem

382 4336 575 4402 vocat,
611 4330 683 4387 ad
715 4330 974 4402 Adonem
1015 4331 1198 4402 magis
1231 4330 1478 4388 accedit.

455 4402 811 4482 Bnuxsmuzu.
847 4404 928 4482 ita
963 4401 1268 4482 incipite}
1301 4404 1359 4482 In
1392 4403 1797 4482 Chalcedonia,
1833 4407 2026 4463 natale

2215 2923 2560 2978 UGHELLIAN.
2591 2939 2602 2973 :
2634 2943 2659 2968 «ι
2677 2919 2828 2994 item
2862 2921 3078 2994 sanctae
3110 2920 3440 2992 Enphemiae
3469 2922 3786 2994 virginis.»

2215 2994 2505 3049 VICTOItIN.
2565 2996 2625 3046 et
2677 2991 2800 3062 [tuo
2857 2990 3048 3062 $030.,
3107 2990 3260 3046 num.
3321 2997 3443 3062 130,
3501 2990 3789 3053 omittunt

2143 3064 2324 3134 etiam.
2345 3063 2656 3134 martyris,
2683 3061 2783 3134 sed
2820 3061 3125 3134 praeﬁgunt
3150 3080 3169 3134 :7
3194 3064 3270 3134 In
3302 3061 3689 3124 C'alCedom’a.

2212 3131 2403 3190 Edi'tio
2449 3131 2940 3206 huusce-Comm
2991 3131 3299 3206 principis
3330 3134 3472 3206 satis
3515 3151 3684 3206 pura,
3721 3137 3790 3194 de

2143 3203 2586 3276 Hermenegildo
2637 3203 2727 3276 sic
2773 3205 2986 3258 habet:
3047 3223 3074 3252 «
3128 3203 3193 3276 In’
3238 3203 3533 3276 Hispania,
3595 3203 3788 3264 sancti

2140 3275 2570 3348 Hermenegildi
2610 3275 2766 3348 regis
2795 3279 2856 3329 et
2905 3275 3194 3344 martyris,
3231 3275 3397 3344 quem
3450 3281 3622 3348 pater
3661 3278 3788 3348 ejus

2145 3347 2514 3418 Leonigildus
2535 3345 2832 3418 Arrianus,
2849 3359 2951 3418 rex
2976 3348 3334 3418 Arragonum
3361 3353 3421 3402 et
3437 3345 3784 3418 Gothorum,

2141 3419 2214 3472 ob
2249 3417 2381 3471 fidei
2431 3416 2737 3490 catholicze
2774 3415 3784 3490 confessioneminexpugnabilem,

2142 3493 2311 3542 nocte
2343 3493 2545 3542 sancta
2581 3486 2888 3542 Dominicaa
2911 3487 3367 3543 resurrectionis
3386 3486 3579 3546 securi
3606 3486 3787 3547 inter;

2143 3557 2234 3612 ﬁci
2251 3558 2450 3628 jllSSit,
2474 3563 2530 3612 et
2575 3557 2678 3628 tali
2713 3556 2990 3628 martyrio
3033 3572 3274 3626 regnum
3315 3560 3558 3616 caeleste
3591 3575 3699 3617 rex
3729 3565 3786 3617 et

2140 3627 2359 3701 martyr
2389 3627 2647 3701 intravit.
2677 3627 3029 3701 Calcedocee
3055 3628 3499 3701 [Chalcedoniae]
3534 3631 3792 3688 transla-

2141 3699 2221 3754 tio
2254 3698 2468 3755 sanctae
2493 3699 2774 3770 Eufemia;
2819 3698 3062 3770 virginis
3095 3705 3155 3753 et
3190 3698 3536 3770 martyris:-
3575 3704 3786 3760 Utrum

2136 3783 2274 3825 vere
2326 3769 2630 3826 translatio
2678 3769 2870 3840 aliqua
2919 3769 3248 3840 Euphemiae
3291 3769 3788 3830 Chalcedonensis

2143 3841 2289 3896 facta
2342 3841 2536 3916 fuerit,
2572 3847 3082 3916 compertummon
3117 3841 3321 3916 habeo.
3355 3843 3434 3898 De
3465 3843 3783 3916 Euphemi-

2140 3926 2263 3984 rum
2297 3909 2527 3984 unitate
2572 3909 2661 3964 vel
2708 3909 3116 3982 multiplicate,
3149 3911 3282 3968 vide
3331 3927 3459 3984 quae
3513 3909 3786 3972 iii—Actis

2139 3983 2243 4037 hac
2275 3982 2367 4038 die
2399 3983 2795 4052 disputantur.

2181 4055 2438 4134 .BEiJNJ
2476 4073 2504 4134 ς(
2555 4054 2768 4134 Eodem
2821 4052 2935 4124 die,
2979 4057 3197 4110 sanctae
3247 4053 3581 4126 Euphemiae
3612 4058 3788 4128 virgi.

2138 4124 2225 4180 nis
2256 4130 2312 4180 et
2348 4124 2638 4195 martyris.
2668 4145 2692 4171 ιι

2209 4195 2453 4270 Graves,
2482 4193 2576 4270 ,'u_
2613 4193 2938 4270 Prmdictus
2986 4195 3784 4270 HermenegildusiLungildi

2138 4267 2294 4338 regis
2317 4267 2768 4336 Vusigothorum
2792 4265 2963 4326 ﬁlius.
2984 4273 3047 4322 ut
3063 4268 3241 4338 refert
3257 4265 3576 4338 Gregorius
3592 4265 3780 4327 nflib.

2135 4337 2356 4407 Dialog.
2399 4337 2754 4412 praedicante
2807 4340 2976 4412 beato
3008 4337 3266 4412 Leandre
3294 4337 3624 4409 HiSpalensi
3667 4341 3786 4412 epi-

2137 4421 2336 4484 scopo,
2363 4407 2435 4484 ab
2467 4409 2710 4465 Arriana
2735 4407 2939 4464 haeresi
2959 4409 3040 4484 _ad
3077 4408 3246 4484 [idem
3269 4407 3612 4484 conversus,
3634 4426 3665 4466 a
3689 4407 3784 4484 pa-

381 4481 600 4550 sanctae
641 4473 972 4546 Euphemiae
1022 4471 1266 4550 virginis
1301 4478 1360 4550 et
1411 4481 1702 4548 martyris.
1739 4475 1875 4542 Quae
1909 4483 2028 4533 tor-
2058 4471 2104 4529 D
2140 4471 2496 4536 tre-Arriano
2527 4487 2698 4536 nocte
2730 4485 2928 4536 sancta
2959 4481 3194 4536 Pascha;
3227 4481 3504 4550 martyrio
3538 4471 3784 4539 cdroha-

383 4549 577 4619 menta
608 4550 666 4601 et
689 4559 978 4619 carceres,
1008 4547 1250 4619 yerbera
1284 4549 1341 4600 tt
1365 4547 1704 4619 argumenta
1740 4552 2022 4619 rotarum,

382 4616 550 4688 ignes
589 4621 652 4672 et
691 4615 973 4688 pondera,
1010 4615 1231 4688 bestias
1267 4619 1324 4672 et
1359 4619 1561 4688 plagas
1589 4617 1904 4688 virgarum,
1941 4615 2030 4676 se-

382 4686 644 4760 c'uresget
677 4686 1008 4760 sartagines
1031 4686 1231 4760 igneas
1258 4686 1370 4758 pro
1386 4686 1618 4745 Chr.sto
1643 4686 1963 4760 superavit.
2001 4713 2024 4739 ι»

382 4757 702 4832 Inreliquo
733 4757 922 4830 textu,
958 4759 1006 4814 si
1039 4757 1364 4830 sphalm’ata
1397 4757 2024 4832 seriptoria'excipias,

382 4830 642 4886 Adonem
673 4833 915 4886 secutus
943 4833 1054 4885 est.

450 4902 820 4958 Haemona.
854 4900 910 4956 in
941 4900 1125 4972 prima
1145 4913 1328 4972 purus
1354 4903 1463 4956 est.
1498 4902 1560 4954 In
1585 4901 2026 4972 Hermenegildo

379 4974 581 5044 verba,
617 4986 729 5029 non
775 4986 898 5028 rem
939 4969 1370 5044 multiplicavit.
1405 4972 1464 5026 In
1497 4971 1647 5044 fine:
1685 4995 1709 5020 α
1743 4969 2024 5044 Ιρεόίὶὶο,

379 5041 599 5102 sanctae
630 5043 906 5100 Eufemia:
937 5041 1181 5112 virginis
1211 5046 1269 5097 et
1303 5043 1592 5113 martyris.
1623 5065 1648 5090 ι»

453 5118 782 5180 Achmcr.
835 5119 896 5170 et
946 5114 1362 5185 CLUNIAGENS.:
1429 5135 1454 5161 ιι
1495 5115 1634 5169 Item
1694 5114 2027 5185 Euphemiae

380 5184 624 5256 virginis
651 5191 713 5244 et
745 5185 1040 5256 martyris.
1070 5207 1094 5232 υ
1131 5184 1348 5253 Exigua
1381 5185 1632 5240 variatio
1663 5192 1772 5256 est.

452 5255 1416 5328 MATHIC.-CARTHUS.-ULTRAJEC'I‘.7:
1457 5279 1483 5304 α
1525 5255 1691 5328 Carpi
1741 5255 2026 5327 episcopi,

378 5327 839 5399 Papiridiaconi
871 5335 927 5386 et
963 5329 1206 5385 aliorum
1245 5325 1650 5399 plurimorum;
1670 5325 1880 5384 Justini
1909 5325 2030 5399 phi-

380 5395 609 5474 losophi
639 5404 699 5474 et
745 5401 1053 5474 martyris.
1079 5395 1426 5458 Godebertze
1458 5398 1719 5470 virginis.
1759 5395 2028 5456 Ydae‘co-

380 5468 629 5544 mitissae
661 5468 934 5544 Bploniae',
965 5473 1174 5530 viduae.
1211 5494 1235 5520 ι»

453 5540 650 5616 Consx
695 5541 884 5616 D.__ou
907 5540 1147 5616 Cum“,
1203 5543 1470 5616 signatus
1516 5543 1592 5616 C,
1627 5542 1724 5616 qui
1783 5542 1887 5598 fuit
1908 5541 2025 5616 ΔΡΙ).

380 5611 638 5687 Francis.
670 5631 684 5669 :
717 5633 744 5664 α
765 5611 930 5682 Item,
965 5611 1294 5686 Euphemize
1318 5613 1560 5684 virginis
1580 5611 1970 5687 et‘martyris,
1995 5635 2021 5664 υ

451 5684 745 5759 ῩΑτιοΑκη
792 5696 950 5759 num.
1001 5684 1138 5759 stite
1163 5705 1175 5740 :
1205 5711 1250 5759 Aa
1281 5687 1508 5759 Sanctae
1547 5684 1882 5759 Euphemiz'e
1917 5684 2030 5742 vir-

381 5753 536 5832 ginis
561 5761 624 5820 et
652 5753 951 5833 martyris.
983 5776 1011 5808 ››
1045 5756 1132 5812 Ita
1165 5756 1429 5830 plerique
1457 5753 1677 5816 omnes.

2141 4554 2236 4606 tus
2269 4556 2378 4607 est.
2418 4552 2556 4606 Item
2577 4555 2908 4622 sanctorum
2932 4551 3168 4622 Eucapi.
3197 4549 3514 4614 Secutoris.
3539 4553 3727 4610 Pauli.
3753 4575 3780 4602 1

2140 4623 2425 4692 Corrupta
2459 4624 2635 4692 ferme
2665 4635 2737 4676 ex
2771 4620 3108 4692 I»Iieronym.‘
3133 4623 3395 4678 nomina:
3429 4645 3460 4692 γει
3492 4625 3552 4678 In
3589 4624 3786 4681 Calce-

2139 4691 2588 4774 donigaiiiatalis.
2608 4691 2724 4774 [eet
2737 4691 3059 4774 secundum
3079 4693 3236 4774 alias
3255 4691 3594 4774 translatio]
3606 4709 3788 4774 sanc-

2141 4768 2212 4820 tae
2254 4765 2526 4820 Eufemia:
2569 4763 2830 4831 virginis.
2875 4763 3092 4818 Donani
3147 4763 3397 4818 abbatis.
3436 4763 3791 4822 Godébertzc

2139 4835 2403 4904 virginis.
2442 4837 2606 4903 Item,
2647 4839 2866 4890 sanctae
2908 4833 3197 4890 memoriae
3230 4832 3447 4889 Nicolai
3479 4836 3791 4892 confesso-

2139 4905 2242 4974 ris,
2277 4906 2333 4960 in
2389 4907 2596 4962 Nussna
2640 4905 3016 4975 quiescentis.
3053 4923 3082 4956 »
3128 4905 3207 4960 De
3263 4910 3571 4974 postremo
3632 4906 3790 4963 inter

2138 4977 2575 5048 Praetermissos
2603 4977 2816 5048 agitur.
2853 4976 3178 5048 Godeberta
3203 4977 3282 5048 ad
3307 4991 3366 5030 χι
3395 4975 3573 5046 hujus
3606 4977 3791 5048 perti-

2141 5051 2257 5118 net.
2294 5047 2372 5102 De
2404 5045 2804 5104 Donano'nihil
2831 5045 3343 5118 usquaminvenio,
3370 5061 3442 5104 ne
3464 5045 3703 5118 quidem
3727 5048 3784 5103 in

2141 5117 2330 5172 indice
2362 5117 2917 5174 Praetermissorum.
2953 5120 3036 5172 An
3069 5117 3120 5172 is
3152 5116 3250 5187 sit,
3274 5117 3346 5172 de
3378 5116 3499 5187 quo
3530 5119 3586 5175 in
3621 5119 3787 5176 Actis

2141 5188 2335 5260 agitur
2368 5158 2485 5244 xvii
2520 5158 2764 5259 ‘Aprilis,
2803 5158 2864 5243 ut
2907 5187 3006 5258 qui
3047 5158 3180 5244 cuni
3210 5158 3788 5260 discipiull‘i’sldu‘o‘bu;

2139 5267 2197 5330 et
2219 5259 2638 5328 quinquaginta
2673 5264 2893 5330 martyr
2923 5259 3118 5330 fuerit,
3152 5273 3222 5330 an
3264 5262 3463 5330 potius
3495 5262 3790 5318 Danaam:

2140 5329 2442 5402 alter,iqui
2477 5329 3068 5402 siuipliciter'ibidem
3100 5329 3285 5388 abbas
3312 5332 3379 5388 in
3395 5333 3610 5390 Scotia
3642 5331 3791 5388 dici-

2143 5407 2256 5459 tur.
2290 5401 2425 5458 alibi
2459 5401 2902 5458 examinabitur.

2213 5475 2468 5550 Momm;
2507 5496 2532 5522 α
2563 5473 2771 5550 Eo_dem
2797 5474 2908 5550 die,
2941 5472 3791 5550 sanctaeEupbemiaevii-ginis

2139 5547 2200 5601 et
2231 5545 2522 5615 martyris.
2567 5569 2592 5594 ιο
2627 5545 2760 5602 Tum
2794 5546 3116 5603 minoribus
3153 5545 3402 5604 litteris:
3446 5572 3472 5596 α
3512 5549 3573 5605 In
3613 5545 3791 5606 terri-

2139 5616 2296 5688 torio
2335 5616 2786 5688 Arvenernensi,
2820 5617 3008 5674 sancti
3056 5617 3240 5674 Martii
3273 5620 3506 5677 abbatis
3549 5624 3612 5678 et
3653 5635 3790 5678 con-

2139 5687 2410 5817 ῗὲῧῗιπὶε,
2455 5689 2526 5746 de
2564 5702 2680 5762 quo
2714 5689 3030 5759 Gregorius
3065 5690 3434 5760 Turonensis.
3477 5711 3506 5742 α
3537 5691 3688 5749 Vide
3725 5691 3783 5748 in

2188 5771 2320 5819 οιιι.
