4078 6186
311 330 412 385 933

1390 324 2011 382 MARTYROLOGIUM.
2055 356 2123 367 -—
2162 326 2360 383 MENS.
2406 328 2631 383 APRIL.

3598 332 3702 388 954

312 452 1006 528 commonstransgatque
1032 464 1140 507 una
1151 448 1631 528 probarenititur
1664 451 1953 509 Victorem
1986 456 2037 514 A
2072 456 2498 528 repraesentare
2528 467 2825 528 conamur.
2861 453 3016 528 Beda
3046 452 3189 512 totis
3222 457 3448 528 septem
3492 452 3700 528 diebus

312 525 367 581 in
391 522 853 593 Hieronymianis
887 521 1242 593 apographis
1275 521 1385 578 hoc.
1413 522 1505 578 die
1544 528 1944 580 memoratum.

312 595 677 667 quiscunque
699 594 797 662 sit,
833 594 1147 667 Romanum
1191 593 1524 667 pontiﬁcem
1558 594 1732 667 istius
1774 594 1952 651 nomi-

310 663 401 724 nis
423 680 533 722 non
557 663 712 732 esse,
739 667 940 735 utpote
966 663 1061 733 qui
1086 663 1262 719 xxviii
1289 664 1450 721 Jullii
1487 665 1796 722 defunctus
1826 681 1952 721 crc-

309 739 490 806 ditur,
519 752 632 805 quo
654 736 748 792 die
771 750 799 790 a
828 735 1082 803 Rabano,
1104 736 1376 803 Notkero,
1402 736 1651 806 aliisque
1671 742 1950 805 martyre-

309 809 482 878 logis,
517 814 574 864 et
606 806 934 879 presset-tim
968 806 1540 879 Romanomoderno.
1568 807 1801 879 colitur.
1838 807 1949 879 Ida

308 877 533 936 Melano
566 877 791 949 pridem
807 877 1207 949 observatum,
1227 877 1383 946 fecit,
1402 883 1463 933 ut
1488 878 1541 949 in
1578 878 1952 949 postericori-

310 951 422 1007 bus
444 946 693 1005 Usuardi
727 946 1086 1003 editionibus
1110 951 1333 1003 textum
1359 946 1735 1015 mutilaverit,
1767 954 1953 1004 trans-

308 1021 430 1077 lato
472 1020 525 1074 in
559 1034 811 1075 mensem
848 1017 1061 1074 Julium
1095 1033 1163 1073 eo
1205 1019 1461 1080 Victore,
1496 1020 1591 1089 qui
1624 1019 1950 1075 certissime

308 1092 417 1171 hoc
450 1090 545 1147 dic
567 1091 649 1171 ab
685 1089 1023 1171 Adone_pro
1070 1090 1295 1171 Victore
1312 1105 1477 1171 papa
1510 1090 1790 1171 sumitur;
1831 1090 1951 1171 sive

307 1163 435 1235 ipse
449 1177 477 1217 a
495 1160 679 1235 sciolo
695 1161 844 1235 forte
858 1160 1077 1230 aliquo,
1098 1160 1510 1235 utsuspicatur
1535 1161 1947 1235 llepschenius,

308 1231 363 1288 iii
379 1246 637 1288 errorem
654 1231 947 1298 inductus,
965 1246 1067 1286 seu
1094 1231 1314 1301 primus
1338 1231 1588 1286 omnium
1615 1231 1812 1300 lapsus
1837 1233 1951 1287 fue-

307 1303 406 1358 rit.
435 1301 914 1371 Adoniselogium
929 1303 1159 1369 Noster,
1180 1307 1238 1356 et
1255 1300 1495 1358 aliieum
1511 1302 1716 1367 secuti,
1741 1317 1952 1372 paucu-

307 1373 382 1430 lis
415 1373 674 1443 mutatis,
692 1377 821 1428 tuto
848 1372 1792 1443 transcribendumexistimarunt.
1814 1375 1950 1428 Lon-

306 1444 639 1515 giusculum
662 1442 781 1515 est,
816 1443 969 1515 quod
1003 1442 1060 1497 in
1096 1442 1385 1515 Mosandri
1421 1442 1679 1515 editione
1712 1442 1949 1515 legitur,

305 1513 368 1596 et
390 1516 577 1596 adhuc
602 1514 771 1596 paulo
792 1513 1023 1596 auctius
1047 1527 1075 1567 a
1102 1514 1356 1568 Notkero
1377 1513 1706 1596 exhibetur,
1736 1514 1830 1596 ubi
1857 1529 1953 1569 au-

307 1590 441 1642 ctor
470 1584 563 1639 illa
599 1583 724 1654 ipsa
758 1584 1042 1653 adjungit,
1081 1598 1208 1653 qua}
1241 1599 1420 1639 xxvm
1445 1583 1581 1640 Julii
1615 1583 1764 1654 apud
1799 1600 1954 1640 euin-

306 1655 530 1728 demxex
544 1657 779 1728 Babano
803 1655 1011 1709 iterum
1031 1654 1326 1728 descripta
1344 1660 1493 1728 sunt.
1514 1656 1591 1728 De
1610 1655 1953 1728 Henschenii

307 1724 501 1798 mente
525 1725 763 1798 dubium
789 1740 897 1781 non
922 1729 1011 1781 est
1032 1724 1507 1798 ;_Papebroch_ius
1532 1724 1682 1781 diem
1706 1727 1957 1798 xxApri-

2069 523 2263 591 vacat,
2291 524 2633 597 hodiernum
2668 523 2818 580 Flori
2850 523 3339 597 supplementum,
3368 540 3480 584 non
3510 526 3701 583 Victo-

2072 610 2211 678 rem.
2237 594 2690 678 ‘sed_.4niceig¢m
2721 594 2934 678 papam
2959 594 3391 678 commemorat.

2132 666 2453 737 Sulpilias
2473 671 2531 721 et
2562 666 2948 724 Serrilianas
2980 669 3104 723 solo
3130 670 3357 725 nomine
3389 683 3417 723 a
3442 669 3698 726 Romano

2066 736 2661 809 parvo’appellantur,
2680 738 3138 809 Hieronymianis
3162 740 3456 809 incogniti.
3482 738 3603 796 Αᾶο
3625 754 3698 795 ex

2063 807 2223 879 Actis
2255 807 2591 864 sanctorum
2621 808 2808 877 Nerei,
2864 807 3109 864 Achillei
3159 814 3216 864 et
3248 807 3579 879 Domitillae,
3625 810 3697 867 de

2062 878 2273 947 quibus
2305 879 2439 934 alibi
2466 894 2577 934 non
2604 879 2781 935 semel
2804 880 3089 947 agendum
3111 883 3222 945 est,
3241 880 3449 949 insigni
3471 895 3575 935 eos
3599 896 3698 937 ex-

2060 954 2232 1021 ornat
2262 950 2735 1021 encomio,cujus
2756 950 3043 1020 potiorem
3070 954 3292 1020 partem
3318 965 3479 1005 suam
3504 951 3696 1007 facere
3734 1018 3737 1021 ν

2061 1020 2204 1076 satis
2235 1020 2436 1075 habuit
2470 1021 2786 1076 Usuardus.
2807 1022 2881 1074 De
2896 1035 3096 1075 eorum
3118 1024 3431 1089 martyrum
3451 1021 3695 1075 transla-

2061 1090 2340 1158 tionibus,
2358 1092 2428 1147 de
2452 1091 2628 1147 variis
2645 1091 3034 1159 Servilianis,
3061 1091 3309 1161 aliisque
3339 1105 3408 1147 eo
3437 1095 3698 1160 spectan-

2063 1160 2222 1216 tibus
2254 1161 2423 1232 plura
2453 1162 2751 1218 annotavit
2787 1160 3616 1226 llenschen'us,Marcellinus
3636 1165 3695 1216 et

2066 1232 2230 1299 socii,
2259 1231 2452 1288 solius
2500 1232 2717 1290 Adonis
2761 1237 2917 1297 sunt,
2952 1248 3022 1287 ex
3073 1232 3241 1303 cujus
3286 1231 3477 1300 elogio
3521 1247 3693 1303 suum

2069 1304 2335 1359 formavit
2371 1305 2596 1367 Noster,
2631 1304 2920 1359 Notkerus
2954 1301 3415 1359 totam'messem
3446 1301 3691 1371 colligit.

2063 1374 2205 1429 Acta
2239 1389 2267 1429 a
2296 1374 2471 1453 nobis
2501 1375 2656 1455 edita
2693 1374 2946 1431 Adonem
2966 1374 3191 1455 ‘vidisse
3237 1373 3519 1455 oportuit,
3548 1387 3695 1455 quo;

2065 1459 2210 1507 rum,
2260 1444 2306 1499 si
2356 1460 2466 1499 non
2519 1449 2843 1515 auctorem,
2896 1444 3103 1502 saltem
3169 1442 3419 1500 scribam
3469 1442 3688 1515 detexit

2063 1514 2295 1586 Mabilio
2330 1516 2382 1570 in
2420 1515 2802 1586 Diplomatica
2831 1513 2966 1586 pag.
3004 1521 3122 1580 172,
3152 1515 3268 1570 litt.
3305 1516 3365 1583 E,
3382 1528 3452 1568 ex
3487 1513 3690 1586 codice

2062 1584 2135 1640 ab
2151 1583 2507 1655 octingentis
2520 1589 2701 1644 armis
2713 1583 3071 1655 descripto,a
3088 1583 3692 1655 Deodatopreséytero

2063 1656 2251 1711 Vitam
2285 1654 2488 1727 paucis
2533 1657 2809 1727 decurrit
2838 1654 3242 1713 Tillemontius
3291 1654 3623 1727 tome-VII,
3660 1670 3689 1710 a

2068 1741 2196 1798 pag,
2214 1723 2480 1798 561.,Cur
2512 1732 2706 1784 autem
2735 1726 3158 1785 Mareellinam
3182 1723 3693 1798 Adonis_plerigue

306 1797 838 1877 iispraaferendum
873 1796 1127 1877 putavit,
1154 1799 1328 1866 atque
1356 1796 1506 1852 adeo
1539 1812 1669 1853 cum
1721 1796 1954 1877 Floren-
1982 1809 2033 1869 Β
2064 1796 2269 1877 nostri,
2320 1797 2473 1877 iique
2499 1799 2910 1877 probatissimi
2961 1799 3199 1877 codices
3230 1798 3283 1877 in
3323 1796 3696 1877 .Marcellimi

305 1867 453 1924 tinio
482 1867 731 1935 censuit,
766 1867 954 1938 ipsum
1002 1867 1283 1923 Victorem
1294 1881 1523 1938 papam
1542 1882 1692 1937 esse,
1720 1868 1816 1936 qui
1842 1868 1952 1925 hoc

305 1940 399 1995 die
432 1938 487 1993 in
514 1937 839 2004 Hieronvm.
865 1937 1203 1994 celebratur
1229 1957 1240 1991 :
1267 1937 1481 2007 quibus
1502 1938 1822 1994 subscribit
1846 1939 1954 1993 Til-

306 2009 641 2065 lemontius.
678 2008 929 2063 Victoris
959 2007 1144 2063 Vitam
1182 2023 1283 2079 per
1303 2013 1436 2064 octo
1460 2009 1745 2065 articulos
1775 2009 1953 2065 dedu-

304 2095 447 2137 cens
477 2085 633 2135 tomo
665 2080 756 2146 Ill,
793 2094 820 2133 a
856 2093 982 2148 pag.
1020 2082 1138 2133 100.
1194 2080 1404 2147 Pagius
1452 2079 1523 2134 ad
1576 2094 1786 2135 annum
1835 2094 1947 2143 cei,

305 2165 462 2207 num.
496 2155 546 2218 5,
581 2151 675 2204 vix
706 2150 878 2221 audet
912 2149 1061 2204 diem
1085 2148 1282 2221 obitus
1305 2149 1566 2205 deﬁnire.
1594 2149 1950 2221 licetaperte

304 2224 614 2292 supponat,
661 2222 715 2275 in
769 2219 1228 2292 Hieronymianis
1286 2221 1571 2292 Victorem
1608 2219 1832 2292 papam
1879 2236 1950 2292 xx

307 2290 526 2363 Aprilis
554 2290 903 2363 annuntiari.
939 2290 1242 2363 variorum
1274 2290 1576 2363 opiniones
1607 2290 1707 2363 hic
1731 2291 1946 2363 cursim

304 2360 670 2432 attingimus,
705 2362 775 2417 ad
808 2375 984 2417 xxvm
1012 2360 1147 2417 Julii
1198 2361 1253 2415 in
1307 2360 1468 2417 Actis
1515 2360 1945 2418 examinandas.

305 2434 423 2489 Nos
454 2432 707 2499 interim,
742 2436 803 2487 ut
854 2446 1006 2503 saepe
1060 2432 1404 2503 monuimus,
1456 2432 1781 2503 usuardum
1827 2433 1949 2488 sive

303 2509 623 2573 errantem,
650 2503 773 2558 sive
795 2501 1393 2574 vera’praedicantem,
1415 2502 1630 2558 nativis
1651 2501 1952 2559 coloribus

2061 1864 2724 1947 t_ransm_i_i_ta‘verin_t,non
2746 1870 2930 1947 habeo
2953 1871 3103 1926 unde
3121 1868 3429 1947 conjiciam
3457 1864 3690 1947 :scripsi

2059 1935 2667 2021 {Marcellitquoniam
2689 1941 3087 2021 ita-scriptum
3119 1935 3371 2021 invenio...
3399 1939 3463 2021 In
3488 1935 3692 2021 codice

2063 2008 2423 2081 HerinienSi,
2449 2016 2508 2067 ut
2538 2011 2651 2080 jam
2687 2008 2957 2081 iudicavi,
2988 2011 3242 2079 desuper
3282 2008 3565 2079 adiectam
3614 2008 3695 2081 vi-

2063 2080 2200 2135 dere
2222 2085 2312 2136 est
2336 2081 2613 2149 syllabam
2638 2084 2721 2145 ni,
2745 2082 2845 2138 sed
2871 2080 3184 2138 reCentiori
3204 2085 3261 2135 et
3285 2081 3611 2149 atramento
3635 2080 3691 2133 et

2059 2150 2300 2222 calamo.
2351 2146 2484 2208 limo
2535 2169 2638 2222 pro
2687 2152 2955 2209 laterculi
2991 2154 3262 2222 primzeva
3303 2146 3692 2222 isimplicitate

2060 2221 2217 2294 dicta
2241 2222 2356 2294 sint
2381 2219 2547 2281 satisi
2575 2229 2894 2294 sequantur
2918 2219 3559 2294 Wandalbertipriores
3574 2219 3692 2274 bini

2059 2291 2356 2362 versiculi,
2383 2294 2479 2364 qui
2512 2291 2902 2349 Marcellinum
2936 2298 2995 2349 et
3025 2293 3218 2349 socios
3249 2291 3570 2357 celebrant,
3598 2305 3697 2361 po-

2060 2364 2339 2420 steriores
2368 2365 2483 2420 duo
2517 2365 2573 2418 in
2603 2365 2893 2421 Auctariis
2926 2364 3313 2433 subiiciantur
3347 2381 3358 2415 :

2244 2459 2579 2513 Marcellinus,
2610 2459 2869 2512 Dominus,
2902 2459 3199 2504 Vincentius
3228 2461 3397 2513 atque,

2243 2521 2455 2565 Nomine
2483 2522 2563 2567 bis
2597 2533 2768 2566 senem
2799 2520 2997 2565 radiant
3025 2522 3251 2577 festoque
3272 2520 3486 2576 ﬁdeque.

1816 2618 2189 2675 AUCTARIA.

377 2716 477 2771 Est
510 2715 564 2769 in
596 2715 865 2781 Panem,
901 2714 971 2769 ad
1004 2712 1341 2782 marginem,
1379 2712 1431 2767 ni
1484 2711 1672 2781 fallor,
1723 2712 1947 2782 adjecta

310 2784 642 2841 «revelatio
673 2800 887 2855 corpus
916 2784 1100 2841 sancti
1135 2783 1364 2855 Georgii
1398 2782 1791 2855 Bethleemici,
1835 2798 1952 2855 mo:

305 2856 473 2912 nachi
508 2860 563 2911 et
597 2853 889 2925 martyris,
922 2860 981 2911 et
1014 2854 1200 2910 sancti
1222 2854 1487 2910 Venantii
1511 2854 1761 2924 abbatis,
1792 2876 1817 2901 ιι
1847 2853 1950 2909 sed

306 2926 635 2996 hujusmodi
669 2925 997 2982 additiones
1032 2924 1372 2997 plerumque
1406 2925 1767 2997 negligimus.

378 2995 693 3052 PULSANEN.
727 3002 786 3051 et
810 2995 1111 3052 Lovaman.
1142 2995 1379 3052 ultimas
1409 2999 1609 3051 textus
1644 2995 1827 3051 lineas
1858 2995 1952 3050 de-

307 3072 607 3139 truncant,
643 3067 903 3139 sistendo
935 3067 988 3122 in
1022 3068 1276 3139 episcopi
1305 3067 1363 3123 et
1395 3068 1764 3139 confessoris,
1820 3081 1953 3137 sup-

308 3138 535 3210 pressis
578 3137 834 3209 reliquis.

381 3206 1107 3277 Asruanrq‘Max-Luaac.
1139 3207 1264 3279 puri
1290 3212 1447 3279 sunt,
1472 3208 1572 3279 sed
1600 3207 1654 3263 in
1681 3207 1793 3263 fine
1814 3206 1956 3276 adji-

306 3280 472 3336 ciunt
506 3298 519 3335 :
551 3303 574 3327 σι
619 3279 995 3349 Antisiodori,
1031 3277 1216 3334 saneti
1249 3277 1502 3334 Mariani.
1529 3300 1571 3349 »ί
1595 3279 1711 3335 Hoc
1750 3293 1953 3349 nomen

309 3350 473 3405 varie
498 3354 717 3406 tortum
740 3355 800 3405 et
820 3348 1204 3406 deformatum
1228 3353 1339 3417 est,
1362 3363 1471 3405 non
1493 3348 1678 3405 solum
1711 3350 1761 3404 in
1796 3348 1955 3405 codi-

306 3421 479 3478 cibus
512 3420 751 3491 nostris,
784 3420 886 3476 sed
927 3419 1101 3475 etiam
1132 3419 1187 3491 in
1223 3419 1701 3491 Hieronymianis,
1737 3420 1806 3476 de
1839 3434 1953 3489 quo

308 3492 443 3548 vide
476 3489 913 3549 Florentinium.
958 3489 1322 3547 Castellanus
1368 3489 1569 3547 censet
1622 3490 1951 3560 legendum,

308 3568 374 3619 ut
408 3562 500 3617 hic
530 3563 796 3619 habetur.

384 3634 871 3703 Ameana-Max,
906 3634 1270 3702 ULTRAJECT.,
1313 3632 1578 3700 Lernam,
1628 3630 1811 3703 editio
1856 3631 1956 3703 UL:

307 3706 656 3776 rana-Bato.
694 3698 881 3776 textui
911 3718 1058 3776 puro
1086 3698 1281 3776 etiam
1296 3698 1697 3776 subiungunt;
1730 3723 1754 3748 α
1788 3698 1953 3776 Apud

311 3774 746 3832 Antisiodorum
780 3770 1070 3847 depositio
1099 3772 1282 3829 sancti
1315 3770 1587 3829 Marciani
1624 3771 1735 3896 [rita
1776 3770 1957 3850 multi

311 3846 599 3896 sim-ibunt.
630 3861 735 3896 mo
768 3844 1023 3896 Marianil
1058 3843 1385 3896 nresbvteri
1427 3850 1481 3896 et
1512 3857 1618 3896 con
1649 3854 1892 3896 essoris.
1923 3861 1948 3887 ιο

305 3846 600 3917 scribunt,
620 3861 735 3918 pro
767 3840 1038 3918 Mariam}
1058 3843 1385 3918 presbyteri
1427 3850 1481 3897 et
1512 3840 1892 3918 confessoris.
1923 3861 1948 3887 ι»

386 3913 690 3973 ALBEBCEN
721 3921 781 3971 et
803 3913 1081 3971 Dulciin
1108 3913 1382 3970 Auctario
1406 3928 1533 3969 cum
1558 3914 1787 3969 duobus
1813 3924 1956 3981 pree-

306 3987 659 4044 cedcntibus
689 3987 1059 4054 conveniunt,
1095 3985 1194 4042 sed
1228 3984 1413 4041 sancti
1458 3985 1709 4040 Victoris
1738 3997 1955 4038 annun-

309 4058 616 4114 tiatiouem
646 4056 917 4113 differunt
951 4072 1129 4112 xxvm
1156 4055 1312 4112 Julii.

383 4130 720 4207 (inmunem,
768 4128 821 4182 in
871 4128 1107 4207 Victore
1152 4141 1377 4207 pu‘rus,‘
1403 4125 1479 4207 ita
1501 4122 1952 4207 "prosequitur;

312 4220 341 4251 «
366 4201 509 4255 item
542 4194 757 4267 Romae,
784 4202 1115 4255 sanctorum
1149 4194 1378 4267 Sulpitii
1411 4200 1468 4251 et
1500 4194 1822 4251 Serviliani.
1859 4194 1954 4267 qui

309 4271 553 4327 hortatu
589 4263 773 4325 beatae
807 4269 1013 4324 Flaviae
1044 4263 1351 4323 Domitillae
1382 4267 1452 4323 ad
1487 4268 1653 4322 fidem
1686 4263 1954 4321 conversi

308 4344 373 4397 et
406 4355 512 4411 pro
545 4339 770 4411 Christi
793 4352 987 4411 amore
1019 4341 1129 4395 sub
1164 4337 1474 4411 Aureliano
1511 4334 1771 4411 [Aniano]
1798 4334 1954 4406 passi

311 4408 473 4467 sunt.
509 4410 890 4480 Antisiodori,
923 4416 1257 4466 sanctorum
1289 4408 1691 4464 confessorum
1726 4408 1959 4461 Mamer-

309 4482 421 4537 tini
455 4484 511 4536 et
544 4480 778 4536 Mariani
811 4482 1309 4552 presbyterorum.
1337 4503 1362 4527 η

387 4546 835 4621 Amoene-Mai.
885 4565 915 4606 a
983 4546 1350 4621 CENTULENSI,
1401 4549 1599 4621 phrasi
1666 4546 1961 4619 paululum

310 4622 530 4678 differt.
566 4624 678 4678 Pro
703 4620 1074 4692 Mamertini,
1108 4621 1314 4677 scribit
1338 4620 1621 4692 Martini.

387 4694 743 4749 BRUXBLLEN.
772 4694 843 4749 de
867 4689 1100 4749 Victore
1123 4692 1281 4748 addit
1312 4711 1323 4745 :
1355 4715 1379 4740 ει
1399 4691 1501 4747 Hie
1526 4689 1835 4745 terminum
1859 4690 1960 4744 Pa-

311 4762 594 4833 schalem,
612 4768 670 4819 et
693 4764 845 4834 quod
869 4764 1086 4820 Pascha
1115 4778 1344 4834 semper
1366 4762 1420 4817 in
1445 4759 1848 4834 dieDominica
1870 4775 1964 4815 ce-

312 4832 585 4891 lebretur
604 4832 877 4891 instituit.
906 4855 934 4887 »
961 4836 1018 4889 In
1044 4832 1294 4889 secunda
1320 4832 1758 4889 annuntiatione
1783 4845 1964 4902 purus

311 4911 426 4982 est.
462 4907 523 4961 ln
562 4906 732 4982 tertia
757 4919 825 4961 ex
850 4906 1046 4982 Adon;
1072 4904 1367 4982 subiungit
1394 4924 1405 4958 :
1437 4927 1461 4982 ες
1485 4905 1567 4959 Ita
1593 4908 1653 4958 ut
1682 4902 1964 4982 baptiste-

313 4977 489 5044 rium,
525 4976 679 5048 quod
716 4976 839 5046 ipse
873 4977 1020 5048 apud
1050 4972 1572 5048 praal'atainurbein
1596 4972 1881 5048 condidit,
1907 4972 1961 5048 in

312 5043 711 5105 sacresa’nctis
740 5043 1204 5103 Paschalis'festi
1236 5045 1473 5115 vigiliis,
1509 5044 1701 5099 divina
1744 5043 1962 5099 virtute

312 5117 568 5186 singulis
580 5117 765 5187 annis,
782 5118 947 5187 aquis
961 5118 1176 5173 subitis
1192 5117 1525 5186 inundetur,
1544 5120 1603 5171 et
1620 5129 1723 5187 per
1740 5119 1961 5184 septem

312 5188 580 5257 ejusdem
614 5187 1044 5245 soleumnitatis
1074 5188 1199 5244 dies
1226 5187 1414 5258 gratia
1447 5188 1813 5258 exuberante
1841 5199 1965 5255 per-

312 5256 567 5330 manciat.
607 5260 769 5330 Apud
791 5256 1264 5330 Antisiodoruui,
1300 5264 1631 5314 sanctorum
1675 5256 1966 5312 confesso—

315 5343 446 5385 rum
480 5328 801 5384 Mamertini
830 5332 899 5399 et
920 5329 1189 5385 Marciani
1223 5330 1780 5399 presbyteroruin._»

389 5400 754 5470 memoras.
791 5398 993 5470 incipit
1021 5419 1031 5453 :
1062 5419 1089 5451 «
1113 5399 1173 5453 In
1205 5397 1643 5455 Missia‘sanctee
1673 5397 1969 5470 liiltegun-

315 5469 410 5527 dis
443 5469 764 5540 virginis.»
793 5469 1068 5540 Sequitur
1114 5471 1276 5540 totus
1324 5473 1525 5525 textus
1572 5469 1719 5524 satis
1761 5482 1964 5540 purus,

312 5541 493 5597 Tum:
529 5538 558 5592 (ξ
592 5538 1031 5610 Anthisiodoro,
1056 5539 1243 5610 sancti
1268 5540 1530 5595 Martiani
1567 5538 1961 5610 presbyteri.-

311 5613 438 5667 Jam
464 5612 718 5667 diximus
741 5611 949 5668 melius
970 5610 1164 5667 vocari
1182 5609 1473 5666 Mariam.
1506 5634 1530 5658 α
1554 5609 1614 5664 in
1636 5609 1965 5679 Ycomedia,

314 5687 655 5739 sanctorum
690 5682 899 5753 Sevclii
932 5687 991 5738 et
1019 5679 1372 5753 Theophanti
1401 5698 1412 5737 :
1444 5680 1479 5734 ii
1511 5684 1647 5737 sunt
1698 5679 1968 5753 translati

315 5754 374 5808 in
409 5753 624 5814 Cellam
656 5752 886 5808 Ratolii.
920 5772 946 5804 ››
981 5751 1258 5809 δὶηιησιιὶ
1294 5752 1537 5809 fortasse
1560 5751 1860 5822 .Synesius
1910 5757 1965 5807 et

324 5824 745 5898 Theopompus,
781 5823 914 5880 vide
937 5824 991 5879 in
1020 5823 1207 5882 indice
1229 5823 1763 5882 Prmtcrmissorum
1789 5827 1845 5879 et
1874 5838 1968 5880 xxx

1986 3172 2034 3235 C

2061 2714 2206 2770 Maii.
2237 2714 2535 2784 Synesium
2558 2712 2805 2784 aliquem
2833 2713 3003 2769 hodie
3036 2712 3193 2769 canit
3213 2712 3691 2769 Wandalbertus:

2248 2826 2489 2879 Feslaque
2519 2824 2717 2879 Synesii
2747 2822 3065 2869 celebrantur
3092 2824 3332 2880 martyris
3362 2824 3496 2876 almi,

2248 2887 2503 2932 Pontiﬁcis
2530 2887 2693 2941 titulo,
2721 2887 2948 2932 doctrina
2978 2891 3031 2931 et
3058 2892 3212 2932 morte
3247 2886 3397 2932 beati.

2136 2996 2216 3065 Ita
2241 2993 2473 3065 quidem
2495 2996 2662 3065 poeta
2687 2993 3136 3065 martyrologus,
3154 2993 3254 3050 sed
3283 2994 3526 3051 necdum
3553 2992 3699 3065 satis

2062 3063 2415 3137 explicatum
2459 3063 2719 3137 invenire
2755 3063 2939 3137 licuit,
2981 3063 3241 3137 quis'ille
3271 3065 3567 3137 Synesius
3596 3064 3693 3137 sit,

2062 3134 2335 3207 episcopi
2364 3138 2423 3207 et
2456 3134 2748 3206 martyris
2795 3134 3343 3207 titulofinsignitus’.
3380 3137 3501 3191 Non
3534 3135 3699 3207 lubet

2066 3204 2360 3278 hariolari,
2386 3204 2594 3261 doceat
2619 3204 2750 3276 nos,
2786 3207 2880 3277 qui
2915 3206 3089 3263 talem
3118 3204 3444 3278 Synesiam
3459 3206 3694 3278 uspiam

2065 3276 2372 3349 repererit.
2402 3278 2571 3331 Forte
2593 3276 2932 3349 corruptum
2955 3278 3094 3333 furit
3116 3276 3341 3347 nomen,
3369 3277 3471 3349 sed
3506 3276 3696 3349 ethoc

2065 3347 2229 3419 teque
2252 3347 2536 3419 incertum
2558 3352 2648 3403 est
2667 3365 2682 3415 ;
2705 3347 3034 3419 ut‘proinde
3050 3348 3237 3407 satius
3253 3349 3354 3418 sit,
3376 3347 3597 3418 aliquid
3617 3347 3699 3404 lu-

2068 3418 2237 3475 minis
2266 3417 2535 3474 alicunde
2560 3417 2927 3489 exspectare.

2138 3490 2467 3561 Aouicmcr.
2522 3488 2605 3545 sic
2637 3488 2844 3561 incipit
2888 3510 2900 3545 :
2943 3512 2968 3539 ‹‹
3008 3492 3221 3560 Romae,
3269 3490 3483 3547 natalis
3513 3489 3697 3561 sancti

2066 3560 2319 3639 Victoris
2341 3574 2525 3639 papa},
2550 3560 2648 3639 qui
2680 3560 2815 3639 poet
2847 3562 3080 3639 beatum
3104 3563 3341 3639 Petrum
3365 3561 3581 3639 tertius
3606 3560 3702 3616 de-

2066 3630 2271 3695 cimus,
2291 3628 2443 3683 rexit
2474 3628 2795 3684 Ecclesiam
2827 3631 2994 3684 annis
3027 3629 3227 3685 decem
3260 3635 3320 3685 et
3348 3632 3458 3686 sub
3489 3631 3701 3686 Severo

2069 3700 2328 3773 principe
2358 3698 2637 3773 martyrio
2661 3704 2997 3773 coronatur.
3016 3700 3119 3773 Hic
3139 3701 3466 3773 constituit,
3489 3704 3551 3755 ut
3575 3713 3701 3755 san-

2065 3768 2221 3827 ctum
2254 3768 2472 3824 Pascha
2507 3782 2736 3839 semper
2759 3768 2852 3825 die
2874 3770 3170 3826 Dominico
3188 3768 3613 3837 celebraretur,
3639 3774 3700 3825 et

2070 3855 2111 3921 a.
2133 3839 2330 3910 quinta
2364 3839 2585 3919 decima
2609 3839 2741 3922 iuna
2775 3840 2942 3922 primi
2978 3840 3421 3922 meansis,_.usqlue
3446 3840 3517 3922 ad
3546 3841 3700 3922 vigef

2067 3911 2263 3967 simam
2296 3910 2540 3980 primam
2575 3911 3008 3966 observaretur.
3047 3910 3363 3967 Constituit
3409 3912 3582 3967 etiam
3637 3916 3700 3965 ut

2068 3979 2722 4052 necessitatevfaciente,
2757 3981 2881 4037 sive
2914 3982 2968 4036 in
3004 3982 3257 4052 ﬂumine,
3294 3983 3415 4038 sive
3445 3982 3499 4036 in
3532 3980 3696 4052 mari,

2068 4066 2170 4109 seu
2206 4051 2261 4105 in
2292 4050 2570 4121 fontibus,
2604 4052 2712 4108 sub
2759 4052 3107 4109 Christiania
3155 4050 3546 4122 confessione,
3580 4050 3701 4122 qui-

2068 4136 2314 4193 cumque
2334 4122 2645 4192 hominum,
2661 4138 2733 4194 ex
2754 4123 3073 4194 gentilibus
3097 4124 3418 4193 venientes,
3447 4124 3702 4194 baptiza-

2072 4198 2341 4267 renturip
2370 4194 2501 4267 iitec
2525 4208 2597 4267 ex
2619 4193 2813 4264 aliquo
2839 4193 3056 4250 Adonis
3081 4194 3325 4251 auctiori
3345 4193 3696 4267 apogr’apho,

2068 4265 2161 4321 vel
2187 4280 2257 4320 ex
2281 4264 2536 4320 Notkero
2567 4264 2873 4335 desumpta
2906 4271 3059 4322 sunt.

2138 4338 2501 4406 DAVERONEN.
2531 4353 2542 4390 :
2576 4352 2605 4384 «
2639 4333 3033 4406 AntiSiodoro,
3067 4337 3253 4393 sancti
3287 4335 3537 4391 Martini.
3574 4357 3598 4381 ι»
3636 4336 3699 4389 Et

2071 4407 2154 4462 sic
2185 4406 2360 4462 habet
2400 4405 2573 4460 etiam
2609 4407 2934 4469 AQUICINCT.
2972 4423 3168 4478 supra.

2140 4475 3095 4535 Manrmc.-Cnnruns.-Umnuac‘r.
3135 4497 3146 4531 :
3189 4499 3214 4525 α
3256 4475 3509 4531 Victoris
3540 4490 3703 4546 papae

1996 4535 2043 4594 Ι)
2073 4552 2132 4604 et
2163 4547 2456 4618 martyris.
2491 4547 2810 4604 Mamertini
2843 4549 3093 4605 abbatis.
3147 4546 3383 4603 Maciani
3422 4535 3699 4618 [Mariani]

2087 4618 2418 4675 iresbvteri.
2446 4638 2468 4669 η

2087 4636 2418 4675 iresnvteri.
2446 4638 2468 4669 ν

2073 4636 2085 4769 l_
2142 4675 2436 4769 Variana,
2472 4705 2625 4769 num:
2661 4693 2836 4769 5949;
2873 4707 2900 4769 «_
2928 4691 3069 4769 item
3094 4690 3316 4769 Romae,
3342 4687 3439 4769 via
3468 4688 3708 4769 Numen-

2074 4766 2573 4831 tana,sanctorum
2600 4759 2826 4816 Aralaci
2849 4764 2908 4814 et
2927 4761 3181 4831 Donatae.
3201 4780 3227 4811 »
3251 4758 3394 4831 Vide
3418 4762 3597 4831 totam
3620 4772 3707 4812 co-

2075 4828 2394 4901 hortein,et
2431 4830 2599 4903 primi
2635 4845 2841 4903 nomen
2874 4835 3032 4903 recte
3064 4830 3348 4903 scriptum
3375 4830 3428 4883 in
3457 4828 3634 4903 Actis.

2144 4898 2489 4958 UGHELLIAN.
2519 4920 2531 4955 :
2567 4919 2595 4952 «
2627 4901 3051 4972 Antissiodoro,
3087 4898 3281 4972 sancti,
3308 4898 3589 4972 Martiani.
3618 4920 3642 4944 ι»

2145 4975 2478 5029 FLOBENTIN.
2509 4990 2521 5027 :
2550 4991 2581 5023 «
2609 4970 3238 5041 Antissiodori,'sancti
3268 4970 3552 5026 Martiani.
3582 4993 3605 5016 ι»

2147 5046 2439 5100 DIVIONEN.
2466 5040 3705 5114 ecclesiaisanctiStephaniJAntissiodori,

2075 5120 2415 5192 sanctorum
2438 5115 2836 5192 confessornm
2869 5110 3188 5192 Maine'etini
3226 5110 3549 5192 et_Mariani
3585 5126 3710 5192 pre-

2078 5184 2320 5257 sbyteri.
2356 5185 2423 5238 Et
2458 5184 2768 5241 translatio
2802 5189 3019 5257 sanctae
3052 5184 3356 5257 Exuperize
3388 5181 3651 5257 virginis.
3680 5201 3707 5232 »

2078 5252 2224 5325 Lege
2252 5257 2705 5326 Emaperantice,
2735 5260 2797 5311 ut
2820 5256 2985 5311 infra.
3011 5252 3233 5311 Colitur
3254 5252 3636 5326 xxviAprilis.

2148 5323 2411 5382 Remens.—
2433 5323 2699 5383 ecclesia)
2728 5326 2820 5381 SS.
2855 5326 3135 5381 Timothei
3167 5329 3226 5382 et
3254 5323 3714 5397 ApolliuTrans-

2079 5397 2217 5453 latio
2247 5397 2519 5469 corporis
2552 5402 2770 5453 sanctae
2802 5397 3209 5467 Exuperantia:
3241 5396 3503 5469 virginis.
3550 5418 3575 5443 ιν

2149 5466 2756 5524 Είίἰῐίο’[.υιςεί;ο-(Ζοι.
2789 5468 3079 5525 Victorem
3115 5467 3364 5524 remittit
3413 5466 3481 5524 ad
3536 5477 3712 5522 xxvm

2076 5538 2231 5595 Julii.
2260 5538 2465 5611 Altera
2509 5542 2709 5611 textus
2756 5554 2895 5611 pars
2939 5538 3084 5595 satis
3129 5554 3271 5611 pura
3306 5544 3423 5611 esti
3458 5539 3519 5592 In
3558 5537 3707 5589 fine:

2083 5633 2107 5657 «
2144 5607 2578 5681 Anthisiodoro,
2597 5607 2888 5681 depositio
2918 5607 3249 5667 sanctorum
3286 5609 3708 5671 confessorum,

2081 5679 2408 5755 Mamertini
2432 5682 2489 5734 et
2521 5679 2756 5755 Mariani
2792 5682 3337 5755 presbyterorum.»
3482 5745 3492 5755 ⁸
3629 5746 3637 5755 _

2155 5754 2371 5826 BELIN.,
2396 5749 2452 5805 in
2476 5749 2680 5807 ultima
2713 5747 3156 5809 annuntiatione
3180 5747 3494 5826 Marceilini
3517 5747 3713 5826 socios

2081 5817 2401 5895 expunxit’;
2430 5827 2645 5879 caetera
2675 5837 2857 5895 purus
2901 5829 3013 5882 est.
3066 5826 3125 5879 lu
3178 5822 3288 5877 fine
3319 5817 3484 5875 addit
3531 5817 3714 5890 prima
