3966 6424
1131 452 3243 467 thmh
3273 458 3335 467 —~
3356 457 3383 467 ι.

102 448 2345 505 μ-ξ-ἠ-
1282 497 1741 506 .....____._..-n-

374 686 631 799 FB.
718 686 833 799 J.
931 686 1059 797 F.
1162 684 1586 798 BERN.
1684 686 2190 797 MABUE
2282 686 2466 873 Dii
2556 688 3070 804 RUBEIS

1129 982 1516 1047 ORDINIS
1558 986 2328 1049 PBEDIOATORUM

587 1194 703 1256 DE
739 1193 1371 1258 THEOPHYLACTI
1420 1193 1854 1256 BULGARIIE
1903 1194 2529 1261 ARCHIEPISCOPI
2570 1199 2870 1271 GESTIS.

1323 1456 1604 1503 SCRIPTIS
1652 1460 1730 1503 AC
1777 1460 2130 1514 DOCTRINA,

894 1676 1407 1744 DEQUEVVENETA
1442 1682 1710 1736 OPERUM
1745 1683 1901 1735 EJUS
1934 1687 2192 1740 OMNIUM
2230 1689 2562 1751 EDITIONE,

1222 1900 2207 1995 .DISSEII'I'ATIO

1710 2268 1761 2328 Ι.

89 2418 431 2500 Scriptores
465 2419 590 2498 qui
641 2416 1181 2499 Theophylactum
1210 2422 1648 2500 sarculonono
1675 2418 1978 2499 ﬂoruisse
2007 2427 2327 2481 asserunt.
2354 2419 2863 2500 Anachronismi
2891 2436 3086 2500 cgnitsa
3105 2465 3120 2491 ,
3149 2428 3406 2498 sumpta

146 2496 225 2559 ei
250 2496 592 2580 episcopo,
631 2496 1096 2580 quaminomine
1128 2497 1596 2579 Theophylactt'
1644 2496 1935 2580 necatum
1965 2508 2229 2580 putant,
2258 2498 2471 2561 eodem
2502 2501 2734 2559 saeculo
2781 2499 2864 2560 ad
2895 2496 3215 2577 Bulgaros
3249 2496 3401 2560 eru-

147 2576 408 2641 dicitde:
443 2576 685 2639 risisse.
716 2576 843 2639 Sed
875 2596 943 2638 eo
976 2580 1186 2657 ipsum
1219 2576 1478 2639 nobisne
1512 2576 1907 2658 appellatum
1936 2576 2138 2660 fhisse
2176 2596 2308 2638 non
2360 2587 2636 2639 constat.

148 2725 212 2802 [l]
252 2725 309 2786 1.
334 2724 671 2787 Ρι-ωνὶδω
707 2723 787 2786 ad
818 2737 1013 2802 Opera
1049 2722 1521 2803 TheOphylacti
1552 2722 1876 2803 Bulgariae
1905 2723 2412 2803 archiepiscOpi,
2444 2741 2592 2805 quae
2617 2740 2759 2785 Sive
2784 2722 3099 2786 hactenus
3128 2740 3402 2797 excusa,

90 2823 198 2884 sire
226 2823 539 2886 nondum
570 2821 779 2903 redita,
809 2821 983 2903 typis
1002 2821 1273 2884 Venetis
1297 2823 1515 2885 Graece
1548 2822 1855 2900 etLLatine
1884 2820 1952 2883 in
1984 2821 2193 2884 lucem
2232 2821 2564 2901 prodeunt
2595 2820 3402 2896 omnia,Dissertationem

99 2937 187 2995 pro
245 2924 542 3001 munere
606 2920 949 2997 imposito,
979 2935 1231 3001 proque
1266 2936 1412 2982 mea
1443 2919 1615 2982 virili
1649 2919 2141 2993 elucubraturo,
2177 2919 2568 2999 diligentius
2600 2919 2681 2982 de
2742 2927 3036 2999 tempore
3070 2921 3403 2999 agendum

90 2998 473 3169 Meo
536 3016 705 3079 mihi
737 3024 860 3087 est,
897 2998 1028 3097 quo
1074 2998 1268 3079 vitam
1309 3018 1541 3096 agebat
1570 3016 1709 3089 ille,
1741 3015 2104 3098 ﬂoruitque
2166 2998 2347 3080 sacra
2396 3016 2780 3080 eruditione
2828 2998 2901 3079 ac
2937 3016 3399 3097 dignitatibus.

116 3115 275 3169 ἐνίει
310 3117 666 3169 feruntur-
707 3116 897 3169 longe
942 3115 1200 3169 late.an
1234 3115 1684 3169 discrenantns
1712 3115 1884 3169 inter
1924 3131 2018 3169 se-
2057 3114 2668 3169 hihlinqranhnrnm
2724 3112 3207 3169 scrintm-nmve
3250 3130 3399 3169 sen-

78 3112 275 3179 ’Ῡειινὶω
310 3117 666 3191 feruntur,
706 3116 897 3195 longe
942 3115 1200 3196 lateque
1234 3115 1684 3196 discrepantes
1711 3115 1884 3178 inter
1924 3131 2018 3191 se,
2057 3114 2668 3197 bibliographorum
2724 3112 3207 3193 scriptorumve
3250 3130 3405 3176 sen-

93 3216 301 3279 tentias.
343 3217 574 3277 Fuere
627 3213 805 3292 apud
837 3212 1164 3274 Labheum
1203 3211 1272 3275 in
1310 3214 1787 3276 Dissertatione
1840 3213 2179 3289 historica,
2223 3214 2368 3293 qui,
2402 3214 2702 3293 EutrOpii
2739 3216 3123 3276 auctoritate
3157 3221 3400 3277 temere

94 3312 394 3389 advocata,
433 3312 1014 3391 Theophylactum
1051 3310 1223 3373 circa
1247 3328 1494 3374 annum
1535 3311 1775 3375 Christi
1800 3311 1921 3373 760
1952 3310 2384 3375 collocarunt.
2419 3312 2600 3374 Hanc
2625 3311 2956 3374 indicasse
2983 3310 3400 3390 Opinionem,

99 3408 266 3483 ipsam
302 3418 409 3471 est
444 3408 671 3470 solide
707 3407 1052 3471 refutasse.

158 3509 488 3571 Antonius
516 3508 929 3569 Possevinus
952 3506 1020 3568 in
1048 3508 1392 3588 Apparatu
1424 3526 1609 3570 sacro
1640 3514 1819 3571 tomo
1856 3507 1913 3568 Il
1952 3525 1966 3569 :
2001 3528 2029 3562 α
2078 3506 2278 3582 Vixit,
2308 3507 2552 3587 inquit,
2588 3507 2755 3570 circa
2790 3524 3035 3570 annum
3067 3508 3406 3587 octingen-

100 3605 376 3667 tesimum
414 3614 482 3665 et
518 3604 1033 3683 sexagesimum,
1069 3629 1095 3659 η
1123 3622 1260 3683 quo
1293 3605 2094 3684 ConstantinOpolitanum
2132 3605 2485 3683 imperium
2516 3607 2773 3668 tenebat
2804 3606 3082 3669 Michael
3115 3606 3405 3686 Porphy-

102 3704 445 3780 rOgenitus,
470 3699 681 3779 hujus
704 3700 994 3761 nominis
1022 3704 1287 3763 tertius.
1315 3702 1535 3779 Ipsum
1572 3711 1864 3764 recenset
1894 3703 1969 3764 ad
1991 3719 2236 3764 annum
2268 3702 2887 3782 octingentesimum
2920 3703 3401 3781 oetogesimum

102 3798 362 3873 tertium,
398 3796 776 3875 imperante
806 3795 1047 3858 Basilio
1078 3796 1256 3859 dicto
1281 3796 1651 3873 Macedone,
1687 3800 2124 3878 Marquardus
2146 3799 2476 3862 Freherus
2500 3799 2568 3863 in
2606 3817 2725 3862 sua
2756 3800 3222 3880 Chronologia,
3253 3820 3404 3882 quas

104 3898 406 3967 immissa
480 3900 728 3973 prostat
795 3895 937 3955 Juri
1000 3896 1554 3959 Grmco-ltomano
1593 3912 1672 3958 ex
1723 3896 2029 3975 pluribus
2084 3897 2509 3959 bibliothecis
2578 3904 2792 3970 eruto,
2833 3896 3192 3977 Latineque
3243 3900 3396 3959 red-

102 3994 207 4054 Jito
243 4011 272 4055 a
307 3994 588 4055 Joanne
631 3989 1033 4053 Leunclavio
1070 4014 1086 4053 :
1126 4000 1196 4054 et
1231 3995 1355 4054 hoc
1412 3994 1605 4054 etiam
1668 3999 1959 4073 tempore
1996 3996 2305 4059 ﬂoruisse
2365 3994 2954 4075 TheOphyIactum,
2988 3995 3220 4074 opinio
3250 3994 3404 4057 .fuit

105 4090 359 4171 Philippi
433 4089 710 4151 Mornaai
767 4090 829 4149 in
890 4089 1199 4153 Historia
1277 4100 1555 4170 papatus
1613 4107 1757 4172 pag.
1808 4094 1944 4156 187.
1994 4096 2306 4157 Numerat
2366 4093 2635 4155 demum
2696 4092 2921 4154 Sixtns
2964 4093 3276 4155 Senensis
3317 4094 3403 4157 fxi-

104 4190 188 4251 bro
216 4210 282 4253 iv
314 4189 749 4252 Bibliotheca:
771 4199 1025 4265 sancta,
1060 4213 1089 4246 α
1124 4208 1377 4252 annum
1415 4191 1681 4254 Domini
1712 4192 2290 4271 nongentesimum
2321 4194 2445 4254 sub
2484 4191 2825 4267 Michaele,
2857 4199 2930 4253 ut
2961 4191 3074 4264 ait,
3102 4201 3163 4253 et
3186 4192 3403 4254 Theo-

104 4284 223 4350 dore
267 4313 281 4351 :
324 4313 354 4345 ιι
405 4288 524 4348 ubi
565 4287 948 4349 chronicum
1008 4286 1313 4368 sphalma
1368 4287 1859 4366 apertissimum
1919 4298 2041 4363 est,
2075 4305 2224 4351 cum
2282 4288 2562 4352 Michael
2613 4289 2848 4352 tertius
2885 4304 3058 4351 anno
3096 4289 3220 4351 832
3250 4306 3400 4351 cum

102 4382 422 4451 Theodore
463 4394 669 4447 matre
703 4402 931 4465 regere
965 4385 1325 4466 imperium
1360 4387 1647 4462 cmperit,
1687 4388 2061 4467 rexeritque
2093 4388 2169 4449 ad
2207 4403 2455 4449 annum
2490 4403 2703 4464 usque
2727 4388 2873 4449 867.

160 4486 213 4545 2.
248 4486 321 4547 ln
362 4484 551 4546 hunc
583 4483 1019 4545 dueentorum
1053 4492 1113 4547 et
1150 4483 1445 4563 amplius
1483 4498 1800 4545 annorum
1838 4484 2211 4547 inciderunt
2242 4484 2820 4547 anachronismum
2855 4484 3209 4564 scriptores
3258 4485 3399 4555 alii,

106 4580 551 4647 immanissimi
588 4581 835 4642 erroris
878 4598 1135 4645 causam
1172 4583 1375 4646 simul
1406 4582 1794 4644 indicantes.
1831 4582 2186 4644 Annalium
2234 4599 2468 4661 parens
2511 4582 2833 4644 Baronius
2874 4585 2951 4643 ad
2996 4600 3242 4645 annum
3279 4584 3403 4645 870

106 4703 256 4749 num.
297 4687 441 4756 LII,
473 4683 696 4755 refert,
731 4683 1072 4763 Ignatium,
1114 4686 1299 4749 urbis
1335 4684 1532 4764 regias
1577 4681 2232 4757 Constantinopoleos
2266 4679 2713 4758 patriarcham,
2739 4679 2990 4742 auxilio
3015 4680 3241 4743 Basilii
3285 4683 3405 4743 im-

110 4785 431 4857 peratoris,
467 4783 538 4843 in
595 4781 916 4859 Bulgaria;
951 4780 1209 4844 misisse
1264 4781 1696 4860 provinciam,
1738 4802 1769 4837 α
1805 4788 2113 4858 tanquam
2147 4780 2226 4841 ad
2278 4778 2588 4841 Ecclesite
2653 4780 3406 4859 Constantinopolitanm

106 4880 414 4945 dimcesim
443 4879 901 4957 pertinentem.
925 4900 952 4933 ν
987 4887 1266 4941 creatum
1291 4898 1323 4941 a
1355 4894 1435 4941 se
1469 4879 1875 4957 episcopum,
1899 4894 2029 4940 una
2052 4894 2199 4939 cum
2231 4875 2380 4939 aliis
2410 4876 2691 4950 clericis,
2720 4894 2962 4956 «quem
2990 4880 3400 4943 nominatum

108 4975 294 5040 fuisse
326 4972 901 5053 The0phylactum
935 4974 1271 5039 afﬁrmant.
1319 5000 1346 5033 ι)
1390 4979 1485 5037 En
1530 4992 1681 5037 vero
1734 4975 1943 5036 datam
1985 4982 2446 5054 acceptamque
2491 4977 2749 5036 errandi
2792 4976 3203 5039 occasionem
3242 5002 3255 5039 :
3302 4990 3398 5041 te-

107 5089 257 5138 mere
286 5074 549 5138 scilicet
596 5079 857 5150 sumpto
891 5071 1381 5154 Theophylacto
1432 5073 1765 5151 episc0po,
1802 5074 1858 5134 si
1913 5070 2036 5134 fuit
2100 5073 2371 5151 quidem
2407 5088 2489 5134 eo
2528 5073 2635 5149 [ll]
2680 5076 2944 5136 nomine
3005 5077 3397 5153 appellatus,

107 5174 166 5235 ad
219 5188 457 5236 recens
515 5184 873 5232 conversos
906 5170 1215 5246 Bulgaros
1272 5172 1691 5244 transmisso,
1729 5186 1842 5248 pro
1892 5168 2393 5249 archiepiscopo
2446 5179 2673 5233 nostro
2705 5170 3219 5251 TheOphylacto,
3263 5191 3400 5254 quo

108 5272 167 5329 de
188 5270 471 5349 agimus.

170 5376 355 5435 Error
418 5370 527 5433 hic
578 5376 677 5431 est
727 5368 990 5431 Roherti
1052 5370 1482 5454 Chreygtoni,
1543 5369 1660 5451 qui
1697 5369 1867 5448 apud
1927 5367 2236 5432 Allatinm
2287 5368 2355 5431 in
2394 5372 2883 5433 Exercitatione
2921 5390 3004 5433 xv
3059 5374 3127 5436 in
3178 5376 3399 5455 ipsum

110 5466 561 5533 heterodoxum
624 5465 980 5543 hominem,
1046 5469 1207 5531 nihil
1272 5473 1584 5533 haesitans
1631 5468 1722 5531 ait
1765 5484 1908 5547 pag.
1966 5468 2082 5528 251
2152 5490 2169 5529 :
2213 5490 2243 5525 «
2283 5467 2554 5531 Photius
2622 5470 2940 5551 (Ignntius
2994 5474 3223 5535 habent
3257 5480 3399 5547 alii)

116 5565 729 5644 ...Theophylactum
790 5563 1595 5645 ConstantinOpolitanum
1627 5566 1697 5629 in
1739 5566 1920 5629 omni
1960 5565 2326 5630 litteratura
2363 5567 2930 5643 florentissimum,
2968 5581 3029 5633 et
3057 5590 3091 5634 a
3126 5580 3399 5651 perenni

116 5662 363 5727 lectione
408 5662 622 5724 sancti
671 5659 1144 5738 Chrysostomi,
1194 5680 1389 5743 quem
1451 5665 1525 5725 in
1564 5676 1833 5727 sucCum
1867 5672 1929 5727 et
1961 5667 2353 5746 sanguinem
2388 5676 2821 5737 converterat,
2853 5668 3400 5735 facundissimum

117 5761 376 5823 virum...
408 5778 489 5822 eo
526 5754 801 5828 direxit,
844 5778 874 5813 ι
910 5758 978 5818 in
1014 5758 1404 5841 Bulgariam.
1438 5760 1517 5825 In
1566 5764 1872 5825 eumdem
1904 5771 2091 5827 antea
2124 5768 2482 5846 impegerat
2516 5784 2801 5830 errorem
2838 5770 3065 5832 Petrus
3112 5773 3401 5835 Pithoeus

116 5858 163 5919 in
195 5858 475 5921 Historia
509 5856 982 5919 controversias
1013 5857 1093 5918 de
1122 5862 1550 5935 processione
1602 5862 1888 5939 Spiritus
1921 5864 2128 5924 sancti
2162 5886 2177 5925 :
2220 5888 2249 5920 η
2282 5865 2418 5926 Etsi
2453 5865 2531 5926 de
2565 5865 3033 5946 TheOphyIacti
3065 5879 3274 5946 aetate,
3302 5873 3401 5933 in-

279 5958 567 6023 Ριτιιυι.
602 5958 729 6019 Gn.
778 5958 1050 6020 CXXIII.
3046 5980 3071 6036 ι

1474 6124 2099 6235 1.158815
