3966 6398
633 405 694 471 11
1450 398 1676 461 BERN.
1721 394 1990 458 MARLE
2033 390 2127 454 DE
2172 387 2456 449 RUBEIS
2498 380 3009 447 DISSERTATIO
3818 369 3880 435 1‘2.

638 523 898 604 quiens,
938 536 1128 584 nemo
1168 519 1375 581 adhuc
1409 515 1578 595 quod
1613 512 1840 581 sciam,
1883 507 2041 569 certi
2077 504 2325 581 aliquid
2363 499 2737 579 prodiderit,
2770 516 2916 559 eum
2956 504 3161 559 tamen
3198 496 3319 556 sub
3366 492 3590 556 Photin
3668 488 3897 551 vixisse

632 590 704 682 ut
738 590 1136 698 probabilius
1166 590 1445 686 credam,
1478 618 1696 673 auctor
1729 606 1891 668 mihi
1924 614 2018 667 est
2048 603 2211 663 liber
2232 598 2494 679 quidam
2526 598 2815 671 Fratrum
2849 594 3336 656 Prmdicatorum
3363 598 3582 654 contra
3611 590 3889 655 Grmcos.

631 685 750 799 qui.
783 716 1333 795 TheOphylactum
1362 727 1397 771 a
1428 685 1656 770 Photio
1687 703 2011 785 quondam
2042 696 2391 778 patriarcha
2432 692 2726 772 Bulgaria
2761 693 3029 754 missum
3083 690 3301 753 habet.
3339 712 3369 746 ι
3404 685 3893 748 Pati-iarchatum

636 780 838 894 prima
881 780 1018 875 vice
1056 780 1162 872 “ab
1192 823 1360 870 anno
1391 807 1512 868 857
1565 804 1641 865 ad
1695 780 1935 864 annum
1996 798 2115 859 807
2161 793 2372 855 tenuit
2428 792 2716 853 Photius.
2756 791 2990 850 lterum
3027 790 3249 855 sedem
3309 784 3485 846 illam
3527 780 3895 844 conscendit

634 876 952 993 ignatius,
987 924 1178 988 quam
1212 922 1385 965 anno
1416 904 1534 963 877
1567 898 1833 979 reliquit
1871 897 1994 956 vita
2038 891 2291 954 mortali
2325 890 2589 951 functus
2626 909 2641 947 :
2675 902 2948 965 eamque
2983 886 3205 947 denuo
3246 879 3589 960 occupavit
3630 876 3894 940 i’hotius

632 1014 707 1073 ad
737 1024 975 1072 annum
1011 1021 1222 1084 usque
1252 1004 1391 1065 886.

715 1071 1143 1166 Memor-etum
1194 1117 1227 1161 a
1260 1099 1504 1159 Pithmo
1539 1095 1774 1155 librum
1810 1093 2102 1152 Fratrum
2137 1083 2626 1145 Praedicatorum
2667 1087 2885 1142 contra
2915 1080 3167 1142 Graecos
3201 1077 3369 1155 typis
3404 1071 3742 1135 Ederianis
3781 1072 3888 1130 Pc-

630 1215 768 1265 trus
802 1198 1159 1263 Stcvartins
1189 1193 1467 1272 vulgavit
1498 1186 1880 1267 lngolstadii
1911 1199 2082 1247 anno
2110 1179 2286 1252 1616,
2329 1177 2497 1251 in-lt,
2520 1180 2643 1238 sub
2679 1176 2799 1238 hoc
2829 1175 3017 1238 titulo
3050 1192 3065 1235 :
3105 1174 3439 1235 Tractatus
3473 1178 3699 1229 contra
3721 1166 3893 1227 Grc:-

632 1262 852 1361 corum
883 1310 1133 1355 errores
1171 1262 1374 1350 editas
1410 1262 1967 1361 Consiantinopoli
2000 1280 2067 1339 in
2104 1274 2339 1337 (edibus
2375 1275 2508 1336 FF.
2544 1273 3048 1334 Prcedicatorum
3097 1288 3262 1331 anno
3292 1266 3550 1329 Domini
3576 1262 3891 1326 MCCLII.

633 1400 725 1459 lta
780 1392 1029 1456 scilicet
1065 1385 1450 1463 inscriptum
1509 1381 1749 1460 reperit
1788 1380 1882 1438 vir
1941 1373 2346 1438 clarissimus
2384 1373 2447 1432 in
2504 1370 2727 1432 codice
2777 1369 3104 1441 Bavarico,
3168 1384 3299 1446 quo
3337 1364 3664 1425 utebatur.
3730 1361 3896 1431 Ot‘us’

634 1457 902 1553 istudin
948 1489 1240 1564 Magnam
1276 1457 2084 1541 -Patrum_Bibliothecam
2164 1469 2526 1533 intulerunt
2607 1466 3007 1527 Parisienses
3066 1472 3243 1525 tomo
3306 1462 3415 1533 ιν,
3476 1457 3900 1519 Colonienses

633 1599 806 1650 torno
842 1584 978 1656 XV,
1015 1555 1089 1643 ei
1117 1578 1583 1657 Lugdunenses
1617 1582 1789 1635 tomo
1826 1570 2088 1633 XXVI].
2124 1570 2517 1643 Anonymus
2566 1572 2787 1625 auctor
2819 1569 2938 1635 est,
2984 1561 3063 1621 de
3102 1575 3233 1639 quo
3262 1560 3520 1637 egregie
3570 1555 3897 1615 disseren-

628 1694 758 1746 tem
783 1679 1049 1746 consule
1072 1672 1757 1739 JacobumEchardum
1795 1677 1965 1728 tomo
1998 1668 2024 1727 Ι
2070 1663 2468 1739 Scriptorum
2516 1660 2767 1722 ordinis
2821 1658 3314 1721 Prmdicatorum
3346 1654 3422 1716 ad
3448 1668 3691 1715 annum
3724 1648 3896 1710 12:32.

629 1778 954 1860 Anonymi
992 1776 1182 1839 verba
1211 1780 1365 1833 sunt
1402 1770 1468 1832 in
1500 1768 1785 1831 editione
1823 1762 2195 1841 Lugdunen:

2330 1776 2418 1839 ag.
2455 1757 2594 1829 603,
2621 1757 2745 1819 col.
2772 1759 2830 1819 2.
2870 1780 2895 1811 κ
2931 1752 3397 1833 TheOphylacti
3431 1746 3896 1825 al‘ChiOpiaCOpi

630 1845 1084 1956 Bulga'rorum,
1112 1869 1227 1950 qui
1256 1867 1499 1929 missus
1535 1874 1633 1926 est
1669 1878 1705 1924 a
1741 1859 1969 1920 Photio
1998 1866 2284 1935 tempore
2335 1853 2700 1916 schismatis
2737 1855 2798 1913 in
2841 1852 3235 1931 Bulgariam,
3276 1857 3347 1911 ut
3380 1848 3555 1923 ipsos
3590 1845 3895 1922 Bulgaros

632 1941 787 2035 tunc
819 1941 1469 2050 temporis-Ecclesiae
1508 1963 1811 2022 Romana)
1841 1956 2109 2017 devotos
2142 1960 2204 2015 et
2230 1951 2633 2024 obedientes,
2668 1950 2747 2010 ad
2772 1951 3140 2012 Graecorum
3181 1947 3346 2008 ritus
3380 1952 3441 2007 et
3468 1941 3899 2006 obedientiam

635 2036 969 2133 revocarei
1004 2087 1021 2127 :
1062 2065 1237 2145 quod
1267 2068 1330 2124 et
1370 2061 1607 2122 factum
1657 2064 1777 2118 est.
1821 2057 1945 2116 lste
1984 2051 2203 2130 itaque
2236 2048 2780 2126 TheOphylat-tus,
2817 2064 2960 2108 cum
3000 2043 3215 2106 omnia
3268 2042 3407 2106 fere
3447 2041 3683 2117 scripta
3737 2036 3900 2097 beati

633 2167 905 2230 Joannis
948 2132 1393 2240 Chrjlsostomi
1436 2171 1559 2217 suo
1614 2152 1886 2233 ingenio
1944 2147 2404 2229 abbreviasset,
2462 2169 2489 2201 ιν
2539 2154 2658 2205 etc.
2710 2144 2960 2206 Primus
3009 2139 3356 2203 innotescit
3401 2138 3456 2199 is
3515 2144 3759 2207 auctor,
3792 2132 3900 2213 qui

637 2266 909 2327 missum
942 2262 1018 2322 ad
1050 2233 1361 2336 liulgaros
1389 2254 1765 2332 episcopum
1797 2244 2221 2326 appellaverit
2247 2240 2828 2320 Theophylactum,
2860 2239 3207 2319 ipsumque
3232 2233 3704 2298 existimaverit
3728 2247 3906 2293 eum-

635 2364 781 2423 dem
816 2376 962 2421 cum
1009 2354 1492 2431 'l'heOphj‘lacto
1523 2347 2037 2425 archiepiSCOpo.

715 2459 777 2519 3.
808 2456 931 2519 Sed
963 2424 1366 2531 episcopum,
1402 2463 1595 2526 quem
1628 2444 1706 2507 ad
1738 2444 2047 2520 Bu‘garos
2090 2444 2508 2501 transmisere
2542 2434 2771 2505 Graeci,
2814 2450 2942 2495 non
2974 2430 3060 2493 ait
3089 2430 3408 2493 Baronius
3436 2424 3899 2508 TbeOpbylacti

637 2554 900 2618 nomine
945 2559 1263 2612 vocatum.
1307 2522 1550 2605 Iudicat
1582 2541 1819 2613 solum,
1859 2562 1887 2594 α
1924 2536 2324 2599 nominatum
2356 2529 2561 2592 fuisse
2596 2529 3176 2609 Theopbylactum,
3203 2527 3281 2589 ab
3312 2527 3457 2587 aliis
3480 2522 3780 2587 allirrnari
3821 2542 3835 2582 ε
3873 2542 3903 2577 ιο

636 2668 755 2716 nec
788 2648 962 2713 enim
992 2646 1201 2708 solida
1241 2659 1311 2704 ac
1362 2647 1612 2702 vetusta
1647 2644 1879 2716 prmsto
1911 2642 2087 2696 erant
2122 2632 2257 2692 viro
2291 2627 2667 2690 doctissimo
2702 2632 3095 2687 nonumenta
3123 2668 3140 2697 ,
3171 2640 3318 2703 quae
3365 2622 3529 2684 hanc
3561 2620 3705 2700 ejus
3764 2619 3904 2696 epi-

635 2744 814 2821 scOpi
851 2738 1350 2818 appellationem
1404 2732 1871 2794 conﬁrmarent.
1944 2725 2280 2788 Latissime
2313 2727 2392 2784 de
2442 2723 2779 2801 Bulgarico
2831 2722 2959 2791 isto
2992 2719 3251 2800 negotio
3275 2719 3443 2799 apud
3492 2716 3901 2779 Anastasium

637 2812 1203 2903 Bib'll'otliecarium
1256 2834 1471 2909 agitur
1526 2829 1595 2890 in
1634 2828 1771 2886 Vita
1812 2822 2077 2886 Adriani
2132 2822 2185 2882 ll
2213 2864 2230 2894 ,
2273 2819 2387 2898 qui
2450 2820 2797 2881 Romanam
2827 2819 3044 2879 sedem
3088 2823 3166 2879 ab
3200 2832 3370 2878 anno
3402 2814 3523 2877 868
3565 2812 3774 2875 tenuit
3829 2812 3903 2872 ad

562 2950 565 2951 '
639 2953 881 3002 annum
945 2948 1155 3010 usque
1218 2906 1359 2999 878,
1424 2941 1636 3002 neque
1702 2919 2166 3001 TheOphylacti
2234 2916 2497 2978 nomine
2558 2917 2906 2995 epiSCOpus
2979 2923 3265 2987 vocatur,
3332 2906 3901 2986 Constantinopoli

643 3041 881 3099 missus
915 3032 988 3092 ad
1025 3008 1358 3107 liuigaros.
1393 3024 1635 3084 Eodem
1668 3022 2101 3099 praetermisso
2136 3011 2422 3089 nomine,
2454 3035 2588 3078 rem
2623 3030 2834 3078 narrat
2890 3014 3351 3079 Constantinus
3382 3008 3905 3089 Porphyrogeni-

640 3146 770 3206 ius,
806 3126 1039 3191 Leonis
1073 3121 1391 3202 Sapientis
1428 3119 1625 3193 filius,
1652 3117 1719 3178 in
1756 3116 1895 3176 Vita
1940 3116 2152 3175 Basilii
2186 3115 2582 3189 Macedonis,
2617 3112 3024 3192 imperatoris
3063 3120 3123 3173 et
3152 3109 3253 3172 avi
3287 3125 3466 3171 num.
3506 3107 3699 3169 XCV.
3758 3128 3785 3161 α
3821 3106 3906 3166 Ea

642 3246 799 3310 gens
850 3227 1301 3305 Bulgarorum,
1364 3216 1701 3296 inquiens,
1758 3212 2002 3275 crebris
2070 3212 2480 3288 imperatoris
2540 3210 2816 3291 (Basilii)
2898 3209 3348 3282 hortamentis,
3412 3202 3909 3283 splendidisque

643 3304 1132 3397 acceptionibus
1215 3328 1286 3373 ac
1360 3313 1567 3383 cultu,
1630 3322 1883 3368 necnon
1949 3306 2306 3383 magniﬁcis
2368 3307 2827 3387 largitionibus
2883 3324 2955 3369 ac
2997 3304 3400 3369 “muneribus
3474 3309 3909 3381 ἀρχιεπίσκοπον

641 3422 1066 3490 καταδέξασθαι,
1135 3408 1689 3484 archiepiscopum
1758 3402 2048 3481 recipere
2133 3420 2207 3465 su

2345 3415 2445 3466 iur
2499 3426 2513 3465 :
2569 3414 2665 3467 καὶ
2701 3412 3024 3474 ἐπισκόποις
3057 3407 3561 3479 καταπυκνωῡῆναι
3590 3407 3691 3476 τὴν
3724 3403 3908 3476 χώραν

645 3523 923 3592 ἀνέχεται,
967 3520 1028 3572 et
1078 3505 1399 3587 episcopis
1430 3502 1688 3581 impleri
1726 3501 2125 3579 provinciam
2166 3518 2291 3563 non
2336 3502 2588 3563 abnuit.
2618 3523 2647 3559 υ
2685 3502 2969 3581 Utroque
3017 3500 3082 3560 in
3120 3500 3260 3561 loco
3293 3496 3761 3576 TheOphylacti
3795 3510 3909 3556 no-

644 3627 792 3675 men
826 3609 1077 3674 siletur.
1592 3600 1597 3604 ’

651 3851 850 3913 Vitam
879 3867 1007 3910 non
1065 3846 1260 3925 egisse
1315 3842 1850 3925 Theophylactum
1901 3841 2445 3925 archiepiscopum
2498 3839 2737 3925 scrcqu
2771 3856 2961 3910 nono,
3000 3836 3387 3925 demonstrat
3424 3831 3745 3925 Duronius
3779 3834 3909 3910 epi-

725 3930 1033 3990 stolarum
1061 3906 1192 4006 eius
1220 3906 1621 4006 auctoritate.
1648 3922 1744 3982 Ad
1761 3918 2053 4006 sacellum
2076 3906 2468 4006 undecimum
2488 3922 2681 3998 refert
2716 3919 2919 3995 ipsum
2948 3906 3065 3976 sub
3092 3912 3581 4006 imperatoripus
3608 3906 3909 3972 Michaelis

727 4011 923 4080 Daca,
957 3990 1310 4081 NicEphoro
1365 4003 1709 4062 Boloniata
1739 4010 1796 4059 et
1829 3998 2054 4081 Alexio
2094 4000 2427 4081 Comneno.
2469 3990 2695 4081 Aliquo
2730 3990 3029 4081 ientporis
3072 3990 3409 4081 intervallo
3442 3990 3782 4081 dissident“
3821 3991 3909 4048 οἱα

726 4069 1090 4165 ὺίίοῃὶτιρΜ
1110 4069 1122 4081 ’
1145 4087 1612 4165 scriptoresque
1644 4080 2026 4139 recentiores
2060 4098 2076 4143 ;
2110 4079 2499 4156 maximeque
2542 4069 2919 4156 lfufresnias
2952 4084 3234 4153 tempora
3262 4070 3462 4130 solius
3491 4071 3703 4130 Alexii
3732 4069 3909 4132 Com-

726 4162 879 4227 τιρηὶ
916 4162 1287 4243 (repet-antis
1321 4162 1628 4237 designat.

728 4316 789 4374 li.
843 4311 1065 4375 Fuerit
1098 4324 1256 4371 vero
1295 4304 1760 4384 TheOphylacti
1800 4304 2064 4367 nomine
2102 4303 2447 4382 episcopus
2493 4301 2600 4362 ille
2634 4300 2993 4380 appellatus
3035 4318 3050 4357 :
3098 4306 3160 4361 at
3194 4297 3373 4360 omni
3444 4294 3659 4373 procul
3708 4292 3909 4355 dubio

653 4435 682 4468 α
723 4406 1245 4488 Theopbylactus
1276 4403 1804 4481 archiepiSCOpus
1838 4402 2158 4480 Bulgariae
2186 4399 2402 4480 (verba
2456 4407 2608 4458 sunt
2648 4398 2907 4459 Barouii
2966 4398 3103 4458 loco
3135 4395 3329 4457 citato
3384 4396 3459 4453 ad
3494 4406 3737 4452 annum
3770 4388 3909 4462 870)

650 4509 835 4587 cujus
867 4513 1120 4569 exstant
1157 4504 1224 4563 in
1258 4517 1509 4563 sacrum
1542 4499 1962 4578 Evangelium
2025 4499 2527 4565 lucubrationes,
2565 4505 2623 4555 et
2653 4497 2773 4555 alia
2815 4494 3204 4573 scriptorum
3237 4498 3680 4561 monumenta,
3720 4486 3909 4565 longe

652 4614 797 4687 post
830 4604 963 4666 haec
1003 4610 1290 4678 tempora
1321 4600 1573 4670 claruit,
1609 4598 1813 4657 tribus
1865 4595 2168 4676 (duobus)
2197 4595 2501 4653 nimirum
2539 4592 2618 4653 ab
2651 4594 2769 4652 hoc
2797 4590 3050 4653 smculis
3085 4589 3366 4650 evolutis
3407 4586 3529 4647 sub
3557 4587 3909 4648 Comneno-

654 4683 795 4765 rum
823 4710 885 4763 et
919 4702 1233 4759 Ducaer
1259 4694 1520 4755 familiae
1548 4692 2071 4769 imperatoribus.
2103 4712 2132 4745 »
2164 4690 2555 4750 Sententiam
2584 4690 2911 4751 conﬁrmat
2942 4688 3021 4749 ad
3051 4703 3293 4748 annum
3334 4688 3511 4759 1071,
3536 4699 3719 4745 num.
3760 4683 3901 4753 XV,

659 4827 685 4857 ‹‹
727 4796 1227 4861 Evidentissime
1262 4793 1461 4865 enim,
1497 4791 1830 4867 inquiens,
1870 4788 1942 4847 ad
1992 4787 2511 4849 convincendum
2548 4804 2829 4848 errorem
2855 4784 3189 4866 (superius
3236 4781 3686 4862 memoratum)
3720 4781 3909 4841 testi-

654 4897 867 4961 monia
890 4894 1242 4957 eliciuntur
1268 4906 1345 4950 ex
1380 4887 1669 4966 ejusdem
1698 4881 2153 4961 TheOpbylacti
2185 4884 2568 4961 scriptorum
2604 4882 3077 4944 monumentis:
3110 4878 3415 4960 Epistolis
3451 4928 3464 4953 ,
3499 4879 3791 4957 inquam,
3818 4877 3909 4954 ip-

655 4994 816 5064 sius,
854 5006 999 5069 qure
1046 5002 1313 5048 numero
1350 4982 1821 5064 quinquaginta
1853 4996 2079 5041 novem
2105 4982 2318 5041 Grmce
2352 4981 2488 5057 [Ill]
2526 4982 2775 5058 scriptm
2799 4988 3049 5042 exstant
3078 4980 3142 5039 in
3167 4977 3469 5039 Vaticana
3500 4974 3909 5042 bibliotheca,

654 5087 981 5151 industria
1012 5081 1562 5145 viridisertissimi
1594 5078 1811 5139 Jacobi
1848 5078 2169 5139 Sirrnondi
2205 5077 2527 5137 societatis
2566 5080 2717 5138 Jesu
2762 5076 3169 5154 professoris,
3204 5076 3267 5135 in
3325 5078 3529 5134 lucem
3565 5088 3643 5132 ex
3673 5069 3909 5130 abditis

658 5185 1016 5249 vindicatm,
1058 5194 1247 5258 atque
1312 5178 1643 5239 Latinitate
1696 5177 1967 5249 donatae,
2029 5179 2137 5234 sed
2210 5174 2493 5245 nondum
2552 5192 2743 5235 cusm.
2785 5177 2872 5233 Ex
2940 5172 3061 5245 his,
3107 5174 3394 5251 inquam,
3432 5173 3564 5249 ejus
3601 5168 3909 5246 Epistolis

658 5280 1001 5358 multiplici
1038 5268 1418 5355 argumento
1447 5279 1855 5365 monstratur,
1888 5288 2013 5330 non
2036 5280 2177 5329 ante
2206 5262 2403 5330 anno‘s
2435 5270 2733 5332 ducentos
2768 5274 2962 5347 [arino
2993 5271 3244 5331 circiter
3280 5268 3441 5345 870],
3473 5268 3583 5329 sed
3627 5266 3739 5325 hoc
3773 5266 3909 5342 ipso

660 5356 935 5455 tempore
968 5372 1333 5453 (undecimo
1368 5356 1653 5445 εωῡυῖῐῆ,
1696 5368 1905 5445 ipsum
1941 5367 2486 5445 TheOphylactum
2523 5369 2871 5440 claruisse;
2932 5369 3105 5446 quod
3141 5367 3385 5427 scilicet
3409 5366 3550 5443 ejus
3586 5362 3909 5437 Epistolae,

659 5478 759 5539 vel
814 5476 973 5535 data:
1032 5471 1343 5533 habentur
1372 5471 1449 5528 ad
1495 5484 1604 5527 eos
1641 5467 1750 5544 qui
1790 5466 1906 5526 hoc
1939 5466 2079 5543 ipso
2114 5474 2401 5540 tempore
2451 5465 2696 5525 vixisse
2739 5474 3117 5534 noscuntur,
3160 5464 3253 5522 vel
3298 5464 3360 5522 in
3396 5464 3492 5523 eis
3538 5460 3909 5521 earumdem

663 5575 808 5635 vitae
839 5569 1078 5631 mentio
1114 5568 1405 5627 habetur.
1447 5588 1474 5621 »

741 5672 875 5730 Hoc
912 5669 1053 5729 loco
1084 5663 1545 5743 Theophylacti
1583 5660 1904 5739 Epistolas
1938 5676 1971 5719 a
2005 5660 2279 5718 Barnnio
2325 5659 2678 5719 recensitas
2716 5656 2945 5718 litteris
2982 5656 3276 5733 integris,
3316 5673 3442 5715 non
3480 5652 3795 5721 numeris,
3830 5652 3909 5710 ie«

663 5768 760 5843 gis
791 5762 1263 5845 quinquaginta
1319 5776 1547 5821 novem
1589 5781 1601 5818 :
1639 5760 1812 5819 unde
1848 5760 2110 5817 miratur
2143 5760 2329 5817 Joan.
2395 5756 2692 5815 Albertus
2746 5753 3081 5815 Fabricius
3141 5754 3205 5813 in
3266 5752 3653 5814 Bibliotheca
3695 5748 3909 5809 Graece

664 5862 788 5926 vol.
826 5862 930 5937 Vl,
975 5877 1110 5939 pag.
1145 5859 1286 5932 285,
1320 5857 1395 5917 ab
1431 5858 1651 5919 eodem
1691 5855 1962 5916 Baronie
1994 5859 2067 5916 ad
2108 5873 2345 5916 annum
2384 5854 2557 5927 1073,
2605 5871 2778 5915 num.
2818 5854 2947 5927 XC,
2982 5850 3317 5931 epistolam
3353 5850 3675 5913 numerari
3724 5848 3796 5907 61
3850 5848 3905 5904 in
