3966 6432
88 449 136 515 l3
891 440 991 505 DE
1029 437 1609 503 THEOPHYLACTI
1649 436 1923 498 GESTIS
1963 435 2059 496 ET
2100 431 2474 495 SCRIPTIS.
3302 425 3371 489 14

85 561 355 645 marginis
406 575 555 625 ora.
617 560 744 623 Aut
779 559 1296 623 alterutro‘ce‘rte
1336 556 1401 619 in
1447 557 1588 618 loco
1640 555 1947 617 mendum
1980 553 2170 616 cubat
2207 573 2222 612 :
2254 554 2365 614 aut
2418 567 2498 613 ex
2550 548 2715 628 ipsis
2763 546 3083 620 numeris,
3150 545 3375 607 tmarii

84 667 571 746 trwpositione
631 662 900 737 vitiatis,
942 660 1265 742 profectus
1298 674 1481 721 error
1514 666 1650 731 est;
1718 666 1996 715 numero
2055 649 2311 712 scilicet
2365 650 2441 710 61
2478 647 2693 729 posito
2751 662 2867 726 pro
2922 648 3024 721 16,
3069 652 3180 708 aut
3259 662 3370 704 ιςι

86 780 176 847 pro
200 780 328 825 nx.
384 762 746 825 Prmdictas
803 758 1268 839 TheOphylacti
1304 756 1623 833 Epistolas
1653 772 1733 815 ex
1790 750 1921 813 alio
1957 767 2086 847 ms,
2105 748 2327 811 codice
2361 747 2773 847 bibliothecae
2804 746 3115 847 medicem
3151 752 3373 823 postea

86 842 461 938 deprompsit
530 859 838 919 Andreas
886 855 1186 918 Schottus
1223 876 1237 915 :
1276 854 1355 914 ab
1391 868 1602 929 eoque
1643 856 1937 929 acceptas
1994 846 2248 925 primus
2308 846 2531 907 Graece
2578 844 2756 924 typis
2823 842 3030 905 edidit
3082 844 3370 904 Joannes

83 955 380 1017 Meursius
424 952 750 1033 Lugduni
783 954 1167 1014 Batavorum
1208 964 1380 1011 anno
1418 949 1597 1019 1617,
1633 944 1801 1017 in-h,
1847 961 2009 1023 quas
2057 944 2281 1005 Latine
2339 958 2686 1004 conversas
2716 957 2751 1003 a
2784 940 3132 1002 Vincentio
3168 938 3368 999 Mari-

84 1054 233 1114 nerio
274 1050 649 1113 Valentino
685 1058 945 1128 prmstat
1003 1046 1414 1110 Coloniensis
1466 1043 1862 1106 Bibliotheca
1908 1044 2167 1103 Patrum
2227 1049 2404 1101 tomo
2434 1039 2553 1101 XV
2586 1044 2654 1101 et
2694 1037 3161 1115 Lugdunensis
3195 1042 3372 1096 tomo

86 1150 281 1211 XVIII.
319 1151 781 1211 Numerantur
808 1161 962 1208 vero
986 1143 1280 1223 quinque
1304 1159 1504 1221 supra
1537 1141 1946 1221 septuaginta
1982 1162 1997 1201 :
2030 1140 2096 1201 in
2131 1138 2376 1220 quibus
2408 1144 2688 1199 attamen
2722 1136 2959 1216 aliqua:
2991 1134 3375 1197 desideran-

84 1256 179 1314 tur.
207 1263 349 1326 qum
377 1246 717 1307 Vaticano
762 1260 845 1305 ex
878 1242 1102 1304 codice
1133 1240 1498 1303 aﬂ‘eruntur
1529 1257 1562 1301 a
1612 1238 1919 1301 Baronio.

139 1345 246 1407 Pro
276 1361 398 1404 sua
477 1341 823 1405 sententia
882 1345 1338 1419 argumentum
1398 1338 1595 1400 variis
1631 1354 1709 1399 ex
1743 1334 2039 1413 epistolis
2081 1333 2436 1397 Annalium
2500 1349 2735 1412 parens
2809 1332 3080 1395 instruit
3125 1332 3201 1393 ad
3261 1348 3377 1392 an-

86 1459 207 1503 num
233 1442 411 1502 1071.
453 1441 621 1502 Hmc
661 1439 840 1501 enim
901 1437 1219 1499 habentur
1256 1434 1447 1497 verba
1500 1435 1569 1496 in
1601 1432 1876 1513 epistola
1913 1449 2061 1512 qum
2094 1430 2345 1493 decima
2380 1431 2660 1509 septima
2692 1430 3007 1492 Vaticano
3037 1428 3105 1491 in
3149 1428 3375 1490 codice

84 1546 455 1613 numeratur,
488 1538 581 1599 ad
631 1535 842 1615 ﬁlium
879 1535 1421 1598 Sebaalocratoris
1456 1535 1597 1594 data
1635 1556 1649 1594 :
1687 1552 1717 1587 α
1761 1532 1894 1593 Oro
1951 1529 2175 1609 igitur,
2212 1537 2273 1591 et
2314 1528 2416 1590 his
2450 1527 2687 1591 litteris
2738 1536 3043 1607 tanquam
3102 1543 3376 1606 corpore

81 1634 314 1714 surplex
364 1634 772 1714 procumbo,
807 1641 877 1695 ut
942 1632 1305 1695 miserearis
1355 1629 1754 1693 felicissimm
1787 1631 2118 1709 quondam
2156 1627 2488 1699 Ecclesim,
2522 1643 2717 1704 quam
2769 1625 3377 1690 Christianissimus

82 1730 167 1794 ille
192 1732 481 1805 Borises,
514 1730 961 1809 Bulgarorum
984 1746 1119 1800 rex,
1151 1744 1346 1791 unam
1378 1736 1440 1789 et
1470 1729 1675 1807 ipsam
1707 1747 1741 1790 e
1780 1735 2027 1806 septem
2058 1726 2393 1791 catholicis
2415 1725 2756 1789 mditicavit
2784 1749 2797 1787 :
2837 1733 2902 1788 tu
2934 1740 3199 1787 renova.
3244 1744 3274 1779 »
3298 1756 3377 1768 —

82 1849 105 1885 ι
129 1829 267 1892 Cum
297 1830 366 1889 in
402 1845 513 1902 ea,
552 1827 882 1889 Baronius
914 1826 1029 1899 ait,
1062 1825 1305 1889 mentio
1338 1826 1441 1888 tiat
1474 1824 1721 1887 Borisis
1772 1824 2202 1905 Bulgarorum
2258 1824 2463 1902 regis,
2502 1822 2619 1902 qui
2656 1824 2843 1894 vixit,
2879 1832 2948 1885 ut
2978 1824 3260 1885 Zonaras
3313 1828 3380 1882 et

80 1924 164 1987 alii
190 1927 588 1998 ostendunt,
635 1930 785 2000 post
817 1931 1080 1985 centum
1135 1922 1193 2005 (a
1222 1923 1454 1985 Photio
1496 1930 1559 1985 et
1591 1920 1867 2001 lgnatio)
1900 1938 2131 1991 annos.
2176 1938 2409 2000 nempe
2463 1922 2588 1982 sub
2620 1920 2992 2000 Nicephoro
3045 1918 3257 1982 Phoca
3312 1929 3378 1981 et

80 2023 293 2085 Joanne
361 2024 667 2085 Zimisce
727 2021 1233 2097 imperatoribus
1284 2019 1409 2101 (vel
1470 2020 1550 2081 ab
1580 2036 1752 2082 anno
1785 2022 1898 2082 971
1934 2022 2010 2082 ad
2052 2036 2296 2083 annum
2342 2021 2486 2093 9'73,
2525 2028 2592 2082 ut
2629 2020 3026 2083 Dufresnius
3060 2016 3376 2102 adnotat),

82 2117 231 2195 plane
258 2130 568 2198 apparet,
610 2134 743 2180 non
780 2126 937 2179 tunc
968 2120 1177 2196 ipsum
1213 2118 1461 2179 vixisse
1493 2118 1616 2178 sub
1646 2117 1890 2180 Basilio
1921 2117 2352 2199 (Macedone),
2381 2119 2495 2182 sed
2532 2122 2725 2198 longe
2762 2124 2905 2198 post
2938 2117 3050 2180 illa
3082 2126 3377 2196 tempora

78 2212 611 2296 Theophylactum
651 2216 1084 2295 Bulgarorum
1128 2215 1468 2294 praefuisse
1505 2213 1810 2277 Ecclesim
1849 2214 2442 2294 archiepiscOpum,
2488 2216 2610 2279 Sed
2645 2225 2707 2279 et
2738 2233 2885 2279 cum
2919 2216 3097 2278 etibi
3136 2215 3379 2276 memi-

82 2312 150 2375 ait
174 2311 247 2373 de
302 2313 630 2376 ecclesiis
671 2312 753 2374 ab
804 2313 1039 2374 eodem
1074 2329 1222 2389 rege
1258 2322 1447 2373 antea
1506 2312 1864 2389 mdiﬁcatis,
1908 2324 1969 2377 et
1999 2324 2142 2393 post
2174 2316 2453 2377 multum
2486 2315 2768 2394 spatium
2814 2314 3131 2395 temporis
3178 2332 3376 2377 unam

81 2429 139 2473 ex
179 2413 332 2475 illlis
393 2415 701 2476 dirutam
738 2412 1048 2492 preponit
1095 2412 1588 2486 restituendam,
1620 2415 1807 2491 plane
1865 2415 2290 2487 demonstrat,
2333 2416 2525 2491 longe
2562 2421 2779 2489 postea
2831 2411 2910 2473 ab
2967 2428 3045 2473 eo
3080 2420 3376 2490 tempore

81 2510 341 2572 eumdem
389 2510 976 2588 TheOphylactum
1011 2508 1350 2571 claruisse.
1382 2531 1410 2565 α
1450 2511 1721 2589 Sapiens
1766 2527 1958 2572 nemo
1993 2510 2214 2585 fuerit,
2247 2510 2365 2591 qui
2407 2509 2966 2590 Theopbylactum
3003 2524 3132 2570 non
3164 2526 3376 2572 remo-

84 2614 189 2669 veat
213 2609 290 2669 ab
309 2624 461 2671 ωνο
500 2607 853 2671 Photiano.

134 2706 184 2769 5.
216 2708 434 2770 Vitam
472 2710 706 2787 ipsum
739 2707 958 2787 egisse
1030 2708 1257 2771 statuit
1327 2711 1671 2787 Baronius,
1730 2709 1856 2771 sub
1918 2708 2232 2771 Michaele
2269 2708 2383 2770 VII
2421 2710 2621 2781 Duca,
2656 2714 2717 2769 et
2770 2707 3139 2786 Nieephoro
3181 2708 3375 2768 Boto-

84 2804 241 2880 niata,
274 2813 338 2867 et
373 2804 631 2867 Alexio
674 2806 1033 2868 Comneno.
1091 2808 1440 2886 Imperium
1478 2810 1728 2889 primus
1756 2810 2133 2887 auspicatus
2164 2816 2260 2871 est
2295 2823 2467 2870 anno
2510 2809 2688 2880 1071,
2723 2805 2884 2869 alter
2930 2809 3111 2880 1078,
3144 2806 3378 2867 tertius

85 2901 223 2978 1081,
253 2905 332 2964 ad
373 2920 643 2964 annum
672 2920 885 2982 usque
920 2905 1097 2966 1118.
1134 2906 1411 2969 Primam
1450 2906 1647 2971 refert
1670 2907 2145 2987 'l‘heOphylacti
2194 2905 2536 2986 epistolam
2582 2906 2661 2967 ad
2707 2906 2973 2967 Mariam
3006 2904 3382 2985 imperatri-

80 3014 208 3089 tam,
240 2998 607 3063 Michaelis
642 3001 861 3073 Ducae,
896 3018 969 3062 ac
995 3010 1215 3081 postea
1251 3006 1607 3068 Botoniatm
1645 3023 1943 3069 uxorem.
1976 3005 2331 3084 Epistolam
2360 3004 2539 3066 addit
2568 3002 2886 3066 decimam
2918 3002 3202 3077 tertiam,
3233 3022 3380 3085 qum

83 3096 472 3179 detaiegitur
511 3095 602 3156 ad
656 3099 973 3159 Joannem
1021 3100 1283 3174 Ducam,
1318 3104 1643 3165 sororium
1689 3104 2105 3183 imperatoris
2146 3126 2165 3163 :
2198 3103 2263 3163 in
2299 3118 2509 3181 eaque
2567 3100 2702 3163 haec
2766 3100 3089 3162 habentur
3158 3102 3375 3173 verba,

86 3194 451 3268 (Caterum,
499 3210 546 3257 ο
570 3194 977 3259 fortunatum
1013 3200 1335 3261 Ducarum
1367 3218 1600 3281 genus,
1631 3212 1797 3263 recta
1844 3201 2064 3264 omnia
2086 3209 2149 3263 et
2179 3200 2449 3262 honesta
2483 3199 2549 3260 in
2588 3207 2645 3260 te
2676 3197 3140 3277 complectens,
3164 3198 3232 3260 in
3262 3197 3381 3259 liae

86 3288 209 3353 mihi
257 3293 573 3355 bonitate
635 3293 934 3372 persiste.
1004 3317 1034 3351 »
1094 3297 1291 3357 Addit
1377 3298 1569 3361 etiam
1645 3300 1987 3377 epistolam
2055 3310 2345 3363 octavam
2385 3343 2402 3372 ,
2475 3298 2583 3359 ubi
2660 3298 2756 3357 sic
2818 3301 2900 3357 ait
2966 3296 3383 3375 'l‘heOphyla-

86 3396 199 3451 Ius
227 3413 296 3451 τι
332 3391 563 3454 Vides
595 3394 932 3470 quomodo
973 3404 1101 3456 tam
1137 3395 1324 3459 facile
1365 3398 1813 3460 coleudissimi
1854 3397 2166 3461 Comneni
2203 3396 2499 3476 sigillum
2536 3394 2931 3457 subversum
2964 3404 3061 3456 eSt
3097 3395 3177 3455 ab
3234 3394 3383 3473 ipso

86 3483 413 3550 Comneno.
456 3511 490 3545 ι
932 3512 935 3517 ·

142 3583 353 3666 itaque
378 3583 717 3648 aﬂirmare
747 3603 1017 3651 necesse
1052 3597 1169 3664 est,
1203 3598 1271 3653 ut
1304 3592 1625 3657 Baronius
1656 3597 1743 3659 ait
1776 3597 2020 3659 ibidem
2054 3612 2235 3658 num.
2269 3595 2507 3668 XVIII,
2544 3593 3102 3673 TbeOphylactum
3137 3592 3380 3673 ipsum,

86 3676 372 3760 lulgarim
466 3682 1086 3764 archiepiscopum,
1165 3705 1308 3750 eam
1355 3689 1761 3757 functionem
1834 3693 2333 3755 administrasse
2419 3690 2541 3753 hoc
2628 3700 2963 3769 tempore,
3028 3706 3163 3770 quo
3242 3691 3383 3752 sive

90 3772 260 3849 Ducas,
324 3780 482 3841 sive
550 3780 867 3843 Comneni
933 3784 1500 3868 Constantinoiioli
1562 3791 1994 3873 imperabant.
2056 3788 2215 3853 Viro
2276 3788 2660 3852 doctissimo
2718 3804 2913 3850 nemo
2967 3804 3098 3850 non
3164 3788 3380 3868 porri-

87 3879 163 3950 pt
215 3893 490 3938 manus.

228 3974 558 4081 Iiujusce
612 3982 828 4081 tamen
899 3980 1207 4057 temporis
1245 3982 1445 4045 veluti
1506 3986 1839 4065 periodos,
1875 3987 2117 4067 quibus
2161 3992 2225 4049 et
2267 3986 2427 4047 vixit
2464 3994 2527 4048 et
2557 3986 2780 4048 ﬂoruit
2822 3984 3381 4065 Theophylactus,

88 4063 341 4179 fibiﬂsi
392 4078 567 4179 sunt
600 4071 874 4179 definire
908 4080 1303 4179 accuratius
1356 4063 1547 4160 posse
1612 4063 2052 4166 bibliograpbi
2093 4084 2530 4163 seriptoresve
2577 4063 3383 4164 posterioressPhilippus

46 4216 47 4275 ξ
90 4160 348 4277 {Abimus
383 4168 467 4229 in
505 4185 632 4230 sua
677 4170 753 4229 ad
815 4171 1279 4239 Bellarminum
1347 4160 2181 4245 Dissertatione'historica
2222 4160 2241 4243 ε’
2273 4206 2301 4239 α
2340 4160 2616 4244 (ῖὶνεὶιέι-
2651 4198 2896 4244 annum
2934 4183 3087 4242 1071
3124 4160 3386 4242 vivebat

46 4336 49 4353 Γ
92 4258 352 4372 (inquit),
395 4274 708 4372 tempore
744 4272 983 4372 summi
1024 4274 1343 4350 pontificis
1382 4278 1734 4343 Alexandri
1774 4283 1827 4342 ΙΙ
1859 4289 1920 4343 et
1951 4281 2226 4342 Romani
2262 4281 2577 4360 Diogenis
2632 4281 2735 4362 (ab
2767 4297 2941 4342 anno
2978 4281 3137 4342 1068
3176 4281 3385 4360 impe-

46 4396 51 4517 ἴ
90 4362 277 4464 lautis)
309 4363 768 4439 temporibus,
805 4374 875 4427 ut
907 4366 1050 4446 ejus
1080 4387 1159 4432 ex
1203 4372 1522 4452 Epistolis
1575 4388 1852 4442 constat.
1890 4381 2198 4443 Pervenit
2229 4396 2497 4460 quoque
2534 4380 2609 4440 ad
2642 4378 3093 4459 pontiﬁcatum
3128 4381 3380 4458 Grego-

88 4457 282 4517 mVll
332 4466 404 4517 et
470 4458 831 4517 imuerium
896 4463 1240 4517 Niconhnri
1300 4471 1657 4517 'Rntnninlm
1776 4478 1922 4517 nun
1968 4487 2181 4517 ninam
2229 4477 2463 4517 n‘him-it
2504 4493 2675 4517 nnnn
2737 4493 3001 4517 m-npcnc
3042 4479 3274 4517 ianmm
3352 4501 3380 4517 ι.

88 4457 149 4567 iii
176 4457 282 4567 γη
332 4466 404 4567 et
470 4458 831 4567 imperium
896 4463 1243 4544 Nicephori
1300 4471 1731 4537 Botoniatm...
1776 4478 1922 4551 Quo
1964 4487 2184 4539 autem
2229 4457 2465 4539 obierit
2501 4457 2699 4551 anno,
2736 4493 3002 4554 prorsus
3042 4479 3297 4556 ignoro.
3352 4501 3381 4533 υ

330 4557 820 4667 "inscripsere
888 4566 1081 4625 verba
1117 4566 1476 4646 Dupinius,
1511 4582 1572 4635 et
1609 4548 1968 4637 Casimirus
2001 4575 2338 4647 Oudinus,
2373 4582 2434 4636 et
2465 4548 2791 4654 Georgius
2825 4548 3125 4636 Matthias
3165 4576 3377 4637 Koni—

267 4652 821 4763 iulBibliothfca
878 4670 1200 4763 ceteraet
1256 4683 1446 4763 nova,
1506 4691 1543 4737 α,
1600 4669 2163 4752 Theophylactum
2217 4672 2523 4735 ﬂoruisse
2584 4652 2855 4745 aientes,
2920 4670 3045 4733 sub
3099 4672 3382 4750 impera-

92 4750 313 4860 toribus
340 4753 653 4860 Romano
679 4754 1001 4860 _Dioge_n_e,
1043 4760 1358 4823 Michaele
1395 4766 1571 4827 Duce
1602 4776 1665 4828 et
1694 4750 2061 4849 Nicephoro
2095 4770 2457 4831 Botoniata.
2503 4791 2533 4825 ι
2567 4768 2727 4843 Quae
2780 4769 3007 4849 utique
3055 4768 3245 4832 verba
3277 4771 3378 4831 vi-

92 4848 188 4907 ιω
214 4848 363 4927 ejus
397 4850 808 4914 concludere
846 4854 1154 4919 videntur
1192 4859 1360 4923 intra
1396 4862 1693 4942 ejusdem
1728 4866 2089 4930 Botoniatm
2120 4867 2457 4945 regnantis
2496 4874 2811 4944 tempora.

116 4946 273 5056 ulmo
301 4948 537 5056 potius
582 4948 970 5056 submalexio
1002 4956 1330 5021 Comneno
1358 4978 1541 5023 suam
1576 4964 1792 5043 egisse
1826 4964 2045 5037 vitam,
2077 4962 2319 5024 infulas
2381 4972 2671 5041 gestasse
2711 4963 3110 5042 Bulgaricas,
3147 4982 3219 5027 ac
3248 4966 3382 5044 [IV]

70 5035 298 5140 litteris
332 5045 657 5108 ﬂoruisse
695 5048 1279 5131 TheOphylactum,
1315 5058 1579 5121 adnotat
1610 5035 1880 5124 éarolus
1915 5035 2316 5123 Duiresnius
2359 5035 2457 5123 [iu
2498 5063 2710 5140 Cange
2744 5062 2813 5122 in
2841 5035 3023 5124 notis
3053 5035 3132 5125 ad
3175 5035 3383 5127 Annae

96 5134 416 5204 Camoenae
441 5141 695 5204 librum
738 5163 849 5205 vm
881 5147 1229 5211 Alean'ados
1268 5175 1287 5213 :
1324 5177 1352 5207 α
1394 5155 2210 5237 FloruitTheophylactus,
2247 5160 2587 5238 inquiens,
2626 5134 2857 5219 Alexio
2892 5159 3227 5222 Comneno
3263 5164 3381 5223 im-

98 5250 356 5351 perante:
379 5256 521 5351 non
553 5244 887 5351 veronsub
921 5242 1210 5311 Romano
1255 5252 1569 5331 DiOgene,
1604 5265 1714 5317 aut
1771 5257 2087 5320 Mirhaelc
2128 5259 2323 5329 Duco,
2364 5266 2430 5319 ut
2482 5256 2621 5317 vult
2669 5257 2991 5319 Baronius
3028 5281 3042 5319 :
3082 5262 3259 5339 quod
3298 5250 3378 5323 ex

96 5342 273 5413 ipsius
307 5342 635 5421 Epistolis
662 5359 697 5403 a
729 5344 1021 5407 Meursio
1062 5348 1256 5410 editis
1310 5354 1462 5412 satis
1508 5363 1781 5416 constat.
1815 5356 2105 5427 Quarqu
2148 5356 2442 5434 quaedam
2480 5356 2557 5416 ad
2593 5354 2952 5417 Adrianum
3008 5359 3222 5420 Alexii
3256 5358 3383 5421 Ira-

100 5436 250 5505 ἥρω,
280 5438 741 5517 Nicephorum
774 5442 1202 5508 Melissenum
1258 5452 1595 5524 Caesarem,
1636 5454 2025 5532 Gregorium
2060 5455 2458 5525 Taronitam,
2496 5452 2935 5532 Nicephorum
2964 5455 3379 5529 Briennium,

58 5534 61 5645 ἰ
98 5534 277 5645 Liexii
314 5555 783 5645 consocerum,
814 5550 874 5601 et
908 5542 1070 5602 alios
1106 5561 1185 5605 ex
1239 5548 1551 5611 Alexiana
1593 5560 1651 5611 et
1686 5554 2014 5615 Comnena
2062 5552 2305 5613 familia
2344 5552 2673 5631 principes
2736 5555 2993 5631 scriptm
3032 5568 3204 5616 sunt.
3247 5556 3381 5619 Una

104 5638 257 5694 αηω
286 5638 365 5696 δά
416 5637 766 5698 Νίοο¹⁸υω
804 5638 1227 5714 Patriarcham
1271 5665 1285 5701 :
1329 5668 1354 5699 ιο
1392 5645 1583 5724 hujus
1628 5650 1919 5712 nominis
1955 5653 2263 5722 Tertium,
2297 5652 2411 5731 qui
2450 5655 2672 5712 sedem
2712 5652 3384 5733 Constantinopolita-

106 5740 218 5824 ξιιμ
258 5735 675 5809 conscendit,
711 5737 897 5796 Anna
954 5738 1281 5802 Comnena
1343 5752 1507 5805 teste
1562 5745 1672 5805 libi

1828 5748 2199 5819 Alexindos,
2256 5751 2642 5821 ἐπινεμήσεως
2704 5754 2944 5823 ἑϐδόμης
2999 5752 3154 5816 ἔτους
3182 5758 3379 5824 ,ς-ιιττξεθ

106 5818 416 5981 :t'ctione
476 5834 776 5910 septima,
804 5849 973 5892 anno
1032 5853 1145 5895 sex
1172 5837 1501 5900 millesimo
1564 5842 2066 5922 quingentesimo
2124 5851 2529 5927 nonagesimo
2591 5852 3074 5925 secundo,mr&
3131 5850 3383 5914 scilicet

192 5928 353 5981 Raris
392 5931 577 5981 108i-

192 5933 353 6002 geris
392 5933 578 5991 1083.

46 4520 55 4804 Ι

46 4804 61 5192 l

46 5781 119 6321 Υ
