3966 6402
674 414 743 485 15
1485 409 1710 472 BERN.
1754 407 2019 468 ΜΑΠῘΕ
2060 406 2151 467 DE
2194 408 2238 467 R

2344 405 2476 465 LiZlS
2514 408 3021 474 DISSERTATIO
3892 418 3910 477 1

2262 550 2373 611 ΙΙΙ.

674 693 832 755 Cum
889 689 1165 750 Baronio
1201 687 1394 745 sentit
1455 683 1772 764 Antonius
1817 683 2080 761 Pagius,
2131 683 2240 746 Th4

2348 685 2671 764 hyiacmm
2713 688 2895 747 etiam
2928 688 3041 750 sub
3087 689 3401 752 Micltaele
3437 692 3611 752 Duca
3659 704 3715 753 et
3742 694 3910 755 .Nire

751 772 958 854 pltare
989 767 1336 854 Batoniata
1364 764 1640 854 vixisse.
1663 763 1826 841 Ejus
1865 765 2331 854 argumentatio
2368 763 2773 854 ein-penditur,
2809 785 2943 847 qua:
2973 770 3250 854 ξιφέων
3278 790 3361 854 ρῳ
3392 771 3555 854 libro
3585 775 3805 851 Regia}
3841 778 3911 836 In

756 840 1141 934 'stitutionis.
1183 847 1329 904 Hcce
1382 842 1589 934 eadem
1619 840 1905 934 tempora
1934 840 2173 934 in‘t‘l‘icat
2225 840 2495 934 epistola
2526 844 2607 903 ad
2633 840 3197 934 Joannemltatum
3222 840 3725 934 philosophum":
3760 857 3911 934 cuju

753 931 932 990 varia
964 930 1097 1007 fata
1131 934 1360 984 narrat
1392 923 1577 982 Anna
1612 921 1949 984 Comnena.
1988 922 2573 1001 Chronographiam
2603 927 2975 1004 conﬁrmant
3009 926 3152 987 alia?
3184 921 3489 1009 epistola:

752 1060 809 1116 7.
853 1057 1021 1115 Hanc
1057 1053 1443 1126 scriptorum
1476 1048 1890 1121 discordiam,
1922 1048 2168 1109 tametsi
2202 1046 2435 1119 levem,
2478 1049 2826 1113 conciliare
2858 1059 2970 1114 aut
3006 1054 3275 1115 omnino
3311 1055 3537 1116 tollere
3570 1058 3905 1134 Splendidi

673 1152 947 1215 vetustis
988 1150 1429 1212 monumentis
1476 1164 1603 1210 non
1657 1147 1827 1217 licet,
1864 1161 2010 1224 quas
2040 1144 2245 1205 lucem
2289 1142 2554 1207 afferant
2586 1147 2665 1208 ad
2704 1148 2999 1228 ejusdem
3042 1149 3503 1230 TheOphyiacti
3541 1152 3911 1233 chronogra

670 1248 885 1325 phiam
937 1244 1418 1309 accuratissime
1470 1241 1917 1322 digerendam.
1952 1242 2072 1302 Pro
2106 1239 2279 1301 virili
2335 1244 2659 1323 agendum
2693 1244 2855 1306 mibi
2888 1254 3008 1322 est,
3045 1255 3114 1309 ut
3158 1247 3299 1327 ejus
3335 1248 3525 1310 vitam
3579 1252 3838 1327 agentis
3878 1270 3910 1312 a

665 1344 953 1408 ﬂorentis
1014 1351 1322 1421 tempora,
1364 1340 1573 1419 quoad
1640 1338 1777 1401 fieri
1835 1338 2218 1418 diligentius
2260 1339 2515 1417 poterit,
2565 1340 2933 1418 proximius
2965 1344 3303 1423 attingam,
3339 1343 3483 1407 luce
3518 1346 3911 1424 potissimur

666 1447 1057 1525 praelucente
1087 1439 1548 1521 Epistolarum,
1573 1440 1710 1501 sive
1745 1456 1904 1519 quas
1938 1438 2254 1501 Baronius
2287 1436 2515 1510 edidit,
2550 1436 2689 1499 sive
2726 1455 2888 1518 quas
2922 1441 3092 1519 typis
3128 1439 3407 1519 vulgavit
3446 1443 3800 1506 Meursius.
3852 1445 3898 1505 ΙΙ

667 1544 779 1605 lud
833 1549 1045 1605 autem
1077 1539 1144 1601 in
1180 1540 1363 1601 lucro
1393 1538 1616 1613 fuerit,
1651 1537 1825 1617 quod
1857 1537 2115 1600 easdem
2179 1551 2296 1597 nos
2335 1535 2653 1615 Epistolas
2687 1536 3133 1617 decerpentes,
3169 1548 3305 1601 tum
3337 1539 3548 1619 ipsius
3578 1540 3902 1621 'l‘heOpliy

670 1639 808 1701 laeti
843 1645 1021 1717 gesta
1060 1637 1243 1714 plura
1278 1634 1444 1697 scitu
1479 1634 1674 1713 digna
1703 1633 2175 1709 enarrabimus,
2208 1642 2344 1694 tum
2379 1633 2571 1695 etiam
2596 1634 2997 1697 adducemus
3042 1652 3171 1698 non
3216 1653 3443 1715 pauca,
3473 1654 3619 1717 quae
3649 1655 3751 1699 res
3793 1640 3907 1719 eju

662 1736 781 1799 mvi
811 1730 1557 1810 ConstantinOpolitanas
1594 1729 1941 1791 illustrant.
3196 1802 3200 1807 _

741 1859 768 1891 α
806 1834 919 1895 His
953 1847 1105 1912 ergo
1140 1848 1218 1891 ex
1248 1828 1559 1905 Epistolis
1596 1827 1812 1910 (verba
1848 1834 2001 1890 sunt
2031 1825 2291 1889 Antonii
2324 1826 2497 1905 Pagii
2522 1830 2600 1888 ad
2632 1844 2875 1889 annum
2911 1829 3081 1903 1071,
3135 1846 3316 1891 num.
3350 1828 3528 1907 Xlll)
3564 1833 3908 1911 Ducangiu

660 1948 998 2013 perperam
1044 1927 1310 1991 deducit
1350 1924 1905 2006 Tbeophylactum
1958 1942 2085 1987 non
2144 1924 2267 1987 sub
2297 1922 2610 1987 Michaele
2649 1928 2844 2000 Duca,
2874 1929 2985 1989 sed
3020 1926 3144 1989 sub
3175 1926 3407 1990 Alexio
3447 1930 3781 1991 Comneno
3818 1931 3909 1991 ﬂo

659 2033 870 2096 ruisse
908 2053 925 2092 :
958 2045 1104 2091 eum
1145 2044 1222 2089 ex
1283 2024 1448 2087 libro
1482 2024 1570 2084 De
1625 2022 2031 2084 institutione
2091 2022 2267 2099 regia
2308 2028 2555 2084 constet
2598 2021 3155 2103 TheOphylactum
3214 2026 3404 2087 etiam
3455 2025 3581 2087 sub
3614 2026 3901 2089 Michael

655 2132 832 2193 Duca
867 2127 1140 2190 vixisse.
1172 2125 1524 2197 sQumnam
1555 2119 2098 2201 argumentationi
2133 2137 2211 2181 ex
2242 2120 2653 2183 Institutione
2690 2124 2869 2202 regia
2897 2140 2932 2185 a
2964 2124 3157 2204 Pagio
3189 2125 3583 2203 deprompta;
3624 2125 3717 2187 vis
3754 2126 3911 2188 insit

660 2224 1045 2289 accuratiori
1079 2239 1274 2302 opera
1304 2219 1802 2299 disquireudum
1838 2224 1958 2278 est.

731 2326 791 2385 8.
829 2325 1020 2384 Liber
1068 2327 1478 2397 nuncupatus
1511 2326 1606 2379 est
1639 2326 1783 2399 Πρὸς
1811 2327 2297 2398 Πορφυρογέννητο

2364 2328 2807 2392 Κωνσταντῖνον,
2840 2317 2923 2379 ad
2954 2316 3442 2380 Constantinum
3477 2318 3902 2400 Porphyroge

650 2422 877 2482 nitum.
914 2420 971 2478 ls
997 2415 1331 2478 Michaelis
1366 2418 1561 2476 Ducm
1591 2422 1653 2476 et
1684 2415 1923 2489 Mariw,
1957 2433 2035 2477 ex
2076 2416 2318 2477 Alanize
2341 2433 2458 2478 seu
2490 2417 2717 2479 lbet-im
2749 2415 3010 2493 regibus
3033 2424 3207 2491 sata),
3240 2414 3411 2477 ﬁlius
3438 2422 3593 2487 erat,
3619 2434 3795 2479 anno
3820 2420 3911 2480 cir

648 2518 809 2580 citer
842 2514 993 2577 107’s
1026 2520 1235 2574 natus.
1270 2514 1730 2589 Desponsatam
1763 2512 1974 2573 eidem
1996 2513 2306 2574 Helenam
2338 2512 2598 2575 Roberti
2634 2512 2973 2575 Guiscardi
2998 2512 3214 2585 ﬁliam,
3249 2521 3508 2573 narrant
3542 2513 3901 2591 scriptores

652 2624 713 2674 et
747 2628 989 2674 annum
1044 2611 1197 2671 1077
1228 2608 1449 2670 deﬁnit
1485 2609 1699 2685 Lupus
1746 2609 2185 2687 Protospatha.
2219 2612 2368 2672 Haac
2404 2610 2661 2688 abrupit
2703 2608 3120 2671 connubialia
3154 2616 3329 2686 pacta
3372 2608 3782 2687 Nicephorus
3821 2612 3911 2671 Bo

651 2710 917 2781 touiata,
953 2708 1063 2787 qui
1124 2721 1294 2768 anno
1357 2705 1512 2767 1078
1563 2706 1901 2783 usurpavit
1940 2705 2313 2783 imperium,
2348 2707 2664 2768 Michaele
2704 2706 3067 2779 deturbate,
3109 2706 3515 2785 remissaque
3568 2708 3642 2767 ad
3680 2719 3911 2784 pati-eu

650 2806 923 2879 Helena,
963 2820 1107 2882 qum
1162 2801 1819 2881 ConstantinOpolini,
1876 2803 1985 2863 ubi
2040 2804 2440 2866 adolesceret
2484 2811 2543 2865 et
2581 2801 2993 2865 excoleretur
3044 2802 3111 2863 in
3162 2803 3334 2876 aula,
3375 2806 3645 2866 adducta
3695 2803 3910 2869 fuerat

650 2907 723 2966 In
756 2900 1147 2964 monasterio
1195 2898 1497 2960 Studensi
1561 2899 1796 2961 reclusi
1835 2902 2106 2980 agebant
2166 2900 2435 2962 Michael
2492 2906 2554 2962 et
2614 2916 2779 2962 uxor
2825 2899 3052 2974 Maria,
3088 2909 3150 2962 et
3196 2901 3663 2963 Constantinus
3702 2902 3885 2964 ﬁlius

650 3000 1001 3063 cumidem
1048 2997 1344 3075 Michael,
1378 2996 1669 3059 detonsis
1704 2999 1982 3077 capillis,
2013 2999 2251 3078 Ephesi
2305 2996 2713 3075 metrOpolita
2745 2997 3201 3071 renuntiatur;
3240 3014 3309 3059 ac
3340 2998 3634 3072 Mariam,
3670 2999 3899 3061 calcati

648 3099 955 3161 Ecclesim
986 3096 1260 3175 legibus,
1295 3110 1563 3155 uxorem
1599 3097 1932 3158 Botoniata
1962 3096 2089 3158 sibi
2173 3094 2535 3175 copulavit;
2575 3092 2852 3173 ejusque
2886 3092 3093 3156 ﬁlium
3134 3095 3631 3157 Constantinum
3668 3096 3905 3179 reduxi

647 3195 715 3257 in
779 3195 1110 3273 palatium.
1149 3191 1518 3277 ‘lmperium
1560 3200 1913 3271 occupante
1965 3192 2195 3255 Alexio
2252 3194 2584 3254 Comneno
2642 3206 2813 3252 anno
2848 3190 3000 3253 1081
3054 3191 3269 3254 dictus
3304 3200 3400 3254 est
3460 3193 3909 3254 Constantinu.

650 3313 679 3348 ι(
716 3292 1031 3370 particeps
1058 3291 1340 3367 imperii,
1378 3312 1407 3345 ι)
1444 3296 1510 3349 ut
1550 3289 1635 3348 ait
1661 3292 1844 3352 Anna
1876 3290 2202 3352 Comuena
2237 3289 2402 3349 libro
2458 3306 2529 3349 ιιι
2560 3288 2925 3361 Alexiados,
2957 3310 2985 3345 ‹‹
3017 3298 3211 3365 atque
3243 3288 3404 3350 adeo
3432 3289 3642 3350 rubris
3662 3289 3905 3351 eothur

647 3389 749 3450 uis
780 3398 1093 3450 etcorona
1127 3385 1467 3465 Augustali
1490 3386 1810 3460 utebatur,
1835 3397 1895 3449 et
1924 3404 2158 3449 nomen
2191 3386 2331 3465 ejus
2362 3403 2506 3448 eum
2530 3385 2737 3447 Alexii
2770 3387 3029 3448 nomine
3056 3384 3636 3465 proclamabatur.»
3671 3387 3751 3447 At
3779 3406 3907 3448 veri

650 3509 677 3543 ιι
715 3485 915 3545 Maria
950 3483 1229 3544 excessit
1259 3483 1515 3560 palatio,
1560 3483 1991 3564 migravit‘que
2026 3484 2092 3544 in
2126 3484 2296 3545 aedes
2329 3500 2362 3544 a
2405 3483 2825 3545 Constantino
2855 3482 3285 3545 Monomacho
3320 3484 3711 3564 imperatore
3765 3502 3894 3546 con

648 3591 922 3644 structas
945 3596 1143 3659 prepe
1174 3582 1487 3659 templum
1520 3582 1735 3660 magni
1774 3582 2074 3661 martyris
2094 3580 2380 3659 Georgii,
2408 3596 2552 3657 quas
2588 3580 2809 3657 lingua
2832 3578 3081 3659 vulgari
3106 3580 3427 3659 Mangana
3454 3579 3585 3642 dici
3616 3580 3835 3643 solent
3864 3598 3903 3641 τη

646 3680 757 3740 ubi
794 3679 1123 3757 reliquum
1153 3678 1297 3737 vitae
1336 3678 1505 3739 inter
1546 3678 2075 3740 sanctimoniales
2108 3679 2349 3755 exegit,
2390 3677 2653 3754 vitaque
2694 3676 2949 3737 mortali
2989 3675 3359 3739 functa’est.

726 3778 877 3837 Haec
910 3776 1126 3837 Maria:
1181 3774 1303 3835 fata
1360 3774 1668 3836 describit
1707 3776 1896 3853 Regia
1928 3776 1990 3834 in
2036 3774 2443 3835 Institutione
2490 3772 3047 3852 TbeOphylactus;
3080 3775 3254 3835 unde
3306 3773 3637 3851 colligitur
3685 3774 3901 3851 primo

646 3892 811 3952 Opus
845 3874 1019 3933 istud
1056 3872 1321 3932 nonnisi
1349 3872 1472 3933 sub
1516 3871 1745 3934 Alexio
1777 3875 2108 3933 (‘omneno
2162 3872 2519 3949 imperante
2579 3871 2912 3949 vulgatum
2958 3886 2992 3931 a
3041 3871 3525 3950 Theophj‘lacto
3560 3870 3773 3933 fuisse
3812 3894 3825 3930 :
3861 3886 3899 3931 at

646 3972 880 4031 deinde
924 3966 1192 4029 Antonii
1232 3966 1405 4042 Pagii
1462 3968 2092 4045 argumentationem
2131 3966 2461 4037 inﬁrmari,
2497 3968 2720 4029 eadem
2760 3984 2837 4027 ex
2875 3967 3073 4046 Regia
3106 3968 3523 4029 Institutione
3554 3966 3897 4046 conjectau

645 4068 753 4134 tis,
783 4064 1087 4125 floruisse
1120 4064 1671 4142 TbeOpbylactum
1702 4065 1825 4125 sub
1853 4061 2163 4125 Michaele
2193 4064 2389 4126 Duca.
2429 4064 2635 4124 Verba
2664 4072 2815 4125 sunt
2845 4064 3054 4141 capite
3087 4067 3124 4124 7
3156 4065 3350 4142 partis
3380 4066 3651 4143 primas:
3690 4086 3719 4120 α
3751 4065 3895 4147 Quig

644 4163 772 4242 ipsi
809 4161 1078 4243 (Moriar)
1114 4158 1319 4239 gloria
1352 4160 1559 4239 regni,
1598 4178 1740 4240 qum
1776 4178 1919 4223 cum
1956 4162 2186 4236 omnia,
2225 4168 2293 4222 ut
2328 4162 2415 4223 ait
2457 4160 2808 4239 Apostolus
2843 4163 2885 4234 1.,
2920 4162 3357 4223 arbitraretur
3390 4172 3700 4234 stercora,
3736 4160 3893 4233 Cliri

646 4270 818 4321 stum
854 4259 1064 4319 solum
1100 4258 1470 4320 lucrifacere
1501 4261 1736 4338 elegit;
1770 4280 1798 4322 ε]
1833 4276 1965 4339 quo
1998 4268 2057 4321 et
2081 4277 2212 4336 erei

2330 4260 2406 4320 de
2445 4265 2647 4320 morte
2685 4258 2923 4333 carnis,
2947 4267 3044 4337 τὴν
3068 4268 3125 4321 ὲν
3158 4267 3307 4339 αὑτῷ
3338 4267 3723 4339 κρυπτομένεν
3751 4268 3891 4338 {mili

643 4353 1073 4417 absconditam
1107 4356 1171 4413 in
1200 4354 1340 4433 ipso
1374 4355 1566 4416 vitam
1595 4357 1828 4417 amavit
1867 4378 1881 4417 ;
1924 4364 1985 4419 et
2014 4358 2108 4419 sic
2158 4372 2483 4417 summum
2537 4353 2731 4433 regite
2774 4356 3039 4435 quidem
3073 4356 3412 4435 dignitatis
3445 4356 3781 4435 fastigium
3832 4374 3891 4421 re

646 4454 891 4531 putavit
957 4454 1347 4526 barathrum,
1384 4452 1773 4515 humilitatis
1834 4466 2046 4517 autem
2104 4470 2251 4534 qua)
2308 4453 2669 4515 secundum
2718 4452 3043 4516 Christum
3102 4463 3221 4525 est,
3255 4455 3715 4517 celsitudinem
3772 4473 3889 4517 ver

644 4548 992 4611 ccelestem.
1027 4549 1207 4611 Adeo
1253 4557 1321 4610 ut
1378 4550 1582 4628 magis
1619 4567 1745 4612 una
1782 4568 1859 4614 ex
1896 4558 2069 4626 parte
2130 4550 2444 4612 mirabilis
2481 4550 2774 4612 videatur
2808 4558 2978 4612 tanta
3024 4552 3313 4621 mutatio,
3350 4561 3411 4613 et
3445 4570 3523 4613 ex
3557 4552 3681 4614 alia
3718 4554 3887 4631 magi

646 4646 945 4726 perfectae
987 4647 1091 4723 ιν]
1130 4646 1340 4724 ipsius
1376 4648 1749 4708 mutationis
1783 4664 2076 4708 summus
2111 4649 2369 4725 gradus.
2403 4646 2500 4706 Ad
2537 4647 2891 4708 solitariam
2935 4666 2997 4707 se
3032 4649 3384 4727 transferre
3425 4651 3641 4723 vitam,
3685 4660 3784 4711 ἐπὶ
3836 4658 3885 4729 τῆ

650 4757 867 4825 μονήρη
905 4755 1022 4825 βίον
1066 4753 1461 4823 μετενεχθῆναι
1494 4743 1727 4822 puellis
1763 4742 1981 4803 multis
2007 4743 2216 4821 contig

2316 4765 2325 4802 :
2361 4744 2475 4803 sed
2513 4745 2713 4822 magis
2749 4742 3183 4816 muliebriter,
3219 4745 3328 4805 sed
3368 4745 3651 4807 mollius.
3677 4750 3882 4813 Verut

648 4844 810 4907 adeo
840 4842 1164 4905 ferventer
1200 4858 1541 4919 pauperem
1574 4840 1859 4902 evasisse
1889 4840 2150 4919 spiritu,
2185 4841 2389 4901 solius
2408 4838 2618 4901 felicis
2653 4839 2864 4901 Maria)
2892 4840 3183 4901 studium
3215 4838 3339 4902 fuit
3362 4850 3425 4903 et
3457 4846 3881 4919 exeu'citatio.1

647 4941 862 5002 Alexii
896 4939 1207 5001 Comneni
1240 4947 1523 5016 tempora
1554 4939 1695 4999 sine
1729 4936 1931 4999 dubio
1976 4938 2199 4999 deﬁnit
2233 4938 2336 4998 hic
2371 4935 2587 4997 Marire
2620 4954 2651 4995 e
2697 4936 2936 5013 palatio
2976 4944 3300 5013 receSSus,
3333 4938 3437 5001 hic
3474 4940 3773 5019 ejusdem
3825 4934 3881 5019 ai

648 5054 871 5101 cessus
904 5036 979 5097 ad
1009 5036 1495 5097 monasterium.

729 5136 827 5194 Ad
862 5134 1033 5195 idem
1076 5140 1397 5210 pertinent
1430 5131 1737 5193 Comueui
1778 5132 2152 5211 imperium,
2196 5152 2339 5212 qua:
2397 5146 2793 5213 sequuntur.
2869 5135 3223 5213 Corporeas
3278 5138 3685 5199 Constantini
3736 5134 3877 5209 dote

649 5230 921 5292 eximias
958 5229 1235 5293 celebrat
1265 5227 1783 5307 'l‘heoiihylactus
1818 5230 2022 5307 capite
2054 5231 2112 5302 Ιι,
2148 5232 2500 5311 ipsumque
2528 5240 2939 5309 reprmsentat
2974 5254 3001 5286 ‹‹
3040 5232 3444 5295 insilientem
3482 5235 3546 5295 in
3590 5252 3859 5315 equum,

651 5338 709 5387 (ιι
746 5351 771 5380 α
802 5328 1045 5388 crebris
1088 5335 1500 5387 exercentem
1537 5342 1678 5385 sese
1722 5327 2046 5401 cursibus,
2094 5354 2121 5382 ››
2161 5340 2221 5389 et
2274 5352 2301 5385 ‹‹
2371 5332 2431 5390 iu
2472 5330 2927 5391 venationibus
2981 5332 3461 5393 antevolantem
3526 5334 3819 5396 comites.

648 5426 794 5484 Hinc
820 5424 1135 5484 eademin
1174 5442 1373 5500 iiii-ro
1409 5424 1533 5501 jam
1568 5426 1879 5499 septonni,
1915 5426 2049 5484 adet
2080 5444 2205 5502 que
2243 5429 2431 5487 vitam
2468 5435 2694 5507 agente
2730 5428 2894 5488 circa
2928 5446 3166 5488 annum
3222 5429 3397 5502 1082,
3462 5428 3676 5491 laudat
3738 5437 3871 5507 Anq

647 5525 973 5582 (Immiena
1012 5522 1134 5582 sub
1180 5519 1442 5581 initium
1482 5519 1627 5579 libri
1667 5537 1733 5579 tu
1765 5521 2153 5581 Alea-indos:
2196 5548 2221 5579 α
2262 5527 2501 5586 Eretea
2538 5526 2899 5603 justissima
2950 5528 3165 5587 matris
3199 5545 3374 5600 cura,
3421 5528 3757 5607 inquiens.
3806 5546 3869 5607 pl

650 5634 853 5696 puero
888 5617 1256 5679 festiv.tatis
1295 5627 1355 5677 et
1390 5618 1725 5695 elegantia:
1752 5618 2167 5686 admirabilis.
2206 5623 2418 5683 adhuc
2473 5623 2849 5700 septenni...
2897 5623 3097 5703 Cujus
3140 5626 3421 5686 suavitas
3463 5627 3603 5685 sive
3642 5618 3869 5707 laquei

651 5714 754 5777 tis.
797 5714 935 5774 sive
972 5714 1269 5775 ludorum
1309 5730 1545 5792 genere
1585 5714 1957 5792 varioquos
2020 5714 2263 5779 ferebat
2320 5731 2493 5782 tetas.
2561 5736 2794 5797 rnrpus
2854 5721 3203 5781 scitissime
3264 5723 3609 5791 moventis,
3662 5714 3867 5805 judiel

652 5812 1110 5887 Spectantium,
1146 5814 1623 5891 ceinparatione
1662 5814 1835 5871 omni
1866 5817 2157 5889 superior
2200 5828 2351 5879 erat.
2398 5846 2422 5870 η

728 5940 738 5965 ³
774 5937 1013 6005 Philipp.
1046 5954 1126 6004 Ill,
1170 5940 1223 5993 8.

3858 4934 3881 5203 1

3858 5448 3871 5593 Ξ

3858 5618 3869 5805 i

3858 5920 3863 6011 J

3859 6040 3861 6127 l

3858 6150 3859 6226 ι
