3966 6400
84 374 127 437 ιτ
900 367 1004 432 ΒΕ
1041 355 1625 428 THEOPHYLACTI
1664 326 1938 414 casus
1975 347 2073 408 ET
2106 342 2475 406 SCtth't‘lS.
3308 328 3379 394 ιδ

136 496 387 576 Regiam
432 511 609 575 ergo
636 509 825 558 suam
857 488 1345 553 Imtitutionem
1395 470 1851 576 Constantino
1887 463 2202 529 obtulerit
2260 455 2816 576 TlteOpllylaClus‘,
2875 448 3380 576 Alexiohihmpe'.

79 543 271 657 tantoa:
305 594 491 674 quod
518 543 801 655 linﬁcias
842 590 1037 652 iverit
1070 601 1285 649 nemo.
1322 576 1578 642 Atinde
1611 580 1681 635 ut
1704 569 1942 649 Pagius
1989 570 2451 674 argumentum
2469 560 2830 674 .prqmcret,
2869 543 3386 674 quo’J'i’heoLihy-

84 697 278 754 tactum
307 644 453 773 3am
498 700 699 756 antea
734 697 795 753 et
831 687 959 751 sub
988 683 1303 749 Michaele
1338 683 1512 741 Duca
1540 644 1846 737 ﬂoruisse
1874 666 2226 731 *suaderet,
2266 661 2399 722 haec
2438 655 2538 719 illi
2576 654 2850 719 fortasse
2919 648 3171 759 indicia
3226 644 3377 755 fuc-

84 798 225 852 runt.
260 744 397 851 Si’bi
442 807 745 868 namque
780 811 810 844 ‹‹
846 784 1189 848 notissima
1217 802 1246 835 ν
1278 776 1489 839 fuisse
1513 773 1598 835 ait
1635 768 1958 847 Bulgarus
1997 763 2205 844 capite
2246 762 2307 823 6.
2355 782 2382 814 α
2416 758 2796 818 ornamenta
2832 748 3048 868 OLDlliS
3090 744 3380 855 generis,

86 889 130 946 in
154 905 371 948 eorum
402 887 543 949 vita
574 845 919 963 rebusque
958 881 1157 963 gestis
1190 873 1540 945 elucentia,
1599 883 1883 948 quorum
1936 882 1968 927 e
2005 859 2353 963 sanguine.
2388 858 2736 963 satus-erat
2795 872 2824 907 ιο
2860 845 3380 963 Constantinus:

84 985 160 1045 avi
187 984 440 1047 scilicet
497 941 925 1046 Constaniini
958 941 1177 1050 cDucti),
1217 971 1436 1056 quiab
1458 941 1637 1033 anno
1663 966 1819 1029 1039
1854 961 2067 1027 tenuit
2115 954 2478 1056 imperium
2524 951 2602 1014 ad
2639 961 3138 1056 annum‘usq-ue
3200 941 3384 1056 1067,

85 1092 128 1140 et
179 1081 528 1145 Michaelis
565 1085 769 1144 Ducas
807 1076 1036 1160 patris.
1064 1040 1257 1137 Hunc
1285 1086 1439 1133 vero
1474 1068 1751 1149 ejusque
1783 1070 1961 1143 gesta
2004 1057 2068 1119 in
2111 1052 2389 1133 imperio
2456 1050 2543 1112 ita
2573 1040 3387 1157 commendutTheOphy-

86 1178 279 1252 lactus,
318 1185 391 1241 ut
422 1197 502 1242 se
538 1195 697 1241 cum
731 1141 826 1239 eo.
846 1173 1000 1237 satis
1036 1172 1278 1235 indicet
1310 1175 1635 1231 versatum
1673 1141 1818 1225 esse
1858 1180 1871 1220 :
1909 1180 1938 1213 ι
1978 1152 2414 1218 Divinissimo
2456 1146 2617 1227 patri
2650 1155 2789 1219 tuo,
2824 1141 3172 1223 inQuienS.
3240 1155 3389 1218 qum

86 1276 308 1338 virtutis
343 1275 626 1354 species
651 1275 950 1339 animum
982 1288 1114 1335 non
1149 1265 1572 1331 devinxerat?
1605 1264 1734 1323 Aut
1784 1259 2044 1322 cuinam
2077 1254 2132 1316 is
2174 1250 2365 1316 alteri
2392 1248 2493 1313 vel
2536 1247 2606 1309 in
2670 1242 3099 1310 humanitatis
3163 1240 3388 1354 studio

88 1373 311 1447 primas,
352 1335 461 1435 v‘el
509 1374 580 1434 in
614 1388 818 1435 sacrm
848 1368 1160 1432 doctrinm
1198 1370 1493 1426 accurata
1523 1356 1972 1438 exquisitione
2006 1349 2384 1415 concessit?
2431 1346 2550 1409 Cui
2588 1350 2793 1406 totum
2825 1340 3183 1419 imperium
3221 1335 3392 1399 nihil

85 1440 181 1529 luit
215 1469 430 1545 aliud,
479 1470 619 1532 nisi
657 1469 809 1532 libri
843 1476 907 1530 et
938 1462 1435 1529 dissertationes
1458 1460 1798 1521 doctorum
1847 1453 2235 1523 hominum;
2266 1456 2329 1511 et
2362 1454 2473 1509 aut
2504 1442 2795 1524 proferre
2829 1440 3047 1521 ipsum
3099 1456 3178 1501 ex
3212 1455 3391 1508 sese,

86 1577 170 1627 aut
197 1566 272 1629 ab
304 1538 446 1630 alio
484 1568 727 1629 audire
763 1563 1079 1646 quiddam
1118 1578 1199 1624 ex
1243 1555 1631 1636 antiquitate
1662 1552 1829 1617 scitu
1871 1552 2169 1631 dignum.
2209 1570 2238 1605 ι
2267 1545 2561 1611 Celebrat
2627 1541 2822 1603 etiam
2863 1538 3393 1646 cumulatissime

88 1664 279 1726 laudes
315 1665 583 1735 Marias,
627 1634 1099 1742 sive-degentis
1126 1658 1194 1721 in
1232 1634 1659 1723 monasterio,
1700 1652 1840 1714 sive
1866 1650 2047 1730 prius
2074 1642 2537 1724 imperatricis,
2573 1649 2630 1703 et
2668 1644 2984 1715 Augustm
3027 1637 3090 1699 in
3129 1634 3391 1705 throno,

88 1829 489 1938 imposuerit,
515 1877 815 1941 quorum
840 1857 957 1921 alii
989 1873 1061 1919 os
1103 1855 1450 1934 ﬁngerent,
1492 1851 1918 1928 linguamque
1964 1844 2323 1907 formarent
2357 1840 2502 1919 ejus
2539 1859 2555 1912 ;
2590 1835 2701 1900 alii
2760 1834 3147 1914 subigerent
3195 1829 3400 1893 disci-

90 1930 390 2031 plinarum
425 1930 791 2037 praeceptis
827 1956 1146 2027 animum,
1188 1930 1482 2015 historim
1519 1946 1634 2026 alii
1670 1945 1966 2009 notitiam
2002 1941 2359 2011 traderent,
2398 1962 2425 1995 ››
2452 1944 2524 2001 ut
2558 1935 2841 2016 legimus
2878 1933 3089 2012 capite
3123 1932 3223 1993 13.
3261 1930 3398 1992 Hos

87 2028 224 2116 inter
250 2028 571 2119 numerat
602 2028 677 2118 se
700 2053 1229 2137 Theophylactus
1265 2073 1279 2112 :
1316 2072 1344 2106 α
1379 2048 1587 2128 Regio:
1620 2043 2064 2137 Institutionis
2125 2038 2626 2106 munusculum,
2666 2031 3009 2113 inquiens,
3044 2031 3247 2094 affero
3278 2028 3397 2090 tibi

88 2152 499 2233 irrequisitus
536 2162 605 2215 et
645 2132 1059 2216 voluntarius
1099 2147 1403 2228 magister
1433 2153 1588 2207 tuus
1629 2159 1646 2218 ;

1835 2147 2083 2220 :cpot'ipat
2127 2146 2239 2219 γὰρ
2300 2142 2381 2233 τῷ
2419 2142 2719 2213 ὀνόματι...
2758 2138 3039 2204 Βασιλέως
3076 2135 3401 2207 καθηγητὴς

91 2260 597 2331 πρῡσκςιλούμενος,
640 2273 670 2306 σι
708 2249 977 2311 exsulto
1009 2226 1291 2326 namque
1330 2252 1395 2307 et
1425 2241 1657 2323 glorion

1836 2238 2113 2309 momine,
2175 2226 2351 2315 quod
2392 2229 2810 2311 imperatoris
2877 2237 3240 2309 prmceptor
3288 2243 3402 2306 ap-

92 2323 283 2424 peller.
324 2374 357 2407 ι
389 2323 759 2429 Filiiergo
791 2323 1205 2409 Constantini
1250 2348 1607 2421 praeceptor
1644 2355 1679 2401 a
1729 2335 2046 2400 Michaele
2079 2342 2142 2397 et
2183 2330 2383 2394 Maria
2441 2328 2827 2409 parentibus
2862 2323 3401 2405 'l‘heOphylactus

90 2446 352 2509 delectus
377 2447 930 2527 designatusque
966 2440 1246 2504 videtur.

147 2546 202 2605 9.
234 2546 391 2608 Haec
422 2520 673 2607 eadem
702 2520 1007 2621 tempora
1042 2538 1284 2602 indicat
1315 2536 1458 2617 ejus
1486 2533 1765 2615 epistola
1796 2547 1945 2612 qum
1975 2530 2147 2591 inter
2200 2525 2608 2589 Meurs‘ianas
2645 2529 3028 2587 numeratur
3081 2520 3190 2594 Ιώ,
3254 2520 3399 2583 data

90 2650 147 2720 τῷ
179 2652 467 2724 φιλθσόφῳ
512 2651 701 2723 κυρίῳ
736 2617 1001 2720 Ἰωάννῃ,
1055 2635 1308 2699 domino
1341 2634 1585 2698 Joanm'
1637 2651 1656 2713 1

1836 2629 2050 2709 rapito.
2108 2627 2167 2687 ls
2217 2632 2316 2688 est
2357 2625 2647 2686 Joannes
2685 2619 2915 2695 Italus,
2941 2618 3057 2699 qui
3099 2617 3180 2679 ab
3212 2618 3402 2679 Anna

91 2714 398 2805 commenti
431 2714 635 2804 'librn
670 2714 711 2804 v
745 2714 1105 2800 'Alexiudos
1131 2744 1253 2798 κατ’
1288 2742 1483 2814 ἐξοχὴν
1515 2737 1785 2796 vocatur
1813 2726 2048 2801 Italus,
2080 2732 2307 2804 utpote
2349 2739 2430 2784 ex
2464 2720 2649 2783 Italia
2711 2717 3063 2783 oriundus.
3121 2718 3215 2779 De
3252 2714 3401 2794 ipso

93 2846 260 2916 agunt
302 2839 675 2904 Conradus
699 2839 1043 2900 Gesnerus
1078 2837 1143 2896 in
1172 2812 1574 2896 Bibliotheca
1621 2823 1997 2899 universali,
2036 2820 2399 2886 Casimirus
2460 2817 2773 2880 Oudinus
2825 2817 2915 2877 De
2965 2812 3406 2895 scriptoribus

92 2911 562 3012 ecclesiasticis,
615 2933 947 2999 Antonius
982 2931 1216 3013 Pagius
1249 2929 1327 2993 ad
1354 2944 1598 2991 annum
1630 2922 1809 2998 1083,
1840 2931 1912 2986 ut
1944 2929 2212 2984 caeteros
2242 2916 2755 2998 printer-mittam.
2812 2913 3156 2977 Michaelis
3202 2911 3404 2973 Pselli

96 3033 449 3113 discipulus
494 3008 788 3112 primum
827 3028 979 3104 fuit,
1012 3008 1253 3091 deinde
1283 3025 1590 3098 aemulus,
1632 3019 2089 3103 philosophica
2117 3016 2495 3080 eruditione
2554 3012 2987 3077 clarissimus.
3052 3008 3410 3090 Theophy-

94 3130 210 3193 lacti
238 3107 321 3195 ad
356 3107 598 3212 ipsum
640 3131 835 3193 verba
857 3136 1012 3192 sunt
1040 3149 1115 3190 τι
1150 3126 1427 3205 Nosjam
1463 3122 1668 3185 multo
1698 3119 1935 3183 abhinc
1959 3128 2279 3197 tempore,
2320 3130 2537 3192 neque
2571 3111 2819 3184 vidisti,
2860 3127 3076 3189 neque
3110 3109 3176 3172 in
3204 3107 3404 3170 rebus

96 3205 477 3294 necessariis
522 3228 775 3293 favisti.
816 3252 847 3288 »
881 3229 1051 3290 Tum
1084 3227 1229 3308 ejus
1268 3222 1777 3306 philosophiam,
1812 3242 1841 3276 α
1872 3218 2063 3298 cujus
2105 3213 2413 3279 ultimum
2434 3212 2567 3292 jam
2603 3210 2946 3274 scanderat
2977 3205 3344 3288 fastigium,
3372 3230 3404 3265 ι

98 3326 375 3405 impense
405 3327 671 3401 laudat.
714 3348 744 3383 α
778 3325 989 3392 Nobis
1022 3304 1415 3398 autem,—ait,
1455 3337 1681 3402 puram
1714 3318 1922 3389 illam,
1957 3324 2021 3378 et
2056 3313 2370 3392 utrinque
2399 3314 2804 3375 constantem
2837 3306 3239 3371 invictorum
3276 3304 3407 3367 im-

98 3438 484 3502 peratorum,
537 3433 910 3505 παραμιλλων
955 3430 1247 3503 βασιλέων,
1300 3419 1664 3483 benevolen

955 3430 1247 3503 βασιλέων,
1300 3416 1833 3483 benevolentiam
1864 3413 2134 3477 assidue
2173 3410 2439 3474 exhibe.
2482 3432 2510 3465 ιο

156 3522 383 3585 Varias
420 3523 576 3585 Itali
618 3504 794 3585 vices
817 3538 893 3584 ac
923 3519 1049 3587 fata
1084 3520 1307 3599 paucis
1343 3533 1658 3591 memoro,
1687 3522 1759 3577 ut
1792 3511 2091 3593 epistola)
2116 3510 2190 3572 ad
2243 3509 2462 3589 ipsum
2496 3506 2661 3569 datm
2717 3516 2977 3583 tempus
3012 3504 3404 3569 innotescat.

102 3617 171 3679 Ex
199 3622 392 3683 Anna
419 3621 765 3683 Comueua
793 3619 939 3683 loco
962 3618 1153 3681 citato
1184 3616 1614 3688 addiscimus,
1644 3611 1863 3694 jurgia
1897 3609 2182 3674 movisse
2214 3606 2438 3686 ipsum
2496 3611 2722 3667 contra
2780 3602 3100 3678 Psellum,
3164 3621 3245 3666 ex
3308 3603 3411 3666 bis

99 3715 601 3780 admirationem
634 3716 762 3779 sibi
790 3724 857 3780 et
908 3716 1208 3795 plausum
1269 3727 1681 3793 comparasse
1713 3727 1843 3773 non
1900 3708 2115 3772 solum
2166 3705 2400 3787 plebis,
2438 3720 2664 3765 verum
2698 3702 2894 3766 etiam
2961 3710 3336 3782 magnatum
3391 3721 3408 3759 :

99 3814 290 3879 favore
347 3816 654 3897 potitum
688 3828 835 3878 esse
872 3814 1208 3878 Michaelis
1242 3816 1437 3877 Ducas
1466 3808 1901 3891 imperatoris.
1939 3807 2213 3881 missum
2247 3802 2443 3888 etiam
2477 3799 2558 3863 ab
2588 3816 2668 3863 eo
2700 3814 2878 3863 anno
2924 3798 3187 3862 circiter
3254 3801 3414 3863 £073

100 3916 159 3977 ad
213 3896 457 3977 urbem
527 3913 996 3992 Epidamnum,
1055 3914 1194 3975 sivo
1255 3910 1714 3992 Dyrrachium,
1780 3913 1851 3969 ut
1899 3912 2126 3968 contra
2177 3900 2453 3963 bellicos
2505 3900 3042 3961 Normannorum
3094 3896 3163 3959 in
3226 3898 3414 3964 Italia

104 4019 291 4075 motus
315 4009 907 4090 invigilaretzsed
939 4009 1141 4073 veluti
1181 4010 1261 4073 de
1299 4008 1674 4089 proditione
1724 4006 2121 4074 incusatum,
2183 3997 2442 4080 fugisse
2502 3997 2774 4059 Romam
2813 4018 2833 4087 :w
2865 3996 3061 4059 citius
3122 4003 3412 4061 attamen

102 4118 459 4173 revocatum
485 4084 1163 4187 EonstantinOpolim,
1190 4084 1419 4187 ibique
1445 4129 1475 4171 α
1505 4104 1945 4185 principatum
1962 4095 2392 4180 professionis
2429 4084 2904 4174 phil050phiCaa
2937 4118 2968 4152 ι
2994 4094 3409 4161 obtinuisse:

103 4204 235 4270 hanc
300 4208 508 4268 illum
575 4204 793 4284 egisse
836 4206 1124 4287 denique
1160 4222 1446 4278 scenam,
1478 4204 1688 4266 donec
1716 4201 1977 4274 Alexio,
2014 4196 2131 4279 qui
2187 4211 2361 4257 anno
2398 4193 2549 4256 1081
2627 4193 2981 4272 capessivit
3029 4193 3411 4271 imperium,

102 4314 163 4368 de
194 4307 399 4385 impia
441 4304 743 4367 doctrina
798 4312 1169 4385 suspectus,
1229 4304 1308 4367 ad
1374 4303 1681 4367 Ecclesim
1741 4296 2023 4361 tribunal
2085 4293 2345 4358 delatus
2384 4300 2934 4372 est,.percussus
2973 4293 3411 4368 anathemate,

102 4419 157 4463 ac
175 4404 229 4465 si
267 4428 297 4460 ι
333 4399 976 4481 metempsychosim
1015 4424 1045 4460 in
1078 4401 1435 4476 docuisset,
1468 4426 1497 4459 α
1557 4395 1969 4463 venerabiles
2002 4400 2457 4456 contemneret
2522 4398 2899 4454 sanctorum
2968 4391 3313 4473 imagines,
3382 4418 3410 4451 ιι

101 4498 382 4581 aliosque
429 4500 773 4578 vulgasset
807 4514 1087 4565 errares.

163 4596 298 4657 iam
335 4593 598 4673 colligo
633 4592 1043 4670 superiorem
1076 4594 1549 4676 TheOphylacti
1582 4592 1925 4674 epistolam
1958 4593 2171 4656 datam
2199 4606 2330 4654 non
2362 4605 2511 4653 esse
2545 4588 2867 4652 Alexiano
2900 4596 3231 4669 tempore;
3269 4590 3406 4670 [Vl]

106 4689 296 4754 datam
331 4706 501 4755 vero
532 4689 667 4753 dici
701 4690 967 4766 debere,
1004 4710 1153 4756 cum
1185 4694 1388 4757 Italus
1414 4693 1630 4756 adhuc
1654 4700 1829 4755 esset
1864 4688 2369 4771 imperatoribus
2414 4694 2747 4767 acceptus,
2809 4694 2872 4748 et
2929 4686 3406 4767 imperatorum

106 4784 626 4853 benevolentiam
664 4787 1011 4865 impetrare
1042 4789 1530 4871 Theopbylacto
1562 4798 1803 4871 posset.
1826 4789 2008 4864 Quos
2032 4803 2155 4867 ego
2184 4787 2610 4865 imperatores
2648 4785 3091 4847 intellexerim
3124 4786 3415 4851 Michae-

110 4886 212 4947 lem
244 4888 525 4961 Ducam,
563 4894 628 4947 et
659 4886 925 4949 Mariam
955 4887 1323 4969 conjugem.
1360 4888 1583 4952 Fuerit
1628 4905 1786 4951 vero
1819 4889 1959 4967 ipsa
1992 4886 2196 4948 Maria
2229 4886 2639 4963 imperatrix,
2701 4892 2763 4944 et
2804 4883 3216 4962 Nicephorus
3278 4888 3409 4949 Bo-

111 4983 327 5048 toniata
354 4985 729 5081 imperator
768 5005 784 5045 :
825 5001 982 5048 sane
1012 5003 1160 5049 cum
1194 4986 1885 5067 htec‘l‘heOphylactus
1920 4984 2259 5059 scriberet,
2295 5001 2365 5046 se
2416 5006 2446 5039 α
2484 4982 2615 5063 jam
2685 4981 2893 5044 multo
2944 4982 3187 5046 abhinc
3247 4991 3412 5061 tem.

112 5098 242 5157 pore
276 5104 306 5137 ι
344 5078 487 5144 non
514 5078 730 5153 visum
764 5082 846 5143 ab
878 5083 1038 5145 Italo
1062 5084 1311 5159 aiebat;
1342 5094 1411 5148 ut
1445 5084 1598 5147 hinc
1629 5101 1893 5149 sumere
1927 5081 2250 5146 iudicium
2305 5081 2501 5145 liceat
2553 5080 2855 5160 imperii,
2915 5080 3095 5161 quod
3130 5082 3409 5147 Michael

113 5188 243 5242 tunc
269 5178 772 5242 administraret
802 5180 880 5240 ad
916 5197 1159 5243 annum
1197 5199 1407 5264 usque
1445 5184 1621 5257 1078,
1653 5198 1788 5262 quo
1836 5181 2175 5243 Botoniata
2209 5179 2552 5243 successit.

177 5277 268 5341 10.
303 5274 924 5355 Chronographiam
966 5281 1301 5342 continuat
1334 5280 1631 5360 ejusdem
1668 5280 1873 5356 prima
1908 5277 2188 5357 epistola
2213 5275 2295 5338 ad
2330 5277 2610 5339 Mariam
2654 5278 3160 5357 imperatricem,
3217 5279 3412 5360 cujus

116 5386 395 5455 excerpta
449 5373 775 5436 Barouius
832 5375 1099 5439 exhibet
1143 5380 1222 5441 ad
1268 5396 1513 5441 annum
1559 5378 1738 5453 1071,
1801 5395 1983 5439 num.
2046 5376 2220 5438 XVI.
2264 5375 2472 5437 Verba
2532 5386 2687 5437 sunt
2723 5396 2739 5436 :
2781 5395 2810 5430 α
2870 5376 3216 5439 Descendo
3279 5378 3419 5458 igi-

119 5481 203 5532 tur
228 5474 303 5532 ad
337 5472 689 5551 Bulgaros,
726 5490 792 5533 re
844 5473 1629 5553 ConstantinOpotitanus,
1668 5476 1953 5551 hospitio
2014 5472 2615 5554 Bulgarus,cariem
2675 5472 3015 5553 situmque
3073 5476 3413 5550 redoleas,

122 5582 173 5628 ut
235 5570 331 5632 illi
394 5569 678 5648 pellium
742 5572 1078 5650 pedorem.
1150 5599 1177 5630 υ
1245 5573 1521 5637 ltedibat
1564 5574 1816 5636 scilicet
1874 5573 1950 5633 ad
2021 5586 2206 5633 suam
2267 5569 2625 5632 Ecclesium
2692 5571 2757 5631 in
2790 5570 3189 5650 Bulgariam,
3236 5576 3414 5638 unde

121 5679 361 5730 venerat
394 5667 1079 5747 Constantinopolim.
1116 5673 1331 5753 Pergit
1396 5687 1548 5736 vero
1582 5694 1597 5734 :
1634 5695 1663 5729 α
1696 5673 1848 5735 Hmc
1880 5672 2103 5751 itaque
2133 5666 2329 5732 senili
2362 5684 2474 5731 ore
2507 5676 2733 5732 sancto
2762 5668 3045 5750 imperio
3083 5680 3194 5735 tuo
3214 5674 3416 5755 jocati

122 5779 351 5827 sumus.
393 5789 423 5823 ι

190 5862 479 5926 Titulum
515 5862 967 5942 imperalricis
998 5868 1201 5931 tenuit
1241 5868 1445 5933 Maria
1490 5869 1615 5933 sub
1646 5868 1966 5934 Micbaclo
2009 5870 2209 5946 Duca,
2244 5866 2459 5948 primo
2493 5866 2637 5949 ejus
2672 5866 2834 5944 viro,
2874 5866 3220 5950 tenuitque
3276 5876 3419 5949 pOst
