3966 6416
644 318 713 383 19
1448 323 1672 385 BERN.
1711 325 1976 387 MARLE
2018 327 2113 387 DE
2150 328 2201 389 Β

2350 329 2438 389 ilS
2482 330 2990 396 DISSERTATIO
3836 334 3916 396 20

638 434 1079 505 annumto78,
1126 434 1631 513 subNicephoro
1666 436 2024 509 Botoniata,
2058 441 2170 518 qui
2206 441 2330 502 sibi
2388 460 2525 503 eam
2574 444 2902 520 copulavit
2952 460 3221 505 uxorem
3286 468 3299 503 :
3354 444 3523 505 unde
3584 446 3708 507 sub
3768 445 3915 507 luet:

636 539 925 606 tempora
961 529 1168 590 datam
1205 530 1364 592 hanc
1393 548 1424 591 a
1459 530 1939 610 TheOphylacto
1965 536 2327 613 epistolam,
2355 548 2624 601 constat.
2654 541 2720 601 ιη
2752 557 2823 601 ea
2840 545 2971 618 jam
3003 556 3229 602 senem
3260 548 3439 601 vocat
3467 557 3636 611 sese,
3684 541 3745 601 id
3792 551 3902 602 est

635 626 838 685 aetatis
864 626 993 704 jam
1031 635 1346 702 provectte
1377 650 1389 687 :
1423 636 1484 688 et
1515 628 1646 689 haec
1677 630 1818 707 ejus
1851 632 2091 705 smilis,
2129 641 2238 693 aut
2282 643 2433 695 tetas
2463 642 2757 711 provecta
2787 634 3001 712 ipsum
3045 636 3188 696 sine
3246 635 3446 697 dubio
3478 636 3739 696 exhibet
3773 638 3914 698 sub

635 722 973 784 Botoniata
1009 732 1072 783 et
1112 722 1423 784 Michaele
1483 727 1651 785 Duca
1684 726 1916 787 litteris
1945 745 2015 788 ac
2039 728 2349 806 dignitate
2387 732 2744 791 llorentem.
2778 730 2954 791 Alias
3009 730 3325 793 Baronius
3357 732 3538 791 atiert
3599 733 3911 809 ejusdem

635 819 944 899 epistolas
972 821 1046 881 ad
1079 836 1319 881 annum
1353 822 1531 897 1073,
1572 840 1603 884 a
1632 841 1807 884 num.
1842 826 2196 897 LXXXIII,
2231 825 2469 903 quibus
2502 826 2773 887 indicari
2805 838 2977 905 putat
3021 828 3233 905 gentis
3262 829 3673 891 Crabatorum
3721 828 3909 888 irru-

636 917 915 993 ptiones,
946 934 1111 996 qum,
1152 917 1421 979 testibus
1453 919 1811 999 Nicephoro
1842 919 2174 991 Briennio,
2212 931 2273 983 et
2306 923 2708 1001 Cumpalata,
2740 933 2800 985 et
2840 926 3106 1000 Zonara,
3142 950 3169 980 α
3205 925 3393 986 tertio
3420 941 3591 985 anno
3618 926 3893 1001 imperii

633 1012 1017 1093 (Michaelis)
1042 1015 1406 1094 Bulgariam
1438 1032 1750 1094 occupare
1769 1030 2067 1096 aggressa
2110 1026 2231 1089 est,
2267 1036 2337 1083 ac
2370 1022 2658 1099 quaedam
2688 1022 2828 1083 loca
2856 1022 3049 1101 oepit.
3090 1045 3117 1078 ››
3148 1023 3359 1083 Satius
3391 1020 3614 1097 fuerit,
3667 1023 3903 1085 virum

632 1112 1083 1175 doctissimum
1118 1115 1196 1173 de
1230 1114 1328 1174 bis
1360 1116 1726 1175 consulere.

2203 1291 2304 1350 IV.

628 1441 926 1522 Floreth
985 1442 1117 1501 sine
1158 1440 1345 1522 dubio
1395 1442 1509 1501 sub
1552 1441 1779 1503 Alexio
1838 1442 2157 1522 Comneno
2194 1444 2625 1522 imperatore,
2660 1440 2959 1522 Ejusdem
3006 1443 3466 1521 Theophylacti
3498 1444 3775 1521 epistola
3812 1442 3909 1503 ad

705 1520 1129 1597 Nicephorum
1159 1520 1564 1581 Melissenum
1596 1523 1922 1592 Casuram,
1959 1522 2068 1581 ubi
2117 1520 2191 1581 de
2250 1521 2683 1600 imperatoris,
2709 1520 2843 1580 'aut
2900 1520 3332 1594 Constantini,
3387 1532 3500 1582 aut
3534 1520 3909 1584 ’Michaelis

702 1610 921 1659 morte.
955 1601 1111 1660 Item
1148 1600 1229 1659 ad
1252 1600 1630 1679 Gregorium
1659 1601 2082 1662 Camaterum.

708 1743 804 1800 11.
847 1737 967 1799 Sed
1006 1737 1209 1805 Alexii
1239 1738 1547 1799 Coinneni
1581 1738 1961 1817 imperium,
2001 1728 2360 1800 anno'1081
2410 1739 2761 1816 inceptum,
2802 1738 3093 1816 attigisse
3128 1737 3714 1815 Theophylactum,
3747 1741 3889 1817 jam

621 1835 864 1897 evincit
896 1834 1034 1913 ejus
1063 1835 1257 1911 Regia
1288 1834 1646 1907 Institutio,
1680 1834 2070 1899 subeodem
2105 1838 2398 1915 Augusto
2429 1839 2506 1895 ad
2537 1835 3025 1896 Constantinum
3065 1830 3691 1912 Porphyrogenitum
3731 1854 3903 1896 nun-

622 1940 875 2009 cupata,
915 1938 983 1990 ut
1008 1930 1458 1991 adnotavimus
1494 1948 1673 1992 num.
1698 1932 1758 1992 8.
1793 1933 1949 1993 Rem
1978 1930 2130 1993 facit
2154 1931 2487 1994 indubiam
2520 1932 2794 2007 epistola
2852 1932 3021 1992 inter
3060 1932 3465 1991 Meursianas
3500 1932 3709 2004 tertia,
3746 1932 3900 1992 data

620 2026 872 2087 domino
896 2025 1161 2091 Nicolao
1186 2028 1595 2103 patriarchae,
1620 2027 1732 2105 qui
1768 2028 1987 2089 sedein
2015 2028 2789 2104 Constantinopolitanam
2814 2043 2984 2088 anno
3021 2025 3176 2088 1081s
3204 2028 3607 2101 conscendit,
3634 2029 3897 2089 tenuit-

621 2139 752 2201 que
785 2124 861 2186 ad
899 2140 1140 2185 annum
1184 2125 1595 2186 undecimum
1632 2125 1849 2186 seaculi
1886 2125 2286 2187 duodecimi.
2322 2124 2557 2185 Recole
2598 2124 2764 2184 dicta
2812 2140 2989 2184 num.
3023 2127 3083 2184 6.

705 2220 801 2281 12.
840 2220 1125 2296 Epistula
1159 2222 1234 2281 12
1264 2219 1345 2279 ad
1376 2220 1678 2282 Caesarem
1708 2220 1846 2285 data
1882 2231 2001 2286 est.
2037 2220 2471 2295 Nicephorum
2492 2236 2722 2297 nempe
2754 2218 3185 2306 Melissequm
3220 2240 3233 2276 :
3270 2240 3299 2275 α
3336 2220 3447 2298 qui
3479 2220 3557 2281 ab
3588 2220 3901 2281 exercitu

620 2314 969 2394 imperator
995 2313 1419 2393 proclamatus
1445 2313 1682 2394 (verbis
1708 2323 1851 2377 utor
1881 2315 2298 2379 Dufresniiin
2329 2318 2669 2379 Stemmate
2704 2317 3181 2393 Comnenorum
3223 2332 3403 2379 num.
3431 2316 3537 2395 ιν)
3575 2325 3902 2395 potestate

624 2412 853 2473 uxoris
886 2411 1193 2473 Eudocia)
1234 2410 1445 2483 fratri,
1486 2410 1711 2470 Alexio
1744 2412 2097 2480 Conmeno.
2132 2412 2303 2476 ultro
2346 2414 2561 2485 cessit,
2591 2412 2857 2474 Caesaris
2893 2410 3078 2473 titulo
3116 2418 3487 2473 contentus.
3542 2436 3571 2468 ι
3600 2414 3899 2475 Cmsarea

623 2508 939 2586 dignitate
971 2508 1248 2571 donatus
1282 2509 1375 2567 est
1411 2524 1522 2566 vni
1557 2506 1825 2585 Aprilis,
1857 2505 2013 2568 feria
2055 2526 2089 2568 v
2129 2508 2547 2577 hebdomadis
2579 2508 2907 2571 Paschalis
2932 2523 3103 2569 anno
3129 2507 3306 2577 1082,
3372 2509 3791 2586 excessitque
3861 2528 3899 2571 e

621 2606 751 2666 vita
793 2606 898 2667 die
932 2624 1067 2666 xvn
1102 2605 1503 2675 Novembris,
1532 2604 1891 2671 indictione
1920 2623 2059 2678 xm,
2092 2622 2263 2669 anno
2295 2606 2533 2671 Christi
2572 2604 2749 2673 1101s.
2786 2606 2872 2666 Ea
2905 2603 3126 2682 itaque
3165 2603 3441 2681 epistola
3470 2614 3612 2682 post
3638 2621 3898 2666 annum

621 2702 778 2763 1082
807 2719 840 2763 a
872 2700 1352 2779 Tlie0phylacto
1388 2699 1646 2771 scripta.

703 2823 853 2885 Haec
886 2823 948 2882 in
984 2822 1204 2882 eadem
1246 2819 1565 2882 habentur
1594 2818 1783 2880 verba
1819 2840 1889 2879 :«
1928 2820 2150 2882 Aﬂinis
2182 2822 2276 2883 tui
2311 2819 2727 2898 imperatoris
2779 2826 3077 2890 mortem,
3113 2816 3300 2895 cujus
3334 2816 3695 2877 sanctitatis
3746 2818 3895 2877 vir-

620 2928 792 2980 tutes
824 2933 1049 2979 omnes
1082 2924 1137 2977 et
1176 2916 1409 2995 gratias
1444 2932 1562 2996 ego
1594 2914 1737 2991 ipse
1769 2916 2106 2994 potissime
2167 2933 2310 2979 sum
2346 2923 2675 2992 expertus,
2706 2915 2878 2975 unde
2909 2914 3169 2992 planctu
3202 2913 3439 2989 dignus
3474 2918 3534 2973 et
3570 2922 3897 2989 perpetuo

620 3014 800 3077 luctu
844 3013 1003 3077 mihi
1031 3013 1142 3073 ille
1186 3014 1470 3086 videtur,
1508 3012 1564 3074 si
1596 3009 1791 3073 alicui
1836 3011 2021 3075 alteri
2055 3014 2292 3074 etiam:
2332 3013 2533 3085 illam,
2567 3015 2861 3091 inquam,
2918 3010 2984 3071 in
3020 3010 3385 3087 expeditam
3420 3010 3619 3074 animi
3669 3027 3900 3088 prom-

618 3111 1007 3189 ptitudinem
1046 3111 1352 3188 accipies.
1388 3132 1419 3171 »
1452 3111 1746 3185 Quonam
1777 3110 1857 3171 de
1882 3100 2267 3188 imperatore
2303 3110 2423 3169 vita
2461 3110 2680 3169 functo
2713 3122 2928 3169 sermo
2959 3107 3084 3177 ﬁat,
3119 3122 3246 3167 non
3289 3104 3376 3166 ita
3431 3108 3893 3183 perspicuum.

618 3211 784 3269 Num
846 3208 1043 3272 fuerit
1096 3208 1559 3270 Constantinus
1620 3205 2239 3290 Porphyrogenitus,
2294 3205 2632 3268 Michaelis
2693 3215 2752 3265 et
2801 3202 3018 3265 Mariae
3082 3201 3281 3276 ﬁlius,
3353 3201 3470 3277 qui
3516 3205 3594 3263 ab
3636 3200 3897 3263 Alexio

620 3308 950 3373 Comneno
984 3307 1301 3384 particeps
1326 3305 1583 3383 imperii
1616 3305 1827 3367 dictus
1858 3321 1982 3379 eet,
2024 3308 2205 3367 Anna
2249 3307 2574 3367 Comnena
2611 3310 2773 3365 teste
2804 3302 2969 3363 libro
3001 3320 3073 3361 Ill
3124 3300 3499 3375 Alexiados,
3553 3323 3581 3357 α
3640 3318 3897 3365 corona

620 3402 960 3478 Augustali
1014 3402 1337 3477 utebatur,
1372 3414 1434 3463 et
1486 3418 1719 3463 nomen
1755 3400 2072 3474 ejuscum
2133 3401 2347 3462 Alexii
2400 3400 2662 3463 nomine
2705 3398 3259 3477 proclamabatur?
3314 3420 3343 3454 λι
3398 3398 3634 3458 Eadem
3689 3402 3893 3459 Anna

617 3497 785 3557 libro
826 3516 886 3566 vr
920 3514 1073 3559 suos
1107 3512 1356 3559 enarrat
1421 3498 1663 3560 natales
1702 3514 1873 3559 anno
1929 3498 2187 3560 circiter
2249 3498 2427 3564 1083.
2495 3497 2757 3573 sibique
2817 3495 3110 3555 futurum
3146 3510 3458 3572 Sponsum
3493 3494 3667 3555 addit
3696 3496 3891 3556 desi-

619 3604 882 3669 gnatum
916 3595 1120 3657 fuisse
1145 3596 1664 3669 Constantinum,
1697 3598 2002 3657 etambos
2032 3596 2308 3673 publicis
2352 3596 2417 3653 in
2477 3591 3053 3655 acclamationibus
3116 3591 3498 3669 conjunctos
3536 3614 3550 3652 :
3613 3612 3645 3647 tr
3682 3592 3889 3664 Quod

618 3691 773 3749 satis
812 3692 1001 3770 longo
1034 3701 1345 3770 tempore,
1380 3694 1490 3767 ait,
1526 3704 1605 3753 Ita
1644 3711 1787 3753 esse
1819 3692 2080 3763 factum,
2116 3709 2151 3753 a
2191 3692 2565 3771 parentibus
2600 3690 2980 3767 ceaterisque
3017 3689 3258 3766 smpius
3292 3688 3541 3749 audivi.
3578 3711 3605 3743 ι)
3642 3691 3888 3749 Emor-

616 3786 813 3847 tualis
856 3788 996 3864 ejus
1032 3806 1242 3848 annus
1282 3806 1412 3851 non
1449 3790 1845 3851 innotescit".
1880 3797 1939 3850 at
1971 3790 2184 3866 ipsum
2218 3788 2339 3848 vita
2374 3786 2667 3847 functum
2703 3794 2841 3863 post
2882 3802 3124 3846 annum
3169 3782 3325 3847 1081i
3359 3786 3642 3845 indicant
3676 3789 3894 3847 Annae

615 3883 809 3944 verba
852 3905 867 3943 :
910 3902 1120 3965 neque
1160 3885 1364 3946 solida
1417 3902 1639 3947 eorum
1671 3886 1947 3947 narratio
1977 3894 2097 3955 est,
2132 3886 2241 3963 qui
2274 3895 2597 3944 mortuum
2630 3889 2927 3943 asserunt
2954 3898 3124 3941 anno
3164 3881 3341 3953 1081,
3376 3883 3439 3942 in
3475 3880 3891 3961 Dyrrachino

616 3980 867 4055 praelio,
896 3982 1070 4057 quod
1109 3998 1138 4041 a
1172 3982 1452 4043 Roberto
1490 3982 1847 4043 Guiscardo
1876 3981 2293 4043 commissum
2330 3980 2478 4041 fuit.
2530 3981 2751 4056 ltaque
2790 3978 2950 4037 datae
2990 3994 3020 4035 η
3060 3978 3542 4055 'l‘lieopbvlacto
3577 3977 3893 4041 euislolm

616 4086 874 4154 tempus
907 4076 1035 4155 jam
1080 4077 1376 4140 sublucet

702 4200 921 4259 Fuerit
952 4199 1296 4262 defunctus
1333 4201 1674 4276 imperator
1710 4203 1818 4265 ille
1852 4204 2118 4265 Michae.
2156 4204 2384 4276 Ducas,
2424 4210 2599 4280 pater
2625 4202 3055 4275 Constantini,
3094 4218 3127 4262 a
3187 4202 3519 4263 Botoniata
3561 4200 3887 4264 deturba-

619 4309 748 4363 tus.
787 4296 1028 4373 Ephesi
1068 4297 1469 4375 metrOpolita
1502 4301 1790 4361 detonsis
1824 4301 2073 4379 capillis
2108 4300 2376 4371 electus,
2441 4301 2504 4361 in
2540 4300 2999 4361 monasterium
3036 4306 3250 4375 postea
3313 4299 3645 4370 secedens,
3703 4301 3889 4378 [νυ]

616 4393 755 4452 suis
794 4392 1089 4453 manibus
1132 4392 1451 4467 laborans,
1491 4414 1876 4475 semperque
1909 4398 2262 4457 honorifice
2300 4396 2557 4457 habitus
2589 4396 2667 4457 ab
2697 4395 2944 4457 Alexio.
2979 4395 3267 4473 Hujusce
3302 4395 3680 4473 imperantis
3712 4404 3887 4457 tem-

618 4505 797 4566 pore,
825 4488 950 4548 vita
976 4489 1221 4549 mortali
1255 4491 1554 4567 migravit
1589 4509 1600 4550 :
1634 4493 1803 4553 unde
1837 4493 2046 4553 adhuc
2084 4492 2378 4562 efﬁcitur,
2416 4511 2554 4555 eam
2590 4491 3051 4570 Theophylacti
3093 4492 3431 4570 epistolam
3466 4494 3541 4554 ad
3574 4492 3882 4556 Alexiani

616 4585 874 4660 imperii
914 4585 1318 4661 procedentis
1362 4594 1647 4663 tempora
1683 4588 2029 4665 pertinere.
3490 4587 3494 4591 ’

703 4705 801 4767 13.
838 4707 1100 4766 Domino
1135 4706 1442 4784 Gregorio
1480 4706 1806 4769 Camatero
1867 4710 2103 4786 scripta
2152 4709 2393 4787 legitur
2448 4708 2720 4785 epistola
2778 4718 2981 4770 sexta.
3039 4710 3189 4770 Heec
3250 4709 3618 4770 habentur:
3663 4731 3689 4763 α
3727 4710 3878 4771 Non

622 4804 792 4863 enim
866 4802 1392 4879 archiepiscotius
1450 4803 1613 4881 (ipse
1674 4822 1901 4881 nempe
1958 4804 2506 4885 Tlieophylactus)
2576 4806 2715 4865 viro
2758 4804 2850 4865 illi
2896 4804 3274 4883 (Camatero)
3311 4806 3585 4884 ignovit,
3621 4806 3881 4867 circum

619 4915 811 4974 quem
852 4898 1020 4957 varia
1058 4898 1463 4973 imperatoris
1496 4899 1903 4976 negotiorum
1939 4901 2239 4962 examina
2263 4903 2389 4962 alto
2444 4918 2714 4962 susurro
2749 4920 3004 4980 semper
3064 4903 3564 4963 immurmurant
3605 4924 3619 4961 :
3658 4905 3753 4954 καὶ
3802 4908 3882 4957 τὰ

618 5000 750 5070 παρ’
792 5000 993 5068 ἑτέρων
1025 5000 1333 5069 γράμματα
1360 5001 1753 5070 παρενόχλημα
1779 5005 1876 5072 οὐχ
1930 4999 2119 5075 ἧττον,
2152 5004 2183 5073 ἢ

2322 5006 2452 5059 αὐτὸ
2492 5008 2727 5077 γράφειν
2760 5008 2991 5075 ἑτέροις,
3026 5006 3086 5058 et
3150 4999 3256 5059 cui
3290 5000 3567 5060 aliorum
3635 4999 3883 5063 littera)

623 5106 748 5150 non
790 5088 1102 5148 minorem
1140 5087 1495 5148 molestiam
1528 5089 1828 5160 afferunt,
1855 5109 2045 5169 quam
2079 5094 2155 5153 ad
2190 5093 2347 5155 alios
2382 5097 2705 5157 scribendi
2747 5114 3007 5156 munus.
3050 5120 3077 5151 »
3110 5096 3477 5175 lnjunctum
3535 5098 3883 5163 Camatero

623 5184 947 5245 secretarii
987 5199 1219 5243 munus
1253 5184 1662 5262 intelligitur.

706 5304 831 5363 Hac
862 5302 941 5362 de
976 5319 1040 5362 re
1076 5302 1205 5380 agit
1239 5305 1411 5364 Anna
1448 5304 1767 5364 Comnena
1805 5306 1965 5367 libro
2018 5326 2078 5366 ιχ
2133 5308 2502 5381 Alexiados,
2571 5319 2914 5387 antequam
2971 5327 3290 5371 sacrarum
3345 5320 3561 5371 contra
3607 5313 3876 5376 Sarace-

621 5416 741 5460 nos
768 5398 1257 5477 expeditionum
1295 5399 1631 5462 historiam
1662 5404 2097 5479 aggrediatur,
2129 5421 2274 5481 qure
2305 5421 2473 5465 anno
2514 5406 2669 5465 1096
2698 5406 3081 5483 inceperunt
3118 5425 3130 5461 :
3190 5430 3228 5469 ‹‹,
3274 5408 3621 5485 Scribaque
3662 5408 3872 5472 advo-

620 5505 796 5556 catur
828 5514 972 5556 cum
1013 5496 1272 5567 tabulis,
1312 5496 1643 5574 inquiens,
1684 5499 2036 5576 Gregorius
2072 5502 2465 5571 Camaterus,
2504 5502 2661 5561 inid
2696 5500 2885 5563 officii
2925 5520 3131 5579 nuper
3162 5504 3402 5564 ascitus
3451 5504 3617 5580 apud
3649 5505 3865 5583 impe-

622 5601 919 5653 ratorem.
960 5616 986 5645 ν
1020 5594 1154 5653 Hoc
1185 5593 1384 5671 igitur
1417 5602 1703 5671 tempore
1741 5605 1801 5657 et
1828 5598 2019 5659 vitam
2053 5596 2278 5675 agebat
2310 5606 2369 5656 et
2424 5598 2740 5659 scribebat
2772 5598 3315 5677 TheOphylactus.
3380 5604 3465 5661 Ad
3524 5601 3879 5679 lngotbctm

621 5688 999 5765 dignitatem
1040 5688 1221 5748 illum
1260 5698 1479 5764 postea
1538 5692 1884 5770 imperator
1917 5694 2177 5767 evexit;
2216 5696 2479 5774 ipsique
2508 5696 2817 5774 Gregorio
2848 5698 3170 5759 Camatrro
3199 5700 3524 5778 Iogothrtw
3552 5701 3871 5782 inscripta

624 5782 857 5840 leuitur
898 5782 1165 5840 epistola
1201 5784 1294 5840 71.

647 5782 857 5861 (igitur
898 5782 1165 5861 epistola
1201 5784 1294 5842 71.
