3966 6396
605 387 678 455 23
1413 384 1638 443 nens.
1682 379 1950 443 manu:
1994 379 2089 440 DE
2130 376 2417 438 RUBEIS
2447 369 2953 435 DISSERTATIO
3801 340 3887 455 9i?

608 503 975 584 petentibus
1010 498 1306 560 manibus
1323 497 1569 556 Turcus
1603 490 2066 554 constrictus...
2102 484 2505 564 pasciscitur,
2534 488 2599 543 ut
2634 483 2950 543 Fraucum
2977 485 3200 538 uestro
3227 475 3603 554 imperatori
3641 475 3887 555 petexH

610 601 862 664 tissime
895 604 1067 659 esset
1107 593 1483 655 traditurus.
1526 613 1555 647 »

674 676 957 773 «Captum
991 689 1287 755 aTurcis
1344 687 1793 748 Boemundum
1864 683 1994 744 hmo
2025 682 2180 743 satis
2244 680 2555 741 indicant.
2625 677 2843 773 Narrat
2894 680 3109 773 autem
3164 668 3879 773 TheOphylactus,-Ar‘le

610 764 906 855 liberiate
942 790 1084 869 ejus
1118 784 1467 849 obtinenda
1497 790 1707 845 actum
1742 800 1909 853 esse,
1946 803 1975 837 α
2046 780 2505 857 imperatorum
2557 771 2757 852 gratia
2808 792 2823 831 :
2858 794 2895 869 to
2945 768 3077 848 jam
3139 766 3313 828 enim
3344 767 3461 869 ab
3507 783 3677 828 anno
3714 764 3881 869 1001

612 904 878 952 consors
914 864 1173 960 iniperii
1214 878 1577 942 declaratus
1614 877 1823 938 fuerat
1854 878 2132 936 Joannes
2166 874 2537 935 Comnenus
2597 888 2741 932 cuin
2793 867 3026 929 Alexio
3069 872 3268 943 patre.
3344 864 3619 925 Videtur
3671 864 3891 949 etiam}

612 985 924 1057 indicare,
957 958 1039 1042 ob
1084 976 1291 1039 varias
1352 976 1431 1037 de
1497 974 1725 1035 Turcis
1784 972 2012 1033 relatas
2040 969 2364 1041 victorias,
2394 966 2580 1029 facile
2614 968 2854 1026 'l‘urcas
2885 962 3063 1041 ipsos
3100 962 3164 1023 in
3203 959 3267 1021 id
3303 976 3771 1029 consensuros,
3808 958 3891 1021 ut’

617 1032 1249 1153 Alexioiinperatori
1283 1073 1606 1135 traderent
1638 1067 2113 1140 Boemundum,
2144 1084 2337 1146 quem
2377 1066 2703 1143 captivum
2739 1060 3065 1123 tenebant.
3099 1057 3319 1121 Refert
3354 1060 3676 1121 lleiuerus
3710 1032 3893 1125 Rei-1

610 1178 874 1239 neccius
908 1174 971 1234 in
1006 1170 1301 1233 Historia
1347 1163 1666 1237 orientali,
1731 1165 1894 1225 libro
1951 1181 2043 1238 ix,
2076 1164 2284 1240 capite
2340 1164 2441 1237 38,
2506 1186 2535 1219 α
2578 1160 2883 1222 Alexium
2946 1160 3431 1236 imperatorem,
3467 1156 3569 1218 cui
3607 1174 3885 1234 semper

610 1270 1032 1335 Boemundus
1056 1275 1398 1344 suspectus
1423 1271 1579 1334 erat,
1615 1279 1693 1324 ne
1750 1278 1898 1324 eum
1961 1279 1995 1323 e
2060 1278 2256 1340 regno
2299 1258 2680 1339 expelleret,
2715 1256 3053 1335 pecuniam
3088 1274 3246 1318 cccx
3289 1255 3573 1317 millium
3611 1246 3895 1333 Byzan-l

609 1370 923 1440 tinorum,
960 1362 1370 1426 creberrimis
1424 1360 1863 1439 legationibus
1923 1358 2375 1439 epistolarum,
2438 1354 2755 1417 obtulisse
2800 1354 3167 1416 Donimano
3210 1351 3347 1431 (qui
3415 1352 3887 1417 Boemundum

610 1464 935 1542 captivum
990 1460 1224 1525 fecerat
1277 1454 1691 1536 tenebatque)
1743 1465 2068 1536 quatenus
2136 1455 2351 1533 ipsum
2411 1451 2859 1514 Boemundum
2922 1469 3062 1515 sum
3124 1453 3527 1532 manciparet
3582 1453 3827 1515 ditioni
3865 1462 3897 1523 ,ξ

609 1559 840 1622 volens
877 1574 1025 1620 eum
1049 1562 1429 1618 autmterno
1461 1552 1724 1625 exsilio,
1791 1558 1902 1614 aut
1960 1557 2273 1630 perpetua
2340 1549 2752 1612 damnatione
2806 1548 3064 1627 punire.
3119 1574 3147 1607 ι
3203 1551 3328 1611 Res
3390 1565 3543 1611 vero
3601 1550 3889 1626 contigit

611 1657 826 1719 aliter.
862 1658 956 1716 Ad
985 1654 1119 1716 haec
1152 1652 1381 1732 utique
1419 1649 1713 1712 alludere
1746 1648 2009 1711 videtur
2034 1646 2583 1728 TheOphylactus,
2636 1645 2751 1727 qui
2782 1654 2991 1708 tamen
3044 1663 3117 1708 ea
3167 1647 3312 1724 plus
3349 1646 3554 1710 nimio
3590 1648 3893 1727 ampliﬁ-

612 1760 735 1821 cat,
765 1768 1008 1828 proque
1044 1748 1241 1829 genio
1269 1746 1567 1827 votisque
1601 1742 1954 1824 composita
1978 1752 2213 1807 narrat.
2250 1745 2467 1806 Datam
2494 1759 2647 1822 ergo
2680 1743 2840 1804 hanc
2872 1742 3013 1822 ejus
3051 1744 3392 1823 epistolam
3425 1761 3595 1807 anno
3619 1744 3892 1807 circiter

615 1849 773 1911 1100
795 1848 921 1926 jam
948 1846 1156 1909 vides.

697 1945 984 2024 Cercyrw
1014 1960 1133 2005 seu
1166 1940 1456 2020 Corcyra:
1487 1942 1784 2021 episcopo
1816 1940 2051 2018 scripta
2085 1945 2180 2001 est
2209 1937 2482 2018 epistola
2517 1938 2621 2011 22,
2651 1937 2762 1998 ubi
2800 1936 2931 2000 htec
2969 1936 3289 1999 habentur
3334 1960 3347 1999 :
3405 1962 3435 1995 α
3465 1941 3596 2004 Nos
3657 1948 3886 2001 autem

614 2050 859 2119 ιξέθλιψι
913 2026 1600 2121 Σεναχηρεὶμ⁹Ᾰσσύριος.
1656 2036 2095 2100 Sennacherib
2154 2037 2180 2097 ἐ

2328 2034 2463 2096 rius
2529 2033 2742 2108 elisit;
2804 2043 2865 2098 ὃν
2897 2047 2929 2115 ὴ
2976 2046 3118 2116 μέση
3142 2046 3252 2100 τῶν
3280 2046 3545 2113 ποταμῶν
3565 2048 3697 2116 ἡμῖν
3724 2046 3894 2117 aptet.

614 2148 801 2202 λικτον
830 2147 1252 2211 ὲπαπέστειλεν,
1296 2153 1491 2215 quem
1532 2133 1993 2212 Mesopotamia
2036 2132 2180 2195 nobi

2338 2148 2560 2211 perum
2594 2132 2832 2196 emisit.
2875 2157 2903 2190 ιο
2936 2134 3127 2197 Hunc
3164 2152 3199 2197 θ
3251 2137 3717 2213 MeSOpotamia
3778 2137 3893 2199 adu

616 2236 985 2298 venientem
1018 2241 1237 2296 contra
1307 2233 1644 2310 Bulgaros,
1684 2228 1873 2292 facile
1933 2230 2384 2291 Boemundum
2444 2228 2907 2292 intellexerim.
2970 2232 3338 2294 Bernardus
3403 2231 3890 2295 Thesaurarius

615 2330 760 2395 loco
786 2331 1001 2405 citato,
1025 2330 1231 2403 capite
1264 2328 1404 2402 103,
1438 2327 1532 2389 sic
1564 2328 1653 2388 ait
1689 2348 1705 2386 :
1749 2349 1779 2385 «
1811 2324 2254 2405 Bojamundus
2290 2332 2432 2403 post
2488 2324 2856 2405 hasc~gratia
2888 2326 3005 2388 Dei
3052 2342 3087 2389 a
3126 2326 3498 2390 carceribus
3564 2328 3889 2391 liberatus

619 2428 744 2508 (vel
793 2444 962 2490 anno
1004 2427 1183 2499 1102,
1214 2424 1314 2487 vel
1347 2424 1540 2486 etiam
1573 2423 1749 2499 1101ι,
1778 2432 1845 2484 ut
1868 2422 2016 2485 aliis
2067 2423 2346 2501 aliisque
2384 2422 2642 2503 placet),
2673 2425 3033 2503 gaudenter
3079 2424 3161 2487 ab
3190 2425 3616 2489 Antiochenis
3649 2443 3887 2489 susce-

616 2534 767 2602 ptus
799 2532 914 2588 est.
950 2526 1098 2603 lpse
1120 2522 1395 2601 aliique.
1429 2528 1817 2600 congregato
1853 2520 2167 2595 exercitu,
2199 2528 2609 2583 transeuntes
2644 2520 3063 2600 Euphratem,
3111 2521 3187 2584 ad
3234 2521 3645 2585 obsidionem
3678 2522 3893 2585 Carras

615 2621 802 2683 urbis
838 2618 1103 2699 profecti
1138 2627 1314 2683 sunt.
1343 2621 1454 2681 Est
1482 2627 1699 2680 autem
1752 2618 1967 2692 Carra,
2024 2618 2162 2681 sive
2209 2620 2457 2692 Carras,
2490 2617 2793 2682 civitas...
2835 2619 2903 2681 in
2936 2620 3483 2697 Mesopotamia...
3525 2620 3885 2684 Christiani

619 2716 1001 2797 fugerunt...
1033 2717 1471 2796 Bojamundus
1500 2714 1800 2793 Apuliam
1838 2714 2095 2778 venit...
2131 2717 2378 2779 Interea
2403 2715 2844 2797 Bojamundus
2871 2715 3066 2795 (anno
3118 2716 3297 2795 1107)
3343 2724 3531 2780 nacte
3562 2717 3687 2778 sibi
3716 2730 3890 2779 tem-

616 2831 801 2894 pore,
834 2814 1063 2877 ulcisci
1100 2812 1327 2876 volens
1360 2812 1639 2891 injurias
1666 2828 1827 2890 quas
1863 2828 1975 2889 per
2006 2811 2215 2875 varias
2264 2812 2538 2876 insidias
2574 2813 2717 2894 ipse
2741 2830 2886 2877 cum
2920 2813 3060 2874 suis
3117 2812 3364 2893 aliique
3402 2812 3754 2877 Christiani
3809 2812 3891 2873 ab

619 2911 854 2973 Alexio
923 2912 1336 2985 imperatore,
1401 2908 1609 2987 primo
1673 2908 2213 2988 peregrinationis
2268 2912 2629 2991 procinctu,
2694 2917 2987 2990 perpessi
3044 2907 3329 2981 fuerant,
3367 2928 3515 2975 cum
3554 2910 3886 2973 militibus

622 3022 790 3087 quos
822 3008 901 3068 de
928 3005 1127 3068 Gallis
1152 3006 1573 3078 conduxerat,
1608 3013 1672 3067 et
1701 3007 1879 3067 ωηιηί
1908 3004 2272 3083 Apulorum
2303 3007 2619 3079 exercitu,
2665 3014 2879 3086 parata
2940 3008 3138 3071 classe
3165 3010 3507 3080 maritima,
3568 3007 3893 3071 Constan-

626 3102 969 3181 tinopolim
1000 3102 1250 3165 tendit:
1286 3109 1349 3166 et
1374 3120 1489 3183 per
1520 3102 1714 3166 urbes
1750 3101 2013 3190 imperii
2064 3103 2414 3171 maritimas
2467 3106 2819 3180 transiens,
2881 3115 3143 3192 cunctas
3196 3104 3371 3169 ferro
3436 3104 3791 3184 pepulatus
3828 3112 3893 3166 et

616 3200 797 3280 igne,
831 3198 1077 3278 ingenti
1117 3199 1325 3277 prasda
1382 3199 1623 3263 ditatus
1678 3208 1847 3263 est...
1912 3201 2204 3280 Cumque
2260 3203 2613 3265 Duracium
2644 3203 3070 3284 pervenisset,
3106 3204 3455 3281 imperator
3492 3202 3887 3280 Bojamundi

620 3296 875 3360 viribus
907 3297 1196 3371 territus,
1238 3314 1455 3376 pacem
1492 3314 1639 3361 cum
1672 3315 1751 3361 eo
1785 3316 1895 3377 per
1927 3298 2172 3379 legatos
2232 3300 2620 3379 composuit.
2679 3322 2711 3359 ι
2762 3302 2895 3363 Hac
2955 3300 3035 3363 de
3087 3319 3154 3363 re
3192 3300 3502 3362 latissime
3534 3300 3667 3377 agit
3694 3301 3894 3361 Anna

624 3394 951 3457 Comnena
980 3393 1049 3455 in
1080 3392 1428 3456 Aieziados
1466 3394 1651 3456 libris
1686 3413 1784 3465 xu
1815 3402 1877 3457 et
1909 3413 2055 3457 xm.
2094 3396 2209 3458 His
2238 3396 2397 3459 belli
2446 3396 2731 3460 metibus
2780 3397 3019 3460 elisum
3078 3416 3144 3460 se
3179 3396 3511 3475 elisosque
3546 3412 3702 3457 suos
3732 3395 3896 3457 Bul-

624 3507 809 3565 garos
835 3493 923 3553 ait
949 3491 1470 3571 'l‘heOphylactus
1492 3492 1570 3554 ab
1603 3516 1631 3548 α
1663 3492 1930 3572 Assyrio
1952 3492 2456 3569 Sennacheribo,
2484 3516 2513 3553 ι
2534 3492 2780 3556 scilicet
2804 3494 3208 3565 Boemundo,
3246 3516 3274 3548 σι
3309 3509 3389 3554 ex
3420 3490 3892 3567 MeSOpotamia

624 3590 908 3661 emisso;
945 3612 975 3645 ι
1013 3596 1352 3667 prepterea
1376 3592 1550 3668 quod
1590 3589 1655 3650 in
1681 3591 2147 3669 Mesopotamia
2176 3607 2212 3654 a
2240 3591 2471 3653 Turcis
2500 3600 2746 3670 captus,
2807 3590 3017 3653 victus
3049 3590 3240 3650 etiam
3303 3588 3382 3649 ab
3405 3588 3675 3660 eisdem,
3741 3596 3897 3663 post

626 3685 983 3748 libertatem
1019 3687 1087 3748 in
1125 3688 1611 3765 Me50potamia,
1648 3688 1799 3749 inde
1836 3687 1905 3748 in
1935 3686 2235 3765 Apuliam
2267 3702 2571 3749 reversus
2606 3692 2728 3758 est,
2778 3683 3182 3764 collectoque
3240 3684 3532 3745 exercitu
3566 3682 3631 3743 in
3662 3679 3895 3760 Illyri-

625 3799 772 3846 cum
808 3782 1024 3854 rediit,
1054 3788 1115 3845 et
1146 3783 1212 3845 in
1247 3783 1639 3861 Bulgariam,
1669 3782 2155 3872 igne‘ferroque
2178 3782 2404 3846 omnia
2440 3781 2809 3859 pepulatus.

707 3878 801 3941 Ad
837 3879 967 3944 hth
1004 3887 1292 3959 tempora
1326 3888 1571 3960 spectat
1603 3880 1878 3960 epistola
1920 3883 2010 3951 11,
2042 3880 2125 3942 ad
2160 3880 2483 3941 dominum
2544 3876 2929 3941 Theodulum
2956 3875 3520 3957 metropolitanum
3556 3872 3901 3936 Thessale-

624 3978 959 4037 m'ccmem.
1014 3974 1117 4039 Sic
1174 3978 1262 4039 ait
1318 3995 1472 4042 vero
1528 3977 2112 4057 TheOphylactus:
2180 4002 2190 4031 ε

2333 3993 2383 4037 ιῐι
2409 3975 2673 4055 quidem
2704 3975 2986 4056 ignoras,
3033 3983 3117 4047 τίς
3156 3984 3305 4036 ἐστιν
3335 3975 3491 4043 οὗτος
3519 3983 3547 4035 ὁ
3579 3978 3673 4032 ἀπ’
3710 3980 3899 4049 ἀρχῆς

624 4081 964 4151 ἀποστάτης,
996 4084 1093 4137 καὶ
1129 4082 1536 4154 τραχηλαστὴς,
1566 4086 1595 4137 6
1632 4082 1729 4138 τοῦ
1754 4085 1961 4156 κόσμου
1997 4085 2190 4156 τύρανι

2334 4075 2482 4155 quis
2519 4074 2638 4136 iste
2676 4074 2784 4143 sit,
2848 4073 2961 4154 qui
2995 4090 3030 4135 a
3064 4072 3386 4151 principio
3420 4069 3544 4133 fuit
3572 4078 3897 4145 apostata,

627 4171 1015 4247 superbiens
1046 4180 1108 4231 et
1130 4170 1335 4247 ferox,
1373 4173 1571 4235 totius
1604 4176 1831 4237 mundi
1867 4184 2205 4255 tyrannus.
2232 4175 2465 4237 Contra
2484 4171 2655 4233 hunc
2679 4171 2946 4250 quidem
2978 4179 3037 4231 te
3075 4185 3399 4239 vocamus,
3433 4184 3471 4229 o
3503 4166 3612 4229 Dei
3645 4164 3850 4227 homo
3883 4190 3897 4226 :

629 4276 691 4329 et
726 4270 970 4330 utinam
991 4269 1120 4347 jam
1159 4270 1414 4333 eveniat
1452 4270 1663 4344 nobis,
1693 4279 1764 4334 ut
1796 4272 2098 4335 omnibus
2133 4270 2312 4333 illius
2350 4271 2492 4348 [IX]
2555 4267 2897 4347 tyrannide
2951 4268 3197 4347 pressis
3255 4273 3317 4327 et
3357 4264 3548 4337 fusis,
3596 4270 3708 4324 tua
3763 4278 3901 4342 Ope

631 4364 936 4445 planctus
969 4374 1030 4427 et
1069 4367 1360 4429 maeroris
1393 4368 1583 4430 tinem
1607 4369 1939 4448 possimus
1970 4367 2261 4447 aliquem
2310 4366 2636 4428 invenire.
2694 4387 2721 4419 υ
2761 4363 3209 4426 Boemundum
3250 4362 3488 4442 passim
3534 4360 3735 4423 Graeci
3775 4377 3901 4422 vo-

630 4461 854 4523 cabant
889 4485 913 4518 ιι
950 4479 984 4524 a
1017 4463 1486 4545 principiojam
1524 4474 1899 4546 apostatam.
1937 4488 1966 4521 υ
2000 4470 2180 4527 Anna
2212 4465 2535 4529 Comnena
2569 4460 2733 4523 libro
2770 4480 2836 4534 x,
2868 4460 2978 4522 ubi
3009 4460 3089 4521 de
3120 4460 3493 4540 juramento
3524 4458 3897 4519 Boemundi

630 4559 763 4638 agit
798 4580 813 4619 :
852 4581 880 4615 ι
914 4559 1031 4621 Vel
1066 4560 1243 4639 quod
1278 4561 1496 4633 homo,
1530 4562 1773 4641 inquit,
1807 4563 1887 4624 ad
1924 4562 2264 4641 religionis
2324 4568 2765 4639 contemptum
2826 4558 3162 4631 educatus,
3198 4566 3263 4618 et
3307 4554 3507 4636 longo
3537 4573 3665 4617 usu
3702 4557 3899 4633 quasi

632 4654 910 4733 quadam
946 4663 1170 4725 natura
1208 4656 1535 4735 perjurus,
1571 4658 1925 4719 ridiculum
1959 4666 2215 4738 putaret
2260 4659 2715 4737 injuramento
2746 4655 3183 4735 tergiversari.
3216 4676 3246 4711 η
3274 4655 3381 4717 Ait
3418 4654 3613 4716 etiam
3644 4651 3899 4715 ibidem

632 4750 940 4826 Sangeles
980 4751 1053 4811 ad
1098 4752 1464 4829 Augustum
1502 4773 1517 4812 :
1566 4774 1596 4808 α
1629 4754 1787 4815 Cum
1817 4769 1851 4814 a
1888 4755 2146 4833 proavis
2181 4753 2539 4833 perjurium
2581 4760 2642 4815 et
2674 4751 2920 4824 dolum,
2974 4750 3145 4813 velut
3183 4750 3622 4812 hmreditatem
3656 4765 3900 4829 quam-

634 4845 783 4907 dam
818 4847 1253 4924 Bojamundus
1286 4847 1629 4927 acceperit,
1667 4850 1901 4909 mirum
1930 4848 2110 4910 valde
2143 4849 2198 4909 si
2243 4858 2638 4930 permaneat.
2667 4873 2695 4906 ι
2730 4851 2858 4912 Cur
2888 4865 3042 4911 vero
3090 4850 3145 4911 is
3176 4849 3440 4919 dicitur,
3474 4847 3589 4926 qui
3620 4869 3651 4905 ct
3686 4850 3906 4911 cervi-

634 4958 771 5003 cem
820 4941 1146 5015 extulerit,
1176 4966 1204 5002 ι
1234 4952 1295 5005 et
1322 4964 1352 5001 σι
1391 4944 1612 5005 mundi
1654 4952 1967 5022 tyrannus
2001 4955 2193 5009 esset.
2224 4970 2251 5001 ιο
2286 4948 2467 5008 Anna
2494 4947 2817 5008 Comnena
2845 4948 3073 5009 eodem
3108 4946 3249 5009 loco
3276 4946 3556 5008 declarat
3599 4968 3616 5007 :
3647 4966 3679 5004 cz
3722 4946 3904 5009 Reli-

636 5037 852 5114 gionis
880 5038 987 5101 ille
1015 5039 1306 5117 quidem,
1332 5040 1665 5121 inquiens,
1690 5040 2141 5103 etvindicandi
2184 5042 2441 5105 Domini
2471 5044 2755 5124 sepulcri
2792 5043 3029 5105 larvam
3054 5044 3395 5124 cupiditati
3424 5045 3855 5125 superposuit
3884 5063 3899 5103 :

636 5145 935 5195 cancrum
969 5154 1084 5215 per
1114 5136 1301 5197 istam
1332 5137 1736 5200 occasionem
1769 5139 1945 5200 omni
2006 5139 2199 5201 modo
2262 5140 2655 5211 decreverat,
2693 5141 3124 5221 principatum
3172 5141 3299 5205 sibi
3331 5142 3615 5221 aliquem
3649 5139 3901 5206 alicubi

644 5233 1046 5302 parare.Nec
1071 5232 1509 5306 dubitaturns,
1570 5234 1625 5295 si
1696 5237 1979 5299 secunda
2040 5238 2312 5316 spiraret
2364 5254 2519 5299 aura
2570 5238 2873 5310 fortunae,
2934 5240 3295 5301 Romanum
3354 5240 3571 5317 ipsum
3612 5238 3899 5317 cogitare

644 5326 903 5399 solium,
931 5335 993 5389 et
1023 5326 1253 5392 Alexio
1286 5338 1549 5392 extruso
1605 5348 1675 5391 se
1734 5331 2187 5413 imperatwrem
2236 5334 2471 5400 facere.
2519 5359 2547 5392 υ
2598 5338 2691 5398 Ita
2749 5337 3202 5400 Boemundum
3238 5337 3611 5418 pingebant
3662 5337 3899 5411 Graci,

642 5423 879 5500 quibus
910 5426 1285 5486 adhaerescit
1316 5427 1874 5506 Theophylactus.

720 5521 814 5581 Ad
868 5522 1087 5584 eadem
1147 5520 1355 5583 refero
1406 5524 1667 5586 demum
1711 5534 1995 5603 tempora
2048 5530 2385 5606 epistolam
2438 5532 2536 5605 17,
2582 5530 2870 5609 Cercyrw
2929 5531 3250 5610 episcopo.
3317 5533 3466 5593 Hmc
3515 5531 3895 5597 habentur:

640 5634 673 5671 α
713 5615 926 5676 Gratia
986 5616 1070 5677 sit
1133 5618 1724 5683 misericordiarum
1777 5624 1981 5693 Patri,
2050 5632 2111 5684 et
2168 5627 2295 5687 Deo
2365 5626 2564 5687 totius
2624 5626 3130 5701 consolationis;
3179 5650 3207 5684 ι
3261 5629 3574 5707 quoniam
3627 5639 3684 5689 ὲν
3722 5637 3905 5704 οὕτως

638 5721 876 5793 ἡμέραις
902 5728 1186 5796 πονηραῖς,
1207 5725 1303 5780 καὶ
1327 5727 1387 5779 ὲν
1421 5730 1632 5794 καιροῖς
1659 5727 1895 5797 ἀφίλοις,
1930 5731 2025 5783 καὶ
2054 5728 2204 5801 θηριᾱ

2334 5751 2365 5797 ι,
2412 5722 2511 5784 his
2557 5721 2793 5787 diebus
2845 5723 3053 5797 malis,
3097 5742 3169 5786 ac
3210 5725 3618 5805 temporibus
3662 5724 3900 5791 inimi-

642 5811 733 5871 cis
781 5818 841 5873 et
892 5812 1069 5887 leris,
1121 5821 1291 5875 tuam
1339 5815 1738 5878 sanctitatem
1800 5818 1983 5878 nobis
2018 5827 2275 5897 paterna
2342 5820 2690 5884 dilectione
2740 5819 3087 5885 cinctam...
3153 5822 3505 5885 indulsit...
3563 5822 3634 5885 Ut
3684 5840 3901 5907 neque

3884 384 3887 525 Ν

2600 6072 2637 6111 α.
