  <div class='ocr_page' id='page_1' title='image "/cluster/home/n/w/nwhite01/storage/ocr_20150623/123/ien.35556001659978/022.png"; bbox 0 0 3966 6402; ppageno 0'>
   <div class='ocr_carea' id='block_1_1' title="bbox 133 406 3435 483">
    <p class='ocr_par' dir='ltr' id='par_1_1' title="bbox 133 406 3435 483">
     <span class='ocr_line' id='line_1_1' title="bbox 133 406 3435 483; baseline -0.001 -12"><span class='ocrx_word' id='word_1_1' title='bbox 133 408 193 471; x_wconf 75' lang='grc'><strong>25</strong></span> <span class='ocrx_word' id='word_1_2' title='bbox 954 410 1052 471; x_wconf 84' lang='lat' dir='ltr'><strong>DE</strong></span> <span class='ocrx_word' id='word_1_3' title='bbox 1093 411 1681 476; x_wconf 75' lang='lat' dir='ltr'><strong>THEOPHYLACTI</strong></span> <span class='ocrx_word' id='word_1_4' title='bbox 1723 414 1997 483; x_wconf 63' lang='lat' dir='ltr'><strong>GESTJS</strong></span> <span class='ocrx_word' id='word_1_5' title='bbox 2036 412 2134 474; x_wconf 79' lang='lat' dir='ltr'><strong>ET</strong></span> <span class='ocrx_word' id='word_1_6' title='bbox 2177 411 2534 474; x_wconf 68' lang='grc' dir='ltr'>δειιιιιιιδ</span> <span class='ocrx_word' id='word_1_7' title='bbox 3360 406 3435 469; x_wconf 79' lang='grc'><strong>26</strong></span> 
     </span>
    </p>
   </div>
   <div class='ocr_carea' id='block_1_2' title="bbox 132 510 3429 611">
    <p class='ocr_par' dir='ltr' id='par_1_2' title="bbox 132 510 3429 611">
     <span class='ocr_line' id='line_1_2' title="bbox 132 510 3429 611; baseline 0.001 -30"><span class='ocrx_word' id='word_1_8' title='bbox 132 510 432 582; x_wconf 74' lang='lat' dir='ltr'><strong>incursus</strong></span> <span class='ocrx_word' id='word_1_9' title='bbox 476 518 781 611; x_wconf 79' lang='lat' dir='ltr'><strong>hostiles,</strong></span> <span class='ocrx_word' id='word_1_10' title='bbox 815 538 1025 601; x_wconf 90' lang='lat' dir='ltr'><strong>neque</strong></span> <span class='ocrx_word' id='word_1_11' title='bbox 1058 524 1376 587; x_wconf 79' lang='lat' dir='ltr'><strong>immensa</strong></span> <span class='ocrx_word' id='word_1_12' title='bbox 1418 535 1726 604; x_wconf 80' lang='lat' dir='ltr'><strong>potestas,</strong></span> <span class='ocrx_word' id='word_1_13' title='bbox 1758 523 2123 608; x_wconf 84' lang='lat' dir='ltr'><strong>furensque</strong></span> <span class='ocrx_word' id='word_1_14' title='bbox 2181 545 2362 589; x_wconf 63' lang='lat' dir='ltr'><strong>vus...</strong></span> <span class='ocrx_word' id='word_1_15' title='bbox 2398 544 2500 589; x_wconf 81' lang='lat' dir='ltr'><strong>nte</strong></span> <span class='ocrx_word' id='word_1_16' title='bbox 2538 524 2710 603; x_wconf 90' lang='lat' dir='ltr'><strong>turpi</strong></span> <span class='ocrx_word' id='word_1_17' title='bbox 2741 523 3112 604; x_wconf 75' lang='lat' dir='ltr'><strong>deprimant</strong></span> <span class='ocrx_word' id='word_1_18' title='bbox 3146 524 3359 586; x_wconf 86' lang='lat' dir='ltr'><strong>ruina.</strong></span> <span class='ocrx_word' id='word_1_19' title='bbox 3397 547 3429 583; x_wconf 65' lang='lat' dir='ltr'><strong>s</strong></span> 
     </span>
    </p>
   </div>
   <div class='ocr_carea' id='block_1_3' title="bbox 127 615 3428 702">
    <p class='ocr_par' dir='ltr' id='par_1_3' title="bbox 127 615 3428 702">
     <span class='ocr_line' id='line_1_3' title="bbox 127 615 3428 702; baseline 0.002 -25"><span class='ocrx_word' id='word_1_20' title='bbox 127 616 280 678; x_wconf 85' lang='lat' dir='ltr'><strong>Satis</strong></span> <span class='ocrx_word' id='word_1_21' title='bbox 317 615 493 678; x_wconf 89' lang='lat' dir='ltr'><strong>mihi</strong></span> <span class='ocrx_word' id='word_1_22' title='bbox 544 615 795 692; x_wconf 90' lang='lat' dir='ltr'><strong>videor,</strong></span> <span class='ocrx_word' id='word_1_23' title='bbox 849 618 1425 700; x_wconf 76' lang='lat' dir='ltr'><strong>chronographiaui</strong></span> <span class='ocrx_word' id='word_1_24' title='bbox 1494 621 1826 686; x_wconf 84' lang='lat' dir='ltr'><strong>Dufresnii</strong></span> <span class='ocrx_word' id='word_1_25' title='bbox 1889 624 2258 688; x_wconf 74' lang='lat' dir='ltr'><strong>illustrasse</strong></span> <span class='ocrx_word' id='word_1_26' title='bbox 2325 632 2388 687; x_wconf 91' lang='lat' dir='ltr'><strong>et</strong></span> <span class='ocrx_word' id='word_1_27' title='bbox 2456 623 2935 687; x_wconf 82' lang='lat' dir='ltr'><strong>conﬁrmasse:</strong></span> <span class='ocrx_word' id='word_1_28' title='bbox 2992 619 3158 702; x_wconf 91' lang='lat' dir='ltr'><strong>quin</strong></span> <span class='ocrx_word' id='word_1_29' title='bbox 3209 623 3428 683; x_wconf 89' lang='lat' dir='ltr'><strong>vocari</strong></span> 
     </span>
    </p>
   </div>
   <div class='ocr_carea' id='block_1_4' title="bbox 128 711 3431 800">
    <p class='ocr_par' dir='ltr' id='par_1_4' title="bbox 128 711 3431 800">
     <span class='ocr_line' id='line_1_4' title="bbox 128 711 3431 800; baseline 0.002 -27"><span class='ocrx_word' id='word_1_30' title='bbox 128 716 185 774; x_wconf 84' lang='lat' dir='ltr'><strong>in</strong></span> <span class='ocrx_word' id='word_1_31' title='bbox 232 711 526 774; x_wconf 87' lang='lat' dir='ltr'><strong>dubium</strong></span> <span class='ocrx_word' id='word_1_32' title='bbox 559 723 781 794; x_wconf 84' lang='lat' dir='ltr'><strong>queat,</strong></span> <span class='ocrx_word' id='word_1_33' title='bbox 801 715 1353 797; x_wconf 81' lang='lat' dir='ltr'><strong>TheOphylactum</strong></span> <span class='ocrx_word' id='word_1_34' title='bbox 1395 737 1721 783; x_wconf 85' lang='lat' dir='ltr'><strong>sacrarum</strong></span> <span class='ocrx_word' id='word_1_35' title='bbox 1762 723 2258 800; x_wconf 66' lang='lat' dir='ltr'><strong>eXpeditionum</strong></span> <span class='ocrx_word' id='word_1_36' title='bbox 2294 731 2517 786; x_wconf 91' lang='lat' dir='ltr'><strong>contra</strong></span> <span class='ocrx_word' id='word_1_37' title='bbox 2561 723 2940 787; x_wconf 85' lang='lat' dir='ltr'><strong>Saracenos,</strong></span> <span class='ocrx_word' id='word_1_38' title='bbox 2974 727 3037 783; x_wconf 89' lang='lat' dir='ltr'><strong>et</strong></span> <span class='ocrx_word' id='word_1_39' title='bbox 3064 719 3431 781; x_wconf 84' lang='lat' dir='ltr'><strong>Boemundi</strong></span> 
     </span>
    </p>
   </div>
   <div class='ocr_carea' id='block_1_5' title="bbox 130 810 3431 899">
    <p class='ocr_par' dir='ltr' id='par_1_5' title="bbox 130 810 3431 899">
     <span class='ocr_line' id='line_1_5' title="bbox 130 810 3431 899; baseline 0.003 -31"><span class='ocrx_word' id='word_1_40' title='bbox 130 814 182 870; x_wconf 77' lang='lat' dir='ltr'><strong>in</strong></span> <span class='ocrx_word' id='word_1_41' title='bbox 217 810 379 871; x_wconf 84' lang='lat' dir='ltr'><strong>ﬁnes</strong></span> <span class='ocrx_word' id='word_1_42' title='bbox 414 810 688 891; x_wconf 88' lang='lat' dir='ltr'><strong>imperii</strong></span> <span class='ocrx_word' id='word_1_43' title='bbox 734 811 1042 875; x_wconf 81' lang='lat' dir='ltr'><strong>irruentis</strong></span> <span class='ocrx_word' id='word_1_44' title='bbox 1081 817 1508 896; x_wconf 89' lang='lat' dir='ltr'><strong>temporibus,</strong></span> <span class='ocrx_word' id='word_1_45' title='bbox 1571 819 1812 880; x_wconf 83' lang='lat' dir='ltr'><strong>saculo</strong></span> <span class='ocrx_word' id='word_1_46' title='bbox 1846 819 2244 883; x_wconf 86' lang='lat' dir='ltr'><strong>duodecimo</strong></span> <span class='ocrx_word' id='word_1_47' title='bbox 2275 819 2556 899; x_wconf 88' lang='lat' dir='ltr'><strong>incepto,</strong></span> <span class='ocrx_word' id='word_1_48' title='bbox 2593 816 2789 880; x_wconf 91' lang='lat' dir='ltr'><strong>vitam</strong></span> <span class='ocrx_word' id='word_1_49' title='bbox 2841 818 3080 896; x_wconf 83' lang='lat' dir='ltr'><strong>egisse.</strong></span> <span class='ocrx_word' id='word_1_50' title='bbox 3113 817 3260 891; x_wconf 88' lang='lat' dir='ltr'><strong>Quo</strong></span> <span class='ocrx_word' id='word_1_51' title='bbox 3288 824 3431 878; x_wconf 88' lang='lat' dir='ltr'><strong>tan-</strong></span> 
     </span>
    </p>
   </div>
   <div class='ocr_carea' id='block_1_6' title="bbox 131 906 3434 995">
    <p class='ocr_par' dir='ltr' id='par_1_6' title="bbox 131 906 3434 995">
     <span class='ocr_line' id='line_1_6' title="bbox 131 906 3434 995; baseline 0.002 -29"><span class='ocrx_word' id='word_1_52' title='bbox 131 906 258 967; x_wconf 79' lang='lat' dir='ltr'><strong>dem</strong></span> <span class='ocrx_word' id='word_1_53' title='bbox 295 908 427 969; x_wconf 84' lang='lat' dir='ltr'><strong>vita</strong></span> <span class='ocrx_word' id='word_1_54' title='bbox 467 908 617 988; x_wconf 90' lang='lat' dir='ltr'><strong>ipse</strong></span> <span class='ocrx_word' id='word_1_55' title='bbox 657 910 1024 990; x_wconf 75' lang='lat' dir='ltr'><strong>migraverit</strong></span> <span class='ocrx_word' id='word_1_56' title='bbox 1080 929 1276 989; x_wconf 90' lang='lat' dir='ltr'><strong>anno,</strong></span> <span class='ocrx_word' id='word_1_57' title='bbox 1334 915 1851 995; x_wconf 84' lang='lat' dir='ltr'><strong>incompertum;</strong></span> <span class='ocrx_word' id='word_1_58' title='bbox 1910 925 2532 995; x_wconf 84' lang='lat' dir='ltr'><strong>compertumvero,</strong></span> <span class='ocrx_word' id='word_1_59' title='bbox 2566 915 3071 993; x_wconf 87' lang='lat' dir='ltr'><strong>septuagenario</strong></span> <span class='ocrx_word' id='word_1_60' title='bbox 3125 914 3434 990; x_wconf 81' lang='lat' dir='ltr'><strong>majorem</strong></span> 
     </span>
    </p>
   </div>
   <div class='ocr_carea' id='block_1_7' title="bbox 129 1003 388 1070">
    <p class='ocr_par' dir='ltr' id='par_1_7' title="bbox 129 1003 388 1070">
     <span class='ocr_line' id='line_1_7' title="bbox 129 1003 388 1070; baseline 0.031 -7"><span class='ocrx_word' id='word_1_61' title='bbox 129 1003 388 1070; x_wconf 82' lang='lat' dir='ltr'><strong>obiisse.</strong></span> 
     </span>
    </p>
   </div>
   <div class='ocr_carea' id='block_1_8' title="bbox 1738 1185 1843 1246">
    <p class='ocr_par' dir='ltr' id='par_1_8' title="bbox 1738 1185 1843 1246">
     <span class='ocr_line' id='line_1_8' title="bbox 1738 1185 1843 1246; baseline 0.019 -2"><span class='ocrx_word' id='word_1_62' title='bbox 1738 1185 1843 1246; x_wconf 86' lang='lat' dir='ltr'><strong>Vl.</strong></span> 
     </span>
    </p>
   </div>
   <div class='ocr_carea' id='block_1_9' title="bbox 127 1311 3441 1404">
    <p class='ocr_par' dir='ltr' id='par_1_9' title="bbox 127 1311 3441 1404">
     <span class='ocr_line' id='line_1_9' title="bbox 127 1311 3441 1404; baseline 0.004 -33"><span class='ocrx_word' id='word_1_63' title='bbox 127 1311 418 1404; x_wconf 50' lang='lat' dir='ltr'><strong>Quinam</strong></span> <span class='ocrx_word' id='word_1_64' title='bbox 451 1315 510 1374; x_wconf 84' lang='grc' dir='ltr'><em>Τ</em></span> <span class='ocrx_word' id='word_1_65' title='bbox 488 1313 917 1404; x_wconf 53' lang='lat' dir='ltr'><strong>lteophglacli</strong></span> <span class='ocrx_word' id='word_1_66' title='bbox 935 1318 1182 1404; x_wconf 75' lang='lat' dir='ltr'><strong>patria.</strong></span> <span class='ocrx_word' id='word_1_67' title='bbox 1217 1335 1321 1404; x_wconf 69' lang='grc' dir='ltr'><strong>(ιη⁸</strong></span> <span class='ocrx_word' id='word_1_68' title='bbox 1351 1318 1975 1404; x_wconf 62' lang='lat' dir='ltr'><strong>Constantinopolis,</strong></span> <span class='ocrx_word' id='word_1_69' title='bbox 2012 1344 2097 1404; x_wconf 85' lang='lat' dir='ltr'><strong>an</strong></span> <span class='ocrx_word' id='word_1_70' title='bbox 2118 1325 2409 1404; x_wconf 54' lang='lat' dir='ltr'><strong>Euripus</strong></span> <span class='ocrx_word' id='word_1_71' title='bbox 2459 1324 2707 1387; x_wconf 67' lang='lat' dir='ltr'><strong>Euboea</strong></span> <span class='ocrx_word' id='word_1_72' title='bbox 2733 1327 2761 1385; x_wconf 88' lang='lat'><em>?</em></span> <span class='ocrx_word' id='word_1_73' title='bbox 2810 1325 3163 1397; x_wconf 82' lang='lat' dir='ltr'><strong>Diaconum</strong></span> <span class='ocrx_word' id='word_1_74' title='bbox 3195 1322 3322 1404; x_wconf 89' lang='lat' dir='ltr'><strong>egit</strong></span> <span class='ocrx_word' id='word_1_75' title='bbox 3369 1323 3441 1404; x_wconf 76' lang='lat' dir='ltr'><strong>in</strong></span> 
     </span>
    </p>
   </div>
   <div class='ocr_carea' id='block_1_10' title="bbox 196 1392 3438 1484">
    <p class='ocr_par' dir='ltr' id='par_1_10' title="bbox 196 1392 3438 1484">
     <span class='ocr_line' id='line_1_10' title="bbox 196 1392 3438 1484; baseline 0.003 -32"><span class='ocrx_word' id='word_1_76' title='bbox 196 1393 439 1484; x_wconf 50' lang='grc' dir='ltr'><strong>μορίῳ</strong></span> <span class='ocrx_word' id='word_1_77' title='bbox 478 1392 774 1484; x_wconf 74' lang='lat' dir='ltr'><strong>Ecclesia</strong></span> <span class='ocrx_word' id='word_1_78' title='bbox 798 1392 977 1484; x_wconf 68' lang='lat' dir='ltr'><strong>urbis</strong></span> <span class='ocrx_word' id='word_1_79' title='bbox 1005 1397 1215 1484; x_wconf 62' lang='lat' dir='ltr'><strong>regia.</strong></span> <span class='ocrx_word' id='word_1_80' title='bbox 1272 1396 1541 1484; x_wconf 59' lang='lat' dir='ltr'><strong>Quando</strong></span> <span class='ocrx_word' id='word_1_81' title='bbox 1599 1392 2077 1484; x_wconf 31' lang='lat' dir='ltr'><strong>prom&#39;otusiad</strong></span> <span class='ocrx_word' id='word_1_82' title='bbox 2131 1392 2459 1483; x_wconf 71' lang='lat' dir='ltr'><strong>Bulgaria</strong></span> <span class='ocrx_word' id='word_1_83' title='bbox 2506 1392 3160 1484; x_wconf 79' lang='lat' dir='ltr'><strong>archiepiscopatum.</strong></span> <span class='ocrx_word' id='word_1_84' title='bbox 3218 1392 3438 1465; x_wconf 71' lang='lat' dir='ltr'><strong>Sacris</strong></span> 
     </span>
    </p>
   </div>
   <div class='ocr_carea' id='block_1_11' title="bbox 197 1472 2951 1566">
    <p class='ocr_par' dir='ltr' id='par_1_11' title="bbox 197 1472 2951 1566">
     <span class='ocr_line' id='line_1_11' title="bbox 197 1472 2951 1566; baseline 0.005 -36"><span class='ocrx_word' id='word_1_85' title='bbox 197 1472 437 1533; x_wconf 78' lang='lat' dir='ltr'><strong>litteris</strong></span> <span class='ocrx_word' id='word_1_86' title='bbox 471 1492 549 1532; x_wconf 89' lang='lat' dir='ltr'><strong>ac</strong></span> <span class='ocrx_word' id='word_1_87' title='bbox 578 1472 1394 1555; x_wconf 47' lang='lat' dir='ltr'><strong>humaniorib-ts&#39;ﬂorcbu.</strong></span> <span class='ocrx_word' id='word_1_88' title='bbox 1442 1478 1529 1539; x_wconf 85' lang='lat' dir='ltr'><strong>De</strong></span> <span class='ocrx_word' id='word_1_89' title='bbox 1563 1472 1817 1543; x_wconf 70' lang='lat' dir='ltr'><strong>&quot;iuuere</strong></span> <span class='ocrx_word' id='word_1_90' title='bbox 1852 1483 2209 1547; x_wconf 72' lang='lat' dir='ltr'><strong>abdicando</strong></span> <span class='ocrx_word' id='word_1_91' title='bbox 2244 1472 2508 1546; x_wconf 44' lang='lat' dir='ltr'><strong>iwrritum</strong></span> <span class='ocrx_word' id='word_1_92' title='bbox 2539 1472 2753 1546; x_wconf 66' lang='lat' dir='ltr'><strong>votum</strong></span> <span class='ocrx_word' id='word_1_93' title='bbox 2783 1472 2951 1566; x_wconf 55' lang='lat' dir='ltr'><strong>ejus.</strong></span> 
     </span>
    </p>
   </div>
   <div class='ocr_carea' id='block_1_12' title="bbox 201 1622 3437 1714">
    <p class='ocr_par' dir='ltr' id='par_1_12' title="bbox 201 1622 3437 1714">
     <span class='ocr_line' id='line_1_12' title="bbox 201 1622 3437 1714; baseline 0.005 -33"><span class='ocrx_word' id='word_1_94' title='bbox 201 1622 293 1683; x_wconf 87' lang='lat'><strong>17.</strong></span> <span class='ocrx_word' id='word_1_95' title='bbox 344 1623 443 1684; x_wconf 89' lang='lat' dir='ltr'><strong>De</strong></span> <span class='ocrx_word' id='word_1_96' title='bbox 476 1622 687 1701; x_wconf 88' lang='lat' dir='ltr'><strong>patria</strong></span> <span class='ocrx_word' id='word_1_97' title='bbox 717 1622 1212 1705; x_wconf 83' lang='lat' dir='ltr'><strong>TheOphylacti,</strong></span> <span class='ocrx_word' id='word_1_98' title='bbox 1248 1627 1463 1707; x_wconf 87' lang='lat' dir='ltr'><strong>deque</strong></span> <span class='ocrx_word' id='word_1_99' title='bbox 1496 1633 1884 1697; x_wconf 85' lang='lat' dir='ltr'><strong>muneribus</strong></span> <span class='ocrx_word' id='word_1_100' title='bbox 1933 1636 2115 1714; x_wconf 88' lang='lat' dir='ltr'><strong>regia</strong></span> <span class='ocrx_word' id='word_1_101' title='bbox 2146 1652 2215 1698; x_wconf 84' lang='grc' dir='ltr'><strong>ιιι</strong></span> <span class='ocrx_word' id='word_1_102' title='bbox 2262 1637 2422 1697; x_wconf 88' lang='lat' dir='ltr'><strong>urbe</strong></span> <span class='ocrx_word' id='word_1_103' title='bbox 2460 1634 2687 1708; x_wconf 90' lang='lat' dir='ltr'><strong>obitis,</strong></span> <span class='ocrx_word' id='word_1_104' title='bbox 2731 1651 2805 1697; x_wconf 91' lang='lat' dir='ltr'><strong>ac</strong></span> <span class='ocrx_word' id='word_1_105' title='bbox 2835 1632 2916 1696; x_wconf 92' lang='lat' dir='ltr'><strong>de</strong></span> <span class='ocrx_word' id='word_1_106' title='bbox 2973 1640 3265 1711; x_wconf 86' lang='lat' dir='ltr'><strong>tempore</strong></span> <span class='ocrx_word' id='word_1_107' title='bbox 3302 1649 3437 1714; x_wconf 89' lang='lat' dir='ltr'><strong>quo</strong></span> 
     </span>
    </p>
   </div>
   <div class='ocr_carea' id='block_1_13' title="bbox 127 1719 3428 1813">
    <p class='ocr_par' dir='ltr' id='par_1_13' title="bbox 127 1719 3428 1813">
     <span class='ocr_line' id='line_1_13' title="bbox 127 1719 3428 1813; baseline 0.005 -34"><span class='ocrx_word' id='word_1_108' title='bbox 127 1719 440 1796; x_wconf 83' lang='lat' dir='ltr'><strong>Bulgaria</strong></span> <span class='ocrx_word' id='word_1_109' title='bbox 495 1720 1038 1802; x_wconf 86' lang='lat' dir='ltr'><strong>archiepiscOpus</strong></span> <span class='ocrx_word' id='word_1_110' title='bbox 1096 1726 1512 1788; x_wconf 89' lang='lat' dir='ltr'><strong>renuntiatus</strong></span> <span class='ocrx_word' id='word_1_111' title='bbox 1562 1738 1683 1805; x_wconf 90' lang='lat' dir='ltr'><strong>est,</strong></span> <span class='ocrx_word' id='word_1_112' title='bbox 1733 1732 1948 1813; x_wconf 92' lang='lat' dir='ltr'><strong>deque</strong></span> <span class='ocrx_word' id='word_1_113' title='bbox 2000 1732 2363 1796; x_wconf 77' lang='lat' dir='ltr'><strong>litterarum</strong></span> <span class='ocrx_word' id='word_1_114' title='bbox 2404 1731 2773 1809; x_wconf 83' lang='lat' dir='ltr'><strong>prastantia</strong></span> <span class='ocrx_word' id='word_1_115' title='bbox 2830 1731 3158 1812; x_wconf 84' lang='lat' dir='ltr'><strong>agendum</strong></span> <span class='ocrx_word' id='word_1_116' title='bbox 3208 1731 3428 1796; x_wconf 89' lang='lat' dir='ltr'><strong>modo.</strong></span> 
     </span>
    </p>
   </div>
   <div class='ocr_carea' id='block_1_14' title="bbox 126 1817 3441 1905">
    <p class='ocr_par' dir='ltr' id='par_1_14' title="bbox 126 1817 3441 1905">
     <span class='ocr_line' id='line_1_14' title="bbox 126 1817 3441 1905; baseline 0.004 -28"><span class='ocrx_word' id='word_1_117' title='bbox 126 1817 925 1896; x_wconf 53' lang='lat' dir='ltr'><strong>Ct‘nnstantinOpolitanum</strong></span> <span class='ocrx_word' id='word_1_118' title='bbox 961 1821 1163 1901; x_wconf 88' lang='lat' dir='ltr'><strong>patria</strong></span> <span class='ocrx_word' id='word_1_119' title='bbox 1190 1820 1608 1903; x_wconf 78' lang='lat' dir='ltr'><strong>frequentius</strong></span> <span class='ocrx_word' id='word_1_120' title='bbox 1657 1826 1871 1905; x_wconf 90' lang='lat' dir='ltr'><strong>ipsum</strong></span> <span class='ocrx_word' id='word_1_121' title='bbox 1902 1824 2255 1905; x_wconf 88' lang='lat' dir='ltr'><strong>scriptores</strong></span> <span class='ocrx_word' id='word_1_122' title='bbox 2280 1824 2629 1889; x_wconf 81' lang='lat' dir='ltr'><strong>allirmant.</strong></span> <span class='ocrx_word' id='word_1_123' title='bbox 2663 1824 2735 1887; x_wconf 82' lang='lat' dir='ltr'><strong>Id</strong></span> <span class='ocrx_word' id='word_1_124' title='bbox 2775 1840 2936 1888; x_wconf 90' lang='lat' dir='ltr'><strong>sane</strong></span> <span class='ocrx_word' id='word_1_125' title='bbox 2964 1823 3320 1887; x_wconf 90' lang='lat' dir='ltr'><strong>deductum</strong></span> <span class='ocrx_word' id='word_1_126' title='bbox 3356 1842 3441 1890; x_wconf 80' lang='lat' dir='ltr'><strong>ex</strong></span> 
     </span>
    </p>
   </div>
   <div class='ocr_carea' id='block_1_15' title="bbox 132 1912 3440 2004">
    <p class='ocr_par' dir='ltr' id='par_1_15' title="bbox 132 1912 3440 2004">
     <span class='ocr_line' id='line_1_15' title="bbox 132 1912 3440 2004; baseline 0.005 -35"><span class='ocrx_word' id='word_1_127' title='bbox 132 1912 327 1990; x_wconf 69' lang='lat' dir='ltr'><strong>prima</strong></span> <span class='ocrx_word' id='word_1_128' title='bbox 360 1914 514 1994; x_wconf 89' lang='lat' dir='ltr'><strong>ejus</strong></span> <span class='ocrx_word' id='word_1_129' title='bbox 543 1915 623 1977; x_wconf 89' lang='lat' dir='ltr'><strong>ad</strong></span> <span class='ocrx_word' id='word_1_130' title='bbox 653 1916 919 1978; x_wconf 80' lang='lat' dir='ltr'><strong>Mariam</strong></span> <span class='ocrx_word' id='word_1_131' title='bbox 978 1916 1461 1995; x_wconf 86' lang='lat' dir='ltr'><strong>imperatricem</strong></span> <span class='ocrx_word' id='word_1_132' title='bbox 1506 1920 1789 2002; x_wconf 90' lang='lat' dir='ltr'><strong>epistola</strong></span> <span class='ocrx_word' id='word_1_133' title='bbox 1827 1924 2000 2004; x_wconf 86' lang='lat' dir='ltr'><strong>apud</strong></span> <span class='ocrx_word' id='word_1_134' title='bbox 2054 1922 2407 1987; x_wconf 84' lang='lat' dir='ltr'><strong>Baronium</strong></span> <span class='ocrx_word' id='word_1_135' title='bbox 2444 1923 2523 1986; x_wconf 87' lang='lat' dir='ltr'><strong>ad</strong></span> <span class='ocrx_word' id='word_1_136' title='bbox 2562 1939 2807 1985; x_wconf 88' lang='lat' dir='ltr'><strong>annum</strong></span> <span class='ocrx_word' id='word_1_137' title='bbox 2843 1922 3021 1985; x_wconf 83' lang='lat'><strong>1071.</strong></span> <span class='ocrx_word' id='word_1_138' title='bbox 3065 1920 3169 1984; x_wconf 81' lang='lat' dir='ltr'><strong>Ait</strong></span> <span class='ocrx_word' id='word_1_139' title='bbox 3201 1921 3377 1986; x_wconf 91' lang='lat' dir='ltr'><strong>enim</strong></span> <span class='ocrx_word' id='word_1_140' title='bbox 3422 1947 3440 1987; x_wconf 83' lang='lat'><strong>:</strong></span> 
     </span>
    </p>
   </div>
   <div class='ocr_carea' id='block_1_16' title="bbox 127 2011 3001 2100">
    <p class='ocr_par' dir='ltr' id='par_1_16' title="bbox 127 2011 3001 2100">
     <span class='ocr_line' id='line_1_16' title="bbox 127 2011 3001 2100; baseline 0.003 -35"><span class='ocrx_word' id='word_1_141' title='bbox 127 2037 151 2065; x_wconf 82' lang='grc' dir='ltr'><strong>ι</strong></span> <span class='ocrx_word' id='word_1_142' title='bbox 195 2012 548 2074; x_wconf 77' lang='lat' dir='ltr'><strong>Descendo</strong></span> <span class='ocrx_word' id='word_1_143' title='bbox 582 2011 784 2091; x_wconf 81' lang='lat' dir='ltr'><strong>igitur</strong></span> <span class='ocrx_word' id='word_1_144' title='bbox 828 2015 905 2076; x_wconf 92' lang='lat' dir='ltr'><strong>ad</strong></span> <span class='ocrx_word' id='word_1_145' title='bbox 941 2014 1278 2094; x_wconf 83' lang='lat' dir='ltr'><strong>Bulgaros,</strong></span> <span class='ocrx_word' id='word_1_146' title='bbox 1314 2035 1383 2077; x_wconf 84' lang='lat' dir='ltr'><strong>re</strong></span> <span class='ocrx_word' id='word_1_147' title='bbox 1416 2016 2213 2100; x_wconf 75' lang='lat' dir='ltr'><strong>Constantinopolitanae,</strong></span> <span class='ocrx_word' id='word_1_148' title='bbox 2261 2020 2549 2099; x_wconf 83' lang='lat' dir='ltr'><strong>hOSpitiO</strong></span> <span class='ocrx_word' id='word_1_149' title='bbox 2580 2016 2931 2100; x_wconf 89' lang='lat' dir='ltr'><strong>Bulgarus.</strong></span> <span class='ocrx_word' id='word_1_150' title='bbox 2972 2042 3001 2075; x_wconf 77' lang='grc' dir='ltr'><strong>ν</strong></span> 
     </span>
    </p>
   </div>
   <div class='ocr_carea' id='block_1_17' title="bbox 197 2106 3438 2193">
    <p class='ocr_par' dir='ltr' id='par_1_17' title="bbox 197 2106 3438 2193">
     <span class='ocr_line' id='line_1_17' title="bbox 197 2106 3438 2193; baseline 0.004 -26"><span class='ocrx_word' id='word_1_151' title='bbox 197 2106 487 2170; x_wconf 73' lang='lat' dir='ltr'><strong>Michael</strong></span> <span class='ocrx_word' id='word_1_152' title='bbox 552 2108 934 2187; x_wconf 89' lang='lat' dir='ltr'><strong>Lequienus</strong></span> <span class='ocrx_word' id='word_1_153' title='bbox 994 2110 1169 2172; x_wconf 87' lang='lat' dir='ltr'><strong>inter</strong></span> <span class='ocrx_word' id='word_1_154' title='bbox 1216 2110 1749 2191; x_wconf 84' lang='lat' dir='ltr'><strong>archiepiscOpos</strong></span> <span class='ocrx_word' id='word_1_155' title='bbox 1801 2120 2237 2182; x_wconf 83' lang='lat' dir='ltr'><strong>Achridenses</strong></span> <span class='ocrx_word' id='word_1_156' title='bbox 2278 2127 2453 2182; x_wconf 92' lang='lat' dir='ltr'><strong>tomo</strong></span> <span class='ocrx_word' id='word_1_157' title='bbox 2503 2117 2555 2180; x_wconf 92' lang='lat' dir='ltr'><strong>ll</strong></span> <span class='ocrx_word' id='word_1_158' title='bbox 2612 2118 2681 2179; x_wconf 92' lang='lat' dir='ltr'><strong>in</strong></span> <span class='ocrx_word' id='word_1_159' title='bbox 2729 2116 2993 2180; x_wconf 78' lang='lat' dir='ltr'><strong>Oriente</strong></span> <span class='ocrx_word' id='word_1_160' title='bbox 3035 2116 3438 2193; x_wconf 84' lang='lat' dir='ltr'><strong>Christiano,</strong></span> 
     </span>
    </p>
   </div>
   <div class='ocr_carea' id='block_1_18' title="bbox 126 2201 3438 2289">
    <p class='ocr_par' dir='ltr' id='par_1_18' title="bbox 126 2201 3438 2289">
     <span class='ocr_line' id='line_1_18' title="bbox 126 2201 3438 2289; baseline 0.002 -26"><span class='ocrx_word' id='word_1_161' title='bbox 126 2201 248 2266; x_wconf 83' lang='lat' dir='ltr'><strong>hac</strong></span> <span class='ocrx_word' id='word_1_162' title='bbox 298 2205 505 2267; x_wconf 85' lang='lat' dir='ltr'><strong>verba</strong></span> <span class='ocrx_word' id='word_1_163' title='bbox 566 2202 759 2267; x_wconf 85' lang='lat' dir='ltr'><strong>refert</strong></span> <span class='ocrx_word' id='word_1_164' title='bbox 808 2220 889 2268; x_wconf 85' lang='lat' dir='ltr'><strong>ex</strong></span> <span class='ocrx_word' id='word_1_165' title='bbox 960 2223 1077 2268; x_wconf 90' lang='lat' dir='ltr'><strong>ms.</strong></span> <span class='ocrx_word' id='word_1_166' title='bbox 1142 2207 1366 2285; x_wconf 82' lang='lat' dir='ltr'><strong>Regia</strong></span> <span class='ocrx_word' id='word_1_167' title='bbox 1417 2208 1828 2275; x_wconf 89' lang='lat' dir='ltr'><strong>bibliotheca</strong></span> <span class='ocrx_word' id='word_1_168' title='bbox 1884 2212 2185 2273; x_wconf 83' lang='lat' dir='ltr'><strong>Inliculo</strong></span> <span class='ocrx_word' id='word_1_169' title='bbox 2224 2233 2238 2272; x_wconf 90' lang='lat'><strong>:</strong></span> <span class='ocrx_word' id='word_1_170' title='bbox 2271 2233 2300 2268; x_wconf 73' lang='grc' dir='ltr'><strong>α</strong></span> <span class='ocrx_word' id='word_1_171' title='bbox 2338 2207 2869 2287; x_wconf 69' lang='lat' dir='ltr'><strong>&#39;l‘heOphylactus</strong></span> <span class='ocrx_word' id='word_1_172' title='bbox 2938 2226 3015 2271; x_wconf 75' lang='lat' dir='ltr'><strong>ex</strong></span> <span class='ocrx_word' id='word_1_173' title='bbox 3094 2209 3372 2289; x_wconf 90' lang='lat' dir='ltr'><strong>Euripo.</strong></span> <span class='ocrx_word' id='word_1_174' title='bbox 3410 2235 3438 2267; x_wconf 74' lang='grc' dir='ltr'><strong>ι</strong></span> 
     </span>
    </p>
   </div>
   <div class='ocr_carea' id='block_1_19' title="bbox 130 2299 3437 2390">
    <p class='ocr_par' dir='ltr' id='par_1_19' title="bbox 130 2299 3437 2390">
     <span class='ocr_line' id='line_1_19' title="bbox 130 2299 3437 2390; baseline 0.002 -30"><span class='ocrx_word' id='word_1_175' title='bbox 130 2301 366 2363; x_wconf 80' lang='lat' dir='ltr'><strong>Vocem</strong></span> <span class='ocrx_word' id='word_1_176' title='bbox 408 2299 585 2364; x_wconf 87' lang='lat' dir='ltr'><strong>hanc</strong></span> <span class='ocrx_word' id='word_1_177' title='bbox 627 2301 980 2382; x_wconf 84' lang='lat' dir='ltr'><strong>geOgraphi</strong></span> <span class='ocrx_word' id='word_1_178' title='bbox 1042 2305 1364 2384; x_wconf 89' lang='lat' dir='ltr'><strong>pracipue</strong></span> <span class='ocrx_word' id='word_1_179' title='bbox 1398 2305 1765 2369; x_wconf 89' lang='lat' dir='ltr'><strong>attribuunt</strong></span> <span class='ocrx_word' id='word_1_180' title='bbox 1824 2304 2021 2366; x_wconf 90' lang='lat' dir='ltr'><strong>maris</strong></span> <span class='ocrx_word' id='word_1_181' title='bbox 2067 2303 2391 2384; x_wconf 81' lang='lat' dir='ltr'><strong>angustiis</strong></span> <span class='ocrx_word' id='word_1_182' title='bbox 2441 2303 2751 2368; x_wconf 85' lang='lat' dir='ltr'><strong>Achaiam</strong></span> <span class='ocrx_word' id='word_1_183' title='bbox 2806 2305 2980 2367; x_wconf 90' lang='lat' dir='ltr'><strong>inter</strong></span> <span class='ocrx_word' id='word_1_184' title='bbox 3032 2312 3096 2390; x_wconf 82' lang='lat' dir='ltr'><strong>et</strong></span> <span class='ocrx_word' id='word_1_185' title='bbox 3126 2305 3437 2369; x_wconf 69' lang='lat' dir='ltr'><strong>Eubaam</strong></span> 
     </span>
    </p>
   </div>
   <div class='ocr_carea' id='block_1_20' title="bbox 127 2398 3441 2483">
    <p class='ocr_par' dir='ltr' id='par_1_20' title="bbox 127 2398 3441 2483">
     <span class='ocr_line' id='line_1_20' title="bbox 127 2398 3441 2483; baseline 0.001 -22"><span class='ocrx_word' id='word_1_186' title='bbox 127 2400 436 2472; x_wconf 85' lang='lat' dir='ltr'><strong>insulam,</strong></span> <span class='ocrx_word' id='word_1_187' title='bbox 474 2398 679 2478; x_wconf 82' lang='lat' dir='ltr'><strong>vulgo</strong></span> <span class='ocrx_word' id='word_1_188' title='bbox 705 2400 946 2461; x_wconf 87' lang='lat' dir='ltr'><strong>Stretto</strong></span> <span class='ocrx_word' id='word_1_189' title='bbox 1002 2399 1072 2463; x_wconf 87' lang='lat' dir='ltr'><strong>di</strong></span> <span class='ocrx_word' id='word_1_190' title='bbox 1128 2401 1560 2483; x_wconf 84' lang='lat' dir='ltr'><strong>Negroponte.</strong></span> <span class='ocrx_word' id='word_1_191' title='bbox 1617 2406 1839 2467; x_wconf 87' lang='lat' dir='ltr'><strong>Tanta</strong></span> <span class='ocrx_word' id='word_1_192' title='bbox 1885 2403 2019 2465; x_wconf 87' lang='lat' dir='ltr'><strong>illa</strong></span> <span class='ocrx_word' id='word_1_193' title='bbox 2062 2409 2241 2477; x_wconf 91' lang='lat' dir='ltr'><strong>sunt,</strong></span> <span class='ocrx_word' id='word_1_194' title='bbox 2288 2408 2358 2465; x_wconf 92' lang='lat' dir='ltr'><strong>ut</strong></span> <span class='ocrx_word' id='word_1_195' title='bbox 2420 2399 2535 2463; x_wconf 92' lang='lat' dir='ltr'><strong>illa</strong></span> <span class='ocrx_word' id='word_1_196' title='bbox 2595 2408 2793 2480; x_wconf 85' lang='lat' dir='ltr'><strong>ponte</strong></span> <span class='ocrx_word' id='word_1_197' title='bbox 2826 2400 3150 2481; x_wconf 88' lang='lat' dir='ltr'><strong>jungatur</strong></span> <span class='ocrx_word' id='word_1_198' title='bbox 3205 2400 3315 2463; x_wconf 91' lang='lat' dir='ltr'><strong>isti</strong></span> <span class='ocrx_word' id='word_1_199' title='bbox 3359 2401 3441 2464; x_wconf 88' lang='lat' dir='ltr'><strong>ad</strong></span> 
     </span>
    </p>
   </div>
   <div class='ocr_carea' id='block_1_21' title="bbox 126 2498 3438 2582">
    <p class='ocr_par' dir='ltr' id='par_1_21' title="bbox 126 2498 3438 2582">
     <span class='ocr_line' id='line_1_21' title="bbox 126 2498 3438 2582; baseline 0 -21"><span class='ocrx_word' id='word_1_200' title='bbox 126 2500 503 2563; x_wconf 83' lang='lat' dir='ltr'><strong>Chalcidem</strong></span> <span class='ocrx_word' id='word_1_201' title='bbox 543 2500 771 2561; x_wconf 89' lang='lat' dir='ltr'><strong>urbem</strong></span> <span class='ocrx_word' id='word_1_202' title='bbox 804 2516 819 2561; x_wconf 91' lang='lat'>:</span> <span class='ocrx_word' id='word_1_203' title='bbox 870 2504 1042 2563; x_wconf 90' lang='lat' dir='ltr'><strong>unde</strong></span> <span class='ocrx_word' id='word_1_204' title='bbox 1073 2500 1285 2564; x_wconf 91' lang='lat' dir='ltr'><strong>dictus</strong></span> <span class='ocrx_word' id='word_1_205' title='bbox 1335 2503 1529 2565; x_wconf 90' lang='lat' dir='ltr'><strong>etiam</strong></span> <span class='ocrx_word' id='word_1_206' title='bbox 1584 2504 1876 2582; x_wconf 77' lang='lat' dir='ltr'><strong>Euripus</strong></span> <span class='ocrx_word' id='word_1_207' title='bbox 1908 2498 2342 2564; x_wconf 82' lang='lat' dir='ltr'><strong>Chalcidicus.</strong></span> <span class='ocrx_word' id='word_1_208' title='bbox 2408 2500 2481 2561; x_wconf 91' lang='lat' dir='ltr'><strong>ln</strong></span> <span class='ocrx_word' id='word_1_209' title='bbox 2516 2499 2957 2579; x_wconf 81' lang='lat' dir='ltr'><strong>geographica</strong></span> <span class='ocrx_word' id='word_1_210' title='bbox 2996 2498 3438 2562; x_wconf 88' lang='lat' dir='ltr'><strong>Ecclesiarum</strong></span> 
     </span>
    </p>
   </div>
   <div class='ocr_carea' id='block_1_22' title="bbox 126 2593 3446 2677">
    <p class='ocr_par' dir='ltr' id='par_1_22' title="bbox 126 2593 3446 2677">
     <span class='ocr_line' id='line_1_22' title="bbox 126 2593 3446 2677; baseline 0 -19"><span class='ocrx_word' id='word_1_211' title='bbox 126 2596 611 2676; x_wconf 83' lang='lat' dir='ltr'><strong>episcOpalium</strong></span> <span class='ocrx_word' id='word_1_212' title='bbox 643 2596 869 2662; x_wconf 87' lang='lat' dir='ltr'><strong>lndice</strong></span> <span class='ocrx_word' id='word_1_213' title='bbox 899 2599 1069 2677; x_wconf 88' lang='lat' dir='ltr'><strong>apud</strong></span> <span class='ocrx_word' id='word_1_214' title='bbox 1114 2599 1443 2662; x_wconf 87' lang='lat' dir='ltr'><strong>Labbeum</strong></span> <span class='ocrx_word' id='word_1_215' title='bbox 1497 2608 1560 2662; x_wconf 88' lang='lat' dir='ltr'><strong>et</strong></span> <span class='ocrx_word' id='word_1_216' title='bbox 1607 2599 2021 2663; x_wconf 83' lang='lat' dir='ltr'><strong>Harduinum</strong></span> <span class='ocrx_word' id='word_1_217' title='bbox 2070 2597 2140 2658; x_wconf 92' lang='lat' dir='ltr'><strong>in</strong></span> <span class='ocrx_word' id='word_1_218' title='bbox 2202 2593 2599 2659; x_wconf 88' lang='lat' dir='ltr'><strong>Collectione</strong></span> <span class='ocrx_word' id='word_1_219' title='bbox 2640 2595 3102 2669; x_wconf 90' lang='lat' dir='ltr'><strong>conciliorum,</strong></span> <span class='ocrx_word' id='word_1_220' title='bbox 3157 2596 3446 2675; x_wconf 87' lang='lat' dir='ltr'><strong>Euripus</strong></span> 
     </span>
    </p>
   </div>
   <div class='ocr_carea' id='block_1_23' title="bbox 125 2690 3441 2778">
    <p class='ocr_par' dir='ltr' id='par_1_23' title="bbox 125 2690 3441 2778">
     <span class='ocr_line' id='line_1_23' title="bbox 125 2690 3441 2778; baseline -0.002 -21"><span class='ocrx_word' id='word_1_221' title='bbox 125 2696 443 2775; x_wconf 81' lang='lat' dir='ltr'><strong>accipitur</strong></span> <span class='ocrx_word' id='word_1_222' title='bbox 480 2710 603 2774; x_wconf 91' lang='lat' dir='ltr'><strong>pro</strong></span> <span class='ocrx_word' id='word_1_223' title='bbox 643 2693 966 2770; x_wconf 89' lang='lat' dir='ltr'><strong>Chalcide,</strong></span> <span class='ocrx_word' id='word_1_224' title='bbox 1003 2718 1032 2754; x_wconf 79' lang='grc' dir='ltr'><strong>ιι</strong></span> <span class='ocrx_word' id='word_1_225' title='bbox 1068 2713 1215 2777; x_wconf 82' lang='lat' dir='ltr'><strong>qua</strong></span> <span class='ocrx_word' id='word_1_226' title='bbox 1253 2704 1351 2760; x_wconf 88' lang='lat' dir='ltr'><strong>est</strong></span> <span class='ocrx_word' id='word_1_227' title='bbox 1388 2696 1455 2759; x_wconf 91' lang='lat' dir='ltr'><strong>in</strong></span> <span class='ocrx_word' id='word_1_228' title='bbox 1490 2698 1761 2778; x_wconf 88' lang='lat' dir='ltr'><strong>Euripo,</strong></span> <span class='ocrx_word' id='word_1_229' title='bbox 1797 2696 1936 2758; x_wconf 83' lang='lat' dir='ltr'><strong>sive</strong></span> <span class='ocrx_word' id='word_1_230' title='bbox 1966 2695 2034 2756; x_wconf 93' lang='lat' dir='ltr'><strong>in</strong></span> <span class='ocrx_word' id='word_1_231' title='bbox 2070 2694 2334 2756; x_wconf 80' lang='lat' dir='ltr'><strong>Eubma.</strong></span> <span class='ocrx_word' id='word_1_232' title='bbox 2372 2714 2404 2749; x_wconf 84' lang='grc'><strong>»</strong></span> <span class='ocrx_word' id='word_1_233' title='bbox 2438 2694 2532 2752; x_wconf 81' lang='lat' dir='ltr'><strong>An</strong></span> <span class='ocrx_word' id='word_1_234' title='bbox 2567 2707 2723 2771; x_wconf 90' lang='lat' dir='ltr'><strong>ergo</strong></span> <span class='ocrx_word' id='word_1_235' title='bbox 2757 2692 2960 2771; x_wconf 90' lang='lat' dir='ltr'><strong>patria</strong></span> <span class='ocrx_word' id='word_1_236' title='bbox 2988 2690 3441 2755; x_wconf 88' lang='lat' dir='ltr'><strong>Chalcidensis</strong></span> 
     </span>
    </p>
   </div>
   <div class='ocr_carea' id='block_1_24' title="bbox 124 2788 3441 2876">
    <p class='ocr_par' dir='ltr' id='par_1_24' title="bbox 124 2788 3441 2876">
     <span class='ocr_line' id='line_1_24' title="bbox 124 2788 3441 2876; baseline -0.001 -22"><span class='ocrx_word' id='word_1_237' title='bbox 124 2793 235 2855; x_wconf 88' lang='lat' dir='ltr'><strong>dici</strong></span> <span class='ocrx_word' id='word_1_238' title='bbox 279 2794 529 2856; x_wconf 89' lang='lat' dir='ltr'><strong>debeat</strong></span> <span class='ocrx_word' id='word_1_239' title='bbox 580 2792 1146 2873; x_wconf 82' lang='lat' dir='ltr'><strong>TheOphylactus?</strong></span> <span class='ocrx_word' id='word_1_240' title='bbox 1192 2798 1272 2857; x_wconf 85' lang='lat' dir='ltr'><strong>At</strong></span> <span class='ocrx_word' id='word_1_241' title='bbox 1316 2797 1651 2876; x_wconf 90' lang='lat' dir='ltr'><strong>quomodo</strong></span> <span class='ocrx_word' id='word_1_242' title='bbox 1702 2812 1774 2858; x_wconf 87' lang='lat' dir='ltr'><strong>se</strong></span> <span class='ocrx_word' id='word_1_243' title='bbox 1820 2812 1889 2856; x_wconf 92' lang='lat' dir='ltr'><strong>re</strong></span> <span class='ocrx_word' id='word_1_244' title='bbox 1928 2788 2728 2870; x_wconf 90' lang='lat' dir='ltr'><strong>Constantinopolitanum</strong></span> <span class='ocrx_word' id='word_1_245' title='bbox 2783 2789 3163 2852; x_wconf 80' lang='lat' dir='ltr'><strong>vocaverit?</strong></span> <span class='ocrx_word' id='word_1_246' title='bbox 3211 2789 3441 2851; x_wconf 84' lang='lat' dir='ltr'><strong>Adno-</strong></span> 
     </span>
    </p>
   </div>
   <div class='ocr_carea' id='block_1_25' title="bbox 125 2883 3445 2973">
    <p class='ocr_par' dir='ltr' id='par_1_25' title="bbox 125 2883 3445 2973">
     <span class='ocr_line' id='line_1_25' title="bbox 125 2883 3445 2973; baseline -0.001 -23"><span class='ocrx_word' id='word_1_247' title='bbox 125 2900 355 2954; x_wconf 84' lang='lat' dir='ltr'><strong>tantem</strong></span> <span class='ocrx_word' id='word_1_248' title='bbox 420 2891 808 2958; x_wconf 91' lang='lat' dir='ltr'><strong>Cluverium</strong></span> <span class='ocrx_word' id='word_1_249' title='bbox 869 2890 1197 2970; x_wconf 80' lang='lat' dir='ltr'><strong>legimus:</strong></span> <span class='ocrx_word' id='word_1_250' title='bbox 1260 2903 1404 2972; x_wconf 87' lang='lat' dir='ltr'><strong>post</strong></span> <span class='ocrx_word' id='word_1_251' title='bbox 1474 2894 1713 2973; x_wconf 84' lang='lat' dir='ltr'><strong>primas</strong></span> <span class='ocrx_word' id='word_1_252' title='bbox 1777 2890 1923 2953; x_wconf 89' lang='lat' dir='ltr'><strong>illas</strong></span> <span class='ocrx_word' id='word_1_253' title='bbox 1984 2889 2180 2953; x_wconf 88' lang='lat' dir='ltr'><strong>maris</strong></span> <span class='ocrx_word' id='word_1_254' title='bbox 2239 2886 2623 2967; x_wconf 87' lang='lat' dir='ltr'><strong>angustias,</strong></span> <span class='ocrx_word' id='word_1_255' title='bbox 2684 2902 2852 2966; x_wconf 91' lang='lat' dir='ltr'><strong>quas</strong></span> <span class='ocrx_word' id='word_1_256' title='bbox 2934 2883 3445 2964; x_wconf 84' lang='lat' dir='ltr'><strong>Hellespontum</strong></span> 
     </span>
    </p>
   </div>
   <div class='ocr_carea' id='block_1_26' title="bbox 125 2980 3448 3072">
    <p class='ocr_par' dir='ltr' id='par_1_26' title="bbox 125 2980 3448 3072">
     <span class='ocr_line' id='line_1_26' title="bbox 125 2980 3448 3072; baseline -0.002 -21"><span class='ocrx_word' id='word_1_257' title='bbox 125 2998 372 3065; x_wconf 66' lang='lat' dir='ltr'><strong>vocant,</strong></span> <span class='ocrx_word' id='word_1_258' title='bbox 435 2990 691 3052; x_wconf 86' lang='lat' dir='ltr'><strong>Stretto</strong></span> <span class='ocrx_word' id='word_1_259' title='bbox 738 2987 833 3050; x_wconf 87' lang='lat' dir='ltr'><strong>de’</strong></span> <span class='ocrx_word' id='word_1_260' title='bbox 873 2989 1283 3066; x_wconf 89' lang='lat' dir='ltr'><strong>Dardanelli,</strong></span> <span class='ocrx_word' id='word_1_261' title='bbox 1354 2990 1600 3072; x_wconf 90' lang='lat' dir='ltr'><strong>porrigi</strong></span> <span class='ocrx_word' id='word_1_262' title='bbox 1669 2999 1933 3053; x_wconf 88' lang='lat' dir='ltr'><strong>tenuem</strong></span> <span class='ocrx_word' id='word_1_263' title='bbox 1999 2982 2352 3065; x_wconf 86' lang='lat' dir='ltr'><strong>quemdam</strong></span> <span class='ocrx_word' id='word_1_264' title='bbox 2421 2982 2770 3061; x_wconf 64' lang='lat' dir='ltr'><strong>Euripum,</strong></span> <span class='ocrx_word' id='word_1_265' title='bbox 2838 2987 3187 3063; x_wconf 86' lang='lat' dir='ltr'><strong>antequam</strong></span> <span class='ocrx_word' id='word_1_266' title='bbox 3248 2980 3448 3045; x_wconf 90' lang='lat' dir='ltr'><strong>latius</strong></span> 
     </span>
    </p>
   </div>
   <div class='ocr_carea' id='block_1_27' title="bbox 124 3078 3446 3170">
    <p class='ocr_par' dir='ltr' id='par_1_27' title="bbox 124 3078 3446 3170">
     <span class='ocr_line' id='line_1_27' title="bbox 124 3078 3446 3170; baseline -0.003 -19"><span class='ocrx_word' id='word_1_267' title='bbox 124 3107 370 3170; x_wconf 74' lang='lat' dir='ltr'><strong>aequor,</strong></span> <span class='ocrx_word' id='word_1_268' title='bbox 408 3088 670 3150; x_wconf 86' lang='lat' dir='ltr'><strong>dictum</strong></span> <span class='ocrx_word' id='word_1_269' title='bbox 734 3088 1105 3168; x_wconf 88' lang='lat' dir='ltr'><strong>Pr0pontis,</strong></span> <span class='ocrx_word' id='word_1_270' title='bbox 1165 3089 1597 3170; x_wconf 82' lang='lat' dir='ltr'><strong>exspatietur,</strong></span> <span class='ocrx_word' id='word_1_271' title='bbox 1654 3104 1727 3150; x_wconf 91' lang='lat' dir='ltr'><strong>ac</strong></span> <span class='ocrx_word' id='word_1_272' title='bbox 1772 3085 1991 3147; x_wconf 85' lang='lat' dir='ltr'><strong>denuo</strong></span> <span class='ocrx_word' id='word_1_273' title='bbox 2032 3082 2098 3143; x_wconf 92' lang='lat' dir='ltr'><strong>in</strong></span> <span class='ocrx_word' id='word_1_274' title='bbox 2153 3085 2397 3142; x_wconf 87' lang='lat' dir='ltr'><strong>arctum</strong></span> <span class='ocrx_word' id='word_1_275' title='bbox 2463 3087 2645 3141; x_wconf 91' lang='lat' dir='ltr'><strong>coeat</strong></span> <span class='ocrx_word' id='word_1_276' title='bbox 2690 3078 2815 3141; x_wconf 90' lang='lat' dir='ltr'><strong>sub</strong></span> <span class='ocrx_word' id='word_1_277' title='bbox 2845 3079 3114 3142; x_wconf 91' lang='lat' dir='ltr'><strong>nomine</strong></span> <span class='ocrx_word' id='word_1_278' title='bbox 3148 3078 3446 3158; x_wconf 90' lang='lat' dir='ltr'><strong>Bospori.</strong></span> 
     </span>
    </p>
   </div>
   <div class='ocr_carea' id='block_1_28' title="bbox 124 3175 3447 3268">
    <p class='ocr_par' dir='ltr' id='par_1_28' title="bbox 124 3175 3447 3268">
     <span class='ocr_line' id='line_1_28' title="bbox 124 3175 3447 3268; baseline -0.002 -20"><span class='ocrx_word' id='word_1_279' title='bbox 124 3192 212 3250; x_wconf 79' lang='lat' dir='ltr'><strong>An</strong></span> <span class='ocrx_word' id='word_1_280' title='bbox 270 3186 507 3265; x_wconf 86' lang='lat' dir='ltr'><strong>potius</strong></span> <span class='ocrx_word' id='word_1_281' title='bbox 576 3184 716 3248; x_wconf 87' lang='lat' dir='ltr'><strong>loco</strong></span> <span class='ocrx_word' id='word_1_282' title='bbox 767 3185 835 3248; x_wconf 90' lang='lat' dir='ltr'><strong>in</strong></span> <span class='ocrx_word' id='word_1_283' title='bbox 892 3184 1115 3268; x_wconf 83' lang='lat' dir='ltr'><strong>aliquo</strong></span> <span class='ocrx_word' id='word_1_284' title='bbox 1168 3188 1246 3251; x_wconf 88' lang='lat' dir='ltr'><strong>ad</strong></span> <span class='ocrx_word' id='word_1_285' title='bbox 1322 3188 1495 3251; x_wconf 91' lang='lat' dir='ltr'><strong>hunc</strong></span> <span class='ocrx_word' id='word_1_286' title='bbox 1557 3186 1875 3263; x_wconf 87' lang='lat' dir='ltr'><strong>Euripum</strong></span> <span class='ocrx_word' id='word_1_287' title='bbox 1944 3180 2191 3243; x_wconf 88' lang='lat' dir='ltr'><strong>natales</strong></span> <span class='ocrx_word' id='word_1_288' title='bbox 2247 3175 2779 3257; x_wconf 83' lang='lat' dir='ltr'><strong>TheOphylactus</strong></span> <span class='ocrx_word' id='word_1_289' title='bbox 2844 3175 3198 3240; x_wconf 81' lang='lat' dir='ltr'><strong>habuerit?</strong></span> <span class='ocrx_word' id='word_1_290' title='bbox 3261 3176 3447 3240; x_wconf 80' lang='lat' dir='ltr'><strong>Ratio</strong></span> 
     </span>
    </p>
   </div>
   <div class='ocr_carea' id='block_1_29' title="bbox 124 3274 3449 3364">
    <p class='ocr_par' dir='ltr' id='par_1_29' title="bbox 124 3274 3449 3364">
     <span class='ocr_line' id='line_1_29' title="bbox 124 3274 3449 3364; baseline -0.003 -17"><span class='ocrx_word' id='word_1_291' title='bbox 124 3283 397 3348; x_wconf 73' lang='lat' dir='ltr'><strong>fortasse</strong></span> <span class='ocrx_word' id='word_1_292' title='bbox 433 3293 711 3363; x_wconf 90' lang='lat' dir='ltr'><strong>apparet</strong></span> <span class='ocrx_word' id='word_1_293' title='bbox 746 3281 1269 3355; x_wconf 90' lang='lat' dir='ltr'><strong>convenientior,</strong></span> <span class='ocrx_word' id='word_1_294' title='bbox 1301 3285 1385 3347; x_wconf 92' lang='lat' dir='ltr'><strong>ob</strong></span> <span class='ocrx_word' id='word_1_295' title='bbox 1424 3300 1615 3364; x_wconf 91' lang='lat' dir='ltr'><strong>quam</strong></span> <span class='ocrx_word' id='word_1_296' title='bbox 1649 3282 1978 3363; x_wconf 77' lang='lat' dir='ltr'><strong>appellare</strong></span> <span class='ocrx_word' id='word_1_297' title='bbox 2008 3296 2157 3342; x_wconf 91' lang='lat' dir='ltr'><strong>sese</strong></span> <span class='ocrx_word' id='word_1_298' title='bbox 2192 3294 2259 3340; x_wconf 86' lang='lat' dir='ltr'><strong>re</strong></span> <span class='ocrx_word' id='word_1_299' title='bbox 2293 3274 3094 3353; x_wconf 83' lang='lat' dir='ltr'><strong>Constantinopolitanum</strong></span> <span class='ocrx_word' id='word_1_300' title='bbox 3132 3275 3449 3357; x_wconf 85' lang='lat' dir='ltr'><strong>potuerit.</strong></span> 
     </span>
    </p>
   </div>
   <div class='ocr_carea' id='block_1_30' title="bbox 126 3373 3447 3459">
    <p class='ocr_par' dir='ltr' id='par_1_30' title="bbox 126 3373 3447 3459">
     <span class='ocr_line' id='line_1_30' title="bbox 126 3373 3447 3459; baseline -0.003 -13"><span class='ocrx_word' id='word_1_301' title='bbox 126 3384 364 3459; x_wconf 88' lang='lat' dir='ltr'><strong>Quidni</strong></span> <span class='ocrx_word' id='word_1_302' title='bbox 419 3397 587 3444; x_wconf 90' lang='lat' dir='ltr'><strong>vero</strong></span> <span class='ocrx_word' id='word_1_303' title='bbox 635 3379 894 3442; x_wconf 87' lang='lat' dir='ltr'><strong>tandem</strong></span> <span class='ocrx_word' id='word_1_304' title='bbox 931 3380 1014 3442; x_wconf 92' lang='lat' dir='ltr'><strong>ita</strong></span> <span class='ocrx_word' id='word_1_305' title='bbox 1064 3396 1211 3442; x_wconf 85' lang='lat' dir='ltr'><strong>sese</strong></span> <span class='ocrx_word' id='word_1_306' title='bbox 1261 3379 1690 3459; x_wconf 85' lang='lat' dir='ltr'><strong>appellaverit</strong></span> <span class='ocrx_word' id='word_1_307' title='bbox 1743 3378 1827 3441; x_wconf 80' lang='lat' dir='ltr'><strong>ob</strong></span> <span class='ocrx_word' id='word_1_308' title='bbox 1879 3376 2205 3440; x_wconf 85' lang='lat' dir='ltr'><strong>diutinam</strong></span> <span class='ocrx_word' id='word_1_309' title='bbox 2254 3375 2321 3438; x_wconf 91' lang='lat' dir='ltr'><strong>in</strong></span> <span class='ocrx_word' id='word_1_310' title='bbox 2373 3376 2537 3437; x_wconf 89' lang='lat' dir='ltr'><strong>urbe</strong></span> <span class='ocrx_word' id='word_1_311' title='bbox 2601 3373 2780 3452; x_wconf 84' lang='lat' dir='ltr'><strong>regia</strong></span> <span class='ocrx_word' id='word_1_312' title='bbox 2833 3373 3447 3449; x_wconf 88' lang='lat' dir='ltr'><strong>commorationem,</strong></span> 
     </span>
    </p>
   </div>
   <div class='ocr_carea' id='block_1_31' title="bbox 132 3466 3453 3556">
    <p class='ocr_par' dir='ltr' id='par_1_31' title="bbox 132 3466 3453 3556">
     <span class='ocr_line' id='line_1_31' title="bbox 132 3466 3453 3556; baseline -0.002 -15"><span class='ocrx_word' id='word_1_313' title='bbox 132 3482 223 3542; x_wconf 85' lang='lat' dir='ltr'><strong>ubi</strong></span> <span class='ocrx_word' id='word_1_314' title='bbox 259 3482 532 3543; x_wconf 86' lang='lat' dir='ltr'><strong>litteras</strong></span> <span class='ocrx_word' id='word_1_315' title='bbox 568 3476 898 3547; x_wconf 83' lang='lat' dir='ltr'><strong>didicerit,</strong></span> <span class='ocrx_word' id='word_1_316' title='bbox 937 3493 1008 3539; x_wconf 93' lang='lat' dir='ltr'><strong>ac</strong></span> <span class='ocrx_word' id='word_1_317' title='bbox 1038 3477 1233 3538; x_wconf 88' lang='lat' dir='ltr'><strong>etiam</strong></span> <span class='ocrx_word' id='word_1_318' title='bbox 1288 3474 1613 3556; x_wconf 80' lang='lat' dir='ltr'><strong>professor</strong></span> <span class='ocrx_word' id='word_1_319' title='bbox 1654 3473 1978 3549; x_wconf 88' lang='lat' dir='ltr'><strong>docuerit,</strong></span> <span class='ocrx_word' id='word_1_320' title='bbox 2018 3472 2282 3553; x_wconf 89' lang='lat' dir='ltr'><strong>aliaque</strong></span> <span class='ocrx_word' id='word_1_321' title='bbox 2327 3470 2568 3534; x_wconf 88' lang='lat' dir='ltr'><strong>obierit</strong></span> <span class='ocrx_word' id='word_1_322' title='bbox 2623 3485 2803 3533; x_wconf 90' lang='lat' dir='ltr'><strong>sacra</strong></span> <span class='ocrx_word' id='word_1_323' title='bbox 2853 3466 3128 3534; x_wconf 73' lang='lat' dir='ltr'><strong>munia?</strong></span> <span class='ocrx_word' id='word_1_324' title='bbox 3156 3471 3312 3534; x_wconf 80' lang='lat' dir='ltr'><strong>Rem</strong></span> <span class='ocrx_word' id='word_1_325' title='bbox 3350 3488 3453 3535; x_wconf 88' lang='lat' dir='ltr'><strong>sa-</strong></span> 
     </span>
    </p>
   </div>
   <div class='ocr_carea' id='block_1_32' title="bbox 132 3572 1417 3655">
    <p class='ocr_par' dir='ltr' id='par_1_32' title="bbox 132 3572 1417 3655">
     <span class='ocr_line' id='line_1_32' title="bbox 132 3572 1417 3655; baseline -0.003 -14"><span class='ocrx_word' id='word_1_326' title='bbox 132 3580 248 3641; x_wconf 92' lang='lat' dir='ltr'><strong>tius</strong></span> <span class='ocrx_word' id='word_1_327' title='bbox 286 3576 462 3640; x_wconf 87' lang='lat' dir='ltr'><strong>mihi</strong></span> <span class='ocrx_word' id='word_1_328' title='bbox 506 3583 635 3644; x_wconf 89' lang='lat' dir='ltr'><strong>est.</strong></span> <span class='ocrx_word' id='word_1_329' title='bbox 672 3574 738 3635; x_wconf 90' lang='lat' dir='ltr'><strong>in</strong></span> <span class='ocrx_word' id='word_1_330' title='bbox 774 3573 988 3636; x_wconf 91' lang='lat' dir='ltr'><strong>medio</strong></span> <span class='ocrx_word' id='word_1_331' title='bbox 1017 3572 1417 3655; x_wconf 90' lang='lat' dir='ltr'><strong>relinquere.</strong></span> 
     </span>
    </p>
   </div>
   <div class='ocr_carea' id='block_1_33' title="bbox 201 3666 3442 3751">
    <p class='ocr_par' dir='ltr' id='par_1_33' title="bbox 201 3666 3442 3751">
     <span class='ocr_line' id='line_1_33' title="bbox 201 3666 3442 3751; baseline -0.004 -9"><span class='ocrx_word' id='word_1_332' title='bbox 201 3680 297 3742; x_wconf 88' lang='lat'><strong>18.</strong></span> <span class='ocrx_word' id='word_1_333' title='bbox 352 3673 584 3740; x_wconf 89' lang='lat' dir='ltr'><strong>Citato</strong></span> <span class='ocrx_word' id='word_1_334' title='bbox 620 3672 691 3734; x_wconf 92' lang='lat' dir='ltr'><strong>in</strong></span> <span class='ocrx_word' id='word_1_335' title='bbox 726 3670 1022 3735; x_wconf 86' lang='lat' dir='ltr'><strong>lndiculo</strong></span> <span class='ocrx_word' id='word_1_336' title='bbox 1056 3695 1084 3729; x_wconf 76' lang='grc' dir='ltr'><strong>α</strong></span> <span class='ocrx_word' id='word_1_337' title='bbox 1120 3670 1327 3735; x_wconf 76' lang='lat' dir='ltr'><strong>fuisse</strong></span> <span class='ocrx_word' id='word_1_338' title='bbox 1358 3671 1602 3751; x_wconf 89' lang='lat' dir='ltr'><strong>legitur</strong></span> <span class='ocrx_word' id='word_1_339' title='bbox 1644 3671 1887 3745; x_wconf 89' lang='lat' dir='ltr'><strong>rhetor,</strong></span> <span class='ocrx_word' id='word_1_340' title='bbox 1925 3676 1989 3732; x_wconf 91' lang='lat' dir='ltr'><strong>et</strong></span> <span class='ocrx_word' id='word_1_341' title='bbox 2020 3666 2268 3747; x_wconf 79' lang='lat' dir='ltr'><strong>Magna</strong></span> <span class='ocrx_word' id='word_1_342' title='bbox 2305 3666 2611 3731; x_wconf 87' lang='lat' dir='ltr'><strong>Ecclesia</strong></span> <span class='ocrx_word' id='word_1_343' title='bbox 2688 3666 3030 3743; x_wconf 89' lang='lat' dir='ltr'><strong>diaconus,</strong></span> <span class='ocrx_word' id='word_1_344' title='bbox 3066 3676 3096 3729; x_wconf 84' lang='grc' dir='ltr'>ὀ</span> <span class='ocrx_word' id='word_1_345' title='bbox 3142 3674 3333 3748; x_wconf 77' lang='grc' dir='ltr'><strong>ῥήτωρ</strong></span> <span class='ocrx_word' id='word_1_346' title='bbox 3362 3674 3442 3730; x_wconf 79' lang='grc' dir='ltr'>ὢν</span> 
     </span>
    </p>
   </div>
   <div class='ocr_carea' id='block_1_34' title="bbox 128 3756 1694 3850">
    <p class='ocr_par' dir='ltr' id='par_1_34' title="bbox 128 3756 1675 3850">
     <span class='ocr_line' id='line_1_34' title="bbox 128 3756 1675 3850; baseline -0.005 -12"><span class='ocrx_word' id='word_1_347' title='bbox 128 3785 212 3838; x_wconf 77' lang='lat' dir='ltr'><strong>nl</strong></span> <span class='ocrx_word' id='word_1_348' title='bbox 237 3784 512 3845; x_wconf 75' lang='grc' dir='ltr'><strong>διάκονος</strong></span> <span class='ocrx_word' id='word_1_349' title='bbox 542 3777 652 3848; x_wconf 72' lang='grc' dir='ltr'><strong>τῆς</strong></span> <span class='ocrx_word' id='word_1_350' title='bbox 675 3777 934 3848; x_wconf 63' lang='grc' dir='ltr'><strong>Μπγάλης</strong></span> <span class='ocrx_word' id='word_1_351' title='bbox 962 3777 1314 3850; x_wconf 76' lang='grc' dir='ltr'><strong>Ἐκκλησίας.</strong></span> <span class='ocrx_word' id='word_1_352' title='bbox 1356 3793 1385 3826; x_wconf 68' lang='grc' dir='ltr'><strong>ιι</strong></span> <span class='ocrx_word' id='word_1_353' title='bbox 1418 3756 1675 3832; x_wconf 75' lang='lat' dir='ltr'><strong>Sacram</strong></span> 
     </span>
    </p>
   </div>
   <div class='ocr_carea' id='block_1_35' title="bbox 1870 3756 3436 3850">
    <p class='ocr_par' dir='ltr' id='par_1_35' title="bbox 1870 3764 3436 3844">
     <span class='ocr_line' id='line_1_35' title="bbox 1870 3764 3436 3844; baseline 0 -15"><span class='ocrx_word' id='word_1_354' title='bbox 1870 3784 1918 3828; x_wconf 83' lang='lat' dir='ltr'><strong>:n</strong></span> <span class='ocrx_word' id='word_1_355' title='bbox 1985 3767 2235 3829; x_wconf 87' lang='lat' dir='ltr'><strong>Sancta</strong></span> <span class='ocrx_word' id='word_1_356' title='bbox 2270 3764 2553 3843; x_wconf 86' lang='lat' dir='ltr'><strong>SOphia,</strong></span> <span class='ocrx_word' id='word_1_357' title='bbox 2599 3764 2981 3844; x_wconf 88' lang='lat' dir='ltr'><strong>patriarcha</strong></span> <span class='ocrx_word' id='word_1_358' title='bbox 3023 3765 3273 3840; x_wconf 87' lang='lat' dir='ltr'><strong>sedem,</strong></span> <span class='ocrx_word' id='word_1_359' title='bbox 3318 3781 3436 3829; x_wconf 82' lang='lat' dir='ltr'><strong>vo—</strong></span> 
     </span>
    </p>
   </div>
   <div class='ocr_carea' id='block_1_36' title="bbox 130 3861 3452 3942">
    <p class='ocr_par' dir='ltr' id='par_1_36' title="bbox 130 3861 3452 3942">
     <span class='ocr_line' id='line_1_36' title="bbox 130 3861 3452 3942; baseline -0.003 -6"><span class='ocrx_word' id='word_1_360' title='bbox 130 3872 298 3936; x_wconf 86' lang='lat' dir='ltr'><strong>citari</strong></span> <span class='ocrx_word' id='word_1_361' title='bbox 343 3889 384 3932; x_wconf 81' lang='lat' dir='ltr'><strong>a</strong></span> <span class='ocrx_word' id='word_1_362' title='bbox 421 3867 679 3933; x_wconf 79' lang='lat' dir='ltr'><strong>Gracis</strong></span> <span class='ocrx_word' id='word_1_363' title='bbox 730 3866 1150 3929; x_wconf 89' lang='lat' dir='ltr'><strong>consuevisse</strong></span> <span class='ocrx_word' id='word_1_364' title='bbox 1189 3866 1512 3929; x_wconf 78' lang='lat' dir='ltr'><strong>ecclesiam</strong></span> <span class='ocrx_word' id='word_1_365' title='bbox 1564 3865 2191 3940; x_wconf 81' lang='lat' dir='ltr'><strong>Constantinianam,</strong></span> <span class='ocrx_word' id='word_1_366' title='bbox 2228 3872 2291 3925; x_wconf 91' lang='lat' dir='ltr'><strong>et</strong></span> <span class='ocrx_word' id='word_1_367' title='bbox 2340 3864 2641 3942; x_wconf 79' lang='lat' dir='ltr'><strong>Magnam</strong></span> <span class='ocrx_word' id='word_1_368' title='bbox 2672 3861 3028 3924; x_wconf 79' lang='lat' dir='ltr'><strong>Ecclesium</strong></span> <span class='ocrx_word' id='word_1_369' title='bbox 3070 3861 3452 3927; x_wconf 85' lang='lat' dir='ltr'><strong>Constanti-</strong></span> 
     </span>
    </p>
   </div>
   <div class='ocr_carea' id='block_1_37' title="bbox 128 3957 3450 4044">
    <p class='ocr_par' dir='ltr' id='par_1_37' title="bbox 128 3957 3450 4044">
     <span class='ocr_line' id='line_1_37' title="bbox 128 3957 3450 4044; baseline -0.002 -15"><span class='ocrx_word' id='word_1_370' title='bbox 128 3973 406 4033; x_wconf 68' lang='lat' dir='ltr'><strong>nianam.</strong></span> <span class='ocrx_word' id='word_1_371' title='bbox 461 3968 764 4044; x_wconf 83' lang='lat' dir='ltr'><strong>itemque</strong></span> <span class='ocrx_word' id='word_1_372' title='bbox 797 3966 1091 4042; x_wconf 68' lang='lat' dir='ltr'><strong>Magnam</strong></span> <span class='ocrx_word' id='word_1_373' title='bbox 1140 3965 1494 4027; x_wconf 80' lang='lat' dir='ltr'><strong>Ecclesium</strong></span> <span class='ocrx_word' id='word_1_374' title='bbox 1549 3963 2078 4036; x_wconf 84' lang='lat' dir='ltr'><strong>Theodosianam,</strong></span> <span class='ocrx_word' id='word_1_375' title='bbox 2122 3969 2184 4023; x_wconf 92' lang='lat' dir='ltr'><strong>et</strong></span> <span class='ocrx_word' id='word_1_376' title='bbox 2230 3962 2531 4039; x_wconf 86' lang='lat' dir='ltr'><strong>Magnam</strong></span> <span class='ocrx_word' id='word_1_377' title='bbox 2560 3957 2915 4021; x_wconf 82' lang='lat' dir='ltr'><strong>Ecclesiam</strong></span> <span class='ocrx_word' id='word_1_378' title='bbox 2948 3960 3450 4034; x_wconf 82' lang='lat' dir='ltr'><strong>Justinianeam,</strong></span> 
     </span>
    </p>
   </div>
   <div class='ocr_carea' id='block_1_38' title="bbox 128 4055 3452 4145">
    <p class='ocr_par' dir='ltr' id='par_1_38' title="bbox 128 4055 3452 4145">
     <span class='ocr_line' id='line_1_38' title="bbox 128 4055 3452 4145; baseline -0.002 -15"><span class='ocrx_word' id='word_1_379' title='bbox 128 4070 226 4145; x_wconf 74' lang='grc' dir='ltr'><strong>ῘΧ]</strong></span> <span class='ocrx_word' id='word_1_380' title='bbox 276 4085 354 4129; x_wconf 89' lang='lat' dir='ltr'><strong>ac</strong></span> <span class='ocrx_word' id='word_1_381' title='bbox 404 4066 686 4127; x_wconf 85' lang='lat' dir='ltr'><strong>demum</strong></span> <span class='ocrx_word' id='word_1_382' title='bbox 744 4062 1043 4141; x_wconf 81' lang='lat' dir='ltr'><strong>Magnam</strong></span> <span class='ocrx_word' id='word_1_383' title='bbox 1098 4062 1453 4131; x_wconf 80' lang='lat' dir='ltr'><strong>Ecclesium</strong></span> <span class='ocrx_word' id='word_1_384' title='bbox 1504 4062 1650 4125; x_wconf 91' lang='lat' dir='ltr'><strong>sine</strong></span> <span class='ocrx_word' id='word_1_385' title='bbox 1681 4062 1956 4142; x_wconf 85' lang='lat' dir='ltr'><strong>adjecto,</strong></span> <span class='ocrx_word' id='word_1_386' title='bbox 1990 4060 2252 4123; x_wconf 86' lang='lat' dir='ltr'><strong>adnotat</strong></span> <span class='ocrx_word' id='word_1_387' title='bbox 2311 4055 2714 4122; x_wconf 81' lang='lat' dir='ltr'><strong>Dufresnius</strong></span> <span class='ocrx_word' id='word_1_388' title='bbox 2764 4056 2831 4120; x_wconf 94' lang='lat' dir='ltr'><strong>in</strong></span> <span class='ocrx_word' id='word_1_389' title='bbox 2881 4057 3452 4141; x_wconf 83' lang='lat' dir='ltr'><strong>Constantinopoli</strong></span> 
     </span>
    </p>
   </div>
   <div class='ocr_carea' id='block_1_39' title="bbox 132 4159 1289 4235">
    <p class='ocr_par' dir='ltr' id='par_1_39' title="bbox 132 4159 1289 4235">
     <span class='ocr_line' id='line_1_39' title="bbox 132 4159 1289 4235; baseline -0.007 -7"><span class='ocrx_word' id='word_1_390' title='bbox 132 4166 540 4235; x_wconf 79' lang='lat' dir='ltr'><strong>Christiana,</strong></span> <span class='ocrx_word' id='word_1_391' title='bbox 580 4159 751 4222; x_wconf 89' lang='lat' dir='ltr'><strong>libro</strong></span> <span class='ocrx_word' id='word_1_392' title='bbox 799 4178 892 4233; x_wconf 87' lang='grc' dir='ltr'>ιιι,</span> <span class='ocrx_word' id='word_1_393' title='bbox 929 4176 963 4221; x_wconf 93' lang='lat' dir='ltr'><strong>a</strong></span> <span class='ocrx_word' id='word_1_394' title='bbox 999 4177 1176 4222; x_wconf 90' lang='lat' dir='ltr'><strong>num.</strong></span> <span class='ocrx_word' id='word_1_395' title='bbox 1216 4178 1289 4221; x_wconf 88' lang='grc' dir='ltr'>ιι.</span> 
     </span>
    </p>
   </div>
   <div class='ocr_carea' id='block_1_40' title="bbox 200 4253 3453 4337">
    <p class='ocr_par' dir='ltr' id='par_1_40' title="bbox 200 4253 3453 4337">
     <span class='ocr_line' id='line_1_40' title="bbox 200 4253 3453 4337; baseline -0.002 -14"><span class='ocrx_word' id='word_1_396' title='bbox 200 4263 298 4324; x_wconf 83' lang='grc'><strong>19.</strong></span> <span class='ocrx_word' id='word_1_397' title='bbox 359 4259 466 4323; x_wconf 88' lang='lat' dir='ltr'><strong>Ad</strong></span> <span class='ocrx_word' id='word_1_398' title='bbox 530 4256 1163 4334; x_wconf 84' lang='lat' dir='ltr'><strong>archiepiscOpatum</strong></span> <span class='ocrx_word' id='word_1_399' title='bbox 1225 4256 1425 4319; x_wconf 83' lang='lat' dir='ltr'><strong>totius</strong></span> <span class='ocrx_word' id='word_1_400' title='bbox 1476 4256 1827 4337; x_wconf 77' lang='lat' dir='ltr'><strong>Bulgarica</strong></span> <span class='ocrx_word' id='word_1_401' title='bbox 1909 4254 2214 4319; x_wconf 87' lang='lat' dir='ltr'><strong>Ecclesia</strong></span> <span class='ocrx_word' id='word_1_402' title='bbox 2279 4262 2547 4318; x_wconf 91' lang='lat' dir='ltr'><strong>evectus</strong></span> <span class='ocrx_word' id='word_1_403' title='bbox 2603 4261 2724 4317; x_wconf 91' lang='lat' dir='ltr'><strong>est.</strong></span> <span class='ocrx_word' id='word_1_404' title='bbox 2808 4254 3002 4317; x_wconf 84' lang='lat' dir='ltr'><strong>Vocat</strong></span> <span class='ocrx_word' id='word_1_405' title='bbox 3056 4271 3127 4317; x_wconf 88' lang='lat' dir='ltr'><strong>se</strong></span> <span class='ocrx_word' id='word_1_406' title='bbox 3190 4253 3333 4334; x_wconf 88' lang='lat' dir='ltr'><strong>ipse</strong></span> <span class='ocrx_word' id='word_1_407' title='bbox 3386 4255 3453 4319; x_wconf 91' lang='lat' dir='ltr'><strong>in</strong></span> 
     </span>
    </p>
   </div>
   <div class='ocr_carea' id='block_1_41' title="bbox 130 4350 3455 4435">
    <p class='ocr_par' dir='ltr' id='par_1_41' title="bbox 130 4350 3455 4435">
     <span class='ocr_line' id='line_1_41' title="bbox 130 4350 3455 4435; baseline -0.001 -16"><span class='ocrx_word' id='word_1_408' title='bbox 130 4355 401 4435; x_wconf 83' lang='lat' dir='ltr'><strong>epistola</strong></span> <span class='ocrx_word' id='word_1_409' title='bbox 432 4353 545 4427; x_wconf 84' lang='lat'><strong>73,</strong></span> <span class='ocrx_word' id='word_1_410' title='bbox 584 4350 669 4412; x_wconf 86' lang='lat' dir='ltr'><strong>ad</strong></span> <span class='ocrx_word' id='word_1_411' title='bbox 715 4350 1080 4413; x_wconf 84' lang='lat' dir='ltr'><strong>Michaelem</strong></span> <span class='ocrx_word' id='word_1_412' title='bbox 1124 4352 1586 4430; x_wconf 79' lang='lat' dir='ltr'><strong>Panteehnam,</strong></span> <span class='ocrx_word' id='word_1_413' title='bbox 1638 4353 2049 4433; x_wconf 84' lang='lat' dir='ltr'><strong>imperatoris</strong></span> <span class='ocrx_word' id='word_1_414' title='bbox 2134 4352 2465 4415; x_wconf 88' lang='lat' dir='ltr'><strong>medicum</strong></span> <span class='ocrx_word' id='word_1_415' title='bbox 2496 4400 2512 4427; x_wconf 92' lang='lat'><strong>,</strong></span> <span class='ocrx_word' id='word_1_416' title='bbox 2549 4373 2578 4407; x_wconf 75' lang='grc' dir='ltr'>α</span> <span class='ocrx_word' id='word_1_417' title='bbox 2620 4350 2821 4414; x_wconf 88' lang='lat' dir='ltr'><strong>totius</strong></span> <span class='ocrx_word' id='word_1_418' title='bbox 2864 4351 3185 4429; x_wconf 73' lang='lat' dir='ltr'><strong>Bulgaria</strong></span> <span class='ocrx_word' id='word_1_419' title='bbox 3237 4352 3455 4416; x_wconf 90' lang='lat' dir='ltr'><strong>archi-</strong></span> 
     </span>
    </p>
   </div>
   <div class='ocr_carea' id='block_1_42' title="bbox 128 4448 3451 4534">
    <p class='ocr_par' dir='ltr' id='par_1_42' title="bbox 128 4448 3451 4534">
     <span class='ocr_line' id='line_1_42' title="bbox 128 4448 3451 4534; baseline -0.002 -18"><span class='ocrx_word' id='word_1_420' title='bbox 128 4454 527 4534; x_wconf 86' lang='lat' dir='ltr'><strong>episc0pum</strong></span> <span class='ocrx_word' id='word_1_421' title='bbox 569 4471 584 4509; x_wconf 92' lang='lat'><strong>:</strong></span> <span class='ocrx_word' id='word_1_422' title='bbox 629 4472 659 4506; x_wconf 71' lang='grc' dir='ltr'><strong>ι</strong></span> <span class='ocrx_word' id='word_1_423' title='bbox 693 4456 757 4509; x_wconf 92' lang='lat' dir='ltr'><strong>et</strong></span> <span class='ocrx_word' id='word_1_424' title='bbox 802 4448 866 4510; x_wconf 91' lang='lat' dir='ltr'><strong>in</strong></span> <span class='ocrx_word' id='word_1_425' title='bbox 898 4449 1166 4523; x_wconf 86' lang='lat' dir='ltr'><strong>epistola</strong></span> <span class='ocrx_word' id='word_1_426' title='bbox 1207 4453 1266 4525; x_wconf 90' lang='lat'><strong>6,</strong></span> <span class='ocrx_word' id='word_1_427' title='bbox 1298 4451 1381 4512; x_wconf 85' lang='lat' dir='ltr'><strong>ad</strong></span> <span class='ocrx_word' id='word_1_428' title='bbox 1418 4451 1799 4533; x_wconf 80' lang='lat' dir='ltr'><strong>Gregorium</strong></span> <span class='ocrx_word' id='word_1_429' title='bbox 1834 4452 2260 4526; x_wconf 86' lang='lat' dir='ltr'><strong>Camaterum,</strong></span> <span class='ocrx_word' id='word_1_430' title='bbox 2292 4448 2571 4529; x_wconf 89' lang='lat' dir='ltr'><strong>appellat</strong></span> <span class='ocrx_word' id='word_1_431' title='bbox 2616 4466 2764 4511; x_wconf 87' lang='lat' dir='ltr'><strong>sese</strong></span> <span class='ocrx_word' id='word_1_432' title='bbox 2804 4469 2837 4506; x_wconf 74' lang='grc' dir='ltr'><strong>ι</strong></span> <span class='ocrx_word' id='word_1_433' title='bbox 2872 4448 3451 4530; x_wconf 88' lang='lat' dir='ltr'><strong>archiepiscopum</strong></span> 
     </span>
    </p>
   </div>
   <div class='ocr_carea' id='block_1_43' title="bbox 125 4543 824 4614">
    <p class='ocr_par' dir='ltr' id='par_1_43' title="bbox 125 4543 824 4614">
     <span class='ocr_line' id='line_1_43' title="bbox 125 4543 824 4614; baseline -0.01 -4"><span class='ocrx_word' id='word_1_434' title='bbox 125 4549 184 4611; x_wconf 88' lang='lat' dir='ltr'><strong>in</strong></span> <span class='ocrx_word' id='word_1_435' title='bbox 213 4550 386 4614; x_wconf 84' lang='lat' dir='ltr'><strong>urbe</strong></span> <span class='ocrx_word' id='word_1_436' title='bbox 424 4543 752 4610; x_wconf 83' lang='lat' dir='ltr'><strong>Achride.</strong></span> <span class='ocrx_word' id='word_1_437' title='bbox 796 4569 824 4601; x_wconf 69' lang='grc' dir='ltr'><strong>η</strong></span> 
     </span>
    </p>
   </div>
   <div class='ocr_carea' id='block_1_44' title="bbox 193 4644 3453 4727">
    <p class='ocr_par' dir='ltr' id='par_1_44' title="bbox 193 4644 3453 4727">
     <span class='ocr_line' id='line_1_44' title="bbox 193 4644 3453 4727; baseline -0.002 -15"><span class='ocrx_word' id='word_1_438' title='bbox 193 4650 382 4712; x_wconf 81' lang='lat' dir='ltr'><strong>Hanc</strong></span> <span class='ocrx_word' id='word_1_439' title='bbox 416 4644 817 4723; x_wconf 84' lang='lat' dir='ltr'><strong>dignitatem</strong></span> <span class='ocrx_word' id='word_1_440' title='bbox 875 4647 1135 4725; x_wconf 90' lang='lat' dir='ltr'><strong>quando</strong></span> <span class='ocrx_word' id='word_1_441' title='bbox 1183 4648 1571 4721; x_wconf 88' lang='lat' dir='ltr'><strong>obtinuerit,</strong></span> <span class='ocrx_word' id='word_1_442' title='bbox 1624 4646 1971 4727; x_wconf 90' lang='lat' dir='ltr'><strong>perspicua</strong></span> <span class='ocrx_word' id='word_1_443' title='bbox 2022 4645 2484 4709; x_wconf 89' lang='lat' dir='ltr'><strong>desiderantur</strong></span> <span class='ocrx_word' id='word_1_444' title='bbox 2541 4652 2992 4720; x_wconf 88' lang='lat' dir='ltr'><strong>monumenta,</strong></span> <span class='ocrx_word' id='word_1_445' title='bbox 3031 4661 3179 4725; x_wconf 90' lang='lat' dir='ltr'><strong>qua</strong></span> <span class='ocrx_word' id='word_1_446' title='bbox 3210 4644 3453 4727; x_wconf 81' lang='lat' dir='ltr'><strong>patefa-</strong></span> 
     </span>
    </p>
   </div>
   <div class='ocr_carea' id='block_1_45' title="bbox 125 4740 3451 4825">
    <p class='ocr_par' dir='ltr' id='par_1_45' title="bbox 125 4740 3451 4825">
     <span class='ocr_line' id='line_1_45' title="bbox 125 4740 3451 4825; baseline -0.001 -19"><span class='ocrx_word' id='word_1_447' title='bbox 125 4746 310 4808; x_wconf 86' lang='lat' dir='ltr'><strong>ciant.</strong></span> <span class='ocrx_word' id='word_1_448' title='bbox 360 4741 625 4805; x_wconf 84' lang='lat' dir='ltr'><strong>lnfulas</strong></span> <span class='ocrx_word' id='word_1_449' title='bbox 653 4749 940 4820; x_wconf 86' lang='lat' dir='ltr'><strong>gestasse</strong></span> <span class='ocrx_word' id='word_1_450' title='bbox 965 4740 1104 4806; x_wconf 88' lang='lat' dir='ltr'><strong>sine</strong></span> <span class='ocrx_word' id='word_1_451' title='bbox 1137 4745 1341 4807; x_wconf 90' lang='lat' dir='ltr'><strong>dubio</strong></span> <span class='ocrx_word' id='word_1_452' title='bbox 1366 4743 1646 4819; x_wconf 89' lang='lat' dir='ltr'><strong>videtur,</strong></span> <span class='ocrx_word' id='word_1_453' title='bbox 1671 4762 1818 4807; x_wconf 92' lang='lat' dir='ltr'><strong>cum</strong></span> <span class='ocrx_word' id='word_1_454' title='bbox 1848 4741 2191 4824; x_wconf 85' lang='lat' dir='ltr'><strong>epistolam</strong></span> <span class='ocrx_word' id='word_1_455' title='bbox 2222 4743 2793 4806; x_wconf 85' lang='lat' dir='ltr'><strong>scriberetJoanni</strong></span> <span class='ocrx_word' id='word_1_456' title='bbox 2824 4741 3035 4823; x_wconf 83' lang='lat' dir='ltr'><strong>(Italo)</strong></span> <span class='ocrx_word' id='word_1_457' title='bbox 3063 4742 3451 4825; x_wconf 77' lang='lat' dir='ltr'><strong>philosopho</strong></span> 
     </span>
    </p>
   </div>
   <div class='ocr_carea' id='block_1_46' title="bbox 130 4839 3456 4923">
    <p class='ocr_par' dir='ltr' id='par_1_46' title="bbox 130 4839 3456 4923">
     <span class='ocr_line' id='line_1_46' title="bbox 130 4839 3456 4923; baseline 0 -20"><span class='ocrx_word' id='word_1_458' title='bbox 130 4844 289 4907; x_wconf 90' lang='lat' dir='ltr'><strong>inter</strong></span> <span class='ocrx_word' id='word_1_459' title='bbox 330 4839 768 4904; x_wconf 76' lang='lat' dir='ltr'><strong>Meursianas</strong></span> <span class='ocrx_word' id='word_1_460' title='bbox 816 4839 1379 4923; x_wconf 79' lang='lat' dir='ltr'><strong>quadragesimam</strong></span> <span class='ocrx_word' id='word_1_461' title='bbox 1412 4844 1733 4920; x_wconf 89' lang='lat' dir='ltr'><strong>quintam.</strong></span> <span class='ocrx_word' id='word_1_462' title='bbox 1770 4844 1997 4904; x_wconf 86' lang='lat' dir='ltr'><strong>Datam</strong></span> <span class='ocrx_word' id='word_1_463' title='bbox 2026 4839 2200 4902; x_wconf 89' lang='lat' dir='ltr'><strong>illam</strong></span> <span class='ocrx_word' id='word_1_464' title='bbox 2238 4857 2341 4913; x_wconf 90' lang='lat' dir='ltr'><strong>eo,</strong></span> <span class='ocrx_word' id='word_1_465' title='bbox 2376 4857 2509 4920; x_wconf 87' lang='lat' dir='ltr'><strong>quo</strong></span> <span class='ocrx_word' id='word_1_466' title='bbox 2537 4839 3114 4920; x_wconf 88' lang='lat' dir='ltr'><strong>Constantinopoli</strong></span> <span class='ocrx_word' id='word_1_467' title='bbox 3185 4839 3456 4903; x_wconf 83' lang='lat' dir='ltr'><strong>ﬂorebat</strong></span> 
     </span>
    </p>
   </div>
   <div class='ocr_carea' id='block_1_47' title="bbox 129 4934 3455 5019">
    <p class='ocr_par' dir='ltr' id='par_1_47' title="bbox 129 4934 3455 5019">
     <span class='ocr_line' id='line_1_47' title="bbox 129 4934 3455 5019; baseline 0.001 -20"><span class='ocrx_word' id='word_1_468' title='bbox 129 4949 419 5019; x_wconf 87' lang='lat' dir='ltr'><strong>tempore</strong></span> <span class='ocrx_word' id='word_1_469' title='bbox 486 4934 921 5016; x_wconf 83' lang='lat' dir='ltr'><strong>philosnphus</strong></span> <span class='ocrx_word' id='word_1_470' title='bbox 970 4938 1105 5014; x_wconf 90' lang='lat' dir='ltr'><strong>ille,</strong></span> <span class='ocrx_word' id='word_1_471' title='bbox 1145 4956 1218 5003; x_wconf 88' lang='lat' dir='ltr'><strong>ac</strong></span> <span class='ocrx_word' id='word_1_472' title='bbox 1268 4939 1772 5018; x_wconf 86' lang='lat' dir='ltr'><strong>imperatoribus</strong></span> <span class='ocrx_word' id='word_1_473' title='bbox 1805 4947 2023 5019; x_wconf 89' lang='lat' dir='ltr'><strong>gratus</strong></span> <span class='ocrx_word' id='word_1_474' title='bbox 2075 4945 2255 5013; x_wconf 84' lang='lat' dir='ltr'><strong>erat,</strong></span> <span class='ocrx_word' id='word_1_475' title='bbox 2299 4935 2599 4999; x_wconf 87' lang='lat' dir='ltr'><strong>Michaeli</strong></span> <span class='ocrx_word' id='word_1_476' title='bbox 2650 4936 2906 5000; x_wconf 89' lang='lat' dir='ltr'><strong>scilicet</strong></span> <span class='ocrx_word' id='word_1_477' title='bbox 2956 4953 3030 5000; x_wconf 86' lang='lat' dir='ltr'><strong>ac</strong></span> <span class='ocrx_word' id='word_1_478' title='bbox 3061 4938 3300 5012; x_wconf 84' lang='lat' dir='ltr'><strong>Maria,</strong></span> <span class='ocrx_word' id='word_1_479' title='bbox 3342 4938 3455 5001; x_wconf 90' lang='lat' dir='ltr'><strong>ad-</strong></span> 
     </span>
    </p>
   </div>
   <div class='ocr_carea' id='block_1_48' title="bbox 130 5034 3440 5118">
    <p class='ocr_par' dir='ltr' id='par_1_48' title="bbox 130 5034 3440 5118">
     <span class='ocr_line' id='line_1_48' title="bbox 130 5034 3440 5118; baseline -0 -19"><span class='ocrx_word' id='word_1_480' title='bbox 130 5038 515 5100; x_wconf 83' lang='lat' dir='ltr'><strong>notavimus</strong></span> <span class='ocrx_word' id='word_1_481' title='bbox 562 5050 746 5096; x_wconf 90' lang='lat' dir='ltr'><strong>num.</strong></span> <span class='ocrx_word' id='word_1_482' title='bbox 779 5034 842 5107; x_wconf 88' lang='lat'><strong>9,</strong></span> <span class='ocrx_word' id='word_1_483' title='bbox 876 5035 1045 5098; x_wconf 91' lang='lat' dir='ltr'><strong>unde</strong></span> <span class='ocrx_word' id='word_1_484' title='bbox 1078 5038 1201 5099; x_wconf 91' lang='lat' dir='ltr'><strong>sub</strong></span> <span class='ocrx_word' id='word_1_485' title='bbox 1240 5036 1388 5117; x_wconf 91' lang='lat' dir='ltr'><strong>ipso</strong></span> <span class='ocrx_word' id='word_1_486' title='bbox 1427 5036 1766 5111; x_wconf 88' lang='lat' dir='ltr'><strong>Michaele,</strong></span> <span class='ocrx_word' id='word_1_487' title='bbox 1800 5040 1913 5118; x_wconf 86' lang='lat' dir='ltr'><strong>qui</strong></span> <span class='ocrx_word' id='word_1_488' title='bbox 1948 5039 2020 5100; x_wconf 90' lang='lat' dir='ltr'><strong>ad</strong></span> <span class='ocrx_word' id='word_1_489' title='bbox 2068 5052 2318 5099; x_wconf 89' lang='lat' dir='ltr'><strong>annum</strong></span> <span class='ocrx_word' id='word_1_490' title='bbox 2359 5051 2569 5116; x_wconf 90' lang='lat' dir='ltr'><strong>usque</strong></span> <span class='ocrx_word' id='word_1_491' title='bbox 2610 5036 2771 5099; x_wconf 87' lang='lat'><strong>1078</strong></span> <span class='ocrx_word' id='word_1_492' title='bbox 2808 5036 3023 5099; x_wconf 87' lang='lat' dir='ltr'><strong>tenuit</strong></span> <span class='ocrx_word' id='word_1_493' title='bbox 3058 5036 3440 5116; x_wconf 88' lang='lat' dir='ltr'><strong>imperium,</strong></span> 
     </span>
    </p>
   </div>
   <div class='ocr_carea' id='block_1_49' title="bbox 128 5126 2250 5215">
    <p class='ocr_par' dir='ltr' id='par_1_49' title="bbox 128 5126 2250 5215">
     <span class='ocr_line' id='line_1_49' title="bbox 128 5126 2250 5215; baseline 0.001 -20"><span class='ocrx_word' id='word_1_494' title='bbox 128 5134 551 5214; x_wconf 84' lang='lat' dir='ltr'><strong>Bulgaricam</strong></span> <span class='ocrx_word' id='word_1_495' title='bbox 579 5126 1596 5211; x_wconf 60' lang='lat' dir='ltr'><strong>TheOphylactus‘administrare</strong></span> <span class='ocrx_word' id='word_1_496' title='bbox 1632 5135 1828 5215; x_wconf 82' lang='lat' dir='ltr'><strong>capit</strong></span> <span class='ocrx_word' id='word_1_497' title='bbox 1858 5134 2250 5197; x_wconf 86' lang='lat' dir='ltr'><strong>Ecclesiam.</strong></span> 
     </span>
    </p>
   </div>
   <div class='ocr_carea' id='block_1_50' title="bbox 200 5230 3450 5312">
    <p class='ocr_par' dir='ltr' id='par_1_50' title="bbox 200 5230 3450 5312">
     <span class='ocr_line' id='line_1_50' title="bbox 200 5230 3450 5312; baseline 0 -17"><span class='ocrx_word' id='word_1_498' title='bbox 200 5235 273 5296; x_wconf 85' lang='lat' dir='ltr'><strong>In</strong></span> <span class='ocrx_word' id='word_1_499' title='bbox 318 5232 489 5306; x_wconf 84' lang='lat' dir='ltr'><strong>alia,</strong></span> <span class='ocrx_word' id='word_1_500' title='bbox 529 5245 731 5310; x_wconf 89' lang='lat' dir='ltr'><strong>quam</strong></span> <span class='ocrx_word' id='word_1_501' title='bbox 782 5230 1099 5295; x_wconf 89' lang='lat' dir='ltr'><strong>Baronius</strong></span> <span class='ocrx_word' id='word_1_502' title='bbox 1133 5232 1351 5305; x_wconf 83' lang='lat' dir='ltr'><strong>refert,</strong></span> <span class='ocrx_word' id='word_1_503' title='bbox 1386 5232 1471 5295; x_wconf 86' lang='lat' dir='ltr'><strong>ad</strong></span> <span class='ocrx_word' id='word_1_504' title='bbox 1516 5235 1793 5297; x_wconf 82' lang='lat' dir='ltr'><strong>Mariam</strong></span> <span class='ocrx_word' id='word_1_505' title='bbox 1838 5233 2311 5312; x_wconf 79' lang='lat' dir='ltr'><strong>imperatricem</strong></span> <span class='ocrx_word' id='word_1_506' title='bbox 2341 5231 2643 5311; x_wconf 87' lang='lat' dir='ltr'><strong>epistola,</strong></span> <span class='ocrx_word' id='word_1_507' title='bbox 2679 5248 2827 5296; x_wconf 83' lang='lat' dir='ltr'><strong>cum</strong></span> <span class='ocrx_word' id='word_1_508' title='bbox 2871 5250 2942 5295; x_wconf 90' lang='lat' dir='ltr'><strong>se</strong></span> <span class='ocrx_word' id='word_1_509' title='bbox 2976 5254 3005 5289; x_wconf 73' lang='lat' dir='ltr'><strong>cr</strong></span> <span class='ocrx_word' id='word_1_510' title='bbox 3043 5230 3450 5295; x_wconf 87' lang='lat' dir='ltr'><strong>descendere</strong></span> 
     </span>
    </p>
   </div>
   <div class='ocr_carea' id='block_1_51' title="bbox 132 5326 3450 5410">
    <p class='ocr_par' dir='ltr' id='par_1_51' title="bbox 132 5326 3450 5410">
     <span class='ocr_line' id='line_1_51' title="bbox 132 5326 3450 5410; baseline -0.001 -19"><span class='ocrx_word' id='word_1_511' title='bbox 132 5345 200 5391; x_wconf 78' lang='lat' dir='ltr'><strong>an</strong></span> <span class='ocrx_word' id='word_1_512' title='bbox 235 5330 607 5407; x_wconf 87' lang='lat' dir='ltr'><strong>Bulgaros,</strong></span> <span class='ocrx_word' id='word_1_513' title='bbox 639 5343 709 5388; x_wconf 90' lang='lat' dir='ltr'><strong>re</strong></span> <span class='ocrx_word' id='word_1_514' title='bbox 738 5326 1553 5407; x_wconf 85' lang='lat' dir='ltr'><strong>ConstantinOpolitanum,</strong></span> <span class='ocrx_word' id='word_1_515' title='bbox 1582 5338 1698 5393; x_wconf 86' lang='lat' dir='ltr'><strong>sed</strong></span> <span class='ocrx_word' id='word_1_516' title='bbox 1733 5329 2018 5409; x_wconf 87' lang='lat' dir='ltr'><strong>hospitio</strong></span> <span class='ocrx_word' id='word_1_517' title='bbox 2050 5329 2404 5409; x_wconf 90' lang='lat' dir='ltr'><strong>Bulgarum</strong></span> <span class='ocrx_word' id='word_1_518' title='bbox 2440 5354 2468 5386; x_wconf 74' lang='grc' dir='ltr'>ιο</span> <span class='ocrx_word' id='word_1_519' title='bbox 2504 5329 2775 5407; x_wconf 89' lang='lat' dir='ltr'><strong>scribat,</strong></span> <span class='ocrx_word' id='word_1_520' title='bbox 2806 5338 2984 5392; x_wconf 91' lang='lat' dir='ltr'><strong>certo</strong></span> <span class='ocrx_word' id='word_1_521' title='bbox 3013 5328 3144 5410; x_wconf 88' lang='lat' dir='ltr'><strong>jam</strong></span> <span class='ocrx_word' id='word_1_522' title='bbox 3174 5336 3450 5403; x_wconf 82' lang='lat' dir='ltr'><strong>constat,</strong></span> 
     </span>
    </p>
   </div>
   <div class='ocr_carea' id='block_1_52' title="bbox 133 5421 3449 5507">
    <p class='ocr_par' dir='ltr' id='par_1_52' title="bbox 133 5421 3449 5507">
     <span class='ocr_line' id='line_1_52' title="bbox 133 5421 3449 5507; baseline 0 -20"><span class='ocrx_word' id='word_1_523' title='bbox 133 5443 195 5488; x_wconf 73' lang='lat' dir='ltr'><strong>ea</strong></span> <span class='ocrx_word' id='word_1_524' title='bbox 236 5438 384 5490; x_wconf 91' lang='lat' dir='ltr'><strong>tum</strong></span> <span class='ocrx_word' id='word_1_525' title='bbox 427 5423 715 5503; x_wconf 86' lang='lat' dir='ltr'><strong>potitum</strong></span> <span class='ocrx_word' id='word_1_526' title='bbox 747 5421 955 5484; x_wconf 75' lang='lat' dir='ltr'><strong>fuisse</strong></span> <span class='ocrx_word' id='word_1_527' title='bbox 988 5424 1323 5504; x_wconf 86' lang='lat' dir='ltr'><strong>dignitate.</strong></span> <span class='ocrx_word' id='word_1_528' title='bbox 1359 5426 1519 5490; x_wconf 92' lang='lat' dir='ltr'><strong>Cum</strong></span> <span class='ocrx_word' id='word_1_529' title='bbox 1554 5444 1707 5491; x_wconf 87' lang='lat' dir='ltr'><strong>vero</strong></span> <span class='ocrx_word' id='word_1_530' title='bbox 1751 5428 1993 5491; x_wconf 87' lang='lat' dir='ltr'><strong>ibidem</strong></span> <span class='ocrx_word' id='word_1_531' title='bbox 2041 5446 2112 5491; x_wconf 91' lang='lat' dir='ltr'><strong>se</strong></span> <span class='ocrx_word' id='word_1_532' title='bbox 2161 5428 2447 5507; x_wconf 81' lang='lat' dir='ltr'><strong>appellet</strong></span> <span class='ocrx_word' id='word_1_533' title='bbox 2498 5448 2729 5505; x_wconf 84' lang='lat' dir='ltr'><strong>senem,</strong></span> <span class='ocrx_word' id='word_1_534' title='bbox 2770 5429 2837 5491; x_wconf 89' lang='lat' dir='ltr'><strong>id</strong></span> <span class='ocrx_word' id='word_1_535' title='bbox 2888 5437 2987 5493; x_wconf 89' lang='lat' dir='ltr'><strong>est</strong></span> <span class='ocrx_word' id='word_1_536' title='bbox 3019 5428 3449 5507; x_wconf 84' lang='lat' dir='ltr'><strong>provectioris</strong></span> 
     </span>
    </p>
   </div>
   <div class='ocr_carea' id='block_1_53' title="bbox 129 5518 3453 5607">
    <p class='ocr_par' dir='ltr' id='par_1_53' title="bbox 129 5518 3453 5607">
     <span class='ocr_line' id='line_1_53' title="bbox 129 5518 3453 5607; baseline 0.001 -21"><span class='ocrx_word' id='word_1_537' title='bbox 129 5527 328 5586; x_wconf 78' lang='lat' dir='ltr'><strong>atatis</strong></span> <span class='ocrx_word' id='word_1_538' title='bbox 366 5519 746 5594; x_wconf 88' lang='lat' dir='ltr'><strong>hominem,</strong></span> <span class='ocrx_word' id='word_1_539' title='bbox 779 5518 995 5600; x_wconf 84' lang='lat' dir='ltr'><strong>colligi</strong></span> <span class='ocrx_word' id='word_1_540' title='bbox 1026 5521 1209 5585; x_wconf 79' lang='lat' dir='ltr'><strong>facile</strong></span> <span class='ocrx_word' id='word_1_541' title='bbox 1247 5532 1481 5602; x_wconf 88' lang='lat' dir='ltr'><strong>potest,</strong></span> <span class='ocrx_word' id='word_1_542' title='bbox 1520 5541 1645 5587; x_wconf 91' lang='lat' dir='ltr'><strong>non</strong></span> <span class='ocrx_word' id='word_1_543' title='bbox 1691 5542 1916 5604; x_wconf 85' lang='lat' dir='ltr'><strong>parum</strong></span> <span class='ocrx_word' id='word_1_544' title='bbox 1950 5525 2177 5589; x_wconf 83' lang='lat' dir='ltr'><strong>eadem</strong></span> <span class='ocrx_word' id='word_1_545' title='bbox 2216 5526 2279 5589; x_wconf 93' lang='lat' dir='ltr'><strong>in</strong></span> <span class='ocrx_word' id='word_1_546' title='bbox 2319 5526 2635 5606; x_wconf 88' lang='lat' dir='ltr'><strong>dignitate</strong></span> <span class='ocrx_word' id='word_1_547' title='bbox 2669 5534 3043 5607; x_wconf 89' lang='lat' dir='ltr'><strong>eodemque</strong></span> <span class='ocrx_word' id='word_1_548' title='bbox 3074 5527 3142 5588; x_wconf 92' lang='lat' dir='ltr'><strong>in</strong></span> <span class='ocrx_word' id='word_1_549' title='bbox 3178 5542 3453 5588; x_wconf 88' lang='lat' dir='ltr'><strong>munere</strong></span> 
     </span>
    </p>
   </div>
   <div class='ocr_carea' id='block_1_54' title="bbox 130 5610 1696 5703">
    <p class='ocr_par' dir='ltr' id='par_1_54' title="bbox 130 5610 1696 5697">
     <span class='ocr_line' id='line_1_54' title="bbox 130 5610 1696 5697; baseline 0.003 -22"><span class='ocrx_word' id='word_1_550' title='bbox 130 5616 547 5695; x_wconf 84' lang='lat' dir='ltr'><strong>insumptum</strong></span> <span class='ocrx_word' id='word_1_551' title='bbox 600 5610 813 5674; x_wconf 81' lang='lat' dir='ltr'><strong>fuisse</strong></span> <span class='ocrx_word' id='word_1_552' title='bbox 872 5616 1201 5693; x_wconf 83' lang='lat' dir='ltr'><strong>temporis.</strong></span> <span class='ocrx_word' id='word_1_553' title='bbox 1264 5617 1575 5690; x_wconf 89' lang='lat' dir='ltr'><strong>Scriptam</strong></span> <span class='ocrx_word' id='word_1_554' title='bbox 1604 5620 1696 5697; x_wconf 83' lang='lat' dir='ltr'><strong>epl</strong></span> 
     </span>
    </p>
   </div>
   <div class='ocr_carea' id='block_1_55' title="bbox 1888 5610 3454 5703">
    <p class='ocr_par' dir='ltr' id='par_1_55' title="bbox 1888 5626 3454 5703">
     <span class='ocr_line' id='line_1_55' title="bbox 1888 5626 3454 5703; baseline -0.003 -12"><span class='ocrx_word' id='word_1_555' title='bbox 1888 5643 1967 5699; x_wconf 76' lang='lat' dir='ltr'><strong>In,</strong></span> <span class='ocrx_word' id='word_1_556' title='bbox 2023 5635 2090 5689; x_wconf 91' lang='lat' dir='ltr'><strong>ut</strong></span> <span class='ocrx_word' id='word_1_557' title='bbox 2148 5628 2397 5689; x_wconf 91' lang='lat' dir='ltr'><strong>tardius</strong></span> <span class='ocrx_word' id='word_1_558' title='bbox 2458 5627 2769 5691; x_wconf 91' lang='lat' dir='ltr'><strong>constitui</strong></span> <span class='ocrx_word' id='word_1_559' title='bbox 2830 5626 3043 5699; x_wconf 87' lang='lat' dir='ltr'><strong>liceat,</strong></span> <span class='ocrx_word' id='word_1_560' title='bbox 3090 5627 3454 5703; x_wconf 89' lang='lat' dir='ltr'><strong>imperante</strong></span> 
     </span>
    </p>
   </div>
   <div class='ocr_carea' id='block_1_56' title="bbox 132 5707 3439 5801">
    <p class='ocr_par' dir='ltr' id='par_1_56' title="bbox 132 5707 3439 5801">
     <span class='ocr_line' id='line_1_56' title="bbox 132 5707 3439 5801; baseline 0.003 -30"><span class='ocrx_word' id='word_1_561' title='bbox 132 5713 507 5793; x_wconf 72' lang='lat' dir='ltr'><strong>Nicephoro</strong></span> <span class='ocrx_word' id='word_1_562' title='bbox 566 5707 930 5783; x_wconf 86' lang='lat' dir='ltr'><strong>Botoniata,</strong></span> <span class='ocrx_word' id='word_1_563' title='bbox 981 5711 1059 5772; x_wconf 90' lang='lat' dir='ltr'><strong>ab</strong></span> <span class='ocrx_word' id='word_1_564' title='bbox 1107 5730 1316 5793; x_wconf 85' lang='lat' dir='ltr'><strong>coque</strong></span> <span class='ocrx_word' id='word_1_565' title='bbox 1369 5714 1504 5794; x_wconf 81' lang='lat' dir='ltr'><strong>jam</strong></span> <span class='ocrx_word' id='word_1_566' title='bbox 1536 5714 1661 5778; x_wconf 89' lang='lat' dir='ltr'><strong>sibi</strong></span> <span class='ocrx_word' id='word_1_567' title='bbox 1728 5726 1870 5793; x_wconf 90' lang='lat' dir='ltr'><strong>post</strong></span> <span class='ocrx_word' id='word_1_568' title='bbox 1917 5735 2161 5781; x_wconf 91' lang='lat' dir='ltr'><strong>annum</strong></span> <span class='ocrx_word' id='word_1_569' title='bbox 2221 5721 2381 5783; x_wconf 81' lang='lat'><strong>1078</strong></span> <span class='ocrx_word' id='word_1_570' title='bbox 2428 5720 2729 5801; x_wconf 87' lang='lat' dir='ltr'><strong>copulata</strong></span> <span class='ocrx_word' id='word_1_571' title='bbox 2779 5720 2842 5781; x_wconf 95' lang='lat' dir='ltr'><strong>in</strong></span> <span class='ocrx_word' id='word_1_572' title='bbox 2894 5734 3166 5781; x_wconf 78' lang='lat' dir='ltr'><strong>uxorem</strong></span> <span class='ocrx_word' id='word_1_573' title='bbox 3200 5717 3439 5791; x_wconf 85' lang='lat' dir='ltr'><strong>Maria,</strong></span> 
     </span>
    </p>
   </div>
   <div class='ocr_carea' id='block_1_57' title="bbox 131 5808 3441 5898">
    <p class='ocr_par' dir='ltr' id='par_1_57' title="bbox 131 5808 3441 5898">
     <span class='ocr_line' id='line_1_57' title="bbox 131 5808 3441 5898; baseline 0.002 -28"><span class='ocrx_word' id='word_1_574' title='bbox 131 5808 553 5872; x_wconf 82' lang='lat' dir='ltr'><strong>ostendimus</strong></span> <span class='ocrx_word' id='word_1_575' title='bbox 585 5823 771 5869; x_wconf 88' lang='lat' dir='ltr'><strong>num.</strong></span> <span class='ocrx_word' id='word_1_576' title='bbox 807 5808 906 5869; x_wconf 90' lang='lat'><strong>10.</strong></span> <span class='ocrx_word' id='word_1_577' title='bbox 943 5808 1250 5890; x_wconf 74' lang='lat' dir='ltr'><strong>Adeoque</strong></span> <span class='ocrx_word' id='word_1_578' title='bbox 1279 5818 1427 5875; x_wconf 87' lang='lat' dir='ltr'><strong>ante</strong></span> <span class='ocrx_word' id='word_1_579' title='bbox 1453 5829 1695 5875; x_wconf 84' lang='lat' dir='ltr'><strong>annum</strong></span> <span class='ocrx_word' id='word_1_580' title='bbox 1726 5815 1905 5887; x_wconf 79' lang='lat'><strong>1078,</strong></span> <span class='ocrx_word' id='word_1_581' title='bbox 1939 5814 2151 5878; x_wconf 87' lang='lat' dir='ltr'><strong>adhuc</strong></span> <span class='ocrx_word' id='word_1_582' title='bbox 2182 5816 2549 5898; x_wconf 87' lang='lat' dir='ltr'><strong>imperante</strong></span> <span class='ocrx_word' id='word_1_583' title='bbox 2582 5816 2903 5885; x_wconf 83' lang='lat' dir='ltr'><strong>Michaele</strong></span> <span class='ocrx_word' id='word_1_584' title='bbox 2948 5818 3142 5891; x_wconf 91' lang='lat' dir='ltr'><strong>Duca,</strong></span> <span class='ocrx_word' id='word_1_585' title='bbox 3176 5812 3441 5878; x_wconf 82' lang='lat' dir='ltr'><strong>collatas</strong></span> 
     </span>
    </p>
   </div>
   <div class='ocr_carea' id='block_1_58' title="bbox 134 5901 2275 5991">
    <p class='ocr_par' dir='ltr' id='par_1_58' title="bbox 134 5901 2275 5991">
     <span class='ocr_line' id='line_1_58' title="bbox 134 5901 2275 5991; baseline 0.004 -22"><span class='ocrx_word' id='word_1_586' title='bbox 134 5902 627 5989; x_wconf 70' lang='lat' dir='ltr'><strong>TheOpbylacto</strong></span> <span class='ocrx_word' id='word_1_587' title='bbox 667 5901 910 5967; x_wconf 82' lang='lat' dir='ltr'><strong>infulas</strong></span> <span class='ocrx_word' id='word_1_588' title='bbox 951 5906 1560 5991; x_wconf 71' lang='lat' dir='ltr'><strong>arcliiopiscOpalcs,</strong></span> <span class='ocrx_word' id='word_1_589' title='bbox 1594 5912 1947 5981; x_wconf 78' lang='lat' dir='ltr'><strong>dicendum</strong></span> <span class='ocrx_word' id='word_1_590' title='bbox 1984 5912 2275 5977; x_wconf 87' lang='lat' dir='ltr'><strong>videtur.</strong></span> 
     </span>
    </p>
   </div>
  </div>
