3966 6442
564 400 635 465 2⁵1
1376 396 1583 459 BERN
1641 394 1906 456 ΜΑΒΙιΕ
1948 396 2045 457 DE
2080 397 2125 458 Ρ

2316 397 2366 456 .S
2405 394 2911 457 DISSER’I‘ATIO
3782 382 3882 447 28

640 516 741 579 20.
780 514 1160 579 Litterarum
1196 512 1559 595 prmstantia
1588 513 1854 575 ﬂorebat
1890 533 1907 573 :
1938 512 2199 592 egitque
2230 512 2558 574 rhetorem
2595 518 2743 587 ante
2800 510 3127 587 indeptam
3170 505 3578 585 dignitatem.
3622 498 3883 565 Sacris

564 611 781 687 ipsum
813 611 878 673 in
913 610 1283 690 disciplinis
1317 608 1669 686 plurimum
1712 607 2025 681 valuisse,
2066 608 2230 670 bene
2285 608 2509 683 multa,
2570 624 2718 686 qum
2762 604 2927 668 infra
2976 603 3377 666 recensenda
3421 608 3599 672 sunt,
3660 597 3889 660 evin—

564 714 719 770 cunt
758 708 1053 784 praeclara
1109 707 1249 791 ejus
1307 724 1524 785 opera.
1570 705 1692 768 Sed
1725 706 1920 767 etiam
1966 705 2341 767 liberalibus
2391 704 2681 783 apprime
2718 705 3047 765 excultum
3082 700 3319 761 litteris
3369 700 3653 777 produnt
3687 692 3881 773 ejus

569 805 897 881 Epistolis,
932 822 1003 867 ac
1044 804 1215 866 varia
1260 820 1385 883 qua
1430 802 1681 865 referta)
1726 809 1901 874 sunt,
1936 802 2243 864 eruditio.
2278 802 2610 863 Accedunt
2640 800 2979 861 Institutio
3006 799 3202 877 Regia
3225 795 3307 857 ad
3330 793 3885 889 Constantinum

565 899 1203 980 Porphyrogenitum,
1252 910 1315 963 et
1352 900 1575 963 Oratio
1623 898 1706 960 ad
1737 897 2035 960 Alexium
2065 898 2445 959 Compertum
2470 896 2847 976 Augustum,
2882 912 2955 957 ac
2990 894 3281 972 denique
3316 886 3380 953 in
3421 886 3885 953 Carminibus

570 996 923 1074 pangendis
962 996 1217 1075 peritia,
1251 1012 1531 1077 quorum
1565 996 1711 1076 ipse
1745 992 2039 1056 meminit
2074 992 2140 1055 in
2195 991 2469 1072 epistola
2498 994 2579 1055 20
2622 990 2707 1053 ad
2747 992 3267 1057 Mermcntlarum
3300 988 3695 1069 episcopum,
3733 983 3884 1043 .in-

566 1092 804 1173 quiens
849 1113 927 1151 :a
964 1094 1102 1157 Hoc
1148 1094 1413 1175 quidem
1476 1096 1648 1174 quod
1714 1092 1929 1155 solum
1972 1088 2191 1162 habui,
2259 1088 2552 1151 iambicis
2607 1090 2911 1152 versibus
2971 1086 3223 1166 expuli,
3282 1086 3519 1147 multas
3572 1082 3884 1143 interim

562 1187 808 1267 θὶθείαε
857 1196 1062 1259 totum
1102 1208 1217 1269 per
1266 1208 1506 1254 annum
1552 1192 1897 1254 concinere
1949 1196 2230 1252 coactus.
2274 1209 2303 1241 n
2333 1186 2503 1247 Hinc
2550 1203 2701 1247 vero
2734 1185 2820 1247 ob
2860 1185 3323 1255 eruditionem,
3378 1198 3505 1261 qua
3542 1178 3881 1245 ﬂorebat,

567 1294 718 1346 nato
748 1285 1192 1359 Constantino,
1232 1286 1570 1349 Michaelis
1609 1289 1805 1363 Ducas
1833 1292 1895 1349 et
1929 1285 2148 1347 Mariae
2177 1282 2336 1353 ﬁlio,
2375 1289 2731 1361 prmceptor
2768 1282 3154 1362 designatus
3186 1280 3542 1358 datusque.

649 1381 751 1443 21.
800 1382 977 1458 Sape
1009 1382 1380 1444 memoratis
1415 1400 1495 1444 ex
1539 1381 1846 1463 Epistolis
1878 1380 2301 1452 addiscimus,
2333 1378 2421 1441 ita
2453 1378 2726 1441 Achride
2759 1378 2825 1440 in
2886 1378 3189 1458 Bulgaria
3236 1376 3452 1456 egisse
3496 1368 3894 1449 'I‘heOphy-

574 1475 840 1551 lectum,
881 1485 951 1539 ut
990 1478 1229 1557 regiam
1263 1480 1329 1540 i-n
1366 1479 1590 1541 urbem
1625 1478 1985 1541 identidem
2023 1478 2388 1553 ventitaret,
2425 1477 2565 1537 sive
2617 1476 2877 1555 negotia
2952 1491 3072 1537 sua
3122 1480 3653 1553 pertractaturus,
3708 1467 3891 1527 sive

576 1574 909 1637 invisurus
961 1575 1151 1637 etiam
1220 1576 1615 1655 discipulum
1706 1576 2063 1657 principem
2094 1619 2111 1648 ,
2156 1574 2430 1654 ejusque
2488 1581 2752 1634 matrem
2800 1572 3090 1643 Mariam,
3130 1578 3238 1633 aut
3280 1568 3654 1646 regnantem
3702 1578 3887 1624 cum

571 1671 1076 1749 imperatoribus
1122 1674 1438 1735 Michaele
1479 1682 1538 1735 et
1572 1671 2206 1744 Botoniatap'autin
2247 1668 2639 1731 monasterio
2685 1671 3028 1755 degentem
3063 1669 3186 1729 sub
3214 1667 3447 1729 Alexio
3481 1666 3887 1755 Comneno.

571 1767 888 1843 Tempore
925 1769 1332 1847 procedente,
1375 1770 1786 1849 Bulgaricum
1822 1770 2038 1831 minus
2074 1767 2201 1847 ipsi
2236 1767 2557 1842 placuisse
2598 1754 2979 1839 incolatum,
3028 1766 3237 1844 prodit
3288 1764 3426 1843 ejus
3456 1758 3743 1840 epistola
3788 1754 3893 1815 ad

568 1862 880 1925 Joannem
924 1882 1215 1943 magnum
1264 1866 1686 1939 domesticum,
1747 1868 1916 1945 apud
1970 1865 2314 1927 Baronium
2372 1863 2453 1926 ad
2516 1879 2759 1924 annum
2818 1863 2997 1938 1071,
3066 1878 3245 1923 num.
3280 1860 3462 1929 XXI,
3545 1856 3678 1918 ubi“
3719 1855 3893 1915 hac

572 1956 897 2022 habentur
932 1982 947 2022 :
990 1984 1017 2017 α
1054 1963 1189 2023 Non
1227 1962 1442 2024 servio
1473 1964 1663 2025 diviti
1700 1964 1962 2043 regium,
2002 1962 2391 2039 mundaeque
2425 1967 2486 2021 et
2519 1960 2825 2038 pulchrae,
2870 1969 3065 2039 atque
3105 1960 3267 2021 adeo
3302 1955 3536 2019 Veneri
3581 1970 3828 2017 aureae
3872 1969 3889 2007 :

575 2057 689 2119 sed
720 2057 927 2119 servis
951 2057 1243 2121 barbaris
1264 2105 1279 2134 ,
1304 2061 1388 2121 im
1402 2059 1996 2143 purisfmtidasque
2036 2060 2234 2139 pelles
2256 2055 2666 2120 olentibus...
2718 2057 2961 2120 Solvite
2994 2074 3095 2119 me
3126 2057 3243 2118 hac
3286 2054 3461 2133 turpi
3512 2053 3887 2122 servitute,

576 2154 691 2232 qui
726 2156 1020 2233 potestis.
1056 2180 1086 2213 ι

658 2251 972 2313 Eumdem
1012 2252 1222 2330 ipsius
1252 2255 1540 2316 animum
1574 2256 1817 2318 indicat
1850 2250 2123 2343 epistola
2168 2259 2337 2343 inter
2369 2256 2773 2325 Meursianas
2818 2255 2925 2329 21,
2975 2253 3053 2315 ad
3097 2252 3431 2312 Anenium.
3480 2248 3585 2310 Ait
3623 2246 3826 2309 enim
3870 2267 3888 2306 :

580 2363 609 2397 α
644 2343 859 2404 Meum
896 2343 1058 2405 mihi
1101 2347 1425 2407 somnium
1481 2366 1822 2409 enarras...
1880 2367 1977 2412 me
2017 2350 2083 2411 in
2124 2342 2334 2415 media
2370 2352 2673 2433 Bulgaria
2712 2351 3017 2413 barbaros
3058 2358 3119 2411 et
3153 2347 3433 2410 rusticos
3467 2362 3678 2407 mores
3708 2361 3889 2406 cre-

578 2438 741 2500 dens
779 2439 1035 2503 imitari.
1073 2442 1325 2520 Inspice
1379 2445 1580 2517 enim,
1617 2456 1930 2524 quantum
1976 2464 2097 2526 ego
2155 2452 2539 2514 rusticitatis
2591 2459 2651 2512 et
2689 2448 2967 2511 feritatis
3009 2453 3323 2509 craterem
3367 2443 3710 2517 ebiberim,
3742 2441 3893 2520 qui

577 2545 847 2602 τοσούτων
879 2549 1020 2605 ἑτῶν
1039 2550 1148 2605 τῶν
1175 2551 1274 2623 τῆς
1292 2553 1487 2623 σοφίας
1519 2555 1741 2625 χωρίων
1763 2548 2095 2627 ἀποδημῶν,

2332 2548 2478 2611 n‘nis
2520 2545 2916 2625 asapientia)
2947 2545 3107 2608 locis
3174 2542 3428 2605 absum.
3464 2564 3495 2599 ι
3528 2541 3681 2602 Vota
3714 2539 3892 2619 ejus

578 2635 760 2700 irrita
798 2635 1004 2701 fuere.

2139 2813 2278 2881 VII.

579 2962 875 3061 Ecclfsiw
895 2963 1246 3061 Bulgaricce
1266 2966 1379 3058 sub
1402 2965 1655 3061 regib'us
1687 2970 1979 3061 propriis
2014 2969 2295 3061 initium.
2337 2969 2423 3061 ρε
2444 2970 2597 3050 jure
2622 2968 2690 3061 ip
2718 2968 2922 3061 ipsum
2955 2966 3301 3061 contentio.
3326 2966 3643 3061 Romanos
3678 2979 3878 3061 porr-

665 3041 1165 3127 tiﬁcesjttte'rac
1196 3041 1526 3127 episcopos
1556 3041 1969 3124 Byzantinos.
2037 3049 2290 3109 Throno
2328 3041 3050 3127 Constantinopolitano
3074 3064 3204 3127 non
3241 3045 3547 3106 obnoxia.
3579 3041 3888 3103 Subacta

659 3121 993 3204 a_‘_Graecis
1064 3121 1554 3203 imperatoribus
1608 3121 1967 3204 provincia,
2025 3127 2534 3204 autocephaliam
2616 3121 2826 3187 servat
2895 3126 3220 3197 Ecclesia,
3303 3141 3552 3201 eamque
3607 3129 3890 3204 tutatur

666 3198 1169 3292 Theophylactui
1232 3213 1457 3265 contra
1524 3198 1683 3285 jura
1748 3205 2183 3285 Stauropegii.
2242 3198 2541 3269 Morinus
2594 3204 2997 3279 emendatus,
3062 3207 3341 3283 itemque
3400 3198 3677 3265 Joannes
3740 3198 3887 3259 Lo-

662 3295 941 3341 moerus.

663 3421 765 3483 22.
792 3422 1144 3501 Bulgaricm
1168 3423 1473 3503 regionis,
1510 3423 1631 3486 ubi
1670 3424 2194 3503 TheOphylactus
2241 3422 2591 3487 Ecclesium
2647 3423 3101 3485 moderabatur
3135 3419 3691 3498 archiepiscOpus,
3735 3435 3885 3481 no-

585 3535 731 3581 men
768 3535 799 3580 a
836 3520 1092 3597 populis
1129 3518 1477 3594 profectum
1521 3530 1638 3593 est,
1666 3524 1776 3601 qui
1806 3523 2074 3601 ‘Bulgari
2108 3523 2498 3583 vocabantur
2544 3538 2575 3581 a
2620 3519 2826 3582 ﬂuvio
2856 3520 3084 3597 Bulga,
3120 3518 3261 3581 sive
3303 3518 3511 3595 Volgo.
3550 3516 3915 3578 Pluribus

586 3615 953 3678 remotioris
985 3614 1103 3676 aevi
1135 3616 1611 3695 irruptionibus
1632 3635 1853 3679 eorum
1886 3619 1951 3681 in
1977 3620 2131 3681 fines
2165 3616 2428 3695 imperii
2462 3616 2936 3694 praetermissis,
2957 3616 3099 3692 [XI]
3128 3614 3364 3675 iterum
3396 3626 3566 3674 anno
3596 3611 3883 3690 septimi

585 3712 803 3775 smculi
838 3713 1317 3790 septuagesimo
1340 3724 1562 3776 octavo
1598 3715 1968 3776 Danubium
2001 3722 2489 3782 trausmeantes,
2526 3712 2815 3773 Thracia;
2843 3711 2977 3772 loca
3017 3716 3418 3787 occuparunt
3458 3728 3473 3769 :
3527 3707 3881 3788 bellisque

589 3820 808 3872 postea
843 3808 1169 3879 confectis,
1207 3811 1571 3873 institutum
1606 3829 1875 3891 regnum
1916 3812 2305 3891 ampliavcre
2330 3810 2612 3873 subactis
2648 3808 3023 3887 provinciis,
3051 3825 3197 3888 quas
3238 3806 3514 3885 imperio
3555 3807 3890 3869 Constan-

591 3907 1015 3986 tinopolitano
1061 3908 1387 3986 parebant,
1429 3910 1615 3972 Dacia
1698 3910 2161 3973 mediterranea
2197 3920 2259 3972 et
2288 3909 2578 3987 Bipensi,
2620 3909 2841 3971 himsia
2876 3906 3196 3984 ulteriori,
3246 3906 3562 3969 Dardania
3598 3912 3658 3966 et
3691 3906 3889 3969 Pras—

589 4004 740 4077 vali,
783 4006 1088 4067 secundm
1123 4006 1520 4069 Macedonian
1552 4018 1749 4087 parte,
1783 4025 1854 4069 ac
1886 4016 2057 4084 parte
2102 4008 2469 4071 Pannoniae.
3212 4017 3215 4021 '

674 4102 892 4163 Deleta
924 4103 986 4163 in
1023 4102 1195 4164 hisce
1228 4104 1606 4182 regionibus
1638 4106 1996 4168 Christiana
2030 4108 2185 4169 ﬁdes
2212 4104 2444 4167 mansit
2480 4105 2617 4175 diu,
2656 4123 2865 4184 usque
2900 4104 3148 4167 scilicet
3183 4104 3260 4165 ad
3295 4101 3630 4181 Bogorim,
3670 4118 3873 4164 nov'e

597 4198 911 4277 Bulgariae
943 4217 1155 4277 regem
1184 4243 1200 4271 ,
1247 4202 1359 4277 qui
1412 4217 1581 4263 anno
1610 4203 1725 4265 861
1777 4221 1956 4266 sacro
1987 4203 2363 4280 baptismate
2405 4202 2966 4279 Constantinopoli
3017 4201 3279 4263 ablutus
3313 4210 3435 4272 est,
3476 4216 3871 4277 nomenque

593 4297 862 4355 mutavit
918 4295 983 4356 in
1037 4295 1441 4368 Michaelem.
1491 4315 1622 4377 quo
1673 4299 1866 4361 etiam
1903 4304 2244 4362 vocabatur
2302 4300 2651 4379 imperator
2686 4300 3080 4371 Graecorum,
3117 4297 3393 4360 Michael
3423 4296 3657 4365 tertius
3698 4299 3874 4358 Por-

597 4392 1089 4470 phyrogeuitus.
1148 4394 1502 4471 Episc0pos
1554 4402 1613 4456 et
1671 4396 2084 4474 presbyteros
2134 4398 2512 4459 catechistas
2571 4414 2879 4473 accepere
2938 4393 3201 4473 Bulgari
3252 4412 3287 4457 a
3338 4392 3645 4456 Romanis
3706 4399 3779 4455 et
3847 4411 3885 4455 a

596 4491 853 4551 Francis
892 4511 906 4549 :
952 4489 1024 4550 ad
1076 4506 1319 4567 eosque
1385 4499 1636 4553 exstant
1694 4492 1992 4554 Nicolail
2044 4494 2283 4556 summi
2316 4494 2639 4574 pontiﬁcis
2683 4493 2764 4554 de
2827 4492 3021 4555 rebus
3080 4492 3231 4555 ﬁdei
3282 4492 3707 4568 moribusque
3754 4493 3888 4554 Rc-

596 4604 850 4664 sponsa,
898 4603 1067 4647 anno
1121 4587 1377 4647 circiter
1423 4588 1543 4648 866
1596 4591 1761 4650 data.
1821 4590 1965 4651 Huic
2010 4591 2097 4651 ibi
2140 4592 2455 4662 habentur
2494 4591 2573 4651 de
2631 4589 3011 4667 patriarcha,
3065 4607 3259 4668 quem
3299 4590 3426 4650 sibi
3468 4586 3752 4651 ordinari
3804 4606 3883 4651 ac

603 4684 829 4760 praeﬁci
915 4684 1215 4759 cptnbant
1282 4700 1459 4745 num.
1519 4702 1722 4745 Lxxu.
1790 4708 1817 4741 α
1855 4687 2246 4764 Requisistis
2280 4730 2296 4754 ,
2352 4686 2406 4745 si
2474 4684 2661 4747 liceat
2708 4687 2775 4747 in
2824 4685 3007 4746 vobis
3052 4686 3487 4763 patriarcham'
3524 4685 3823 4749 ordinari
3867 4710 3882 4747 :

601 4782 713 4841 sed
746 4782 821 4841 de
853 4779 969 4840 hoc
1016 4780 1175 4840 nihil
1212 4780 1543 4843 deﬁnitiva
1576 4784 1968 4858 respondere
2003 4800 2371 4860 possumus,
2411 4782 2792 4862 priusquam
2827 4782 3014 4861 legati
3056 4783 3284 4855 nOstri,
3322 4796 3489 4861 quos
3524 4782 3873 4845 vobiscum

604 4876 939 4948 mittimus,
996 4876 1235 4937 reversi
1290 4875 1608 4939 fuerint...
1663 4881 1814 4939 Nam
1865 4881 2117 4940 interim
2170 4882 2551 4958 episcOpum
2612 4881 2959 4943 habetote:
3014 4888 3074 4942 et
3116 4896 3295 4955 cum,
3340 4882 3581 4943 divinae
3641 4882 3877 4957 gratiae

605 4975 1028 5047 incremento,
1067 4974 1510 5036 Christianitas
1568 4976 1653 5036 ibi
1698 4975 1894 5037 fuerit
1948 4978 2230 5052 dilatata,
2264 4988 2324 5038 et
2370 4979 2661 5056 episcopi
2703 4996 2817 5057 per
2859 4978 3153 5055 singulas
3201 4977 3525 5039 Ecclesias
3560 4979 3877 5054 ordinati,

606 5078 755 5131 tunc
786 5071 1123 5149 eligendus
1157 5081 1252 5132 est
1287 5072 1453 5133 inter
1484 5089 1595 5134 eos
1631 5091 1801 5135 unus
1827 5076 1964 5152 qui,
2003 5075 2055 5133 si
2081 5092 2209 5137 non
2242 5076 2625 5154 patriarcha,
2656 5083 2826 5139 certe
2875 5073 3406 5152 archiepiscopus
3438 5074 3879 5153 appellandus

607 5175 723 5237 est,
758 5170 832 5227 ad
880 5187 1071 5245 quem
1109 5186 1334 5229 omnes
1372 5180 1777 5233 concurrant.
1821 5194 1849 5228 ι)

684 5264 785 5324 23.
838 5267 921 5323 De
954 5264 1212 5341 juribus
1259 5266 1324 5324 in
1372 5265 1722 5327 Ecclesium
1761 5268 2067 5345 Bulgariaa
2092 5277 2231 5331 orta
2285 5269 2364 5331 lis
2417 5277 2515 5332 est
2556 5271 2881 5331 Romanos
2934 5267 3105 5329 inter
3173 5276 3235 5329 et
3280 5266 3881 5348 Constantinopoli-

609 5370 812 5421 tauos.
859 5362 1073 5421 Soluta
1115 5371 1330 5423 octava
1363 5363 1754 5425 mcumenica
1801 5366 2075 5442 synodo,
2110 5376 2327 5429 contra
2368 5367 2665 5429 Photium
2701 5366 3045 5440 celebrata,
3100 5367 3179 5428 dc
3231 5366 3557 5445 prtedictis
3606 5366 3875 5445 jurilius

606 5475 774 5518 anno
822 5460 938 5518 869
983 5468 1189 5518 actum
1229 5468 1347 5520 est.
1396 5461 1597 5521 Graeci
1644 5460 1929 5538 iudices,
1966 5465 2213 5525 tametsi
2264 5464 2565 5537 recusati,
2622 5464 3006 5531 sententiam
3064 5463 3273 5525 tulere
3308 5480 3322 5519 :
3361 5485 3391 5519 α
3438 5462 3867 5542 Bulgarorum

614 5554 872 5627 patriam
946 5558 1009 5615 in
1063 5557 1427 5617 Graecorum
1476 5566 1781 5633 potestate
1835 5560 2079 5621 dudum
2125 5560 2332 5622 fuisse
2398 5562 2533 5631 (eas
2592 5577 2825 5638 nempe
2866 5559 3260 5639 provincias,
3321 5560 3563 5638 quibus
3623 5576 3869 5624 novum

616 5652 923 5728 Bulgaria:
970 5671 1236 5731 regnum
1285 5656 1841 5730 constituebatur),
1891 5667 1950 5720 et
1996 5662 2248 5722 Graecos
2289 5658 2659 5721 sacerdotes
2694 5658 3000 5721 habuisse
3052 5662 3287 5719 sanctae
3320 5656 3626 5719 Ecclesim
3689 5659 3867 5721 Con-

611 5749 1211 5825 stantinopolitanae,
1252 5778 1278 5808 υ
1312 5753 1605 5832 adeoque
1638 5772 1782 5816 cum
1821 5780 1847 5811 α
1901 5759 1977 5818 ab
2022 5774 2094 5819 ea
2140 5756 2450 5835 (Ecclesia
2500 5754 3180 5833 ConstantinopolcOs)
3237 5770 3349 5831 per
3417 5752 3869 5833 paganismum

611 5846 1003 5921 recessisset,
1042 5865 1207 5910 nunc
1246 5869 1353 5928 per
1386 5851 1945 5917 Christianismum
1986 5855 2196 5918 cidem
2241 5854 2490 5918 restitui
2520 5853 2783 5918 debere.
2816 5878 2842 5909 »
2884 5856 3113 5917 Contra
3168 5852 3502 5914 decretum
3544 5849 3866 5915 interces-
