3966 6402
117 366 186 429 23
976 367 1073 427 DE
1113 362 1696 425 THEOPUYLACTI
1736 363 2010 424 GESTlS
2052 365 2145 424 ΕΤ
2188 364 2563 424 SCRIl’TlS.
3367 361 3443 425 3'0

114 490 340 540 serunt
394 478 600 559 legati
652 479 923 542 Adriani
961 479 1016 540 ll
1070 478 1337 539 Romani
1397 475 1741 555 pontiﬁcis.
1804 479 2197 556 Episcopum
2267 477 2727 556 designaverat
2815 476 3134 557 Bulgaris,
3188 478 3454 539 nomine

108 578 541 652 Silvestrum,
608 577 788 640 idem
838 577 1169 639 Adrianus
1216 595 1230 633 :
1290 586 1350 637 at
1398 576 1769 638 Graecorum
1823 575 2015 635 donis
2067 572 2357 644 adducti,
2415 574 2983 654 archiepiscopum
3042 591 3352 652 accepere
3416 590 3454 635 a

110 672 356 735 Basilio
390 674 804 752 imperatore
842 687 904 736 et
933 673 1281 753 patriarcha
1312 671 1584 753 lgnatio.
1620 673 1752 733 Hac
1781 671 1859 731 de
1896 689 1965 731 re
1998 669 2245 731 litteras
2282 670 2423 748 lege
2458 670 2817 740 Pontiﬁcis,
2854 669 3149 751 querelis
3200 670 3447 749 plenas,

108 769 178 829 ad
213 771 546 832 Basilium
588 780 655 833 et
686 776 765 833 ad
814 771 1160 851 Ignatium.
1189 786 1363 833 anno
1401 770 1515 832 871
1550 771 1750 840 datas,
1790 767 1960 845 apud
2013 768 2363 828 Baronium
2400 813 2415 836 ,
2462 774 2528 827 et
2565 767 3001 847 conciliorum
3036 767 3449 830 collectores.

110 864 426 926 Photiano
464 867 834 929 schismate
865 866 1165 928 effectum
1200 874 1321 939 est,
1360 872 1493 926 uta
1529 866 1840 927 Romanis
1870 864 2097 925 avulsa
2142 873 2431 925 maneret
2472 865 2753 927 Ecclesia
2790 865 3136 944 Bulgaria).

177 962 280 1023 Ἃ».
333 963 616 1025 Throno
659 962 1384 1040 Constantinopolitano
1446 963 1707 1039 parebat
1772 963 2306 1042 archiepiscopus
2350 963 2493 1042 ejus
2556 963 2872 1041 regionis.
2938 966 3148 1025 .Etate
3210 962 3447 1026 Leonis

108 1060 466 1137 Sapientis,
512 1061 633 1140 qui
692 1077 869 1123 anno
914 1062 1037 1123 886
1073 1059 1423 1137 capessivit
1469 1058 1848 1137 imperium,
1878 1070 2257 1139 αὑτοκέφαλος
2289 1064 2518 1131 evasit,
2578 1062 2820 1139 suique
2861 1061 3062 1139 juris,
3107 1062 3400 1123 utverisi
3429 1092 3445 1105 -

110 1158 335 1220 milius
387 1160 738 1221 existimat
787 1160 1159 1239 Lequienus
1200 1159 1264 1220 in
1315 1157 1572 1220 Oriente
1622 1157 2015 1231 Christiano,
2056 1168 2230 1220 tomo
2276 1160 2355 1231 ll,
2402 1160 2466 1218 in
2526 1158 2819 1219 Ecclesia
2857 1157 3195 1234 Lychnidi.
3235 1157 3445 1218 Verba

108 1250 247 1328 ejus
308 1252 525 1313 alIero
572 1275 586 1313 :
632 1276 661 1307 α
706 1252 828 1313 Hic
888 1270 1045 1315 vero
1115 1250 1539 1330 Bulgarorum
1611 1251 1960 1329 primarius
2022 1259 2297 1317 antistes
2365 1255 3137 1334 ConstantinOpolitante,
3171 1255 3441 1333 quidem

106 1348 266 1420 sedi,
308 1349 639 1409 Romanis
676 1348 1093 1427 pontiﬁcibus
1123 1347 1362 1411 frustra
1403 1347 1935 1425 reclamantibus,
1971 1352 2299 1413 obnoxius
2341 1351 2779 1429 primumfuit
2825 1376 2838 1413 :
2877 1352 3163 1414 subinde
3221 1363 3439 1414 autem

106 1458 525 1524 αὐτοκέφαλος,
567 1447 759 1507 suive
786 1446 958 1527 juris
998 1447 1237 1513 evasit:
1271 1465 1417 1509 cum
1462 1445 1896 1525 Bulgarorum
1946 1446 2377 1526 principibus,
2411 1447 2527 1525 qui
2575 1451 2908 1526 perpetuis
2942 1448 3129 1509 bellis
3171 1451 3433 1511 Graecos

106 1548 551 1619 lacessebant,
578 1564 709 1607 non
752 1546 1072 1607 arrideret
1109 1546 1542 1608 Ecclesiarum
1581 1561 1851 1606 suarum
1889 1547 2147 1622 negotia
2179 1546 2351 1623 apud
2382 1545 2773 1625 Byzantinos
2816 1546 3099 1607 tractari.
3138 1546 3205 1606 ld
3262 1547 3440 1626 quod

106 1644 323 1704 Leone
366 1644 711 1720 Sapiente,
769 1643 997 1705 Basilii
1052 1641 1429 1704 Macedonis
1493 1640 1653 1712 tilio,
1701 1640 2094 1721 imperatore
2133 1642 2494 1721 contigisse
2530 1658 2701 1705 reor.
2748 1643 2873 1717 Qui
2922 1660 3071 1705 cum
3102 1646 3441 1725 'l‘urcaset

106 1744 415 1805 inﬁdeles
450 1741 624 1803 alios
659 1742 941 1822 populos
988 1741 1055 1803 in
1095 1740 1523 1820 Bulgarorum
1567 1749 1828 1819 gentem
1881 1739 2299 1814 concitasset,
2335 1739 2404 1801 in
2445 1756 2640 1801 causa
2671 1739 2797 1800 fuit
2844 1749 2912 1802 ut
2948 1740 3210 1819 Bulgari
3271 1738 3438 1802 inito

108 1839 393 1900 coxisilio
432 1844 515 1900 ad
560 1841 887 1902 Romanos
924 1838 1254 1917 pontiﬁces
1288 1838 1760 1910 concesserint,
1795 1835 2032 1899 auxilii
2086 1836 2239 1899 inde
2293 1837 2556 1916 petendi
2615 1838 2841 1917 gratia.
2885 1840 3049 1898 Tum
3096 1838 3436 1918 Byzantini

109 1935 524 2009 patriarchae,
582 1944 652 1997 ut
704 1952 815 1997 eos
848 1937 927 1995 ab
968 1935 1083 1996 hac
1124 1934 1428 1996 afﬁnitate
1482 1935 1913 2005 deterrerent,
1961 1934 2164 1996 satius
2216 1935 2552 1997 duxerunt
2601 1952 2835 1997 eorum
2864 1937 3435 2016 archiepiscopum

106 2032 466 2111 cmuigena
517 2032 933 2093 immunitate
968 2033 1233 2101 donare,
1268 2030 1561 2092 abdicata
1593 2046 1997 2111 quacunque
2033 2031 2099 2092 in
2156 2030 2476 2111 Bulgaria)
2506 2032 2833 2095 Ecclesias
2860 2032 3360 2112 jurisdictione.
3404 2057 3433 2091 υ

105 2131 270 2191 Huic
323 2144 488 2189 vero
560 2129 1051 2207 archiepiscOpo
1126 2127 1556 2207 Bulgarorum
1635 2129 1906 2191 obnoxii
1984 2130 2143 2191 olim
2203 2139 2391 2192 erant
2438 2148 2551 2192 sex
2599 2132 3035 2211 metropolitaa
3091 2149 3164 2194 ac
3210 2133 3436 2195 decem

104 2227 566 2305 episcOpatus,
604 2236 824 2301 postea
873 2224 1301 2303 metmpolitaa
1330 2232 1608 2303 septem,
1651 2228 2057 2308 totidemque
2120 2228 2441 2307 episcOpi.
2485 2228 2896 2307 Lequienum
2953 2230 3229 2291 consule
3292 2229 3433 2292 loco

104 2328 328 2387 citato.

174 2424 279 2485 25.
330 2422 459 2484 His
529 2427 751 2483 ornata
817 2420 1182 2502 prinlegiis
1226 2421 1510 2485 Ecclesia
1572 2422 1913 2504 Bulgarica
1977 2422 2158 2484 stetit
2206 2422 2333 2483 sub
2394 2422 2656 2501 regibus
2712 2424 2995 2505 propriis
3052 2425 3131 2485 ad
3189 2439 3435 2485 annum

105 2539 315 2601 usque
352 2522 547 2593 1018,
586 2536 719 2599 quo
748 2519 1033 2581 Basilius
1067 2528 1129 2581 et
1174 2520 1642 2583 Constantinus
1698 2520 1979 2601 imperio
2030 2518 2761 2597 Constantinopolitano
2807 2520 3232 2599 subjccerunt
3277 2520 3435 2580 Bul-

104 2637 317 2698 εει-ος,
360 2619 541 2680 hanc
594 2617 680 2679 ob
720 2633 981 2678 causam
1024 2618 1223 2696 prior,
1268 2620 1382 2697 qui
1440 2635 1659 2680 rerum
1710 2633 2028 2679 summam
2076 2616 2366 2693 gerebat,
2421 2615 2642 2677 dictus
2683 2614 3230 2696 Bulgaroctonus.
3270 2617 3435 2678 Prte-

102 2716 273 2788 lecti,
331 2716 435 2777 rei
501 2713 1072 2776 administratores
1131 2713 1434 2793 publica),
1492 2715 1558 2776 in
1618 2714 1986 2793 Bulgariam
2052 2712 2517 2775 mittebantur:
2591 2732 2875 2793 quorum
2931 2715 3313 2788 improbitas
3367 2716 3433 2776 in

102 2832 290 2878 causa
321 2812 484 2886 fuit,
524 2821 597 2874 ut
630 2811 755 2873 sub
790 2811 1034 2873 lsaacio
1066 2812 1121 2872 ll
1152 2812 1421 2890 Angela,
1456 2813 1569 2893 qui
1610 2812 1933 2876 moderari
1968 2811 2315 2890 imperium
2349 2828 2523 2873 anno
2551 2813 2709 2874 1185
2762 2813 2977 2889 ccepit,
3015 2811 3433 2892 Bulgaricum

103 2929 382 2992 regnum
419 2912 923 2980 instauraretur,
978 2927 1109 2971 rem
1169 2911 1706 2987 promoventibus
1752 2912 1940 2973 Petro
1983 2916 2045 2970 et
2090 2909 2311 2970 Hasan
2358 2907 2700 2981 fratribus,
2750 2908 2931 2987 regio
2982 2925 3062 2971 ex
3108 2908 3434 2988 sanguine

104 3013 279 3072 satis.
320 3008 699 3087 Utramque
762 3012 988 3084 regum
1038 3006 1357 3085 Bulgaria).
1399 3007 1640 3069 seriem
1694 3005 2089 3069 Dufresnius
2142 3006 2409 3067 exhibet
2462 3014 2604 3084 post
2653 3006 2961 3069 Familias
3010 3006 3431 3085 Byzantinus.

104 3110 314 3171 Altera
378 3108 516 3167 sub
559 3104 677 3165 hac
722 3104 894 3164 serie
956 3120 1203 3182 regum,
1237 3105 1302 3165 in
1353 3104 1723 3166 clientelam
1758 3105 2063 3165 Romanas
2094 3104 2273 3165 sedis
2318 3103 2518 3165 rediit
2560 3103 2851 3166 Ecclesia
2916 3106 3255 3183 Bulgarica
3309 3106 3437 3167 sub

108 3204 505 3267 innocentia
545 3201 656 3262 Ill.
684 3198 808 3261 Sed
844 3215 1012 3259 novo
1046 3208 1269 3261 exorto
1303 3199 1747 3280 ampliatoque
1790 3201 2032 3261 Servire
2076 3216 2302 3278 regno,
2350 3201 2784 3265 minutionem
2822 3204 3031 3280 primo
3082 3222 3266 3282 passa
3298 3216 3420 3279 est,

105 3320 165 3363 ac
194 3305 479 3365 demum
515 3296 1132 3375 Turcarumjugun.
1171 3296 1393 3357 subiit.

179 3404 294 3472 Eo,
324 3408 472 3479 quo
515 3396 819 3475 Bulgaria
843 3394 1217 3473 Byzantinis
1268 3395 1530 3473 parebat
1590 3394 2119 3473 imperatoribus,
2159 3413 2436 3475 eamque
2494 3398 3039 3461 administrabant
3083 3401 3421 3479 Byzantini

106 3497 417 3569 praefecti,
495 3504 793 3571 tempore
862 3490 1124 3552 sedebat
1182 3489 1712 3569 'l‘heophylactus
1764 3492 2326 3572 archiepiscopus.
2374 3497 2567 3557 Suam
2623 3496 2767 3574 ipse
2814 3501 3430 3577 antcxeea‘ttavmll]

106 3603 367 3654 strenue
402 3599 663 3652 tutatus
723 3594 820 3649 est
852 3595 1073 3647 contra
1106 3586 1287 3647 urbis
1346 3585 1545 3665 regite
1576 3586 1987 3663 patriarchas.
2034 3591 2191 3650 Item
2245 3591 2512 3654 exhibet
2544 3609 2806 3655 omnem
2842 3595 3121 3671 epistola
3152 3595 3296 3675 ejus
3325 3599 3427 3671 27,

106 3686 175 3746 ad
196 3682 595 3749 Michaelem
652 3681 1066 3744 Chalcedonis
1116 3684 1501 3759 episcopum.
1548 3685 1649 3743 Sic
1694 3683 1784 3744 ait
1830 3683 1993 3746 ille:
2033 3707 2061 3742 α
2099 3684 2278 3749 Solas
2331 3688 2603 3767 quidem
2648 3688 3078 3753 ecclesiarum
3133 3709 3293 3771 Opes
3348 3694 3431 3755 ab

110 3787 428 3866 improbis
475 3782 899 3845 exactoribus
944 3789 1217 3859 ereptas,
1257 3797 1427 3859 mgre
1470 3798 1624 3842 sane
1674 3798 1744 3841 se
1790 3781 2021 3843 tulisse
2061 3806 2073 3843 :
2108 3805 2138 3839 ιι
2172 3790 2233 3843 at
2300 3785 2778 3862 permissurum
2833 3788 3133 3861 minime,
3185 3799 3254 3852 ut
3292 3810 3430 3854 sua;

101 3887 229 3963 jura
290 3882 625 3947 Ecclesia;
673 3879 1098 3940 violarentur.
1153 3880 1339 3953 Quod
1385 3878 1643 3951 accidit,
1701 3878 1803 3939 his
1876 3879 2092 3942 verbis
2149 3891 2413 3943 narrat:
2460 3906 2488 3939 α
2523 3883 2767 3945 Cittaba
2842 3885 3271 3965 (inquiens),
3331 3900 3430 3952 est

108 3983 363 4058 quidam
408 3978 536 4039 laci
578 3974 921 4047 terminus,
960 3982 1239 4035 anuslro
1267 3974 1825 4054 archiepiscopum
1854 3976 2167 4038 diversus.
2200 4001 2228 4033 υ
2264 3979 2386 4058 (lta
2425 3979 2676 4042 scilicet
2715 3981 2784 4043 in
2819 3983 3038 4044 Latina
3094 3985 3424 4064 interpre-

108 4082 377 4150 latione;
454 4074 577 4137 δρᾶ
649 4074 866 4135 Greece
894 4115 910 4141 ,
970 4083 1034 4149 τῇ
1067 4080 1190 4134 καθ’
1213 4080 1374 4151 ἡμῶν
1405 4083 1669 4151 ἀρχιεπισ

1870 4084 2242 4154 διαφέρουσα,
2308 4076 2394 4137 ad
2456 4088 2751 4139 nostrum
2803 4082 3428 4162 archiepiscopatum

103 4178 486 4256 Pm‘ﬂeml-
530 4195 561 4226 α
598 4172 671 4231 ιη
711 4185 844 4249 quo
886 4167 1077 4247 ('000)
1121 4186 1268 4230 cum
1314 4170 1659 4231 monachus
1692 4172 2006 4249 templum
2056 4183 2117 4235 et
2161 4175 2516 4237 sacrarium
2568 4186 2991 4253 construeret,
3028 4200 3067 4239 a
3093 4182 3276 4243 nobis
3311 4187 3429 4245 im-

102 4276 351 4355 peditus
390 4284 517 4334 est.
578 4281 644 4335 ὐ
681 4281 737 4335 δὲ
772 4281 1181 4353 σταυροπήγιον
1222 4283 1628 4355 πατριαρχικὺν

1862 4322 1876 4346 ,
1922 4271 2041 4351 qui
2106 4273 2550 4351 patriarchico
2612 4276 2769 4354 jure
2856 4295 3106 4339 crucem
3176 4280 3244 4340 in
3308 4281 3423 4343 illo

102 4375 390 4454 unigena,
446 4368 622 4431 dixit
654 4387 723 4431 se
772 4369 861 4431 ita
908 4386 1074 4448 opus
1128 4370 1496 4433 inchoasse.
1536 4371 1651 4433 llle
1682 4380 1898 4433 autem
1932 4387 1967 4431 a
2012 4370 2201 4431 nobis
2247 4370 2683 4434 nihilominus
2742 4378 3423 4441 excommunicationis

102 4468 375 4530 vinculis
411 4474 521 4527 est
564 4465 889 4545 alligatus.
932 4466 1237 4540 Quaenam
1272 4469 1447 4529 enim
1479 4468 1648 4531 inter
1684 4468 1996 4547 Bulgaros
2044 4468 2459 4547 participatio
2522 4477 2586 4532 et
2634 4474 3017 4535 communio
3070 4493 3207 4534 cum
3238 4476 3426 4539 Con-

102 4564 699 4643 uantinopolitano
766 4564 1163 4641 patriarcha,
1223 4575 1668 4629 Κωνσταντινουτ

1857 4595 1861 4630 τ
1925 4575 2250 4648 πατριάρχῃ
2303 4576 2446 4647 μήτε
2492 4580 2832 4651 χειροτονίας
2898 4581 2987 4634 ἐπ’
3038 4586 3179 4658 αὐτῇ
3232 4589 3423 4645 δίκαια

104 4664 290 4731 ἔχωντι,
334 4661 605 4733 λαχούσῃ
651 4661 743 4714 τὸν
792 4661 1229 4731 ἀρχιεπίσκοπον
1264 4664 1664 4732 αὐτοκέφαλον,
1738 4666 1863 4737 μήτ’
1918 4664 2049 4719 ἄλλο
2106 4682 2159 4717 τι
2219 4665 2600 4739 διαδεξαμένῳ
2642 4668 2788 4723 κατὰ
2828 4670 3036 4743 ταύτης
3077 4678 3419 4748 προνόμιονε

100 4756 195 4829 qui
224 4751 496 4812 nullum
514 4750 634 4829 jus
673 4748 1098 4811 ordinationis
1138 4754 1206 4815 in
1237 4772 1309 4813 ea
1334 4754 1541 4825 habet,
1575 4755 1677 4815 sui
1700 4756 1879 4835 juris
1910 4754 2395 4835 archiepiscopo
2420 4758 2737 4837 subjecta;
2770 4770 2829 4819 et
2849 4760 3095 4823 nullam
3123 4771 3329 4846 super
3350 4788 3422 4829 ea

100 4854 564 4913 auctoritatem
597 4849 785 4910 aliam
820 4868 1253 4933 quamcunque
1287 4857 1671 4936 acceperit.»

176 4953 430 5013 Notum
456 4945 577 5024 jus
607 4944 799 5019 illud,
832 4952 1309 5029 stauropegium
1338 4953 1612 5027 dictum,
1646 4968 1776 5030 quo
1818 4948 2194 5027 patriarchae
2224 4950 2543 5025 Orientis,
2584 4958 3054 5039 unusquisque
3090 4961 3265 5026 intra
3310 4968 3417 5029 sui

106 5043 593 5121 patriarchatus
645 5042 831 5113 ﬁnes,
881 5048 1120 5121 pravia
1168 5066 1296 5109 sua:
1341 5050 1549 5109 crucis
1598 5047 1936 5128 deﬁxione,
1997 5048 2310 5110 ecclesias
2368 5053 2727 5128 praesertim
2790 5060 3207 5135 monasticas,
3271 5082 3421 5142 quas

105 5140 651 5240 exstruebantur,
696 5154 816 5240 suo
853 5139 1154 5219 regimini
1198 5144 1583 5224 subjiciunt,
1641 5147 1955 5209 ordinarii
2008 5148 2298 5225 episcOpi
2347 5156 2661 5220 potestate
2709 5161 2957 5216 semota
2995 5175 3009 5213 :
3046 5174 3262 5236 quove
3294 5139 3421 5240 By-

105 5239 333 5305 zantini
372 5237 673 5339 aliorum
708 5237 898 5339 etiam
941 5239 1440 5339 patriarcharum
1474 5241 1639 5305 infra
1674 5245 1985 5307 dimceses
2029 5244 2121 5304 uti
2162 5244 2510 5307 audebant.
2548 5250 2739 5309 Suam
2776 5255 3023 5315 tutatur
3064 5237 3418 5339 TheOphj-

106 5340 293 5400 lactus
326 5332 899 5410 autocephaliam,
928 5336 1075 5414 jure
1116 5340 1291 5401 omni
1327 5342 1724 5421 staurepegii
1761 5340 2104 5422 Byzantini
2134 5342 2428 5403 excluso.

167 5438 260 5497 26.
311 5430 649 5510 Epistulae
681 5447 949 5492 sensum
978 5442 1393 5515 mentemque
1445 5438 1908 5518 TheOphylacti
1961 5439 2233 5501 minime
2267 5450 2607 5505 assecutus
2661 5454 2759 5506 est
2801 5449 3087 5512 Joannes
3114 5454 3413 5519 Marinus

106 5535 176 5595 De
204 5530 432 5631 sacris
475 5526 1035 5631 ordinationibus,
1070 5540 1245 5609 parte
1276 5553 1347 5631 n,
1382 5535 1553 5597 inter
1585 5538 2067 5612 adnotationes,
2106 5556 2289 5599 num.
2328 5539 2465 5614 117,
2514 5543 2577 5603 in
2618 5546 2740 5607 ﬁne
2773 5564 2788 5609 :
2817 5569 2845 5603 α
2885 5549 3415 5631 TheOphylactus

104 5640 152 5694 in
186 5627 480 5709 epistola
518 5627 833 5707 quadam,
870 5627 1206 5709 inquiens,
1256 5630 1473 5705 refert,
1526 5640 1871 5713 quemdam
1922 5638 2310 5699 monachum
2355 5639 2421 5700 in
2456 5641 2722 5705 dumcesi
2758 5664 2875 5707 sua
2909 5627 3279 5723 ecclesiam,
3328 5670 3400 5717 se

104 5729 313 5799 inscio,
360 5723 831 5788 aediﬁcandam
877 5728 1275 5823 suscepisse;
1308 5730 1420 5790 sed
1469 5732 1621 5809 quia
1678 5733 1797 5795 huc
1843 5744 2064 5797 contra
2098 5752 2384 5799 canones
2416 5742 2905 5819 aggrederetur,
2963 5748 3406 5823 prohibuisse.

103 5826 281 5893 donec
309 5823 838 5902 staurepcgium
874 5821 1362 5901 patriarchicum
1391 5828 1771 5907 accepisset.
1808 5855 1835 5888 ιι
1864 5834 1998 5894 lmo
2032 5841 2252 5897 contra
2288 5836 2713 5914 patriarchale
2747 5821 3411 5925 Constantiantolita-
