3966 6442
592 413 658 482 31
1413 417 1637 479 BERN.
1680 416 1944 479 suam
1984 415 2083 477 DE
2122 402 2408 477 ltUBElS
2452 408 2973 473 DISSERTA'I‘IO.
3773 405 3859 471 32

592 546 749 591 num
780 531 1281 610 stauropegium,
1310 529 1484 608 quod
1518 528 1869 591 monachus
1898 529 2005 589 ille
2030 524 2321 606 iactabat,
2367 524 2725 587 canonibus
2771 529 2834 585 et
2872 519 3178 585 Ecclesia
3221 535 3357 582 suae
3393 516 3855 597 autocephalia

594 628 725 705 agit
750 626 1272 706 archiepiscOpus
1302 625 1639 705 Bulgaria).

673 721 1074 801 Singularem
1131 722 1469 803 quamdam
1537 718 1867 799 potestatis
1934 718 2001 780 in
2074 714 2373 796 Bulgaria
2441 712 2923 792 praerogativam
2993 709 3480 790 Theophylacto
3548 709 3858 772 tribuere

596 817 850 880 videtur
883 820 1162 880 Joannes
1193 818 1542 880 Lonicerus
1572 834 1607 877 e
1644 816 1998 878 Lutherana
2030 823 2200 877 secta
2232 816 2296 872 in
2323 808 2697 872 Praefatione
2748 809 2824 871 ad
2885 807 3397 872 Commentarios
3443 809 3511 869 in
3562 813 3863 887 quatuor

602 909 939 986 prephetas
973 910 1278 981 minores,
1314 908 1620 987 inquiens
1655 930 1668 967 :
1712 933 1738 961 α
1780 909 1961 968 Hunc
1998 906 2273 983 (scilicet
2298 903 2874 983 TheOphylaCtum)
2904 902 3225 982 Bulgaria;
3275 902 3564 980 regionis
3633 900 3862 964 archi-

598 1002 974 1079 episcepum
1016 1004 1368 1077 exstitisse,
1383 1005 1796 1083 principeque
1818 1002 2112 1080 ﬂoruisse
2137 1005 2445 1079 potentia,
2475 1003 2799 1081 peroratio
2825 1016 3180 1079 exegeseos
3208 1001 3274 1060 in
3294 999 3542 1064 Nahnm
3560 998 3867 1079 prophe—

597 1104 722 1155 tam
749 1098 985 1176 arguit.
1036 1099 1151 1162 Ubi
1209 1098 1581 1177 paranesim
1625 1098 1952 1175 princisz
2005 1107 2475 1159 conccrnentem
2536 1098 2602 1160 in
2662 1114 2732 1159 se
2794 1097 2935 1176 ipse
2999 1113 3112 1157 ceu
3155 1095 3512 1173 principem
3571 1095 3791 1158 vertit.
3831 1118 3862 1149 ιο

595 1190 862 1252 lndicati
912 1192 1031 1254 loci
1080 1194 1267 1255 verba
1306 1202 1457 1255 sunt
1492 1216 1505 1253 :
1542 1215 1572 1250 α
1615 1193 1761 1254 Haec
1797 1192 2012 1255 omnia
2072 1193 2396 1271 principes
2465 1193 2833 1264 audientes,
2891 1191 3247 1269 cogitemus
3310 1192 3514 1251 Deum
3554 1189 3863 1270 judicem

597 1286 803 1347 nostri
852 1286 917 1347 in
976 1286 1298 1366 subjectos
1350 1288 1537 1351 nobis
1593 1288 1860 1350 atl‘ectus
1910 1287 2489 1369 dispositionisque
2544 1296 2830 1353 nostrai:
2880 1288 3201 1367 velleque,
3252 1294 3323 1349 ut
3362 1303 3476 1348 nos
3525 1287 3865 1349 mansueti

598 1380 803 1443 simus
839 1400 985 1461 erga
1011 1384 1526 1463 obtemperantes
1575 1384 1789 1459 nobis,
1842 1392 1912 1447 ut
1954 1386 2114 1447 adeo
2169 1384 2331 1448 nihil
2379 1386 2593 1465 asperi
2647 1385 2783 1447 illis
2831 1384 3275 1465 injungamus.
3329 1406 3356 1440 ιο
3411 1383 3862 1462 Principibus,

597 1479 971 1558 quicunque
1009 1481 1156 1556 sint,
1190 1480 1323 1543 haec
1355 1481 1497 1544 sine
1535 1482 1736 1545 dubio
1780 1482 2123 1560 parmnesis
2178 1481 2537 1545 convenit:
2586 1499 2729 1560 quia
2779 1490 2991 1543 tamen
3050 1482 3115 1542 in
3172 1480 3656 1559 TheOphylacto
3717 1496 3862 1542 non

596 1575 785 1637 aliam
818 1578 1148 1655 potestatis
1202 1578 1685 1658 prergativam
1740 1578 1999 1653 indicat,
2047 1577 2172 1641 nisi
2219 1577 2861 1657 archiepiscopalem,
2930 1584 2991 1638 et
3043 1577 3307 1655 quidem
3355 1594 3388 1638 a
3438 1576 3631 1655 regiae
3668 1576 3866 1638 urbis

594 1668 827 1735 throno
853 1672 1421 1752 independentem,
1453 1682 1523 1738 ut
1556 1672 2001 1737 enarravimus
2029 1692 2211 1740 num.
2238 1675 2339 1738 25.
2386 1674 2447 1735 Si
2485 1672 2641 1753 quid
2679 1672 2960 1753 amplius
2990 1672 3356 1750 suspicatus
3402 1671 3597 1733 fuerit
3655 1673 3865 1735 Loni-

594 1782 810 1842 cerus,
843 1766 1089 1831 fallitur
1111 1768 1395 1850 egregie.

2136 1941 2307 2004 VIII.

598 2084 1173 2167 Archiepiscopaiis
1228 2084 1546 2167 Bulgaria
1594 2087 1967 2167 jurisdictia
2016 2087 2308 2167 primum,
2352 2084 2547 2167 veluti
2598 2104 2781 2165 vaga,
2845 2098 2975 2167 tum
3021 2082 3313 2167 Achridoe
3376 2084 3512 2145 sedi
3574 2098 3863 2167 anneira.

681 2160 977 2226 Achridis
1006 2160 1183 2226 urbis
1205 2160 1378 2227 situs
1396 2175 1455 2227 et
1486 2160 1800 2227 conditor.
1841 2160 2069 2228 Βοιιὶὲί
2090 2167 2158 2226 in
2186 2165 2555 2243 Bulgariam
2586 2160 2813 2233 motus,
2856 2163 3308 2243 Theophylacti
3354 2171 3658 2240 tempore.
3716 2160 3864 2239 By-

676 2244 1078 2303 zantinorum
1108 2252 1481 2304 exactorum
1508 2244 1909 2322 improbitas.
1946 2243 2326 2305 Sollicitudo
2370 2244 2501 2323 ejus
2532 2243 2982 2305 ecclesiastica.

676 2388 778 2448 27.
825 2388 1098 2449 Condito
1129 2387 1446 2467 Bulgaria
1504 2406 1705 2467 regno
1737 2390 1961 2470 ibique
1995 2389 2339 2452 constituta
2370 2390 2493 2449 sub
2525 2406 2672 2468 rege
2710 2388 2941 2468 Bogori
2978 2385 3267 2450 Ecclesia
3296 2385 3654 2465 Bulgarica,
3685 2391 3872 2447 certa

599 2499 672 2545 ac
702 2486 819 2545 tixa
851 2499 975 2544 non
1033 2492 1166 2545 erat
1213 2484 1681 2565 archiepiscopi
1736 2488 1968 2560 sedes;
2019 2486 2132 2547 sed
2185 2483 2477 2564 regimen
2516 2482 3068 2564 archiepisc0pale
3117 2482 3286 2556 aliis,
3335 2489 3528 2563 atque
3561 2480 3704 2543 aliis
3746 2498 3873 2559 pro

604 2587 771 2641 nutu
826 2580 1470 2664 regumdemandari
1517 2590 1939 2644 consueverat
1996 2581 2397 2645 diversarum
2461 2582 2897 2644 Ecclesiarum
2956 2580 3309 2657 episcOpis.
3366 2579 3440 2641 In
3485 2595 3605 2641 ms.
3653 2577 3873 2659 Regio

600 2675 947 2737 Parisiensi
983 2675 1276 2739 Indiculo
1306 2676 1757 2756 episcOporum
1796 2679 2291 2741 Achridensium
2321 2678 2492 2757 apud
2527 2677 2960 2756 Lequienum,
2988 2674 3518 2754 postGahrielem
3556 2674 3870 2754 aliosque

600 2790 712 2833 sex
744 2772 1263 2853 archiepiscopos
1311 2775 1654 2855 Bulgariae,
1700 2775 1997 2853 sequitur
2044 2775 2383 2854 Philippus
2426 2792 2607 2837 num.
2636 2774 2797 2848 Vlll,
2862 2796 2889 2829 α
2938 2772 3050 2851 qui
3087 2771 3329 2835 dicitur
3370 2769 3717 2851 Lychnidaa
3761 2788 3875 2832 se-

600 2867 796 2944 disse,
830 2886 973 2949 quae
997 2870 1300 2949 deinceps
1335 2870 1630 2933 Achrida.
1667 2895 1695 2927 η
1724 2873 1902 2933 Hanc
1966 2872 2172 2935 caeteri
2206 2869 2679 2950 archiepiscopi
2711 2878 2981 2932 tenuere
3013 2869 3263 2944 sedem,
3318 2866 3608 2946 itemque
3647 2864 3873 2929 Theo-

606 2961 964 3041 phylactus.
1010 2965 1087 3027 Se
1138 2972 1316 3027 vocat
1366 2967 1503 3045 ipse
1539 2966 1605 3028 in
1656 2966 1926 3045 epistola
1976 2970 2039 3039 6,
2082 2969 2165 3030 ad
2209 2968 2589 3047 Gregorium
2634 2969 3062 3039 Camatcrum,
3103 2989 3132 3023 α
3178 2963 3740 3043 archiepiscopum
3798 2962 3871 3025 in

610 3059 770 3120 urbe
806 3059 1101 3122 Achrida.

682 3155 783 3215 28.
848 3157 916 3216 ln
975 3154 1242 3233 epistola
1292 3156 1415 3231 65,
1470 3158 1552 3220 ad
1604 3158 1976 3236 magistrum
2030 3158 2346 3224 dominum
2394 3166 2702 3225 Joannem
2756 3163 3182 3225 Pantechnam
3230 3159 3325 3223 sic
3385 3161 3465 3222 ait
3508 3178 3583 3221 εα
3622 3160 3876 3221 Cuncta

608 3262 847 3324 autem,
890 3251 958 3313 in
1013 3254 1249 3331 quibus
1292 3254 1515 3316 Achris
1551 3265 1862 3329 versatur,
1910 3257 2095 3333 plena
2136 3265 2397 3321 horrent
2432 3269 2600 3323 metu
2637 3270 2741 3322 :et
2773 3260 2982 3322 Mocri'
3009 3258 3212 3337 regio,
3263 3266 3361 3321 est
3392 3257 3875 3327 enimMocrus

603 3350 902 3411 Achridis
964 3352 1573 3429 portio.»Civitatis
1634 3342 2032 3415 conditorem
2083 3356 2417 3436 situmque
2480 3356 2777 3435 patefacit
2840 3361 3021 3418 Anna
3084 3353 3413 3418 Comnena
3482 3354 3609 3416 sub
3665 3352 3870 3414 tinem

606 3454 775 3517 libri'
820 3475 913 3517 xu
963 3457 1307 3518 Alexiados
1357 3478 1378 3519 :
1416 3480 1444 3514 ι
1501 3458 1785 3539 Drymon
1824 3458 1964 3529 (seu
2012 3458 2273 3538 Drinus)
2325 3458 2554 3528 amnis,
2595 3457 2929 3536 inquiens,
2981 3466 3169 3533 caput
3220 3463 3411 3532 atque
3473 3452 3677 3531 [Xlll]
3734 3453 3875 3512 eri-

605 3551 823 3629 ginem
857 3569 888 3612 a
925 3554 1310 3631 Lychnitide
1342 3554 1528 3616 trahit
1571 3555 1803 3634 palude
1848 3574 1862 3613 :
1908 3573 2098 3633 quam
2137 3556 2358 3633 lingua
2392 3571 2562 3616 nunc
2591 3552 2660 3615 in
2693 3551 3050 3614 barbariem
3084 3551 3489 3616 degenerans
3530 3546 3878 3610 Arhridem

607 3658 787 3709 vocat
826 3664 861 3715 a
896 3650 1091 3726 priori
1132 3651 1566 3728 appellatione
1609 3651 1819 3712 Moeri
1869 3652 2037 3729 regis
2085 3651 2362 3730 Bulgari.
2413 3650 2552 3727 ejus
2583 3650 2693 3728 qui
2749 3649 2986 3710 deinde
3057 3647 3307 3708 Samuel
3341 3644 3701 3721 appellatus
3741 3652 3871 3704 est.

604 3745 858 3807 Floruit
890 3746 944 3807 is
977 3746 1473 3824 imperatoribus
1508 3747 1929 3810 Constantino
1982 3757 2043 3809 et
2092 3747 2330 3809 Basilio
2368 3744 2939 3826 l’orpliyrogenitis
2970 3743 3251 3822 (decimo
3301 3741 3568 3803 cadente
3602 3739 3874 3812 saeculo,

606 3857 678 3902 ac
710 3840 979 3903 ineunte
1008 3837 1411 3922 undecimo),
1445 3843 1706 3921 quando
1743 3842 1928 3903 istam
1946 3840 2261 3921 ,paludem
2293 3844 2585 3905 derivare
2624 3828 3101 3917 exhaurireque
3134 3854 3481 3917 aggressus
3516 3845 3633 3908 est,
3671 3862 3699 3892 υ
3741 3844 3874 3898 etc.

603 3937 831 4017 Itaque
862 3936 1492 4012 Achris,adnotante
1547 3936 1897 4000 Dufresnio
1946 3939 2010 4000 in
2065 3938 2233 4001 notis
2282 3940 2359 4001 ad
2413 3946 2713 4020 quartum
2774 3934 3117 3998 Alexiados
3169 3934 3430 4008 librum,
3485 3934 3553 3995 in
3600 3933 3875 3996 sublimi

605 4032 771 4096 colle
810 4034 1052 4097 eminet
1082 4050 1279 4114 prope
1325 4032 1559 4109 lacum,
1596 4034 1765 4097 unde
1831 4036 2115 4114 Drynus,
2148 4052 2269 4097 seu
2306 4036 2589 4115 Drymon
2622 4034 3126 4112 septentrionem
3160 4048 3390 4094 versus
3429 4026 3654 4091 efﬂuit.

687 4153 778 4215 Eo
835 4152 904 4213 in
937 4152 1098 4226 loco,
1125 4169 1256 4232 quo
1293 4152 1528 4216 Achris
1546 4162 1669 4225 est,
1704 4160 1930 4229 putant
1962 4152 2259 4215 nonnulli
2298 4153 2700 4231 Lychnidum
2743 4152 2949 4230 primo
2980 4150 3337 4221 exstitisse,
3392 4159 3614 4230 postea
3652 4148 3870 4211 Bede—

607 4250 835 4324 rinam,
887 4252 1149 4313 demum
1207 4250 1489 4312 Primam
1544 4250 2000 4321 Iustinianum,
2054 4264 2087 4310 a
2150 4249 2521 4312 Justiuiano
2585 4250 2974 4327 imperatore
3030 4248 3289 4309 dictam.
3360 4246 3590 4308 Vicine
3652 4247 3879 4324 potius

610 4345 678 4407 in
730 4356 931 4409 tractu
986 4357 1252 4410 censent
1296 4348 1435 4421 alii,
1487 4346 1813 4409 conditam
1866 4363 1901 4407 a
1936 4346 2223 4418 Mochro,
2280 4363 2396 4407 seu
2428 4345 2753 4419 Samuele,
2794 4344 3220 4423 Bulgarorum
3255 4360 3404 4422 rege
3466 4335 3875 4415 Christiano,

608 4445 814 4508 fuisse
852 4448 1218 4511 Achridem.
1255 4449 1445 4509 Suam
1477 4443 1899 4521 amplissimis
1935 4443 2291 4523 privilegiis
2321 4442 2747 4503 Justinianam
2806 4448 3071 4502 auxerat
3102 4442 3400 4503 laudatus
3456 4439 3877 4501 Justinianus

610 4545 943 4620 Augustus
978 4545 1044 4606 in
1090 4545 1342 4606 novella
1374 4563 1482 4617 xv,
1516 4543 1757 4622 quibus
1804 4542 2052 4603 minuta
2090 4539 2324 4604 mansit
2356 4536 2958 4601 Thessalonicensis
2994 4536 3306 4598 antistitis
3354 4535 3621 4614 pristina
3657 4536 3835 4615 juris
3859 4572 3878 4581 -

610 4638 835 4699 dictio.
897 4638 1300 4717 Lequienum
1354 4640 1497 4703 loco
1556 4640 1771 4713 citato,
1806 4644 1869 4700 et
1923 4639 2107 4700 Joan.
2146 4638 2400 4699 Petrum
2429 4637 2508 4698 de
2541 4634 2851 4714 Ludewig
2881 4635 2945 4695 in
2981 4636 3126 4697 Vita
3161 4634 3543 4709 Iustiniani,
3567 4633 3877 4713 aliosque

612 4733 961 4813 scriptores
992 4736 1285 4798 consule.
1738 4757 1743 4759 ‘

690 4858 789 4918 20.
829 4860 1023 4918 Suam
1084 4856 1608 4937 TheOphylactus
1681 4857 2031 4920 Ecclesiam
2091 4856 2551 4920 Achridensem
2590 4903 2608 4930 ,
2665 4873 2736 4918 ac
2801 4856 3167 4918 universam
3236 4853 3871 4934 archiepiscopalem

606 4952 1132 5033 jurisdictionem
1170 4968 1247 5015 eo
1297 4954 1769 5017 administravit
1810 4964 2124 5033 tempore,
2185 4970 2315 5033 quo
2343 4953 2695 5036 Normanni
2730 4952 3081 5031 principes,
3118 4952 3438 5015 Robertus
3471 4950 3877 5013 Cuiscardus

613 5055 677 5110 et
729 5051 1140 5112 Boemundus
1180 5050 1352 5113 ﬁlius
1384 5050 1716 5131 lllyricum
1784 5060 1848 5113 et
1905 5052 2268 5130 Bulgariam
2314 5051 2514 5112 armis
2583 5050 2994 5111 infestarunt.
3060 5051 3215 5111 Nota
3267 5056 3441 5121 sunt,
3507 5064 3653 5126 quae
3698 5045 3874 5108 bella

614 5148 815 5223 gessit
866 5148 1185 5210 Robertus
1243 5138 1321 5208 ab
1381 5164 1549 5211 anno
1593 5150 1740 5211 1081
1787 5151 1862 5211 ad
1915 5164 2159 5210 annum
2209 5147 2365 5210 1085
2407 5147 2575 5223 apud
2629 5146 2979 5224 scriptores
3034 5146 3311 5211 Grmcos.
3381 5151 3445 5205 et
3499 5144 3778 5217 Siculos,
3817 5153 3878 5205 et

620 5242 928 5305 Venetos.
974 5243 1253 5317 lrruptio
1307 5244 1669 5306 Boemuudi
1730 5245 1806 5305 ad
1853 5260 2093 5305 annum
2148 5244 2299 5305 1107
2356 5244 2656 5321 pertinet,
2708 5260 2838 5319 quo
2871 5264 2899 5298 α
2934 5244 3173 5320 Bagora
3220 5243 3600 5304 monsinter
3632 5241 3875 5320 Bulga-

625 5338 792 5400 ricos
835 5344 899 5400 et
959 5339 1386 5418 Dyrrachinos
1446 5349 1696 5403 montes
1751 5342 2151 5422 interjcctus,
2214 5362 2245 5397 ι
2306 5342 2448 5417 ipso
2510 5338 2991 5419 'l‘beOphylncto
3047 5345 3207 5399 teste
3258 5338 3327 5399 iu
3384 5338 3657 5413 epistola
3709 5339 3794 5400 05
3845 5356 3877 5399 a

616 5454 649 5492 α
694 5441 988 5514 tyranno,
1042 5460 1070 5491 ιο
1136 5436 1378 5499 scilicet
1409 5437 1808 5513 Boemundo,
1863 5461 1892 5495 α
1945 5438 2306 5500 tenebatur.
2359 5460 2389 5494 ιν
2432 5435 2601 5498 Hinc
2655 5452 2808 5500 vero
2857 5435 3101 5497 Latinis
3141 5452 3211 5496 ac
3246 5435 3623 5496 Latinorum
3654 5443 3879 5497 contra

619 5532 965 5595 Saracenos
998 5534 1523 5611 expeditionibus
1569 5534 1898 5596 infensum
1957 5536 2095 5598 suis
2132 5534 2197 5595 in
2245 5532 2540 5612 epistolis
2578 5533 2813 5609 praebet
2864 5548 3034 5595 sese.

700 5654 819 5715 Sed
854 5664 924 5718 et.
955 5656 1216 5718 Croatos
1250 5656 1610 5735 Bulgariam
1648 5658 1771 5720 sub
1802 5657 2114 5720 Michaele
2169 5656 2344 5717 Duca
2384 5656 2679 5733 Augusto
2718 5654 3145 5732 depOpulatos
3201 5668 3369 5727 esse,
3421 5650 3878 5714 adnotavimus

622 5768 797 5811 mnu.
863 5754 958 5813 10.
996 5754 1222 5815 Contra
1275 5755 1625 5827 Dalmatas,
1688 5754 1800 5833 qui
1838 5754 2075 5818 saeculo
2112 5770 2177 5815 xt
2222 5751 2561 5815 desinente
2617 5751 2786 5835 ciere
2854 5751 3085 5813 turbas
3122 5751 3613 5820 meditabantur,
3674 5766 3877 5828 expe-

624 5846 935 5909 ditionem
982 5849 1263 5926 suscepit
1308 5849 1573 5913 Alexius
1600 5853 1962 5915 Cumncuus
1999 5868 2013 5911 :
2063 5850 2248 5929 isque
2291 5868 2320 5904 α
2359 5846 2861 5927 Philippopolim
2896 5846 3216 5919 invectus,
3254 5871 3280 5902 η
3319 5852 3384 5909 ut
3416 5846 3503 5909 ait
3550 5844 3875 5909 Commena
