3966 6424
159 426 221 487 33
999 416 1099 479 DE
1129 408 1712 477 THEOPHYLALTI-
1748 408 2020 473 GESTIS
2054 408 2151 470 ET
2194 406 2569 470 SCRIPTIS.
3413 407 3487 475 3i

164 543 321 603 libro
348 556 489 612 vui,
527 561 556 593 α
609 534 703 599 ibi
744 534 995 598 litteras
1056 531 1299 610 accepit
1369 525 1854 606 archiepisc0pi
1921 525 2269 606 Bulgarim,
2313 526 2431 606 qui
2499 532 2654 588 tunc
2702 530 2865 601 erat,
2906 548 2934 582 υ
2974 523 3229 587 scilicet
3277 526 3489 589 Theo-

164 636 474 719 phylacti.

228 736 329 796 30.
358 736 613 794 Damna
638 729 1027 812 gravissima
1065 723 1766 801 inferebantBulgariaa
1798 723 2064 804 populis
2100 730 2160 786 et
2189 722 2487 785 ecclesiis
2517 720 2893 802 imperiales
2931 728 3295 795 exactores,
3341 740 3489 801 quae

162 832 590 895 vehementer
614 832 797 891 dolet
827 827 1126 906 pluribus
1159 825 1221 885 in
1258 822 1553 902 epistolis
1584 822 1902 901 Bulgarus
1938 829 2160 885 noster
2197 817 2758 899 arChieplscopus.
2794 820 2862 880 In
2887 835 2982 892 ea,
3005 834 3153 899 quas
3178 818 3490 880 vicesima

164 928 343 991 tertia
385 934 802 998 numeratur,
824 923 907 983 ad
928 924 1221 1001 Corcyrae
1247 919 1748 1001 episcopum,sic
1776 920 1901 981 ait:
1930 921 2077 981 «Tu
2102 935 2253 981 vero
2279 919 2367 980 ibi
2403 920 2468 980 in
2492 918 2644 981 illos
2664 920 2778 997 qui
2815 934 2932 977 nos
2961 918 3197 979 acerbo
3229 916 3491 979 elidunt

168 1029 327 1096 ictu,
364 1041 658 1085 amaram
713 1022 938 1083 induis
981 1020 1201 1081 bilem.
1244 1019 1316 1079 ln
1366 1018 1543 1090 illos,
1593 1018 1883 1097 inquam,
1919 1016 2461 1097 quiinsatiabilis
2512 1016 2891 1093 cupiditatis
2946 1014 3233 1076 ministri
3288 1022 3491 1087 sunt,

166 1124 266 1203 qui
299 1133 362 1183 et
398 1120 806 1200 evangelica)
840 1119 1271 1199 professionis
1308 1118 1524 1181 hostes
1569 1122 1722 1175 sunt
1764 1112 2226 1184 exsecrabiles,
2261 1122 2323 1175 et
2359 1112 2710 1176 Christiani
2746 1111 3025 1191 agminis
3063 1112 3389 1189 pernicies
3429 1126 3491 1171 et

170 1222 302 1297 ipsa
351 1214 754 1279 internecio.
790 1236 820 1271 in
854 1217 1008 1276 Data
1065 1214 1303 1294 legitur
1335 1209 1828 1293 quadragesima
1864 1212 2069 1287 prima
2120 1209 2203 1271 ad
2238 1208 2887 1291 Panhypersebaston
2918 1209 3326 1283 Bricnm'um,
3377 1209 3490 1272 ubi

172 1320 294 1376 Ilaec
343 1313 727 1375 habentur:
770 1334 797 1367 α
834 1311 1174 1373 Venenum
1228 1308 1530 1387 aspidum
1562 1306 1627 1366 in
1677 1321 1797 1367 nos
1842 1320 2308 1388 eonspuentes,
2345 1306 2906 1387 praeclarissimam
2957 1314 3021 1366 et
3075 1307 3491 1369 mitissimam

166 1410 585 1487 imperatoris
650 1410 933 1468 animam
1002 1406 1295 1467 lethil‘era
1369 1402 1807 1465 amaritudine
1864 1398 2241 1463 infecerunt
2305 1420 2321 1462 :
2385 1409 2448 1463 et
2531 1399 2860 1480 quidquid
2915 1400 3210 1463 Ecclesia
3273 1407 3495 1463 nostra

167 1507 566 1581 continebat,
627 1503 884 1585 ingenti
944 1504 1397 1566 internecione
1445 1500 1859 1562 deleverunt.
1904 1501 1976 1560 Et
2022 1499 2317 1562 omnium
2386 1498 2658 1578 quidem
2720 1497 2954 1560 harum
3007 1516 3229 1561 rerum
3270 1515 3492 1571 causa,

168 1604 574 1685 cectigalium
628 1610 1003 1663 exactorum
1058 1599 1451 1664 insatiabilis
1500 1596 1851 1678 cupiditas,
1906 1605 1971 1658 et
2019 1603 2328 1675 corrupta
2381 1598 2803 1661 consuetudo
2844 1597 2995 1661 fuit.
3040 1620 3069 1654 ι.
3122 1599 3289 1659 Turn
3336 1615 3495 1662 vero

169 1706 479 1767 scelerata
516 1704 810 1764 facinora
848 1716 1059 1764 narrat
1092 1701 1434 1781 cujusdam
1475 1697 1714 1771 Lazat’i,
1753 1695 1865 1774 qui
1904 1717 1932 1752 (ι
1969 1694 2282 1757 Ευοιθδὶω
2322 1694 2602 1758 colonus
2628 1706 2767 1759 erat
2807 1716 2821 1755 :
2858 1714 3056 1778 quem
3091 1707 3312 1759 contra
3350 1714 3495 1773 ttOs,

170 1800 409 1882 inquit,
466 1798 705 1863 audaci
750 1804 1085 1862 armarunt
1137 1803 1422 1877 pectore.
1472 1818 1502 1853 ι)

244 1900 312 1959 In
353 1898 585 1977 ipsum
645 1914 915 1977 quoque
968 1893 1531 1974 TheOphylactum
1586 1896 1883 1971 impaotm
1944 1891 2319 1966 calumniae,
2363 1909 2436 1955 ac
2468 1892 2522 1954 si
2558 1893 2826 1956 divitias
2852 1893 3244 1967 cumularet,
3298 1904 3360 1956 et
3408 1912 3491 1956 ex

170 1995 606 2075 Bulgarorum
672 1994 903 2071 Spoliis
964 1991 1331 2053 ditissimus
1372 1996 1570 2051 esset.
1624 2010 1654 2042 α
1720 1989 2083 2052 Consilium
2135 1991 2429 2053 inierunt
2489 1990 2733 2073 (inquit
2777 1991 2846 2054 in
2915 1992 3189 2071 epistola
3254 1992 3359 2067 ἰή),
3413 1993 3498 2053 ad

168 2094 494 2155 dominum
524 2094 887 2154 Adrianum
922 2093 1189 2169 fratrem
1220 2088 1655 2168 imperatoris)
1696 2095 1765 2148 ut
1798 2104 1895 2148 me
1930 2089 2009 2148 de
2040 2086 2310 2151 honoris
2350 2094 2553 2169 gradu
2591 2089 3023 2152 detruderent
3064 2111 3078 2150 :
3127 2100 3188 2152 et
3231 2093 3485 2153 calum-

173 2190 287 2250 nias
350 2190 468 2250 siti
534 2190 812 2260 etl'erati,
862 2190 941 2249 ad
995 2188 1526 2265 potentissimum
1591 2190 1887 2246 nostrum
1976 2184 2473 2265 imperatorem,
2552 2195 2615 2250 et
2672 2188 3162 2267 Optatissimum
3228 2190 3493 2251 fratrem

172 2296 377 2353 tuum,
422 2289 801 2357 evolarunt,
839 2294 902 2345 et
962 2302 1060 2347 me
1095 2284 1289 2363 quasi
1334 2282 1559 2344 multis
1596 2280 2111 2358 insuperabilem
2160 2285 2416 2347 viribus
2446 2332 2461 2359 ,
2517 2292 2581 2347 et
2638 2301 2867 2365 magna
2916 2284 3157 2347 fretum
3214 2287 3502 2365 potentia

173 2384 528 2447 calumniis
562 2384 736 2460 apud
777 2383 962 2443 illum
1009 2381 1396 2443 obruerunt.
1434 2380 1509 2439 Et
1547 2377 1767 2451 tantis,
1802 2379 2135 2460 tantisque
2188 2381 2352 2444 lucri
2390 2382 2819 2461 proventibus
2876 2384 2945 2444 in
2996 2384 3298 2462 pinguem
3336 2382 3502 2445 divi-

171 2484 405 2544 tiarum
444 2480 882 2542 substantiam
916 2497 1015 2541 me
1050 2479 1389 2540 dilatatum
1429 2475 1969 2539 criminabantur.
2007 2498 2038 2535 ιι
2076 2480 2149 2539 Et
2182 2478 2250 2540 in
2285 2478 2567 2556 epistola
2595 2480 2720 2541 73:
2760 2504 2785 2536 α
2828 2483 2898 2542 ln
2935 2481 3139 2543 totius
3176 2480 3502 2561 Bulgaria)
3598 2557 3608 2569 .

171 2579 829 2657 archiepiscollum...
876 2578 1102 2640 oculos
1149 2582 1543 2640 convertunt
1586 2594 1601 2636 :
1638 2572 1737 2635 illt

1928 2593 1960 2637 e
2014 2577 2204 2653 plane
2238 2577 2543 2648 audiunt,
2579 2578 2774 2639 etiam
2822 2587 2992 2639 totos
3054 2580 3198 2639 dies
3259 2598 3494 2641 nume-

171 2696 299 2740 rare
346 2693 597 2738 aureos
650 2693 981 2750 nummos,
1028 2687 1089 2736 et
1139 2675 1325 2755 quasi
1370 2690 1699 2736 mensura)
1751 2673 2255 2752 complementis
2302 2674 2704 2736 arbitrantur
2740 2676 3106 2737 cumulare.
3150 2699 3177 2731 υ

238 2776 341 2836 3t.
393 2774 685 2853 Vigilem
729 2777 941 2849 ipsum
970 2772 1464 2852 sollicitumque
1503 2773 1606 2833 sui
1659 2759 1955 2834 muneris
2008 2772 2075 2833 in
2124 2772 2701 2836 administratione
2755 2774 2903 2836 alias
2941 2774 3494 2852 conspiciendum

172 2876 459 2951 praebent
497 2871 823 2950 epistolae.
857 2872 950 2933 Ex
984 2889 1056 2933 ea
1102 2889 1248 2951 qu
1306 2876 1690 2932 numeratur
1720 2870 2048 2933 tricesima
2074 2872 2389 2942 secunda,
2436 2870 2519 2932 ad
2558 2870 2937 2942 Triaditzw,
2974 2874 3133 2933 olim
3188 2875 3494 2947 Serdica),

168 2974 566 3052 episcopum,
614 2970 1047 3045 addiscimus,
1085 2970 1399 3032 libentem
1444 2969 1659 3045 ipsum
1686 2970 2027 3039 annuisse,
2082 2981 2151 3029 ut
2200 2984 2237 3030 a
2282 2967 2545 3030 vinculo
2579 2968 3322 3042 excommunicationis,
3358 2986 3494 3049 quo

168 3073 335 3132 idem
374 3070 664 3129 antistes
712 3067 1069 3130 iunodatus
1102 3075 1261 3142 erat,
1298 3075 1639 3147 prOpterea
1671 3068 1851 3147 quod
1892 3085 2021 3130 non
2058 3075 2453 3131 convenerat
2503 3070 2581 3129 ad
2626 3074 2982 3148 synodum,
3036 3068 3493 3131 absolveretur

165 3176 239 3230 an
266 3168 619 3248 episc0pis
667 3166 1030 3247 Pelagiome
1070 3184 1184 3229 seu
1247 3168 1600 3241 Heracleaa,
1668 3173 1729 3229 et
1790 3166 2200 3229 Strombitzaa
2273 3183 2395 3227 seu
2454 3165 2895 3244 TiberiOpolis
2931 3212 2947 3240 ,
3005 3177 3066 3229 et
3120 3166 3494 3231 Melasque.

169 3264 903 3342 Constantinopolim,«
940 3281 1230 3343 magnam
1281 3266 1347 3324 in
1394 3267 1660 3337 urbem,
1714 3288 1743 3319 »
1794 3262 2122 3341 profectus
2184 3263 2399 3327 fuerat
2450 3266 2802 3343 episcotius
2858 3263 3001 3335 ille;
3060 3288 3088 3320 κ(
3129 3271 3189 3326 et
3233 3266 3494 3327 nullum

167 3363 295 3426 fere
340 3361 451 3423 vel
511 3369 701 3423 aetate
738 3362 1131 3432 maximum,
1186 3362 1288 3425 vel
1346 3364 1692 3424 minimum
1746 3362 2129 3441 reliquerat,
2163 3363 2277 3440 qui
2334 3363 2561 3425 acerba
2601 3371 2729 3426 tute
2766 3362 3009 3442 lingum
3042 3363 3107 3423 iu
3138 3379 3261 3424 nos
3297 3363 3501 3425 male-

168 3460 457 3524 dicentia
509 3459 610 3540 (ut
666 3459 753 3521 ait
800 3462 947 3537 ipse
976 3459 1527 3540 Theophylactus)
1585 3478 1781 3522 aures
1842 3479 1974 3525 non
2022 3477 2176 3523 suas
2237 3461 2591 3524 occluserit
2628 3506 2643 3533 ,
2711 3462 3082 3539 surdasque
3120 3462 3498 3526 etfecerit...

167 3560 499 3633 Quocirca
537 3557 608 3618 in
647 3558 855 3618 Deum
902 3557 1141 3628 solum,
1186 3557 1301 3637 qui
1334 3558 1467 3619 hinc
1509 3558 1732 3621 omnia
1765 3556 2029 3620 vincere
2069 3566 2304 3637 potest,
2350 3558 2577 3619 oculos
2614 3564 2871 3620 nostros
2904 3556 3268 3620 attollimus
3311 3566 3373 3620 et
3432 3560 3499 3622 in

169 3656 506 3716 sublimes
559 3654 705 3735 ejus
754 3652 1031 3735 justitim
1080 3664 1357 3728 montes,
1407 3656 1583 3717 unde
1624 3655 1816 3719 nobis
1848 3655 2172 3718 auxilium
2225 3657 2465 3717 veniet.
2500 3677 2528 3711 »

240 3753 456 3831 [XIV]
501 3753 883 3830 De_synndo
929 3749 1314 3814 celebranda
1374 3752 1599 3814 scribit
1655 3752 1997 3833 epistolam
2027 3754 2128 3828 53,
2182 3753 2265 3814 ad
2309 3755 2859 3817 Macrembotitam
2919 3754 3179 3834 Pri-spat
3240 3757 3500 3834 princi-

165 3867 327 3929 pem.
404 3848 751 3925 Oppidum
811 3856 944 3909 erat
1011 3848 1078 3909 in
1128 3848 1509 3912 Macedonia
1562 3867 1759 3929 prOpe
1809 3851 2185 3914 Achridem.
2236 3873 2266 3907 ‹‹
2309 3852 2617 3914 Nondum
2653 3869 2773 3915 nos
2834 3852 2951 3915 illo
3012 3855 3188 3932 gravi
3291 3853 3501 3916 morbi

170 3945 487 4009 decubitu
560 3944 841 4015 liberati,
884 3945 1124 4025 inquit,
1184 3954 1246 4008 et
1287 3945 1487 4010 soluti
1576 3966 1809 4010 sumus
1875 3967 1890 4005 :
1948 3957 2009 4009 et
2092 3957 2308 4010 tamen
2379 3966 2566 4009 sacra
2657 3968 2970 4010 canonum
3044 3969 3175 4011 vox.
3258 3967 3504 4011 sacram

170 4046 355 4108 nobis
460 4043 781 4123 synodum
842 4046 1261 4123 imperavit...
1357 4048 1454 4109 I‘u
1543 4058 1759 4110 autem
1843 4065 1964 4111 nos
2036 4048 2382 4127 suscipe...
2458 4048 2580 4110 Hic
2642 4048 2823 4110 enim
2904 4059 3130 4112 noster
3214 4065 3507 4111 conven-

170 4150 262 4206 tus
304 4144 470 4205 erit.
529 4162 565 4199 ι

238 4240 625 4321 Epistolam
646 4240 937 4321 denique
964 4243 1045 4303 2‘2
1073 4244 1265 4319 addo,
1298 4243 1381 4305 ad
1404 4245 1696 4325 Cercyrw
1742 4244 2134 4325 episcopum,
2173 4242 2306 4317 ubi,
2337 4253 2691 4308 memorata
2738 4244 3100 4307 Boemundi
3134 4244 3505 4323 irruptione

169 4339 223 4400 iu
282 4337 712 4416 Bulgariam,
764 4338 1094 4401 hominem
1151 4339 1354 4403 alium
1393 4367 1422 4398 ιι
1460 4341 1819 4421 ignobilem
1870 4362 1903 4399 ι
1943 4340 2343 4420 insequitur,
2392 4362 2422 4398 α
2465 4349 2642 4403 tanto
2696 4342 3141 4406 molestiorem
3181 4350 3242 4405 et
3277 4342 3508 4406 durio-

169 4453 323 4510 rem,
389 4442 652 4515 quanto
714 4435 965 4499 insanio
999 4455 1112 4498 em
1172 4445 1235 4501 et
1291 4442 1748 4502 amentiowm.
1804 4440 1927 4501 Hic
1977 4438 2180 4511 enim,
2216 4440 2459 4521 inquit,
2509 4440 2642 4501 sibi
2699 4440 3110 4503 venerationi
3159 4449 3223 4502 et
3266 4438 3505 4503 honori

166 4535 369 4605 ducit,
418 4534 547 4612 qui
618 4542 730 4594 aut
783 4534 951 4595 dixit
990 4534 1242 4616 aliquid
1296 4546 1517 4600 contra
1567 4537 1732 4600 Ecch

1940 4585 1947 4612 ,
2003 4544 2115 4598 aut
2154 4536 2388 4599 fecit...
2418 4540 2566 4618 Ipse
2605 4539 2782 4599 enim
2820 4546 2943 4601 οὐδὲ
2983 4546 3077 4600 τοῦ
3113 4547 3506 4619 προσκυνῆσαι

171 4641 260 4711 τὴν
300 4640 661 4709 Θεομήτερσ.
694 4639 896 4711 ἑαυτὴν
927 4640 1200 4711 ἠξίωσεν,
1245 4652 1366 4697 nec
1400 4635 1518 4696 Dei
1558 4638 1737 4696 Matrt

1929 4635 2239 4696 oratione
2274 4635 2540 4715 dignam
2576 4636 3008 4698 existimavit.
3049 4660 3078 4694 lo
3107 4639 3273 4699 Num
3300 4636 3495 4699 fuerit

165 4730 585 4791 Manichacus
641 4732 940 4810 quidam,
980 4739 1089 4793 aut
1144 4750 1223 4794 ex
1278 4732 1767 4813 Bogomilorum
1813 4741 2011 4803 secta,
2059 4735 2140 4794 de
2177 4733 2424 4813 quibus
2484 4734 2718 4798 latiore
2780 4736 2913 4815 agit
2954 4752 3260 4798 sermone
3317 4737 3506 4798 Anna

167 4827 517 4889 Comnena
563 4826 732 4897 libro
786 4846 870 4889 xv
901 4827 1250 4892 Alexiados
1279 4830 1308 4889 7
1351 4831 1499 4892 HII'C
1545 4850 1697 4894 vero
1739 4832 1819 4892 de
1863 4830 2329 4912 Theophylacti
2377 4831 2927 4914 chronographia,
2976 4843 3037 4896 et
3088 4833 3506 4910 muneribus,

135 4930 226 4985 'ac
258 4922 746 5003 dignitatibus,
782 4925 1119 5007 gestisque
1152 4926 1497 5007 praacipuis
1532 4926 1927 4990 disseruisse
1974 4930 2155 4991 satis.

1794 5102 1900 5162 IX.

164 5256 439 5340 Scripsit
502 5251 1021 5340 Theophylactus
1106 5253 1739 5340 Conzmentai‘ios‘in
1818 5269 2099 5339 quatuor
2170 5259 2542 5340 Evangelia,
2630 5263 2857 5324 Maria:
2916 5264 3379 5340 imperatricis,
3428 5274 3504 5327 ut

230 5332 538 5420 videtur,
585 5332 810 5420 jussu.
858 5332 1117 5420 Qadices
1163 5338 1518 5420 pracipui._
1550 5337 1774 5399 Editio
1806 5332 2020 5420 prima
2052 5340 2285 5401 Latina
2320 5332 2461 5403 cum
2495 5332 2787 5404 versione
2818 5332 3094 5404 Joannis
3153 5332 3504 5404 0Ecotam-

232 5414 424 5503 podii
459 5431 549 5473 ea:
591 5411 826 5503 codice
851 5412 1071 5503 Greece
1122 5411 1381 5503 ηῐιιιῐιοξ
1416 5416 1641 5479 Editio
1677 5411 1887 5503 Graeci
1921 5429 2136 5503 textus
2198 5440 2277 5483 ex
2308 5421 2523 5482 codice
2567 5424 2891 5495 Vaticano,
2928 5424 3037 5503 qui
3072 5423 3489 5501 expenditur.

234 5491 461 5579 ttujus
515 5510 637 5579 ope
681 5491 913 5579 Lati-na
954 5494 1414 5579 interpretatio
1455 5500 1783 5575 recognita
1844 5520 1881 5559 a
1946 5499 2249 5579 l‘hitippo
2288 5502 2621 5562 Montano.
2687 5491 2956 5563 Lattnii‘
2994 5491 3494 5565 observationes.

232 5572 652 5634 Paiisiensis
701 5572 899 5633 editio
939 5572 1456 5650 Greco-Latina,
1491 5572 1672 5660 cujus
1718 5579 2001 5657 defectus
2054 5572 2460 5643 iri-dicantur.
2496 5583 2843 5643 Fabricius
2875 5594 3168 5644 notatus.

238 5723 341 5785 32.
405 5721 823 5783 Litterarum
881 5720 1074 5799 queis
1102 5723 1397 5802 apprime
1435 5723 1730 5788 imbutus
1767 5737 1900 5789 erat
1934 5728 2492 5813 TheOphylactus,
2544 5742 2604 5797 et
2642 5754 2839 5798 sacrae
2880 5736 3240 5816 praesertim
3274 5741 3499 5802 erudi-

174 5821 389 5895 tionis,
430 5838 570 5903 qua
638 5820 1003 5900 t‘trfBSlﬂbal.
1064 5833 1483 5886 monumenta
1552 5826 1735 5905 plura
1780 5830 2067 5911 reliquit.
2137 5833 2639 5898 Commentarios
2699 5840 2768 5898 in
2814 5850 3093 5917 quatuor
3146 5841 3499 5923 Evangelia

174 5920 450 6002 scripsit.
505 5920 701 6001 Apud
758 5921 1019 5980 Petrum
1088 5922 1494 5984 Latnbecium
1543 5926 1704 5986 libro
1773 5946 1807 5986 v
1869 5929 2297 5994 Bibliotheca;
2332 5936 2637 5996 (ire-sarem
2696 5936 3226 5999 \‘inllnbonensis
3285 5920 3497 6001 eistat
