3966 6402
98 422 160 487 3³1
937 415 1036 477 DE
1076 410 1668 476 THEOI’HYLACTI
1712 406 1990 468 GESTIS
2030 404 2129 467 ΕΤ
2167 402 2541 466 SCRIPTIS.
3336 397 3411 462 33

98 536 368 615 pensius
424 534 620 598 Pauli
682 533 771 597 ιιι
812 530 1091 594 Romani
1124 526 1449 607 pontiﬁcis
1480 520 1933 585 muniﬁcentia
1965 517 2462 581 commendatur
2505 537 2521 575 :
2561 536 2589 570 α
2630 512 2829 574 Plane
2854 510 2978 574 hoc
3012 508 3412 574 beneﬁcium

98 606 696 713 quantumcunque
731 636 855 702 est,
892 627 1071 707 quod
1106 606 1280 687 certe
1338 622 1691 684 maximum
1741 626 1863 691 est,
1894 616 2072 678 Pauli
2116 615 2207 675 Ill
2243 611 2490 675 divinae
2514 609 2741 672 virtuti
2774 608 3071 671 debetur.
3113 606 3415 670 Pontifex

98 705 505 809 benignitate
540 705 855 807 insignis,
887 705 1081 788 natus
1113 725 1192 786 ad
1224 720 1511 784 tollenda
1547 715 1816 779 humani
1882 712 2144 793 generis
2183 708 2624 780 incommoda,
2660 715 2946 768 veterem
2980 705 3415 766 consuetudi-

100 801 521 900 nem-servat,
554 801 800 887 excitat
826 827 1028 887 bonas
1060 828 1274 892 artes;
1331 815 1571 897 quovis
1626 821 1923 891 sumptu,
1975 809 2214 889 quovis
2252 806 2514 885 prmmio
2558 804 2737 878 facit,
2771 810 2841 863 ut
2888 803 3003 882 qui
3073 801 3414 880 pontiﬁces

99 921 551 984 beneﬁcentia
589 919 788 983 laude
824 917 1265 989 celebrantur,
1302 930 1416 976 eos
1448 911 1565 974 hac
1594 918 1783 972 (etate
1835 907 2106 970 minime
2138 905 2620 967 desideremus.
2653 923 2683 958 ιο

167 1021 547 1081 Romanum
579 1019 901 1087 codicem.
936 1034 1018 1079 ex
1076 1031 1209 1096 quo
1255 1020 1475 1075 textus
1532 1008 1802 1089 prodiit,
1866 1021 1944 1068 eo
1974 1002 2369 1067 deteriorem
2399 999 2641 1061 alicubi
2672 1014 2841 1069 esse,
2874 995 2988 1076 qui
3030 1002 3259 1074 prmsto
3291 992 3418 1055 fuit

96 1116 655 1193 OEcolampadio,
708 1118 1148 1179 observarunt
1203 1110 1328 1173 viri
1404 1107 1604 1177 docti.
1668 1108 1887 1186 Ipsum
1940 1103 2135 1164 etiam
2210 1096 2700 1193 interpolatrice
2777 1109 2985 1193 manu
3031 1100 3415 1193 corruptum

94 1188 293 1276 fuisse
327 1188 553 1292 capite
594 1188 757 1275 xxv:
793 1210 1101 1283 Matthmi,
1139 1225 1307 1271 vers.
1352 1206 1451 1278 17,
1495 1204 1607 1267 ubi
1649 1203 1729 1265 de
1764 1202 1973 1282 prima
2001 1197 2110 1259 die
2146 1200 2540 1292 Azymorum
2576 1191 2821 1271 agitur,
2884 1188 3131 1292 evincit
3181 1189 3414 1292 Petrus

95 1286 429 1373 Arcudius
485 1319 629 1372 tum
672 1309 954 1371 aliorum
1017 1308 1280 1385 optimm
1332 1311 1503 1367 notua
1564 1299 1863 1365 codicum
1915 1295 2065 1368 ﬁde,
2132 1301 2267 1354 tum
2314 1291 2529 1371 ipsius
2562 1291 2755 1351 etiam
2790 1286 3038 1349 codicis
3077 1290 3415 1385 contextu.

98 1409 335 1469 Eodem
375 1408 447 1469 in
500 1415 689 1469 textu
722 1408 1016 1467 Romano
1046 1379 1277 1466 lacuna
1317 1410 1487 1483 patet
1511 1400 1722 1479 capite
1752 1393 2093 1467 IJoaunis,
2126 1409 2301 1453 vers.
2340 1391 2440 1463 13,
2506 1388 2585 1450 ab
2614 1388 2751 1448 illis
2811 1384 3050 1456 verbis,
3079 1379 3419 1483 intelliges

92 1516 294 1564 autem
318 1513 504 1565 recte
534 1521 657 1583 per
673 1503 1072 1565 voluntatem
1102 1481 1343 1571 carnis,
1386 1515 1604 1577 usque
1652 1495 1732 1558 ad
1774 1493 1910 1565 illa,
1938 1492 2024 1554 Et
2062 1495 2130 1550 in
2155 1486 2387 1569 copula
2416 1485 2774 1569 necessario
2837 1481 3211 1562 praecedunt
3237 1488 3421 1541 utra-

92 1618 219 1680 que.
256 1602 422 1663 Haec
479 1577 642 1665 vero
689 1599 1241 1678 OEcolampadius
1296 1598 1364 1658 in
1400 1598 1625 1659 codice
1675 1608 1799 1655 suo
1860 1591 2135 1668 legebat,
2188 1603 2262 1647 ac
2321 1585 2788 1659 interpretatus
2829 1586 2941 1680 est
2979 1594 3001 1680 ,ε
3053 1577 3418 1680 eademque

93 1675 304 1760 Grece
338 1698 537 1761 aﬁ‘ert
571 1698 939 1760 ltichardus
968 1675 1303 1759 Simonius
1365 1693 1505 1754 loco
1555 1692 1775 1763 citato,
1826 1706 1967 1768 pag.
2030 1685 2171 1758 1501,
2233 1701 2313 1746 ex
2367 1680 2572 1760 Regio
2639 1675 2991 1738 Parisiensi
3036 1675 3259 1769 codice
3298 1675 3415 1734 de-

98 1805 392 1876 prompta
438 1813 455 1857 :
495 1797 613 1857 sed
651 1795 863 1857 tribus
925 1796 991 1856 in
1046 1792 1382 1856 codicibus
1434 1793 1701 1853 Venetas
1748 1784 2159 1850 bibliothecae
2211 1781 2556 1843 Marcianaa
2589 1773 3085 1876 eadesiderari,
3122 1771 3423 1876 ipsismut

94 1868 300 1954 oculis
345 1892 945 1972 deprehendimus,
1004 1907 1195 1969 Opem
1258 1897 1599 1969 praestante
1656 1904 1772 1968 pro
1833 1901 1951 1946 sua
2011 1880 2414 1944 humanitate
2474 1876 2555 1938 cl.
2618 1873 2758 1935 viro
2799 1871 3089 1933 Antonio
3143 1868 3418 1943 Zanetti,

95 1989 454 2053 Alexandri
491 1989 652 2062 ﬁlio,
692 1988 1114 2052 bibliothecas
1142 1988 1440 2062 custode.

168 2086 343 2149 Hinc
380 2102 550 2148 vero
585 2084 927 2149 Simonius
954 2092 1019 2149 et
1046 2084 1451 2158 Lambecius,
1517 2081 1597 2144 ad
1652 2082 2121 2145 accuratiorem
2190 2079 2486 2156 Operum
2550 2068 3021 2149 Theophylacti
3056 2064 3419 2128 editionem

98 2182 599 2259 perﬁciendam,
624 2182 930 2262 diligenti
965 2198 1132 2261 opus
1172 2199 1318 2245 esse
1348 2181 1653 2244 codicum
1680 2178 2114 2258 inspectione,
2150 2173 2503 2237 scitissime
2535 2170 3048 2232 admonuerunt.
3084 2167 3421 2226 Postremo

96 2280 405 2341 adumare
451 2296 591 2341 non
628 2279 1142 2357 prmtermittam,
1178 2280 1241 2341 in
1268 2278 1497 2341 eadem
1563 2280 1854 2342 Romana
1906 2277 2201 2341 editione
2259 2274 2489 2353 Elogia
2530 2278 2814 2349 quatuor
2871 2263 3423 2344 evangelistarum

102 2387 415 2453 prostare,
454 2394 614 2456 qum
636 2384 898 2456 sumpta
928 2384 1086 2440 sunt
1114 2392 1195 2439 ex
1222 2377 1443 2442 Grmca
1472 2376 1631 2442 libri
1674 2377 1880 2447 sancti
1904 2370 2299 2456 Hieronymi
2361 2373 2448 2434 De
2469 2368 2657 2431 .viris
2689 2363 3057 2429 illustribus
3092 2362 3420 2434 versione,

98 2491 122 2531 η
153 2474 545 2553 Sophronia
577 2476 992 2538 concinnata.

165 2596 265 2659 35.
300 2598 605 2659 Latinam
628 2598 1123 2679 OEcolampadii
1151 2601 1521 2665 versionem
1553 2600 1837 2681 primum
1867 2594 2244 2676 recognovit
2274 2606 2447 2655 anno
2479 2589 2635 2652 15'45
2670 2585 3016 2663 Philippus
3045 2582 3420 2681 Montanus,

98 2696 766 2770 Armeuterianus,ac
794 2676 1033 2760 iterum
1060 2699 1433 2762 emendavit
1456 2676 1630 2762 anno
1664 2698 1845 2768 1552,
1876 2704 1943 2757 ut
1978 2696 2257 2773 legimus
2292 2691 2355 2752 in
2381 2693 2554 2751 calce
2588 2684 2898 2763 Epistolm
2925 2676 3423 2756 nuncupatoriie

95 2794 164 2853 ad
196 2792 566 2855 Claudium
605 2792 897 2857 Dodeum
930 2795 1325 2859 Rhedonum
1356 2798 1769 2877 episcOpum,
1808 2807 1872 2857 et
1922 2790 2355 2859 Prmfationis,
2404 2789 2472 2848 in
2507 2784 2799 2848 editione
2833 2776 3194 2842 Basileensi
3250 2773 3423 2852 apud

96 2891 381 2954 Joannes
410 2892 783 2971 Hervagios
828 2909 1003 2955 anno
1036 2893 1213 2958 1551i.
1256 2894 1573 2958 Subsidia
1610 2894 1703 2955 illi
1739 2890 1863 2954 fuit
1902 2898 2119 2952 textus
2148 2882 2813 2950 Romanusﬁrmcus.

166 3012 344 3087 Quid
384 3013 537 3090 ipse
571 3010 690 3074 hac
720 3028 837 3074 sua
894 3013 963 3076 in
1018 3018 1468 3096 recognitione
1526 3013 1918 3095 praestiterit,
1984 3008 2328 3074 nonnullis
2388 3004 2600 3069 allatis
2670 2995 2995 3078 exemplis
3055 2992 3323 3096 exponit
3358 2992 3427 3054 in

102 3109 492 3173 Prmfatioue
558 3111 634 3172 ad
682 3111 1008 3173 lectorem.
1054 3090 1424 3177 Generatim
1463 3090 1619 3183 vero,
1649 3114 1744 3177 sic
1768 3114 1905 3176 ait:
1952 3134 1983 3168 α
2020 3112 2172 3179 Ista,
2211 3107 2509 3187 inquam,
2569 3108 2632 3164 et
2686 3093 3067 3178 hujusmodi
3116 3090 3427 3170 pleraque

99 3207 239 3277 alia,
280 3205 687 3285 impressori
730 3207 945 3286 potius
1002 3226 1196 3288 quam
1272 3211 1619 3291 interpreti
1671 3206 2230 3293 (OEcolampadio)
2283 3200 2523 3267 ascribi
2587 3200 2884 3277 possent.
2958 3190 3148 3268 Quod
3206 3195 3426 3251 autern

105 3303 448 3381 plerisque
480 3304 549 3363 in
576 3302 740 3366 locis
776 3306 1095 3383 permulta
1128 3307 1377 3371 fuerint
1406 3309 1673 3383 omissa,
1708 3327 1789 3372 ex
1841 3307 2087 3389 quibus
2129 3301 2479 3384 sequentia
2519 3294 2894 3385 pendebant
2937 3306 3114 3353 :non
3174 3296 3426 3389 tantum

101 3398 422 3463 dictiones
458 3402 713 3480 aliquot
745 3401 918 3473 dico,
959 3405 1075 3466 sed
1106 3424 1325 3466 versus
1350 3407 1733 3487 permultos,
1773 3386 1967 3488 atque
1999 3406 2163 3468 adeo
2213 3402 2489 3482 paginas
2526 3406 2691 3459 totas
2724 3414 2743 3455 :
2781 3390 3096 3488 quodque
3151 3386 3425 3460 saapius-
3469 3399 3472 3401 λ

104 3503 242 3561 cute
291 3499 571 3579 negatio
604 3506 823 3563 contra
873 3502 1161 3563 auctoris
1203 3486 1485 3566 mentem
1511 3514 1622 3567 aut
1657 3486 1921 3581 omissa,
1957 3511 2068 3569 aut
2106 3500 2342 3583 injecta
2393 3492 2787 3561 contrariam
2847 3486 3112 3552 inducat
3146 3490 3420 3547 senten-

106 3597 275 3668 tiam,
314 3598 678 3673 scribmne,
713 3609 823 3662 aut
857 3601 1288 3683 typograpbo,
1323 3614 1433 3668 aut
1459 3605 1828 3686 interpreti,
1867 3586 2427 3665 mutilove'codici
2463 3592 2917 3672 imputandum
2973 3587 3084 3686 sit,
3138 3583 3423 3686 aliorum

104 3704 238 3756 esto
273 3694 707 3775 judicium...
742 3680 1076 3777 Interpres
1107 3680 1371 3781 quidem
1406 3716 1578 3767 certe
1610 3680 1883 3767 Joannis
1920 3701 2177 3769 ultimo,
2241 3694 2534 3758 codiceni
2592 3705 2787 3751 suum
2851 3684 3159 3747 mutilum
3211 3680 3423 3741 fuisse

103 3792 483 3855 comitetur.
512 3793 693 3856 Fieri
727 3776 942 3858 tamen
978 3776 1214 3877 potest,
1248 3808 1316 3862 ut
1348 3800 1538 3862 etiam
1571 3800 1685 3863 ille
1721 3799 2118 3881 quibusdam
2164 3797 2231 3857 in
2288 3792 2448 3855 locis
2478 3797 2711 3851 nostro
2773 3783 3049 3864 (scilicet
3108 3776 3426 3855 Romano)

105 3889 530 3952 emendatior
565 3888 766 3952 fuerit
798 3914 812 3951 :
846 3892 1133 3974 ideoque
1169 3896 1465 3974 quasdam
1501 3877 2197 3974 intacta—reliquimus,
2243 3891 2382 3953 sive
2437 3887 2612 3965 quod
2648 3884 2726 3945 ad
2760 3896 3029 3943 sensum
3063 3877 3229 3938 bene
3265 3889 3430 3953 qua-

106 3986 396 4059 tlrarent,
463 3983 611 4046 sive
671 3988 848 4065 quod
913 3971 1042 4051 non
1108 3971 1322 4070 magni
1380 4000 1606 4055 essent
1665 4013 1672 4054 ι

1858 3971 2003 4066 auiti,
2066 3988 2320 4053 etiamsi
2366 3988 2441 4048 ad
2476 3984 2767 4053 Grmcum
2797 3985 3094 4040 nostrum
3129 3971 3424 4034 codicem

106 4078 758 4161 (Romanum)[XVl]
799 4101 926 4147 non
951 4066 1712 4169 omnino'respondeant.
1748 4093 2237 4168 Nonnunquam
2273 4093 2488 4148 autem
2527 4077 2798 4158 margini
2836 4075 3163 4136 diversam
3200 4066 3428 4128 lectio-

110 4196 246 4241 nem
288 4180 701 4259 adjecimus,
726 4183 930 4263 idque
966 4186 1382 4264 potissimum
1442 4206 1588 4249 cum
1641 4196 1916 4268 utraque
1970 4184 2235 4247 defendi
2272 4188 2492 4262 posset
2528 4202 2543 4240 :
2579 4176 2795 4257 priore
2834 4171 3105 4251 quidem
3138 4170 3205 4229 iu
3242 4174 3422 4228 textu

108 4276 354 4351 relicta,
387 4278 512 4338 sed
552 4276 931 4360 huiusmodi
966 4282 1140 4345 notis
1170 4286 1257 4361 ἦ]
1294 4284 1550 4347 inclusa
1588 4331 1604 4361 ,
1670 4303 1871 4365 penes
1943 4285 2249 4347 lectorem
2302 4278 2631 4360 judicium
2680 4273 3157 4351 relinquentes,
3214 4271 3425 4327 utram

105 4377 287 4455 sequi
328 4374 558 4437 malit.
597 4398 625 4430 ιο

175 4504 393 4563 Nemo
431 4500 593 4562 hinc
636 4518 763 4563 non
818 4503 1155 4583 intelligit,
1223 4507 1401 4588 quod
1442 4509 1824 4587 peritissimi
1866 4510 1985 4569 viri
2020 4506 2650 4572 animadverterunt,
2687 4494 3119 4561 necessariam
3152 4501 3425 4568 prorsus

105 4616 237 4661 esse
270 4616 438 4661 cum
476 4614 639 4659 mss.
670 4599 1011 4663 codicibus
1044 4601 1490 4669 collationem.
1519 4608 1587 4668 In
1622 4606 1789 4669 hanc
1841 4608 2284 4668 Basileensem
2337 4601 2494 4663 anni
2533 4597 2684 4661 15ὃᾶ
2715 4594 3077 4658 editionem
3112 4588 3427 4650 Observa-

105 4699 325 4769 tiones,
367 4698 859 4772 correctiones,
916 4709 977 4759 et
1038 4702 1438 4784 conjecturas
1500 4705 1569 4765 in
1638 4705 2175 4784 Theophylartum
2223 4698 2547 4778 Bulgaria:
2599 4692 3150 4771 archiepiscopum
3193 4684 3429 4746 Graece

105 4794 242 4869 ﬁdei
266 4795 693 4868 restitutum,
725 4812 899 4857 anno
933 4799 1089 4860 1677
1114 4800 1400 4880 vulgavit
1432 4802 2064 4882 Romaa,sumptibus
2103 4800 2315 4866 Pontii
2356 4795 2755 4867 Bernardon,
2802 4789 3066 4853 Latinus
3106 4783 3423 4853 Latinius,

106 4891 595 5051 igiterbiensi's,
630 4892 699 4954 in
740 4893 1139 4958 Bibliotheca
1162 4917 1345 4960 sacra
1373 4910 1432 4961 et
1459 4904 1762 4981 profana,
1799 4919 1939 4981 pag.
1984 4898 2149 4973 18h;
2218 4896 2359 4959 alim
2409 4902 2657 4957 textum
2699 4893 3018 4970 spectant,
3081 4901 3184 4945 res
3242 4881 3425 4961 ipsas

106 4991 449 5051 ilrstrant
479 5008 513 5050 a
552 4987 653 5050 iac.

105 4990 449 5053 illustrant
479 4987 653 5050 aliae.

172 5113 276 5173 36.
310 5110 611 5173 Lutetiae
643 5110 1036 5174 Parisiorum
1069 5114 1243 5191 apud
1273 5116 1572 5178 Carolum
1629 5116 1995 5189 Moralium,
2025 5117 2129 5178 via
2151 5113 2469 5187 Jacobwa,
2529 5108 2613 5170 ad
2664 5108 2913 5184 insigne
2964 5100 3190 5163 Fontis
3242 5096 3423 5167 163i,

110 5212 187 5281 F.,
220 5228 383 5272 cum
424 5210 658 5271 Graeco
696 5215 878 5270 textu
904 5209 1035 5288 jam
1094 5212 1247 5272 olim
1308 5216 1523 5275 Romae
1576 5233 1851 5287 excuso,
1916 5226 1978 5276 et
2025 5230 2171 5276 cum
2230 5210 2452 5274 Latina
2492 5207 2796 5271 versione
2836 5220 2867 5263 a
2903 5199 3205 5276 Philippo
3238 5196 3427 5255 Mou-

108 5320 243 5369 tano
308 5303 696 5383 recognita,
757 5307 1145 5383 prodierunt
1211 5310 1672 5390 Theophylacti
1735 5315 2194 5377 Commentarii
2277 5313 2348 5372 in
2419 5317 2696 5389 quatuor
2750 5298 3123 5380 Evangelia.
3198 5288 3425 5355 Carolo

109 5404 540 5484 AibaSpiumo
579 5413 951 5481 nuncupata
985 5405 1190 5466 editio
1216 5416 1337 5469 est.
1375 5389 1872 5474 Prmfatiuncula
1907 5412 1982 5473 ad
2015 5412 2325 5473 lectorem
2381 5412 2606 5473 eadem
2639 5402 2947 5474 occurrit,
2998 5412 3148 5475 qum
3191 5389 3428 5470 legitur

111 5505 161 5562 in
199 5506 509 5562 Romana
542 5499 833 5561 editione
869 5523 887 5560 :
934 5518 1005 5562 ac
1039 5518 1194 5563 sane
1249 5505 1625 5579 ridiculum,
1685 5517 1752 5569 ut
1809 5510 2144 5570 Simonius
2195 5510 2588 5580 observavit,
2652 5522 2731 5567 eo
2772 5504 2892 5564 loci
2949 5499 3062 5562 ubi
3124 5491 3307 5557 Pauli
3339 5490 3427 5551 Ill

112 5604 326 5663 tandes
367 5599 829 5668 celebrantur,
872 5600 1322 5664 Morelliorum
1359 5622 1593 5667 nomen
1660 5608 2088 5670 substitutum
2156 5608 2389 5681 fuisse,
2426 5607 2539 5687 qui
2603 5605 2666 5665 id
2739 5618 2941 5663 unum
3002 5604 3301 5678 egerunt,
3359 5596 3427 5651 ut

111 5708 362 5763 Graecus
402 5708 633 5760 textus
665 5701 889 5761 llomm
927 5699 1287 5777 impressus
1323 5706 1770 5768 recuderetur.
1808 5705 2235 5785 luterpolatio
2270 5708 2364 5769 sic
2409 5706 2596 5773 habet
2634 5726 2646 5763 :
2688 5727 2713 5758 ‹‹
2755 5702 2948 5763 Plane
3002 5696 3124 5757 hoc
3178 5690 3428 5754 beneﬁ-

113 5802 261 5860 cium
301 5808 927 5880 quantumcunque
985 5805 1105 5870 est,
1161 5802 1336 5877 quod
1396 5813 1569 5865 certe
1632 5805 1988 5866 maximum
2054 5816 2172 5878 est,
2210 5805 2629 5868 Morellorum
2666 5797 2888 5860 virtuti
2921 5795 3221 5856 debetur.
3294 5788 3428 5849 i'iri

114 5902 329 5979 gasippe
358 5897 776 5975 benignitate
811 5896 1120 5973 insignes,
1153 5897 1233 5957 ad
1282 5901 1650 5977 reipublicm
1679 5901 2025 5963 utilitatem
2059 5915 2116 5961 et
2154 5900 2475 5961 commoda
2508 5899 2677 5971 nati,
2705 5904 2969 5959 veterem
3009 5884 3385 5951 rensuetudi
3407 5918 3421 5931 -
