3966 6420
118 423 167 484 ιι
954 411 1053 472 DE
1090 406 1675 472 THEOPHYLACTI
1719 405 1997 467 GESTIS
2036 404 2133 467 ET
2174 404 2543 469 SCRIPTIS.
3354 413 3424 476 42

114 536 445 607 άεοετρίοδ
486 524 853 606 aliquando
916 522 1147 593 fuisse,
1206 519 1481 581 dubium
1541 514 1800 577 nullum
1835 531 1979 574 esse
2038 515 2229 577 debet
2267 536 2282 575 :
2315 532 2460 577 eum
2506 513 2915 595 perantiquis
2963 516 3025 577 in
3082 516 3417 598 aliquibus

114 626 381 699 Catenis,
416 624 785 686 adnotante
820 619 1113 682 Simonio
1155 633 1293 695 pag.
1328 615 1468 683 ΙιΟΟ,
1504 612 1710 692 plura
1743 611 2182 682 otl‘endantur,
2236 631 2384 689 qum
2423 614 2732 674 similiter
2787 615 2959 691 apud
3000 614 3419 697 Τὴεοριη-ια,

113 735 263 787 ctum
299 728 698 785 occurrunt.
745 714 1368 781 Commentariorum
1413 712 1555 791 ejus
1589 712 1659 771 in
1706 709 2119 787 Evangelium
2171 710 2444 771 Joannis
2502 710 2690 771 affert
2742 710 3045 773 laudatus
3087 713 3423 778 Simonius

111 822 413 890 codicem.
449 818 559 879 his
602 816 994 894 inscriptum
1020 811 1235 873 verbis
1271 828 1283 871 :
1330 818 1636 888 Ἐρμηνεία

1860 814 1981 882 γίου
2042 832 2146 885 μου
2188 814 2461 870 δεσπότου
2520 816 2617 870 καὶ
2664 816 2933 872 αὐθέντου
2985 823 3420 893 μακαριωτάτου

112 916 547 987 summano
612 910 789 983 κυροῦ
843 909 1251 977 Θεοφυλὰκτου,
1285 905 1608 959 συντεθεῖσα
1660 908 1725 957 ὲκ
1766 904 2043 974 διαφόρων
2088 904 2265 971 ἁγίων
2318 906 2400 969 εἰς
2445 907 2507 958 τὸ
2548 906 2695 959 κατὰ
2749 907 3013 979 Ἰωάννην
3058 910 3419 979 Εὑαγγέλιον,

114 1004 566 1083 lnterpretatio
604 999 818 1060 sancti
847 997 1088 1059 domini
1129 996 1245 1055 mei
1277 1004 1335 1054 et
1367 994 1651 1053 auctoris
1689 992 1857 1055 beati
1890 995 2363 1074 archiepiscopi
2403 996 2648 1058 domini
2684 998 3164 1077 Theophylacti,
3200 1004 3419 1082 confe-

110 1112 190 1161 cta
220 1118 302 1160 ex
335 1097 626 1159 diversis
668 1103 1039 1155 sanctorum
1070 1090 1392 1170 operibus,
1430 1092 1499 1150 in
1530 1090 1946 1167 Ecangelium
1988 1093 2197 1152 sancti
2222 1094 2519 1156 Joannis.
2558 1094 2853 1157 Titulum
2901 1098 3112 1157 sancti
3155 1105 3216 1159 et
3254 1098 3424 1161 beati

110 1203 531 1269 praenotatum
567 1212 605 1257 a
650 1195 875 1257 Graeco
920 1189 1182 1251 librario
1215 1188 1655 1250 animadverte
1692 1208 1708 1249 :
1742 1203 1815 1248 ac
1855 1189 2061 1264 disce,
2102 1190 2560 1270 hujuscemodi
2595 1193 2821 1255 titulos
2858 1195 2924 1256 in
2965 1195 3194 1258 oculos
3228 1199 3420 1260 etiam

109 1293 423 1355 Francisci
487 1288 901 1361 Combeﬁsii,
960 1286 1076 1366 qui
1132 1285 1391 1349 codices
1441 1283 1773 1358 lustrabat,
1828 1284 2122 1349 incidere
2175 1288 2495 1368 potuisse,
2531 1305 2601 1352 ac
2642 1307 2751 1352 eas
2788 1299 3097 1370 praeterea
3134 1310 3327 1357 voces
3363 1300 3421 1353 tv

105 1400 284 1469 ἁγίοις.
324 1392 501 1453 Vide
537 1407 608 1451 n.
640 1390 747 1451 36.

165 1488 260 1549 39.
314 1486 691 1566 Allegoriis
727 1482 1255 1564 TheOphylactus
1292 1480 1600 1541 abundat.
1631 1480 1967 1542 Iudicium
2001 1479 2124 1544 fert
2158 1483 2709 1561 OEcolampadius
2738 1502 2852 1549 sua
2892 1487 2954 1548 in
2988 1486 3371 1551 Praafatione
3401 1512 3417 1551 :

104 1614 120 1641 ιι
156 1589 222 1648 In
253 1585 641 1665 allegoriis,
707 1582 1052 1662 inquiens,
1103 1581 1223 1643 etsi
1275 1596 1408 1642 non
1460 1579 1710 1658 ubique
1747 1578 2027 1653 solidus,
2062 1580 2400 1660 jucundus
2450 1591 2664 1645 tamen
2706 1590 2827 1647 est.
2875 1608 2904 1642 ιο
2954 1584 3055 1647 Sic
3095 1585 3291 1648 etiam
3331 1588 3420 1649 ait

100 1684 300 1746 Sixtus
337 1680 675 1746 Senensis
712 1682 856 1743 loco
887 1679 1081 1740 citato
1134 1698 1177 1739 ε·
1203 1699 1232 1734 κ
1292 1675 1657 1755 Allegorias
1692 1692 1984 1756 quoque,
2020 1694 2169 1740 cum
2208 1686 2319 1741 aut
2366 1680 2609 1754 nullas,
2661 1688 2772 1744 aut
2807 1699 2981 1745 raras
3014 1684 3187 1760 apud
3222 1686 3419 1763 Chry-

100 1789 458 1843 sostomum
493 1778 893 1852 invenisset;
940 1793 1023 1838 ex
1057 1774 1330 1837 aliorum
1364 1772 1852 1837 commentariis
1900 1774 2258 1853 supplevit,
2304 1785 2366 1840 et
2399 1778 2540 1840 suis
2581 1778 2744 1841 locis
2778 1779 3117 1858 aptissime
3170 1798 3421 1844 accom-

100 1877 404 1938 modavit.
454 1900 487 1933 ιι

163 1973 255 2034 Ex
288 1973 396 2035 his
441 1970 805 2049 irrepsisse
845 1969 1192 2048 plerasque
1231 1966 1301 2028 in
1350 1972 1596 2029 textum
1632 1984 1711 2029 ex
1746 1970 2016 2034 sclioliis
2053 1972 2544 2051 marginalibus,
2594 1973 2857 2051 putabat
2894 1973 3234 2038 Simonius
3271 1972 3417 2037 loco

103 2070 333 2148 saepius
372 2070 605 2142 citato,
647 2085 786 2147 pag.
820 2067 964 2128 392.
996 2066 1074 2125 V.
1110 2081 1169 2143 g.
1203 2064 1325 2125 sub
1357 2062 1623 2125 initium
1658 2065 2111 2133 Commentarii
2145 2088 2340 2151 super
2378 2071 2770 2144 Matthamm,
2807 2078 3094 2152 quatuor
3134 2070 3417 2147 legimus

100 2165 449 2245 Evangelia
490 2165 740 2243 scripta
792 2179 965 2237 esse,
1005 2184 1033 2215 α
1074 2159 1176 2222 vel
1232 2158 1385 2222 ideo
1434 2162 1590 2239 quia
1643 2173 1925 2241 quatuor
1975 2168 2249 2230 virtutes
2285 2167 2700 2230 universales
2750 2186 2830 2229 ex
2872 2168 2970 2231 eis
3013 2170 3415 2231 discimus...

100 2266 293 2343 Atque
328 2264 543 2326 etiam
576 2262 704 2323 alia
741 2263 1015 2333 ratione,
1046 2264 1387 2337 prepterea
1421 2258 1597 2336 quod
1632 2260 1753 2323 ista
1786 2264 2015 2326 mundi
2050 2271 2204 2327 sunt
2237 2264 2638 2328 columnae...
2679 2268 2751 2327 Et
2775 2266 2900 2328 alia
2936 2266 3087 2327 item
3137 2266 3417 2335 ratione,

98 2360 401 2438 quoniam
455 2368 754 2439 quatuor
810 2358 943 2420 huic
996 2353 1543 2431 complectuntur,
1602 2356 1926 2436 dogmata,
1985 2370 2327 2442 praecepta,
2392 2362 2603 2423 minas
2662 2368 2725 2424 et
2812 2361 3413 2440 pollicitationes.»

96 2458 275 2538 Atqui
325 2474 521 2530 vero,
586 2457 885 2520 Simonio
918 2460 1105 2527 teste,
1166 2452 1370 2514 codex
1428 2453 1611 2517 adest
1665 2457 1733 2518 in
1778 2458 2131 2521 Parisiensi
2170 2458 2372 2538 Regia
2413 2457 2845 2534 Bibliotheca,
2904 2459 3015 2520 ubi
3066 2458 3414 2537 allegorica

95 2556 240 2616 ratio
271 2556 491 2618 altera
541 2571 616 2618 ac
652 2554 841 2616 tertia
876 2551 1335 2614 desiderantur
1372 2571 1389 2610 :
1431 2557 1492 2613 et
1523 2552 1705 2613 adest
1737 2554 1931 2629 alius,
1969 2554 2037 2616 in
2078 2573 2210 2634 quo
2255 2574 2374 2618 nec
2413 2556 2615 2634 prima
2648 2573 2768 2618 nec
2805 2557 2989 2619 tertia
3035 2571 3413 2628 occurrunt,

95 2658 464 2737 tegiturque
507 2654 713 2716 altera
753 2660 1033 2715 tantum.
1084 2653 1604 2731 Manuscriptum
1668 2651 1736 2713 in
1808 2650 2242 2730 evangelistas
2298 2651 2754 2733 Theophylacti
2807 2653 3157 2731 Prologum
3192 2653 3317 2714 vidi
3356 2663 3419 2713 et

91 2772 220 2832 ego,
262 2772 347 2817 ex
395 2754 706 2816 Caesareo
738 2749 1233 2812 Vindobonensi
1289 2749 1516 2812 codice
1566 2747 1994 2826 descriptum,
2055 2748 2122 2810 in
2179 2767 2313 2829 quo
2366 2750 2681 2829 allegoria
2725 2769 2807 2813 ex
2860 2760 3145 2830 quatuor
3186 2752 3417 2812 mundi

94 2850 374 2929 partibus
420 2851 783 2924 desumpta
820 2862 951 2907 non
986 2845 1280 2909 habetur.
1324 2848 1515 2908 Hunc
1550 2851 1861 2907 memorat
1906 2847 2197 2909 codicem
2256 2848 2593 2909 Nesselius
2628 2848 2694 2909 in
2737 2846 3071 2927 Catalogo,
3110 2856 3289 2926 parte
3328 2867 3414 2919 ιν,

92 2966 141 3010 n.
176 2950 318 3009 271.
364 2948 559 3008 Hanc
612 2944 911 3005 eamdem
965 2942 1471 3022 prastermittunt
1500 2941 1880 3021 allegoriam
1920 2944 2149 3007 Veneti
2190 2943 2453 3007 codices
2487 2944 2804 3006 Marciani
2846 2944 3003 3017 duo,
3042 2945 3417 3009 tricesimus

91 3064 149 3108 ac
178 3045 570 3109 tricesimus
627 3043 880 3122 primus
924 3059 940 3100 :
984 3042 1279 3121 adeoque
1321 3039 1701 3111 huiusmodi
1762 3037 2092 3120 allegorim
2137 3041 2537 3121 multiplices
2575 3042 2644 3103 in
2700 3042 2822 3107 hoc
2856 3041 2999 3105 loco
3038 3051 3103 3106 et
3149 3043 3218 3106 in
3264 3044 3417 3107 aliis

92 3150 403 3221 suspectas
435 3140 769 3203 evadunt.
800 3137 1050 3212 Quidni
1081 3152 1234 3199 vero
1272 3137 1352 3199 de
1383 3136 1682 3199 codicum
1735 3140 1954 3215 potius
1987 3139 2491 3220 imperiectione
2524 3148 2635 3203 aut
2669 3142 3087 3205 mutilatione
3127 3162 3213 3207 ex
3246 3146 3420 3208 osci-

94 3242 274 3303 tantia
338 3239 726 3302 scribarum
786 3235 1255 3315 suspicandum
1315 3234 1557 3297 fuerit?
1603 3236 1872 3300 Rectum
1936 3239 2293 3316 pendetoex
2332 3248 2629 3301 accurata
2663 3248 3073 3307 vetustorum
3127 3242 3415 3321 plurium

92 3339 407 3413 codicum,
444 3344 516 3399 et
554 3338 744 3399 bona;
781 3343 973 3405 notua,
998 3334 1349 3414 judicium.

157 3437 253 3499 £0.
301 3437 385 3498 In
430 3433 623 3496 hisce
658 3432 1161 3495 Commentariis
1214 3431 1354 3494 suis
1408 3447 1539 3493 non
1575 3446 1775 3511 pauca
1828 3436 2158 3491 auctorem
2212 3431 2481 3510 prOprio
2518 3438 2717 3495 marte
2752 3432 3143 3508 inseruisse,
3184 3442 3295 3497 aut
3346 3436 3415 3496 in

96 3536 372 3610 ipsarum
438 3533 992 3610 interpretatione
1055 3528 1565 3601 Scripturarum,
1623 3535 1732 3588 aut
1786 3527 1851 3588 in
1897 3527 2203 3590 vindiciis
2262 3536 2450 3591 rectae
2502 3520 2653 3590 iidei
2705 3531 3051 3592 adversum
3110 3533 3413 3603 hmreses.

93 3649 234 3709 quas
264 3629 785 3711 opportunitate
820 3629 962 3690 data
1010 3632 1320 3690 memorat
1358 3642 1431 3688 ac
1468 3622 1729 3700 refellit,
1757 3624 2194 3687 dubitandum
2229 3642 2359 3689 non
2387 3634 2504 3688 est.
2546 3627 2713 3689 Hinc
2748 3628 2943 3689 etiam
2979 3629 3414 3693 Combeﬁsius

94 3730 144 3789 in
180 3746 315 3791 suae
352 3723 788 3788 Bibliotheca:
816 3725 1311 3786 concionatorite
1341 3720 1723 3785 auctoribus
1758 3720 2106 3783 recensitis
2140 3721 2445 3784 admonet
2476 3723 2744 3801 [XVIII]
2774 3724 2956 3803 plura
2990 3742 3059 3787 se
3091 3744 3168 3787 ex
3205 3727 3416 3789 Theo-

98 3825 383 3905 Phylacto
419 3821 801 3885 inseruisse
834 3822 1049 3883 eidem
1085 3819 1528 3893 Βίωίοιιιροιε,
1584 3839 1613 3873 α
1657 3818 1767 3880 ubi
1807 3820 2163 3898 praesertim
2205 3822 2301 3883 vel
2340 3822 2789 3902 Chrysostomi
2829 3826 3161 3906 expositio
3200 3828 3411 3899 deest,

96 3926 174 3986 vel
222 3926 369 4003 ipse
427 3921 731 3984 abundat
773 3943 801 3976 ι
832 3920 1366 3999 archiepiscOpus
1406 3916 1752 3997 Bulgaria).
1808 3917 2175 3984 Peculiares
2219 3918 2484 3981 demum
2518 3920 2802 3999 aliquas,
2844 3942 2991 4003 qua)
3024 3926 3197 4004 apud
3238 3928 3417 3989 Grae-

92 4038 180 4083 cos
213 4020 681 4088 invaluerant,
719 4017 943 4079 minus
982 4016 1048 4079 in
1088 4016 1416 4095 theologia
1460 4014 1782 4094 probatas,
1847 4013 2263 4091 amplectitur
2306 4016 2641 4078 doctrinas
2680 4041 2693 4078 :
2730 4031 3081 4101 movetqne
3143 4033 3410 4085 contro-

94 4120 318 4183 versias
353 4122 561 4181 aetate
600 4129 721 4175 sua
762 4114 1076 4195 vigentes.
1111 4113 1482 4192 Specimina
1518 4111 1817 4173 dabimus
1858 4109 2045 4171 infra.

1694 4306 1800 4367 Χῐ.

90 4458 629 4546 Γοπιπιεηεᾳνςίατη
680 4455 749 4515 in
799 4458 959 4546 Acta
1004 4457 1692 4546 apostolorumAGra'ce
1729 4471 1805 4546 _et
1843 4459 2068 4546 La_tine
2097 4463 2385 4546 vulgavit
2418 4462 2811 4546 Laurentius
2847 4466 3136 4546 Si/anius
3170 4492 3189 4529 .·
3229 4472 3413 4535 codi-

155 4536 648 4622 ces,__ed_itio_nes
679 4554 751 4595 ac
787 4536 1099 4622 specimen
1137 4543 1373 4622 operis.
1416 4537 1883 4622 Christophoro
1905 4541 2187 4622 Porsena
2210 4536 2583 4622 interprete,
2621 4543 2869 4622 prodiit
2901 4536 3409 4613 Commentarius

154 4620 218 4678 in
260 4613 623 4696 Epistolas
656 4613 863 4696 sancti
892 4614 1083 4678 Pauli
1128 4613 1241 4678 sub
1291 4618 1545 4677 nomine
1579 4613 1937 4693 Athanasii,
1960 4622 2205 4682 scilicet
2238 4613 2690 4684 Alexandrini.
2727 4621 3021 4685 Latinam
3056 4630 3410 4689 versionem

154 4692 648 4781 recognoscant
675 4692 1025 4781 Lonicerus
1061 4706 1115 4781 et
1162 4698 1509 4757 Montanus
1538 4716 1610 4756 ac
1636 4700 2113 4781 ‘Theophylacto
2153 4718 2312 4781 opus
2341 4700 2740 4781 adjudicant.
2793 4704 3049 4765 Tribuit
3084 4706 3252 4768 illud
3287 4708 3407 4769 La-

153 4773 359 4840 tinius
398 4773 766 4856 4thanasio
803 4774 1111 4856 Byzantio
1156 4796 1174 4833 :
1205 4793 1338 4856 quae
1369 4776 1687 4836 sententia
1725 4773 2053 4856 refutatur
2086 4773 2373 4841 codicum
2410 4773 2685 4841 maxime
2716 4786 3127 4845 auctoritate.
3178 4788 3404 4849 Eriitio

149 4852 658 4919 Greco-Latina
690 4850 1110 4915 Londinensis
1144 4876 1161 4922 ;
1201 4850 1395 4935 deque
1434 4856 1573 4934 ipso
1618 4850 2085 4919 Commentario
2117 4858 2465 4938 judicium.

153 5009 245 5068 tt.
299 5009 402 5068 Ex
446 5002 685 5066 codice
715 5002 873 5065 olim
921 5002 1191 5064 Joannis
1241 5001 1564 5075 Sambuci,
1610 5012 1829 5082 postea
1872 5007 2163 5070 Caesareo
2209 5008 2734 5084 Vindobonensi,
2771 5014 2884 5089 qui
2922 5016 3095 5094 apud
3134 5020 3404 5081 Lambe-

92 5106 241 5165 cium
309 5104 500 5165 libro
538 5117 579 5161 v
613 5099 1191 5196 numeratur_222,
1242 5100 1485 5177 prodiit
1557 5102 2037 5179 Theophylacti,
2097 5103 2389 5166 Achridw
2423 5105 2492 5166 in
2536 5105 2849 5186 Bulgaria
2904 5112 3403 5196 archiepiscopi,

98 5200 436 5281 Expositio
478 5200 553 5259 in
591 5196 748 5257 Acta
779 5194 1240 5277 apostolorum,
1276 5197 1494 5259 Grtrce
1527 5206 1588 5258 et
1632 5199 1884 5272 Latine,
1928 5200 2150 5262 studio
2184 5209 2245 5262 et
2292 5219 2485 5280 Opera
2521 5205 2855 5266 Laurentii
2895 5207 3125 5271 Sifanii
3168 5194 3409 5275 Pruns-

95 5296 251 5371 ieldi,
289 5298 353 5358 J.
416 5296 495 5356 U.
541 5296 646 5366 D.,
682 5293 963 5355 Colonia:
988 5294 1159 5373 apud
1186 5293 1455 5355 hwrcdes
1492 5295 1765 5358 Arnoldi
1810 5298 2219 5359 Birckmanni
2250 5319 2416 5361 anno
2470 5299 2644 5376 1567,
2686 5302 2798 5364 fol.
2844 5306 3141 5370 Prmfatio
3171 5308 3407 5390 legitur

94 5394 167 5454 Ad
198 5394 466 5455 nobiles
506 5401 569 5451 et
614 5408 955 5469 generosos
1003 5392 1366 5469 magniﬁcos
1425 5394 1619 5466 viros,
1676 5394 1962 5456 dominos
2014 5398 2304 5457 Marcum
2343 5406 2397 5457 et
2431 5399 2745 5460 Joannem
2778 5402 3107 5481 Fuggeros
3138 5408 3403 5485 fratres,

92 5494 336 5554 Antonii
356 5489 575 5570 ﬁlios,
615 5488 1029 5566 Kirchbergw
1057 5498 1113 5549 et
1165 5489 1633 5553 Weissenborni
1662 5492 1965 5554 barones.

150 5592 390 5652 Praeter
447 5587 634 5649 hunc
668 5586 1273 5661 Vindobonensem,
1330 5596 1642 5650 memorat
1695 5591 2065 5655 Bernartius
2124 5594 2656 5659 Montfauconius
2706 5601 3078 5665 Mediceum
3120 5607 3407 5667 Lauren-

92 5688 694 5775 tiannmpodicem,
740 5686 806 5748 in
865 5685 1255 5747 Bibliotheca
1306 5685 1833 5750 bibliothecarum
1886 5709 2034 5751 mss.
2091 5690 2324 5755 Nullus
2360 5694 2529 5771 apud
2593 5695 3086 5779 bibliographos
3119 5682 3403 5767 occurrit

93 5788 216 5849 mihi
248 5787 468 5857 alius,
512 5784 631 5864 qui
668 5783 1269 5882 eumdempraastet
1306 5786 1841 5850 Commentarium
1878 5811 1895 5848 :
1940 5806 2057 5851 nec
2094 5790 2301 5854 ullum
2343 5793 2630 5871 reperire
2665 5813 2733 5857 se
2771 5798 3064 5875 potuisse
3099 5800 3162 5861 in
3199 5802 3401 5882 Regia

94 5885 426 5949 Parisiensi
466 5882 909 5949 Bibliotheca,
948 5880 1279 5943 Simonius
1324 5891 1615 5945 testatur.

447 5992 730 6053 Ρλτκοιη
779 5990 899 6048 tia.
949 5986 1234 6049 CXXlll.

2984 6005 3022 6062 2
