3966 6402
641 431 715 500 63
1454 435 1684 500 BERN.
1726 434 1997 498 MARUE
2037 435 2134 498 DE
2176 434 2463 498 RUBEIS
2506 433 3016 505 DISSERTATIO
3828 426 3895 493 ιι

732 543 1297 623 ιειίηαωίίαιηιιη]
1332 544 1682 607 editionem
1714 543 1815 606 his
1844 542 2243 604 Possevinus
2280 561 2298 603 π

2326 542 2491 605 ernis
2523 550 2829 611 memorat
2863 561 2929 608 ll]
2962 543 3300 631 Apparatu
3332 558 3541 616 sacro,
3585 545 3758 604 tomo
3789 539 3843 602 ll
3878 559 3892 598 :

649 663 681 696 α
712 640 1165 703 Enarrationes
1211 656 1364 704 vero
1396 641 1459 703 in
1492 642 1645 704 Acta
1682 639 2200 716 apostolorum...
2238 639 2460 702 Latine
2494 638 2795 720 Philippo
2834 641 3143 703 Montano
3174 647 3235 701 et
3269 638 3619 701 Laurentio
3656 634 3898 700 Sifanio

648 728 1137 820 interpretibus,
1167 754 1336 817 anno
1363 738 1538 813 1570,
1580 736 1870 800 Basileae.
1912 760 1938 793 ιο
1970 736 2241 799 Fallitur
2281 736 2380 798 vir
2409 738 2661 801 doctus.
2716 725 3111 803 Basileensis
3145 735 3277 798 haec
3306 735 3458 798 anni
3501 736 3656 797 1570
3701 734 3899 797 editio

648 831 931 907 in-folio,
964 846 1109 915 quae
1139 833 1375 914 prodiit
1406 854 1493 913 ea:
1519 834 1774 914 amcitia
1815 835 2220 913 Hervagiana
2264 853 2385 914 per
2418 833 2760 897 Eusebium
2804 833 3239 913 EpiscOpium,
3290 849 3420 896 non
3454 830 3901 910 complectitur

647 932 858 993 solum
911 928 1369 994 Enah'ationes
1423 932 1876 1012 Theophylacti
1914 932 1981 994 in
2040 930 2200 993 Acta
2242 932 2704 1011 apostolorum,
2745 948 2971 995 verum
3032 930 3222 991 etiam
3266 928 3782 992 Commentarios
3836 930 3905 991 in

648 1025 993 1107 Evangelia
1022 1034 1085 1095 et
1128 1030 1196 1090 in
1244 1027 1571 1108 Epistolas
1624 1029 1857 1101 Pauli,
1899 1034 1962 1095 et
2018 1028 2087 1092 in
2137 1036 2408 1109 quatuor
2440 1029 2791 1108 prophetas
2820 1029 3115 1102 minores,
3153 1044 3225 1089 ac
3276 1026 3416 1088 loco
3481 1033 3809 1105 postremo
3840 1026 3905 1087 in

646 1124 803 1186 Acta
856 1121 1314 1205 apostolorum.
1353 1126 1448 1187 Ad
1492 1120 1776 1204 Philippi
1810 1122 2109 1191 Montani
2149 1141 2363 1189 curam
2404 1142 2797 1204 Operamque
2858 1142 2985 1188 una
3018 1131 3262 1205 spectat
3298 1123 3801 1187 Enarrationum
3837 1122 3898 1183 in

646 1221 992 1302 Evangelia
1025 1222 1180 1284 etin
1216 1220 1533 1301 Epistolas
1575 1221 1758 1285 Pauli
1812 1219 2176 1302 recognitio
2217 1230 2281 1284 et
2312 1224 2681 1287 emendatio
2717 1245 2731 1285 :
2772 1223 2887 1285 sed
2922 1242 3093 1287 unus
3140 1232 3236 1286 est
3276 1221 3905 1285 Commentariorum

646 1339 711 1383 in
745 1319 1090 1401 prOphetas
1124 1320 1441 1399 interpres
1461 1304 1752 1386 ﬂoannes
1782 1320 2137 1386 Lonicerus
2174 1345 2187 1382 :
2222 1339 2293 1384 ar.
2322 1322 2519 1384 unius
2551 1322 2745 1383 etiam
2786 1320 3118 1383 Laurentii
3154 1319 3378 1383 Sifanii
3412 1320 3636 1381 Latina
3687 1317 3905 1381 versio

648 1418 1140 1498 Expositionum
1171 1418 1241 1479 in
1268 1418 1965 1499 eademapostolorum
1995 1424 2169 1482 Acta.
2200 1421 2365 1482 Hinc
2390 1419 2633 1481 ibidem
2665 1418 2894 1481 titulus
2928 1428 3022 1481 est
3058 1443 3071 1480 :
3112 1416 3561 1498 Theophylacli
3582 1412 3905 1495 Bulgaria

643 1512 1112 1595 archiepiscopi
1144 1508 1627 1595 Explicatio‘nes
1658 1519 1726 1578 in
1761 1516 1921 1580 Acta
1949 1517 2406 1596 apostolorum,
2444 1517 2687 1578 concise
2731 1534 2803 1576 ac
2841 1514 3117 1578 breviter
3152 1534 3232 1576 ea:
3265 1515 3569 1577 Patribus
3603 1511 3905 1586 collectae,

642 1610 989 1676 Laurentio
1031 1610 1278 1691 Silanio
1322 1610 1731 1694 Prunsfeldio
1768 1615 1831 1676 J.
1873 1615 1941 1676 U.
1975 1601 2051 1675 Ι).
2088 1616 2459 1695 interprete.

722 1709 1048 1772 Collectus
1081 1728 1159 1771 ea:
1191 1709 1492 1774 Patribus
1524 1711 2040 1774 Commentarios
2070 1711 2312 1774 dicitur
2346 1736 2358 1774 :
2393 1714 2657 1794 ipsique
2683 1712 2946 1792 proprio
2968 1712 3380 1791 appellantur
3406 1710 3668 1774 nomine
3693 1710 3905 1789 Chry-

640 1814 976 1879 sostomus,
1017 1806 1348 1885 Didymus,
1380 1805 1670 1882 Severus,
1703 1808 2100 1883 Severianus,
2139 1808 2441 1889 Cyrillus.
2481 1810 2821 1889 Prologus,
2862 1811 2973 1890 qui
3016 1794 3391 1888 praemissus
3422 1810 3602 1888 Operi
3639 1814 3905 1883 prostat,

641 1903 816 1966 idem
853 1909 948 1966 est
978 1920 1049 1965 ac
1078 1904 1347 1967 Joannis
1378 1903 1825 1983 Chrysostomi
1886 1905 2194 1986 prologus
2230 1927 2245 1966 :
2284 1907 2455 1969 unde
2509 1922 2673 1985 Opus
2712 1904 3191 1985 hujuscemodi,
3228 1906 3403 1986 quod
3451 1905 3529 1967 ab
3574 1906 3720 1985 ipso
3753 1923 3905 1968 san.

642 2000 932 2063 ctissimo
994 2000 1131 2063 viro
1189 2000 1585 2082 abjudicavit
1644 2002 1975 2077 Erasmus,
2033 2004 2395 2083 genuinum
2452 2003 2676 2083 probat
2727 2002 2939 2081 ipsius
2998 2002 3464 2083 TheOphylacti
3526 2004 3905 2067 auctoritas.

644 2094 1085 2161 Prml’ationem
1118 2096 1388 2177 consule
1424 2097 1647 2161 Savilii
1702 2107 1763 2161 et
1809 2094 2303 2164 Montfanconii.
2330 2102 2654 2165 Minorem
2709 2101 3090 2164 adhibuisse
3127 2102 3647 2182 TheOphylactus
3678 2103 3749 2167 in
3796 2102 3905 2167 hae

643 2190 1132 2259 elucubratione
1163 2194 1592 2273 diligentiam,
1620 2210 1691 2257 ac
1720 2196 1965 2258 caeteris
1995 2195 2059 2256 in
2080 2197 2592 2272 Commentariis,
2622 2198 2801 2260 visus
2834 2206 2924 2259 est
2950 2198 3265 2262 Richardo
3284 2199 3579 2265 Simonio
3606 2221 3621 2261 :
3648 2216 3722 2264 ac
3753 2217 3905 2265 sane

643 2282 812 2354 inter
842 2293 1109 2355 Catenas
1145 2290 1361 2370 potius
1415 2292 1786 2354 collocanda
1818 2294 2094 2367 videtur,
2139 2294 2201 2356 in
2234 2294 2471 2375 quibus
2497 2294 2908 2357 diversorum
2941 2293 3185 2357 scholia
3209 2295 3634 2375 colliguntur.
3669 2299 3905 2361 Codice

644 2389 861 2451 Graeco
895 2406 1055 2455 usus
1089 2397 1183 2453 est
1237 2386 1523 2452 Sil‘anius
1574 2388 1831 2466 mutilo,
1879 2391 2243 2470 erratisque
2273 2398 2559 2454 scatente
2598 2413 2612 2451 :
2650 2390 2922 2470 ipsaque
2954 2392 3097 2455 loca
3142 2391 3369 2455 mutila
3401 2399 3463 2459 et
3493 2405 3800 2472 corrupta
3839 2410 3905 2458 ac

642 2484 838 2548 dubia
879 2485 1121 2547 indicat
1168 2483 1277 2547 ille
1313 2486 1377 2547 in
1413 2485 1727 2565 margine,
1762 2503 1910 2566 qum
1958 2488 2263 2566 supplere
2315 2497 2425 2550 aut
2466 2487 2791 2568 corrigere
2854 2488 3105 2561 studet,
3156 2487 3467 2552 lectorum
3521 2489 3789 2553 utilitati
3845 2493 3905 2553 ut

641 2583 1035 2646 consuleret.
1082 2584 1322 2645 Novam
1368 2584 1531 2647 sacri
1583 2591 1798 2647 textus
1838 2586 2205 2647 versionem
2240 2584 2533 2647 adhibuit
2568 2607 2582 2645 :
2623 2585 3018 2666 adhibetque
3073 2586 3137 2646 in
3174 2602 3281 2648 ora
3330 2586 3637 2665 marginis
3676 2586 3905 2651 lectio-

644 2698 762 2743 nes
796 2679 1138 2754 variantes,
1174 2696 1336 2759 quas
1373 2697 1450 2743 ex
1485 2681 1789 2743 versione
1824 2680 2071 2760 vulgata
2105 2681 2326 2754 sumit,
2367 2681 2656 2761 itemque
2689 2683 2960 2755 Erasmi,
2996 2689 3059 2744 et
3088 2682 3447 2745 Sebastiani
3492 2684 3905 2756 Castalionis,

642 2795 713 2863 ac
754 2774 1081 2845 Theodori
1114 2776 1313 2837 Bezm.
1352 2774 1519 2837 Hinc
1554 2791 1705 2838 vero
1737 2777 1861 2839 sub
1916 2776 2171 2838 initium
2204 2781 2419 2855 cperis
2471 2778 2604 2841 haec
2638 2778 2721 2840 ad
2760 2779 3087 2842 Lectorem
3119 2778 3685 2844 Admonitiuncula
3739 2782 3905 2863 legi«

644 2862 745 2935 tur
779 2895 793 2935 :
829 2894 857 2929 α
888 2869 1354 2934 Admonendus
1385 2872 1637 2947 Lector,
1674 2870 1787 2934 ubi
1820 2872 2075 2935 diversa
2108 2874 2176 2934 in
2210 2879 2499 2957 margine
2527 2878 2855 2942 translatio
2892 2880 3184 2960 apposita
3218 2888 3353 2954 est;
3395 2898 3509 2959 per
3560 2883 3627 2943 γ.
3670 2882 3905 2964 Vulga-

641 2982 793 3045 tam,
832 2989 944 3050 per
974 2972 1055 3032 E.
1086 2969 1365 3057 Erasmi,
1400 2986 1513 3048 per
1544 2968 1613 3032 C.
1666 2969 2072 3045 Castalionis,
2108 2989 2221 3049 per
2256 2973 2334 3033 Β.
2372 2974 2553 3037 Bezee
2598 2976 2965 3040 versionem
3011 2977 3361 3057 signiﬁcari
3400 2995 3415 3039 :
3448 2978 3777 3041 diversam
3829 2978 3905 3043 81]

644 3060 746 3129 his
783 3065 1111 3155 Laurentii
1145 3051 1369 3128 Sifanii
1404 3064 1780 3143 interpretis
1814 3082 1982 3128 esse.
2021 3088 2051 3124 »
2092 3068 2229 3130 Jam
2280 3068 2472 3134 habet
2502 3071 2859 3136 catholicus
2912 3051 3159 3148 Lector,
3196 3081 3265 3135 ut
3317 3076 3371 3136 si
3412 3074 3573 3155 quid
3623 3073 3905 3139 furfuris

645 3163 1005 3240 irrepserit,
1043 3177 1235 3224 nosse
1264 3158 1429 3223 illud
1470 3168 1666 3241 queat
1695 3160 1955 3251 sibique
1986 3171 2225 3226 caveat.

724 3262 825 3322 1.2.
875 3250 1368 3321 Commentarios
1425 3259 1492 3322 in
1556 3250 1884 3339 Epistolas
1932 3263 2141 3323 sancti
2200 3263 2391 3325 Pauli
2450 3262 2670 3326 Grmco
2703 3282 2783 3327 ex
2831 3266 3052 3330 codice
3095 3266 3318 3331 Latine
3374 3267 3498 3329 sub
3531 3270 3905 3348 pontiﬁcatu

646 3357 828 3420 Pauli
860 3358 943 3426 ll,
972 3373 1143 3419 anno
1178 3355 1354 3429 ηδε),
1401 3356 1731 3418 transtulit
1771 3358 1839 3419 F.
1881 3357 2386 3438 Christophorus
2418 3363 2727 3437 Porsena,
2778 3365 3135 3439 Romanus,
3171 3366 3355 3428 Prior
3405 3368 3649 3433 Sanctae
3699 3370 3905 3449 [ΧΙΧ]

648 3456 948 3522 Βαὼίηω,
985 3470 1057 3516 ac
1086 3452 1257 3533 typis
1294 3453 1513 3521 Romae
1542 3454 1822 3532 vulgavit
1852 3470 2021 3519 anno
2066 3454 2242 3535 M77,
2293 3459 2661 3540 dicavitque
2701 3460 2878 3523 Sixto
2916 3462 2999 3522 IV
3035 3462 3323 3541 pontifici
3364 3464 3665 3540 maximo,
3714 3467 3905 3532 titulo

646 3555 979 3617 Athanasii
1032 3554 1231 3617 veluti
1269 3556 1579 3629 auctoris,
1617 3556 1875 3633 praeﬁxo
1910 3556 2421 3621 Commentariis.

724 3652 826 3713 1ι3.
862 3654 1159 3714 Porsenae
1214 3650 1811 3729 interpretationem
1860 3654 2234 3733 recognovit
2280 3654 2563 3715 Joannes
2623 3655 3002 3730 Lonicerus,
3048 3656 3572 3737 recognitamque
3618 3657 3905 3741 vulgavit

649 3748 771 3810 sub
799 3748 1059 3810 nomine
1105 3748 1571 3828 Theophylacti.
1608 3750 1820 3830 Hujus
1851 3768 2019 3826 esse,
2052 3767 2181 3813 non
2210 3749 2546 3813 Athanasii
2573 3749 2998 3815 Alexandrini
3033 3751 3253 3825 fetum,
3292 3756 3617 3818 conﬁrmat
3655 3758 3905 3823 Erasml

646 3844 1044 3913 auctoritate,
1082 3853 1141 3906 et
1190 3844 1456 3906 Joannis
1488 3845 1698 3921 Fabri,
1755 3849 2130 3910 et-Joannis
2177 3844 2453 3909 Beraldi.
2497 3866 2525 3900 α
2563 3846 2771 3908 Hosce
2829 3846 3277 3927 Theophylacti
3307 3850 3374 3910 in
3417 3851 3689 3912 Paulum
3724 3853 3905 3915 Com

648 3942 987 4007 mentarios
1022 3943 1252 4021 (inquit
1303 3944 1369 4004 in
1414 3943 1794 4007 Praefatione
1826 3946 1901 4007 ad
1954 3948 2247 4021 Amicum
2285 3945 2633 4024 Lectorem)
2683 3944 2842 4009 falso
2896 3948 3205 4011 hactenus
3257 3949 3612 4015 Athanasio
3670 3952 3905 4016 inserit

648 4046 817 4117 plCS,
858 4038 1160 4102 Erasmus
1194 4040 1258 4100 in
1286 4040 1422 4101 suis
1454 4042 1998 4107 Annotationibus
2032 4063 2229 4125 super
2256 4045 2367 4110 illo
2406 4048 2585 4109 Pauli
2618 4049 2694 4110 ad
2724 4050 3068 4125 Romanos,
3116 4052 3243 4127 Qui
3268 4052 3764 4131 prwdestinatus
3795 4072 3905 4135 est,

655 4142 797 4200 luce
852 4138 1164 4212 lucidius,
1198 4155 1266 4201 ac
1307 4157 1455 4201 vero
1506 4143 1726 4229 verius
1758 4153 2117 4208 attestatur.
2154 4168 2181 4201 ››
2225 4145 2473 4206 Erasmi
2505 4144 2757 4207 scilicet
2809 4146 2941 4209 ha'c
2986 4156 3081 4208 est
3113 4151 3435 4211 sententia
3479 4151 3617 4213 loco
3650 4153 3858 4217 citato
3903 4179 3905 4216 :

656 4258 682 4288 α
724 4234 834 4295 His
873 4234 1083 4297 verbis
1110 4237 1372 4314 (cogniti
1396 4255 1517 4315 pro
1556 4239 1727 4299 Filio
1769 4240 1907 4320 Dei)
1947 4242 2146 4303 utitur
2181 4245 2496 4319 interpres
2528 4242 2772 4321 operis,
2806 4241 2972 4304 falso
3004 4244 3296 4322 inscripti
3326 4246 3676 4311 Athanasio
3709 4272 3724 4309 :
3763 4269 3905 4316 cum

653 4333 713 4391 id
768 4333 938 4411 quod
982 4339 1178 4396 antea
1220 4332 1731 4413 suspicabamur,
1768 4352 1911 4399 mox
1962 4338 2192 4400 collato
2231 4340 2451 4402 Graeco
2496 4338 2876 4417 Latinoque,
2914 4341 3351 4419 comperimus
3384 4360 3526 4407 esse
3553 4344 3905 4427 Theophy<

652 4429 820 4490 lacti.
861 4451 889 4485 in
2058 4489 2065 4496 .

734 4527 940 4590 Verba
974 4532 1344 4606 sequuntur
1398 4528 1663 4589 JOannis
1716 4527 1901 4592 Fabri
1939 4552 1963 4591 :7
1991 4552 2021 4587 α
2066 4532 2186 4594 Hic
2214 4532 2404 4596 etiam
2449 4532 3018 4614 (Theophylactus)
3047 4536 3113 4597 in
3136 4536 3323 4601 Pauli
3358 4540 3686 4619 Epistolas
3721 4543 3905 4608 Comi

660 4622 965 4683 mentaria
1000 4620 1447 4699 scripsit,qum
1470 4626 2687 4703 transtulitChristophorusPorsena...
2717 4619 2839 4693 sub
2868 4630 3030 4696 falso
3065 4636 3282 4710 titulo,
3311 4638 3501 4717 quasi
3543 4640 3674 4701 sint
3705 4644 3905 4707 Athat

656 4717 819 4779 nasii
849 4717 1297 4814 Alexandrini.
1330 4720 1471 4794 Qua
1496 4737 1560 4781 re
1588 4720 1772 4782 multi
1810 4724 2063 4801 decepti
2096 4722 2389 4801 fuerunt,
2436 4728 2611 4805 quod
2664 4735 2724 4789 et
2768 4728 2926 4789 mihi
2958 4732 3305 4811 contigisse
3338 4735 3623 4814 ingenue
3645 4736 3865 4803 fateor
3904 4788 3905 4799 χ

658 4826 775 4871 nec
810 4828 1021 4873 meum
1053 4810 1243 4873 etiam
1278 4814 1721 4875 emendassem
1766 4829 2074 4890 errorem,
2109 4817 2231 4878 nisi
2263 4821 2413 4883 dum
2445 4839 2525 4883 ex
2570 4823 2807 4885 Grmcis
2840 4830 2902 4887 et
2928 4810 3168 4889 Latinis
3197 4810 3527 4893 codicibus
3560 4831 3715 4896 hinc
3755 4836 3905 4905 inde

656 4907 1016 4970 collectis...
1074 4909 1249 4971 aliud
1283 4911 1719 4986 invenissem,-
1747 4912 1894 4975 licet
1932 4929 2184 4993 semper
2208 4915 2551 4981 dubitarim
2574 4963 2592 4994 ,
2625 4927 2957 4998 prOpterea
2991 4926 3165 5003 quod
3210 4926 3513 5003 Basilius,
3548 4930 3905 5012 Gregorius

655 5022 917 5086 quoque
965 5009 1302 5085 Nyssenus
1353 5010 1419 5071 in
1470 5010 1573 5073 his
1607 5011 1783 5073 citati
1814 5010 2083 5075 fuerint.
2126 5036 2153 5070 ι
2188 5014 2369 5076 Paria
2415 5015 2676 5077 demum
2716 5014 2907 5079 habet
2942 5019 3254 5083 Beraldus
3295 5044 3310 5084 :
3364 5046 3393 5081 α
3433 5009 3905 5094 Εοωωθήιδνίε

646 5092 791 5162 haec
822 5103 889 5161 in
917 5102 1106 5163 Pauli
1135 5103 1483 5181 Epistolas,
1518 5106 1849 5185 inquiens,
1891 5126 2035 5188 quae
2070 5111 2317 5191 aliquot
2348 5110 2479 5188 jam
2523 5128 2727 5174 annos
2767 5112 2889 5176 sub
2915 5116 3247 5181 Athanasii
3302 5122 3564 5186 nemine
3612 5140 3684 5186 ac
3716 5092 3905 5191 tituli

659 5206 809 5300 sunt
846 5198 1237 5300 circumlata,
1290 5199 1549 5279 quidam
1599 5203 2079 5300 Theophylacto
2129 5207 2454 5270 vindicant
2482 5216 2548 5271 et
2588 5220 2906 5273 asserunt.
2950 5215 3079 5277 Nec
3111 5216 3360 5291 dubito,
3417 5221 3577 5298 quin
3637 5226 3905 5300 Optimi:

661 5293 1015 5394 rationibus
1050 5304 1449 5369 moveantur,
1490 5298 1897 5375 potissimum
1923 5302 2036 5377 qui
2070 5302 2284 5365 Graeca
2325 5302 2639 5382 legerunt.
2672 5328 2699 5362 n
2734 5308 2899 5369 Hinc
2930 5310 3152 5373 Latina
3180 5316 3397 5391 Operis
3429 5293 3895 5394 interpretatio

660 5387 804 5482 sive
829 5404 1013 5466 quam
1045 5392 1415 5467 recognovit
1450 5393 1825 5469 Lonicerus,
1866 5398 2000 5459 sive
2032 5415 2222 5477 quam
2257 5400 2501 5477 primus
2531 5400 2893 5467 confecerat
2926 5387 3381 5477 Porsenaisub
3409 5387 3669 5475 nomine
3694 5416 3905 5482 Theot

658 5481 938 5565 phylacti
974 5484 1142 5562 typis
1176 5490 1682 5567 excusafprodiit
1728 5492 2022 5570 pluribus
2060 5494 2125 5555 in
2161 5495 2315 5558 locis

656 5669 701 5683 λ
742 5574 961 5683 Latina
997 5581 1291 5644 Loniceri
1318 5585 1517 5648 editio
1560 5594 1671 5649 aut
1722 5590 2078 5668 recognitio
2130 5593 2335 5653 lucent
2392 5594 2635 5657 vidisse
2689 5598 2926 5662 dicitur
2964 5602 3241 5665 Parisiis
3286 5623 3449 5666 anno
3502 5608 3679 5683 151.2,
3737 5610 3905 5679 in.8.

661 5676 1059 5780 Posteriores
1091 5679 1513 5780 vidihplures.
1549 5684 1725 5747 Hanc
1762 5688 1949 5749 novis
2000 5689 2171 5751 curis
2206 5691 2281 5753 ad
2327 5694 2613 5757 codicem
2659 5698 2973 5775 Graacum,
3014 5702 3127 5780 qui
3178 5705 3333 5764 olim
3374 5706 3617 5767 Erasmi
3663 5676 3891 5779 iuerat

661 5771 935 5888 eontulit
973 5790 1141 5883 anno
1385 5778 1721 5888 Philippus
1764 5784 2141 5888 Montanus;
2182 5804 2450 5868 eamque
2486 5793 2774 5872 vulgavit
2815 5806 2876 5859 et
2932 5771 3069 5877 ipse
3103 5802 3225 5862 sub
3260 5803 3520 5866 nomine
3551 5771 3905 5888 TbeOphS'vt

650 5864 806 5930 lacti
838 5870 1138 5949 plurimis
1176 5872 1243 5935 in
1278 5874 1435 5939 locis
1469 5880 1888 5944 emendatam.
1928 5864 2409 5965 Nuncupatoria
2470 5864 2925 5969 ejus'Epistola
2956 5864 3053 5956 Ad
3106 5864 3513 5961 reverendam
3539 5864 3905 5975 iubam-:14
