3966 6400
104 472 141 534 15
804 467 906 529 DE
942 461 1529 529 THEOPHYLACTI
1567 458 1844 528 GESTIS
1881 460 1981 525 ET
2019 458 2389 526 SCRIPTIS.
3230 462 3303 529 ιθ

102 586 273 647 Patren
291 580 355 644 Ι).
398 580 697 644 Carolum
722 600 760 641 a
832 578 1002 659 Croy
1050 575 1544 639 Tornacensiuin
1568 554 1958 657 episcopum,
1994 579 2137 640 data
2171 583 2269 639 est
2318 575 2583 638 Lutetia:
2615 595 2642 637 e
2675 574 2856 637 domo
2888 583 2999 639 tua
3039 578 3291 641 Torna-

102 683 209 745 nnn'
235 680 345 745 XII
399 678 725 753 Octobris,
774 694 941 738 anno
992 674 1248 737 Domini
1284 690 1485 756 supra
1512 673 1909 736 millesimum
1941 675 2460 756 quinquagesimo
2510 673 2782 742 secundo
2842 694 2862 735 :
2922 675 3035 737 u‘bi
3060 677 3300 758 supple

98 778 564 859 Megalesimnm.
605 775 756 837 Huic
788 773 881 835 ibi
912 770 1236 834 habentur
1273 793 1288 833 :
1339 793 1369 828 α
1412 772 1530 834 Per
1554 775 1664 833 am"

1729 786 1796 833 os
1828 772 2166 850 exemplar
2197 772 2715 835 vetustissimum
2749 771 3125 855 (Grmcum),
3160 792 3295 855 quo

102 896 194 939 usus
213 876 485 938 fueratD.
524 876 869 947 Erasmus,
893 870 1027 951 jam
1061 869 1320 931 tandem
1348 887 1494 933 sum
1525 876 1758 931 nactus
1793 890 1806 928 :
1842 869 1915 929 ad
1954 869 2128 948 quod
2164 883 2292 931 non
2326 870 2474 932 sine
2505 869 2760 949 magnis
2811 869 3147 935 laboribus
3176 873 3299 935 La-

98 974 175 1035 tina
207 978 415 1047 nostra,
448 971 733 1034 inﬁnitis
772 983 936 1048 pene
972 966 1157 1038 locis,
1194 974 1294 1029 σὺν
1318 972 1440 1047 Θιῷ
1462 973 1540 1031 ut
1574 968 1943 1046 potuimus,
1988 968 2222 1032 sedulo
2255 969 2778 1034 emendavimus.
2824 991 2855 1026 ι

143 1067 433 1131 Basileensi
484 1076 637 1131 utor
687 1070 1178 1147 editioneanni
1225 1066 1402 1142 155b,
1443 1064 1727 1128 in-folio.
1781 1068 1852 1129 In
1904 1065 2282 1130 Prmfatione
2310 1068 2387 1130 ad
2428 1068 2764 1131 Lectorem
2816 1066 2902 1130 ita
2941 1066 3151 1131 fertur
3215 1068 3297 1131 de

96 1165 326 1231 trial-ibus
354 1165 777 1230 versionihus
796 1166 1121 1257 judicium
1154 1190 1168 1231 :
1203 1190 1233 1225 α
1263 1169 1589 1238 Porsenna,
1617 1162 1738 1225 viri
1778 1165 2048 1237 eruditi,
2074 1173 2141 1228 ut
2173 1166 2433 1245 opinor,
2460 1174 2522 1227 et
2558 1164 2934 1243 eloquentis
2961 1164 3292 1235 versione,

95 1261 364 1325 alatule
391 1283 428 1324 a
456 1261 706 1326 Grecis
749 1264 1125 1339 discedente,
1175 1280 1256 1327 ne
1301 1262 1508 1327 dicam
1554 1258 1939 1342 plerumque
1988 1261 2355 1338 dissidentia,
2393 1270 2462 1329 ut
2496 1263 2758 1345 quassit
2811 1262 3296 1343 paraphrastica

95 1366 229 1425 notius
255 1369 429 1442 atque
461 1364 662 1426 etiam
698 1365 978 1428 nimium
1010 1364 1235 1437 libera,
1268 1370 1685 1445 utpotelquas
1727 1359 2115 1441 plerumque
2176 1361 2397 1443 adjicit
2443 1378 2591 1443 quas
2628 1359 2695 1423 in
2742 1359 2987 1424 Graecis
3022 1377 3155 1423 non
3184 1360 3293 1424 ha-

92 1464 257 1534 bentur,
283 1468 337 1520 et
368 1467 585 1521 contra
641 1459 982 1541 plerisque
1035 1462 1097 1522 in
1127 1458 1289 1522 locis
1321 1448 1695 1537 complures
1732 1476 1959 1523 versus
1993 1477 2264 1541 prorsus
2292 1463 2569 1536 omittat,
2606 1479 2755 1543 quas
2787 1467 3002 1526 tamen
3050 1463 3118 1526 in
3168 1478 3292 1526 no-

92 1568 167 1618 stro
186 1574 279 1619 ms.
318 1558 532 1621 codice
583 1561 839 1633 Graeco,
864 1576 1073 1637 eoque
1105 1564 1476 1636 pervetusto
1503 1564 1724 1635 aperte
1748 1558 2166 1622 continentur
2199 1577 2212 1623 :
2246 1560 2453 1636 illius,
2510 1559 2803 1640 inquam,
2862 1561 3108 1624 omissa
3143 1578 3289 1623 ver-

91 1654 218 1723 sicne,
246 1654 525 1716 Loniceri
568 1655 794 1733 potius
837 1653 1437 1734 interpretationem
1482 1652 1909 1733 arripuimus,
1947 1673 2221 1738 eamque
2252 1656 2490 1735 passim
2528 1657 2638 1720 ubi
2680 1657 3045 1721 tolerabilis
3087 1669 3283 1732 esset,

90 1748 395 1813 enauimus.
432 1774 459 1807 ι
500 1752 653 1813 Eme
690 1750 840 1825 alia,
868 1768 1016 1831 quae
1052 1749 1402 1829 praemittit,
1445 1749 1647 1812 aﬂ‘ero
1686 1750 1833 1837 ejus
1870 1752 2060 1816 verba
2097 1774 2111 1813 :
2142 1777 2170 1811 α
2206 1757 2336 1816 Nos
2368 1754 2573 1817 ϐπ·ωοί
2634 1754 2908 1825 codicis,
2955 1770 3089 1835 quo
3122 1771 3291 1819 usus

90 1854 163 1905 erat
200 1845 520 1925 aliquando
569 1848 651 1910 D.
712 1849 1045 1923 Erasmus,
1106 1848 1298 1909 fidem
1355 1863 1549 1924 quam
1612 1849 1951 1925 potuimus
2003 1851 2545 1933 diligentissime,
2614 1869 2730 1932 pro
2784 1863 3004 1917 nostra
3059 1856 3283 1934 quali-

90 1960 255 2022 tiuque
281 1943 721 2007 mediocritate
794 1946 1003 2008 secuti
1038 1962 1294 2021 sumus,
1327 1943 1455 2007 nisi
1484 1944 1695 2009 sicubi
1729 1948 1941 2011 scriba
1970 1948 2361 2013 dormitasse
2399 1949 2754 2014 videretur.
2802 1950 3286 2015 Perabsurdum

90 2038 189 2098 θείω
236 2037 437 2113 fuerit,
490 2044 577 2103 uti
628 2058 748 2119 ine
779 2041 1055 2125 scribam
1090 2041 1365 2104 nimium
1394 2040 1561 2104 bona
1598 2042 1719 2105 ﬁde
1751 2045 2081 2125 amplecti,
2111 2047 2233 2112 hoc
2274 2055 2394 2122 est,
2441 2065 2571 2111 una
2608 2060 2754 2111 cum
2797 2049 2958 2128 ipsis
2992 2051 3223 2112 erratis
3267 2072 3281 2111 :

90 2138 185 2213 guod
214 2136 546 2201 Lonicerus
583 2138 832 2219 saepius
869 2137 1195 2202 factitasse
1222 2138 1759 2217 deprehenditur.
1800 2166 1829 2200 ιο
1871 2146 2035 2207 Tum
2068 2162 2224 2207 vero
2257 2144 2694 2225 sphalmatum
2728 2164 2878 2226 qua)
2907 2148 3284 2211 emendavit

90 2234 335 2303 lpecimina
375 2234 646 2298 exhibet
693 2258 708 2297 :
752 2252 979 2316 quaeve
1027 2244 1362 2316 praeterea,
1409 2248 1476 2298 ut
1530 2236 1734 2302 nitida
1775 2257 1847 2304 ac
1882 2241 2065 2304 utilis
2098 2243 2303 2306 editio
2348 2241 2539 2320 foret,
2590 2245 2947 2324 praestanda
3001 2246 3283 2320 censuit,

92 2332 324 2409 illigenter
352 2343 627 2397 enarrat.
667 2334 838 2397 lllud
879 2351 1095 2415 Operae
1127 2337 1411 2415 pretium
1464 2334 1663 2399 fuerit
1698 2356 1899 2403 unum
1947 2342 2489 2415 animadvertere,
2539 2343 2867 2423 Vulgarem
2902 2345 2970 2405 in
3004 2344 3281 2407 Paulino

90 2435 545 2509 retumsionem,
597 2454 726 2516 qua
752 2437 999 2515 passim
1033 2438 1247 2501 utitur
1290 2436 1611 2511 Ecclesia,
1647 2438 1780 2517 fere
1835 2439 1915 2501 ab
1956 2438 2097 2519 ipso
2154 2441 2464 2503 Montano
2526 2450 2859 2517 retentam,
2922 2428 3055 2505 nisi
3079 2442 3285 2506 sicubi

90 2532 420 2615 ltecpltylacti
445 2537 912 2618 interpretatio
936 2536 1110 2601 illam
1138 2540 1469 2603 immutare
1500 2535 1771 2617 coegerit
1794 2556 1811 2604 ,-
1838 2535 2013 2615 quod
2038 2542 2316 2600 attamen
2357 2537 2527 2600 haud
2568 2538 2812 2619 ubique
2838 2538 3277 2602 observatum.

100 2630 255 2693 illanc
288 2635 641 2697 editionem
684 2643 975 2713 prostant
1018 2637 1227 2699 Latini
1262 2636 1496 2700 Latinii
1533 2634 2062 2717 Observationes.

120 2727 181 2791 ἢ.
210 2732 361 2794 idem
396 2734 699 2797 Latinius
735 2751 909 2798 anno
944 2736 1120 2811 1557,
1162 2752 1295 2817 quo
1343 2759 1372 2794 α
1406 2737 1652 2805 Romm,
1687 2732 1721 2794 3
1756 2718 1967 2795 Nonas
2027 2733 2323 2796 Octobris
2360 2758 2386 2792 ι
2423 2734 2784 2811 Epistolam
2816 2736 3005 2799 dabat
3039 2735 3124 2797 ad
3147 2737 3281 2797 An-

90 2832 209 2886 :recm
246 2830 551 2907 Masium:
609 2856 638 2889 α
691 2835 803 2906 Ea,
870 2834 1110 2913 inquit,
1153 2852 1300 2911 quae
1340 2830 1806 2913 TheOphylacti
1850 2830 2115 2893 nomine
2160 2832 2228 2892 in
2276 2831 2467 2893 Pauli
2497 2833 2831 2912 Epistolas
2864 2836 3041 2897 edita
3080 2843 3233 2898 sunt
3263 2880 3279 2904 .

90 2938 147 2982 nn
170 2925 300 3003 ejus,
339 2926 449 2989 sed
502 2926 853 2992 Athanasii
900 2930 1233 3011 cujusdam
1274 2930 1582 3010 Byzantii
1632 2929 1947 3003 monachi,
2002 2930 2114 3009 qui
2157 2931 2453 2991 trecentis
2506 2940 2652 2993 ante
2700 2944 2989 2995 nostram
3037 2944 3282 2997 cetatem

90 3022 184 3081 erit
226 3022 451 3096 ﬂoruit,
503 3026 699 3103 plane
728 3044 875 3090 esse
932 3026 1236 3108 (Sirletus
1268 3028 1725 3109 conﬁrmavit),
1778 3028 2062 3108 atquein
2102 3043 2177 3090 ea
2222 3044 2289 3091 re
2351 3045 2482 3091 non
2522 3030 2717 3093 modo
2752 3040 2966 3095 tecum
3007 3032 3277 3104 sentire,

90 3122 138 3193 ni
166 3121 462 3187 Athanasii
512 3124 788 3187 nomine
820 3141 934 3188 eos
969 3126 1479 3190 Commentarios
1519 3126 1676 3190 citas
1724 3143 1737 3186 :
1796 3127 1909 3189 sed
1945 3144 2092 3188 cum
2138 3126 2233 3188 iis.
2272 3128 2494 3201 etiam,
2530 3130 2645 3210 qui
2694 3128 2999 3211 plurimis
3042 3133 3283 3197 abhinc

90 3218 187 3278 aliis
231 3221 745 3285 constantissime
780 3239 1019 3286 nomen
1066 3222 1234 3286 illud
1281 3231 1686 3305 agnoverunt
1719 3240 1997 3303 semper,
2032 3233 2093 3286 et
2122 3223 2307 3288 libris
2346 3226 2799 3293 describendis
2834 3233 3127 3316 prmponi
3167 3249 3277 3296 cu-

90 3325 230 3379 ἐτυηῑ.
262 3341 287 3374 ι

120 3414 235 3493 [XX]
264 3416 468 3482 Novus
498 3424 732 3483 auctor
765 3418 1293 3498 Expositionum,
1327 3418 1409 3481 de
1440 3419 1685 3499 quibus
1725 3420 2003 3501 agimus,
2053 3419 2428 3486 obtruditur
2477 3423 2873 3491 Athanasius
2917 3430 3279 3497 monachus

90 3509 338 3592 Byzantius,
372 3517 488 3596 qui
522 3516 834 3580 trecentis
864 3524 1012 3578 ante
1056 3516 1290 3579 Latinii
1316 3524 1565 3579 aetatem
1601 3518 1792 3581 annis
1833 3516 2154 3591 ﬂoruerit,
2189 3519 2429 3583 sucula
2468 3522 2721 3587 scilicet
2761 3526 2953 3588 tertio
2996 3527 3277 3595 decimo.

90 3604 157 3677 Jan
185 3612 257 3675 vir
302 3613 726 3677 doctissimus
765 3612 1087 3677 adductus
1146 3622 1475 3679 momento
1505 3613 1727 3690 fuerit,
1767 3622 1835 3677 ut
1868 3614 2201 3696 sequioris
2233 3616 2437 3680 astatis
2484 3619 2843 3685 Athanasio
2872 3624 3277 3706 adjudicaret

90 3718 188 3806 ipes,
222 3727 334 3774 non
383 3713 769 3775 innotescit.
807 3711 971 3789 Quis
1026 3728 1178 3776 vero
1222 3712 1336 3777 ille
1378 3711 1574 3776 fuerit
1598 3714 1986 3778 Athanasius
2026 3715 2381 3780 monachus
2434 3718 2836 3799 Byzantius?
2873 3723 3048 3785 Varii
3102 3726 3278 3806 apud

90 3800 332 3871 Fabricium
368 3810 435 3873 in
466 3810 879 3874 Bibliotheca
914 3808 1140 3874 erca
1173 3826 1251 3873 eo
1282 3810 1546 3875 nomine
1595 3811 1899 3893 appellati
1962 3816 2315 3878 occurrunt
2353 3817 2708 3896 scriptores
2766 3820 2973 3884 (ΞΓωοὶ
3010 3844 3025 3883 :
3060 3800 3275 3904 neque

96 3902 180 4009 eius
217 3916 426 3984 prtesto
464 3915 595 3984 est,
631 3909 737 3971 cui
776 3908 1110 4013 praedictos
1146 3908 1658 3974 Commentarios
1698 3909 2009 3973 ascribas.
2073 3910 2322 3975 Smculo
2393 3913 2543 3976 Xlll
2610 3915 2952 3981 desinente
3008 3902 3279 4013 ﬂorebat

90 3996 380 4099 tthanasius,
413 4004 585 4070 Gani
628 4003 1006 4079 monachus,
1039 4014 1102 4068 et
1129 4014 1271 4086 post
1334 4008 1725 4086 Gregorium
1789 4008 2099 4088 Cyprium
2134 4008 2316 4072 urbis
2374 4012 2569 4092 regite
2631 4015 3009 4092 patriarcha.
3071 3996 3273 4099 κορυ-

90 4096 307 4165 sculorum
340 4103 509 4185 ejus,
544 4120 702 4184 quas
732 4103 897 4167 bene
940 4103 1343 4181 multa-sunt,
1375 4107 1736 4188 catal0gum
1769 4106 2437 4172 exhibentFabricius
2470 4117 2533 4172 et
2571 4112 2878 4178 Oudinus
2917 4134 2929 4175 :
2962 4118 3027 4180 in
3060 4096 3275 4201 eoque

90 4198 224 4271 Laris,
249 4200 322 4266 de
352 4219 484 4284 quo
516 4205 807 4285 agimus,
866 4202 1113 4265 mentio
1172 4203 1375 4267 nulla.
1417 4205 1726 4286 Ejusdem
1774 4201 1949 4267 fetus
1982 4222 2127 4268 esse
2182 4205 2478 4270 laudatus
2510 4210 2817 4274 Oudinus
2850 4221 3029 4293 putat
3094 4198 3276 4281 Com-

90 4300 306 4361 “Marios
324 4302 389 4362 in
418 4302 734 4375 Psalmos,
759 4317 925 4382 quos
956 4299 1080 4363 sub
1115 4303 1383 4365 nomine
1408 4302 1748 4366 Athanasii
1780 4302 2209 4370 Alexandrini
2241 4306 2525 4386 vulgavit
2568 4309 3121 4379 Montfauconius.

121 4389 423 4477 Quidquod
453 4398 949 4479 Theophylact‘o
973 4398 1292 4479 Bulgarlae
1320 4400 1809 4481 archiepiscopo
1834 4416 2002 4478 opus
2025 4402 2200 4481 quod
2237 4402 2301 4465 in
2336 4402 2610 4467 dubium
2647 4418 2937 4487 vocatur,
2970 4421 3276 4477 constan—

108 4488 233 4553 ssime
258 4494 623 4567 attribuunt
654 4513 807 4558 mss.
843 4498 1100 4561 codices
1144 4498 1517 4579 perantiqui
1550 4507 1611 4563 et
1644 4502 1829 4565 bona:
1878 4512 2067 4566 notae.
2101 4505 2406 4569 Codicem
2443 4510 2692 4572 Erasmi
2744 4530 3036 4579 memoro
3078 4518 3277 4581 alios-

90 4601 149 4691 lie
189 4608 215 4654 ε
272 4596 516 4662 Joanne
569 4596 779 4660 Fabro
836 4616 1178 4678 expenses.
1220 4601 1407 4681 Apud
1466 4600 1879 4663 Lambcrinm
1944 4601 2109 4664 libro
2165 4604 2212 4663 V
2280 4613 2408 4668 tres
2434 4618 2861 4675 numerantur
2918 4614 3062 4691 221,
3125 4617 3270 4690 222,

90 4684 225 4782 ξὲἓιὶῐι
264 4697 495 4775 quibus
529 4696 997 4760 Commentarii
1027 4696 1089 4757 in
1124 4695 1445 4776 Epistolas
1484 4713 1710 4761 omnes
1761 4700 1939 4761 Pauli
1989 4702 2474 4782 Theotihylacto
2538 4718 2759 4770 nostro
2819 4684 3264 4777 ascribuntur;

90 4780 204 4849 iudex
227 4810 359 4855 vero
387 4794 506 4856 2°21
539 4811 735 4853 manu
768 4790 995 4855 Leonis
1029 4793 1103 4855 de
1156 4792 1364 4856 Rhaul
1394 4802 1695 4858 exaratus
1729 4796 1853 4858 fuit
1892 4816 2097 4858 mense
2146 4780 2462 4880 Augusto,
2504 4803 2854 4868 indictione
2891 4810 2989 4884 II,
3025 4811 3271 4875 Christi

90 4896 171 4943 Iaso
205 4888 357 4953 1139.
392 4892 572 4954 inter
634 4893 891 4954 codices
948 4908 1101 4955 mss.
1146 4892 1555 4955 bibliothecas
1600 4895 1783 4973 Regii
1824 4896 2252 4957 ’l‘au'rinensis
2314 4898 2635 4975 Athenaei,
2671 4908 2846 4967 tomo
2882 4908 2927 4981 Ι,
2980 4919 3272 4987 prostant

90 4987 305 5051 lim.273
322 4989 441 5051 sub
474 4990 711 5053 eodem
750 4989 1203 5069 Theophylacti
1235 4988 1526 5051 Achridce
1570 4993 1638 5051 in
1676 4990 1981 5071 Bulgaria
2009 4994 2478 5075 archiepiscopi
2512 4999 2777 5063 nomine
2806 5002 3273 5071 Commentario

90 5079 468 5161 inallthldlvi
514 5086 711 5148 Pauli
756 5085 1130 5165 Epistolas:
1164 5087 1608 5168 adnotantque
1655 5090 1895 5152 indicis
1926 5101 2251 5163 auctores,
2292 5117 2319 5149 α
2361 5095 2751 5161 Prommium
2816 5102 2881 5163 in
2913 5104 3267 5183 Epistolam

90 5178 251 5241 i-‘imam
278 5184 349 5244 ad
383 5183 767 5248 Corinthios
797 5183 875 5245 ab
901 5200 976 5246 eo
1008 5186 1179 5265 quod
1216 5193 1314 5247 est
1347 5185 1411 5246 in
1446 5186 1677 5259 Editis,
1717 5188 1902 5252 valde
1941 5190 2274 5253 diversum
2309 5209 2455 5255 esse
2493 5216 2506 5254 :
2546 5220 2571 5251 υ
2614 5185 2791 5276 quod
2829 5178 3071 5265 ibidem
3099 5203 3267 5268 inte-

90 5285 185 5379 grum
212 5280 549 5356 proferunt.
579 5281 844 5344 Similes
870 5281 1293 5346 adnumerant
1327 5283 1581 5345 codices
1610 5284 1829 5363 plures
1864 5286 2220 5362 Simonius,
2260 5290 2621 5355 Casimirus
2652 5296 2957 5360 Oudinus
2988 5301 3263 5383 aliique,

91 5366 256 5468 litigium
283 5380 744 5456 Parisiensem,
782 5383 1265 5460 Augustanum,
1303 5383 2203 5459 Bavarico-Monachiensem,
2242 5390 2661 5468 Anglicanas,
2700 5411 2769 5456 ac
2817 5366 3283 5464 Florentinun‘i-

92 5462 357 5538 lleiiiceum.
382 5478 555 5541 Satis
593 5478 730 5540 haec
755 5484 924 5547 sunt,
963 5484 1030 5539 ut
1053 5478 1330 5541 dubium
1363 5495 1555 5541 omne
1589 5479 1668 5541 de
1701 5497 2007 5559 germano
2038 5491 2303 5546 auctore
2339 5462 2732 5554 excutiatur.

127 5568 183 5630 ὶὸ.
212 5575 485 5639 Nondum
539 5574 715 5655 typis
776 5577 1035 5639 Grtechs
1079 5582 1293 5639 textus
1334 5575 1681 5655 prodierat.
1740 5578 1976 5639 Lucem
2046 5579 2148 5641 hic
2194 5599 2271 5642 ex
2325 5583 2547 5646 codice
2604 5606 2723 5650 ms.
2786 5593 3263 5661 Arundelliano

92 5660 258 5745 alisque
302 5674 557 5738 duobus
616 5673 1109 5737 Oxoniensibus
1166 5674 1331 5737 vidit
1384 5674 1663 5738 Londini
1731 5692 1901 5738 anno
1938 5678 2119 5752 1636,
2188 5678 2545 5759 fol.,juxta
2580 5704 2770 5749 curas
2834 5707 2905 5752 ac
2964 5694 3259 5759 studium

98 5768 323 5839 ingustini
361 5772 708 5845 Lindselii,
733 5772 1021 5853 episc0pi
1054 5773 1576 5848 Herefordensis,
1632 5792 1828 5856 quem
1884 5778 2153 5839 sustulit
2200 5796 2371 5842 mors
2404 5790 2553 5846 ante
2610 5786 2993 5852 editionem.
3027 5795 3261 5858 Addita

94 5870 432 5948 i‘l‘zregione
456 5872 683 5955 Latina
723 5873 967 5949 versio,
1000 5891 1169 5953 quas,
1203 5884 1269 5936 ut
1329 5875 1617 5943 editores
1660 5876 2063 5953 profitentur,
2111 5902 2137 5935 ι(
2176 5888 2269 5942 est
2318 5880 2587 5959 quidem
2626 5883 2906 5967 Philippi
2942 5877 3257 5965 Montani,

96 5968 220 6022 iitum
242 5965 463 6048 ubique
498 5965 663 6034 adeo
700 5986 731 6031 a
767 5969 959 6033 nobis
1004 5972 1413 6051 interpolata,
1448 5979 1642 6052 atque
1682 5972 1753 6034 ad
1791 5973 2163 6037 Grrerorum
2210 5978 2543 6041 veritatem
2580 5965 2896 6058 revocata,
2952 5997 3016 6049 nt
3051 5991 3103 6052 si
3151 6009 3263 6070 per
