3966 6444
680 472 746 536 47
1492 462 1714 523 BERN.
1756 457 2155 527 MARIEADE
2189 455 2484 517 ‘RUBEIS
2523 452 3031 515 DlSSERTATIO
3866 449 3907 515 il

678 601 903 663 Operas
969 577 1461 661 typograpliicas
1503 574 1816 647 licuisset,
1852 572 2223 651 importune
2290 567 2800 639 festinabundas,
2832 566 3047 627 minus
3094 562 3353 625 tmdium
3386 560 3573 636 foret,
3609 578 3789 625 novae
3820 579 3907 640 pol

674 661 803 745 tius
841 677 1223 751 condendae;
1254 675 1316 736 id
1352 672 1523 753 quod
1556 669 2103 733 committentibus
2130 666 2431 745 liquebit.
2480 688 2509 721 »
2556 668 2702 726 Haec
2742 681 2928 743 porro
2968 679 3181 735 causa,
3229 661 3575 723 adnotante
3621 661 3902 723 Simonio

673 777 846 859 quod
876 777 943 837 in
964 774 1079 837 hac
1113 781 1395 836 veterum
1446 767 2047 847 interpretationum
2088 762 2553 843 recognitione,
2586 762 2818 823 menda
2859 760 3045 839 plura
3076 757 3297 821 relicta
3327 758 3479 833 sint,
3515 757 3757 837 quibus
3810 758 3907 819 illa

672 878 1019 943 scatebant.

753 974 1233 1037 Accuratiorem
1289 966 1752 1048 TheOphylacti
1800 966 1867 1027 in
1938 964 2040 1025 his
2098 961 2618 1033 Commentariis,
2654 978 2845 1041 quam
2880 962 2945 1022 in
2978 959 3255 1031 caeteris,
3313 958 3722 1035 diligentiam
3766 972 3907 1015 com

675 1071 931 1133 mandat
962 1068 1262 1131 laudatus
1296 1067 1648 1129 Simonius.
1681 1068 1950 1142 Parerga
1972 1061 2230 1136 desunt,
2270 1076 2485 1137 neque
2541 1057 2918 1136 frequentes
2971 1062 3318 1118 occurrunt
3368 1053 3721 1133 allegoriae.
3780 1057 3907 1114 Pas

672 1169 794 1228 sim
817 1166 1318 1247 Chrysostomus
1351 1163 1697 1225 deﬂoratur
1727 1182 1741 1222 :
1779 1160 2054 1240 ejusque
2113 1175 2238 1219 non

2313 1173 2351 1217 n
2422 1156 2816 1235 quandoque
2851 1154 3155 1228 occurrit,
3195 1163 3223 1215 ὁ
3258 1162 3548 1231 Μακάριος
3594 1161 3873 1231 Ἰωάννης,

672 1273 971 1342 πάμμεγας
1006 1272 1278 1341 Ἰωάννης,
1305 1270 1332 1321 ὁ
1368 1271 1425 1321 ὲν
1452 1267 1627 1335 ἁγίοις
1665 1266 1939 1335 Ἰωάννης.
1972 1256 2092 1318 SBd
2121 1254 2238 1316 alic

2340 1253 2513 1314 atiam
2542 1252 2890 1330 scriptores
2928 1258 3213 1313 vetustos
3252 1251 3589 1328 decerptos
3624 1266 3793 1321 esse,
3831 1254 3906 1310 dc

675 1369 771 1424 cet
800 1361 1144 1438 inscriptio
1176 1358 1418 1420 codicis
1457 1356 1572 1417 222
1602 1356 1771 1434 apud
1796 1353 2206 1417 Lambecium
2258 1370 2273 1410 :
2306 1348 2732 1427 Expositio...
2773 1347 3033 1408 collecta
3064 1365 3144 1407 ea:
3174 1347 3376 1407 sancti
3416 1346 3685 1407 Joannis
3733 1347 3898 1424 Chry

673 1456 925 1518 sostomi
953 1454 1341 1533 aliorumque
1371 1462 1649 1513 veterum
1679 1451 1942 1513 Patrum
1974 1448 2297 1528 operibus.
2341 1446 2689 1508 Haareticos
2728 1444 3060 1523 passimjn
3097 1444 3198 1505 his
3225 1442 3719 1506 Commentariis
3757 1445 3907 1505 inse

670 1554 888 1634 quitur
918 1549 1457 1629 TbeOphylactus,
1492 1566 1560 1612 ac
1592 1548 1985 1627 theologicas
2030 1547 2397 1608 Graecorum
2429 1542 2753 1604 doctrinas
2784 1540 2995 1602 tradit.

2210 1716 2352 1777 XII.

670 1881 1191 1947 Commentarium
1216 1879 1282 1938 in
1316 1874 1636 1955 Epistolas
1676 1875 2031 1955 canonicos,
2072 1875 2177 1951 qui
2204 1891 2317 1935 nec
2340 1872 2586 1955 Latine,
2615 1890 2726 1936 nec
2745 1874 2970 1955 Greece
2993 1875 3152 1937 vidit
3184 1874 3487 1937 hactenus
3538 1873 3759 1955 iugem,
3796 1891 3907 1955 con

748 1966 949 2025 tinent
979 1958 1220 2021 codices
1250 1952 1747 2018 Vindobonenses
1782 1972 1853 2012 ac
1886 1953 2304 2013 Parisienses.
2337 1953 2571 2014 Mutila
2596 1954 2869 2030 prodiit,
2919 1954 3228 2016 Lonicero
3268 1957 3551 2026 curante,
3585 1952 3907 2031 Expositi

746 2046 815 2104 in
873 2048 1146 2115 quatuor
1201 2036 1544 2126 prophetas
1574 2034 1870 2105 minores,
1904 2032 2116 2091 Latine
2178 2032 2487 2092 translata
2532 2055 2551 2092 :
2611 2036 2795 2111 cujus
2819 2034 3127 2173 delectum
3165 2034 3485 2113 supplevit
3562 2032 3907 2108 Christoplt

754 2120 1063 2173 Henricus
1122 2114 1521 2173 Ritmeierus.
1553 2111 1809 2172 Codices
1853 2113 2107 2173 Venetus
2152 2112 2518 2171 Marcianus
2550 2121 2605 2171 et
2678 2112 2874 2173 Vindo
2925 2113 3174 2173 onensis
3225 2113 3687 2173 expositionem
3719 2111 3900 2170 conti

750 2111 1063 2181 Henricus
1122 2111 1521 2177 Ritmeierus.
1553 2111 1809 2191 Codices
1853 2113 2107 2173 Venetus
2152 2112 2518 2171 Marcianus
2550 2121 2605 2171 et
2678 2111 3174 2191 Vindobonensis
3225 2111 3687 2191 expositionem
3719 2111 3900 2191 conti

745 2208 895 2259 nent
926 2199 992 2259 in
1020 2196 1290 2275 quinque
1324 2193 1593 2275 minores
1622 2190 1965 2275 prophetas
2000 2208 2019 2248 :
2068 2207 2228 2275 opus
2264 2191 2605 2275 integrum,
2662 2189 2863 2252 codex.
2907 2189 3765 2266 Bavarico-Monachiensis,
3802 2190 3907 2252 Ma

744 2281 858 2341 rite
886 2268 1313 2355 imperatr'icis
1323 2270 1517 2350 jussu
1547 2271 1995 2330 concinnatum
2028 2286 2066 2325 a
2100 2268 2587 2346 Theophylacto.

744 2426 843 2485 ῐιϐ.
890 2419 1159 2483 Codices
1207 2413 2090 2485 Cmsareo—Vindobonenses,
2150 2428 2310 2491 quos

2350 2429 2516 2489 saepe
2565 2412 3089 2487 memoravimus,
3140 2411 3283 2483 220,
3345 2410 3462 2470 221
3532 2414 3593 2471 et
3622 2407 3781 2484 222,
3820 2423 3899 2469 su

667 2514 1134 2596 TheOphylacti
1172 2512 1433 2575 nomine
1480 2511 1974 2572 Commentarios
2022 2515 2320 2587 praestant
2378 2512 2446 2569 in
2486 2508 2813 2588 Epistolas
2871 2509 3231 2570 canonicos.
3271 2504 3656 2568 Parisiensis
3688 2502 3907 2567 codici

669 2616 1065 2679 mentionem
1099 2609 1337 2688 ingerit
1371 2607 1664 2668 Labbeus
1717 2606 1783 2666 in
1833 2604 2011 2668 Nova
2070 2605 2470 2667 Bibliotheca
2537 2623 2682 2667 mss.
2754 2607 3066 2668 librorum
3113 2610 3289 2679 parte
3331 2622 3404 2678 ιι,
3447 2606 3474 2679 §
3540 2606 3772 2681 1,pag.
3841 2601 3907 2664 8(

669 2714 851 2775 Alius
888 2708 1165 2772 occurrit
1214 2707 1279 2765 in
1314 2704 1771 2782 Supplemento
1801 2719 1862 2775 Χ,
1892 2720 2027 2780 pag.
2055 2703 2189 2763 386.
2216 2702 2509 2763 Nondum
2538 2708 2862 2779 premente
2896 2702 3075 2780 prelo
3112 2698 3252 2761 sive
3291 2700 3513 2762 Latine
3544 2699 3683 2762 sive
3712 2699 3907 2761 Graec

666 2820 974 2870 excusum
1022 2818 1185 2880 Opus
1218 2807 1336 2861 85L

739 2904 837 2964 1.7.
873 2902 1119 2961 Joanne
1150 2896 1457 2957 Lonicero
1496 2895 1847 2973 interprete
1882 2902 1939 2954 et
1974 2899 2257 2967 curante,
2286 2894 2510 2957 Latina
2542 2895 2888 2973 Expositio
2916 2896 2983 2956 in
3038 2902 3317 2975 quatuor
3350 2893 3693 2974 prophetas
3728 2893 3907 2971 [XXl

671 3001 969 3067 minores,
996 2992 1581 3063 Habacuc,.lonam,
1604 2990 1848 3053 Nahum
1870 2997 1925 3049 et
1958 2987 2198 3064 Oscam,
2222 2992 2393 3070 typis
2408 2992 3057 3055 Francofurtensibus
3091 2991 3331 3071 prodiit
3356 3007 3526 3053 anno
3546 2990 3726 3064 1534,
3755 2989 3907 3052 in-i

670 3092 1061 3154 Posteriores
1099 3087 1240 3149 alim
1289 3083 1591 3147 confectas
1615 3093 1765 3147 sunt
1798 3085 2121 3146 editiones
2172 3087 2415 3164 plures.
2454 3089 2524 3149 1n
2560 3088 2936 3151 Prtefatione
2991 3089 3070 3150 ad
3121 3091 3479 3163 Lectorem,
3523 3105 3667 3168 quae
3698 3088 3907 3149 eode:

667 3207 834 3253 anno
859 3187 1011 3249 1531i
1041 3193 1247 3246 notata
1282 3191 1397 3253 est,
1435 3182 1784 3243 Lonicerus
1823 3189 2031 3242 narrat
2058 3198 2078 3243 ‘:
2113 3202 2143 3238 α
2183 3184 2288 3243 Fr.
2315 3185 2636 3263 Angelum
2674 3188 3067 3259 Lucensem,
3103 3185 3249 3246 Divi
3286 3186 3550 3246 Antonii
3586 3184 3907 3246 vicarium

668 3288 1139 3363 ἤβιδλιοιρυλάκα,
1174 3280 1238 3339 in
1304 3274 1791 3355 praeclarissima
1830 3276 2067 3339 Veneta
2111 3276 2518 3356 bibliotheca,
2563 3282 3029 3362 TheOphylacti
3081 3284 3148 3343 in
3201 3290 3479 3360 quatuor
3507 3281 3701 3344 hosce
3736 3286 3907 3355 paul

667 3390 811 3441 ante
848 3382 1374 3439 commemoratos
1412 3372 1750 3451 prOphetas
1786 3381 2077 3451 ἐξηγήσεις
2105 3376 2564 3440 describendas
2603 3379 2890 3452 dedisse,
2930 3378 3415 3458 descriptasque
3449 3395 3597 3447 cum
3625 3388 3907 3460 autogra

668 3477 795 3554 pho
826 3473 1255 3536 contulisse...
1293 3469 1564 3530 Proinde
1598 3469 1757 3546 grati
1807 3470 2290 3550 erunt,inquit,
2346 3474 2577 3551 Angeli
2607 3473 2802 3552 hujus
2848 3474 3156 3552 angelicas
3222 3475 3445 3549 menti,
3478 3475 3588 3554 qui
3640 3474 3907 3555 aliqua:

672 3571 894 3632 saltem
931 3570 1029 3629 his
1056 3585 1133 3629 ex
1171 3564 1731 3628 lucubrationibus
1770 3566 2134 3629 animorum
2182 3584 2451 3631 suorum
2498 3570 2890 3649 voluptatem
2940 3573 3217 3649 capient.
3271 3594 3298 3627 »
3334 3573 3585 3633 Veneto
3646 3573 3907 3636 Canon:

668 3684 887 3732 eorum
919 3665 1331 3745 Regularium
1364 3663 1655 3725 cmnobio
1688 3663 1811 3725 sub
1858 3665 2051 3727 titulo
2083 3665 2293 3729 Sancti
2328 3664 2595 3728 Antonii
2631 3666 3013 3743 praesidebat
3050 3668 3341 3745 Angelus
3374 3669 3713 3731 Lucensis.
3768 3674 3907 3733 lnsl

669 3782 856 3844 gnem
887 3778 1067 3825 suam
1115 3762 1205 3822 ibi
1265 3760 1720 3821 bibliothecam
1772 3761 2091 3823 locaverat
2142 3762 2516 3825 Dominicus
2550 3762 2917 3836 Grimanus,
2976 3763 3333 3840 patriarcha
3384 3765 3907 3843 Aquileiensis:

669 3865 731 3926 S.
759 3864 828 3922 ll.
865 3863 931 3921 Ε.
966 3859 1328 3933 cardinalis,
1369 3857 1672 3920 incendio
1705 3866 1923 3935 postea
1953 3867 2421 3939 consumptam.

746 3962 838 4019 De
870 3957 1109 4019 codicis
1167 3953 1420 4017 defectu
1454 3955 1749 4031 queritur
1782 3957 2133 4019 Lonicerus
2172 3980 2187 4019 :
2232 3957 2312 4030 α(

2345 3955 2467 4017 uod
2503 3957 2669 4016 Osee
2704 3962 2877 4017 vates
2908 3965 3201 4035 ἀκέφαλος,
3232 3967 3474 4039 λάγαρος
3511 3966 3606 4021 καὶ
3660 3968 3906 4043 μεέουρι

670 4056 775 4117 sit.
816 4054 948 4116 Sub
1001 4054 1261 4115 initium
1314 4051 1571 4131 igiture
1600 4051 1833 4113 Graecis
1860 4052 2089 4114 Bibliis
2121 4071 2267 4132 quin
2291 4053 2578 4125 deerant,
2630 4052 2988 4132 adjecimus
3019 4054 3293 4133 (scilicet
3327 4056 3855 4134 caputprimum
3902 4081 3907 4118 ι

671 4152 888 4229 priora
920 4152 1141 4211 decem
1196 4156 1507 4211 commata
1556 4147 1827 4209 secundi
1866 4147 2141 4227 capitis.)
2175 4148 2243 4209 In
2283 4150 2497 4211 medio
2538 4148 2594 4209 si
2626 4167 2752 4225 qua
2779 4150 3105 4225 deessent,
3140 4150 3315 4213 idem
3338 4151 3637 4227 fecimus,
3671 4160 3735 4214 et
3769 4168 3907 4219 astt

674 4251 823 4311 risci
854 4250 886 4281 "
917 4248 948 4284 "
980 4247 1382 4309 indicabunt.
1421 4246 1516 4306 Ab
1554 4244 1900 4307 undecimo
1937 4246 2143 4325 capite
2176 4247 2241 4308 in
2269 4246 2456 4308 finem
2495 4263 2727 4324 usque,
2763 4244 2976 4306 blattis
3005 4246 3338 4326 tineisque
3371 4265 3672 4311 corrosus
3700 4255 3901 4327 perii

674 4362 873 4423 quare
944 4350 1315 4405 contextum
1373 4340 1722 4420 prOphetae,
1762 4344 1876 4419 qui
1908 4341 2115 4404 cuivis
2158 4360 2238 4404 ex
2264 4342 2490 4405 Bibliis
2554 4342 2788 4405 obvius
2848 4357 3007 4402 esse
3050 4350 3285 4420 potest,
3317 4349 3453 4405 tum
3488 4344 3907 4425 etiam,inte1

676 4444 924 4502 mittere
964 4440 1168 4501 visum
1205 4447 1323 4500 est.
1352 4462 1381 4495 ιο

752 4537 1084 4599 Defeclum
1112 4538 1281 4598 hunc
1312 4536 1500 4598 bonis
1547 4535 1776 4597 avibus
1814 4536 2033 4617 aliqua
2066 4554 2144 4598 ex
2176 4545 2350 4613 parte
2376 4536 2705 4617 supplevit
2739 4536 3107 4619 ChristOph.
3142 4541 3466 4603 Henricus
3503 4539 3907 4609 Ritmeieru

676 4634 786 4711 qui
828 4634 1375 4696 Commentarium
1417 4633 1494 4694 ad
1529 4634 1790 4694 initium
1823 4636 2048 4711 capitis
2085 4636 2355 4695 secundi
2395 4637 2577 4707 Osee,
2608 4636 2824 4697 Greece
2842 4653 2934 4696 ex
2965 4637 3335 4717 apographo
3366 4639 3464 4700 Jo.
3499 4638 3795 4702 Andreae
3839 4645 3907 4706 Bt

680 4730 761 4788 sii
797 4746 871 4789 ex
908 4730 1128 4790 codice
1186 4729 1643 4807 Argentinensi
1678 4729 2102 4806 descriptum,
2134 4748 2277 4791 cum
2324 4731 2619 4792 versione
2651 4748 2767 4792 sua
2789 4739 2849 4792 et
2880 4734 3053 4793 notis
3095 4733 3299 4793 edidit
3331 4734 3716 4796 Helmstadii
3755 4738 3907 4801 170

678 4827 735 4886 ι.
770 4828 859 4886 lta
892 4826 1201 4887 discimus
1239 4828 1316 4887 ab
1346 4828 1593 4886 Joanne
1621 4824 1881 4887 Alberto
1906 4826 2221 4889 Fabricio.

770 4922 870 4983 ιι8.
919 4923 1235 4999 Integram
1270 4923 1332 4982 in
1362 4922 1626 4983 eosdem
1672 4930 1950 5000 quatuor
1984 4922 2325 5000 prephetas
2349 4921 2686 4999 Exegesim
2713 4920 3002 4981 continet
3031 4922 3366 4986 Marcianas
3390 4924 3654 4987 Venetas
3684 4928 3750 4989 bi
3772 4930 3849 4999 bl
3871 4935 3907 4994 ῑ‹

678 5018 878 5079 thecas
927 5020 1153 5091 codex,
1181 5035 1250 5079 ac
1289 5020 1557 5096 insuper
1601 5019 1670 5079 in
1705 5019 2053 5081 Michteam.
2110 5019 2364 5079 Folium
2404 5019 2682 5092 primum
2720 5018 2945 5093 partim
3003 5017 3283 5081 lacerum
3331 5034 3467 5093 est;
3496 5024 3671 5101 quod
3700 5029 3907 5110 utiqi

679 5113 1054 5175 dolendum.
1092 5114 1336 5174 Similis
1366 5114 2345 5175 estCaesareo-Vindobonensis
2409 5114 2612 5176 codex
2643 5115 2762 5175 216
2812 5117 2984 5191 apud
3064 5117 3499 5191 Lambecium,
3560 5136 3692 5198 quo
3750 5126 3907 5190 Cor

684 5212 978 5272 mentarii
1010 5210 1426 5272 continentur
1457 5212 1519 5271 in
1547 5212 1793 5281 Oscam,
1824 5211 2147 5285 Ilabacuc,
2187 5214 2437 5284 Jonam,
2470 5212 2714 5275 Nahum
2747 5222 2804 5272 et
2834 5214 3179 5275 Michazam.
3218 5216 3471 5277 Codicis
3500 5217 3735 5281 titulus
3794 5237 3907 5288 est

698 5316 984 5400 Ἑξήγῃσις
1006 5320 1083 5380 εἷς
1110 5317 1235 5380 τοῦς
1271 5316 1335 5386 ιβ’
1362 5318 1672 5387 προφήτας,
1714 5310 1780 5368 in
1817 5309 2139 5371 duodecim
2185 5328 2264 5387 pr

2329 5310 2523 5371 ohetas
2584 5328 2604 5366 :
2662 5326 2741 5369 ex
2785 5325 2915 5387 quo
2954 5331 2983 5365 α
3024 5320 3289 5388 apparet
3327 5312 3741 5390 (Lambecius
3811 5326 3895 5386 ai

684 5405 1229 5483 'l‘heophylaetum
1262 5422 1486 5466 omnes
1521 5405 1863 5466 duodecim
1902 5406 2239 5483 prophetas
2274 5408 2557 5468 minores
2582 5405 3076 5467 Commentariis
3108 5408 3249 5468 suis
3281 5408 3669 5472 illustrasse.
3702 5437 3733 5470 ι

761 5504 1087 5579 lntegrum
1146 5519 1310 5579 opus
1369 5501 1819 5563 complectitur
1856 5502 2671 5565 Bavarico-Monachiensis
2706 5501 2937 5564 codex.
2975 5503 3453 5567 Commentaria
3486 5507 3555 5567 in
3589 5507 3735 5584 ipso
3794 5533 3897 5592 pr

684 5599 1167 5677 stantsequenti
1194 5600 1423 5660 ordine
1457 5623 1469 5659 :
1504 5601 1581 5659 In
1610 5598 1852 5677 Oscam,
1878 5599 2196 5675 Habacuc,
2226 5603 2473 5672 Jonam,
2496 5599 2764 5670 Nahum,
2798 5599 3147 5675 Michwam,
3176 5601 3581 5681 Sophoniam,
3614 5605 3907 5687 Aggagu,

682 5694 1081 5760 Zachariam.
1148 5693 1543 5760 Malachiam.
1576 5695 1834 5769 Joelem,
1861 5706 2066 5768 Amos,
2105 5697 2387 5760 Abdiam.
2430 5699 2633 5777 Caput
2677 5698 2958 5777 primum
2992 5700 3159 5761 Osee
3211 5712 3385 5765 caret
3446 5718 3907 5779 commentarj

685 5788 970 5866 itemque
1033 5790 1297 5851 secundi
1330 5788 1556 5869 capitis
1600 5808 1841 5853 comma
1903 5794 2199 5867 primum.
2237 5796 2307 5857 In
2334 5797 2748 5873 expositione
2806 5798 3035 5873 capitis
3073 5816 3135 5859 1v
3190 5798 3413 5862 lacuna
3462 5811 3631 5880 patet
3671 5814 3769 5881 a7
3820 5814 3878 5875 3

676 5900 931 5946 .comrua
992 5893 1265 5948 sextum.
1324 5889 1601 5950 Perfecta
1649 5896 1796 5950 sunt
1846 5906 1914 5952 ac
1964 5890 2211 5970 integra
2273 5900 2595 5971 postrema
2654 5894 2775 5957 tria
2825 5896 3031 5973 capita
3065 5914 3182 5973 xu,
3219 5916 3339 5959 xm
3365 5907 3424 5962 et
3455 5918 3591 5976 xxv,
3615 5918 3777 5968 cum
3818 5929 3907 5980 se
