3966 6398
686 364 748 430 51
1508 361 1726 426 BERN.
1770 361 2038 424 MARI/E
2077 361 2176 423 DE
2211 359 2498 424 RUBEIS
2539 359 3039 422 DISSERTATIO
3885 361 3912 419 ε,

763 473 1018 550 Quibus
1085 476 1216 534 hac
1275 471 1697 535 hebdomadis
1725 485 1802 533 ac’
1831 471 2063 535 diebus
2096 471 2392 552 legantur
2416 470 2775 550 evangelia,
2817 470 3050 533 docent
3082 471 3320 548 Typica
3360 476 3421 532 et
3459 469 3769 532 Canoma.
3811 468 3906 529 Du

685 568 1003 634 frcsnium
1035 568 1304 637 consule
1333 567 1403 632 in
1419 566 1762 635 Glouario
1797 568 2039 631 Graeco.
2081 569 2152 630 In
2186 569 2412 632 eadem
2447 566 2753 632 undecim
2790 565 3151 647 evangelia,
3174 566 3451 632 t0tidem'
3476 565 3667 629 etiam
3691 571 3913 628 exstan

690 666 976 730 homilim
1004 665 1418 743 Theophanis
1477 665 1766 728 Ceramei
1804 665 1972 744 apud
2009 663 2525 744 bibliographos.

762 764 866 828 50.
900 766 1048 828 Huic
1077 761 1458 836 scribebam,
1491 780 1638 824 cum
1664 763 1892 827 incidit
1923 765 1990 826 in
2031 779 2259 826 manus
2299 759 3181 826 Cmsareo-Vindobonensis
3206 759 3452 824 codicis
3473 756 3913 839 ap0graphum

681 863 861 940 quod
900 860 1199 923 undecim
1223 858 1511 939 prmfatas
1539 862 1827 925 continet
1859 863 1983 926 sub
2021 860 2487 942 TheOphylacti
2521 861 2787 924 nomine
2809 859 3139 924 homilias.
3177 857 3470 937 Scriptus
3493 857 3733 937 legitur
3753 865 3913 918 tuen

685 965 1184 1037 ἑπτακισχιλιαστῷ
1213 966 1430 1037 δεκάτῳ
1454 968 1714 1040 πέμπτῳ,
1741 985 1869 1039 μην.
1888 965 2092 1039 Ἰουνῑῳ
2121 973 2230 1038 κη’,

2346 975 2419 1020 no
2492 958 2672 1032 7015,
2722 973 2928 1019 meme
2956 957 3184 1031 Juuio,
3238 955 3340 1018 die
3384 957 3488 1024 28.
3527 955 3590 1018 id
3623 961 3723 1017 est
3763 971 3912 1026 ann»

689 1052 924 1116 Christi
958 1055 1352 1119 1507.1llico
1380 1055 1541 1120 facta
1591 1055 1891 1135 diligenti
1932 1073 2077 1119 cum
2129 1054 2592 1136 TheOphylacti
2647 1054 3130 1118 Commentariis
3159 1055 3230 1116 in
3257 1061 3536 1134 quatuor
3603 1052 3910 1133 Evangeli

682 1148 1054 1225 collatione,
1115 1152 1457 1230 perspicue
1503 1159 1813 1231 certoque
1844 1152 2134 1215 innotuit
2179 1168 2259 1214 ex
2300 1151 2403 1214 his
2440 1153 2521 1214 de
2556 1151 2754 1214 verbo
2790 1152 2868 1213 ad
2903 1153 3172 1218 verbum
3205 1167 3317 1214 eas
3345 1151 3765 1230 transcriptas
3797 1165 3905 1212 ess

682 1243 986 1310 homilias
1031 1263 1279 1323 omnes,
1315 1257 1634 1328 postrema
1660 1257 1835 1328 parte
1871 1250 2539 1314 homilimundecimre
2568 1255 2857 1326 excepta.

758 1344 883 1406 Res
925 1344 1010 1406 ita
1043 1361 1113 1408 se
1137 1345 1348 1409 habet.
1402 1341 1753 1411 Undecima
1809 1347 1922 1410 illa
1991 1345 2263 1414 homilia
2293 1347 2521 1429 incipit
2554 1364 2590 1410 a
2635 1353 2694 1423 7.
2732 1348 2808 1410 15
2865 1345 3098 1426 capitis
3128 1362 3248 1407 ιιι
3278 1343 3760 1418 Joannis,Cum
3794 1360 3913 1424 erg,

673 1439 1110 1518 prandisuut,
1167 1442 1322 1505 dicit
1366 1444 1612 1505 Simoni
1643 1444 1834 1507 Petro
1891 1447 2097 1509 Iesus.
2142 1447 2448 1526 Sequitur
2503 1443 2972 1525 TheOphylacti
3008 1441 3376 1522 Expositio,
3411 1442 3636 1504 eadem
3669 1458 3905 1518 prorsu

676 1555 823 1617 qum
846 1539 910 1600 in
944 1541 1425 1605 Commentario
1472 1543 1556 1605 ad
1601 1561 1812 1623 usque
1837 1549 1892 1618 ᾗ.
1929 1545 2032 1616 23,
2076 1545 2181 1608 Sic
2211 1561 2347 1605 eum
2373 1544 2515 1612 volo
2544 1560 2795 1604 manere
2818 1541 3014 1604 donec
3042 1541 3314 1614 veniam,
3357 1539 3512 1619 quid
3539 1537 3621 1601 ad
3648 1549 3707 1601 te
3728 1542 3759 1601 ἲ
3793 1540 3910 1601 Hae

677 1651 827 1697 vero
853 1637 920 1698 in
953 1638 1430 1702 Commentario
1462 1638 1556 1703 sic
1607 1641 1851 1703 desinit
1882 1641 2208 1721 eXpositio
2260 1664 2275 1704 :
2323 1663 2354 1699 «
2378 1640 2507 1704 Alii
2539 1647 2753 1702 autem
2781 1638 3122 1713 afﬁrmant,
3181 1637 3358 1717 quod
3395 1644 3692 1699 mortuus
3728 1635 3910 1700 tueri

671 1732 981 1812 (Joannes
1017 1734 1135 1809 :)et
1166 1735 1549 1816 quod‘dicit,
1574 1737 1681 1800 Sic
1712 1755 1850 1799 eum
1876 1739 2016 1801 volo
2051 1757 2323 1812 manere,
2379 1737 2752 1817 intelligunt
2783 1737 2950 1800 sicut
2979 1737 3380 1815 interpretati
3413 1751 3663 1798 sumus.
3699 1736 3909 1797 Omne

673 1828 1025 1905 Opiniones
1066 1831 1378 1906 diximus,
1411 1851 1493 1897 ne
1525 1851 1722 1914 quam
1749 1836 2050 1916 ignorent
2083 1837 2386 1899 studiesi.
2422 1833 2622 1897 Nobis
2653 1841 2869 1896 autem
2919 1832 3151 1912 placet,
3191 1839 3263 1895 ut
3295 1834 3506 1893 Donec
3549 1832 3803 1892 veniam
3843 1832 3912 1893 in

672 1924 1026 2006 telligatur,
1065 1927 1233 1991 sicut
1270 1930 1751 2012 Chrysostomo,
1788 1933 2012 1997 divino
2042 1941 2102 1995 et
2129 1949 2329 1998 aureo
2361 1932 2459 1994 illi
2492 1932 2614 2006 ori,
2649 1929 2933 2006 videtur,
2966 1945 3095 1992 non
3119 1928 3199 1991 de
3243 1929 3368 1991 vita
3409 1928 3561 1990 :sed
3593 1927 3773 2008 quod
3811 1944 3913 1990 n01

670 2022 756 2082 sit
778 2021 1156 2102 jungendus
1191 2027 1449 2089 Petro.»
1477 2029 1627 2090 Post
1650 2028 1782 2091 hinc
1805 2037 2171 2109 sequuntur
2195 2036 2504 2093 commata
2543 2027 2874 2108 Evangelii
2912 2034 3234 2106 postrema
3265 2027 3420 2101 duo,
3454 2026 3579 2088 Hic
3615 2033 3710 2086 est
3749 2025 3913 2088 disci

667 2116 864 2196 putus
894 2120 1162 2198 {XXIII}
1193 2123 1323 2194 ille,
1350 2130 1496 2196 etc.,
1549 2140 1621 2186 ac
1648 2124 1828 2189 hisce
1883 2124 2096 2188 verbis
2153 2127 2384 2205 incipit
2426 2123 2894 2204 Theophylacti
2961 2123 3441 2203 interpretatio,
3478 2124 3748 2198 «Quare
3786 2140 3913 2186 cun

673 2213 894 2277 nullus
924 2217 1648 2296 evangelistarumalius
1679 2221 1760 2284 de
1785 2239 1856 2283 se
1887 2222 2028 2302 ipso
2053 2222 2412 2301 perhiberet
2436 2221 2906 2294 testimonium,
2937 2218 3045 2284 hic
3063 2220 3142 2282 de
3174 2236 3245 2282 se
3275 2219 3423 2300 ipso
3451 2226 3745 2290 testatur.
3774 2230 3900 2282 etc.

750 2312 900 2375 Hinc
941 2330 1091 2376 vero
1123 2325 1444 2394 postrema
1474 2318 1920 2394 Expositionis
1936 2321 2294 2400 parslonge
2324 2319 2542 2382 differt
2575 2317 2642 2380 in
2675 2317 2977 2392 homilia;
3011 2334 3287 2397 eamque
3315 2317 3685 2396 praecedunt
3719 2317 3913 2399 plura

670 2425 813 2484 qum
845 2409 910 2471 in
941 2411 1416 2475 Commentario
1447 2414 1922 2478 desiderantur.
1957 2417 2054 2479 Ab
2077 2417 2211 2478 illis
2241 2415 2478 2490 verbis,
2513 2415 2648 2476 Alii
2679 2423 2887 2474 autem
2916 2413 3262 2502 afﬁrmant,
3295 2413 3524 2492 incipit
3559 2415 3913 2494 discrepan

673 2505 777 2566 tia.
801 2507 1268 2586 Nempe,«Alii
1297 2518 1512 2572 autem
1544 2510 1912 2575 affirmant»
1945 2512 2185 2593 (Latina
2217 2513 2514 2576 versione
2549 2519 2717 2583 utor,
2755 2527 2950 2590 quam
2980 2510 3208 2572 doctus
3246 2511 3629 2586 peritusque
3665 2510 3904 2591 lingua

669 2618 811 2662 rum
840 2603 1283 2681 orientalium,
1312 2608 1678 2671 consodalis
1715 2626 1928 2687 meus,
1956 2609 2326 2672 Bonifacius
2363 2611 2656 2673 Finattus
2678 2608 3038 2687 adornavit)
3082 2631 3111 2664 «ι
3139 2625 3287 2670 eum
3324 2611 3580 2688 prOprie
3609 2609 3913 2674 obdormi

665 2701 837 2762 visae
863 2744 878 2771 ,
918 2718 1037 2762 seu
1070 2710 1392 2767 mortuum
1444 2721 1613 2766 esse.
1655 2707 1906 2768 Etenim
1933 2715 2076 2786 post
2121 2705 2559 2771 Domitianum
2596 2704 2939 2784 imperavit
2995 2707 3202 2767 Nerva
3259 2715 3503 2768 annum
3543 2723 3780 2782 unum,
3826 2727 3913 2789 qu

663 2791 976 2853 Joannem
1009 2809 1089 2854 ex
1123 2793 1334 2859 insula
1364 2795 1580 2860 Patmo
1623 2808 2014 2874 revocatum,
2046 2803 2340 2880 permisit
2374 2802 2660 2866 habitare
2693 2801 3094 2881 Ephesi.Hic
3124 2819 3272 2864 cum
3302 2801 3482 2865 solus
3509 2819 3590 2865 ex
3623 2807 3906 2868 omnibu

665 2885 1009 2964 discipulis
1045 2896 1377 2966 superstes
1411 2893 1848 2969 remansisset,
1882 2913 2160 2976 cumque
2209 2900 2574 2979 scripsisset
2634 2898 3088 2980 Evangelium,
3117 2899 3184 2962 in
3223 2915 3374 2978 pace
3405 2899 3680 2980 quievit.
3723 2923 3759 2959 ιι
3796 2905 3913 2980 Qu.

665 2989 745 3048 de
785 3004 851 3049 re
887 2987 1152 3049 Eusebii
1201 2990 1643 3054 testimonium
1673 2992 2018 3056 adducitur
2049 2996 2115 3058 in
2145 2999 2452 3059 Historia:
2487 2996 2728 3059 Eccles.
2757 2994 2927 3060 libro
2963 3014 3052 3071 ιιι,
3091 2996 3299 3075 capite
3334 2997 3364 3058 1
3401 3005 3464 3059 et
3494 2999 3597 3073 31,
3639 2997 3913 3081 itemqu.

662 3081 1018 3161 Polycratis
1047 3084 1478 3163 Ephesiorum
1513 3088 1801 3166 episcopi
1842 3088 2010 3168 apud
2033 3090 2249 3169 ipsum
2283 3093 2642 3157 Eusebium
2683 3091 2850 3156 libro
2884 3104 2947 3170 v,
2983 3095 3191 3172 capite
3217 3093 3320 3168 Ωιι,
3357 3109 3430 3157 ac
3460 3094 3722 3158 demum
3765 3097 3913 3179 Hip

666 3179 870 3257 polyti
909 3183 1206 3252 Romani,
1268 3201 1384 3246 seu
1420 3185 1822 3258 Portuensis,
1856 3185 1924 3248 iu
1953 3187 2269 3266 opusculo
2298 3187 2387 3252 De
2412 3190 2871 3271 pradicatione
2918 3201 2978 3254 et
3031 3190 3210 3254 obitu
3241 3192 3704 3271 apostolorum,
3755 3212 3911 3274 qua

665 3277 952 3356 vulgavit
987 3280 1293 3359 notisque
1320 3281 2079 3347 illustravitFranciscus
2114 3286 2556 3352 Combeﬁsius.
2602 3289 2679 3350 Ili
2720 3305 2946 3358 omnes
2979 3288 3100 3350 vita
3126 3288 3362 3366 Ephesi
3402 3290 3713 3371 migrasse
3741 3295 3911 3357 Joan

665 3389 810 3434 nem
843 3381 1184 3438 testantur.

741 3471 887 3531 Haec
949 3470 1142 3532 trium
1178 3473 1438 3533 testium
1496 3474 1666 3536 dicta
1719 3475 1965 3564 ibidem
1998 3475 2063 3539 in
2098 3477 2364 3541 homilia
2426 3480 2668 3560 excipit
2707 3480 3258 3560 interpretatioin
3309 3483 3648 3564 Evangelii
3680 3484 3911 3549 locum

662 3564 845 3641 Quod
873 3567 1082 3626 sieum
1111 3568 1249 3628 volo
1280 3586 1550 3642 manere,
1583 3584 1728 3648 quas
1768 3561 2079 3634 tribuitur
2109 3573 2407 3648 Cmsario,
2429 3577 2727 3657 Gregorii
2764 3579 3153 3641 Nazianzeni
3188 3578 3406 3655 fratri,
3439 3561 3908 3656 in'Quautioni

661 3662 775 3723 bus
807 3663 941 3723 sive
973 3662 1252 3744 Dialogis
1284 3684 1346 3728 IV
1366 3665 1635 3727 derebus
1665 3669 1988 3746 gravibus.
2021 3670 2311 3732 Prostant
2343 3672 2408 3734 hi
2456 3674 2522 3735 in
2559 3675 2981 3755 Lugdunensi
3010 3677 3406 3741 Bibliotheca
3442 3679 3720 3754 Patrum,
3768 3688 3819 3742 t.
3861 3684 3911 3744 V

659 3761 728 3822 in
782 3761 908 3822 ﬁne
967 3761 1205 3839 dialogi
1260 3779 1329 3823 ιιι
1375 3764 1504 3825 ιιωο
1561 3765 1928 3840 habentur,
1987 3783 2132 3845 quas
2180 3777 2328 3830 sunt
2378 3771 2602 3832 eadem
2669 3769 2733 3833 in
2793 3773 3062 3834 homilia
3098 3798 3110 3835 :
3151 3798 3177 3829 α
3220 3776 3560 3848 Quomodo
3615 3779 3812 3839 Petro
3861 3782 3911 3841 di

658 3859 906 3918 Joanne
967 3858 1364 3937 evangelista
1394 3861 1548 3923 dicit
1587 3862 1928 3937 Dominus,
1987 3862 2173 3939 Quod
2211 3868 2268 3927 si
2295 3867 2552 3928 voluero
2580 3869 2784 3948 ipsum
2819 3888 3089 3946 manere,
3136 3870 3332 3932 donec
3366 3874 3630 3946 veniam,
3656 3876 3826 3952 quid
3860 3898 3911 3938 at

658 3957 760 4017 te?
785 3955 843 4015 id
882 3957 1054 4034 quod
1081 3957 1340 4033 indicat,
1369 3961 1582 4038 ipsum
1619 3961 1832 4024 vivere
1862 3977 2071 4042 usque
2095 3964 2170 4025 ad
2209 3961 2424 4025 seaculi
2450 3965 3096 4026 consummationem.
3131 3966 3319 4026 Resp.
3366 3967 3504 4044 Ipse
3535 3969 3834 4033 Joannes
3869 3973 3911 4036 il

667 4054 1018 4130 Evangelia
1054 4072 1173 4116 suo
1207 4055 1270 4116 id
1309 4058 1472 4118 circa
1509 4058 1700 4119 finem
1730 4059 2101 4132 declaravit,
2161 4060 2384 4122 dicens
2419 4079 2432 4121 :
2467 4061 2709 4124 Etcum
2747 4060 3122 4137 dixissetsi,
3156 4063 3277 4126 hoc
3300 4073 3396 4126 est
3420 4067 3629 4138 Petro,
3663 4087 3908 4148 requer

657 4167 747 4206 me
784 4171 800 4206 :
835 4167 1170 4210 conversus
1199 4161 1407 4212 autem
1437 4155 1687 4228 Petrus,
1723 4164 1879 4216 etc.:
1920 4157 2451 4236 quandoquidem
2479 4159 2652 4220 enim
2681 4159 2858 4238 ipsos
2889 4159 3208 4238 piscantes
3244 4162 3621 4238 offenderat,
3661 4167 3909 4231 Petrun

657 4247 991 4306 admonuit
1057 4254 1125 4307 ut
1163 4265 1231 4308 se
1271 4258 1674 4328 sequeretur.
1726 4252 2225 4314 Volebatautem
2259 4255 2370 4315 ille
2409 4263 2470 4316 et
2503 4255 3026 4335 cmdiscipulum
3061 4273 3188 4319 una
3213 4259 3538 4337 cumipsis
3571 4261 3909 4338 proﬁcisci

656 4341 941 4420 dicitque
977 4343 1052 4404 ad
1087 4346 1309 4406 Jesum
1358 4370 1370 4406 :
1412 4349 1700 4422 Domi-ne,
1766 4347 1866 4409 hic
1897 4359 2104 4410 autem
2159 4349 2352 4428 quid?
2380 4351 2585 4424 Quem
2634 4349 2927 4414 indicare
2989 4351 3211 4414 volens
3234 4355 3452 4428 Jesus,
3486 4357 3722 4420 debere
3744 4377 3909 4438 aput

658 4455 824 4499 mare
861 4456 1119 4502 manere
1154 4441 1238 4521 (in
1278 4443 1654 4523 piscatione)
1685 4445 1895 4522 inquit
1943 4449 2050 4507 :Si
2081 4447 2338 4509 voluero
2362 4448 2570 4528 ipsum
2592 4467 2840 4512 manere
2877 4449 2974 4530 (ad
3011 4450 3419 4534 piscandum)
3446 4452 3641 4517 donec
3672 4462 3909 4523 venias

656 4537 816 4598 (sive
845 4539 968 4598 huc
1017 4541 1346 4620 revertar),
1378 4543 1528 4620 quid
1555 4545 1637 4603 ad
1672 4548 1813 4604 te?»

738 4660 985 4739 Dialogi
1023 4665 1159 4723 loco
1223 4664 1412 4724 citato
1449 4665 1512 4725 iu
1555 4667 1947 4729 Bibliotheca
1983 4672 2235 4729 Patrum
2269 4670 2545 4731 Cmsario
2579 4671 2982 4741 tribuuntur,
3039 4689 3220 4751 «quo
3259 4683 3545 4756 tempore
3577 4696 3608 4741 a
3644 4684 3909 4747 secreti

657 4766 812 4830 erat,
847 4765 907 4819 et
933 4759 1491 4836 Constantinopoli
1528 4763 1766 4824 docens
1809 4765 2036 4844 viginti
2067 4780 2270 4825 annos
2303 4765 2839 4838 commorabatur.
2869 4787 2894 4817 ι)
2924 4764 2991 4824 In
3038 4762 3309 4828 homilia
3333 4770 3428 4831 sic
3459 4770 3699 4849 legitur
3730 4795 3746 4834 :
3776 4787 3901 4840 xm

658 4867 842 4932 scipio;
876 4865 1171 4934 ἐρωτηθεὶς
1195 4867 1250 4917 ἐν
1281 4867 1854 4925 Κωνσταντινουπόλει
1895 4872 1984 4923 ἐπὶ
2025 4870 2224 4938 συκρέτ

2339 4868 2639 4936 ξσεκρέτου)
2679 4869 2810 4939 περὶ
2839 4871 3052 4938 τούτου,
3089 4867 3403 4930 Caesarius
3477 4871 3905 4950 interrogant

654 4953 724 5014 dc
749 4957 860 5014 hoc
891 4955 1191 5030 privatim
1224 4964 1280 5012 et
1310 4955 1739 5032 familiariter,
1761 4957 2111 5036 respondit.
2139 4961 2220 5018 Vo

2377 4956 2503 5023 illae.
2539 4967 2907 5038 ἐπισικρίτου,
2940 4980 3057 5030 seu
3096 4977 3482 5045 ὲπισεκρέτου,
3514 4968 3906 5047 conjunctin

656 5060 949 5126 διιίιριω,
977 5052 1406 5123 secretarium,
1431 5052 1525 5112 vel
1563 5073 1598 5110 a
1643 5057 1895 5114 secretis
1934 5056 2295 5131 signiﬁcant
2337 5067 2440 5118 :at
2469 5070 2687 5123 nostro
2720 5064 2782 5124 i1
2835 5063 3057 5128 codice
3084 5068 3461 5145 disjunctim
3511 5066 3907 5130 scribuntur

653 5165 722 5206 ac
759 5147 1120 5222 signiﬁcant
1172 5155 1436 5219 secreto,
1471 5166 1582 5208 seu
1609 5150 1936 5226 privatim,
1971 5162 2029 5212 et
2070 5154 2496 5230 fann‘liariter,
2527 5157 2869 5222 scitissime
2924 5163 3270 5225 adnotante
3333 5166 3521 5225 Petro
3576 5162 3907 5228 Lambecil

659 5243 821 5301 libro
857 5261 942 5311 Iv,
981 5262 1120 5319 pag.
1154 5244 1254 5311 37,
1295 5244 1400 5303 ubi
1440 5254 1685 5312 cratera,
1721 5265 1862 5323 quae
1901 5259 2288 5326 sequuntur,
2345 5252 2533 5313 verba
2565 5256 2827 5334 corrigit
2860 5279 2872 5317 :
2905 5274 2975 5319 ac
3003 5277 3169 5335 opus
3220 5259 3409 5333 illud,
3446 5259 3640 5321 veluti
3679 5263 3907 5339 genui

656 5356 806 5398 num
850 5340 1099 5399 Caesarii
1133 5340 1355 5409 fetum,
1386 5341 1579 5401 multa
1607 5344 2291 5406 vindicateruditione.

731 5438 829 5497 51.
865 5441 960 5498 An
1008 5455 1156 5500 vero
1223 5440 1350 5499 hec
1385 5440 1906 5519 'l‘heOphylactus
1947 5443 2406 5506 Commentario
2450 5464 2570 5509 suo
2599 5450 2663 5510 in
2694 5452 2998 5512 Joannem
3029 5454 3310 5514 secunda
3337 5470 3527 5514 manu
3563 5454 3907 5522 addiderit

653 5548 1055 5612 suorumque
1077 5537 1692 5599 Commentariorum
1738 5541 1800 5600 in
1846 5543 2182 5620 Evangelia
2227 5557 2434 5621 partes
2470 5549 2634 5623 illas,
2680 5549 2741 5610 in
2779 5552 3019 5631 quibus
3049 5555 3258 5630 agitur
3295 5555 3373 5614 de
3434 5559 3907 5619 l‘ESUl‘l‘eCliOlll

652 5629 936 5695 Domini.
970 5633 1034 5689 in
1071 5635 1370 5693 undecim
1422 5637 1753 5711 praedictas
1817 5636 2114 5700 homilias
2152 5645 2512 5721 redegerit?
2539 5629 2990 5708 Pronus‘feror
3024 5650 3433 5725 utjudicem,
3482 5652 3905 5727 posterior-en

651 5726 1021 5803 quempiam
1055 5729 1344 5791 Grmcum
1402 5739 1535 5793 tum
1571 5736 1881 5795 Homilias
1917 5737 1980 5795 in
2007 5739 2288 5799 undecim
2328 5745 2644 5820 evangelia
2681 5747 2992 5806 matutina
3026 5749 3535 5809 Resurrectionis
3576 5765 3653 5816 ex-
3689 5753 3794 5812 Th
3815 5773 3900 5816 eo

649 5818 928 5901 phylacti
989 5825 1483 5891 Fommentariis
1540 5833 2048 5912 transcripsisse,
2099 5848 2231 5899 tum
2283 5818 2666 5917 postremam
2705 5843 3041 5907 invectain
3082 5847 3372 5924 ejusdem
3426 5846 3888 5924 Theophvlact
