3966 6396
128 384 177 447 53
887 375 988 439 DE
1026 369 1931 442 THEOPHYLACTIGESTIS
1973 370 2068 432 ET
2109 365 2485 431 SCRIPTIS.
3290 357 3376 423 5b

129 501 292 555 incum
322 489 824 572 interpolatione
859 489 1167 552 auxisse.
1199 489 1320 550 Pro
1359 503 1538 550 more
1572 501 1694 548 suo
1741 486 2064 569 Bulgarus
2098 479 2642 560 archiepiscopus
2671 475 2882 541 varias
2911 473 3198 539 aliorum
3241 477 3382 555 cpi-

127 593 310 654 niones
358 588 553 658 refert
600 591 669 653 in
699 588 1197 663 Commentario,
1227 603 1303 650 ac
1337 583 1592 664 praefert
1621 579 1721 645 eis
1767 581 2043 645 Joannis
2073 574 2528 658 Cbrysostomi
2578 573 3093 654 expositionem.
3139 573 3376 636 Contra

128 704 318 752 morem
341 686 516 752 hunc
553 686 859 758 inseruit,
893 703 964 748 ac
999 684 1277 759 addidit,
1309 680 1562 749 scilicet
1587 679 2040 754 interpolator,
2071 674 2452 740 testimonia
2483 671 2784 744 Eusebii,
2808 678 2870 735 et
2894 669 3284 752 Polycratis,
3319 679 3382 734 et

127 785 406 866 Hippolyti
437 784 522 847 de
556 790 762 846 morte
815 782 1084 844 Joannis
1145 777 1576 860 evangelista)
1613 797 1629 838 :
1671 791 2041 863 novamque
2099 773 2351 840 invexit
2405 769 2670 841 Ctesarii
2725 767 3374 866 interpretationem.

126 864 248 945 Tum
282 864 428 945 vero
454 882 972 970 conﬁrmationis
1018 879 1159 944 loco
1197 881 1458 942 adnotat
1497 899 1512 938 :
1552 875 1621 940 in
1652 871 1882 937 multis
1912 871 2164 952 pluries
2196 885 2452 941 errasse
2484 865 2855 947 discipulos
2895 865 3069 970 circa
3101 864 3382 970 interro-

122 981 356 1061 gatione:
398 980 652 1050 Christi
683 960 1244 1057 et'ruponsiones.
1272 975 1485 1056 Atque
1542 975 1813 1037 demum
1870 968 2258 1049 opinionem
2315 967 2520 1040 illam,
2571 981 2769 1048 quam
2822 962 3140 1061 superius
3174 960 3386 1061 Tbeo-

123 1056 409 1156 phylactus
448 1056 944 1148 memoraverat,
980 1081 1044 1135 et
1071 1073 1138 1135 in
1185 1072 1402 1139 medio
1435 1069 1816 1152 reliquerat,
1861 1068 1941 1132 de
1972 1068 2236 1135 Joanne
2292 1062 2702 1142 evangelista
2740 1061 2818 1124 ad
2849 1056 3384 1123 aununtiandum

123 1173 310 1236 Christi
365 1174 722 1236 adventum
780 1188 929 1235 cum
996 1169 1269 1232 Henoch
1293 1177 1355 1232 et
1382 1168 1524 1232 Elia
1571 1166 1744 1231 inter
1779 1167 1962 1230 vivos
2016 1170 2376 1234 asservato,
2414 1161 2704 1230 vocatad
2745 1176 3024 1224 examen
3060 1174 3385 1236 :eamque

123 1270 313 1333 refellit
347 1271 560 1351 ipsius
604 1270 880 1335 Joannis
919 1267 1392 1333 testimonioin
1424 1265 1820 1348 Apocalypsi
1857 1264 2072 1342 capite
2126 1281 2220 1336 ιι,
2252 1266 2312 1337 9.
2347 1261 2386 1323 3
2423 1269 2486 1323 et
2521 1273 2740 1340 seqq.,
2804 1257 2920 1322 ubi
2962 1255 3243 1318 duorum
3278 1271 3386 1317 so-

124 1369 405 1438 lummodo
437 1368 700 1430 testium
751 1366 998 1430 mentio
1038 1373 1155 1429 est.
1197 1365 1344 1434 Hac
1373 1380 1531 1428 sane
1569 1363 2005 1426 methoduma
2033 1359 2529 1440 TheOphylacto
2577 1353 3114 1420 constantissime
3148 1351 3383 1416 obser-

125 1472 280 1531 vatam
311 1465 587 1527 minime
620 1465 912 1543 sapiunt.

174 1561 471 1626 Postrema
506 1573 884 1644 sequuntur
913 1559 1260 1642 Evangelii
1292 1561 1660 1625 secundum
1684 1559 2016 1622 Joannem.
2036 1557 2356 1616 commata
2373 1550 2509 1614 duo
2537 1571 2552 1612 :
2597 1550 2722 1613 Hic
2741 1557 2831 1610 est
2866 1545 3229 1628 discipulus
3250 1546 3386 1622 ille,

120 1657 198 1738 qui
227 1643 648 1722 testimonium
671 1659 965 1740 perhibet
985 1656 1060 1721 de
1079 1661 1206 1734 hic,
1236 1667 1361 1723 etc.
1387 1655 1641 1727 Gravis,
1677 1673 1750 1718 ac
1779 1651 2016 1724 solida,
2051 1656 2115 1712 et
2139 1647 2459 1711 historica
2489 1645 2560 1709 in
2597 1645 3074 1710 commentario
3138 1643 3388 1724 legitur

120 1755 517 1837 interpretatio
554 1779 570 1818 :
613 1761 932 1827 Joannem
965 1760 1047 1828 de
1074 1758 1299 1836 seipso
1350 1753 1702 1836 perhibere
1743 1746 2226 1823 testimonium,
2259 1761 2411 1809 cum
2438 1743 2501 1809 id
2525 1741 2799 1822 [XXIV]
2821 1742 3394 1821 evangelietarum

120 1850 247 1913 alius
271 1854 477 1934 egerit
503 1871 703 1918 nemo
738 1873 753 1920 :
802 1861 1205 1936 postremum
1246 1852 1483 1926 fuisse,
1523 1849 1641 1933 qui
1672 1845 2108 1926 Evangelium
2139 1843 2484 1920 scriberet,
2509 1859 2546 1906 a
2582 1843 2852 1907 Christo,
2882 1841 3244 1910 excitatum
3275 1863 3293 1904 :
3322 1849 3389 1904 et

118 1947 242 2012 hanc
267 1939 345 2013 ob
376 1968 649 2017 causam
699 1970 872 2035 saepe
895 1983 898 1986 >
923 1952 1304 2028 dilectionis
1347 1948 1759 2019 meminisse,
1793 1939 2175 2025 quaipsum
2218 1941 2493 2005 divinus
2543 1939 2858 2020 Magister
2892 1940 3149 2003 ratione
3183 1955 3389 2018 pecu-

119 2043 227 2107 liari
271 2047 580 2127 dignatus
624 2049 865 2114 fuerat.
920 2050 1068 2115 Alia
1101 2057 1203 2113 est
1249 2047 1584 2130 expositio
1614 2045 1686 2120 in
1723 2039 2000 2110 bomilia
2059 2057 2208 2120 quae
2253 2036 2541 2112 violenta
2582 2038 2774 2115 ssatis
2828 2037 3136 2101 videtur:
3172 2038 3388 2117 «Ego,

117 2141 434 2222 discipulus
475 2145 592 2208 ille
626 2162 662 2208 a
693 2146 972 2210 Domino
1003 2138 1310 2221 dilectus,
1345 2152 1409 2208 et
1439 2145 1555 2226 qui
1591 2140 1893 2209 recubuit
1917 2155 2122 2218 super
2154 2145 2383 2218 pectus
2435 2137 2884 2210 Dominicum,
2939 2135 3259 2199 conﬁrmo
3286 2152 3390 2199 me

118 2252 227 2298 esse
252 2237 638 2303 moriturum
671 2240 858 2321 juxta
899 2245 1148 2306 natura
1201 2242 1435 2321 legem.
1461 2241 1582 2302 Vel
1622 2238 1811 2304 aliter
1862 2257 1874 2300 :
1921 2237 2036 2300 ille
2065 2236 2144 2300 ab
2174 2235 2497 2315 apostolis
2562 2234 2978 2314 prmdicatus,
3041 2229 3222 2316 quad
3258 2248 3398 2298 non

117 2339 249 2395 esset
293 2337 677 2413 moriturus,
715 2338 769 2400 is
794 2338 934 2418 ipse.
972 2345 1094 2416 est,
1127 2339 1242 2420 qui
1294 2337 1744 2409 testimonium
1804 2333 2106 2419 perhibet
2142 2332 2223 2397 de
2276 2331 2407 2395 his.
2448 2355 2478 2389 ι
2516 2330 3091 2414 Interpretationis
3153 2347 3393 2394 conve-

117 2428 382 2494 nientiam
417 2450 620 2498 nemo
643 2433 855 2498 videat
883 2435 1106 2504 ullam.
1143 2437 1390 2522 (lentare
1421 2444 1576 2500 sunt
1608 2437 1676 2498 in
1709 2431 2183 2501 commentario
2220 2433 2484 2514 egregie
2505 2430 2792 2507 dicta,‘et
2824 2430 3054 2501 latiore
3085 2445 3395 2494 sermone

116 2527 386 2606 exposita.
423 2531 598 2595 Sunt
649 2547 806 2595 vero
837 2531 1033 2611 levia,
1071 2551 1220 2614 qum
1249 2534 1574 2598 habentur
1607 2535 1672 2597 in
1718 2532 2017 2605 bomilia,
2053 2547 2125 2593 ac
2179 2529 2366 2593 humi
2419 2536 2684 2609 repunt,
2745 2534 3107 2611 paucisque
3171 2527 3400 2594 verbis

117 2627 750 2706 comprehenduntur.
784 2631 1018 2693 Fetura
1048 2631 1253 2694 Graeci
1299 2632 1642 2712 cujusdam
1671 2630 2099 2706 recentioris,
2134 2630 2200 2692 ni
2230 2627 2449 2706 fallor,
2487 2628 2770 2692 maxime
2811 2637 3104 2709 apparet.

1646 2803 1807 2868 Χιν.

119 2963 419 3045 [laetitiam
445 2964 991 3045 moderationem
1016 2963 1386 3045 veneranda
1410 2965 1622 3026 crucia
1656 2961 1859 3045 medio
1896 2963 2310 3045 Jgjum'orum
2352 2967 2637 3045 tempore
2661 2961 2878 3045 Graec
2905 2971 2962 3045 et
2993 2960 3230 3045 Latine
3249 2961 3395 3045 cul-

172 3045 324 3122 gacit
360 3043 652 3105 Iacobus
713 3043 1049 3108 Gretserus
1091 3066 1104 3106 :
1133 3045 1267 3106 alia
1288 3043 1624 3107 inlaancttc
1657 3043 1887 3122 Maria
1936 3039 2497 3122 Prwscntationcni
2520 3046 2589 3107 in
2617 3042 2850 3118 templo
2891 3041 3120 3104 Latine
3156 3039 3328 3104 edita
3357 3063 3397 3122 a

174 3120 505 3204 frontiue
563 3122 1386 3204 CombeﬁsioLFragmenta
1433 3122 1720 3203 epistolae
1761 3120 1844 3183 ad
1900 3121 2242 3186 Nicolaum
2289 3121 2634 3204 diaconum
2679 3132 2738 3204 ct
2774 3123 3193 3204 canstrisium
3217 3121 3394 3204 apud

174 3200 615 3265 Lcunclavium
638 3205 708 3266 in
736 3200 894 3282 Jure
936 3200 1485 3267 Greece-Romano
1541 3226 1562 3263 :
1597 3203 1849 3282 integra
1879 3219 2028 3262 vero
2059 3211 2272 3265 ea‘stat
2295 3203 2366 3269 in
2402 3203 2617 3282 codice
2656 3202 3155 3282 Vindobonertsi.
3212 3200 3390 3266 Vocis

173 3285 554 3424 Egnatrisii
574 3308 601 3338 ι
635 3281 1011 3424 ετῗριίσαιίο.
1049 3284 1130 3345 In
1165 3284 1378 3346 eadem
1434 3279 1850 3345 continentur
1874 3283 2057 3343 varia
2103 3290 2237 3361 quae
2295 3281 2472 3371 apud
2502 3281 2990 3362 bibliographos
3025 3279 3395 3365 distingue-

302 3380 384 3424 ur
414 3381 672 3424 onuscu
702 3382 763 3423 a.

203 3371 384 3425 antur
414 3371 763 3444 opuscula.

173 3509 254 3571 52.
287 3507 381 3571 Ad
410 3508 576 3585 alia,
620 3527 774 3590 quae
801 3509 965 3573 sacri
997 3511 1366 3589 argumenti
1391 3516 1546 3573 sunt
1570 3508 1919 3590 Opuscula,
1955 3508 2359 3571 recensende
2402 3525 2778 3576 sermonem
2811 3516 3150 3572 converto.
3181 3510 3405 3574 Homi-

121 3603 230 3666 liam
257 3605 322 3668 in
346 3604 810 3669 adorationem
842 3604 1214 3668 veneranda
1250 3607 1465 3672 crucis
1486 3606 1692 3676 medio
1722 3608 2137 3688 .lcjuniorum
2169 3615 2476 3687 tempore,
2534 3607 2892 3688 descripsit
2928 3625 3010 3671 ex
3056 3607 3402 3672 Bavarico—

121 3702 522 3766 Monachiensi
555 3703 785 3766 codice
839 3699 1121 3767 Iacobus
1182 3705 1564 3778 Gretserus,
1634 3704 1860 3766 Latine
1898 3704 2117 3780 vertit,
2161 3703 2589 3784 vulgavitque
2622 3705 2845 3767 Graece
2873 3711 2937 3767 et
2968 3705 3194 3767 Latine
3223 3713 3401 3767 tomo

122 3797 247 3862 1ch
272 3810 502 3864 sancta
569 3819 788 3876 cruce,
820 3818 890 3863 ac
921 3802 1121 3864 etiam
1166 3801 1340 3865 notis
1390 3801 1767 3864 illustravit.
1802 3802 2090 3864 Adnotat
2124 3801 2298 3864 idem
2356 3801 2714 3864 Gretserus
2754 3802 2926 3865 libro
2957 3821 3001 3878 1,
3039 3804 3248 3882 capite
3279 3805 3382 3876 67,

123 3897 260 3959 tertia
282 3899 639 3961 Dominica
687 3897 1197 3977 Quadragcsimte
1237 3915 1427 3978 agere
1451 3900 1708 3964 Graecos
1741 3899 1916 3964 diem
1953 3900 2223 3978 festum,
2251 3918 2386 3981 quo
2418 3919 2680 3966 crucem
2716 3902 3119 3965 adorandam
3157 3919 3401 3982 propo-

123 4004 239 4057 aunt
265 4013 338 4060 eo
370 3995 515 4060 fere
580 3999 781 4058 modo
846 4013 978 4076 quo
1020 3998 1226 4060 Latini
1270 4015 1528 4061 crucem
1569 4000 1648 4061 ad
1681 3999 2138 4063 adorationem
2180 4000 2325 4079 ipso
2384 4002 2846 4064 sacratissima}
2878 4001 3269 4064 Parem-aves
3295 4001 3405 4064 die

124 4103 430 4170 exponunt.
488 4093 799 4157 Rituales
848 4095 1222 4158 Graecorum
1286 4096 1486 4160 libros
1541 4098 1750 4172 affert,
1779 4098 2044 4171 Librum
2084 4099 2310 4162 Sancti
2340 4100 2517 4162 Saba:
2567 4110 2627 4161 et
2679 4102 3016 4163 Triodium
3049 4122 3069 4161 :
3116 4103 3404 4182 citatque

123 4190 424 4274 Georgium
464 4195 808 4259 Codinum
837 4193 1298 4274 curopalatam,
1337 4206 1398 4258 et
1431 4199 1649 4259 Patres
1688 4213 1972 4276 quorum
2012 4196 2308 4260 homiliae
2339 4195 2567 4264 inboc
2603 4198 2847 4261 festum
2873 4206 3154 4274 exstant,
3200 4198 3407 4278 Chry-

123 4303 460 4366 sastomum,
499 4291 985 4371 Sepbronium,
1015 4295 1433 4357 Theodorum
1475 4297 1824 4370 Studitam,
1879 4299 2279 4360 Germanum
2339 4298 2772 4378 patriarcham
2804 4299 3404 4380 ConstantinOpol.,

123 4388 517 4464 Philotheum,
547 4382 1004 4470 Xiphilinum,
1030 4391 1613 4472 Theophylactum.
1655 4393 1950 4473 Simplici
1977 4411 2134 4458 voce
2167 4393 2533 4475 appellatur
2573 4399 2748 4476 apud
2781 4397 3110 4459 Codinum
3167 4423 3405 4478 σταυρο-

122 4501 474 4569 genuinam.
513 4491 664 4550 Hoc
701 4503 873 4550 anno
904 4489 1058 4552 1733
1115 4490 1483 4553 celebratur
1533 4493 1640 4554 die
1697 4493 1770 4554 lli
1804 4494 2049 4570 Martii,
2085 4495 2259 4576 stylo
2293 4495 2544 4558 scilicet
2579 4498 2820 4570 veteri;
2850 4500 3039 4576 juxta
3059 4499 3408 4579 Gregoriu-

123 4601 220 4651 nam
257 4609 414 4655 vero
451 4587 979 4656 correctionem,
1013 4588 1119 4650 die
1158 4589 1238 4650 25
1270 4588 1569 4668 ejusdem
1626 4593 1894 4653 mensis.

171 4689 434 4750 Homilt'a
466 4690 542 4749 in
587 4695 827 4747 sancta:
859 4687 1082 4748 Mariae
1115 4687 1686 4750 Prwsentationem
1713 4691 1776 4750 in
1805 4689 2059 4770 templo,
2098 4693 2323 4757 Latine
2372 4693 2706 4766 translata,
2748 4702 2965 4756 exstat
3004 4697 3180 4774 apud
3216 4697 3372 4759 Com

123 4780 367 4850 beﬁsium
391 4793 586 4848 torno
626 4784 776 4845 Vili
807 4783 1210 4846 Bibliothecw
1244 4786 1740 4846 concionutoriw
1785 4789 1847 4847 in
1884 4791 2217 4853 mantisse.
2250 4796 2317 4854 1n
2358 4793 2709 4871 opusculo,
2745 4794 2849 4855 cui
2885 4794 3405 4869 titulus,Recen-

123 4884 191 4942 siti
219 4894 512 4945 auctores
548 4881 970 4943 Bibliotheca
1002 4882 1271 4943 Patrum
1298 4884 1814 4957 co-ncionatorice,
1860 4885 2045 4946 edito
2115 4887 2384 4950 Parisiis
2424 4889 2603 4962 1662,
2641 4891 2736 4951 sic
2760 4891 2849 4952 ait
2885 4891 3186 4954 laudatus
3221 4895 3410 4956 Com-

123 4979 376 5046 belisius:
439 4985 747 5044 «Praeter
803 4980 1063 5058 vulgata
1096 4980 1564 5060 'l‘beophylacti
1609 4983 1822 5059 Opera
1865 4984 2041 5046 venit
2083 4985 2148 5047 in
2186 5003 2443 5054 manus,
2493 5004 2642 5050 cum
2701 5005 2868 5066 pene
2905 4992 2979 5049 ad
3021 4990 3410 5055 umbilicum

124 5089 363 5161 tergeret
395 5079 820 5143 Bibliotheca
852 5079 988 5141 haec
1022 5078 1285 5140 Patrum
1315 5079 1820 5153 concinnatoria,
1858 5098 1936 5142 ex
1972 5099 2090 5142 ms.
2158 5085 2382 5146 codice
2422 5086 2496 5144 V.
2537 5085 2617 5147 cl.
2671 5086 3021 5164 ltaphaelis
3081 5085 3412 5150 Dufresne

125 5187 183 5239 τώ
213 5191 544 5261 μακαρίτσυ,
576 5177 796 5238 oratio
827 5176 1008 5238 illius
1036 5177 1287 5238 erudita
1316 5177 1550 5254 pieque
1584 5178 1910 5238 ire-sancta;
1944 5179 2167 5240 Mariae
2216 5185 2773 5258 praesentationem
2797 5187 2864 5246 in
2898 5186 3153 5263 templo,
3183 5186 3410 5252 multis

127 5288 176 5333 eo
198 5285 581 5357 argumento
623 5275 864 5334 merito
914 5274 1333 5352 praeferenda,
1369 5291 1563 5353 quam
1621 5281 1952 5351 postremo
1987 5292 2099 5353 per
2127 5278 2501 5338 mantissam
2560 5282 3155 5356 repraesentandam
3209 5284 3409 5345 duxi-

124 5388 244 5435 mus.
269 5400 294 5431 ι
317 5376 479 5454 Ejus
509 5373 726 5436 etiam
757 5371 949 5432 verba
983 5389 1107 5446 non
1153 5372 1760 5452 praeterierim,quae
1784 5373 2067 5452 legimus
2098 5373 2161 5435 in
2199 5376 2698 5441 Prazfatiuncula
2731 5381 2804 5440 ad
2851 5381 3223 5442 mantissam
3251 5382 3407 5445 ιοωὲ

126 5467 222 5530 Vill
250 5472 680 5534 Bibliotheca
723 5470 1240 5546 concionatort'tc,
1278 5494 1308 5531 ct
1338 5473 1518 5544 Sero,
1564 5471 1960 5550 inquientis,
2017 5474 2307 5534 advectis
2348 5493 2426 5536 ex
2478 5477 2686 5550 Italia,
2756 5479 2877 5539 viri
2919 5479 2998 5540 cl.
3055 5482 3409 5558 Raphaelis

128 5565 396 5632 Ironcbet
438 5567 816 5637 Dufresne,
859 5568 1381 5647 Burdvgalensis,
1416 5577 1510 5632 τοῦ
1551 5596 1694 5648 μακε

1842 5599 1888 5641 υ,
1931 5571 2106 5630 curis
2141 5591 2208 5631 ac
2245 5574 2533 5649 solertia,
2560 5594 2715 5637 mss.
2754 5580 2994 5639 Graecis
3044 5580 3408 5654 codicibus,

131 5678 212 5726 nec
237 5670 477 5745 paucis,
521 5683 657 5728 nec
694 5666 1123 5740 spernendis;
1158 5685 1230 5730 ac
1260 5670 1416 5731 dum
1444 5671 1586 5747 ejus
1628 5669 2048 5731 bibliothecae
2082 5667 2430 5730 [imitationi
2458 5674 2789 5753 catalogus
2826 5678 2998 5753 typis
3038 5680 3406 5751 mandatur,

132 5761 422 5856 immatura
489 5765 830 5826 hactenus
907 5762 1088 5823 libris
1151 5766 1478 5828 teneriore
1540 5766 1754 5846 ipsius
1783 5765 2208 5847 pri:ilc;f;is‘tta
2279 5773 2700 5849 propensius,
2739 5791 3081 5851 generosae
3113 5775 3415 5856 conjugis

140 5855 492 5927 immanitate
529 5879 617 5926 at;
650 5859 903 5923 liberali
971 5861 1220 5937 indole',
1277 5881 1503 5927 eorum
1549 5867 1862 5945 tantisper
1911 5863 2119 5943 capia,
2169 5867 2451 5929 occurrit
2489 5871 2655 5932 inter
2692 5875 2838 5934 alia.
2880 5919 2892 5934 .
2935 5919 2948 5934 .
2990 5921 3002 5934 .
3048 5917 3061 5930 .
3119 5855 3417 5935 luculen-
