3966 6402
624 419 695 482 5'5
1447 412 1670 473 BERN.
1715 411 1982 474 MARI/E
2024 411 2122 472 DE
2166 411 2451 474 RUBEIS
2494 410 3003 473 DISSERTATIO
3812 409 3880 472 56

622 539 728 592 tus
765 527 918 590 satis
946 523 1297 601 multisque
1330 535 1405 582 eo
1436 525 1817 599 argumento
1847 519 2173 596 productis
2214 518 2471 597 gravior
2511 500 2947 599 undequaque
2977 520 3277 578 tractatus
3313 516 3403 599 (in
3421 519 3879 582 Prasentatto-

620 645 756 687 nem
792 622 1067 699 Virginis
1097 621 1384 700 Deiparte
1405 619 1473 678 in
1491 616 1767 696 templo),
1803 616 2120 694 libuitque
2182 616 2278 676 vel
2320 633 2432 693 per
2476 615 2877 689 mantissam,
2912 613 3205 676 omnium
3257 615 3550 692 cumulo,
3597 615 3874 695 jamque

620 720 695 783 ad
729 719 1110 781 umbilicum
1145 715 1445 794 perducta
1475 713 1870 776 Bibliotheca
1901 728 2038 773 mea
2068 710 2576 789 concionatoria},
2609 710 2715 771 hic.
2750 711 3095 772 reddere.»

697 817 799 878 53.
836 814 967 877 Sub
1013 809 1475 889 archiepiSCOpi
1543 809 1988 888 Theophylacti
2045 805 2310 869 nomine
2360 813 2565 869 exstat
2603 808 2671 869 in
2731 807 3124 870 bibliotheca
3194 806 3875 872 Casareo—Vindobo-

624 911 810 974 nensi
847 908 1016 987 apud
1047 907 1453 969 Lambecium
1487 905 1653 967 libro
1685 905 1824 980 v,in
1857 904 2076 967 codice
2104 905 2184 963 22

2311 911 2590 983 [ροσλαλιὰ
2619 912 2729 965 τινὶ
2751 911 2859 964 τῶν
2885 911 3052 966 αὑτοῦ
3105 913 3370 983 ὁμολιτῶν
3424 912 3555 986 περὶ
3584 908 3662 968 ὧν
3701 916 3877 980 ἐγκα-

618 1016 834 1069 λουνται
856 1012 1100 1074 Λατίνοι,
1138 1004 1510 1065 Dissertatio
1557 1001 1697 1082 (seu
1729 998 2133 1080 Alloquium)
2175 999 2258 1058 ad
2288 998 2608 1079 quemdam
2639 1017 2903 1060 suorum
2937 1001 3361 1078 familiarium
3393 1003 3467 1064 de
3486 1003 3568 1064 iis
3592 1001 3787 1063 rebus
3804 999 3878 1060 ob

615 1121 766 1181 quas
797 1100 1012 1162 Latini
1040 1099 1336 1160 aGrtecis
1391 1094 1960 1176 reprehenduntur.
2009 1117 2038 1151 α
2072 1093 2396 1168 Meminit,
2440 1094 2657 1172 inquit
2699 1094 3104 1170 Lambecius,
3135 1096 3333 1176 hujus
3371 1097 3878 1159 Dissertationis

619 1200 744 1261 Leo
765 1197 833 1258 Al
847 1196 1038 1258 latius
1059 1195 1224 1257 libro
1248 1213 1292 1254 ιι
1310 1188 1393 1254 De
1416 1193 1714 1254 Ecclesia
1730 1188 2155 1253 Occidentalis
2171 1199 2228 1251 et
2243 1190 2591 1251 Orientalis
2609 1209 2811 1269 perpc
2827 1200 2943 1252 tua
2965 1192 3403 1265 consensione,
3422 1194 3629 1270 capite
3649 1196 3747 1266 10,
3769 1194 3878 1269 §2,

614 1293 715 1354 his
763 1292 973 1354 verbis
1009 1308 1024 1352 :
1062 1288 1560 1368 Theophylactus
1604 1288 1922 1365 Bulgaria
1959 1287 2485 1366 archiepisc0pus
2640 1287 2901 1364 scripsit
2928 1286 3010 1346 ad
3043 1287 3380 1350 Nicolaum
3436 1288 3777 1348 diaconum
3821 1299 3877 1348 et

612 1397 1025 1454 castrensem.
1086 1385 1198 1465 qui
1256 1392 1476 1463 postea
1521 1381 1646 1446 fuit
1701 1384 2049 1446 Melesoba
2093 1383 2463 1459 episcopus,
2525 1384 2890 1443 Tractatum
2952 1382 3026 1444 de
3089 1383 3414 1445 erroribus
3455 1383 3864 1446 Latinorum.

614 1485 916 1563 Ejusdem
948 1480 1594 1560 Colloquium[XXV]
1617 1485 1823 1540 exstat
1854 1479 1927 1539 de
1957 1476 2468 1539 accusationibus
2494 1476 2867 1539 Latinorum
2893 1479 2957 1540 in
2989 1479 3380 1541 bibliotheca
3403 1480 3705 1542 Bavarica
3733 1527 3748 1540 .
3789 1525 3803 1539 .
3852 1525 3870 1541 .

611 1582 706 1640 An
764 1578 942 1640 aliud
985 1577 1069 1639 sit
1097 1576 1175 1639 ab
1215 1594 1318 1652 eo,
1359 1593 1554 1656 quem
1584 1574 1666 1636 ad
1709 1573 2044 1640 Nicolaum
2095 1573 2356 1651 scripsit
2412 1580 2749 1637 tractatum
2809 1575 3160 1654 expedient
3190 1574 3380 1639 illius
3444 1576 3869 1639 bibliotheca

609 1687 959 1737 curatores.
989 1697 1018 1730 η

686 1772 991 1852 Ερίειοῑω
1019 1771 1102 1832 ad
1130 1771 1461 1835 Nicolaum
1491 1769 1827 1832 diaconum
1861 1769 2212 1850 fragmenta
2247 1770 2560 1832 nonnulla
2613 1770 2806 1833 refert
2837 1771 3203 1834 Demetrius
3263 1778 3721 1852 unomatenus,
3757 1787 3863 1835 ar-

609 1867 1058 1946 chiepiscopus
1095 1866 1430 1946 Bulgaria,
1454 1867 1520 1928 in
1547 1865 1685 1928 suis
1715 1867 2256 1946 Responsionibus
2287 1866 2369 1927 ad
2398 1868 2884 1930 Constantinum
2908 1868 3286 1945 Cabasilam,
3320 1869 3873 1948 archiepiscopum

606 1963 971 2041 Dyrrachii,
1008 1963 1176 2042 apud
1212 1961 1674 2024 Leunclavium
1723 1963 1790 2023 in
1829 1964 1989 2023 Jure
2013 1962 2229 2024 Grteco
2258 1965 2560 2038 Romano,
2633 1964 2798 2026 libro
2859 1982 2919 2038 v,
2952 1982 3093 2044 pag.
3137 1963 3277 2026 318.
3320 1967 3472 2028 Haec
3532 1981 3679 2028 vero
3735 1965 3874 2028 fra-

606 2069 863 2137 gmenta
895 2060 1124 2119 iisdem
1159 2075 1228 2143 ac
1249 2057 1515 2119 totidem
1543 2058 1752 2119 verbis
1777 2057 1844 2118 in
1878 2057 2174 2135 pradicta
2198 2061 2666 2123 Dissertatione
2695 2061 3036 2123 habentur.
3060 2064 3276 2126 Graece
3306 2063 3873 2141 inscribiturnpoc-

607 2162 788 2228 λαλιὰ,
815 2153 1200 2234 Alloquium,
1235 2171 1355 2216 seu
1379 2153 1769 2232 Colloquium
1805 2175 1827 2215 :
1873 2154 2044 2215 unde
2075 2155 2154 2216 ab
2193 2171 2271 2216 eo
2309 2171 2440 2218 non
2477 2155 2716 2229 diﬂ'ert,
2741 2158 2916 2236 quod
2949 2159 3247 2220 Bavarica
3281 2158 3668 2226 bibliotheca
3707 2157 3867 2221 Col-

607 2249 884 2329 loquium
916 2257 1156 2312 servat.
1198 2251 1345 2311 Haec
1377 2248 1688 2310 discimus
1722 2248 1940 2310 omnia
1972 2266 2051 2310 ex
2088 2252 2454 2331 apographo
2490 2260 2851 2331 pranotata
2882 2254 3390 2331 Dissertationis,
3431 2255 3601 2336 quod
3635 2272 3719 2316 ex
3751 2271 3872 2318 co-

605 2348 746 2409 dice
786 2347 1279 2410 Vindobonensi
1319 2346 1744 2425 descriptum,
1775 2348 2356 2429 transmissumque
2389 2349 2720 2421 Venetias,
2766 2349 3046 2412 vidimus
3082 2359 3142 2411 et
3172 2352 3622 2429 expendimus.

683 2446 783 2508 5ft.
817 2448 1030 2508 Graca
1061 2440 1280 2524 operis
1309 2443 1651 2522 inscriptio
1687 2445 1856 2522 apud
1923 2446 2249 2507 Chomatel

2304 2462 2414 2517 1m,
2463 2443 2599 2506 hac
2629 2452 2726 2506 est
2765 2467 2779 2506 :
2831 2452 2976 2523 Πρὸς
3009 2453 3276 2506 Νικόλαον
3298 2452 3567 2518 διάκονον,
3601 2451 3699 2507 καὶ
3731 2470 3870 2507 καν-

607 2553 866 2622 στρίσιον.
908 2543 1172 2602 Latinus
1207 2542 1527 2620 interpres
1572 2542 1787 2616 vertit,
1820 2540 1901 2601 ad
1932 2541 2263 2604 Nicolaum
2297 2540 2630 2601 diaconum
2679 2549 2738 2600 et
2769 2551 3172 2614 castrensem,
3207 2548 3527 2618 postrema
3550 2540 3666 2602 hac
3704 2558 3867 2604 voce

606 2640 766 2701 male
783 2640 1074 2718 etinepte
1099 2637 1421 2700 translata.
1449 2641 1675 2701 Petrus
1690 2639 1974 2700 Pithoeus
2011 2639 2072 2699 in
2104 2639 2567 2700 Dissertatione
2587 2636 2659 2697 de
2686 2638 2955 2698 historia
2973 2639 3868 2716 controversiwprocessionis

599 2737 882 2815 Spiritus
905 2736 1135 2810 sancti,
1166 2734 1547 2796 vertendum
1578 2733 1878 2796 admonet
1903 2778 1918 2808 ,
1957 2735 2431 2795 conistrarium.
2463 2734 2640 2795 Verti
2699 2735 2889 2794 etiam
2944 2740 3173 2812 potest,
3216 2734 3644 2808 canstrisium,
3684 2741 3866 2796 recte

605 2843 874 2911 utroque
898 2830 1108 2892 modo.
1144 2829 1328 2908 Apud
1367 2829 1682 2892 Codinum
1707 2830 1874 2892 inter
1900 2831 2329 2894 ecclesiastica
2349 2828 2577 2902 ofﬁcia,
2607 2831 2670 2891 in
2696 2829 2983 2891 secundo
3002 2830 3302 2908 quinario
3328 2830 3591 2890 habetur
3627 2839 3654 2890 ὁ
3719 2855 3865 2892 καν-

603 2938 867 3006 στρίσιος,
894 2938 975 2999 εἰς
1006 2937 1066 2988 τὸ
1097 2934 1413 3005 κανστρῖον,
1444 2934 1540 2988 καὶ
1565 2935 1644 2998 εἰς
1668 2935 1729 2987 τὸ
1767 2935 2058 2990 ἀλλάσσειν
2084 2935 2169 2988 τὸν

2296 2935 2503 3005 ίιερέα,
2542 2926 2931 2987 Canstrisius
2969 2927 3247 2986 canistro
3271 2927 3612 3006 prafeetus
3644 2933 3761 3001 est,
3799 2936 3862 2987 et

602 3023 982 3102 patriarchae
1007 3022 1152 3082 dum
1189 3031 1386 3082 vestes
1415 3030 1640 3097 mutat,
1673 3024 1888 3084 servit.
1924 3026 1995 3085 In
2028 3025 2197 3085 notis
2237 3023 2423 3085 docet
2456 3023 2634 3100 plura
2702 3022 2976 3084 Goarius
3013 3047 3028 3084 :
3066 3048 3094 3080 α
3132 3033 3513 3102 Κανστρήσιος
3549 3037 3846 3101 quoque,

605 3136 854 3181 necnon
891 3127 1264 3197 καστρινσιος,
1297 3127 1357 3180 et
1392 3127 1756 3198 καστρήνσιος
1786 3119 2097 3198 scriptum
2132 3137 2171 3180 l'l

2297 3119 2438 3190 ries,
2473 3126 2535 3178 et
2573 3134 2684 3196 pro
2721 3118 2912 3179 variis
2945 3120 3182 3182 Gracis
3215 3117 3712 3189 characteribus,
3749 3136 3863 3179 va-

603 3216 695 3276 rie
728 3232 990 3295 quoque
1025 3215 1246 3275 Latine
1281 3215 1600 3276 redditum
1631 3214 2064 3294 (canstresius,
2097 3215 2499 3288 castrinsius,
2560 3215 2996 3295 castrensius).
3033 3217 3275 3278 Sensus
3309 3215 3696 3292 requiratur,
3739 3213 3859 3274 ubi

603 3311 704 3371 vix
736 3311 918 3390 juvat
943 3311 1286 3372 character.
1315 3319 1679 3388 Κανστρίσιον
1709 3317 1928 3373 ἀπὸτοῦ
1962 3334 2164 3387 κανστρ

2298 3310 2523 3370 iictum
2564 3309 2755 3370 video
2793 3309 3059 3390 :(quod)
3097 3313 3289 3389 panis
3339 3310 3651 3372 benedicti
3718 3310 3864 3370 lan-

603 3427 751 3481 cem,
803 3407 900 3469 vel
941 3407 1155 3484 potius
1178 3408 1383 3469 thuris
1405 3408 1709 3481 arculam,
1740 3409 1836 3470 vel
1871 3407 2153 3487 denique
2183 3407 2531 3467 canistrum
2565 3407 2956 3485 recipiendis
2985 3408 3354 3486 patriarcha
3387 3407 3675 3469 vestibus
3706 3406 3868 3469 ido~

603 3522 799 3566 neum
839 3505 1245 3582 interpretor.
1289 3529 1315 3561 »

683 3601 912 3662 Utilem
965 3601 1131 3663 addo
1169 3601 1387 3663 Jacobi
1443 3602 1725 3664 Gretseri
1772 3601 2289 3664 observationem
2334 3624 2414 3662 τοι
2451 3604 2823 3665 Boneﬁdius
2879 3606 3132 3666 iniure
3209 3621 3330 3666 suo
3383 3601 3694 3666 Orientaii
3751 3621 3868 3665 vo-

603 3709 699 3760 cat
737 3707 1136 3773 castrensem,
1167 3699 1352 3760 male.
1389 3699 1556 3761 Nihil
1599 3699 1769 3762 enim
1806 3698 1927 3760 loci
1961 3703 2302 3760 castrensis
2339 3700 2400 3760 in
2443 3701 2727 3762 Ecclesia
2771 3709 2832 3764 et
2883 3701 3344 3764 ecclesiasticis
3377 3701 3630 3763 ofﬁciis.
3668 3701 3862 3763 Dici-

602 3805 709 3855 tur
743 3811 898 3873 ergo
936 3797 1337 3869 canstrisius,
1373 3796 1559 3875 quasi
1594 3795 1935 3867 canistrius
1967 3809 1999 3854 a
2031 3796 2332 3855 canistro.
2376 3797 2492 3855 Jus
2547 3796 2604 3857 ei
2637 3806 2768 3858 erat
2829 3808 2910 3870 εἰς
2947 3806 3007 3858 τὸ
3037 3807 3356 3878 κάνστριον,
3390 3797 3603 3876 inquit
3655 3796 3860 3857 Codi-

602 3909 750 3960 nus.
787 3892 853 3953 in
886 3894 1232 3954 canistrum
1264 3901 1358 3954 καὶ
1393 3903 1472 3964 εἰς
1499 3900 1558 3953 τὸ
1585 3901 1876 3955 ἀλλάσσειν
1898 3899 1986 3951 τὸν
2017 3901 2168 3970 ἀρχιε

2309 3908 2322 3923 ·
2361 3891 2551 3952 etiam
2589 3909 2827 3954 munus
2863 3899 3018 3966 erat,
3050 3892 3493 3971 patriarcham,
3542 3909 3661 3952 seu
3711 3893 3862 3970 epi-

601 4005 890 4064 scowm,
926 3990 1186 4067 quando
1213 3995 1425 4051 vestes
1457 3989 1522 4048 in
1569 4007 1634 4049 re
1671 3988 1889 4049 divina
1923 3988 2285 4064 peragenda
2343 3987 2668 4049 mutanda
2705 4001 2908 4065 erant,
2939 3991 3241 4070 adjuvare
3275 3998 3336 4052 et
3393 3988 3686 4058 induere,
3725 4005 3865 4051 una

600 4101 743 4144 cum
775 4085 1268 4146 hieromemnone
1303 4085 1455 4161 [alio
1493 4084 1770 4156 officiali,
1807 4083 2132 4144 canstrisii
2159 4085 2497 4164 adjutore].
2540 4089 2761 4166 Itaque
2797 4089 3123 4150 canstrion
3157 4087 3318 4149 nihil
3363 4086 3542 4148 aliud
3599 4084 3866 4148 videtur

603 4177 707 4239 hic
738 4196 910 4254 esse,
945 4196 1134 4260 quam
1192 4181 1585 4251 vestiarium,
1623 4197 1738 4240 seu
1776 4180 1953 4240 locus
2008 4179 2283 4242 vestium
2331 4199 2656 4243 sacrarum
2693 4204 2707 4241 :
2745 4190 2806 4244 et
2843 4184 2984 4262 ipse
3039 4183 3415 4244 canstrisius
3458 4181 3621 4243 nihil
3677 4180 3857 4244 aliud

601 4293 794 4355 quam
838 4276 892 4337 is
926 4277 1038 4354 qui
1075 4277 1244 4337 inter
1284 4275 1594 4353 palatinas
1626 4275 1971 4353 dignitates
2003 4275 2362 4352 appellatur
2391 4279 2754 4338 vestiarius.

674 4374 773 4434 55.
809 4374 878 4434 In
914 4374 1136 4435 eadem
1169 4373 1250 4433 ad
1273 4371 1604 4435 Nicolaum
1628 4371 1960 4432 diaconum
1991 4382 2046 4432 et
2085 4375 2492 4435 canstrisium
2527 4373 2846 4452 Epistola,
2873 4375 3010 4435 sive
3043 4376 3526 4448 Dissertationc,
3560 4373 3699 4434 sive
3728 4373 3859 4433 Αι-

601 4469 934 4541 locutione,
967 4470 1102 4531 sive
1137 4468 1488 4547 Colloquio,
1525 4468 1605 4528 iis
1630 4469 1896 4530 omnino
1929 4486 2236 4546 expressa
2276 4469 2488 4532 verbis
2538 4467 2846 4547 leguntur
2874 4470 3262 4550 Argumenta
3294 4469 3510 4531 omnia
3549 4467 3859 4528 adversus

599 4567 1058 4640 processionem
1086 4566 1366 4642 Spiritus
1397 4565 1600 4624 sancti
1640 4582 1718 4624 ea:
1748 4564 1936 4624 Patre
1965 4565 2278 4641 Filioque,
2305 4584 2449 4642 qua
2480 4564 2661 4625 affert
2694 4582 2837 4626 cum
2860 4566 2997 4626 suis
3016 4564 3539 4628 Refutationi'bus
3562 4565 3854 4625 Joannes

606 4664 864 4734 Beccus,
904 4661 1252 4739 patriarcha
1285 4660 2060 4738 Constantinopolitanus,
2091 4663 2159 4722 in
2212 4660 2511 4721 Oratione
2550 4662 2578 4719 1
2619 4660 2691 4720 de
2718 4662 2948 4722 unione
2972 4660 3425 4734 Ecclesiarum,
3468 4662 3639 4738 apud
3673 4657 3850 4718 Alla-

604 4756 764 4818 tium
801 4765 969 4818 tomo
1004 4759 1025 4818 Ι
1067 4757 1317 4817 Grceciae
1349 4755 1735 4830 orthodoxa,
1782 4775 1814 4818 a
1848 4773 1987 4834 pag.
2027 4759 2166 4818 215.
2208 4756 2374 4817 Hinc
2417 4754 2699 4832 minime,
2730 4756 3156 4818 dubitandum
3215 4764 3325 4819 aut
3381 4756 3849 4834 suspicandum

602 4855 1026 4930 imposterum
1078 4852 1154 4912 de
1190 4853 1432 4913 unitate
1463 4851 1704 4929 operis,
1744 4853 1915 4930 quod
1949 4851 2256 4913 hactenus
2298 4855 2378 4913 ob
2417 4852 2624 4912 varios
2659 4853 2996 4930 praedictos
3043 4855 3292 4929 titulos,
3329 4852 3659 4932 Epistolw,
3695 4853 3850 4913 Dis-

599 4950 986 5022 sertationis,
1031 4957 1084 5008 et
1125 4948 1440 5028 Colloquii
1471 4949 1536 5010 in
1573 4949 1753 5027 plura
1792 4951 2108 5027 Opuscula
2155 4949 2686 5011 distribuebatur.

2154 5123 2264 5183 XV-

603 5289 625 5310 «
669 5263 857 5348 Regia.
888 5262 1216 5348 Institutio
1262 5285 1297 5348 lt.
1320 5261 1405 5348 ad
1432 5265 1908 5348 Constantinum
1944 5269 2558 5348 Porphyrogent'tttm
2598 5272 2810 5332 Grtece
2847 5282 2901 5328 et
2934 5271 3153 5330 Latine
3185 5271 3349 5330 edita
3383 5291 3419 5329 α
3454 5272 3644 5330 Petro
3678 5272 3843 5328 Pos-

675 5341 836 5427 sino.
881 5349 930 5427 et
967 5338 1184 5427 0_rutio
1217 5339 1297 5427 ad
1326 5341 1620 5427 Alexin-in
1659 5344 2033 5427 Qomnenum
2065 5338 2507 5426 impertitorem
2534 5351 2599 5409 in
2622 5352 2831 5410 codice
2853 5351 3652 5411 Bavarico-Monachiensi.
3683 5353 3840 5410 Car--

675 5419 842 5476 mina
880 5416 1112 5476 inedita
1147 5429 1199 5475 et
1239 5419 1542 5497 Epistolas
1583 5440 1620 5478 α
1653 5423 1927 5486 Baro-nio
1965 5437 2018 5485 et
2050 5416 2330 5490 Meursio
2370 5428 2658 5508 vulgatae.
2701 5428 2902 5505 Opera
2937 5428 3128 5488 dubia
3158 5439 3213 5488 et
3239 5429 3678 5506 supposititia.

830 5571 917 5626 Ad
955 5568 1355 5629 humanioris
1394 5572 1762 5636 litteratura
1791 5577 2056 5639 classem
2090 5589 2397 5658 Spectant,
2431 5599 2575 5659 qua
2604 5591 2990 5660 sequuntur,
3029 5582 3490 5659 'l‘heophj'lacti
3535 5583 3844 5646 luculua-

597 5663 830 5756 tiones.
868 5661 1074 5720 Primo
1110 5662 1246 5722 loco
1278 5664 1530 5740 Regiam
1561 5668 2028 5730 lnstitutioncot
2065 5691 2368 5739 recenseo
2401 5679 2482 5738 ad
2517 5680 3000 5740 Constantinum
3036 5678 3680 5756 Porphyrogenitum,
3725 5683 3850 5741 Mi-

596 5753 833 5858 chaelis
867 5759 946 5816 ιν
991 5759 1175 5820 Ducas
1212 5761 1950 5840 imperatoris,etMaria}
1983 5790 2055 5831 ex
2089 5773 2413 5835 lbercrum
2450 5777 2767 5849 sanguine
2818 5778 2996 5854 regio
3031 5785 3182 5838 sata
3222 5777 3448 5837 tilium.
3491 5777 3851 5838 Prz't‘wzlaris—

603 5868 839 5915 sunum
875 5870 1033 5932 Opus
1070 5873 1310 5932 primus
1349 5863 1413 5922 in
1458 5861 1665 5925 lucem
1696 5872 1906 5927 cutisit
1953 5870 2170 5931 l’ettus
2205 5873 2513 5935 I'ossmus
2545 5893 2620 5936 ex
2657 5874 3039 5937 bibliotheca
3089 5876 3465 5937 i’éerentina
3525 5877 3841 5937 Medusa.
