3966 6472
171 467 224 532 57
975 466 1073 529 DE
1110 461 1701 528 THEOPHYLACTI
1735 461 2010 524 GESTIS
2041 461 2139 523 ET
2179 460 2553 524 SCRIPTIS.
3369 452 3442 516 58

172 577 536 645 utadmonet
575 577 652 639 in
686 577 978 657 Epistola
1009 575 1486 655 nuncupatoria
1516 575 1595 638 ad
1659 571 2064 635 Ludovicum
2097 573 2241 634 XIV
2279 569 2504 634 Galliae
2528 575 2591 629 et
2657 569 2961 630 Navarraa
3007 580 3227 644 regem
3273 561 3456 625 Chri-

171 675 643 748 nianissimum,
679 672 854 754 typis
885 673 1110 753 Regiis
1140 673 1627 736 Parisiensibus
1661 670 1843 740 1651,
1879 669 2044 730 ἱο-ἰι.
2083 670 2306 731 Latina
2334 667 2555 730 versio
2585 666 2835 745 prodiit
2875 665 2944 727 in
2980 660 3452 743 Lugdunensis

179 769 567 836 Bibliotheca
598 773 864 834 Patrum
901 778 1074 834 tomo
1105 770 1350 845 XVIII,
1383 771 1655 848 eamque
1695 767 1929 829 iterum
1966 783 2112 829 cum
2153 765 2375 827 Graeco
2407 769 2592 826 textu
2627 761 2919 842 vulgavit
2977 759 3350 824 Bandurius
3381 759 3453 819 in

168 869 406 952 Imperio
444 866 804 932 Orientali.
840 869 1014 930 Duas
1046 867 1116 930 in
1149 875 1361 949 partes
1393 865 1704 929 tribuitur
1736 881 1925 944 opus,
1951 864 2412 943 Panegyricum
2443 862 2753 940 priorem,
2785 859 3050 923 alteram
3085 856 3444 918 Parameti-

170 984 294 1030 cam.
334 965 476 1040 Quo
512 973 823 1045 tempore
857 982 996 1028 eam
1025 965 1557 1046 TheOphylactus
1599 961 1964 1041 scripserit,
1992 961 2283 1022 diximus
2332 975 2513 1021 num.
2551 959 2613 1020 8.

227 1063 473 1140 [XXVI]
500 1061 849 1124 Orationis
877 1060 959 1122 ad
984 1061 1277 1124 Alexium
1305 1061 1686 1124 Comnenum
1719 1061 2158 1138 imperatorem
2179 1057 2473 1119 meminit
2492 1054 2758 1116 Latinus
2782 1052 3081 1114 Latinius
3107 1051 3172 1112 in
3199 1049 3450 1112 Biblio-

170 1162 310 1224 theca
351 1177 541 1221 sacra
611 1163 919 1242 profana,
958 1161 1068 1223 ubi
1103 1160 1183 1222 de
1218 1159 1704 1240 TheOphylacto
1738 1159 1895 1238 agit,
1935 1155 2037 1217 his
2075 1154 2291 1216 verbis
2327 1176 2341 1215 :
2389 1176 2419 1210 α
2457 1154 2678 1215 Exstat
2712 1150 2855 1230 ejus
2890 1149 3112 1212 Oratio
3145 1149 3223 1209 ad
3260 1164 3451 1209 eum-

165 1259 278 1319 dem
317 1257 631 1318 Alexium
672 1275 686 1317 :
721 1266 922 1337 atque
985 1259 1072 1319 ita
1130 1256 1526 1319 Laurentius
1587 1253 1877 1318 Sifanius
1915 1269 1996 1314 ex
2027 1252 2277 1313 Joanne
2313 1251 2633 1312 Sambuco
2668 1246 2932 1326 scripsit
2967 1247 3032 1306 in
3069 1243 3448 1324 prml'atione

167 1355 749 1419 Commentariorum
780 1353 1244 1433 TheOphylacti
1281 1353 1350 1415 in
1381 1352 1541 1413 Acta
1569 1351 2032 1433 apostolorum.
2061 1371 2090 1404 »
2116 1348 2581 1427 Apographum
2620 1349 2753 1422 prae
2791 1341 3092 1404 manibus
3117 1340 3348 1413 habeo,
3369 1355 3452 1400 ex

165 1451 349 1512 codice
381 1448 1194 1514 Bavarico-Monacbiensi
1236 1450 1658 1529 descriptum,
1693 1446 1867 1530 quod
1915 1447 2140 1508 Latine
2163 1444 2356 1506 vertit
2391 1441 2691 1504 laudatus
2743 1437 3141 1512 consodalis,
3183 1436 3446 1499 Bonifa-

166 1546 280 1609 cius
308 1545 638 1608 Finettus.

226 1641 598 1719 Composuit
636 1641 1091 1721 panegyricam
1127 1638 1290 1701 hanc
1322 1637 1700 1701 Orationem
1727 1645 1951 1700 auctor
1980 1643 2121 1716 post
2161 1636 2403 1699 bellum
2443 1635 2847 1715 Scythicum,
2878 1632 3236 1713 pluresque
3262 1631 3332 1691 in
3368 1645 3446 1691 eo

165 1745 480 1817 reportatas
514 1737 601 1798 ab
636 1736 871 1799 Alexio
898 1736 1287 1815 imperatore
1318 1733 1649 1796 victorias.
1690 1735 1841 1797 Late
1889 1734 2200 1798 describit
2250 1733 2416 1795 illud
2480 1738 2667 1794 Anna
2717 1732 3053 1794 Comnena
3098 1735 3235 1791 toto
3278 1727 3447 1788 libro

167 1855 233 1897 vn
258 1832 628 1906 Alexiados,
671 1851 744 1896 ac
771 1834 896 1896 sub
937 1834 1199 1895 initium
1233 1831 1646 1911 insequentis
1683 1831 1826 1892 libri
1860 1850 1996 1906 vm,
2047 1831 2156 1893 ubi
2185 1833 2464 1910 Augusti
2517 1830 2894 1907 ingressum
2933 1829 3199 1906 Regiam
3236 1825 3304 1886 in
3340 1842 3449 1885 ur-

166 1936 280 1998 bem
306 1933 526 2009 refert,
566 1956 597 1988 a
647 1932 827 1994 omni
884 1931 1102 1992 laetitia
1138 1938 1198 1992 et
1257 1928 1694 2010 gratulatione
1731 1950 1760 1985 ››
1795 1931 2215 1992 celebratum.
2252 1930 2497 1990 Eodem
2551 1927 2619 1988 in
2669 1925 2839 1987 libro
2893 1944 2981 1987 vu
3016 1924 3327 2003 legimus,
3366 1922 3446 1983 ad

167 2031 464 2104 Alexium,
499 2029 618 2109 qui
656 2027 960 2109 augendo
993 2035 1211 2090 contra
1239 2024 1507 2106 Scythas
1534 2026 1851 2087 exercitui
1888 2043 2148 2104 operam
2183 2024 2397 2099 dabat,
2433 2024 2698 2086 venisse
2726 2047 2754 2082 ot
2784 2023 3109 2086 Flandrite
3139 2019 3444 2082 comitem

167 2130 512 2203 Robertum,
547 2137 612 2203 ἐξ
656 2133 1056 2206 Ἰεροσολύμων
1081 2133 1547 2204 ἐπανερχόμενον,
1577 2125 1730 2184 Jero

1879 2121 2011 2182 mis
2040 2128 2499 2183 revertentem.
2541 2143 2571 2178 »
2617 2120 2930 2183 Hancille
2965 2115 3445 2195 peregrinatio-

170 2240 284 2284 nem
319 2231 700 2302 susceperat
732 2223 1058 2284 decennio
1093 2230 1237 2284 ante
1281 2237 1492 2283 sacras
1521 2218 2002 2298 expeditiones,
2036 2233 2208 2278 anno
2240 2215 2494 2290 scilicet
2529 2217 2710 2292 1085,
2753 2234 2786 2278 a
2820 2233 2947 2296 qua
2990 2213 3285 2276 nondum
3339 2229 3443 2273 rem

169 2318 362 2378 ducem
392 2315 608 2379 fuisse
638 2333 811 2378 anno
841 2318 996 2379 1089
1027 2326 1250 2378 auctor
1278 2322 1374 2382 est
1410 2315 1694 2394 Majerus
1727 2313 1891 2374 libro
1919 2331 2017 2386 ιιι,
2051 2313 2223 2392 apud
2261 2311 2690 2375 Dufresnium
2735 2312 2806 2376 in
2856 2314 3027 2377 notis
3086 2311 3163 2373 ad
3207 2310 3448 2370 librum

170 2412 628 2476 vuAlexiados.
666 2414 894 2492 Itaque
927 2420 1070 2492 post
1113 2428 1359 2475 annum
1399 2412 1557 2474 1089
1608 2411 1802 2473 ﬁnem
1865 2411 2089 2474 habuit
2156 2410 2402 2473 bellum
2460 2410 2863 2490 Scythicum,
2901 2428 3113 2491 eoque
3150 2416 3444 2485 tempore

173 2510 374 2588 scripta
405 2508 771 2589 Panegyris
810 2525 844 2570 a
877 2508 1390 2588 TbeOphylacto.

231 2608 294 2668 In
354 2625 426 2670 ea
480 2609 620 2671 haec
669 2609 813 2688 ejus
860 2606 1050 2669 verba
1090 2617 1244 2668 sunt
1280 2628 1294 2667 :
1325 2615 1390 2669 Τί
1419 2616 1496 2688 μὴ
1518 2615 1609 2670 τὸν
1647 2616 1797 2687 βασιῖ

1903 2617 2019 2670 υἱὸν
2045 2615 2140 2670 καὶ
2170 2615 2402 2685 βασιλέα
2440 2617 2757 2687 γνωρίζεις,
2796 2623 2914 2666 cur
2980 2622 3192 2684 regem
3250 2601 3451 2680 ﬁlium

175 2723 276 2766 non
305 2706 638 2767 renuntias
663 2723 894 2784 regem,
937 2712 1081 2767 ἀλλὰ
1111 2712 1323 2783 ἀναδύη
1357 2713 1457 2781 τὴν
1490 2714 1734 2784 ποθουμέ

1889 2714 2218 2785 mappam;
2264 2704 2376 2765 sed
2403 2703 2827 2767 desideratam
2868 2703 3181 2764 detractas
3220 2717 3455 2760 renun-

176 2805 462 2865 tiationcm
484 2805 554 2866 in
589 2820 808 2884 regem
835 2806 864 2863 ‘I
894 2802 1058 2864 Satis
1093 2802 1225 2865 huic
1257 2803 1543 2864 indicant
1575 2803 1894 2864 Joannem
1950 2801 2243 2862 nondum
2277 2818 2311 2862 a
2337 2809 2514 2879 patre
2537 2802 2767 2864 Alexio
2798 2810 3211 2878 assumptum
3243 2797 3451 2862 fuisse

178 2897 228 2957 in
255 2897 646 2960 consortium
688 2895 974 2971 imperii.
1005 2896 1077 2957 Id
1112 2911 1263 2957 vero
1295 2893 1530 2955 factum
1564 2910 1737 2956 anno
1778 2897 1958 2969 1091,
1991 2906 2060 2960 ut
2094 2895 2286 2960 habet
2321 2898 2580 2978 Pagius,
2614 2914 2760 2959 cum
2793 2906 3075 2974 quatuor
3110 2895 3219 2958 ille
3247 2913 3454 2958 annos

179 3003 330 3056 natus
362 3001 535 3057 esset
576 3018 592 3057 :
628 2993 806 3057 unde
835 3009 1005 3056 anno
1036 2993 1296 3057 circiter
1331 2992 1487 3056 1090
1518 2994 1824 3058 encomio
1861 3010 1986 3059 suo
2011 2994 2313 3058 Alexium
2339 2993 2801 3074 imperatorem
2849 2993 3204 3056 celebravit
3233 2991 3456 3055 Theo-

182 3090 508 3170 phylaclus.

235 3190 320 3250 5'1.
357 3193 545 3266 Apud
585 3189 914 3252 Labbeum
947 3187 1014 3251 in
1045 3189 1224 3254 Nova
1257 3190 1654 3255 Bibliotheca
1681 3211 1830 3253 mss.
1868 3201 2047 3272 parte
2083 3209 2169 3265 IV,
2208 3207 2354 3271 pag.
2382 3191 2523 3266 137,
2561 3191 2768 3253 codex
2793 3190 3042 3268 Regius
3071 3195 3455 3250 recensetur

181 3302 296 3347 cum
331 3285 782 3368 Theophylacti
808 3286 1129 3366 Bulgaria:
1161 3288 1639 3372 archiepiscopi
1667 3291 1955 3352 versibus
2007 3287 2462 3350 consolatoriis
2497 3288 2568 3349 in
2618 3285 3009 3349 calamitate.
3077 3285 3455 3347 Carminum

181 3383 394 3464 utique,
427 3403 577 3466 qum
627 3385 769 3463 ipse
830 3385 1160 3458 cecinerit,
1232 3389 1535 3449 meminit
1603 3387 1669 3449 in
1729 3407 1747 3450 ε

1890 3389 2005 3449 L018
2069 3386 2243 3447 inter
2293 3386 2700 3449 Meursianas
2733 3386 3208 3463 ΞΟΞἮμυνάμην
3251 3390 3456 3461 στίχοις

185 3492 412 3562 ἰαμϐείοις
442 3491 648 3555 πολλὰς
679 3491 928 3559 ἐλεγείας
959 3488 1089 3564 ᾄσαι
1120 3491 1188 3544 δι’
1216 3493 1341 3545 ὅλου
1377 3494 1626 3547 ἐναντίου
1664 3511 1732 3565 με

1885 3497 2311 3566 κναγκάσαντος,
2348 3487 2726 3568 propulsavi
2754 3485 3142 3548 carminibus
3169 3484 3451 3546 iambicis

181 3581 371 3640 multas
405 3582 639 3660 elegias
662 3599 786 3661 per
830 3598 1066 3641 annum
1099 3599 1324 3642 canere
1354 3591 1637 3643 coactus.

240 3677 662 3760 Epistolarum
709 3679 999 3756 denique
1032 3678 1291 3740 codices
1319 3679 1452 3739 duo
1480 3679 1618 3741 noti
1650 3687 1828 3754 sunt,
1861 3679 2211 3741 Vaticanus
2249 3687 2312 3743 et
2347 3680 2777 3743 Florentinus
2810 3679 3172 3742 Mediceus.
3199 3681 3295 3739 Ex
3331 3679 3454 3740 isto

184 3771 611 3853 Tbeophylacti
653 3773 962 3852 Epistolas
992 3776 1072 3836 75
1139 3776 1357 3837 Greece
1387 3776 1797 3854 prodierunt,
1831 3785 2098 3839 curante
2160 3780 2412 3841 Joanne
2448 3778 2765 3853 Meursio,
2801 3777 3111 3857 Lugduni
3177 3777 3449 3838 Batavo-

185 3885 294 3929 rum
322 3872 492 3945 1617,
531 3869 696 3944 ἱη-Ιι,
726 3888 796 3931 ac
828 3871 1054 3933 Latine
1086 3872 1157 3933 in
1181 3871 1567 3935 Coloniensi
1606 3880 1667 3935 et
1697 3875 2122 3953 Lugdunensi
2150 3879 2406 3938 Patrum
2431 3876 2886 3951 Bibliothecis,
2912 3879 3269 3956 interprete
3301 3875 3457 3936 Vin-

184 3967 361 4029 centio
391 3969 774 4038 Marineriu,
819 3967 1192 4030 Valentino.
1233 3970 1551 4031 Vaticano
1579 3972 1644 4032 in
1674 3972 1896 4033 codice
1931 3981 2212 4047 exstant,
2238 3975 2515 4035 Baronio
2548 3981 2736 4047 teste,
2771 3974 3083 4052 Epistolas
3114 3974 3449 4052 quinqua-

184 4066 324 4144 ginta
357 4083 610 4140 novem,
641 4084 787 4146 quas
814 4067 1145 4130 Latinitate
1181 4085 1218 4130 a
1240 4069 1478 4131 Iacobo
1510 4068 1856 4132 Sirmondo
1887 4071 2140 4132 donatae
2171 4073 2465 4134 nondum
2502 4073 2716 4134 lucem
2745 4074 3078 4143 viderunt,
3105 4070 3445 4149 aliquibus

187 4169 232 4221 et
255 4164 607 4244 aliquarum
641 4162 1018 4244 fragmentis
1050 4164 1364 4243 exceptis,
1411 4183 1560 4246 quas
1585 4165 1901 4228 Baronius
1940 4166 2125 4230 affert
2172 4168 2250 4230 ad
2281 4185 2528 4232 annum
2564 4171 2715 4232 1071
2739 4178 2798 4232 et
2829 4171 3008 4231 1073.
3034 4169 3268 4231 Recole
3303 4185 3450 4247 qum

189 4261 448 4336 superius
477 4262 649 4324 dicta
679 4269 830 4323 sunt
865 4278 1046 4324 num.
1083 4260 1121 4322 ἢ

245 4327 558 4420 Pollicitus
590 4358 806 4420 fuerat
839 4357 1132 4420 Labbeus
1168 4359 1236 4420 in
1267 4359 1448 4424 Nova
1493 4361 1892 4424 Bibliotheca
1944 4380 2093 4425 mss.
2142 4361 2455 4426 librorum
2496 4368 2673 4443 parite
2708 4382 2807 4439 ιιι,
2839 4327 3164 4441 ρθελοὲ,
3199 4387 3227 4418 «
3264 4378 3432 4423 com-

191 4463 515 4559 paraturum
544 4472 616 4517 se
649 4455 934 4516 Graecam
966 4455 1330 4523 editionem
1357 4457 2012 4536 Lugduno-Batavam
2046 4463 2318 4525 Joannis
2348 4463 2626 4526 Meursii
2683 4479 2832 4524 cum
2892 4479 3013 4524 ms.
3053 4461 3304 4534 codice,
3349 4470 3444 4521 at-

191 4565 288 4626 que
311 4552 903 4631 interpretationem
930 4552 1262 4615 editurum
1293 4571 1327 4616 a
1354 4557 1428 4616 R.
1465 4559 1532 4618 Ρ.
1567 4557 1806 4621 Jacobo
1853 4559 2198 4621 Sirmondo
2250 4560 2381 4640 jam
2447 4559 2603 4621 olim
2665 4559 3117 4622 concinnatam
3152 4582 3166 4630 ;
3209 4581 3237 4613 »
3273 4559 3449 4637 quod

192 4647 300 4721 ipse
323 4656 420 4709 aut
450 4656 654 4712 morte
687 4657 1076 4728 praeventus,
1120 4655 1232 4713 aut
1261 4652 1670 4732 gravioribus
1707 4656 1991 4735 negotiis
2031 4655 2394 4735 implicitus
2427 4657 2701 4719 minime
2734 4655 3062 4735 prtestitit.
3097 4655 3354 4717 Utinam
3382 4654 3447 4715 id

195 4743 368 4818 perﬁci
398 4745 750 4827 aliquando
789 4753 1007 4825 queat.

252 4863 430 4928 58.1n
469 4873 774 4929 veterum
808 4866 1063 4928 Patrum
1097 4865 1518 4930 Bibliothecis
1549 4867 1985 4947 fragmentum
2023 4877 2264 4949 prostat
2297 4871 2422 4933 sub
2463 4871 2730 4933 nomine
2794 4870 3292 4950 TheOpbylacti,
3351 4870 3451 4934 in-

195 4961 453 5041 scriptum
494 4966 587 5025 De
616 4966 758 5026 risu
781 4972 838 5022 et
874 4963 1461 5042 vociferationibus.
1496 4969 1750 5028 Prtestat
1800 4968 1965 5029 illud
2033 4969 2492 5047 Lugdunensis
2526 4967 2929 5032 Bibliotheca
2967 4969 3242 5030 Patrum
3284 4978 3327 5030 t.
3369 4971 3444 5040 ν,

197 5073 306 5134 pag.
351 5061 514 5122 12m.
556 5064 822 5139 Nempe,
856 5082 885 5116 «
917 5060 1092 5134 Quin
1144 5070 1207 5122 et
1260 5061 1434 5122 hunc
1484 5079 1728 5124 morem
1787 5066 2179 5140 introduxit,
2212 5067 2326 5147 qui
2393 5067 2589 5129 hodie
2624 5067 2901 5139 obtinet,
2930 5065 3106 5144 quod
3144 5067 3210 5126 in
3236 5065 3451 5142 Splen-

199 5155 330 5219 didis
358 5171 541 5240 atque
571 5158 976 5222 solemnibus
1019 5159 1484 5222 festivitatibus
1518 5163 1650 5224 Deo
1688 5170 1750 5224 et
1782 5171 2152 5225 sanctorum
2185 5165 2618 5227 recordationi
2647 5166 2712 5226 ﬁt
2751 5165 3150 5226 contumelia
3185 5180 3296 5240 per
3325 5161 3442 5225 fua-

199 5251 282 5313 das
305 5259 667 5333 cantilenas,
693 5265 754 5319 et
781 5257 975 5331 risus,
1006 5266 1066 5318 et
1091 5257 1356 5318 insanos
1389 5258 1724 5330 clamores,
1762 5260 2004 5340 quibus
2040 5262 2354 5323 adhibitis
2383 5261 2590 5324 sancti
2641 5261 2867 5341 hymni
2904 5269 3269 5323 cantantur.
3297 5259 3448 5322 Plii-

204 5348 374 5428 lippus
412 5355 705 5417 Labbeus
754 5355 821 5415 in
857 5371 972 5416 sua
1004 5356 1077 5416 ad
1112 5354 1582 5416 Bellarminum
1611 5356 1692 5418 de
1723 5358 2157 5436 scriptoribus
2212 5358 2680 5420 ecclesiasticis
2743 5358 3056 5420 historica
3125 5357 3447 5419 Disserta-

204 5445 338 5510 tione
366 5451 453 5512 sic
486 5452 575 5514 ait
612 5474 625 5512 :
674 5475 701 5508 ‹‹
744 5452 900 5531 Ejus
930 5451 1760 5530 [TheophylactiBulgarice
1805 5457 2302 5534 archiepiscopi]
2357 5455 2710 5517 alteriusve
2744 5454 3246 5534 'I‘heOpbylacli,
3281 5453 3446 5515 forte

206 5542 534 5620 Simocattoe,
592 5548 944 5609 dicendum
981 5548 1063 5609 sit
1101 5546 1534 5627 fragmentum
1571 5550 1656 5609 De
1687 5553 1827 5611 risu
1856 5563 1912 5612 et
1943 5553 2518 5631 vociferationibus
2552 5553 2620 5614 in
2645 5551 2835 5613 festis
2872 5560 3277 5620 sanctorum,
3310 5569 3447 5610 am-

205 5639 335 5718 bigo.
374 5668 397 5698 η
429 5648 512 5708 De
548 5643 1034 5722 'I‘heOphylacto
1068 5645 1404 5707 Simocatta
1475 5648 1860 5726 diligentius
1915 5650 2043 5728 agit
2086 5653 2275 5710 Joan.
2313 5650 2620 5711 Albertus
2677 5648 3017 5710 Fabricius
3080 5647 3144 5706 in
3209 5645 3450 5708 Biblio-

210 5741 337 5798 theca
362 5741 564 5804 Graeca
600 5741 939 5804 volumine
968 5743 1076 5817 VI,
1115 5749 1422 5821 notatque
1491 5743 1794 5808 ﬂoruisse
1856 5747 2073 5824 ipsum
2129 5749 2431 5808 extremis
2490 5748 2783 5810 Heraclii
2831 5745 3244 5825 imperatoris
3296 5751 3448 5802 tem—

209 5837 415 5906 poribus
435 5861 502 5903 ac
536 5841 857 5919 deinceps.
915 5841 1032 5901 Pro
1070 5839 1564 5919 διύϋίρμὶδυοίιο
1599 5842 1862 5903 demum
1889 5842 2564 5923 Bulgariaejudicium
2621 5848 2745 5908 I'ert
2795 5844 3103 5907 laudatus
3155 5838 3447 5902 Labbeus

213 5948 256 5990 iu
281 5936 596 6017 Addcndis,
621 5965 647 5996 τι
675 5937 1187 6018 Archiepiscopo
1211 5937 1576 6002 At'lu'idauo
1614 5941 1850 6019 potius,
1892 5940 2227 6021 inquiens,
2262 5962 2458 6023 quam
2490 5940 3288 6024 caeteris'I‘licOpbylactis,
3317 5938 3446 6000 fra-
