3966 6458
545 425 618 491 59
1384 415 1619 479 BERN.
1657 412 1925 476 MARLE
1965 412 2064 477 DE
2103 409 2392 474 RUBEIS
2431 405 2942 476 DISSERTATIO
3745 394 3866 465 ω

545 540 874 617 gmeutum
907 531 1070 596 itlud
1117 531 1622 612 adjudicandum
1668 546 1936 602 censeo,
1969 528 2152 607 quod
2199 527 2264 588 in
2319 524 2736 589 Bibliothecis
2793 524 3116 596 Veterum
3160 523 3418 585 Patrum
3469 516 3784 586 occurrit
3833 538 3860 582 :

544 633 717 710 Quin
747 639 802 692 et
849 631 1010 692 hunc
1035 647 1276 691 morem
1311 627 1680 690 introduxit
1720 651 1750 686 ι
1784 634 1902 690 etc.
1935 623 2269 689 Iudicium
2300 638 2418 703 ego
2447 623 2869 700 suspendam.

626 728 933 789 Memorat
965 726 1134 789 idem
1163 723 1452 791 Labbeus
1483 723 1912 804 fragmentum
1941 720 2119 784 aliud
2154 718 2620 800 Theophylacti
2675 718 2748 781 de
2779 718 3134 806 Nicephoro
3186 717 3564 798 confessore,
3599 712 3856 778 veluti

545 823 962 886 Bibliothecis
999 825 1248 888 Patrum
1281 821 1598 883 inscrtum
1633 843 1648 883 :
1680 819 1849 900 quod
1909 818 2020 899 (ait
2054 815 2392 880 Fabricius
2441 817 2508 879 in
2567 815 3050 895 TheOphylacto
3096 810 3460 883 Simocatta)
3495 829 3862 892 nusquam

548 921 818 998 reperio.
861 921 1158 980 Sanctum
1193 917 1627 997 Nicephorum
1657 914 2073 994 patriarcham
2113 913 2897 991 Constantinopolitanum
2950 904 3266 988 intellige,
3309 910 3429 990 qui
3460 910 3543 972 ob
3581 925 3835 971 sacra-

547 1035 685 1079 rum
721 1017 1076 1095 imaginum
1110 1016 1351 1082 cultum
1387 1017 1454 1078 in
1496 1014 1798 1081 exsilium
1830 1012 2086 1093 pulsus,
2114 1011 2238 1074 vita
2268 1009 2567 1088 migravit
2599 1008 2898 1086 [XXVII]
2930 1023 3101 1076 anno
3131 1005 3279 1070 828.
3301 1009 3398 1080 De
3427 1007 3571 1084 ipso
3598 1022 3732 1084 agn
3753 1008 3859 1065 nt

545 1113 832 1176 Bollandi
861 1113 1340 1176 continuatores
1379 1113 1456 1174 ad
1497 1112 1672 1174 diem
1709 1128 1826 1172 xm
1849 1108 2058 1172 Martii
2091 1129 2108 1183 ;
2141 1122 2356 1185 neque
2386 1103 2675 1167 indicant
2699 1103 3036 1183 quidpiam
3072 1102 3246 1183 quod
3278 1100 3856 1180 Theophylactus

541 1205 618 1266 de
641 1221 720 1266 eo
757 1205 1113 1281 scripserit.

623 1300 1014 1362 Possevinus
1062 1299 1205 1378 ejus
1240 1300 1450 1378 Opera
1488 1299 1553 1362 in
1581 1296 1918 1378 Apparatu
1946 1314 2128 1357 sacro
2161 1312 2512 1359 recensens
2545 1301 2722 1358 tomo
2754 1296 2837 1369 ll,
2884 1294 2983 1358 sic
3032 1296 3121 1358 ait
3157 1313 3170 1356 :
3207 1318 3236 1353 α
3264 1293 3726 1357 Commentarii
3753 1306 3852 1351 er.

543 1395 995 1458 Euarrationes
1023 1397 1090 1458 in
1119 1397 1483 1475 prophetas,
1511 1395 1731 1475 juncta
1765 1392 2198 1473 explicatione
2231 1392 2298 1452 in
2327 1392 2710 1454 Psalterium
2743 1389 3032 1469 Davidis,
3061 1398 3242 1454 erant
3278 1407 3432 1452 mss.
3469 1389 3534 1450 in
3572 1387 3860 1450 biblio-

543 1494 722 1556 theca
752 1491 1349 1572 imperialiViennaa
1368 1493 1705 1558 Austriaa.»
1725 1495 1815 1555 Ne
1843 1490 2143 1568 cuiquam
2175 1485 2394 1550 fucum
2430 1489 2561 1550 hinc
2583 1486 2817 1550 faciant
2841 1487 3032 1551 verba
3058 1533 3074 1562 ,
3108 1487 3618 1551 animadvertere
3639 1501 3850 1562 opus

540 1595 660 1660 est,
709 1587 978 1650 indicari
1005 1587 1290 1650 codicem
1315 1589 1433 1650 216
1460 1589 1630 1667 apud
1669 1584 2078 1650 Lambecium
2113 1581 2280 1646 libro
2315 1602 2370 1655 v,
2416 1585 2486 1652 in
2524 1600 2657 1663 quo
2717 1583 2928 1663 primo
2962 1593 3313 1648 occurrunt
3361 1581 3682 1661 Bulgaria)
3711 1595 3854 1641 ar-

537 1681 935 1761 chiepiscopi
967 1682 1431 1761 TheOphylacti
1469 1685 1931 1764 Expositiones
1967 1683 2039 1743 in
2067 1680 2340 1760 quinque
2363 1683 2735 1761 prophetas,
2774 1680 3008 1761 utique
3066 1682 3365 1754 minores,
3395 1677 3638 1748 Oscam,
3670 1676 3846 1739 Ha-

533 1779 753 1854 bacuc,
786 1779 1035 1852 Ionam,
1068 1779 1315 1843 Nahum
1353 1789 1409 1841 et
1442 1781 1786 1844 Micharam.
1821 1784 2067 1844 Prostat
2125 1774 2363 1841 deinde
2406 1796 2439 1840 a
2467 1778 2586 1842 fol.
2618 1777 2764 1854 218,
2813 1777 3162 1856 Nicephori
3205 1773 3565 1838 Blemmidae
3607 1790 3845 1854 expo-

533 1876 684 1936 sitio
717 1876 787 1962 in
812 1875 1196 1938 Psalterium
1218 1876 1517 1947 Davidis;
1547 1886 1609 1941 et
1630 1876 1796 1941 afol.
1827 1879 1969 1955 356,
1997 1876 2289 1961 ejusdem
2313 1875 2670 1938 Blemmidar
2714 1876 3031 1955 expositio
3068 1876 3138 1936 in
3164 1870 3593 1962 Appendicem
3621 1868 3849 1931 Psal-

536 1972 688 2034 terii
705 1958 1017 2046 Davidici,
1055 1989 1284 2050 nempe
1323 1975 1394 2036 in
1430 1975 1714 2039 Cantica.
1749 1978 1981 2040 Caveat
2019 1958 2200 2057 ergo,
2243 1973 2359 2060 qui
2415 1971 2748 2034 Possevini
2795 1971 2986 2034 verba
3031 1971 3284 2051 legerit,
3327 1958 3419 2032 'ne
3461 1964 3846 2046 TheOphyo

538 2069 702 2131 iacto
734 2077 956 2132 nostro
988 2069 1183 2148 ullam
1212 2071 1280 2132 in
1302 2071 1583 2133 Psalmos
1617 2075 1794 2153 (aret
1819 2076 2082 2138 Cantica
2119 2070 2592 2152 expositionem
2629 2067 2928 2130 ascribat.

621 2167 690 2228 In
720 2168 961 2230 Veneta
995 2167 1205 2228 Sancti
1238 2168 1432 2232 Marci
1489 2170 1883 2235 Bibliotheca
1924 2174 2136 2236 codex
2192 2174 2400 2233 exstat
2431 2181 2610 2229 num.
2659 2165 2741 2225 26
2802 2163 2871 2226 in
2932 2179 3062 2243 quo
3094 2168 3238 2242 post
3284 2158 3832 2225 Commentarios

542 2262 1004 2342 Theophylacti
1042 2263 1110 2324 in
1147 2265 1421 2344 quinque
1456 2268 1806 2346 prophetas
1845 2271 2108 2330 minores

2267 2261 2448 2336 ostaf,
2476 2271 2724 2342 Νικήτου
2752 2268 3057 2323 ἐπισκόπου
3091 2267 3190 2336 τῆς
3219 2263 3613 2337 μητροπόλεως
3648 2261 3833 2314 Ναυ-

539 2369 748 2424 πάκτου
771 2371 1080 2441 σύνταγμα,
1141 2364 1376 2426 Niceti):
1455 2367 1739 2444 episcopi
1806 2367 2105 2444 metropot

2280 2360 2603 2440 Naupacti
2651 2358 2993 2436 Syntagma
3040 2355 3111 2416 in
3175 2351 3590 2432 Ecang‘elium
3635 2350 3836 2413 Mat-

543 2462 706 2534 than',
745 2463 1073 2527 collectum
1138 2467 1456 2546 praecipue
1485 2482 1564 2527 ea:
1597 2450 2234 2545 interpretationibus
2296 2460 2728 2540 Chrysostomi
2776 2457 3169 2536 aliorumque
3216 2454 3634 2516 diuersorum.
3672 2451 3821 2515 Sed

541 2575 751 2637 neque
805 2563 1274 2639 Chrysostotni,
1335 2579 1548 2641 neque
1602 2569 1898 2625 veterum
1961 2563 2238 2625 aliorum
2295 2562 2718 2637 interpretum
2765 2554 3030 2618 nomina
3082 2551 3563 2630 exprimuntur,
3611 2556 3682 2611 ut
3738 2548 3834 2611 in

539 2655 792 2718 Catenis
863 2659 999 2719 ﬁeri
1025 2659 1211 2721 solet.
1279 2659 1661 2722 Prommium
1735 2658 2003 2738 incipit:
2043 2668 2105 2720 Ἐ

2261 2667 2325 2720 ,ὲν
2363 2666 2512 2735 ἡμᾶς
2551 2663 2625 2734 μὴ
2652 2660 2862 2716 δεῖσθαι
2890 2658 2994 2730 τῆς
3020 2657 3131 2712 ἀπὸ
3157 2655 3268 2711 τῶν
3291 2655 3827 2727 γραμμάτωνβοη..

537 2757 707 2822 θείας.
756 2752 932 2813 Idem
992 2760 1086 2815 est
1143 2769 1287 2815 cum
1331 2770 1407 2816 eo
1446 2754 1619 2834 quod
1653 2755 1906 2818 Catena;
1959 2765 2325 2817 sanctorum
2358 2754 2613 2814 Patrum
2652 2749 2720 2812 in
2761 2745 3190 2827 Evangelium
3241 2746 3600 2808 secundum
3645 2747 3834 2813 Mat-

535 2848 771 2910 thasum
813 2851 1209 2927 praemissum
1247 2851 1483 2930 legitur
1517 2852 1577 2912 in
1602 2852 1928 2931 Symbolis
1968 2854 2335 2915 Graecorum
2368 2855 2622 2913 Patrum
2647 2864 2679 2910 a
2711 2850 2897 2910 Petro
2931 2844 3206 2907 Possino
3241 2841 3521 2923 vulgat-is
3555 2852 3732 2908 tomo
3755 2847 3825 2914 ι,

549 2946 671 3008 Sed
719 2962 863 3025 quas
923 2947 1159 3008 Catena
1207 2948 1326 3009 hoc
1364 2947 1503 3009 loco
1541 2949 1878 3026 sequitur,
1909 2949 2176 3012 omnino
2197 2947 2406 3010 ditfert
2437 2963 2472 3009 a
2509 2949 2947 3025 Syntagmate.
2989 2944 3060 3004 ln
3089 2940 3367 3022 hujusce
3417 2941 3611 3004 initio
3641 2938 3831 3009 non-

541 3041 718 3102 nulla
749 3050 1117 3116 occurrunt,
1150 3060 1294 3122 quae
1322 3051 1473 3103 sunt
1503 3059 1767 3120 prorsus
1795 3045 2020 3108 eadem
2059 3062 2203 3107 cum
2232 3043 2715 3124 Theophylacti
2750 3040 3257 3104 Commentario.
3291 3040 3439 3113 Quo
3460 3056 3531 3105 se
3564 3059 3666 3105 res
3695 3042 3833 3108 ha-

537 3136 681 3200 beat
712 3141 922 3209 modo,
961 3138 1250 3215 patefacit
1278 3146 1421 3201 nota
1455 3141 1670 3201 Graece
1700 3140 1936 3218 scripta
1968 3141 2035 3202 in
2077 3142 2372 3219 ejusdem
2406 3141 2656 3205 codicis
2692 3136 2856 3204 folio
2885 3137 2987 3211 61s,
3015 3153 3239 3218 quam,
3272 3139 3673 3204 veluti‘scitu
3707 3140 3829 3205 di-

537 3237 934 3313 gnissimam,
964 3238 1180 3298 Graece
1217 3243 1277 3298 et
1308 3237 1530 3298 Latine
1556 3236 1724 3318 juris
1752 3236 1991 3314 publici
2023 3235 2232 3302 fecere
2258 3239 2504 3302 clariss.
2538 3237 2822 3302 editores
2857 3234 3090 3299 Grecae
3139 3235 3286 3297 Dici
3316 3237 3521 3300 Marci
3550 3236 3822 3307 Biblio-

535 3334 722 3393 thecae
753 3333 814 3393 in
864 3333 1006 3411 ejus
1036 3332 1278 3395 codicis
1313 3333 1714 3394 recensione.
1744 3333 1964 3396 Latina
1995 3334 2444 3414 interpretatio
2473 3343 2614 3398 est:
2654 3336 2732 3397 In
2773 3332 2917 3399 alio
2946 3327 3114 3395 libro
3171 3333 3384 3397 inveni
3433 3335 3823 3412 praesentem

537 3430 997 3506 expositionem
1026 3429 1137 3490 sub
1159 3431 1407 3491 nomine
1432 3429 1747 3507 Bulgaria:
1786 3431 2087 3510 episcopi,
2120 3431 2360 3494 scilicet
2413 3431 2654 3493 domini
2702 3429 3152 3509 Theophylacti
3185 3450 3204 3489 :
3237 3447 3369 3508 quae
3393 3426 3602 3490 autem
3665 3441 3824 3496 erat

537 3526 607 3587 in
636 3525 745 3586 illo
779 3525 964 3598 libro,
1000 3545 1133 3585 cum
1165 3526 1276 3586 hac
1301 3527 1700 3588 conveniebat
1733 3529 1920 3588 initio
1949 3529 2276 3607 praecipue
2306 3549 2326 3589 :
2354 3544 2707 3606 progressu
2761 3544 2915 3589 vero
2965 3525 3389 3605 discrepabat.
3452 3526 3663 3602 Quare
3697 3546 3824 3590 ar-

537 3621 768 3694 bitror,
801 3623 959 3683 hanc
991 3623 1307 3700 Naupacti
1359 3625 1650 3703 episcopo
1677 3623 2125 3704 adjudicatam,
2172 3626 2281 3702 qui
2328 3624 2522 3702 plura
2553 3632 2875 3684 mutuatus
2906 3623 3034 3702 fuit
3077 3642 3116 3683 a
3154 3622 3642 3703 Theophylacto,
3676 3625 3820 3688 sive

540 3718 986 3797 Chrysostomo
1025 3740 1044 3778 :
1077 3718 1573 3798 quandoquidem
1613 3730 1671 3781 et
1705 3721 2030 3798 posterior
2065 3728 2339 3797 tempore
2367 3719 2498 3796 fuit
2532 3717 3021 3796 Theophylacto.
3057 3719 3197 3778 Jam
3235 3725 3428 3796 patet,
3465 3720 3817 3800 aliquibus

543 3813 622 3880 in
647 3817 985 3880 codicibus
1022 3820 1100 3877 Ex
1115 3817 1474 3896 positiones
1504 3827 1792 3896 prostare
1827 3817 1948 3878 sub
1980 3816 2240 3879 nomine
2267 3812 2759 3893 TheOphylacti,
2785 3830 3114 3891 perperam
3144 3813 3394 3877 scilicet
3414 3813 3624 3878 eidem
3651 3833 3823 3895 sup.

539 3913 802 3990 positas.

623 4012 865 4071 Auctor
893 4011 1325 4089 Syntagmatis
1359 4013 1422 4074 in
1465 4018 1611 4073 nota
1645 4012 1880 4074 dicitur
1917 4012 2172 4074 Nicetas
2205 4010 2536 4087 episcopus
2563 4005 2980 4084 metropolcos
3002 4005 3347 4087 Naupacti.
3377 4009 3565 4087 Apud
3591 4011 3816 4074 Mont-

537 4104 908 4168 fauconium
953 4108 1014 4168 in
1058 4108 1451 4170 Bibliotheca
1479 4110 2014 4171 Bibliothecarum
2044 4125 2189 4168 mss.
2237 4112 2411 4169 tomo
2447 4108 2495 4180 l,
2530 4121 2676 4183 pag.
2705 4105 2805 4176 27,
2845 4106 2966 4166 col.
3011 4105 3071 4176 2,
3109 4121 3396 4185 sequens
3427 4107 3666 4187 legitur
3699 4109 3815 4173 in-

537 4203 805 4278 scriptio
840 4204 1006 4264 inter
1049 4206 1303 4266 codices
1337 4205 1573 4282 reginae
1603 4207 1846 4267 Sueciaa
1881 4207 1943 4265 in
1989 4207 2288 4266 Vaticana
2324 4227 2336 4264 :
2378 4204 2614 4265 Nicctw
2678 4201 2958 4280 episcopi
2996 4205 3351 4280 nuncupati
3385 4207 3703 4283 expositio
3737 4209 3819 4271 in

533 4307 810 4377 quatuor
838 4299 1240 4378 Evangelia;
1290 4302 1396 4363 ubi
1443 4317 1661 4363 vocem
1694 4304 2048 4381 nuncupati
2082 4302 2350 4378 positam
2382 4316 2495 4377 pro
2528 4299 2873 4377 Naupacti,
2919 4298 3260 4360 verisimili
3292 4302 3665 4380 conjectura
3685 4306 3814 4366 ad-

539 4405 757 4458 notant
794 4396 1028 4458 laudati
1077 4399 1417 4459 Marciana?
1451 4397 1686 4458 Veneta:
1721 4397 2123 4464 Bibliotheca
2157 4399 2468 4460 editores.
2520 4395 2809 4474 Hujusce
2863 4394 3101 4456 Nicctm
3145 4398 3578 4474 metrOpoleos
3635 4403 3817 4464 Nau-

538 4496 697 4573 pacti
733 4495 1017 4572 episc0pi
1055 4496 1292 4556 mentio
1326 4495 1498 4557 nulla
1529 4496 1700 4574 apud
1733 4496 2106 4559 Michaelem
2143 4495 2544 4574 Lequienum
2604 4493 2672 4553 in
2732 4491 2986 4552 Oriente
3046 4491 3436 4570 Christiano,
3484 4505 3656 4560 tomo
3717 4498 3810 4575 ll,

540 4593 803 4652 col.198
833 4600 892 4653 et
921 4611 1102 4671 seqq.
1137 4592 1202 4653 in
1229 4594 1450 4654 eadem
1481 4596 1783 4671 Naupacti
1815 4596 2097 4656 Ecclesia
2131 4611 2143 4654 :
2181 4609 2391 4671 neque
2430 4589 2692 4660 mirum,
2732 4606 2879 4651 cum
2933 4589 3138 4651 series
3176 4608 3402 4654 eorum
3462 4595 3810 4674 episcopo-

547 4705 684 4747 rum
720 4688 962 4764 intcgra
1001 4688 1434 4749 desideretur.-
1469 4689 1948 4766 TheOphylarto
1976 4689 2382 4768 synchronus
2423 4689 2688 4749 ﬂorebat
2722 4689 2975 4748 Nicetas
3017 4688 3376 4764 Serrarum,
3419 4701 3638 4769 postea
3672 4696 3810 4759 He-

548 4784 788 4854 t'acleEB,
828 4785 1196 4860 episcopus.
1233 4785 1324 4846 Ad
1359 4784 1529 4846 hunc
1561 4785 1700 4846 data
1728 4795 1820 4846 est
1848 4785 2619 4865 ejusdemTheOphylacti
2657 4801 2822 4846 nona
2863 4784 3030 4845 inter
3060 4787 3465 4852 Meursianas
3493 4791 3803 4869 epistola,

545 4881 813 4952 scilicet,
851 4889 940 4957 Τῷ
967 4890 1275 4962 διδασκάλῳ
1304 4892 1478 4962 κυρίῳ
1503 4892 1734 4962 Νικήτᾳ,
1758 4892 1834 4960 τῷ
1861 4892 1967 4945 τῶν
1989 4893 2111 4963 Σερε

2264 4883 2323 4946 Is
2384 4890 2478 4944 est
2547 4882 2655 4962 qui
2711 4880 2955 4942 scholia
3015 4884 3273 4962 scripsit
3336 4887 3397 4947 in
3458 4889 3805 4953 Orationes

542 4973 1062 5052 sanctiGrcgorii
1110 4977 1518 5039 Nazianzeni.
1572 4981 1864 5042 Laudataa
1909 4982 2108 5058 epistu

2260 4979 2462 5059 prima
2524 4980 2715 5041 verba
2758 4986 2913 5042 sunt
2950 5002 2961 5044 :
2998 4993 3155 5046 Καὶὸ
3200 4992 3295 5045 τοῦ
3326 4993 3670 5060 Εὑαγγελξου
3701 4996 3806 5064 τῆς

546 5080 802 5149 ἀληθείας
837 5081 1138 5152 ἐξηγητὴς,
1172 5076 1382 5135 Etiam
1419 5090 1507 5149 tu,
1544 5080 1652 5157 qui
1679 5078 2006 5156 Evangelii
2083 5098 2112 5138 υ

2235 5079 2367 5138 ratis
2420 5080 2734 5153 interpres
2792 5081 3030 5158 fueras,
3081 5080 3406 5141 mendacio
3469 5085 3801 5144 convictus

549 5187 633 5236 es,
672 5177 790 5228 etc.
834 5172 923 5229 An
961 5187 1111 5248 ergo
1159 5173 1701 5234 Commentarium
1732 5174 1827 5234 vel
1863 5175 2158 5236 Catenam
2191 5173 2256 5234 in
2293 5173 2641 5250 Evangelia
2695 5176 3080 5251 scripserit?
3113 5177 3415 5237 Calenam
3482 5179 3801 5240 Possinus

548 5262 604 5320 ei
641 5263 942 5335 attribuit,
979 5282 1167 5341 quam
1195 5267 1258 5326 in
1299 5268 1614 5345 Symbolis
1650 5271 1929 5347 vulgavit
1964 5278 2135 5330 tomo
2172 5272 2249 5330 II.
2278 5273 2356 5331 At
2402 5270 2644 5346 primus
2681 5272 2880 5347 enim,
2915 5273 3029 5351 qui
3059 5273 3122 5332 in
3159 5272 3388 5334 eodem
3445 5288 3639 5347 opere
3702 5293 3804 5338 re-

549 5369 845 5418 censetur
890 5362 1054 5422 inter
1077 5371 1369 5424 auctores
1401 5378 1674 5443 quorum
1700 5368 2036 5429 sententiae
2061 5367 2478 5441 deﬂorantur,
2534 5368 2784 5430 Nicetas
2812 5378 2927 5430 est.
2958 5368 3353 5447 Hujusmodi
3413 5368 3798 5433 Catenarum

548 5455 992 5531 compilatorcs
1024 5459 1431 5537 frequentius
1466 5463 1720 5524 obscuri
1759 5475 1931 5526 sunt.

627 5554 857 5613 Mirum
893 5572 1014 5616 non
1050 5557 1266 5624 fuerit,
1312 5562 1369 5618 iu
1406 5561 1812 5637 Syntagmate
1849 5561 2153 5637 superius
2186 5564 2376 5625 citato
2437 5580 2779 5627 occurrere
2843 5582 2972 5628 non
3033 5583 3255 5644 pauca,
3308 5585 3453 5644 quae
3493 5585 3637 5628 cum
3689 5585 3801 5648 ge-

554 5649 750 5710 nuino
791 5652 1248 5755 ’l‘hcophvvlacti
1290 5657 1756 5717 Commentario
1789 5661 2182 5720 conveniunt
2216 5679 2228 5720 :
2273 5662 2374 5723 vel
2409 5662 3158 5742 enimTheOphylactum
3207 5665 3583 5743 decerpebat
3618 5667 3800 5729 Nice-

584 5803 1069 5880 Lf")litt'ophylacli
1113 5812 1524 5880 Commentaiium
1570 5814 1935 5880 ineditumﬂin
1978 5816 2202 5880 Γςηῖωρς
2248 5823 2490 5868 memorat
2522 5817 2572 5869 C.
2623 5818 2676 5868 Β.
2715 5816 2894 5870 Hasius
2944 5820 3000 5870 ad
3045 5817 3254 5870 Paulum
3300 5815 3570 5869 Namnam
3620 5830 3665 5880 p.
3707 5817 3797 5871 480

556 5865 631 5927 (in
656 5865 871 5920 editione
895 5865 1054 5922 nostra
1083 5876 1294 5934 c0338”,
1327 5883 1426 5925 not.
1467 5876 1540 5926 55.
1569 5877 1706 5926 Tom.
1735 5877 1943 5939 CXVII).
1972 5879 2108 5929 Enn.
2148 5879 2297 5929 Pam.
