3966 6472
217 477 274 539 65
1068 473 1166 535 DE
1204 469 1787 534 THEOPHYLACTI
1828 470 2102 533 GESTIS
2142 472 2237 534 ET
2280 473 2649 539 SCRIPTIS.
3446 482 3516 544 66

278 582 504 647 Eadem
537 581 679 645 fuit
720 583 1037 647 Demetrii
1095 582 1499 655 Chomatcni,
1538 579 1965 642 Achridensis
2032 582 2096 643 in
2138 582 2441 662 Bulgaria
2477 583 2987 665 archiepiscopi,
3057 584 3386 648 sententia
3440 586 3509 649 in

214 681 465 761 epistola
496 683 579 744 ad
630 682 1137 746 Constantinum
1187 679 1548 741 Cabasilam
1599 677 2171 757 archiepiscopum
2216 681 2601 759 metrOpolis
2658 682 3024 758 Dyrrachii,
3063 684 3296 760 [XXX]
3334 682 3507 760 apud

213 778 669 841 Leunclavium
710 779 773 842 in
814 782 974 841 Jure
1024 778 1241 841 erco
1280 778 1584 850 Romano,
1626 775 1791 835 libro
1826 794 1887 835 ν.
1921 774 2275 837 Ecclesiam
2311 794 2494 837 suam
2526 778 3029 839 administrabat
3063 778 3512 841 Chomatenus

210 876 373 937 tertio
422 877 699 939 decimo
750 876 1013 939 saeculo.
1059 876 1118 937 Is
1163 882 1257 936 est
1289 875 1405 953 qui
1452 871 1798 934 Theodoro
1852 872 1911 931 ΙΙ
1945 872 2219 949 Angela,
2274 873 2689 951 imperatoria
2734 875 3023 954 insignia
3079 883 3224 954 post
3256 886 3508 956 captam

207 992 233 1035 a
265 975 500 1037 Latinis
539 975 1085 1038 Thessalonicam
1116 971 1480 1052 arripienti,
1516 985 1685 1032 anno
1716 970 1896 1044 1222,
1930 970 2229 1032 diadema
2268 971 2613 1049 imposuit,
2656 989 2771 1050 pro
2802 991 2937 1035 sua)
2970 974 3279 1036 Ecclesiae
3317 983 3510 1037 auto-

206 1073 471 1150 rephalia
515 1073 655 1134 sibi
698 1074 811 1153 jus
856 1072 1189 1134 asciscens
1239 1068 1596 1149 quoslibet,
1657 1067 2064 1147 ubicunque,
2111 1068 2206 1130 vel
2254 1071 2786 1149 quandocunque
2850 1088 3038 1150 reges
3096 1072 3191 1133 vel
3231 1072 3511 1151 impera-

209 1180 358 1233 tores
391 1171 726 1246 ungendi.
782 1170 1184 1249 Lequienum
1239 1166 1510 1229 consule
1577 1165 1639 1225 in
1691 1162 2220 1242 ArchiepiSCOpis
2287 1164 2828 1229 Acbrideusihus.
2870 1168 3505 1247 Interrogationibus

207 1268 486 1329 Cabasilae
518 1268 694 1329 circa
736 1268 1109 1328 Latinorum
1143 1270 1345 1327 errata
1385 1260 1736 1337 respondet
1772 1260 1881 1320 ille
1912 1262 2099 1337 juxta
2162 1271 2447 1324 mentem
2510 1264 3014 1344 Theophylacti.
3049 1266 3262 1327 Verba
3297 1275 3449 1328 sunt
3484 1291 3501 1329 z

206 1391 226 1420 π
260 1367 337 1426 E1
371 1366 707 1426 sententia
742 1366 933 1446 hujus
986 1362 1447 1442 sapientissimi
1510 1359 1742 1438 scripti
1773 1354 1971 1435 (quod
2028 1365 2127 1419 est
2182 1358 2655 1437 TheOphylacti
2703 1360 2981 1438 epistola
3032 1360 3111 1421 ad
3156 1361 3497 1423 Nicolaum

204 1461 527 1521 diaconum
582 1470 649 1521 et
682 1460 1125 1532 canstrisium,
1158 1458 1343 1536 cujus
1384 1456 1601 1535 aliqua
1654 1452 2022 1516 afferuntur
2054 1454 2435 1537 fragmenta)
2472 1456 2695 1518 videre
2742 1466 2839 1517 est
2876 1479 2891 1518 :
2930 1458 2996 1518 in
3054 1457 3233 1519 omni
3277 1466 3496 1537 gente,

203 1576 327 1636 quia
378 1557 627 1620 Christi
696 1558 1219 1631 praedicationem
1277 1556 1663 1631 susceperit,
1693 1563 1769 1627 ὡς
1823 1560 2106 1631 ἐλάχιστα,
2154 1570 2347 1633 quam
2391 1553 2659 1615 minime
2714 1571 2965 1616 morum
3025 1552 3324 1632 ipsorum
3380 1561 3501 1616 de-

200 1657 383 1717 iectus
420 1654 493 1736 (si
535 1656 658 1735 qui
692 1654 939 1737 essent)
972 1654 1412 1717 observandas
1454 1671 1678 1715 esse...
1714 1650 2255 1731 quandoquidem
2287 1668 2490 1710 mores
2527 1669 2656 1710 non
2697 1670 2827 1710 eam
2863 1652 2990 1713 vim
3027 1650 3257 1712 habent
3298 1651 3374 1713 ab
3408 1653 3493 1713 iis

203 1750 524 1813 divellendi
559 1770 751 1831 quam
774 1753 1071 1831 dogmata
1119 1768 1445 1831 perversa.
1490 1750 1673 1812 Unde
1727 1766 1943 1828 neque
1991 1755 2362 1809 consecrata
2428 1764 2460 1808 a
2524 1749 2771 1808 Latinis
2812 1764 3063 1826 azyma,
3101 1764 3317 1827 neque
3356 1747 3491 1810 haec

202 1847 623 1926 suscipientia
670 1854 734 1909 et
764 1847 1081 1909 sacriﬁcio
1131 1845 1482 1907 servientia
1544 1861 1771 1907 eorum
1826 1861 1998 1918 vasa,
2063 1850 2126 1904 et
2190 1851 2683 1922 consequenter
2732 1860 2947 1923 neque
3004 1861 3219 1907 sacras
3262 1860 3492 1907 eorum

204 1942 403 2019 stolas,
435 1961 664 2025 neque
688 1942 1072 2025 bujusmodi
1106 1943 1472 2023 quidpiam,
1506 1945 1920 2005 immundum
1957 1941 2417 2021 pollutumque
2453 1940 3005 2003 existimabimus.
3054 1964 3086 2000 ››

1723 2125 1914 2192 XVII.

204 2283 435 2346 Sacram
470 2282 961 2363 Eucharistiam
991 2282 1061 2344 in
1084 2299 1309 2363 azyma
1340 2299 1509 2363 parte
1542 2280 1992 2363 institutam}
2028 2278 2283 2343 Christo
2313 2282 2619 2363 Domino,
2668 2292 2845 2363 aocet
2880 2284 3386 2363 Theophylactus
3421 2286 3489 2347 in

271 2361 540 2442 epistola
571 2363 655 2423 ad
691 2361 1024 2442 Nicolaum
1056 2358 1419 2442 diaconum.
1456 2361 1734 2438 Itemque
1771 2359 1868 2442 in_
1896 2358 2384 2442 Commentariis
2430 2361 2513 2421 ad
2540 2362 2911 2423 Matthwum
2946 2374 3006 2425 et
3040 2358 3294 2425 Lucam.
3342 2366 3490 2428 Non

268 2436 649 2503 adversatur
694 2444 763 2503 in
795 2440 1257 2501 Commentario
1304 2440 1391 2519 ad_
1432 2436 1768 2519 Joannem,
1798 2436 1926 2519 ubi
1974 2437 2300 2499 Christum
2355 2459 2537 2501 suum
2561 2443 2940 2519 praavenisse
3003 2443 3248 2505 Pascha
3277 2442 3483 2509 docet.

267 2520 466 2603 Locus
505 2521 1190 2603 Matthcei__corruptus
1228 2519 1297 2579 in
1330 2516 1655 2603 aliquibus
1697 2515 2021 2577 codicibus
2067 2537 2087 2575 :
2136 2515 2581 2599 corruptionis
2623 2523 2832 2599 origo.
2875 2522 3241 2603 Corruptus
3299 2526 3486 2586 etiam

265 2602 537 2677 fortasse
573 2600 753 2661 locus
787 2600 995 2663 Marci
1029 2595 1056 2658 Ξ
1079 2600 1187 2677 qui
1221 2595 1850 2658 tamen—vindicatur.

274 2750 367 2813 63.
416 2752 491 2812 In
528 2767 605 2812 ea
646 2748 1034 2831 quaestione,
1068 2765 1215 2828 quas
1243 2749 1500 2810 Graecos
1548 2747 1717 2811 inter
1749 2762 1821 2810 ac
1860 2746 2125 2809 Latinos
2174 2745 2409 2827 agitur,
2436 2763 2585 2805 num
2636 2763 2868 2806 cumam
2907 2745 3166 2825 legalem
3200 2747 3483 2826 legitimo

212 2856 459 2925 tempore
515 2846 818 2910 Christus
876 2845 1182 2906 Dominus
1236 2845 1581 2925 peregerit,
1642 2863 1715 2905 ac
1764 2844 2136 2923 mysterium
2198 2842 2695 2904 eucharisticum
2732 2843 3085 2922 confecerit
3134 2845 3204 2905 in
3263 2862 3484 2922 azyma

208 2960 369 3022 parte,
408 2944 654 3005 Graacis
705 2942 844 3005 suis
908 2942 1287 3005 adversetur
1356 2942 1908 3022 Theophylactus,
1959 2937 2265 3017 favetque
2320 2937 2592 2998 Latinis.
2650 2940 2809 2999 Jesu
2863 2938 3127 3013 Christi,
3177 2956 3481 3018 azymum

210 3038 264 3101 in
289 3056 515 3119 corpus
565 3055 768 3101 suum
815 3038 1326 3112 transmutantis,
1391 3038 1786 3117 exemplum,
1838 3054 1971 3117 quo
2019 3054 2217 3099 suum
2271 3034 2482 3097 Latini
2532 3034 2729 3097 ritum
2791 3034 3153 3113 vindicant,
3216 3038 3299 3099 iis
3351 3039 3482 3100 eri—

214 3151 337 3211 pere
391 3135 596 3199 Graeci
679 3135 1078 3197 conabantur
1150 3134 1348 3208 olim,
1414 3134 1745 3213 hodieque
1820 3141 2186 3208 conantur,
2247 3132 2449 3194 variis
2525 3146 2643 3208 pro
2713 3132 2911 3209 genio
2986 3133 3482 3212 opinationibus

211 3230 482 3295 invectis.

278 3328 574 3390 Meletius
613 3327 883 3408 quidam
918 3327 983 3389 in
1031 3341 1349 3415 sermone
1372 3327 1461 3388 De
1490 3345 1760 3407 azymis,
1798 3327 1909 3407 qui
1945 3326 2068 3389 sub
2102 3328 2370 3388 nomine
2406 3325 2680 3388 Joannis
2732 3326 3115 3391 Damasceni
3148 3328 3320 3408 apud
3358 3332 3478 3392 Le-

215 3426 496 3505 quienum
516 3432 782 3505 prostat,
817 3432 992 3487 tomo
1014 3426 1065 3499 Ι,
1091 3427 1448 3497 contendit,
1485 3447 1515 3483 α
1546 3429 1801 3505 Agnum
1828 3422 2570 3505 paschalemcomedere
2594 3424 2841 3504 absque
2869 3425 3147 3501 panibus
3170 3425 3478 3491 tormenti

216 3524 564 3595 expertibus
597 3524 856 3586 Iudaeos
905 3523 1353 3597 consuevisse,
1394 3546 1422 3578 »
1458 3538 1855 3604 azymosqae
1917 3521 2321 3601 ejuscemodi
2366 3538 2566 3598 panes
2629 3538 2761 3583 non
2821 3522 3153 3584 adhibitos
3206 3540 3353 3585 esse
3387 3526 3468 3586 ad

221 3635 473 3682 mensam
510 3644 542 3678 ot
581 3629 728 3683 ante
761 3620 1077 3683 decimam
1110 3621 1404 3698 quintam
1443 3621 1639 3693 diem,
1680 3642 1709 3675 »
1754 3638 1809 3679 v.
1844 3638 1904 3698 g.
1938 3636 1971 3680 a
2002 3618 2212 3680 media
2250 3627 2435 3678 nocte
2468 3624 2930 3696 computatam,
2964 3619 3213 3681 mensis
3250 3621 3481 3699 primi.

215 3715 269 3776 Iu
298 3716 456 3781 hunc
486 3718 763 3798 impegit
796 3734 1103 3789 errorem,
1142 3719 1442 3780 Mosaicae
1490 3718 1651 3797 legis
1703 3715 2077 3794 prmscripto
2110 3713 2254 3775 sine
2306 3715 2510 3775 dubio
2552 3716 2929 3790 adversum,
2976 3716 3205 3777 Petrus
3242 3718 3473 3779 Antio-

220 3810 429 3875 chenus
466 3815 829 3895 patriarcha
864 3816 929 3877 in
957 3814 1229 3894 epistola
1260 3815 1335 3876 ad
1372 3813 1789 3876 Dominicum
1841 3812 2242 3874 Gradensem
2292 3810 2465 3888 apud
2501 3810 2899 3873 Cotelerium
2943 3814 3007 3873 in
3046 3814 3477 3876 Monumentis

218 3906 485 3971 Ecclesia:
515 3912 773 3984 Graecae,
814 3922 984 3973 tomo
1015 3914 1094 3973 ll.
1131 3911 1273 3973 Alia
1303 3911 1460 3972 inita
1501 3910 1625 3987 via,
1654 3910 1793 3973 bini
1816 3917 2114 3971 auctores
2147 3908 2483 3986 anonymi,
2517 3925 2685 3986 quos
2718 3907 2784 3969 in
2816 3908 3219 3971 Bibliotheca
3256 3928 3479 3973 recen-

221 4014 296 4067 set
318 4008 583 4071 Photius
623 4008 766 4071 cod.
803 4010 968 4072 CXV
1000 4016 1063 4071 et
1092 4008 1310 4082 CXVI,
1347 4007 1676 4085 putabant,
1714 4029 1742 4063 «
1777 4006 2109 4069 Christum
2143 4004 2498 4066 Dominum
2542 4004 2611 4065 in
2642 4013 2932 4067 extrema
2981 4005 3094 4067 illa
3128 4024 3307 4069 ccena
3341 4025 3475 4070 non

220 4103 552 4165 comedisse
599 4103 843 4166 Pascha
900 4103 1290 4181 legitimum.
1345 4126 1375 4161 in
1410 4102 1576 4165 Hinc
1607 4103 1745 4163 sive
1780 4100 1919 4178 ille,
1952 4102 2093 4163 sive
2149 4102 2258 4162 isti
2314 4101 2437 4162 sibi
2475 4101 2784 4163 videntur
2833 4102 3227 4165 concludere
3279 4120 3476 4183 posse

222 4212 416 4273 panem
444 4199 659 4274 illum,
695 4215 893 4279 quem
932 4200 999 4261 in
1024 4216 1198 4262 omna
1237 4198 1508 4279 mystica
1544 4198 1841 4262 Christus
1890 4200 2213 4273 adhibuit,
2249 4216 2554 4279 azymum
2589 4216 2718 4261 non
2752 4198 2987 4262 fuisse.
3024 4202 3324 4262 Fuerunt
3358 4202 3473 4265 alii

220 4294 467 4371 demum,
504 4314 672 4376 quos
707 4295 1097 4376 Euthymius
1131 4296 1495 4376 Zigabenus
1532 4305 1796 4358 secutus
1830 4306 1929 4361 est
1961 4321 1976 4359 :
2012 4299 2368 4373 Christum,
2404 4298 2807 4378 inquientes,
2863 4320 2891 4354 ‹‹
2929 4313 3061 4359 uno
3096 4298 3201 4358 die
3234 4299 3475 4362 Pascha

224 4388 530 4454 Iudaicum
570 4394 1022 4465 antevertisse,
1069 4413 1098 4447 ι»
1161 4392 1403 4471 dieque
1468 4392 1662 4453 tertia
1711 4392 1975 4470 decima,
2022 4414 2152 4455 non
2217 4407 2448 4476 quarta
2503 4393 2769 4469 decima,
2804 4394 3174 4473 paschalem
3227 4412 3469 4473 agnum

225 4500 454 4564 vespere
488 4489 921 4551 manducasse
976 4505 1123 4550 cum
1181 4487 1450 4550 lactucis
1484 4490 1876 4568 agrestibus,
1913 4500 1975 4553 et
2034 4493 2310 4572 azymis,
2346 4510 2416 4554 ac
2462 4493 2718 4564 stando,
2765 4498 2827 4552 et
2882 4491 3149 4553 baculos
3182 4493 3473 4555 tenendo

224 4595 327 4655 pra;
360 4586 693 4659 manibus;
739 4602 865 4665 qua
900 4602 1076 4648 cmna
1125 4594 1400 4663 peracta,
1458 4602 1877 4649 communem
1926 4606 2186 4668 panem,
2245 4609 2363 4652 seu
2411 4592 2864 4670 fermentatum
2915 4590 3141 4651 denuo
3191 4589 3464 4655 allatum

224 4692 377 4754 esse;
414 4705 440 4738 α
475 4683 547 4744 in
582 4699 795 4762 eoque
830 4682 1330 4744 eucharisticum
1367 4684 1754 4761 mysterium
1798 4684 2199 4748 instituisse.
2251 4710 2279 4743 ι)

285 4777 411 4841 Htec
438 4780 649 4859 rejicit
683 4782 899 4842 omnia
940 4780 1464 4860 TheOphylactus
1496 4780 1562 4841 in
1603 4779 1859 4843 laudata
1885 4785 1961 4843 ad
2009 4783 2347 4845 Nicolaum
2380 4784 2729 4845 diaconum
2777 4786 2838 4844 et
2869 4781 3289 4845 canstrisium
3330 4784 3473 4864 epi-

225 4874 371 4937 stola.
402 4876 948 4940 Luculentissima
1010 4879 1153 4957 ejus
1215 4880 1404 4941 verba
1438 4888 1629 4940 sunt:
1669 4902 1698 4936 ot
1750 4880 1936 4953 Quod
1983 4879 2213 4941 attinet
2269 4880 2348 4942 ad
2412 4881 2717 4953 Latinos;
2753 4894 2881 4939 non
2935 4893 3054 4939 nos
3100 4878 3234 4942 illis
3275 4898 3469 4960 prave

228 4965 757 5051 interpretabimur
810 4965 1090 5053 primum
1134 4975 1307 5036 diem
1350 4976 1747 5053 Azymorum
1786 4998 1800 5035 :
1851 4976 2144 5038 dicentes
2199 4994 2340 5038 eam
2374 4995 2520 5040 esse
2572 4977 2891 5039 decimam
2929 4977 3202 5052 mensis,
3238 4979 3305 5040 in
3340 4996 3471 5059 qua

226 5070 558 5133 sumebatur
581 5072 1142 5151 aguus.Novimus
1169 5074 1343 5134 enim
1383 5089 1415 5135 a
1452 5073 1597 5152 lege
1624 5072 1896 5151 primam
1924 5074 2326 5152 Azymorum
2361 5074 2561 5147 diem,
2589 5084 2690 5156 τὴν
2730 5079 2793 5135 ιε’
2830 5082 3045 5154 ἡμέραν
3069 5128 3085 5153 ,
3123 5075 3297 5137 diem
3338 5076 3467 5138 diri

230 5163 462 5236 quintam
515 5166 858 5245 decimam;
908 5168 972 5230 in
1009 5186 1129 5246 qua
1168 5167 1420 5231 scilicet
1464 5168 1792 5231 illucescit
1832 5180 1961 5227 nox
1994 5167 2416 5228 comestionis
2457 5169 2801 5247 paschatis,
2837 5180 2933 5247 νὺξ
2978 5181 3294 5251 ὲπιφώσκει
3354 5180 3458 5250 τῆς

229 5262 299 5315 τοῦ
328 5270 500 5342 πάσχα
532 5270 812 5341 βρώσεως.
851 5265 1226 5327 ι-Νἱωίτυω
1278 5282 1574 5345 vespera,
1606 5273 1715 5328 aut
1750 5284 1787 5326 n

1926 5272 2047 5338 est,
2084 5283 2230 5345 quae
2263 5267 2435 5329 diem
2470 5279 2764 5348 quartam
2808 5275 3126 5337 decimam
3158 5273 3463 5350 complet,

233 5360 274 5409 et
298 5354 865 5421 inchoatdecimam
895 5360 1414 5442 quintam,juxta
1444 5378 1692 5425 morem
1725 5360 1868 5423 dies
1900 5365 2321 5442 computandi
2358 5382 2391 5427 a
2421 5384 2687 5445 vespera
2718 5372 2794 5433 ad
2830 5387 3189 5451 vesperam.
3224 5392 3253 5426 α
3281 5368 3465 5431 Unde

230 5454 273 5506 et
296 5455 533 5529 quidam
584 5472 665 5518 ex
698 5457 899 5518 sacris
961 5458 1200 5519 nostris
1264 5458 1648 5521 doctoribus
1685 5456 1819 5538 (qui
1868 5458 1947 5521 ab
2001 5459 2146 5538 ipso
2190 5463 2382 5523 etiam
2422 5463 2883 5544 Chrysostomo
2915 5468 2982 5529 in
3040 5484 3161 5529 suo
3190 5467 3269 5527 ad
3300 5467 3466 5528 Mat-

234 5544 412 5612 theum
465 5553 953 5616 Commentario
988 5554 1345 5631 laudatur),
1382 5572 1721 5634 exponens
1748 5572 1912 5629 eam,
1954 5573 2100 5635 quae
2130 5560 2211 5622 ab
2262 5562 2663 5641 evangelista
2697 5565 2939 5627 dicitur
2964 5566 3179 5644 prima
3209 5582 3463 5642 azymo—

229 5659 351 5718 rum,
379 5652 484 5727 ait,
522 5651 792 5730 primam
824 5668 1198 5731 azymorum
1222 5671 1256 5716 a
1288 5652 1588 5716 Matthaao
1618 5652 1931 5735 appellari
1994 5654 2192 5730 diem,
2229 5674 2376 5735 quae
2420 5661 2659 5737 Azyma
2708 5662 3033 5738 praecedit,
3064 5664 3331 5740 [XXXI]
3357 5672 3465 5739 πρὸ

233 5749 563 5842 invictum
590 5796 607 5821 ,
668 5748 882 5810 sciens
930 5750 1193 5829 quidem
1224 5749 1331 5810 cui
1362 5748 1497 5811 diei
1532 5766 1769 5813 nomen
1825 5754 2001 5816 istud
2058 5752 2161 5815 lex
2196 5754 2587 5833 imponeret,
2625 5767 2685 5821 at
2725 5760 3068 5823 insinuans
3099 5778 3270 5825 novo
3299 5779 3463 5842 quo-

232 5838 337 5900 dem
371 5860 565 5907 sensu
608 5844 729 5908 hoc
766 5845 845 5907 ab
874 5846 1275 5925 evangelista
1311 5846 1555 5909 dictum
1589 5865 1759 5911 esse.

289 5955 311 5993 ι
350 5941 565 6023 Neque
622 5958 777 6014 vero
811 5958 929 6006 nos
982 5942 1445 6007 allirmabimus
1482 5962 1495 6005 :
1532 5944 1862 6013 Christum
1912 5954 2019 6012 aut
2056 5950 2263 6029 legale
2297 5950 2533 6029 pascha
2576 5968 2704 6015 non
2762 5953 3140 6033 perfecisse,
3196 5969 3261 6019 ut
3305 5957 3459 6020 inde
