3966 6476
523 496 595 569 l1
1376 484 1601 561 enati.
1628 484 1922 556 MAR‘LE'
1951 484 2063 555 DE‘
2084 480 2383 554 ’Κυπῐὸ
2420 486 2927 556 DISSERTATIO
3346 550 3349 555 ,
3728 483 3825 551 σε

524 598 899 696 azymorum
926 620 1132 673 usum
1183 593 1566 672 nan'iuisse
1624 599 1975 669 inferamus
2014 605 2165 668 :‘vel
2209 596 2561 684 perfecisse
2619 604 2911 685 quidem,
2958 602 3073 667 sed
3122 604 3272 668 ante
3322 604 3619 686 tempus,
3652 623 3819 689 quo

529 708 920 776 fermentum
958 704 1528 778 exterminabatur,
1564 710 1633 766 ut
1661 709 1815 765 tunc
1848 702 2039 765 etiam
2074 700 2257 781 panis
2290 701 2709 764 fermentatus
2737 698 3172 764 inveniretur.
3212 701 3362 763 Haec
3393 700 3567 765 enim
3609 715 3816 768 non-

527 802 692 871 nulli
726 806 920 867 nimis
953 804 1252 867 audacter
1282 802 1613 864 dixerunt.
1646 803 1783 863 Non
1816 799 2019 880 igitur
2062 798 2312 878 aliquid
2360 806 2617 870 eorum,
2642 812 2786 879 quas
2832 797 2943 859 ita
2977 795 3147 859 dicta
3205 800 3382 868 sunt,
3413 810 3653 862 rursus
3716 797 3813 862 in

507 901 821 967 .r'nedium-
844 900 1102 964 atteram
1133 918 1168 957 :-
1188 914 1401 978 neque
1430 897 1603 959 enim
1627 895 1778 958 licet
1811 896 2115 975 mysteria
2149 895 2433 957 veritatis
2467 894 2803 957 mendacio
2834 893 3346 958 conﬁrmare.....
3373 894 3538 969 Qum
3574 894 3815 975 igitur

521 998 841 1067 Sententia
894 1004 1031 1059 mea
1065 998 1209 1057 est?
1236 997 1385 1058 Hinc
1422 993 1668 1057 scilicet
1701 1014 1717 1053 :
1752 992 2099 1069 Dominum
2154 993 2379 1056 Iesum
2412 992 2738 1054 Christum
2776 992 3139 1055 comedisse
3193 990 3451 1067 pascha,
3485 1001 3543 1055 tv
3595 996 3815 1073 κιφῦ

523 1108 619 1162 καὶ
647 1105 744 1162 Μ
782 1106 818 1175 ἡ
867 1101 984 1174 ὥρα
1053 1099 1293 1168 ἐγένετο,
1323 1107 1446 1153 suo
1477 1096 1785 1169 tempore,
1819 1092 2055 1151 etcum

2244 1089 2439 1166 tfuit,
2472 1094 2894 1170 prmparatum
2923 1103 2958 1150 a
3000 1086 3341 1166 discipulis
3391 1095 3454 1151 et
3510 1087 3810 1153 domino

519 1187 773 1267 UOIDOS,
810 1202 956 1257 κατὰ
981 1203 1043 1256 τδ
1069 1201 1196 1264 ἔθος
1218 1194 1442 1268 δηλαδὴ,
1460 1197 1567 1247 καὶ
1593 1192 1693 1247 οὐκ
1719 1191 1919 1256 ἄλλως,
1957 1180 2085 1244 vidi

2238 1194 2261 1248 t
2282 1187 2467 1266 juxta
2524 1192 2939 1261 consuetum,
2970 1192 3032 1247 et
3066 1199 3194 1247 non
3218 1184 3429 1247 aliter.
3461 1184 3800 1265 Alioquin

519 1290 867 1354 novitatem
923 1290 1098 1353 illam
1153 1288 1517 1349 adnotasset
1559 1280 2086 1361 Evangelium....
2119 1282 2499 1349 Comedisse
2532 1292 2747 1346 autem
2790 1280 3021 1362 pascha
3054 1279 3255 1360 legale
3293 1282 3497 1361 prius,
3534 1282 3803 1347 deinde

518 1394 579 1448 et
611 1388 987 1467 mysterium
1020 1385 1121 1447 sui
1159 1378 1475 1463 paschatis
1508 1378 1848 1440 tradidisse
1881 1373 2224 1456 discipulis
2255 1388 2336 1437 ex
2374 1386 2564 1452 pane,
2600 1370 2715 1453 qui
2763 1380 2916 1433 tunc
2947 1372 3249 1432 inventus
3289 1378 3411 1433 est.
3474 1377 3698 1451 Εὕρητυ
3726 1380 3801 1435 δι

516 1466 819 1553 manu
877 1470 1104 1556 scopae.
1140 1481 1439 1542 inventus
1472 1481 1809 1539 estautem
1842 1472 2025 1555 panis
2073 1487 2365 1555 azymus.
2402 1490 2435 1529 ι
2460 1466 3016 1550 ThQOpbylactum
3048 1467 3173 1530 sibi
3204 1484 3281 1529 ex
3314 1468 3628 1531 diametro
3658 1469 3796 1533 ad-

518 1578 880 1635 versantem
910 1576 1116 1638 Grmci
1149 1574 1406 1637 habent.

595 1669 694 1734 65.
740 1669 885 1732 Haec
934 1673 1157 1734 eadem
1203 1687 1382 1733 mens
1420 1676 1517 1732 est
1556 1667 1850 1749 ejusdem
1898 1684 1970 1731 ac
2014 1665 2335 1732 sententia
2387 1663 2451 1727 in
2489 1664 2979 1729 Commentariis
3028 1663 3105 1726 ad
3142 1664 3508 1727 Matt-harum
3548 1670 3611 1728 et
3641 1664 3786 1727 Lu-

515 1786 670 1830 cam.
707 1768 918 1830 Aﬂ’ero
949 1762 1249 1845 primum,
1293 1782 1437 1846 quas
1459 1765 1599 1845 ejus
1632 1763 1950 1828 habentur
1984 1762 2174 1828 verba
2203 1762 2282 1827 ad
2312 1768 2503 1843 caput
2525 1779 2683 1825 xxvi
2707 1761 3010 1835 Mattbtei,
3043 1780 3100 1831 ν,
3137 1763 3239 1823 20.
3276 1783 3306 1819 α
3352 1764 3609 1842 Vespere
3647 1782 3779 1827 au-

515 1854 831 1942 tem'racto
865 1859 1309 1934 discumbebat,
1343 1870 1462 1925 etc.
1501 1865 1590 1923 Ex
1623 1860 1742 1924 hoc
1788 1868 2012 1940 putant
2050 1860 2337 1940 quidam,
2370 1858 2546 1942 quod
2581 1857 2702 1923 hoc
2730 1875 2899 1921 anno
2935 1875 3064 1921 non
3096 1861 3447 1923 comederit
3480 1860 3785 1925 Christus

520 1959 776 2039 pascha.
817 1961 1051 2022 Diaunt
1124 1960 1321 2033 enim,
1376 1958 1549 2038 quod
1594 1957 1835 2020 stantes
1874 1955 2307 2021 ‘comedebant
2362 1970 2654 2036 agnum:
2708 1952 2997 2017 Christus
3050 1964 3265 2018 autem
3321 1958 3786 2035 recumbebat;

518 2055 712 2136 igitur
767 2056 998 2135 pascha
1031 2072 1154 2117 non
1189 2055 1491 2117 comedit.
1535 2053 1822 2115 Dicimus
1862 2052 2105 2131 itaque,
2147 2052 2322 2133 quod
2364 2053 2542 2131 prius
2577 2049 2807 2129 pascha
2845 2049 3098 2131 (legale)
3133 2060 3308 2115 stans
3358 2055 3713 2117 comederit
3761 2078 3782 2118 :

515 2152 752 2216 deinde
776 2152 1155 2215 recumbens
1198 2150 1458 2225 tradidit
1493 2166 1685 2212 suum
1726 2154 2216 2212 sacramentum.
2255 2173 2284 2207 ι
2318 2150 2597 2212 Mentem
2640 2148 2768 2228 jam
2806 2164 2986 2209 suam
3023 2152 3227 2228 aperit
3265 2168 3277 2211 :
3315 2152 3528 2215 minus
3559 2162 3781 2217 tamen

515 2265 586 2311 se
620 2247 898 2327 peritum
929 2247 1255 2327 prtebetin
1295 2247 1666 2328 Judaaorum
1702 2244 2014 2308 moribus.
2051 2245 2336 2327 Magistri
2400 2262 2623 2309 eorum
2657 2246 2909 2318 docent,
2945 2262 3181 2323 agnum
3220 2264 3377 2311 suos
3408 2250 3779 2314 comedisse

513 2348 779 2415 stantes,
810 2349 872 2405 et
902 2359 1047 2405 cum
1084 2342 1328 2407 baculis
1365 2356 1496 2420 prae
1540 2342 1839 2405 manibus
1871 2358 1946 2403 ea
1988 2348 2174 2403 nocte
2228 2358 2355 2420 qua
2400 2357 2479 2403 ex
2523 2341 2800 2420 Egypto
2859 2340 3205 2417 proiecturi
3246 2351 3465 2419 erant;
3498 2345 3777 2409 minime

515 2454 669 2501 vero
722 2437 1089 2500 subsecutis
1120 2438 1523 2519 temporibus
1574 2438 1737 2500 ritus
1769 2452 1881 2501 eos
1930 2437 2259 2501 observari
2299 2437 2629 2511 debuisse,
2663 2454 2879 2517 neque
2935 2440 3154 2519 peragi
3214 2439 3563 2521 hodieque.
3599 2442 3774 2506 Vide

516 2535 790 2598 Leonem
830 2533 1262 2597 Mutinensem
1316 2542 1490 2613 parte
1533 2552 1601 2597 ut
1656 2535 1743 2595 De
1773 2536 2008 2598 ritibus
2067 2531 2503 2609 Hebraeorum,
2553 2533 2953 2600 Buxtorﬁum
2992 2536 3061 2597 in
3107 2535 3443 2615 Synagoga
3490 2535 3777 2600 Iudaica

514 2632 717 2712 capite
748 2632 845 2707 18,
888 2632 1249 2694 Simonium
1288 2632 1352 2693 in
1383 2623 1677 2695 Historia
1706 2633 1934 2694 critica
1970 2633 2051 2696 N.
2088 2632 2156 2693 Τ.
2195 2640 2369 2694 tomo
2403 2632 2509 2707 1V,
2545 2632 2746 2710 capite
2779 2631 2881 2707 28,
2914 2647 3053 2713 pag.
3086 2632 3231 2708 398,
3266 2641 3328 2695 et
3365 2634 3773 2715 Lequienum

515 2731 975 2796 Dissertatione
1004 2748 1067 2790 v1
1095 2731 1567 2799 Damascenica,
1598 2746 1780 2801 num.
1813 2728 2178 2793 XXXVIII.

592 2828 686 2889 Ad
718 2844 965 2890 comma
1022 2831 1096 2889 1'1
1128 2828 1511 2906 pprmcedens
1551 2827 1684 2890 hmo
1742 2832 1897 2892 sunt
1933 2824 2449 2890 luculentissima
2495 2823 2964 2905 TheOphylacti
3002 2825 3196 2891 verba
3246 2826 3317 2892 in
3349 2826 3575 2893 Latina
3621 2847 3773 2895 ver-

511 2923 721 2997 sione,
758 2941 949 3004 quam
990 2942 1113 2987 suo
1148 2941 1227 2987 e1
1258 2924 1477 2987 codice
1547 2924 1768 2987 Graaco
1810 2921 2231 2986 concinnabat
2269 2920 2817 3003 OEcqlampadius
2854 2942 2869 2983 :
2905 2946 2935 2981 α
2967 2923 3186 2985 Prima
3225 2931 3433 2987 autem
3463 2924 3565 2988 die
3606 2926 3775 3009 Axy-

509 3038 753 3091 morum
794 3033 1188 3082 accesserunt
1217 3019 1547 3100 discipuli.
1586 3020 1861 3083 Primam
1904 3021 2296 3099 Azymorum
2328 3016 2503 3078 diem
2540 3025 2738 3093 vocat,
2770 3035 2918 3099 qua)
2964 3020 3133 3083 diem
3183 3022 3573 3102 Azymorum
3607 3043 3765 3106 prm-

510 3117 696 3181 Cedit.
731 3118 806 3180 Ut
835 3119 928 3181 sic
957 3119 1163 3181 dicam
1194 3141 1210 3181 :
1241 3118 1481 3195 Quinta
1504 3115 2135 3182 feria'manducaturi
2168 3121 2347 3178 erant
2378 3113 2635 3194 pascha,
2664 3124 2808 3193 post
2835 3134 3025 3197 quam
3060 3119 3371 3201 sequitur”
3389 3123 3762 3190 Parasceve.

508 3214 715 3276 Prima
746 3216 1134 3292 Azymorum
1168 3206 1511 3277 vocabatur
1541 3216 1607 3276 in
1640 3215 1806 3295 lege,
1838 3230 1917 3277 eo
1945 3212 2117 3293 quod
2146 3210 2380 3272 festum
2413 3210 2763 3290 incipiebat
2795 3229 2828 3275 a
2863 3231 3150 3293 vespera,
3178 3234 3307 3297 qua
3338 3221 3770 3285 vescebantur

508 3311 776 3390 azymis.
841 3313 1157 3374 Dominus
1212 3312 1412 3392 igitur
1477 3312 1672 3374 mittit
1728 3310 2090 3389 discipulos
2133 3308 2385 3389 quinta,
2423 3323 2617 3387 quam
2672 3310 2960 3373 nominat
3016 3314 3435 3393 evangelista,
3488 3319 3769 3398 primum

502 3406 883 3485 Azymorum
912 3428 931 3468 :
956 3411 1108 3487 quia
1150 3408 1349 3488 prima
1383 3424 1649 3487 vespera
1676 3415 1807 3471 erat
1848 3406 1953 3487 (at.
1989 3412 2134 3468 ante
2168 3405 2435 3484 primam
2471 3422 2802 3482 vesperam
2839 3411 2992 3487 erat)
3025 3426 3151 3488 qua
3194 3413 3511 3493 (vespera)
3543 3431 3766 3479 come-

507 3504 740 3564 debant
788 3520 1112 3581 azyma...
1176 3505 1397 3568 Voluit
1450 3513 1666 3568 autem
1724 3504 1959 3583 pascha
2004 3502 2331 3582 perﬁcere,
2392 3519 2471 3565 ne
2524 3501 2646 3581 legi
2723 3505 3090 3568 contrarius
3133 3524 3278 3569 esse
3337 3508 3688 3578 videretur.
3727 3536 3760 3571 ιι

506 3600 689 3662 Paria
752 3608 904 3663 sunt
942 3619 1087 3681 quae
1146 3604 1333 3666 docet
1389 3604 1467 3665 ad
1530 3612 1719 3683 caput
1774 3621 1919 3665 uti
1976 3604 2185 3673 Lucas,
2252 3617 2312 3660 v.
2385 3601 2424 3659 7
2504 3620 2519 3660 :
2584 3621 2613 3654 α
2691 3600 2866 3662 Venit
2913 3609 3122 3661 autem
3169 3600 3302 3664 dies
3346 3602 3753 3683 Azymorum.

505 3696 688 3757 Nunc
726 3702 937 3759 autem
989 3715 1183 3779 quem
1220 3698 1407 3761 nobis
1437 3699 1605 3762 dicat
1653 3699 1817 3761 diem
1844 3698 2247 3777 Azymorum,
2284 3695 2659 3757 dicendum.
2720 3696 2900 3757 Diem
2938 3698 3137 3777 igitur
3169 3701 3562 3780 Azymorum
3601 3702 3756 3767 dicit

506 3790 803 3869 Quintum
848 3814 865 3854 :
916 3795 993 3855 ad
1052 3794 1241 3874 cujus
1298 3810 1628 3873 vesperam
1679 3795 1914 3875 pascha
1977 3791 2445 3855 immolandum
2495 3802 2614 3853 est.
2676 3792 2882 3871 Igitur
2940 3796 3256 3859 Dominus
3307 3796 3473 3864 forte
3529 3801 3757 3881 quinto

506 3884 663 3965 (die)
709 3904 894 3951 mane
926 3888 1122 3955 mittit
1175 3887 1562 3969 discipulos.
1620 3914 1652 3951 ι
1703 3891 2165 3954 Luculentiora
2217 3886 2353 3950 haec
2405 3894 2581 3962 sunt,
2616 3905 2808 3968 quam
2844 3892 3017 3969 quod
3068 3897 3528 3960 commentario
3581 3896 3760 3962 indi-

505 3986 713 4060 geant.

582 4080 681 4141 65.
729 4082 865 4144 Non
906 4081 1092 4144 aliam
1126 4083 1447 4147 insedisse
1478 4091 1755 4147 mentem
1788 4083 2297 4163 archiepiscopo,
2339 4087 2556 4143 contra
2596 4088 2789 4163 atque
2818 4084 3019 4147 Graeci
3059 4094 3306 4164 putant,
3350 4091 3561 4169 capite
3592 4110 3752 4161 xvm

505 4175 792 4249 Joannis,
828 4196 885 4241 v.
928 4177 1028 4252 28,
1070 4197 1184 4255 pro
1236 4188 1410 4243 certo
1448 4190 1907 4260 compertoque
1951 4179 2178 4243 habeo.
2214 4177 2418 4241 Verba
2475 4186 2626 4241 sunt
2660 4196 2675 4241 :
2714 4202 2743 4236 σι
2782 4180 2870 4241 Et
2905 4183 3035 4262 ipsi
3086 4201 3216 4246 non
3265 4188 3654 4253 introierunt
3681 4193 3750 4256 in

505 4275 895 4351 praetorium,
936 4284 1009 4335 ut
1061 4291 1192 4336 non
1250 4278 1861 4351 contaminarentur,
1907 4277 2015 4339 sed
2059 4285 2131 4338 ut
2183 4276 2640 4339 manducarent
2692 4279 2952 4356 pascha.
3010 4281 3183 4355 Quid
3234 4293 3450 4348 autem
3504 4294 3623 4359 est,
3676 4298 3747 4352 ut

508 4367 892 4430 comederent
927 4372 1213 4450 pascha?
1246 4372 1410 4435 Sane
1448 4371 1765 4437 Dominus
1806 4372 1973 4436 illud
2020 4372 2171 4436 fecit
2206 4375 2411 4452 prima
2452 4378 2868 4453 Azymorum.
2922 4375 3041 4438 Vel
3082 4377 3282 4458 igitur
3311 4381 3745 4465 intelligamus

505 4482 620 4543 per
655 4467 905 4540 Pascha,
944 4465 1181 4529 festum
1224 4476 1471 4547 septem
1516 4470 1768 4533 dierum
1806 4493 1819 4532 :
1858 4471 1953 4533 vel
1999 4473 2169 4549 quod
2222 4472 2342 4551 ipsi
2398 4470 2669 4552 quidem
2706 4473 3156 4538 manducaturi
3211 4487 3395 4541 erant
3446 4480 3516 4543 in
3568 4484 3745 4547 Para-

504 4576 688 4623 sceve
728 4563 953 4640 pascha
984 4579 996 4623 :
1036 4563 1177 4643 ipse
1204 4572 1421 4627 autem
1452 4566 1768 4629 Dominus
1800 4584 1933 4630 uno
1967 4569 2077 4630 die
2110 4570 2443 4646 prmvenit,
2479 4569 2603 4649 (vel
2640 4586 2771 4633 uno
2804 4570 2911 4634 die
2946 4580 3092 4637 ante
3128 4576 3388 4639 tradidit
3429 4578 3612 4656 illud,
3646 4590 3748 4661 πρὸ

507 4667 636 4736 μιᾶς
682 4667 815 4721 αὐτό
867 4662 1173 4738 παρέδωκε)
1208 4679 1542 4725 reservans
1572 4664 1674 4725 sui
1712 4665 2073 4727 occisionen

2179 4683 2205 4725 [ι
2232 4668 2600 4741 Parasceve,
2633 4663 2892 4746 quando
2924 4677 2987 4733 et
3017 4671 3173 4735 olim
3222 4673 3343 4737 fuit
3376 4677 3604 4755 pascha
3633 4680 3745 4759 (vel

505 4754 765 4831 quando
797 4762 858 4816 et
893 4765 1077 4817 vetus
1108 4757 1292 4818 ﬁebat
1320 4758 1573 4835 pascha,
1605 4769 1696 4822 ὅτι
1722 4771 1820 4825 καὶ
1849 4770 1911 4823 τὸ
1940 4771 2071 4827 nale

1153 4757 1292 4818 ebat
1320 4758 1573 4835 pascha,
1605 4769 1696 4822 ὅτι
1722 4771 1820 4825 καὶ
1849 4770 1911 4823 τὸ
1940 4771 2172 4827 παλαιὸν
2188 4773 2406 4843 ἐγένετο
2426 4776 2660 4847 πάσχα).
2697 4796 2715 4829 ι

584 4873 775 4974 Vocis
801 4871 1135 4974 _Paschatis
1164 4874 1308 4936 dum
1347 4882 1522 4974 sunt,
1555 4891 1719 4974 quas
1770 4880 2005 4957 promit
2053 4880 2599 4964 Theophylactus,
2655 4888 3255 4969 interpretationes.
3294 4897 3381 4957 Ac
3416 4897 3649 4974 primo,
3687 4901 3735 4962 si

505 4982 649 5027 cum
691 4967 933 5074 iudaais
966 4983 1201 5074 agnum
1236 4971 1595 5074 paschalem
1637 4972 1934 5039 Christus
1977 4978 2287 5042 Dominus
2339 4982 2725 5059 comederit;
2766 4967 3092 5050 Paschatis
3135 4967 3431 5068 nomine,
3461 4967 3644 5074 quod:
3674 5004 3741 5061 ut

504 5064 936 5138 comederent,
984 5065 1193 5170 iudici
1256 5068 1667 5170 cavebantne
1724 5074 2338 5152 contaminarentur,
2394 5079 2664 5141 victimae
2707 5083 3036 5161 paschales
3095 5064 3537 5168 intelligendas
3569 5104 3736 5170 sunt,

502 5168 942 5273 quaanseptem
986 5162 1221 5273 diebus
1251 5164 1685 5273 offerebantur
1742 5170 2107 5273 in-templo.
2151 5175 2216 5237 Si
2258 5178 2488 5255 pascha
2523 5181 2780 5257 proprie
2840 5182 3107 5259 dictum,
3140 5184 3207 5247 id
3268 5162 3367 5249 est
3416 5206 3568 5251 esus
3596 5162 3732 5273 agni

506 5254 793 5362 intelligi
819 5255 1069 5362 debeat,
1110 5257 1458 5322 dicendum
1486 5271 1772 5362 est,iuna
1803 5266 1908 5329 die
1949 5269 2232 5362 Judmos,
2264 5254 2368 5334 vel
2432 5254 2765 5348 pontiﬁces
2818 5286 2879 5341 et
2919 5254 3234 5357 primores
3271 5285 3502 5362 pascha
3532 5254 3733 5351 distu-

506 5350 663 5461 lisse
712 5350 793 5461 ad
819 5351 1237 5461 .Parasceven
1278 5378 1301 5461 :-
1334 5364 1395 5417 et
1427 5375 1557 5421 uno
1583 5361 1695 5461 die
1727 5371 1901 5441 ante,
1945 5358 2107 5429 illud
2140 5372 2439 5448 [XXXII]
2476 5375 2830 5437 comedisse
2860 5350 3214 5454 Christum,
3250 5350 3509 5460 quando
3544 5391 3729 5461 vetus,

503 5446 624 5554 hoc
681 5454 776 5554 est
814 5444 1158 5554 legitimum
1196 5452 1408 5554 ﬂebat,
1448 5468 1519 5517 ac
1573 5459 1705 5520 fieri
1760 5462 1990 5541 utique
2042 5444 2336 5529 debebat.
2408 5444 2577 5530 hinc
2636 5470 3101 5554 Theophylacti
3160 5444 3355 5541 verba
3401 5444 3731 5545 hoc

502 5542 775 5653 legenda
830 5550 980 5654 sunt
1021 5546 1213 5654 :lnpse
1270 5550 1575 5654 Dominus
1634 5574 1758 5654 uno
1807 5556 1908 5619 die
1959 5569 2102 5620 ante
2172 5561 2461 5639 tradidit,
2517 5575 2574 5626 et
2614 5542 2874 5630 comedit
2910 5542 3178 5650 'pascha
3247 5542 3732 5654 (reservans

504 5640 877 5795 :ccjisionem
935 5642 1004 5703 in
1068 5642 1435 5728 Parascece)
1509 5653 1757 5731 quando
1812 5664 1867 5716 et
1926 5668 2103 5718 vetus
2165 5660 2345 5739 ﬁebat
2400 5664 2662 5742 pascha,
2718 5682 2788 5727 ac
2864 5640 3025 5732 illud
3084 5640 3294 5733 facere
3364 5640 3728 5740 debuissent

548 5752 581 5795 u
634 5752 730 5795 ait.

548 5752 730 5798 υαωι.

585 5830 930 5944 Perspic'ue
974 5842 1170 5943 patet,
1216 5854 1340 5900 non
1380 5840 1658 5944 priorem
1693 5847 2127 5927 solummodo,
2167 5873 2388 5918 verum
2425 5858 2616 5919 etiam
2657 5862 2916 5923 alteram
2951 5863 3551 5944 interpretationem
3594 5888 3726 5933 cum

501 5927 913 5993 Eucharistias
970 5932 1035 5995 in
1074 5949 1299 6014 azymo
1357 5954 1517 6017 pane
1553 5940 1963 6011 institutione
2022 5952 2400 6015 consistere.
2440 5956 2654 6035 Longe
2689 5975 2965 6037 namque
2998 5927 3727 6043 hrcc'poster‘ior—diti'er—t
