3966 6456
159 490 211 555 ω
963 480 1061 544 DE
1098 473 1695 542 THEOPHYLACTI
1729 471 2015 536 GESTIS
2048 472 2146 536 ET
2183 474 2557 541 SCRIPTIS.
3320 475 3388 539 70

153 590 702 669 aquracoi'um
730 592 1104 674 Opinatione
1149 590 1232 653 de
1280 587 1536 653 Christo
1584 586 1945 666 legitimum
1992 583 2228 664 pascha
2278 584 2744 665 pravenlente,
2777 599 2851 647 ac
2880 587 2961 647 ad
3014 598 3215 662 panes
3262 583 3365 647 fer

155 702 414 767 mutos
440 701 605 776 post
662 694 795 774 ejus
842 688 1352 756 celebrationem
1409 686 1758 749 redeunte.
1822 683 1957 743 lmo
2010 681 2303 761 legitimo
2356 692 2649 761 tempore
2692 682 2927 761 pascha
2968 698 3166 746 suum
3219 682 3375 746 cete.

154 788 439 862 bravitiile
471 797 771 871 tempore
831 788 1005 868 quod
1035 785 1247 850 Judaei
1277 784 1380 849 vel
1404 798 1633 848 eorum
1670 779 2003 861 pontiﬁces
2036 795 2107 842 ac
2141 780 2459 868 primores
2495 796 2623 843 non
2658 787 3004 842 servarunt
3038 802 3052 841 :
3087 782 3386 858 adeoque

155 895 289 961 locus
342 904 469 963 non
508 898 654 963 erat
705 895 770 950 ut
806 885 884 948 ad
933 880 1359 969 fermentatos
1414 897 1612 959 panes
1673 879 1917 941 rediret
1981 876 2305 941 Christus.
2364 878 2697 969 Posterior
2741 876 2879 939 hmo
2919 878 3387 955 interpretatio

156 986 307 1071 mgis
333 986 666 1066 placuisse
694 980 1172 1061 TheOphylacto
1208 978 1489 1041 videtur.
1524 978 1678 1038 Eam
1704 976 1829 1055 jam
1881 974 2227 1038 tradiderat
2255 974 2326 1038 in
2358 968 2847 1037 Commentario
2878 975 2960 1036 ad
2991 976 3385 1051 Matthwum,

155 1086 308 1166 sopite
346 1102 528 1158 xxvr,
583 1103 649 1146 v.
685 1085 782 1146 59.
820 1105 848 1138 α
897 1080 993 1143 Ad
1050 1076 1364 1158 Caipham
1395 1077 1647 1139 ducunt
1683 1077 1938 1148 Jesum,
1976 1076 2313 1156 inquiens,
2347 1092 2493 1138 nam
2550 1074 2661 1137 ille
2717 1082 2851 1137 erat
2889 1073 3183 1153 pontifex
3230 1076 3390 1137 anni

154 1187 289 1251 illius
320 1201 334 1241 τ
366 1182 475 1246 ubi
509 1188 578 1245 et
632 1181 864 1262 reliqui
916 1176 1397 1258 pernoctabant,
1428 1181 1505 1254 μὴ
1525 1183 1720 1251 φάγονει

1830 1182 1956 1234 τότε
1983 1180 2045 1235 τὸ
2078 1182 2289 1253 πάσχα,
2321 1191 2451 1234 non
2484 1170 2875 1234 comedenles
2921 1181 3075 1234 tunc
3098 1174 3344 1252 pascha
3368 1195 3390 1244 ,-

153 1284 237 1344 sed
281 1288 726 1360 exspectantes
791 1284 864 1339 ut
910 1274 1279 1338 occiderent
1344 1272 1696 1335 Dominum

1830 1279 1885 1332 at
1946 1279 2307 1351 παραδόντες
2354 1282 2450 1335 τὸν
2510 1281 2704 1353 νόμον,
2764 1282 2825 1333 et
2884 1274 3396 1352 pravaricantes-

152 1380 292 1460 legem
337 1430 349 1442 .
392 1390 421 1441 ὁ
453 1387 557 1457 μὲν
591 1387 700 1457 γὰρ
733 1384 938 1455 Κύριος
966 1380 1108 1435 κατὰ
1138 1379 1231 1433 τὸν
1264 1378 1660 1450 νενομισμένον
1701 1376 1897 1448 καιρὸν
1938 1374 2173 1446 ἐφαγεν;
2213 1380 2414 1432 ἐκεῖνοι
2443 1378 2522 1443 δὲ,
2572 1379 2661 1433 ἵνα
2701 1379 2865 1449 μόνον
2892 1378 3265 1433 ἀποκτείνωσι
3294 1378 3397 1433 τὸν

156 1486 333 1556 Κύριον,
363 1476 772 1555 καταφρονοῦσι
827 1480 925 1533 καὶ
963 1476 1059 1532 τοῦ
1094 1476 1298 1546 νόμου,
1332 1465 1651 1528 Dominus
1713 1484 1722 1524 t

1830 1482 1889 1527 m
1944 1463 2092 1544 ipso
2136 1466 2413 1547 legitimo
2467 1478 2748 1548 tempore
2799 1465 3153 1529 comederat
3208 1487 3227 1526 :
3284 1465 3396 1527 illi‘

158 1590 273 1634 vero
296 1577 706 1633 contemnunt
736 1569 953 1647 legem,
998 1566 1192 1628 modo
1231 1564 1531 1627 occidant
1562 1561 1916 1626 Christum.
1956 1586 1986 1621 η
2022 1565 2213 1625 Suam
2272 1562 2572 1643 patefacit
2626 1571 2907 1626 mentem
2958 1563 3209 1641 absque
3255 1563 3388 1625 ulla

154 1672 389 1734 ambage.

206 1686 292 1731 ius
336 1688 389 1731 e.

206 1686 396 1829 66.81n
432 1780 540 1836 eo.
584 1779 777 1844 quem
807 1759 1273 1840 expendimus,
1311 1756 1457 1820 loco
1494 1756 1961 1820 Comment'arii
2010 1758 2080 1818 in
2113 1758 2481 1820 Mallhaum
2514 1758 2803 1820 enormis
2835 1756 3119 1821 occurrit
3154 1756 3389 1831 depra-

154 1865 277 1925 vatio
318 1864 376 1923 in
430 1860 771 1940 aliquibus
816 1856 1184 1931 codicibus,
1223 1864 1287 1918 et
1336 1856 1406 1917 in
1445 1863 1621 1917 textu
1682 1854 1899 1915 Romae
1952 1870 2025 1916 ac
2060 1853 2329 1916 Parisiis
2386 1855 2589 1917 edito.
2626 1878 2655 1911 α
2687 1856 2971 1917 Primam
3009 1854 3401 1933 Azymorum

152 1964 284 2022 diem
327 1966 524 2032 vocat,
573 1974 719 2038 quas
767 1956 943 2019 diem
995 1956 1394 2034 Azymorum
1425 1950 1718 2031 praecedit

1825 1953 1873 2014 It
1902 1952 2187 2031 exempli
2228 1954 2430 2032 gratia
2485 1954 2693 2016 dicam
2731 1977 2745 2017 :
2779 1964 2858 2036 Τῇ
2915 1962 3251 2034 παρασκευή
3298 1960 3391 2014 ἐσ-

153 2069 281 2139 πέρας
318 2064 548 2137 ἔμελλόν
576 2065 775 2117 ἐκεῖνοι
811 2063 1007 2132 φαγεῐν
1050 2058 1112 2113 τὺ
1141 2057 1352 2130 πάσχα,
1383 2049 1719 2111 Parascevt

1828 2067 2032 2128 sspere
2060 2048 2519 2111 manducaturi
2576 2062 2759 2113 erant
2814 2053 3077 2133 pascha,
3113 2060 3210 2115 καὶ
3252 2058 3394 2131 αὕτη

154 2166 351 2220 ικαὶεττο
383 2163 494 2217 τῶν
526 2162 806 2233 ’Δζύμων,
845 2160 899 2213 el
935 2150 1076 2230 ipsa
1106 2146 1557 2227 appellabatur
1602 2145 2005 2225 Azymorum.
2044 2147 2365 2208 Dominus
2410 2148 2609 2226 igitur
2659 2148 2853 2209 mittit
2900 2147 3261 2227 discipulos
3295 2147 3398 2209 die

153 2256 347 2334 quinto,
392 2266 594 2332 quem
648 2247 936 2313 nominat
979 2243 1382 2329 evangelista
1431 2243 1711 2322 primum

1829 2260 2180 2323 zymorum,
2231 2252 2299 2306 ut
2331 2246 2446 2325 qui
2487 2255 2596 2325 πρὸ
2634 2254 2737 2324 ⁸ιεῆς
2785 2255 3179 2326 Παρασκευῆς,
3244 2254 3393 2306 ante

155 2349 493 2411 Perasceven
526 2356 685 2410 esset
725 2366 746 2407 :
784 2353 922 2410 καθ’
951 2351 1021 2424 ἢν
1060 2350 1427 2422 Παρασκευῆν
1461 2348 1528 2419 τῆ
1564 2350 1721 2419 terre,

1830 2361 1953 2423 qua
1980 2342 2326 2403 Parasceve
2358 2360 2613 2421 vespere
2643 2344 3047 2406 comedebartl
3075 2362 3318 2423 azyma.
3365 2365 3393 2398 »

155 2444 393 2509 immane
434 2444 670 2507 vitium
710 2441 864 2523 quis
893 2456 1024 2504 non
1076 2440 1328 2503 videat?
1362 2437 1779 2515 Ineptissima
1821 2457 1976 2500 sane
2019 2437 2131 2501 illa
2189 2441 2379 2513 ratio,
2428 2438 2592 2501 diem
2633 2441 2928 2521 quintum
2967 2442 3118 2503 ideo
3155 2440 3395 2519 appel-

158 2542 309 2605 latum
354 2542 637 2623 primum
690 2539 1097 2619 Azymerum,
1129 2537 1286 2616 quia
1334 2534 1435 2596 die
1488 2542 1670 2596 sexto
1698 2578 1714 2609 ,
1748 2552 1869 2598 seu
1912 2538 2284 2607 Parasceve,
2314 2553 2571 2617 vespere
2621 2555 2841 2618 azyma
2888 2535 3395 2601 comedebantur.

157 2638 343 2704 Vocem
370 2639 753 2702 Parasceves
781 2637 936 2717 quis
964 2651 1093 2699 non
1129 2631 1574 2715 deprehendat
1618 2642 1861 2697 temere
1892 2635 2258 2698 invectam?

212 2760 355 2823 Huic
383 2760 766 2823 adversatur
794 2752 1060 2821 lectioni
1090 2753 1276 2817 locus
1296 2752 1767 2833 Theophylacti
1796 2754 1861 2814 in
1890 2754 2321 2831 Evangelium
2355 2753 2544 2814 Luc-te
2567 2755 2774 2834 capite
2806 2773 2972 2829 xxu,
3007 2773 3065 2816 v.
3099 2758 3138 2816 7
3172 2778 3185 2816 :
3225 2762 3401 2835 Ἡμέ-

162 2885 233 2941 ραν
257 2866 339 2922 οὖν
376 2868 631 2938 ’Δζῡμων
658 2867 810 2936 λέγει
850 2863 949 2935 τὴν
976 2862 1257 2933 πέμπτην,
1281 2855 1350 2934 ἧς
1377 2862 1446 2933 τῇ
1480 2860 1692 2932 ἑσπέρᾳ
1724 2863 1728 2909 i

1838 2857 1949 2913 nov
1979 2859 2130 2915 θύειν
2161 2863 2223 2916 τὸ
2282 2866 2470 2937 πάσχα
2510 2874 2525 2889 ο
2559 2854 2725 2917 diem
2762 2854 2969 2933 igitur
3018 2854 3404 2933 Azymorum

162 2956 277 3017 dicit
309 2958 621 3036 quintum,
660 2953 744 3014 ad
810 2953 991 3035 cujus
1044 2968 1372 3031 vesperam
1418 2950 1657 3030 pascha
1702 2948 2154 3012 immolandum
2187 2961 2349 3013 erat.
2414 2953 2645 3015 Eidem
2691 2949 2954 3013 lectioni
3019 2952 3404 3013 adversatur

166 3054 373 3117 Graecus
423 3054 673 3123 codex,
730 3066 871 3131 quo.
914 3064 1077 3112 usus
1123 3054 1221 3110 est
1285 3045 1859 3125 OEcolampadius.
1907 3047 2353 3114 Adversantur
2389 3050 2583 3113 etiam
2644 3049 2921 3112 Romani
2987 3048 3065 3111 ab
3116 3048 3406 3110 Arcudio

166 3153 285 3212 libro
313 3152 361 3211 ll
395 3152 484 3211 De
538 3155 929 3209 sacramento
978 3144 1431 3216 Eucharisliw,
1468 3143 1675 3221 capite
1710 3142 1770 3217 5,
1808 3149 1869 3204 et
1906 3144 2308 3209 Parisienses
2366 3154 2401 3211 a
2456 3146 2796 3228 Lequieno
2831 3146 3304 3209 Dissertatione
3341 3163 3407 3208 vi

167 3248 599 3325 Damascenical,
631 3263 809 3307 num.
872 3243 1100 3317 XLIII,
1153 3240 1542 3320 diligentius
1581 3239 1881 3316 inspecti,
1916 3241 1983 3303 in
2026 3244 2271 3322 quibus
2326 3244 2414 3307 ita
2451 3243 2691 3326 legitur
2732 3265 2747 3306 :
2786 3245 2865 3307 Ut
2903 3245 2998 3307 sic
3042 3242 3272 3318 dicam,
3333 3255 3404 3324 τῇ

167 3344 345 3414 πέμπτη
370 3346 615 3416 ἑσπέρας
638 3342 868 3416 ἔμελλον
898 3340 1104 3394 ἐκεῖνοι
1134 3341 1332 3410 φαγεῖν
1355 3338 1419 3392 τὸ
1452 3338 1639 3409 πάσχα
1664 3352 1677 3367 ·
1713 3335 1815 3407 μεθ
1835 3338 1847 3358 '
1871 3339 1938 3407 ἥν
1960 3340 2270 3410 ὲπιφώσκει
2299 3344 2332 3414 ἡ
2360 3340 2697 3413 Παρασκευῆ
2736 3332 2749 3397 ς
2790 3340 2994 3415 Πρώτη
3032 3339 3143 3393 τῶν
3174 3338 3407 3409 ἀζύμων

168 3432 355 3487 luntre
401 3435 561 3505 παρὰ
613 3433 693 3502 τῷ
751 3432 928 3501 νόμῳ,
974 3422 1067 3483 οἷα
1135 3427 1202 3501 δὴ
1241 3426 1345 3497 τῆς
1399 3426 1594 3498 ἑορτῆς
1646 3425 1959 3497 ἀρχομένης
2023 3429 2131 3482 ἀπὸ
2188 3430 2291 3501 τῆς
2358 3430 2641 3501 ἑσπέρας,
2706 3428 2843 3483 καθ’
2909 3428 2977 3500 ἢν
3023 3428 3280 3498 ἡσθίοντο
3338 3429 3409 3484 τὰ

167 3531 345 3601 ἄζυμα·
380 3523 624 3599 Quinta
664 3522 831 3602 feria
884 3536 1142 3599 vespere
1196 3516 1647 3579 manducaturi
1713 3526 1894 3578 erant
1945 3520 2206 3596 pascha,
2259 3531 2404 3600 post
2464 3540 2650 3601 quam
2705 3520 2975 3583 lucescit
3032 3520 3405 3585 Parasccve.

170 3614 336 3680 Prima
386 3618 769 3698 Azymorum
825 3614 1183 3679 vocabatur
1226 3615 1298 3677 in
1340 3613 1495 3692 lege,
1550 3632 1621 3674 ea
1669 3613 1839 3694 quod
1885 3615 2117 3695 festum
2170 3616 2552 3699 inciepiebat
2595 3637 2634 3678 a
2674 3635 2965 3697 vespera,
3012 3635 3139 3697 qua
3183 3636 3410 3697 azyma

169 3717 619 3779 comedebtmtur.
690 3715 967 3795 Egregie
1025 3720 1390 3776 consonant
1459 3713 1703 3775 omnia.
1766 3714 2092 3774 Laudatus
2155 3716 2537 3795 Lequienus
2603 3717 2745 3778 loco
2807 3717 3002 3777 citato
3067 3714 3403 3789 observat,

172 3813 390 3892 Regium
432 3812 872 3876 Parisiensem
926 3810 1219 3873 codicem
1262 3824 1460 3890 quem
1511 3807 1810 3884 contulit,
1862 3830 1893 3865 α
1937 3810 2014 3871 ad
2048 3812 2335 3874 auctoris
2376 3820 2627 3875 atatem
2691 3813 3195 3893 quamproxime
3223 3829 3407 3876 acce-

170 3908 301 3971 dere.
337 3935 364 3967 ι
396 3912 577 3973 inter
609 3909 863 3972 codices
898 3908 1165 3970 Venetas
1191 3905 1535 3970 Marcianas
1558 3904 1969 3971 bibliotheca)
2002 3923 2219 3971 veram
2254 3907 2604 3973 lectionem
2637 3910 2873 3973 habent
2907 3912 3064 3985 duo,
3099 3910 3180 3972 29
3214 3919 3275 3973 et
3302 3910 3404 3985 30,

174 4004 539 4090 vitiatumqpe
569 4012 816 4067 textum
854 4010 1107 4083 praestat
1137 4003 1343 4066 codex
1374 4002 1476 4065 31.

224 4129 447 4194 Similes
480 4129 756 4193 fortasse
805 4133 1022 4190 textus
1068 4126 1515 4206 interpolatori
1553 4144 1773 4190 ansam
1816 4130 2139 4205 dederint,
2176 4148 2342 4213 quos
2396 4132 2464 4193 in
2510 4132 2661 4194 aliis
2719 4130 2999 4194 Matthaai
3047 4128 3407 4210 expositio-

174 4224 341 4302 nibus,
392 4233 499 4291 aut
557 4222 812 4289 Catenis
865 4224 1129 4305 legeret,
1172 4232 1239 4287 ut
1306 4224 1775 4306 TheOphylacti
1842 4228 2057 4290 locum
2108 4231 2514 4308 depravaret.
2567 4232 2639 4291 In
2679 4247 2753 4291 ea
2814 4230 3045 4308 utique
3111 4229 3404 4309 ejusdem

173 4324 531 4404 evangelista
578 4321 1014 4403 expositione,
1072 4339 1219 4400 quae
1280 4321 1347 4384 in
1405 4323 1628 4385 codice
1685 4325 1766 4386 26
1829 4327 2097 4389 Venetae
2139 4329 2352 4391 Sancti
2406 4330 2601 4391 Marci
2636 4326 3050 4389 bibliotheca:
3092 4327 3407 4390 tribuitur

176 4418 351 4483 Νίσαια
402 4422 701 4503 episcopo
761 4416 1177 4498 metropoleos
1240 4418 1587 4499 Naupacti,
1642 4438 1715 4483 ac
1772 4424 1965 4486 etiam
2010 4425 2504 4507 TheOphylacto
2563 4424 2897 4505 aliquibus
2939 4424 3004 4486 in
3066 4424 3405 4487 codicibus

176 4516 355 4581 tributa
408 4519 677 4591 dicitur,
740 4524 812 4578 ut
870 4516 1326 4579 adnotavimus
1377 4535 1559 4579 num.
1608 4519 1710 4594 58,
1750 4521 1974 4583 cadem
2030 4522 2167 4585 fere
2202 4526 2397 4587 verba
2452 4525 2757 4604 leguntur
2801 4547 2816 4590 :
2868 4536 3103 4607 Πρώτην
3155 4531 3250 4589 οὖν
3294 4532 3405 4587 τῶν

186 4614 378 4686 Ἀζύμων
409 4613 652 4672 ἐνταῦθα
695 4613 833 4685 φησι
858 4616 886 4667 ὀ
917 4612 1202 4678 Ματθαῖος
1232 4614 1332 4685 τὴν
1377 4616 1485 4685 πρὸ
1521 4615 1630 4670 τῶν
1692 4615 1951 4687 Ἂζύμων
2003 4620 2223 4691 ἡμέραν
2260 4622 2380 4692 (τὴν
2417 4625 2882 4697 τρισκαιδεκάτην
2918 4628 3016 4695 μὲν
3063 4626 3159 4677 τοῦ
3211 4623 3403 4695 μηνὸς,

179 4704 374 4775 πέμπτην
415 4707 517 4777 τῆς
567 4702 907 4774 ἑϐδομάδος).
941 4698 1065 4756 Οἶον
1089 4721 1142 4756 τι
1186 4703 1354 4771 λέγω,
1380 4707 1447 4774 τῇ
1485 4706 1819 4779 Παρασκενῇ
1858 4708 2102 4776 ἑσπέρας
2126 4708 2350 4781 ἔμελλον
2374 4712 2423 4764 οἱ
2482 4713 2729 4767 Ἰουδαῖοι
2753 4717 2949 4783 φαγεῖν
2977 4714 3038 4767 τὸ
3063 4714 3272 4784 πάσχα,
3311 4711 3405 4766 καὶ

180 4802 279 4877 αὕτη
314 4806 553 4861 ικαλεῖτο
586 4801 695 4857 τῶν
736 4801 1009 4872 ’Δζύμων.
1042 4792 1324 4853 Primam
1346 4794 1728 4871 Azymorum

1844 4816 1874 4857 c
1918 4798 2053 4857 loco
2104 4798 2261 4859 dicit
2296 4800 2657 4877 Matlhceus,
2693 4821 2828 4883 quae
2854 4800 3156 4881 prwcedit
3187 4819 3404 4880 azyma

178 4892 388 4969 (tertiam
435 4894 745 4957 decimam
782 4891 1035 4963 mensis,
1088 4893 1378 4971 quintam
1427 4890 1825 4954 hebdomadaa
1883 4894 2096 4975 diem).
2160 4896 2234 4957 Ut
2265 4898 2360 4957 ita
2418 4900 2626 4960 dicam
2664 4921 2683 4960 :
2714 4900 3083 4974 Parasceve,
3123 4916 3400 4977 vespere,

179 4989 327 5054 Μαί
354 4984 805 5067 manducaluri
852 4996 1034 5050 erant
1074 4991 1346 5068 pascha,
1390 4999 1447 5051 ει
1496 4992 1640 5069 ipsa
1687 4990 2136 5072 appellabatur
2187 4995 2597 5072 Azymorum.
2650 4998 2803 5059 Sine
2842 4996 3044 5059 dubio
3079 4996 3405 5060 sententia

179 5103 342 5152 eorum
372 5090 503 5152 haec
536 5096 658 5159 est,
694 5086 811 5166 qui
836 5085 1161 5149 Christum
1198 5104 1325 5149 una
1372 5088 1476 5149 die
1512 5088 1875 5168 legitimum
1913 5092 2307 5169 praevenisse
2346 5094 2608 5165 Pascha,
2644 5094 2996 5173 ipsumque
3039 5092 3408 5156 celebrasse.

181 5182 250 5246 die
276 5188 431 5250 tertia
463 5185 726 5248 decima
768 5181 1092 5244 tenebant.
1134 5185 1378 5246 Eadem
1415 5201 1605 5263 porro
1653 5186 1775 5249 hoc
1805 5188 1877 5249 in
1914 5188 2054 5250 loco
2086 5189 2277 5251 verba
2312 5198 2487 5263 sunt,
2518 5208 2665 5270 quae
2693 5192 3023 5268 [XXXIII]
3054 5198 3404 5253 occurrunt

180 5277 220 5339 in
246 5282 427 5346 vitiato
452 5289 643 5345 textu
675 5279 1167 5360 TheOphylacti.
1203 5282 1391 5343 Haud
1426 5282 1754 5345 absimilia
1785 5284 2064 5366 legimus
2095 5286 2162 5349 in
2211 5288 2419 5366 prima
2457 5290 2628 5367 apud
2685 5289 3029 5351 Possinum
3065 5290 3300 5351 Catena
3332 5288 3401 5350 in

182 5375 473 5444 Minimum
519 5398 533 5442 :
571 5402 602 5437 α
652 5378 927 5440 Primam
958 5381 1356 5458 Azymorum
1384 5378 1565 5453 dicit,
1598 5396 1745 5459 quae
1786 5381 2090 5458 praecedit
2125 5390 2511 5460 Azymorum
2552 5382 2723 5444 diem
2762 5384 3059 5461 primam.
3095 5383 3395 5445 Consue-

182 5488 347 5540 verunt
381 5479 560 5543 enim
591 5475 833 5551 Judaei,
883 5494 916 5537 a
957 5494 1230 5557 vespera
1286 5495 1632 5542 numerare
1665 5478 1808 5541 dies
1848 5498 1864 5539 :
1901 5486 1966 5541 et
1998 5480 2140 5559 ejus
2173 5479 2333 5555 diei,
2366 5481 2434 5542 in
2482 5478 2650 5543 festo
2684 5480 2939 5543 Paschaa
2970 5481 3398 5552 recensendo,

185 5569 347 5640 habere
401 5577 759 5649 rationem,
828 5590 957 5653 qua
1009 5576 1134 5637 sub
1194 5592 1537 5656 vesperam
1601 5576 1841 5656 paratis
1890 5576 2137 5655 azymis
2200 5593 2407 5657 agnus
2461 5578 2962 5641 sacriﬁcabatur.
3005 5602 3033 5637 io
3069 5579 3401 5641 Hactenus

181 5676 497 5740 conveniunt
532 5674 781 5738 omnia.
816 5673 1125 5754 Sequitur
1152 5680 1372 5736 textus
1407 5698 1424 5739 :
1478 5683 1571 5739 Ἐν
1615 5683 1723 5757 γὰρ

1870 5684 2212 5757 Παρασκευῇ
2267 5687 2516 5757 ἑσπέρας
2571 5686 2801 5758 ἔμελλον
2851 5686 3049 5739 ἐκεῖνοι
3091 5688 3291 5757 φαγεῖν
3341 5685 3404 5739 τὸ

185 5778 322 5853 me,
354 5775 713 5836 Parasceve.
754 5770 915 5833 enim
943 5788 1201 5852 vespera
1228 5772 1691 5838 manducaturi
1739 5783 1922 5836 erant
1978 5775 2248 5838 Pascha.
2284 5778 2378 5838 En
2433 5779 2672 5839 iterum
2709 5774 2906 5840 verba
2938 5777 3005 5838 in
3039 5775 3397 5855 Theophy-

187 5862 280 5929 lacti
324 5869 529 5935 locum
588 5868 870 5933 invecta.
915 5868 1197 5932 Audacis
1243 5870 1729 5951 interpolatoris
1792 5873 2147 5936 consilium
2196 5874 2405 5937 fuisse
2462 5875 2809 5954 perspicue
2858 5880 3051 5954 patet,
3086 5882 3156 5937 ut
3207 5872 3404 5937 verba

188 5958 581 6049 Thesphylacti
620 5968 690 6031 in
718 5982 862 6030 eam
900 5964 1273 6031 Graecorum
1307 5970 1725 6047 sententiam,
1768 5972 2189 6050 corruptione
2240 5972 2521 6047 investa,
2559 5970 2961 6047 deﬂecteret,
2996 5990 3143 6054 quas
3172 5975 3399 6038 Iesum
