3966 6464
560 472 621 535 71
1402 455 1630 519 BERN.
1670 452 1935 515 ΜΑΒΙΕ
1977 448 2074 511 DE
2122 448 2126 506 ἶ

2302 444 2409 506 EIS
2448 436 2956 504 DISSERTATIO
3755 422 3805 487 7
3819 422 3868 484 Ξ.)

545 581 870 646 Christum
929 578 1103 634 tenet
1160 585 1283 633 una
1325 567 1431 627 die
1492 563 1723 644 pascha
1773 562 2137 641 legitimum
2197 555 2646 627 antevertisse,
2707 570 2777 615 ac
2816 552 3181 614 celebrasse
3226 548 3390 611 illud
3445 547 3551 610 die
3614 542 3860 608 tertia

548 678 796 741 decima
842 691 907 735 In
954 672 1179 734 feriam
1246 666 1535 746 quintam
1598 661 1925 723 incidente
1962 680 1976 718 :
2008 656 2265 718 Judaeos
2299 668 2450 715 vero
2506 650 2839 729 peregisse
2898 646 3064 709 illud
3124 645 3529 746 diedecima
3568 646 3857 746 quarta

540 775 904 843 desinente,
944 786 1015 831 ac
1068 740 1449 828 Parasceves
1509 777 1624 820 seu
1681 757 1858 819 feriae
1889 760 2085 815 sextae
2143 751 2517 831 vespertino
2578 758 2894 827 tempore,
2955 765 2988 810 a
3051 762 3185 826 quo
3243 740 3863 843 incipiebatndies‘

541 872 771 934 festiva
809 837 1193 945 Aiymorum
1218 859 1443 939 quinta
1486 856 1758 928 decima,
1797 854 1861 917 in
1897 851 2237 913 Sabbatum
2286 849 2586 909 incidens
2621 847 2944 924 passionis
2979 843 3214 909 Christi
3251 858 3444 945 anno.
3481 837 3658 945 l‘iihil
3710 839 3864 897 est

540 986 694 1030 vero
760 938 1475 1041 Theophylactimenti
1535 952 1733 1029 magis
1817 963 2208 1026 repugnans,
2279 946 2393 1025 qui
2444 944 2725 1023 singulis
2805 945 2872 1005 in
2920 938 3419 1006 Commentariis
3478 939 3563 1041 in.
3606 951 3862 1041 evan-

554 1064 843 1141 gelistas,
904 1032 964 1120 et
1032 1032 1098 1117 in
1167 1052 1439 1132 epistola
1473 1049 1550 1111 ad
1608 1046 1939 1109 Nicolaum
2000 1043 2344 1103 diaconum
2414 1048 2475 1102 et
2528 1040 2947 1102 canstrisium
2997 1039 3184 1100 docet
3252 1032 3857 1141 constantissime,

554 1126 913 1236 legitimum
957 1126 1279 1214 Paschatis
1320 1157 1574 1222 tempus
1622 1160 1657 1206 a
1715 1142 1967 1204 Christo
2018 1144 2374 1211 servatum,
2424 1138 2680 1202 Judzeos
2714 1152 2864 1198 vero
2917 1135 3121 1213 legem
3159 1130 3603 1236 praevaricatos
3636 1145 3855 1236 esss.

626 1224 723 1316 67.
761 1256 1065 1327 Superest
1095 1242 1552 1322 'l‘heOphylacti
1585 1238 2109 1309 commentarius,
2144 1252 2335 1313 quem
2366 1234 2835 1310 expendamus,
2864 1233 2940 1294 ad
2976 1238 3167 1327 caput
3199 1247 3302 1290 xiv
3366 1226 3591 1327 Marci,
3617 1244 3681 1287 v.
3710 1224 3854 1285 1'2.

542 1351 759 1412 Latina
801 1325 1012 1407 versio
1069 1348 1163 1402 est
1212 1362 1234 1401 ι
1264 1362 1291 1395 ‹‹
1320 1338 1600 1400 Primam
1628 1335 1789 1396 diem
1816 1334 2217 1413 Azymorum,
2253 1332 2423 1392 diem
2465 1332 2775 1408 quintum,
2816 1328 2993 1401 dicit,
3021 1326 3135 1406 qui
3171 1332 3305 1388 erat
3332 1332 3478 1386 ante
3513 1325 3779 1401 Azyma
3835 1343 3854 1379 :

539 1464 757 1513 azvma
807 1443 977 1505 enim
1015 1440 1113 1501 die
1145 1438 1517 1498 Parasceves
1551 1433 1988 1496 comedebant.
2026 1433 2105 1491 Gr

2318 1436 2530 1488 textus
2568 1449 2582 1485 :
2620 1435 2853 1506 Πρώτην
2887 1436 3101 1503 ἡμέραν
3123 1433 3231 1485 τῶν
3252 1431 3512 1502 Ἀζύμων
3536 1430 3635 1500 τὴν
3672 1428 3756 1483 πέ
3772 1448 3858 1499 μ-

542 1514 683 1619 πτῆν
727 1550 895 1615 λέγει,
920 1548 1043 1616 ἥτις
1094 1544 1199 1613 πρὸ
1240 1542 1348 1596 τῶν
1388 1540 1639 1609 Ἀζύμων
1669 1535 1736 1609 ἦν
1760 1555 1773 1569 ο
1810 1539 1877 1591 τὰ
1909 1541 2014 1608 γὰρ
2045 1534 2108 1599 ac

2286 1537 2334 1605 τῇ
2374 1536 2707 1605 Παρασκευῇ
2746 1533 3015 1603 ὴσοιόντο.
3045 1521 3311 1584 Laudati
3350 1517 3620 1581 Arcudii
3692 1536 3852 1579 su-

542 1616 746 1714 δρῖρὶο
784 1644 903 1705 est,
952 1639 1322 1709 corruptum
1359 1629 1567 1690 locum
1601 1644 1765 1689 esse.
1800 1625 2007 1687 Prima
2040 1640 2317 1700 namque
2349 1623 2489 1683 dies
2530 1624 2922 1699 Azymorum
2956 1636 3127 1681 anno
3163 1635 3294 1697 quo
3328 1616 3621 1679 Christus
3657 1630 3852 1693 pas-

540 1713 649 1793 sus
684 1738 802 1803 est,
841 1728 1186 1807 incipiebat
1218 1744 1250 1787 a
1286 1725 1462 1787 feriae
1492 1724 1734 1802 quintae
1766 1736 2026 1798 vespera
2073 1724 2178 1779 :et
2204 1719 2334 1779 haec
2366 1724 2497 1780 erat
2528 1727 2671 1778 ante
2714 1718 3133 1787 Parasceven,
3161 1732 3307 1794 qum
3348 1714 3490 1773 dies
3529 1713 3854 1807 Azqu-

543 1844 683 1887 rum
717 1826 1067 1885 dicebatur.
1095 1821 1438 1895 Quomodo
1471 1819 1794 1895 verodies
1828 1817 1939 1877 illa
1970 1816 2188 1894 quinta
2226 1816 2435 1877 vocari
2472 1815 2758 1893 potuerit
2806 1814 3018 1892 prima
3049 1812 3180 1872 dies
3213 1810 3620 1889 Azymorum,
3653 1806 3851 1885 quia

541 1938 761 1999 azyma
806 1919 911 1980 die
971 1893 1349 1979 Parasceves
1375 1893 1926 1975 comedébantur?
1952 1893 2308 1973 Vocabatur
2342 1912 2474 1972 imo
2497 1912 2715 1990 prima
2749 1910 3127 1988 Azymorum
3161 1908 3328 1981 dies,
3358 1913 3422 1968 ut
3461 1907 3549 1967 ait
3588 1904 3844 1966 Theo-

543 2016 882 2095 phylactus
915 2012 998 2073 ad
1054 2013 1425 2074 Matthwum
1453 2017 1514 2071 et
1549 2008 1631 2068 ad
1666 2008 1897 2068 Lucam
1922 2051 1939 2079 ,
1980 2024 2057 2069 eo
2086 2007 2240 2086 quia
2266 2029 2293 2061 α
2330 2007 2567 2068 festum
2608 2006 2957 2084 incipiebat
3004 2022 3037 2066 a
3072 2021 3335 2082 vespera
3366 2002 3499 2064 diei
3537 2000 3847 2081 quinta,

545 2130 668 2191 qua
700 2110 906 2173 Judaei
930 2108 1355 2171 vescebantur
1376 2105 1645 2186 azymis,
1682 2128 1710 2161 ιο
1749 2110 1811 2165 et
1852 2104 2072 2165 eadem
2108 2106 2447 2167 comedere
2481 2106 2829 2184 pergebant
2858 2112 3106 2183 septem
3140 2103 3398 2165 diebus.
3440 2102 3607 2163 Hinc
3630 2108 3849 2181 putat

544 2207 896 2278 Arcudius,
978 2210 1471 2266 verumtextum
1509 2201 1722 2278 potius
1761 2199 2092 2272 habuisse,

2280 2202 2336 2271 ip
2377 2200 2562 2270 ἄζυμα
2594 2202 2808 2273 ἑσπέρᾳ
2859 2202 2959 2271 τῆς
2986 2201 3252 2271 πέμπτης
3282 2198 3558 2269 ἡσθίοντο,
3586 2215 3846 2272 azyma

543 2304 717 2365 enim
763 2318 1030 2379 vespera
1071 2298 1250 2361 ferite
1287 2297 1533 2376 quintte
1564 2295 2089 2368 comedebantur,
2123 2295 2219 2357 vel
2252 2297 2500 2375 aliquid
2537 2296 2781 2360 simile.

622 2397 877 2458 Addere
923 2395 1080 2456 mihi
1108 2394 1321 2468 liceat,
1355 2395 1771 2472 depravatum
1810 2390 2088 2452 Matthmi
2120 2390 2328 2453 locum
2368 2393 2554 2471 longe
2586 2394 2913 2456 diversum
2971 2411 3115 2456 esse
3163 2411 3197 2456 a
3241 2394 3380 2456 loco
3421 2392 3643 2456 Marci.
3686 2394 3852 2457 Ha—

546 2495 650 2556 bet
680 2494 788 2554 ille
823 2510 836 2552 :
875 2516 903 2547 α
942 2492 1247 2573 Quintam
1301 2488 1525 2551 feriam
1558 2489 1847 2551 nominat
1879 2489 2271 2566 evangelista
2304 2489 2569 2564 primam
2608 2493 3025 2569 Aaymorum,
3062 2491 3214 2569 quia
3242 2498 3387 2552 ante
3422 2492 3847 2553 Parasceven

546 2598 679 2651 erat
716 2609 734 2659 ;
769 2604 895 2667 qua
920 2590 1263 2649 Parasceve
1299 2601 1567 2663 vespere
1609 2584 2028 2646 comedebant
2060 2601 2301 2665 azyma.
2338 2607 2367 2641 »
2403 2585 2602 2647 Habet
2632 2586 2754 2647 iste
2789 2604 2804 2641 :
2836 2609 2863 2642 α
2901 2586 3175 2647 Primam
3206 2587 3380 2648 diem
3414 2588 3839 2665 Azymorum

536 2686 704 2753 dicit
740 2684 911 2745 diem
946 2683 1270 2761 quintum,
1306 2681 1420 2759 qui
1453 2687 1585 2743 erat
1618 2689 1762 2742 ante
1790 2683 2029 2761 Azyma
2064 2702 2079 2743 :
2126 2698 2346 2760 azyma
2388 2682 2560 2744 enim
2603 2682 2708 2744 die
2737 2686 3117 2745 Parasceves
3148 2682 3599 2755 comedebant;
3640 2707 3669 2741 ι»
3699 2683 3842 2746 ubi

546 2800 675 2845 non
706 2800 960 2861 vespere
996 2781 1403 2853 Parasceves,
1438 2780 1552 2841 sed
1582 2779 1681 2841 die
1711 2780 2086 2841 Parasceves
2106 2779 2656 2857 dicunturazyma
2685 2780 2990 2841 debuisse
3016 2780 3291 2843 comedi.
3318 2780 3515 2840 Porro
3552 2797 3846 2860 vespera

545 2878 917 2939 Parusceves
951 2877 1143 2938 obvio
1175 2894 1370 2938 sensu
1406 2875 1645 2937 indicat
1667 2887 1999 2952 vesperam
2032 2874 2160 2936 diei
2187 2874 2495 2939 naturalis
2522 2876 2928 2947 Parasceves,
2961 2892 3078 2937 seu
3106 2874 3235 2937 diei
3268 2881 3489 2949 sextm,
3517 2875 3850 2937 desinen-

546 2974 630 3035 tis
662 2998 675 3035 ς
710 2984 769 3035 at
801 2974 932 3036 dies
965 2973 1365 3043 Parasceves,
1400 2988 1515 3033 seu
1549 2970 1688 3032 dies
1717 2977 1922 3046 sexta,
1952 2970 2144 3032 obvio
2176 2987 2438 3049 quoque
2470 2986 2672 3032 sensu
2705 2970 3040 3048 complecti
3066 2977 3646 3050 potest.vesperam
3680 2970 3838 3035 diei

549 3070 860 3131 naturalis
916 3068 1157 3147 quintae
1184 3065 1573 3139 desinentis,
1604 3081 1639 3126 a
1676 3081 1802 3144 qua
1835 3065 2176 3127 exordium
2221 3065 2513 3127 sumebat
2550 3068 2777 3146 festum
2806 3066 3185 3145 Azymorum
3213 3066 3276 3127 in
3309 3067 3458 3144 agni
3496 3065 3839 3144 paschalis

550 3166 971 3227 comestione.
1024 3162 1414 3242 Legitimum
1446 3177 1600 3241 ergo
1636 3161 1869 3223 habere
1902 3176 2166 3223 sensum
2200 3168 2405 3237 potest
2438 3163 2616 3225 locus
2646 3164 2842 3225 Marci
2878 3185 2893 3223 :
2930 3179 3046 3225 nec
3087 3160 3303 3240 ipsum
3336 3161 3660 3224 immutari
3698 3178 3838 3224 ne-

550 3276 729 3339 cesse
759 3266 876 3331 est,
918 3259 1043 3320 nisi
1072 3259 1369 3321 codicum
1392 3258 1577 3319 bona;
1602 3262 1770 3320 notaa
1795 3255 1964 3318 varia
2002 3256 2192 3319 lectio
2222 3267 2622 3337 exposceret.
2661 3258 2859 3339 Atqui
2894 3258 2959 3320 in
2994 3275 3121 3320 una
3146 3257 3279 3331 illa,
3314 3274 3506 3337 quam
3543 3257 3839 3320 adduxi-

552 3336 719 3429 mu's,
757 3354 1027 3426 lectione
1058 3361 1412 3417 consonant
1443 3354 1670 3427 codex,
1703 3368 1834 3432 quo
1886 3370 2045 3414 usus
2077 3360 2175 3415 est
2205 3336 2783 3435 OEcolampadius,
2808 3372 2879 3417 ac
2902 3361 3114 3418 textus
3149 3336 3406 3417 Graecus
3435 3356 3653 3416 Romm
3676 3354 3837 3417 edi-

550 3460 653 3511 tus
698 3472 711 3510 :
753 3451 991 3530 hisque
1032 3450 1281 3513 similes
1318 3449 1586 3512 omnino
1624 3457 1773 3512 sunt
1803 3449 2031 3512 Veneti
2072 3457 2202 3512 tres
2233 3452 2492 3513 codices
2531 3452 2941 3513 bibliothecae
2978 3452 3341 3520 Marcianae,
3368 3467 3439 3512 ac
3470 3450 3836 3513 Patavinus

552 3564 723 3608 unus
775 3546 941 3625 apud
978 3547 1217 3608 Sanctus
1263 3546 1536 3608 Justinaa
1568 3545 1911 3609 monachos
1945 3546 2382 3621 Cassinensos,
2429 3547 2540 3628 qui
2574 3559 2867 3610 accurato
2906 3547 3127 3608 studio
3158 3546 3434 3626 inspecti
3464 3546 3832 3628 collatiun

552 3650 729 3703 sunL

630 3740 905 3799 Sensum
937 3736 1291 3799 indicatum
1320 3737 1697 3799 conﬁrmare
1753 3736 2056 3799 videntur
2080 3736 2543 3816 TheOphylacti
2583 3738 2770 3799 verba
2796 3738 2862 3798 in
2894 3736 3169 3815 epistola
3198 3739 3274 3799 ad
3306 3737 3646 3799 Nicolaum
3678 3736 3837 3800 dia-

553 3848 785 3896 conum
829 3841 892 3894 et
949 3832 1388 3905 caustrisium,
1425 3854 1455 3889 α
1488 3832 1767 3905 Quidam
1798 3849 1876 3893 ex
1902 3832 2102 3894 sacris
2151 3833 2387 3895 nostris
2419 3833 2815 3908 doctoribus,
2857 3831 3240 3912 inquientis,
3268 3849 3603 3911 exponens
3644 3849 3831 3911 eam,

552 3945 697 4005 quae
720 3926 796 3987 ab
825 3927 1221 4005 evangelista
1254 3927 1495 3989 dicitur
1518 3929 1733 4005 prima
1757 3927 2161 4006 Azymorum,
2193 3928 2318 3991 ait:
2348 3927 2620 3990 Primam
2662 3931 3050 4008 Azymorum
3084 3949 3122 3989 a
3150 3929 3464 4000 Matthwo,
3502 3928 3829 4009 (itemque

556 4042 591 4085 a
622 4023 878 4102 Marco,)
908 4023 1219 4101 appellari
1245 4024 1414 4086 diem
1438 4041 1618 4104 ,qum
1654 4024 1884 4104 Azyma
1906 4024 2231 4103 prwcedit.
2264 4024 2664 4087 Prmmiserat
2695 4042 2848 4087 vero
2882 4026 3380 4104 quomodo‘dies
3412 4024 3544 4087 haec
3582 4042 3834 4105 prince-

556 4119 709 4179 dere
742 4120 988 4180 dicatur
1018 4124 1332 4199 Azyma:«
1366 4120 1676 4183 Novimus
1700 4118 2335 4201 enim,inquiens,in
2366 4120 2506 4199 lege
2536 4119 2805 4199 primam
2829 4121 3219 4198 Azymorum
3243 4120 3557 4182 dicidiem
3613 4119 3826 4199 quin-

556 4220 680 4274 tam
715 4215 1051 4287 decimam,
1089 4216 1154 4277 in
1194 4232 1321 4295 qua
1351 4216 1600 4278 scilicet
1626 4216 1954 4280 illucescit
1992 4234 2119 4279 nox
2149 4216 2568 4279 comestionis
2598 4215 2941 4295 paschalis.
2979 4238 3007 4273 in
3031 4218 3189 4289 Quae
3212 4233 3339 4277 nox
3362 4232 3532 4279 anno
3564 4220 3827 4294 passio-

558 4309 659 4370 nis
712 4310 948 4373 Christi
1011 4311 1181 4372 diem
1217 4312 1510 4391 quintam
1550 4312 1967 4376 hebdomade)
1997 4313 2349 4376 naturalem
2382 4312 2764 4391 complebat,
2795 4312 3270 4392 inchoabatque
3324 4311 3622 4375 festivam
3644 4312 3826 4376 diem

556 4407 948 4483 Azymorum
980 4408 1269 4484 primam,
1306 4425 1448 4487 qua:
1476 4408 1541 4469 in
1576 4410 1966 4473 Parasceven
1996 4410 2452 4473 incidit.Hanc
2476 4416 2632 4489 puto
2666 4408 2792 4471 loci
2828 4409 2997 4489 apud
3020 4410 3305 4473 Marcum
3336 4410 3825 4491 interpretatio-

561 4521 703 4565 nem
736 4503 1439 4567 convenientissimam.

1837 4648 2103 4722 [XXXIV
2115 4650 2132 4722 ι
2177 4655 2403 4717 XVIII.

562 4806 826 4891 Pugnat
865 4812 1138 4863 attamen
1168 4821 1286 4891 prp
1314 4806 1542 4891 _Gra’co
1582 4808 2236 4891 rituronsegrationis
2271 4808 2340 4867 in
2349 4809 2755 4891 fermentata.
2794 4810 3132 4891 Levissima
3159 4811 3291 4891 ejus
3320 4819 3687 4891 argumenta
3710 4831 3825 4875 va-

639 4814 821 4879 tgnat
865 4812 1138 4863 attamen
1168 4821 1286 4882 pro
1332 4809 1542 4867 erco
1582 4809 1715 4867 ritu
1744 4809 2236 4867 consecrationis
2271 4809 2340 4867 in
2397 4818 2755 4871 ermentato.
2794 4810 3132 4872 Levissima
3159 4811 3291 4891 ejus
3320 4819 3687 4888 argumenta
3710 4831 3822 4875 va-

639 4886 759 4943 ria.
798 4885 952 4972 Item
994 4892 1210 4977 contra
1228 4885 1544 4977 jejunium
1599 4883 1890 4977 Sabpati.
1918 4884 2257 4962 Perperam
2289 4809 2477 4977 a/{ert
2509 4887 2793 4949 Canones
2820 4888 3279 4977 apostatarum.
3332 4890 3573 4977 Sy_nodi
3621 4904 3822 4977 aeratae

638 4962 1021 5099 (εἶναιηρηίοω
1061 4961 1407 5023 auctaritas
1436 4963 1599 5041 falso
1657 4961 1954 5035 adducta,
1989 4961 2121 5041 quae
2180 4961 2455 5026 sumitur
2530 4984 2648 5045 pro
2706 4961 2943 5047 syno'do
3000 4967 3328 5028 Trullana.
3380 4961 3631 5047 lapsus
3681 4971 3820 5050 ejus

639 5058 676 5099 ῃ
710 5057 875 5099 ures.

636 5057 875 5117 plures.

638 5186 735 5246 68.
772 5185 1048 5245 Tametsi
1077 5202 1222 5247 cum
1260 5186 1501 5248 Latinis
1532 5185 1805 5251 fateatur
1837 5188 2381 5268 'l‘heophylactus,
2443 5194 2766 5256 Christum
2801 5195 3151 5265 Dominum
3194 5204 3335 5271 post
3358 5212 3597 5258 coenam
3631 5194 3812 5275 lega-

564 5282 712 5352 lem,
738 5281 917 5360 justo
944 5286 1226 5357 tempore
1255 5292 1593 5360 peractam,
1635 5286 2019 5363 mysterium
2051 5288 2469 5351 Eucharistiaa
2502 5292 2861 5355 instituisse
2896 5292 2959 5353 in
3009 5307 3236 5369 azymo
3270 5308 3473 5369 pane:
3510 5314 3540 5349 α
3573 5294 3817 5359 Verum

564 5395 693 5437 non
743 5377 959 5437 studio
992 5375 1223 5437 factum
1260 5385 1357 5439 est
1410 5378 1651 5458 (inquit
1683 5381 1750 5442 in
1797 5382 2072 5459 epistola
2105 5384 2183 5444 ad
2211 5373 2543 5448 Nicolaum
2577 5387 2922 5449 diaconum
2968 5396 3030 5448 et
3060 5387 3498 5469 canstrisium)
3528 5398 3597 5451 ut
3633 5392 3817 5467 panis

565 5470 670 5532 ille
724 5489 985 5550 azymus
1014 5480 1183 5533 esset
1220 5495 1234 5534 :
1267 5475 1379 5535 sed
1417 5474 1579 5552 legis
1621 5477 1971 5539 necessitas
2010 5478 2210 5541 alium
2243 5488 2394 5543 tunc
2426 5500 2569 5543 esse
2608 5500 2836 5560 panem
2894 5500 3021 5544 non
3058 5484 3487 5561 permittebat.
3512 5507 3541 5542 io
3578 5486 3814 5563 Legem

567 5568 813 5628 scilicet
844 5569 1152 5642 excludit,
1188 5587 1377 5649 quam
1430 5571 1814 5647 imposuerit
1850 5574 2167 5647 Christus,
2220 5578 2773 5640 consecrationem
2821 5578 3192 5641 celebrandi
3252 5580 3320 5642 in
3363 5597 3591 5659 azymo
3629 5598 3814 5659 pane.

564 5666 710 5725 Hier.
738 5664 923 5726 etiam
964 5668 1200 5728 Latinte
1254 5669 1553 5731 Ecclesiae
1584 5672 1908 5733 sententia
1947 5680 2069 5745 est,
2105 5690 2249 5752 quae
2280 5691 2397 5736 sua
2450 5674 2753 5753 mysteria
2793 5676 2853 5736 in
2880 5692 3106 5755 azymo
3140 5679 3411 5756 peragit,
3444 5694 3568 5740 non
3602 5680 3666 5739 in
3695 5680 3817 5742 eb-

564 5760 866 5863 sequium
912 5762 1053 5823 latae
1108 5779 1143 5825 a
1178 5763 1429 5828 Christo
1458 5764 1643 5844 legis,
1684 5784 1906 5831 verum
1940 5769 2015 5832 ad
2053 5768 2473 5850 insigniorem
2501 5771 2809 5835 duntaxat
2842 5774 3126 5851 exempli
3162 5774 3307 5852 ejus
3350 5792 3812 5839 commemora-

564 5861 827 5917 tionem.
