3966 6402
622 418 701 486 π
1107 444 1147 485 ,κ
1466 401 1697 471 BERN.
1736 400 2005 462 MAR”!
2038 353 2139 460 OE
2175 395 2471 459 RUBEIS
2508 391 3020 456 DISSERTATIO
3820 384 3898 448 76

625 530 1045 614 porticipalio
1078 519 1382 603 corporis
1430 516 1677 581 Christi
1704 517 1851 575 est?
1890 512 2011 575 Sed
2069 510 2300 574 eodem
2345 503 2541 571 modo
2574 507 2742 567 idem
2778 502 3125 613 Apostolus
3183 498 3392 579 capite
3423 515 3520 572 ιι,
3560 515 3620 561 v.
3658 496 3764 570 ει,
3805 496 3896 555 ait

625 596 950 693 Christum
986 596 1350 700 instituissj
1372 609 2284 690 Eucharistiammccipiantsm
2310 611 2640 685 panem,ct
2654 600 2897 680 gratias
2917 605 3220 677 agentem,
3245 603 3308 656 et
3322 596 3742 679 frangentem,
3762 598 3894 653 ελα-

628 737 723 788 ὅιν
753 734 956 804 Δρτον,
980 731 1080 785 καὶ
1112 697 1517 799 εὐχαριᾷτήσας
1549 718 1786 785 Esthuic;
1828 723 2021 787 quem
2054 712 2120 804 tu

2206 718 2383 766 auem
2409 697 2732 781 intelligis
2767 710 3091 775 azymum.
3588 778 3591 781 _

652 786 685 879 ,ί
712 786 895 883 Vetat
930 786 1081 880 vero
1126 786 1335 890 nihil;
1361 786 1716 892 quominus
1772 786 2113 868 communi.
2150 800 2227 863 in
2292 794 2719 869 comestione,
2763 788 3317 867 nbisacriﬁcium
3375 786 3896 855 eucharisticum

632 916 849 997 pecagi
873 883 1528 995 contingeret,vmodo
1577 905 1759 983 panis
1794 900 2223 971 fermentatus
2270 892 2705 997 inveniretur,
2739 888 2933 997 modo
2960 898 3260 997 azymus,
3294 891 3367 948 ut
3403 884 3659 997 Nicetas
3689 883 3893 948 Nico.

638 979 994 1077 inradi'ensis
1026 979 1291 1081 .aivebat,
1352 1008 1543 1083 prout
1574 979 1903 1078 hospitum
1944 1007 2056 1057 aut
2082 986 2843 1083 comedentiumierebat
2875 984 3197 1083 voluntas,
3229 979 3749 1060 exposcebatque
3781 988 3897 1069 aut

554 1152 558 1156 ~
632 1125 771 1170 sors
795 1122 1038 1181 eorum
1060 1068 1571 1172 mediocrisnut
1596 1068 2005 1159 consuetudo
2035 1086 2395 1160 delicatior,
2420 1093 2535 1147 aut
2562 1080 2871 1160 temporis
2901 1068 3437 1141 cir‘t’mmstantia.~
3479 1076 3656 1139 Nihil
3682 1068 3895 1163 etiam

632 1211 798 1264 vetat
838 1249 849 1271 -,
885 1177 1242 1281 quominus
1310 1160 1737 1267 ad'exempli
1794 1186 2031 1250 Christi
2088 1181 2774 1275 commemorationem
2837 1193 3103 1254 azymus
3165 1174 3374 1253 panis
3408 1172 3491 1236 ad
3544 1160 3895 1241 consecraé-

630 1268 870 1361 tionem
905 1268 1268 1365 aﬂ'erretur,
1316 1288 1435 1369 qui"
1470 1286 1689 1355 subito
1724 1284 1931 1363 parari
1976 1288 2254 1358 poterat.
2307 1268 2631 1342 ac-veluti
2691 1292 2771 1337 ex
2807 1282 3124 1351 tempore.
3194 1273 3552 1349 Utrumque
3606 1285 3895 1349 namque

629 1411 825 1456 sacrm
898 1392 1243 1469 Scriptura;
1305 1366 1559 1464 panem,
1593 1390 1799 1461 ‘ap'cov,
1862 1384 2110 1442 vocant.
2185 1377 2338 1438 Haec
2392 1390 2567 1442 vero,
2601 1387 2748 1451 quin
2797 1386 2916 1432 nos
2959 1376 3239 1431 attamen
3297 1367 3365 1429 in
3414 1367 3631 1431 medio
3683 1366 3897 1431 relin-

630 1491 919 1570 quimus,
954 1462 1105 1549 satis
1132 1462 1322 1555 sunt,
1344 1489 1417 1542 ut
1453 1484 1838 1551 innotescat,
1874 1491 2001 1537 non
2036 1473 2285 1539 lancem
2320 1470 2464 1549 plus
2495 1469 2783 1531 tribuere
2814 1466 3054 1528 Grmcis
3086 1480 3279 1543 quam
3314 1462 3589 1526 Latinis.

696 1610 745 1645 »α
793 1556 1072 1663 Δι’έιυοό
1104 1581 1306 1659 magis
1343 1574 1732 1656 persuadere
1762 1582 1822 1634 te
1856 1570 2045 1640 debet
2074 1569 2188 1630 {ait
2210 1562 2758 1663 Theophylactus)
2784 1570 2881 1663 est
2914 1560 3267 1663 multitudo
3297 1556 3732 1633 Orientalium
3770 1560 3892 1623 Dei

630 1654 1071 1753 sacerdotum,
1112 1686 1177 1741 et
1211 1654 1526 1738 'Ecclesiaa
1554 1665 2160 1759 Hierosolymitanm
2224 1662 2532 1759 dignitas.
2587 1660 2768 1759 adde
2796 1656 3046 1759 _lndos,
3115 1654 3477 1759 Ethiopes,
3507 1656 3887 1743 Egyptian),

628 1779 853 1858 Libym
895 1750 1130 1855 partes.
1169 1797 1200 1829 ι
1236 1768 1697 1834 Auctoritatem
1724 1750 1796 1827 Et
1833 1778 2044 1825 mores
2094 1757 2529 1825 Orientalium
2578 1753 3089 1817 Christianorum
3122 1766 3253 1813 non
3284 1750 3683 1830 despicimus
3718 1772 3737 1814 :
3772 1768 3897 1817 cur

630 1846 784 1935 vero
835 1846 911 1935 tu
953 1875 1268 1954 pmoreset
1297 1864 1740 1929 auctoritatem
1773 1858 2292 1923 Occidentalium
2326 1852 2787 1924 Ecclesiarum,
2812 1849 3232 1927 maximeque
3276 1850 3578 1910 Romanis
3608 1846 3894 1926 insuper

632 1951 1037 2037 habesi-Jam
1083 1963 1561 2035 adnotavimus,
1612 1951 1980 2021 Orientales
2039 1954 2213 2016 inter
2260 1959 2325 2014 et
2380 1946 2860 2020 Occidentales,
2918 1944 3158 2007 saeculo
3212 1942 3518 2025 Ecclesia;
3569 1943 3893 2017 secundo,

634 2065 886 2132 Aniceti
919 2080 1094 2143 papa:
1125 2069 1412 2138 tempore
1456 2074 1529 2120 ac
1560 2053 1897 2134 Polycarpi
1926 2054 2404 2131 Smyrnmorum
2426 2044 2754 2125 episcopi,
2790 2050 2926 2103 tum
2964 2044 3043 2102 de
3087 2037 3421 2112 Paschate,
3451 2047 3588 2100 tum
3618 2043 3699 2101 de
3729 2038 3898 2119 qui-

632 2133 1086 2230 busdam-aliis
1124 2133 1384 2228 ritibus,
1414 2172 1485 2216 ac
1518 2133 1783 2216 saneide
1819 2165 1982 2229 pane
2024 2144 2483 2213 eucharistico,
2521 2149 2589 2202 ut
2618 2137 3167 2201 verisimillimum
3201 2149 3324 2208 est,
3352 2135 3637 2215 aliquam
3654 2133 3896 2225 fuisse,

632 2222 1099 2327 VII-enm,
1131 2222 1427 2332 ejusdem
1455 2245 1677 2326 seaculi
1713 2222 1922 2317 Patre,
1960 2241 2416 2305 differentiam.
2465 2239 2641 2299 Hanc
2688 2234 2956 2296 silentio
3011 2233 3245 2310 premit
3303 2232 3622 2311 Bulgarus
3656 2222 3899 2297 nam-

633 2357 1008 2436 episcopus.
1052 2328 1278 2423 Quid?
1322 2345 1499 2424 quod
1535 2341 1807 2405 Michael
1844 2338 2217 2436 Cerularius
2273 2336 2339 2397 in
2374 2332 2651 2412 epistola
2675 2334 2869 2393 citata
2924 2329 3003 2436 ad
3055 2332 3313 2391 Petrum
3374 2328 3893 2404 Antiochenam,

632 2422 817 2515 num.
853 2422 941 2521 ᾖ,
984 2422 1199 2515 refert,
1238 2464 1271 2499 ε
1301 2422 1371 2505 se
1401 2436 1758 2510 audivisse,
1788 2436 1961 2517 quod
1989 2433 2273 2516 praedicti
2320 2433 2453 2493 duo
2490 2428 2862 2508 patriarcha
2892 2424 3399 2521 (Alexandrinus
3430 2432 3494 2521 et
3549 2422 3896 2506 Jerosoly-

637 2515 946 2623 mitanns)
978 2557 1109 2603 non
1148 2537 1364 2600 solum
1414 2534 1579 2597 alios
1631 2515 1877 2612 azymis
1926 2538 2261 2592 vescentes
2302 2525 2629 2604 recipiunt
2662 2544 2679 2584 :
2716 2522 2833 2585 sed
2870 2530 2933 2583 et
2967 2520 3093 2598 ipsi
3151 2519 3511 2598 aliquando
3540 2520 3607 2582 in
3637 2515 3897 2602 azymis

638 2614 1306 2705 sacrum'conﬁciunt
1352 2629 1767 2693 sacriﬁcium.
1814 2649 1845 2685 ι
1906 2626 2036 2687 Leo
2088 2624 2281 2688 etiam
2320 2621 2727 2685 Achridanus
2768 2617 2836 2679 in
2888 2616 3295 2697 Fragmentis
3344 2616 3514 2694 apud
3576 2614 3896 2680 Allatium

636 2738 807 2817 libr-0
832 2748 903 2797 ιιι
944 2734 1034 2795 υο
1072 2726 1509 2801 οουθιυίσκθο
1544 2724 1752 2802 παρίω
1784 2721 1880 2796 1⁸,
1920 2721 2047 2794 ait.
2084 2734 2146 2777 Ἰ
2174 2722 2512 2817 -Armenos
2545 2724 2608 2777 et
2654 2710 3483 2817 Egyptios-fumdudaais
3536 2711 3900 2793 convenire

934 2792 1339 2893 oblationem
1379 2792 1758 2901 azymorum
1796 2838 1813 2878 :
1850 2792 1882 2875 ᾧ
1912 2792 2042 2895 qua
2068 2817 2150 2877 de
2209 2831 2280 2877 re
2310 2813 2449 2892 agit
2486 2792 2972 2873 accuratissime
3018 2807 3403 2887 Lequienus
3435 2808 3502 2871 in
3557 2792 3897 2873 Disserta-

636 2930 814 2992 tione
843 2927 1015 2987 inter
1045 2916 1561 2993 Damascenicas,
1593 2914 1679 2975 De
1702 2913 1989 2993 azymis.‘
2474 2916 2483 2921 ‘

716 3026 981 3085 Factum
1017 3014 1232 3079 refero
1261 3027 1407 3092 ego,
1451 3011 1629 3091 quod
1685 3016 1946 3071 narrant
1994 3006 2366 3090 Cerulari’us
2413 3012 2478 3066 et
2536 3002 2946 3065 Achridanus
2981 3018 2997 3061 ε
3029 3000 3183 3063 hinc
3239 3004 3393 3061 vero
3443 2998 3901 3085 deductam

637 3082 879 3183 183;“
908 3082 1366 3182 convenientia,
1398 3082 1721 3170 calumnia
1762 3113 1885 3167 est.
1923 3126 1953 3159 ι
1982 3087 2297 3188 Alioquin
2329 3101 2386 3164 si
2418 3117 2644 3181 azyma
2674 3096 3038 3181 (inquiebat
3068 3097 3470 3188 Eumbertus
3500 3082 3889 3187 (tarditatis,

634 3211 878 3276 Leonis
908 3209 1001 3271 IX
1030 3203 1325 3285 legatus)
1358 3217 1475 3282 per
1525 3199 1855 3263 Christum
1914 3205 1976 3259 et
2014 3184 2167 3277 ejus
2241 3197 2664 3275 Evangelium
2701 3195 2973 3258 fuerunt
3042 3191 3409 3266 maledicta,
3452 3182 3902 3270 'reprobata’ot

643 3306 992 3379 derelicta;
1027 3309 1094 3366 et
1131 3301 1283 3363 ideo
1334 3297 1648 3375 deinceps
1698 3310 1828 3357 non
1871 3292 2151 3367 debeant
2183 3292 2401 3357 oﬂ'erri
2461 3292 2531 3355 in
2558 3290 2885 3355 sacriﬁcio
2926 3288 3425 3370 Domini,-quia'
3452 3305 3570 3369 per
3596 3288 3903 3368 Hoysem

641 3404 991 3468 constituta
1027 3404 1180 3461 sunt
1220 3394 1467 3459 Judmis
1504 3415 1521 3455 :
1559 3389 1807 3466 sciatis,
1851 3407 1966 3469 per
1998 3384 2136 3467 ΜΟ)
2153 3404 2291 3450 sem
2342 3404 2607 3468 quoque
2664 3388 3120 3449 fermentatum
3157 3383 3587 3454 constitutum
3640 3382 3901 3448 Iudaeis

644 3498 850 3562 Levit.
889 3512 999 3566 νη,
1038 3510 1098 3555 v.
1133 3491 1231 3566 13,
1264 3498 1327 3553 et
1363 3505 1556 3562 xxm,
1591 3505 1655 3548 ν.
1688 3487 1898 3547 1Ἶ.....
1930 3483 2340 3562 QuaprOpter
2378 3483 2433 3544 si
2470 3500 2506 3544 a
2558 3481 2746 3554 nobis
2777 3496 2907 3544 non
2938 3478 3420 3561 debentoﬂ'erri
3451 3496 3701 3561 azyma,
3731 3481 3903 3561 quia

641 3591 926 3659 Mosaica
943 3596 1097 3652 sunt
1137 3608 1153 3647 :
1201 3602 1321 3648 nec
1368 3601 1404 3646 a
1434 3582 1619 3645 vobis
1669 3581 1907 3643 debent
1942 3578 2163 3641 oﬂ'erri
2222 3577 2612 3641 fermentum
2660 3585 2726 3639 et
2751 3577 2869 3648 sal,
2902 3576 3061 3656 quia
3096 3592 3284 3655 teque
3314 3577 3600 3643 Mosaica
3650 3582 3898 3641 sunt...

642 3693 958 3767 Azymum
988 3681 1500 3773 Christianorum
1550 3678 1742 3773 longe
1779 3676 1972 3738 distat
2015 3674 2095 3737 ab
2139 3690 2371 3773 azyma
2420 3673 2777 3735 carnalium
2851 3671 3254 3747 Iudaeorum,
3315 3676 3484 3751 quos
3556 3658 3904 3752 [XXXVI]

638 3785 719 3846 ad
754 3766 1042 3846 umbram
1073 3776 1361 3841 veritatis
1393 3772 1859 3837 observandam
1890 3781 1954 3833 et
1991 3770 2366 3859 captandam
2396 3770 2532 3831 sola
2568 3767 2913 3847 promissio
2940 3774 3222 3831 terrente
3273 3766 3609 3833 felicitatis
3642 3767 3900 3831 invita-

639 3880 787 3941 bat:
824 3894 943 3940 nos
976 3891 1130 3938 vero
1152 3890 1399 3953 corpus
1430 3870 1723 3934 veritatis
1762 3888 1843 3933 ex
1872 3876 2101 3948 azymo
2130 3874 2193 3929 et
2218 3868 2286 3928 in
2322 3882 2553 3951 azymo
2571 3866 2692 3928 rite
2718 3872 3102 3928 venerantes
3132 3873 3328 3943 atque
3359 3864 3741 3938 retinentes,
3772 3880 3900 3931 ora

642 3986 705 4040 et
732 3976 923 4040 corde
957 3981 1419 4053 prmgustamus
1437 3969 1593 4050 jam,
1626 3983 1823 4048 quam
1858 3966 2077 4028 suavis
2107 3971 2207 4027 est
2254 3963 2610 4036 Dominus;
2644 3977 2851 4023 unum
2895 3965 3188 4040 petentes
3217 3959 3310 4053 ab
3338 3952 3509 4039 ipso,
3542 3959 3903 4025 ethOere-

640 4074 995 4155 quirentes,
1024 4051 1115 4133 uti
1138 4084 1510 4131 maneamus
1540 4066 1609 4128 in
1640 4080 1744 4139 eo,
1781 4072 1845 4127 et
1882 4064 2023 4141 ipse
2059 4061 2128 4123 in
2179 4058 2369 4122 nobis
2406 4057 2473 4119 in
2503 4065 2842 4120 aeternum.
2876 4077 2906 4113 ι
2935 4056 3138 4118 Multa
3187 4051 3255 4118 ih
3302 4072 3465 4118 nova
3519 4056 3659 4135 lege
3703 4072 3905 4124 asur-

644 4150 805 4250 pari,
827 4184 975 4247 qum
1001 4166 1070 4227 in
1110 4163 1306 4227 veteri
1357 4170 1563 4233 erant,
1596 4158 2015 4247 perspicuum
2046 4162 2144 4218 est
2160 4172 2194 4216 τε
2228 4154 2342 4215 sed
2390 4170 2520 4216 non
2549 4154 2775 4215 eodem
2809 4152 2956 4225 ﬁne,
2995 4154 3151 4232 quia
3181 4150 3503 4231 quidquid
3535 4152 3614 4213 ad
3644 4150 3901 4217 cultum

642 4247 760 4327 hei
796 4271 979 4325 vetus
1005 4260 1117 4322 ille
1150 4258 1429 4338 p0pulus
1466 4256 1720 4318 coalitus
1757 4259 2108 4331 acceperat,
2136 4252 2216 4313 ad
2252 4265 2495 4312 novum
2537 4265 2647 4327 per
2676 4248 3001 4313 Christum
3047 4247 3422 4309 translatum
3464 4254 3561 4310 est
3593 4270 3610 4310 :
3639 4248 3719 4310 ab
3753 4267 3905 4311 um-

642 4360 751 4422 bra
773 4358 855 4422 ad
888 4356 1243 4427 veritatem,
1272 4368 1310 4414 a
1339 4350 1547 4429 signis
1576 4351 1657 4411 ad
1714 4365 1845 4425 res,
1874 4364 1911 4410 a
1942 4347 2171 4409 timore
2216 4346 2296 4408 ad
2326 4362 2636 4420 amorem,
2664 4360 2701 4407 a
2750 4343 3062 4407 servitute
3114 4344 3192 4406 ad
3250 4345 3637 4419 libertatem,
3668 4361 3703 4407 a
3738 4344 3902 4409 ﬁliis

640 4456 757 4523 iram
786 4454 866 4518 ad
897 4452 1062 4515 ﬁlios
1090 4450 1331 4529 gratias.

722 4573 754 4608 ι
806 4549 931 4612 Sed
963 4556 1026 4610 et
1077 4543 1558 4610 Corinthiorum
1612 4539 1918 4605 Ecclesiae
1966 4554 2195 4618 panem
2256 4540 2621 4613 considera,
2670 4553 2863 4619 quam
2904 4552 3061 4600 sane
3112 4553 3241 4598 non
3292 4538 3647 4609 accusabis,
3701 4542 3901 4619 quasi

644 4646 1019 4708 traditiones
1067 4660 1199 4704 non
1255 4648 1617 4703 servantem
1657 4636 1763 4699 :is
1816 4636 2017 4709 enim,
2053 4636 2169 4714 qui
2212 4635 2577 4696 traditionis
2623 4642 2718 4695 est
2747 4643 2968 4695 auctor
3010 4633 3371 4715 (apostolus
3421 4633 3708 4712 Paulus),
3748 4651 3900 4697 eam

646 4750 713 4805 ut
758 4747 1122 4802 servantem
1185 4732 1760 4799 commendavit....
1818 4731 2050 4821 audis,
2096 4746 2223 4791 non
2276 4729 2526 4802 dubito,
2560 4737 2623 4791 et
2660 4730 2893 4791 Sardos
2951 4739 3123 4804 tuos,
3170 4728 3618 4793 testimonium
3678 4732 3904 4809 perbi-

647 4839 869 4899 hentes
922 4844 1145 4897 contra
1220 4845 1596 4911 azymorum
1656 4824 2076 4915 oblationem.
2112 4846 2144 4882 ιι
2203 4826 2390 4888 Panis
2446 4824 2811 4888 fermentati
2876 4842 3067 4887 usum
3120 4839 3401 4904 agnosco
3466 4826 3535 4888 in
3604 4828 3900 4899 Ecclesia

646 4929 1127 4995 Corinthiorum
1163 4928 1396 4989 :ritum
1417 4920 1921 5004 azymorumsab
1962 4919 2074 4993 iis,
2106 4920 2218 5000 qui
2250 4939 2391 4984 eam
2436 4919 2995 4995 administrarunt,
3030 4922 3439 5000 sapientibus
3490 4922 3900 4988 antistitibus

647 5034 981 5110 rcjectum.
1031 5043 1323 5106 eamque
1358 5024 1442 5089 ob
1493 5038 1755 5087 causam
1834 5018 2264 5099 reprehensos
2322 5017 2772 5081 Occidentales
2826 5033 2953 5079 non
3015 5018 3241 5081 habeo.
3314 5020 3687 5081 Servantem
3751 5037 3899 5084 eam

645 5130 1018 5192 traditiones
1070 5126 1288 5189 laudat
1342 5122 1688 5203 Apostolus
1736 5139 1750 5183 :
1808 5118 2038 5200 quidni
2099 5134 2250 5179 vero
2312 5116 2536 5193 primis
2599 5114 3002 5194 temporibus
3053 5132 3167 5193 pro
3230 5114 3573 5176 traditione
3637 5131 3903 5195 accepta

644 5227 928 5287 oblatum
978 5220 1175 5283 fuerit
1215 5236 1451 5299 corpus
1504 5216 1916 5281 Dominicum
1958 5214 2025 5274 in
2093 5228 2319 5292 ezymo
2357 5212 2729 5291 aliquando,
2761 5212 2919 5274 alias
2954 5212 3020 5272 in
3077 5210 3510 5273 fermentatoi
3552 5212 3900 5287 Quodnam

646 5323 730 5383 sit
762 5321 921 5381 illud
960 5316 1264 5388 Ecclesiae
1288 5313 1730 5379 Sardiniensis
1760 5311 2203 5375 testimonium
2244 5318 2462 5371 contra
2495 5308 2889 5370 oblationem
2943 5323 3345 5385 azymorum,
3404 5305 3669 5386 probata
3714 5310 3901 5373 nulla

646 5416 840 5479 refert
875 5412 1173 5476 historia.

730 5514 858 5575 Cur
889 5526 1041 5572 vero
1086 5507 1566 5572 Corinthiorum
1610 5504 1916 5567 Ecclesiae
1948 5510 2009 5563 et
2046 5502 2348 5563 Ecclesiae
2390 5500 2739 5561 Sardorum
2794 5498 3138 5576 specialem
3191 5501 3442 5580 ingerat
3493 5500 3899 5564 mentionem

648 5606 1215 5688 TheOphylactus?
1246 5606 1514 5666 Causam
1554 5610 1709 5678 puto
1766 5618 1865 5662 me
1914 5597 2515 5674 comprehendisse.
2577 5598 2815 5671 Nempe
2865 5612 3069 5657 canon
3118 5606 3213 5656 est
3245 5597 3597 5659 Trullanus
3648 5599 3716 5658 11
3758 5616 3897 5676 quo

647 5687 936 5779 cavetur,
982 5728 1012 5762 ι
1047 5722 1129 5767 ne
1158 5703 1378 5765 ﬁdeles
1415 5702 1787 5763 Judteorum
1842 5711 2062 5773 azyma
2098 5690 2459 5762 comedam,
2510 5705 2629 5751 nec
2668 5689 2863 5749 ullam
2914 5706 3060 5750 cum
3103 5689 3202 5747 eis
3244 5687 3742 5749 familiaritatem
3778 5688 3899 5749 ha-

654 5803 865 5868 beant.
910 5804 1007 5865 vel
1057 5804 1124 5865 in
1167 5798 1407 5863 morbis
1462 5813 1572 5860 eos
1630 5802 1977 5858 accersunt.
2020 5815 2047 5847 ν
2081 5792 2267 5852 nunc
2304 5804 2635 5859 canoncm,
2677 5786 2878 5847 veluti
2936 5784 3273 5847 conditum
3326 5800 3363 5846 a
3412 5787 3662 5865 synodo
3707 5798 3902 5849 sexta
