3966 6428
609 409 732 544 )δ
1509 429 1715 491 BERN
1784 427 2052 489 tntum
2093 427 2190 488 DE
2229 425 2516 488 BUBEIS
2559 426 3065 488 DISSEIITATIO
3868 427 3925 487 St

656 547 1095 613 misericordia
1165 548 1274 606 Dei
1324 545 1676 624 episcopus
1708 543 2026 615 Corinthi,
2066 548 2125 601 et
2159 539 2403 620 legatus
2460 541 2828 619 apostolicae
2873 543 3048 605 sedis
3093 545 3376 624 antiqua:
3425 547 3669 607 Romre.
3738 542 3925 604 Basi-

661 647 784 706 lius
831 642 1268 705 misericordia
1303 642 1414 704 Dei
1483 642 1854 721 eplSCOpUS,
1885 648 1946 700 et
1997 639 2400 716 metrOpolita
2450 639 2730 700 civitatis
2798 641 3103 721 Gortyna)
3172 641 3406 704 insul'm
3441 644 3662 710 Creta),
3701 645 3769 702 et
3839 635 3914 699 le

658 749 840 818 gates
875 741 1065 802 totius
1130 738 1384 800 concilii
1446 738 1815 817 apostolicae
1857 733 2230 815 principalis
2261 734 2436 796 sedis
2483 734 2765 814 antiquas
2841 737 3076 798 Romae.
3137 737 3594 798 Abundantius
3643 732 3925 796 humili:

658 841 1002 918 cpiscopus
1048 843 1280 899 sanctas
1337 837 1636 898 Ecclesiae
1668 837 2040 910 Tempsanae
2072 829 2559 912 (Paternensis),
2594 831 2843 912 legatus
2886 819 3086 895 totius
3126 834 3384 896 concilii
3424 841 3658 895 sanctas
3732 831 3925 893 sedis

660 936 1028 1012 agreste-lira;
1087 934 1302 995 Romae
1335 951 1350 1006 ;
1383 935 1662 994 Joannes
1723 929 2029 1007 indignus
2092 927 2434 1005 episcOpus
2467 937 2702 989 sanctae
2741 929 3045 990 Ecclesia)
3078 930 3476 1008 Rhegitanze,
3521 929 3773 1006 legatus
3820 935 3925 987 to-

659 1032 702 1091 ti
718 1049 788 1090 ns
809 1029 1064 1090 concilii
1095 1038 1328 1091 sanctae
1349 1029 1519 1091 sedis
1535 1026 1893 1106 apostolicm
1909 1025 2142 1084 Romae.
2165 1044 2194 1079 ιο
2215 1021 2696 1098 Animadverte,
2714 1024 3126 1102 legatosalios
3148 1041 3289 1088 esse
3311 1044 3385 1088 ex
3406 1025 3577 1087 clero
3601 1024 3922 1083 Romano

655 1130 814 1189 alios
848 1130 1035 1191 Italiae
1068 1130 1163 1190 vel
1195 1131 1258 1189 in
1295 1129 1645 1190 Occidente
1677 1124 2053 1203 episcoiios:
2089 1136 2159 1182 ac
2212 1119 2312 1180 his
2347 1119 2708 1195 adjunetos,
2739 1121 3407 1194 Thessalonicensem,
3458 1118 3925 1187 Corinthium,

656 1228 1206 1303 etGortynensem
1251 1226 1312 1284 i‘n
1345 1226 1545 1284 Creta.
1624 1222 1759 1281 Mos
1806 1226 1939 1281 erat
1965 1218 2234 1288 scilicet,
2279 1223 2345 1277 ut
2409 1218 2743 1278 Romanus
2793 1217 3080 1295 pontifex
3109 1219 3186 1280 ad
3220 1217 3508 1298 synodos
3542 1218 3603 1276 in
3647 1214 3925 1275 Orienti

655 1321 900 1382 habitus
955 1323 1192 1399 legatos
1224 1322 1480 1398 aliquos
1528 1335 1674 1380 cum
1728 1315 1989 1394 speciali
2023 1315 2427 1394 delegatione
2467 1314 2976 1376 transmitteret:
3011 1323 3229 1377 essent
3281 1314 3390 1374 alii
3429 1312 3618 1392 legati
3652 1313 3915 1390 synodi

655 1435 801 1494 qum
863 1419 1039 1493 prius
1084 1416 1385 1476 celebrari
1423 1418 1637 1476 Romae
1691 1419 2149 1475 consueverat:
2187 1410 2420 1488 bisque
2452 1409 2962 1486 adjungerentnr
3025 1454 3042 1480 ,
3083 1410 3455 1488 quivicarii
3487 1408 3586 1471 vel
3644 1424 3910 1485 respon

651 1512 816 1573 cale:
873 1515 1090 1575 Romae
1121 1513 1293 1573 sedis
1334 1513 1400 1572 in
1457 1514 1724 1574 Oriente
1787 1527 1898 1589 pro
1930 1517 2219 1586 tempore
2251 1506 2834 1568 constituebantur.
2865 1508 3141 1568 Basilius
3181 1507 3298 1568 ille
3358 1504 3802 1586 Gortynensis
3872 1505 3925 1563 is

655 1618 752 1669 est
783 1626 974 1688 quem
1008 1608 1526 1688 'l‘lieophylactus
1594 1616 1896 1668 memorat
1929 1605 2082 1668 adeo
2119 1603 2476 1672 assiduum,
2520 1612 2590 1662 ut
2635 1601 2806 1664 nulli
2863 1605 3366 1684 congregationi.
3422 1613 3529 1666 aut
3605 1600 3916 1665 sessioni

655 1707 753 1768 vel
785 1706 1031 1785 actioni
1069 1705 1345 1766 deesset:
1383 1705 1684 1767 omnibus
1719 1705 1958 1782 quippe
1991 1709 2194 1763 sextae
2223 1700 2454 1779 synodi
2493 1700 2666 1760 Actis
2692 1700 3164 1778 subscripsisse
3205 1700 3463 1779 legitur.

732 1828 988 1889 Non‘ita
1029 1844 1099 1889 se
1129 1845 1230 1888 res
1257 1825 1479 1887 habuit
1509 1826 1576 1888 in
1607 1825 1861 1904 synodo
1893 1823 2221 1885 Trullana.
2254 1821 2470 1881 Vacua
2488 1826 2548 1897 et
2581 1836 2732 1896 pura
2756 1825 2922 1896 patet
2951 1820 3189 1890 charta,
3224 1820 3336 1882 ubi
3355 1819 3624 1881 Romani
3659 1817 3925 1898 pontiﬂ'

658 1926 750 1985 cis
812 1923 1279 1984 subscribentis
1341 1924 1515 1984 focus
1570 1931 1703 1983 erat
1763 1937 1906 1983 cum
1975 1919 2076 1980 his
2106 1915 2356 1979 verbis:
2401 1922 2656 1989 «Τόπος,
2697 1915 2874 1978 locus
2933 1915 3328 1999 sanctissimi
3385 1932 3560 1994 papa;
3591 1918 3925 1989 Reman:

655 2021 835 2091 item,
862 2028 1107 2090 «Τόπος,
1141 2020 1318 2080 locus
1349 2016 1938 2079 't‘hessaloxricrnsis
1969 2037 1988 2090 ;
2025 2039 2053 2072 η
2088 2015 2372 2092 itemque
2406 2032 2435 2069 α
2467 2003 2668 2084 Τόπος,
2711 2014 2889 2073 locus
2919 2011 3400 2084 Heracleensis,
3436 2009 3925 2082 Sardiniensis,

653 2116 1064 2184 Ravennatis,
1121 2113 1521 2176 Corinthii.»
1559 2117 1718 2174 Tum
1756 2130 1904 2174 vero
1943 2135 1956 2174 :
1994 2134 2022 2168 ei
2059 2111 2336 2172 Basilius
2371 2109 2717 2189 episcopus
2748 2109 3209 2188 Gortyniorum
3271 2109 3650 2188 metropolis
3714 2106 3925 2170 Creta

664 2214 926 2287 insula),
965 2221 1024 2272 et
1055 2211 1268 2273 locum
1312 2221 1539 2270 tenens
1571 2211 1766 2270 totius
1806 2209 2037 2290 synodi
2072 2215 2305 2268 sancta)
2353 2205 2660 2268 Ecelesim
2704 2206 3034 2268 Romanas.
3084 2226 3116 2262 ι)
3170 2205 3388 2284 Legati
3418 2213 3653 2268 sanctae
3710 2205 3918 2266 sedis

649 2307 762 2385 qui
800 2308 1105 2369 mandato
1139 2306 1401 2386 speciali
1441 2305 1718 2366 instituti
1751 2303 2018 2375 fuerint,
2045 2308 2413 2382 comparent
2467 2299 2652 2360 nulli.
2713 2300 2934 2380 Roma;
3006 2301 3388 2362 celebratam
3447 2299 3569 2363 hoc
3626 2307 3925 2379 tempori

647 2403 858 2464 fuisse
889 2406 1242 2481 synodum,
1300 2420 1490 2481 quam
1541 2401 1747 2481 aliqui
1782 2400 1971 2479 legati
2013 2398 2195 2459 missi
2260 2404 2816 2474 reprmsentarent,
2864 2395 3045 2458 nulla
3124 2396 3344 2475 prodit
3389 2396 3689 2459 historia.
3745 2398 3925 2459 Him

650 2500 890 2560 Basilio
942 2500 1337 2577 Gortynensi
1394 2514 1723 2575 perperam
1758 2496 2022 2557 ac'falso
2069 2494 2302 2556 titulus
2363 2491 2675 2552 tribuitur
2736 2490 3017 2553 «locum
3069 2492 3352 2553 tenentis
3409 2492 3611 2554 totius
3675 2494 3925 2572 synodi

650 2605 882 2655 sanctm
921 2593 1228 2654 Ecclesia:
1261 2594 1570 2654 Romana)
1610 2615 1677 2665 »,
1705 2608 1841 2670 quo
1879 2591 2126 2658 scilicet
2165 2589 2304 2667 ipse
2354 2587 2601 2665 pridem
2636 2587 2700 2647 in
2727 2594 2905 2649 sexta
2941 2588 3195 2667 synodo
3217 2588 3615 2651 mcumenica
3667 2591 3925 2668 potitus

557 2747 564 2751 .
648 2687 877 2750 fuerat.
961 2691 1080 2751 Sed
1172 2689 1365 2767 hujus
1465 2696 1738 2750 attamen
1827 2686 2211 2764 legationem
2284 2687 2528 2751 indicat
2629 2686 3179 2766 Τὴρομίιγιδοιυε,
3269 2686 3614 2766 depravata
3661 2687 3925 2750 sciIice‘

648 2784 1122 2862 subscriptione
1162 2782 1498 2861 deCeptus.
2955 2773 2958 2776 i

729 2910 894 2969 Suos
932 2907 997 2968 in
1031 2907 1298 2970 Oriente
1334 2906 1453 2967 hoc
1510 2907 1699 2966 etiam
1763 2915 2047 2985 tempore
2089 2904 2389 2980 vicariae,
2457 2916 2567 2966 aut
2599 2903 3021 2983 responsales,
3080 2911 3192 2966 aut
3242 2905 3480 2985 legatos
3546 2903 3925 2967 ordinario:

643 3002 999 3064 Romanam
1066 3004 1286 3064 sedem
1343 3001 1670 3072 habuisse,
1705 3018 1832 3061 non
1865 3000 2114 3064 dubito.
2147 3001 2228 3062 Hi
2261 3017 2541 3081 namque
2575 3001 3063 3080 emergentibus
3119 3003 3188 3064 in
3219 3001 3501 3082 negotiis
3561 3015 3925 3080 personam

651 3098 971 3175 pontiﬁcis
1013 3097 1576 3177 reprmsentabant,
1618 3095 2165 3177 insinuabantque
2201 3097 2481 3177 principi
2515 3116 2658 3177 qum
2691 3100 3050 3162 necessaria
3086 3099 3490 3173 videbantur,
3526 3097 3655 3176 ipsi
3699 3105 3925 3160 tamen

651 3195 936 3274 pontifici
975 3188 1364 3256 decernendi
1404 3198 1710 3271 potestate
1747 3203 2064 3254 reservata
2089 3193 2166 3254 ad
2199 3191 2410 3272 ipsius
2451 3195 2845 3271 responsalis
2879 3194 3286 3257 relationem.
3317 3195 3452 3256 Hac
3484 3195 3563 3255 de
3600 3210 3665 3254 re
3719 3191 3925 3255 dot-te

648 3291 977 3354 disseiunt
1012 3294 1233 3352 Petrus
1269 3291 1345 3350 de
1399 3289 1606 3350 Marca
1648 3293 1709 3349 et
1779 3289 2096 3351 Antonius
2161 3290 2393 3369 Pagius
2425 3295 2500 3352 ad
2535 3306 2776 3353 annum
2821 3292 2963 3353 692.
3011 3293 3280 3356 Fuerint
3329 3307 3508 3371 ergo,
3584 3289 3923 3353 Trullana

648 3387 882 3467 synodi
926 3399 1231 3464 tempore,
1254 3386 1442 3463 legati
1483 3383 1824 3457 ordinarii,
1873 3385 2162 3463 episcopi
2210 3386 2650 3448 Sardiniensis
2683 3396 2744 3448 et
2776 3389 3144 3467 Ravennas,
3183 3384 3804 3448 Thessalonicensis
3862 3394 3921 3447 et

649 3481 1066 3545 Curinthius:
1110 3483 1224 3542 sed
1267 3483 1370 3541 isti
1431 3481 1728 3541 absentes
1784 3487 1986 3553 erant,
2071 3490 2246 3543 utex
2279 3484 2417 3545 loco
2486 3499 2686 3546 vacuo
2723 3492 2933 3561 patet:
2991 3491 3302 3545 autcerte
3361 3481 3726 3545 canonibus
3781 3482 3917 3544 illis

649 3579 947 3640 assentiri
979 3577 1358 3638 noluerunt.
1423 3578 1600 3638 Unus
1651 3576 1899 3655 legitur
1931 3577 2210 3638 Basilius
2242 3579 2705 3660 Gortynensis.
2772 3581 2996 3644 Fuerit
3030 3582 3153 3641 iste
3185 3580 3434 3658 legatus
3493 3579 3915 3641 ordinarius:

652 3686 710 3736 at
745 3678 883 3754 ejus
947 3674 1286 3752 prtesentia
1333 3664 1981 3736 nullam'ranonibus
2028 3675 2351 3738 Trullanis
2400 3681 2847 3742 auctoritatem
2898 3679 3224 3749 conciliat,
3259 3676 3641 3740 absentibus
3681 3677 3913 3756 legatis

647 3772 816 3845 aliis,
843 3779 949 3832 aut
979 3770 1486 3850 repugnantibus

726 3891 1111 3968 [XXXVIII]
1169 3888 1306 3950 Alia
1359 3889 1564 3964 plura,
1623 3907 1768 3967 quae
1798 3890 2120 3966 synodum
2155 3888 2757 3965 hanclabefactant,
2799 3875 3110 3969 expendit
3142 3892 3516 3971 Lequienus
3576 3892 3643 3953 in
3691 3892 3907 3979 Ραηοτ

641 3987 779 4066 plia
810 3996 1029 4048 contra
1060 3985 1322 4044 schisma
1359 3985 1740 4059 Graecorum,
1795 3984 2032 4046 saaculo
2069 4003 2176 4057 vn,
2208 3988 2415 4065 capite
2457 3989 2518 4046 2.
2549 3988 2871 4049 lnvectam
2917 4004 3047 4049 non
3079 3989 3492 4067 praetermitto
3517 3988 3905 4068 legationem

648 4084 931 4162 episc0pi
995 4082 1474 4155 Heracleensis,
1509 4083 1616 4159 qui
1666 4081 1949 4158 probatis
2005 4082 2069 4142 in
2129 4086 2568 4145 monumentis
2626 4084 2923 4161 nuSpiam
3002 4088 3320 4163 reperitur
3366 4086 3562 4146 hocce
3635 4099 3903 4150 muneri

646 4177 994 4253 aliquando
1053 4174 1337 4235 functus.
1394 4170 1804 4234 Anastasium
1870 4175 2438 4240 Bibliothecarium
2475 4181 2663 4254 addo,
2701 4180 2815 4258 qui
2848 4180 2916 4240 in
2967 4182 3110 4242 Vita
3140 4179 3406 4259 Sergiil
3438 4180 3676 4242 diserte
3719 4183 3901 4244 testaJ

649 4282 749 4333 tur
815 4274 1090 4350 legatum
1153 4268 1611 4346 apostoliCnm,
1658 4271 1772 4348 qui
1828 4269 2024 4332 fuerit
2069 4274 2349 4334 Basilius
2394 4274 2503 4336 ille
2536 4270 3354 4353 GortynensishTrullanis
3386 4275 3754 4338 canonibus
3813 4263 3899 4338 del

644 4378 889 4449 ceptum
913 4367 1406 4445 subscripsisse.
1443 4366 1611 4438 Quid
1636 4370 1662 4427 ‘?
1689 4369 1861 4445 quod
1897 4368 2190 4430 laudatus
2224 4369 2484 4446 Sergius
2516 4370 2841 4430 Romanus
2879 4369 3166 4448 pontifex
3206 4392 3234 4424 α
3263 4370 3598 4447 praedictos
3621 4369 3897 4449 canonet

645 4445 914 4544 respuit,
949 4472 1140 4543 atque
1177 4463 1393 4540 rejecit
1427 4463 1678 4542 (eodem
1710 4469 1870 4523 teste
1915 4462 2296 4541 Anastasio),
2333 4445 2581 4540 eligens
2636 4465 2850 4541 potius
2881 4445 3052 4526 Vmori
3111 4445 3303 4544 quam
3339 4466 3692 4526 novitatum
3725 4445 3895 4555 eri-ml

650 4563 829 4623 ribus
861 4560 1249 4621 consentire.
1283 4580 1312 4614 ››
1356 4559 1527 4632 Ηωο,
1572 4559 1822 4619 tametsi
1854 4561 2211 4633 notissima,
2255 4561 2402 4621 silet
2437 4567 2710 4620 attamen
2760 4559 3306 4640 TheOphylactus.
3351 4560 3507 4623 Silet
3556 4563 3753 4624 etiam
3789 4566 3891 4639 Jui

647 4656 997 4716 siinianum
1077 4655 1408 4714 Juniorem
1449 4657 1586 4732 qui,
1626 4663 1765 4730 post
1803 4656 2134 4715 Tiberium
2162 4657 2564 4716 Absimarum
2596 4665 2659 4716 et
2693 4657 3029 4717 Leontium
3067 4656 3435 4732 Patricium,
3472 4658 3704 4718 iterum
3733 4661 3889 4736 anni

642 4755 760 4814 705
804 4745 1081 4812 obtinuit
1113 4751 1478 4827 imperium,
1517 4751 1700 4811 irrito
1763 4759 1909 4809 νοτο
1964 4765 2251 4822 curasse,
2283 4753 2659 4811 utJoannes
2719 4768 2875 4829 papa
2936 4755 3049 4813 VII
3098 4754 3357 4814 eosdem
3402 4770 3683 4816 canones
3751 4773 3862 4818 rec

647 4856 846 4928 peret.
897 4845 1081 4918 Silet,
1124 4845 1624 4906 Constantinum
1669 4846 2046 4924 papam,qui
2090 4846 2715 4924 Constantinopolim
2750 4865 2921 4909 anno
2965 4850 3084 4910 710
3106 4857 3406 4912 evocatus
3449 4849 3682 4923 fuerat,
3736 4852 3866 4929 ,ips

643 4957 914 5022 urgente
948 4943 1319 5004 Iustiniano
1365 4941 1774 5019 imperatore,
1829 4959 1938 5003 eos
1971 4944 2278 5005 duntaxat
2324 4945 2665 5005 Trullanos
2698 4946 3087 5022 approbasse
3117 4964 3420 5021 canones,
3446 4949 3556 5027 qui
3592 4931 3848 5010 Roman

646 5040 946 5102 Ecclesiae
974 5041 1244 5100 decretis
1282 5055 1407 5099 non
1439 5039 1956 5099 adversarentur.
2041 5041 2372 5117 Perperain
2398 5041 2680 5120 denique
2725 5043 3045 5120 synodum
3104 5045 3529 5106 Laodicenam
3598 5043 3667 5105 in
3722 5063 3838 5106 sex

643 5135 1038 5198 mcumenica
1071 5135 1321 5211 synodo
1353 5134 1756 5211 approbatam
1802 5142 2064 5195 narratu
2101 5138 2374 5215 ejusque
2409 5156 2688 5200 canones
2729 5142 2999 5218 opponit
3035 5158 3197 5202 vano
3229 5146 3487 5216 conatu,
3529 5139 3777 5220 quibus
3810 5141 3877 5215 ri1

645 5239 748 5292 tus
781 5232 1029 5309 aliquos
1058 5231 1611 5291 Ec'clesimGrmcm
1641 5232 1900 5293 indicari
1940 5232 2244 5294 fatemur:
2275 5234 2437 5294 ritus
2463 5236 2620 5296 alios
2656 5232 3084 5298 Occidentalis
3117 5245 3228 5298 aut
3261 5239 3566 5300 Romanis
3592 5237 3875 5300 Ecclesia

643 5326 820 5404 rejici
869 5327 1097 5386 dixerit
1157 5343 1370 5399 nemo,
1418 5325 1541 5388 nisi
1574 5326 1913 5404 insipiens.
1947 5329 2124 5390 Hanc
2163 5331 2284 5390 sibi
2341 5334 2779 5395 auctoritatem
2841 5335 3144 5395 Trullana
3209 5339 3498 5414 synodus
3539 5323 3873 5414 adrogavit

645 5420 770 5483 lato
799 5437 1039 5506 canone
1076 5423 1152 5482 55
1197 5437 1326 5502 quo
1375 5422 1700 5502 jejunium
1759 5418 2006 5485 Sabbati
2040 5426 2104 5486 iu
2140 5428 2416 5490 Romana
2479 5428 2757 5490 Ecclesia
2813 5429 3186 5507 damnatur;
3245 5430 3358 5494 sed
3409 5448 3550 5494 eam
3608 5427 3871 5513 legitimi

643 5503 1012 5581 destitutam
1048 5516 1249 5582 fuisse
1286 5522 1666 5585 auctoritate
1691 5522 1820 5602 jam
1854 5523 2283 5585 ostendimus.
3171 5503 3179 5507 V
3477 5521 3480 5523 ’
3671 5503 3709 5513 ⁷
3865 5503 3869 5602 ε¹
