3966 6422
118 406 197 471 81,
1005 403 1101 466 DE
1138 398 1729 464 THEOPHYLACT!
1768 395 2045 461 GESTIS
2087 397 2185 460 ET
2226 396 2623 461 SCRIPTIS-
3394 396 3469 462 82

1664 547 1826 612 XIX.

196 691 540 756 Audacius
578 693 902 754 invehitur
936 700 1159 751 contra
1217 691 1687 768 processinnem
1742 688 2034 768 Spiritus
2074 687 2281 768 sancti
2304 705 2382 768 ex
2425 684 2618 768 Patre
2651 684 2967 768 Filioqtt'e.
3011 684 3450 768 Argumenta-

121 796 256 834 rum
289 774 432 852 ejus
459 773 777 865 refutatio
803 772 1075 865 Joannis
1107 762 1291 832 Becci
1322 791 1460 865 cu'm
1492 771 1733 865 itastris
1765 762 2470 859 animaduersionibus:
2504 764 2615 827 ubi
2642 762 2767 825 late
2811 763 2884 824 de
2915 763 3259 865 temporali
3313 765 3464 842 Spi-

120 858 282 914 ritus
310 845 549 913 'sa-ncti
597 852 902 913 missione
948 848 1313 913 disseritur.
1350 850 1516 910 Num
1551 846 1926 907 Latinorum.
1957 847 2224 913 erroris,
2252 855 2324 905 ut
2361 846 2567 911 aiunt,
2604 863 2906 905 summam
2938 845 3258 922 redegerit
3316 853 3462 904 tan-

121 936 249 993 dem
312 931 846 1009 Theophylactus
873 929 956 991 ad
1013 928 1212 990 solam
1243 931 1441 1002 vocis,
1488 931 1819 1000 FILIOQUE,
1895 923 2288 986 additionem
2332 922 2416 984 ad
2464 922 2857 1005 Symbolum.
2914 925 3019 984 Ita
3100 922 3465 986 sentiebant

119 1016 509 1075 Grai-orum
537 1012 765 1090 aliqui.
2024 1086 2029 1092 .

195 1134 301 1195 τὲ.
341 1135 413 1193 In
490 1150 565 1194 ea
613 1132 1082 1205 controversia,
1122 1152 1270 1214 quae
1309 1143 1610 1196 aeternam
1645 1150 1717 1193 ac
1766 1128 2262 1192 substantialem
2313 1140 2374 1192 et
2406 1130 2877 1209 hypostaticam
2936 1130 3214 1207 Spiritus
3256 1131 3461 1192 sancti

118 1232 449 1307 originem
490 1238 769 1308 spectat,
803 1232 1129 1292 communi
1176 1250 1321 1293 cum
1358 1232 1714 1307 gentilibus
1740 1228 2301 1308 suis-prtejudicio
2350 1235 2733 1305 occupatus,
2762 1227 3083 1289 audacius
3120 1247 3318 1306 quam
3352 1246 3465 1310 par

117 1343 234 1402 est,
268 1329 583 1407 Spiritus
616 1332 827 1389 sancti
881 1330 1351 1407 processionem
1400 1327 1931 1407 TheOphylactus
1983 1327 2384 1401 insequitur,
2442 1346 2481 1387 α
2512 1327 2707 1388 Patre
2740 1334 2798 1387 et
2830 1346 2870 1385 a
2916 1327 3117 1390 Filio.
3185 1328 3318 1389 Hac
3380 1328 3462 1391 de

118 1444 184 1486 re
233 1425 459 1485 tribus
531 1424 669 1503 agit
715 1423 780 1483 in
817 1425 975 1485 locis
1038 1425 1591 1500 pertinacissime.

191 1522 289 1583 Ad
346 1529 551 1601 caput
575 1538 650 1581 ιιι
686 1522 981 1593 Joannis,
1024 1541 1082 1583 v.
1128 1524 1231 1589 35.
1274 1522 1367 1584 sic
1406 1523 1529 1584 ait:
1570 1524 1759 1584 «Non
1790 1522 2333 1599 intempestivum
2372 1529 2591 1582 autem
2622 1520 2823 1583 fuerit
2854 1520 2973 1583 hoc
3033 1520 3173 1584 loco
3212 1524 3461 1596 dicere,

116 1619 433 1702 quomodo
499 1620 734 1682 habeat
784 1618 993 1681 Filius
1025 1622 1368 1703 Spiritum,
1415 1628 1473 1681 et
1508 1620 1843 1699 quomodo
1878 1622 2129 1681 dicatur
2160 1619 2449 1699 Spiritus
2482 1619 2667 1683 Filii.
2712 1620 2880 1681 Dicit
2930 1621 3107 1683 enirn
3155 1629 3219 1683 et
3280 1626 3459 1699 Apo-

114 1717 327 1779 stolus
365 1716 623 1796 (Galat.
666 1714 749 1799 ιν)
792 1717 1148 1795 :Spiritum
1178 1719 1336 1779 Filii
1368 1718 1472 1778 sui
1502 1718 1571 1777 in
1593 1716 1787 1778 corda
1815 1728 2027 1779 vestra
2057 1718 2230 1777 misit
2270 1717 2664 1790 clamantem,
2720 1716 2919 1789 Abba,
2975 1727 3185 1798 pater.
3248 1721 3319 1779 Et
3352 1719 3467 1780 ite-

118 1835 257 1880 rum
323 1816 547 1897 (Rom.
586 1815 762 1896 vni):
810 1817 882 1879 Si
928 1828 1135 1881 autem
1186 1820 1327 1897 quis
1356 1818 1675 1896 Spiritum
1708 1804 1961 1880 Christi
1984 1835 2114 1876 non
2172 1814 2493 1883 habuerit,
2521 1816 2624 1877 hic
2658 1833 2788 1875 non
2815 1824 2905 1875 est
2936 1817 3090 1895 ejus.
3130 1802 3297 1878 Sane
3342 1818 3463 1877 La-

115 1916 443 1977 tinimale
491 1915 631 1976 hinc
666 1924 1096 1993 exponentes,
1126 1923 1186 1976 et
1222 1917 1441 1976 minus
1499 1923 1669 1977 recte
1705 1915 2149 1993 intelligentes
2201 1913 2462 1982 dicunt,
2537 1914 2713 1991 quod
2769 1912 3053 1990 Spiritus
3127 1914 3320 1975 etiam
3383 1931 3466 1976 ex

115 2012 281 2074 Filio
327 2012 675 2090 procedat.
714 2015 845 2074 Nos
900 2019 1112 2073 autem
1172 2013 1443 2092 quidem
1484 2012 1765 2091 primum
1802 2010 2089 2074 dicimus
2123 2010 2199 2071 al
2240 2028 2399 2079 eos;
2454 2012 2633 2089 quod
2688 2009 2871 2072 aliud
2912 2012 2996 2071 sit
3024 2030 3154 2071 esse
3174 2030 3255 2072 ea:
3288 2030 3452 2091 quo-

113 2111 285 2188 piam
344 2117 414 2170 et
446 2109 637 2171 aliud
691 2128 819 2169 esse
843 2108 1201 2190 cujusdam;
1244 2111 1627 2189 utSpiritus
1673 2110 1757 2171 sit
1808 2110 2079 2189 quilem
2112 2108 2404 2187 Spiritus
2457 2109 2628 2171 Filii
2675 2109 2924 2186 absque
2950 2110 3179 2177 dubio,
3242 2118 3305 2171 et
3372 2108 3453 2170 ab

116 2209 293 2266 omni
350 2206 704 2284 Scriptura
728 2207 1193 2283 approbatum:
1229 2217 1534 2270 caeterum
1570 2226 1702 2267 esse
1737 2226 1817 2267 ex
1839 2206 2039 2276 Filio,
2074 2204 2255 2266 nulla
2283 2207 2615 2284 Scriptura
2650 2214 2951 2280 testatur,
2988 2224 3069 2269 ne
3105 2206 3230 2267 duo
3262 2209 3457 2287 prin-

116 2302 286 2379 cipia
349 2303 656 2379 Spiritus
712 2304 1232 2378 introducamus,
1287 2308 1538 2369 Patrem
1596 2312 1655 2367 et
1714 2305 1984 2367 Filium.
2035 2302 2359 2377 Profecto,
2412 2304 2775 2381 inquiunt:
2809 2323 2957 2367 nam
3011 2305 3226 2385 (Joan.
3260 2308 3367 2367 xxi
3401 2313 3462 2367 et

118 2402 481 2480 inspiravit
518 2400 924 2483 (insulﬂavit)
973 2400 1333 2482 discipulis,
1367 2410 1428 2464 et
1457 2403 1660 2465 dixit:
1698 2402 1983 2479 Accipite
2004 2400 2323 2480 Spiritum
2355 2410 2673 2463 sanctum.
2712 2402 2766 2464 Ο
2812 2402 3275 2480 (ἰοεὶρῐρηιίδῐη
3312 2404 3326 2463 ι
3398 2401 3464 2464 Si

118 2511 267 2559 tunc
294 2500 488 2560 dedit
540 2498 896 2576 discipulis
938 2500 1284 2577 Spiritum,
1322 2500 1592 2581 quando
1628 2497 2013 2572 insufﬂavit,
2058 2496 2393 2577 quomodo
2444 2507 2665 2575 postea
2724 2498 2894 2560 dixit
2951 2499 3051 2560 eis
3102 2500 3349 2577 (Actor.
3390 2500 3461 2578 ι),

114 2595 483 2673 Accipietis
540 2594 847 2655 virtutem
876 2598 1387 2675 supervenientis
1424 2597 1714 2677 Spiritus
1747 2596 1955 2656 sancti
2025 2611 2223 2672 super
2252 2611 2387 2666 vos,
2424 2612 2554 2653 non
2619 2602 2769 2673 post
2824 2593 3060 2655 multos
3096 2596 3210 2657 ltos
3269 2596 3401 2656 dies
3434 2596 3463 2654 Ῡ

116 2693 234 2753 Vel
284 2693 646 2773 quomodo
700 2694 1031 2755 credimus
1067 2695 1130 2755 in
1160 2698 1541 2756 Pentecoste
1595 2693 1833 2759 factum
1874 2691 2264 2751 descensum
2310 2688 2621 2765 Spiritus,
2684 2691 3017 2769 siquidem
3061 2692 3127 2752 in
3188 2709 3463 2769 vespera

118 2790 652 2851 resurrectionis
713 2790 893 2853 dedit
935 2790 1175 2851 illum?
1206 2794 1386 2853 Tunc
1447 2791 1624 2853 enim
1683 2785 2048 2867 inspiravit.
2111 2788 2190 2846 At
2218 2786 2352 2847 ιιωο
2387 2786 2660 2865 quidem
2690 2788 2874 2851 valde
2912 2788 3214 2851 ridicula.
3243 2790 3459 2851 Mani-

115 2886 363 2947 festum
399 2887 615 2958 enim,
660 2891 834 2965 quod
876 2894 1031 2949 tunc
1083 2887 1215 2948 illis
1250 2888 1565 2966 Spiritum
1602 2882 1896 2951 sanctum
1937 2900 2065 2948 non
2126 2884 2427 2947 dederit:
2476 2888 2591 2948 sed
2636 2888 2886 2949 donum
2925 2906 3130 2949 unum
3173 2889 3463 2968 Spiritus

120 2982 358 3055 sancti,
431 2982 910 3044 remissionem
948 2982 1198 3045 scilicet
1233 2984 1503 3061 peccati.
1542 2982 1759 3046 Statim
1796 2985 1974 3052 enim
1998 2985 2258 3047 subdit:
2286 2984 2572 3061 Quorum
2604 2989 2989 3050 remiseritis
3017 2998 3283 3068 peccata
3338 2992 3465 3054 Ha-

119 3080 222 3141 bet
282 3089 526 3142 autem
597 3079 915 3155 Spiritum
962 3080 1172 3141 Filius
1211 3080 1753 3153 substantialiter,
1798 3089 1870 3146 ut
1901 3084 2529 3146 consubstantialem
2590 3086 2760 3148 sibi:
2799 3103 2928 3149 non
2975 3104 3011 3148 a
3047 3105 3181 3167 quo
3235 3106 3465 3167 opera-

116 3179 367 3241 tionem
437 3176 743 3253 recipiat,
786 3176 957 3239 sicut
1018 3177 1368 3257 prophetas.
1421 3178 1672 3241 Dicitur
1718 3188 1933 3243 autem
1974 3180 2257 3258 Spiritus
2308 3199 2435 3241 esse
2485 3181 2669 3257 Filii,
2715 3184 3080 3246 secundum
3143 3186 3319 3265 quod
3353 3206 3459 3248 vc-

121 3274 279 3335 ritas
319 3285 423 3335 est
459 3275 705 3343 Filius,
739 3283 796 3335 et
826 3276 1035 3336 virtus
1069 3284 1127 3335 et
1154 3277 1511 3354 sapientia:
1550 3277 1831 3354 Spiritus
1870 3286 2086 3340 autem
2130 3288 2396 3341 sanctus
2460 3287 2521 3341 et
2575 3282 2895 3353 veritatis,
2938 3290 2992 3342 et
3024 3282 3459 3361 fortitudinis,

122 3381 175 3430 et
232 3370 594 3449 sapientia!
631 3369 921 3448 Spiritus
973 3369 1051 3431 ab
1094 3370 1258 3431 Isaia
1291 3372 1527 3450 (capite
1581 3373 1649 3453 ιι)
1684 3374 2102 3437 describitur.
2141 3378 2215 3438 Et
2252 3378 2484 3439 aliter:
2524 3378 2680 3458 quia
2735 3397 2853 3457 per
2901 3380 3138 3441 Filium
3180 3382 3461 3443 homini-

118 3464 228 3525 bus
271 3465 534 3531 datur;
575 3474 915 3543 propterea
978 3464 1138 3527 Filii
1190 3465 1456 3528 dicitur.
1510 3468 1715 3529 Crede
1772 3470 1977 3550 igitur
2032 3482 2123 3547 tu,
2157 3476 2477 3555 Spiritum
2519 3496 2557 3537 a
2590 3478 2782 3538 Patre
2813 3477 3063 3557 quidem
3108 3480 3460 3558 proﬁcisci,

116 3581 232 3641 per
263 3562 527 3625 Filium
570 3569 785 3622 autem
811 3562 959 3624 dari
994 3572 1327 3627 creaturae.
1380 3565 1593 3644 Atque
1630 3565 1731 3627 hic
1790 3568 1875 3629 sit
1908 3570 2022 3631 tibi
2079 3589 2287 3633 canon
2333 3560 2715 3636 orthodoxa;
2746 3574 3123 3637 doctrinm.»

197 3662 426 3723 Locus
488 3658 658 3719 alter
679 3666 888 3720 exstat
942 3667 1020 3722 ad
1062 3660 1365 3739 ejusdem
1423 3662 1692 3722 Joannis
1723 3674 1914 3742 caput
1954 3686 2055 3743 xv,
2098 3687 2157 3729 ν.
2198 3671 2281 3731 26
2323 3693 2337 3731 :
2378 3693 2405 3727 α
2435 3671 2633 3747 Quem
2695 3691 2806 3751 ego
2865 3675 3114 3735 mittam
3173 3676 3352 3737 vobis
3426 3698 3466 3738 a

120 3758 335 3819 Patre.
373 3759 526 3819 Jam
556 3756 735 3834 quod
765 3756 947 3830 dicit,
988 3775 1167 3836 quem
1196 3776 1302 3836 ego
1336 3759 1606 3827 mittam,
1630 3762 2065 3841 mqualitatem
2096 3784 2247 3847 erga
2273 3771 2523 3830 Patrem
2552 3769 2898 3849 significat.
2941 3775 3271 3849 [XXXIX]
3308 3779 3462 3838 Nam

118 3857 242 3917 alio
281 3856 440 3917 loco
476 3855 578 3951 de
602 3856 787 3915 Patre
830 3854 1018 3927 dixit,
1060 3856 1235 3934 quod
1259 3857 1470 3917 mittat
1502 3856 1856 3936 Spiritum:
1892 3861 2012 3923 hoc
2048 3871 2267 3925 autem
2334 3864 2504 3937 loco,
2540 3867 2719 3945 quod
2765 3868 2901 3947 ipse
2933 3870 3145 3932 mittat
3175 3893 3194 3940 ;
3230 3873 3462 3951 utique

121 3970 275 4015 sane
343 3949 813 4029 aequalitatem
876 3950 1267 4029 signiﬁcant.
1312 3954 1389 4015 Ut
1428 3961 1645 4015 autem
1680 3973 1761 4015 ne
1798 3958 2096 4020 videatur
2146 3960 2467 4024 obluctari
2503 3964 2699 4037 Patri,
2762 3968 2950 4044 quasi
2988 3967 3069 4028 ab
3093 3968 3221 4030 alia
3299 3949 3461 4032 sub-

118 4051 354 4111 stantia
417 4048 641 4109 mittat
674 4047 1011 4124 Spiritum,
1056 4050 1336 4124 addidit,
1377 4070 1416 4109 a
1445 4050 1664 4112 Patre.
1698 4054 1853 4115 Nam
1899 4065 1959 4117 et
2004 4055 2143 4134 ipse
2176 4056 2445 4136 quidem
2497 4059 2787 4121 mittam:
2832 4063 2945 4124 sed
2980 4083 3017 4123 a
3054 4065 3273 4140 Patre,
3344 4069 3466 4130 hoc

118 4157 231 4221 est,
270 4146 705 4226 approbante
733 4148 925 4207 Patre
974 4153 1038 4207 et
1071 4147 1266 4210 simul
1320 4148 1638 4211 mittente.
1700 4151 1839 4211 Non
1878 4153 2051 4213 enim
2089 4171 2169 4214 ex
2198 4154 2462 4233 proprio
2489 4157 2643 4218 sinu
2686 4159 2826 4235 ipse
2867 4160 3052 4239 prius
3090 4163 3306 4224 mitto:
3336 4166 3453 4227 sed

115 4262 142 4306 a
171 4248 365 4309 Patre
415 4261 539 4323 per
579 4259 680 4303 me
712 4243 1185 4321 suppeditatur.
1218 4247 1377 4309 Cum
1411 4252 1624 4308 autem
1663 4247 1976 4323 audieris,
2008 4253 2183 4330 quod
2250 4262 2635 4332 ἐκπορεύεται,
2669 4255 2986 4334 procedit,
3018 4276 3097 4321 ne
3134 4260 3463 4339 intelligas

116 4353 449 4420 ἁποςτο).ὴν
504 4350 614 4419 τὴν
652 4350 1006 4421 ὲκπόρευσιν,
1048 4345 1411 4405 missionem
1434 4362 1556 4421 per
1584 4363 1682 4423 ρι’(

1893 4367 2081 4422 mem,
2111 4353 2289 4428 quali
2330 4354 2724 4417 emittuntur
2768 4356 3228 4421 ministratorii
3258 4360 3459 4429 spiri-

119 4451 263 4514 tus;
296 4438 433 4503 sed
464 4438 795 4499 naturalis
834 4438 1260 4501 subsistentia
1301 4438 1584 4517 Spiritus
1615 4452 1675 4501 et
1728 4451 2084 4517 processio.
2131 4472 2149 4505 ι

192 4538 883 4633 [διὶοτθῗνεοξ-[ηοηθὶ
908 4552 979 4595 ae
1012 4536 1209 4598 nimia
1246 4536 1639 4613 praeﬁdentia
1683 4538 1845 4601 hanc
1894 4546 2093 4620 agitat
2126 4551 2649 4612 controversiam
2685 4550 2750 4611 in
2783 4569 2954 4630 saepe
2991 4552 3249 4616 laudata
3323 4554 3465 4633 epi-

116 4636 270 4697 stola
299 4632 395 4694 ad
432 4630 785 4694 Nicolaum
815 4629 1151 4691 diaconum
1191 4642 1250 4693 et
1283 4634 1721 4695 canstrisium.
1776 4640 1984 4713 Quam
2022 4643 2349 4707 infensum
2389 4656 2568 4728 gerat
2632 4629 2953 4723 animum,
2990 4651 3207 4713 statim
3244 4629 3463 4731 prodit

116 4735 233 4795 sub
263 4730 593 4795 initium.
652 4738 844 4790 Ἔστιν
867 4732 967 4790 οὖν
998 4738 1061 4791 τὸ
1125 4740 1391 4807 μέγιστον
1446 4739 1627 4792 ἐκεῖνο
1654 4743 1903 4816 σφάλμα,
1942 4750 2033 4803 καὶ
2081 4750 2241 4805 τοῦτο
2268 4754 2333 4824 δὴ
2368 4755 2429 4807 τὸ
2466 4754 2560 4807 τοῦ
2596 4754 2973 4824 Σολομῶντος,
3018 4757 3147 4829 ᾅδου
3177 4757 3461 4831 πεταύρου

117 4840 302 4893 ποιοῦν
342 4836 669 4905 συνιντᾷν,
703 4836 735 4901 ἡ
769 4835 829 4887 ὲν
858 4834 936 4905 τῷ
957 4836 1059 4907 τῆς
1097 4837 1337 4901 πίστεως
1366 4836 1633 4909 Συμϐὁλῳ
1659 4845 2007 4913 καινοτομία,
2045 4848 2113 4915 ἢν
2148 4850 2504 4919 ἐποιήσαντο,
2564 4854 3055 4926 ἀνακηρύττοντες
3108 4855 3172 4909 τὸ
3231 4856 3461 4925 Πνεῦμα

115 4941 168 4989 ἐκ
192 4937 293 4991 τοῦ
331 4934 583 5004 Πατρδς
635 4934 727 4986 καὶ
783 4934 845 4986 ἐκ
867 4933 963 4986 τοῦ
1005 4935 1136 4988 Υἱοῦ
1175 4937 1603 5007 ἐκπορεύεσθαι.
1660 4954 1681 4985 α

1910 4952 2052 4997 mus
2088 4936 2291 5015 igitur
2324 4940 2434 5000 ille
2506 4960 2710 5014 error,
2776 4939 3028 5023 quique
3059 4942 3247 5021 juxta
3285 4946 3464 5007 Salo-

114 5026 326 5091 monis
368 5024 665 5091 dictum,
702 5021 1032 5118 ininferni
1078 5027 1387 5104 laqueum
1425 5027 1761 5089 incurrere
1797 5029 1969 5101 facit,
2015 5042 2113 5095 est
2165 5035 2500 5097 innovatio
2551 5056 2742 5117 quam
2781 5021 2843 5100 in
2884 5039 3267 5118 Symbolum
3306 5043 3459 5104 ﬁdei

114 5122 575 5191 induxerunt,
604 5114 1044 5192 enuntiantes,
1083 5122 1390 5200 Spiritum
1441 5132 1734 5184 sanctum
1796 5144 1871 5187 ex
1944 5132 2127 5192 Patre
2196 5139 2256 5193 et
2289 5150 2363 5193 ex
2428 5114 2597 5197 Filio
2642 5114 2997 5213 procedere
3026 5184 3040 5199 .
3082 5186 3096 5198 .
3134 5184 3150 5199 .
3180 5147 3358 5201 Τοῦτο
3386 5150 3462 5221 μὴ

110 5230 377 5300 aegeo“
387 5245 473 5289 ως
494 5224 831 5296 ἀξιούμενον
858 5228 1161 5299 συγχωρῶν
1182 5230 1602 5305 ἀσυγχώρητος,
1625 5231 1676 5290 Η

1892 5227 2057 5289 inon
2093 5230 2361 5309 dignum
2381 5234 2786 5296 correctione
2810 5235 3236 5308 concesserit,
3270 5239 3458 5302 venia

115 5320 472 5398 indignus.
500 5339 532 5371 ι)

186 5414 383 5476 Docti
422 5420 493 5473 et
536 5410 804 5509 eruditi
838 5416 1188 5509 ceteroqui
1248 5420 1725 5503 archiepiSCOpi
1792 5425 1923 5487 haec
1984 5426 2256 5489 minime
2295 5437 2355 5488 te
2414 5434 2753 5489 morentur
2809 5428 3001 5492 dicta.
3069 5453 3098 5485 α
3137 5433 3459 5509 Tempore

119 5529 411 5590 namque
452 5506 844 5606 scilismatis
878 5508 1181 5571 inclaruit
1245 5513 1385 5591 ipse
1445 5514 1643 5597 (quod
1684 5521 1953 5583 Michael
2000 5524 2380 5585 Cerularius
2421 5524 2922 5603 instauraverat)
2982 5529 3278 5606 adeoque
3306 5506 3457 5590 tuon

116 5611 301 5670 multa
340 5604 910 5670 consideratione
971 5608 1168 5684 digna
1200 5610 1510 5675 videntur
1543 5616 1707 5679 dicta
1745 5620 1889 5697 ejus
1928 5620 2451 5683 existimanda.»
2490 5622 2592 5683 Sic
2632 5622 2789 5682 οΙὶιο
2839 5604 3459 5687 censebatloanncs

122 5707 357 5802 Beccus
438 5704 511 5762 in
551 5716 761 5777 Opere
806 5711 1022 5802 contra
1088 5707 1403 5770 Camateri
1456 5712 1975 5789 observationes,
2040 5720 2151 5781 ubi
2218 5720 2521 5796 superior
2573 5719 2921 5781 adducitur
2982 5722 3455 5802 'I‘bCOpbylacti

117 5799 282 5865 locus
338 5802 431 5865 ad
472 5805 788 5897 caputxv
822 5800 1115 5875 Joannis,
1153 5811 1329 5867 torno
1367 5809 1421 5868 ll
1474 5810 1648 5887 apud
1692 5813 2004 5877 Allatium
2070 5817 2141 5877 in
2171 5816 2419 5878 Grmcia
2466 5814 2826 5876 orthodoxa
2863 5833 3003 5896 pag.
3042 5799 3183 5880 519.
3242 5799 3453 5897 Argu-

124 5909 324 5965 menta
365 5916 535 5981 quee
604 5896 854 5977 profert
911 5914 1142 5962 novam
1178 5904 1255 5966 ad
1306 5905 1610 5971 incudem
1654 5906 1950 5992 redigere
2020 5912 2299 5993 pretium
2339 5931 2556 5993 operte
2594 5912 2815 5987 fuerit,
2853 5917 3186 5993 Oppositus
3254 5896 3451 5980 etiam
