3966 6402
580 368 662 438 ⁸3
1432 368 1661 443 BERN,
1699 366 1970 435 ΗΑΒῐῶ
2007 374 2106 435 DE
2144 366 2434 436 ΗΠΒηὸ
2469 365 2980 435 DISSERTATIO
3770 364 3845 431 δι

586 482 771 547 Becci
801 482 1217 557 refutationes
1269 479 1602 554 adhibere,
1643 497 1789 560 qua)
1826 480 2141 544 habentur
2194 479 2261 541 in
2300 480 2590 543 oratione
2632 479 2722 540 De
2760 479 2994 541 unione
3041 475 3477 539 Ecciesiarum
3506 471 3675 549 apud
3725 474 3845 536 Al-

593 580 821 645 talium
893 586 1067 643 tomo
1130 579 1182 654 Ι,
1260 594 1407 657 pag.
1468 576 1615 648 215,
1688 579 2077 656 easdemque
2134 591 2251 659 pro
2310 575 2484 644 virili
2541 573 3224 638 animadversionibus
3300 568 3548 634 nostris
3604 570 3843 633 conﬁr-

589 693 786 739 mare.

664 773 767 835 75.
788 771 1351 851 (1)Argumentum
1377 771 1896 849 primum:Jesus
1927 769 2219 832 Christus
2249 757 2431 830 docet
2461 766 2535 829 de
2566 775 2833 847 cognato
2854 767 2982 830 sibi
3008 764 3288 845 Spiritu,
3314 780 3393 823 ea:
3420 778 3567 840 quo,
3605 770 3665 822 et
3686 778 3843 841 quo-

585 866 769 947 modo
804 883 935 926 esse
961 865 1219 928 habeat:
1252 874 1313 927 et
1345 868 1461 941 ait,
1486 866 1657 948 quod
1673 864 1968 945 procedit
1991 884 2032 925 a
2057 864 2274 928 Patre.
2306 864 2381 925 Si
2411 863 2598 924 etiam
2624 882 2664 923 α
2692 863 2864 925 Filio
2888 860 3209 943 procedit,
3242 856 3397 939 quid
3420 854 3672 918 vetabat
3701 874 3851 917 eum

581 958 811 1036 dicere,
834 959 1199 1040 quiaPatre
1214 971 1269 1021 et
1282 981 1423 1023 ame
1432 960 1723 1042 procedit
1738 963 1768 1021 ?
1782 963 1859 1021 Hi
1872 979 1948 1023 nc
1960 961 2083 1023 sibi
2103 961 2363 1023 videtur
2380 958 2854 1039 colligendum:
2877 956 3218 1039 procedere
3233 955 3550 1035 Spiritum
3570 965 3637 1017 ex
3676 960 3851 1032 μάνου

579 1057 676 1113 τοῦ
704 1059 941 1128 Πατρὺς.
964 1077 1044 1119 ea:
1073 1057 1207 1117 solo
1234 1058 1446 1121 Patre.
1481 1056 1662 1119 Becci
1694 1056 1834 1118 loco
1865 1057 2057 1120 citato,
2080 1055 2377 1118 refutatio
2394 1062 2491 1116 est
2528 1057 2841 1118 num.69:
2872 1077 2903 1113 ι
2940 1055 3081 1117 Non
3112 1052 3233 1116 alia
3257 1054 3503 1121 ratione
3535 1050 3839 1121 Latinus,

580 1152 791 1219 eidem
828 1157 1105 1219 reddens
1135 1153 1328 1215 verba
1365 1168 1506 1225 sua,
1530 1151 1733 1237 dicet:
1766 1152 1831 1212 Si
1868 1170 1948 1214 eo:
1976 1149 2111 1213 solo
2140 1148 2333 1213 Patre
2353 1150 2651 1230 procedit
2667 1149 2972 1228 Spiritus,
3011 1149 3173 1226 quid
3214 1149 3687 1228 impedimento
3719 1142 3857 1207 fuit

580 1250 836 1315 Christo
899 1270 980 1315 ne
1022 1250 1286 1323 diceret,
1316 1247 1446 1326 Qui
1475 1266 1555 1310 ea:
1581 1250 1716 1309 solo
1742 1248 1937 1311 Patre
1988 1246 2323 1328 procedit?
2346 1249 2596 1322 Etcum
2640 1245 3220 1326 (TheOphylactus)
3255 1246 3603 1324 exprobrat
3652 1240 3851 1315 Itale,

581 1347 852 1426 vestigia
891 1344 1150 1418 Christi,
1200 1360 1555 1423 pauperum
1593 1343 2022 1421 evangelista),
2066 1360 2195 1406 non
2242 1347 2429 1424 sequi
2465 1346 2641 1423 quod
2673 1344 3092 1421 superaddat,
3124 1355 3190 1405 et
3221 1359 3305 1404 es:
3344 1342 3554 1416 Filio,
3595 1338 3848 1402 iisdem

582 1451 644 1505 et
667 1442 805 1520 ipse
860 1438 1476 1520 exprobrationibus
1531 1438 1857 1501 obnoxius
1909 1441 2057 1514 erit,
2089 1440 2266 1521 quod
2298 1439 2714 1519 superaddat,
2748 1456 2831 1499 ea:
2868 1438 3031 1501 solo.
3060 1460 3092 1495 ι

659 1538 864 1599 Tenet
906 1553 981 1599 ac
1008 1538 1192 1599 docet
1227 1534 1602 1601 Romanaet
1634 1534 1855 1598 Latina
1892 1537 2197 1613 Ecclesia,
2227 1538 2537 1616 Spiritum
2585 1543 2883 1621 sanctum
2932 1553 3028 1605 ex
3084 1542 3367 1618 utroque
3421 1535 3784 1614 procedere
3827 1553 3844 1597 :

579 1638 729 1705 tum.
761 1633 921 1714 quia
970 1655 1002 1691 ι
1033 1630 1414 1711 regulariter
1466 1632 1819 1696 tenendum
1856 1639 1951 1694 est
1982 1632 2224 1713 (verbis
2261 1641 2407 1696 utor
2442 1633 2646 1696 sancti
2678 1633 2945 1695 Thomas
3009 1649 3070 1712 p.
3100 1650 3124 1693 ι
3164 1650 3282 1713 qu.
3324 1648 3547 1702 xxxvr,
3578 1638 3698 1693 art.
3732 1633 3844 1705 11,

579 1728 656 1791 ad
691 1729 775 1808 1),
807 1728 874 1790 in
898 1744 1074 1792 sacra
1127 1728 1474 1804 Scriptura,
1504 1727 1680 1808 quod
1718 1727 1783 1789 id
1814 1728 1987 1808 quod
2025 1729 2105 1791 de
2128 1732 2308 1793 Patre
2341 1730 2596 1804 dicitur,
2628 1736 2881 1809 Oportet
2896 1731 2977 1792 de
3020 1730 3193 1793 Filio
3229 1728 3538 1809 intelligi,
3577 1729 3844 1792 etiamsi

579 1820 786 1883 dictio
828 1820 1160 1883 exclusiva
1206 1818 1501 1894 addatur,
1554 1818 1685 1882 nisi
1715 1820 1930 1882 solum
1972 1819 2051 1882 in,
2084 1820 2221 1884 illis
2291 1827 2360 1887 in
2421 1826 2669 1906 quibus
2729 1827 2917 1888 Pater
2943 1833 3007 1887 et
3041 1826 3257 1888 Filius
3325 1824 3691 1891 secundum
3724 1841 3849 1903 0p-

579 1916 826 1995 positas
844 1915 1189 1979 relationes
1208 1915 1720 1994 distinguuntur.
1747 1917 1907 1979 Cum
1943 1919 2121 1981 enim
2144 1920 2463 1983 Dominus
2500 1922 2868 1985 Matthteixt
2903 1920 3106 1985 dicit:
3146 1920 3340 1985 Nemo
3378 1922 3557 1983 novit
3576 1920 3855 1995 Filium,

578 2012 709 2073 nisi
733 2012 949 2085 Pater,
994 2027 1125 2075 non
1176 2012 1573 2086 excluditur,
1605 2012 1767 2095 quin
1808 2012 2023 2076 Filius
2056 2015 2348 2095 seipsum
2400 2029 2767 2097 cognoscat.
2807 2019 2913 2081 Sic
2941 2019 3147 2100 igitur
3177 2035 3323 2081 cum
3365 2018 3628 2092 dicitur,
3663 2018 3851 2097 quod

580 2108 859 2185 Spiritus
896 2116 1155 2171 sanctus
1192 2124 1228 2169 a
1257 2111 1440 2172 Patre
1473 2110 1798 2187 procedit;
1857 2110 2110 2173 etiamsi
2168 2113 2543 2189 adderetur,
2595 2115 2844 2195 quoda
2892 2114 3035 2179 solo
3094 2118 3279 2178 Patre
3319 2114 3655 2194 procedit,
3705 2130 3851 2177 non

582 2202 955 2267 excluditur
1004 2204 1158 2268 inde
1215 2205 1447 2269 Filius.
1508 2206 1675 2280 Quia
1712 2214 2029 2285 quantum
2068 2208 2147 2271 ad
2179 2207 2327 2284 hoc,
2365 2211 2541 2289 quod
2574 2218 2675 2272 est
2711 2228 2858 2273 esse
2884 2211 3278 2290 principium
3304 2210 3588 2289 Spiritus
3624 2210 3849 2273 sancti

584 2316 712 2387 non
745 2309 1166 2381 opponuntur
1187 2303 1372 2367 Pater
1397 2311 1460 2364 et
1482 2300 1728 2366 Filius:
1780 2304 1892 2365 sed
1927 2304 2140 2366 solum
2177 2293 2493 2382 quantum
2550 2307 2627 2369 ad
2657 2306 2805 2382 hoc,
2837 2307 3013 2387 quod
3077 2306 3185 2369 hic
3239 2316 3340 2369 est
3392 2308 3579 2369 Pater
3626 2315 3687 2369 et
3727 2304 3856 2369 ille

580 2384 857 2461 Filius.»
922 2399 1087 2459 Tum
1126 2398 1280 2476 quia
1314 2397 1556 2460 divinis
1596 2398 1666 2460 in
1711 2398 1997 2478 eloquiis
2041 2399 2264 2464 insunt
2308 2404 2519 2466 verba
2550 2420 2697 2480 quae
2732 2384 3138 2481 processioni
3193 2420 3273 2483 eo:
3330 2402 3529 2476 Filio,
3561 2412 3673 2463 aut
3725 2419 3860 2482 per

582 2494 846 2563 Filium,
877 2494 1145 2556 omnino
1193 2493 1640 2571 requipollent.
1690 2495 2121 2573 Frequentius
2155 2510 2429 2575 persona
2470 2499 2757 2579 Spiritus
2812 2499 3016 2563 sancti
3062 2498 3305 2560 dicitur
3332 2499 3623 2578 Spiritus
3652 2497 3854 2568 Filii,

582 2597 647 2652 et
673 2588 916 2653 Christi
983 2589 1237 2650 Domini
1262 2588 1665 2667 Spiritus,:»et
1697 2588 1983 2667 Spiritus
2027 2592 2344 2663 veritatis,
2366 2609 2529 2671 .qum
2567 2593 2863 2657 Christus
2896 2603 2995 2655 est
3025 2613 3041 2652 :
3066 2594 3296 2674 utique
3322 2610 3402 2656 eo
3438 2610 3669 2667 sensu,
3704 2610 3851 2672 quo

582 2686 775 2748 etiam
822 2692 1089 2748 vocatur
1115 2684 1403 2764 Spiritus
1438 2684 1683 2746 Patris.
1720 2685 1821 2747 Ait
1859 2686 2053 2748 etiam
2114 2686 2255 2765 ipse
2307 2676 2629 2753 Dominus
2680 2690 2762 2751 de
2791 2687 3039 2768 Spiritu
3075 2707 3236 2753 suo:
3272 2684 3443 2765 Quia
3468 2687 3543 2749 de
3568 2708 3701 2750 meo
3728 2708 3856 2751 ac-

581 2783 797 2850 cipiet.
828 2780 958 2844 Cur
980 2782 1175 2843 vero?
1200 2780 1567 2858 Propterea,
1600 2780 1751 2858 quia
1778 2783 1987 2843 omnia
2012 2799 2387 2864 quacunque
2415 2785 2597 2849 habet
2632 2785 2851 2856 Pater,
2878 2805 3013 2845 mea
3041 2793 3214 2847 sunt.
3285 2787 3447 2849 Sunt
3478 2801 3633 2848 vero
3661 2784 3861 2850 Chri-

588 2877 667 2933 sti
697 2878 1036 2950 sapientia,
1071 2878 1376 2956 potentia,
1410 2876 1743 2949 divinitas,
1774 2894 1847 2950 ac
1877 2875 2103 2941 caetera
2150 2896 2559 2960 quascunque
2615 2880 2913 2943 absoluta
2951 2880 3258 2943 attributa
3280 2927 3297 2955 ,
3329 2896 3478 2960 qum
3507 2882 3691 2943 Pater
3715 2879 3854 2942 ha-

583 2969 715 3035 bet.
754 2971 904 3037 Bac
937 2971 1159 3036 eadem
1186 2971 1329 3034 sine
1358 2971 1561 3035 dubio
1596 2972 1877 3050 Spiritus
1898 2982 2161 3038 sanctus
2189 2975 2379 3055 habet
2409 2993 2445 3039 a
2476 2980 2683 3051 Patre,
2707 2976 3118 3055 procedendo
3150 2977 3230 3039 ab
3258 2977 3399 3054 ipso
3426 2994 3443 3035 :
3478 2976 3591 3038 sed
3615 2976 3857 3038 eadem

583 3068 812 3147 accipit
859 3068 1050 3130 etiam
1103 3083 1139 3129 a
1168 3068 1361 3140 Filio,
1394 3068 1683 3135 nonalio
1737 3076 1907 3131 certe
1936 3069 2151 3141 modo,
2184 3071 2307 3135 nisi
2361 3064 2504 3150 ejus
2554 3070 2973 3152 processione
3023 3074 3103 3134 ab
3152 3072 3302 3135 isto.
3366 3074 3497 3136 Nos
3556 3071 3861 3150 denique

582 3165 789 3228 Filius
826 3164 1051 3227 docet:
1081 3162 1478 3227 Paraclitum
1504 3164 1741 3242 ipsum.
1771 3165 1883 3244 qui
1917 3168 2268 3243 procedita
2300 3162 2517 3242 Patre,
2547 3169 2719 3230 mitti
2748 3178 2791 3228 ’a
2808 3186 2898 3237 se,
2931 3176 2991 3229 at
3026 3170 3199 3231 mitti
3228 3188 3269 3229 a
3324 3168 3539 3231 Patre.
3571 3169 3721 3243 Quo
3753 3169 3858 3247 6t,

584 3278 715 3326 non
740 3260 879 3323 sine
915 3260 1567 3340 wternaprocessione
1605 3259 1877 3341 intelligi
1922 3278 2113 3340 posse
2139 3264 2496 3325 missionem
2521 3282 2541 3323 :
2579 3282 2724 3345 quae
2746 3264 3072 3344 processio
3108 3252 3384 3340 dicitur,
3414 3264 3742 3344 quatenus
3770 3264 3865 3327 ab

585 3362 865 3437 utroque
920 3356 1199 3433 Spiritus
1256 3355 1508 3434 accipit,
1531 3355 1701 3434 quod
1726 3358 1834 3430 sit,
1860 3365 1938 3431 ,et
1969 3358 2145 3437 quod
2207 3358 2411 3421 valeat
2464 3359 2721 3441 operari
2774 3359 2852 3421 ad
2888 3366 3066 3421 extra
3126 3376 3145 3417 :
3210 3359 3580 3440 diciturque
3628 3358 3862 3421 missio

589 3452 835 3514 ratione
866 3451 1242 3524 efﬁcientia),
1275 3468 1420 3531 quas
1460 3451 1527 3514 ﬁt
1582 3452 1649 3514 in
1710 3460 2020 3533 tempore.
2046 3455 2197 3516 Haec
2250 3455 2609 3535 theologica
2678 3462 2741 3518 et
2808 3454 3183 3520 Christiana.
3222 3455 3524 3536 dogmata
3572 3453 3861 3518 uberius

587 3544 751 3616 infra
805 3554 1244 3625 exponentur.

667 3664 1179 3745 [XL1(2.)ldem
1231 3683 1315 3726 ea:
1345 3665 1604 3729 silentio
1633 3667 2122 3747 Scripturarum
2144 3668 2432 3748 petitum,
2476 3675 2660 3747 urget
2689 3674 3147 3748 argumentum
3207 3664 3734 3745 TheOphylactus
3776 3664 3857 3730 in

583 3761 1048 3825 commentario
1078 3762 1155 3823 ad
1184 3762 1450 3823 Joannis
1481 3772 1672 3842 caput
1699 3782 1797 3839 ιιι,
1831 3773 1894 3826 et
1923 3770 2200 3827 alterum
2234 3766 2423 3828 etiam
2453 3766 2669 3827 addit:
2701 3787 2733 3822 α
2761 3782 2908 3828 esse
2938 3782 3009 3827 ex
3059 3764 3251 3838 Filio,
3286 3762 3626 3845 inquiens,
3663 3762 3860 3827 nulla

588 3856 909 3940 Scriptura
966 3863 1237 3920 testatur
1270 3879 1289 3919 :
1321 3875 1401 3920 ne
1435 3858 1565 3921 duo
1602 3858 1909 3938 principia
1948 3861 2227 3938 Spiritus
2268 3862 2777 3935 introducamus,
2814 3865 3063 3923 Patrem
3100 3871 3164 3924 et
3200 3860 3463 3924 Filium.
3496 3882 3530 3921 ι
3566 3862 3656 3923 De
3681 3860 3865 3924 Scri-

586 3967 923 4033 pturarum
964 3954 1378 4036 silentioiam
1417 3956 1598 4016 satis.
1625 3954 1718 4017 Ne
1759 3954 1884 4016 duo
1938 3958 2271 4037 principia
2328 3959 2617 4039 Spiritus
2672 3958 3177 4028 introducamus,
3235 3957 3483 4039 inquis.
3538 3956 3863 4037 Trepidas

581 4067 843 4129 nempe,
870 4050 979 4111 ubi
1008 4050 1230 4113 nullus
1267 4052 1555 4123 timoris
1584 4052 1730 4130 quia
1778 4060 2089 4131 quantum
2128 4054 2204 4115 ad
2234 4053 2376 4125 hoc,
2430 4052 2607 4131 quod
2641 4059 2737 4113 est
2785 4068 2929 4113 esse
2962 4051 3356 4130 principium
3390 4050 3673 4130 Spiritus
3702 4065 3858 4114 sane

582 4146 664 4209 cti
694 4148 786 4225 (ut
810 4146 1016 4208 aiebat
1050 4147 1361 4226 Aquinas,
1394 4146 1865 4229 scripturarum
1896 4150 2270 4213 auctoritate
2304 4155 2367 4211 et
2408 4151 2661 4210 Patrum
2699 4147 3104 4209 documentis
3140 4148 3460 4227 edoctus),
3491 4163 3617 4207 non
3643 4161 3865 4225 oppo-

583 4252 827 4304 nuntur
857 4244 1037 4302 Pater
1060 4251 1123 4304 et
1146 4243 1351 4306 Filius
1381 4244 1533 4307 :sed
1565 4253 1881 4323 quantum
1903 4246 1982 4307 ad
2002 4246 2146 4315 hoc.
2179 4247 2353 4323 quod
2386 4245 2490 4308 hic
2520 4256 2616 4307 est
2643 4248 2852 4320 Pater,
2878 4251 2941 4308 et
2975 4234 3088 4307 ille
3113 4244 3396 4319 Filius»
3430 4243 3607 4307 unde
3640 4243 3851 4322 priori

580 4339 644 4400 in
686 4338 937 4402 ratione
984 4355 1187 4401 unum
1242 4349 1397 4402 sunt
1435 4356 1507 4402 ac
1551 4340 1750 4415 idem,
1778 4342 1912 4404 duo
1973 4354 2311 4421 supposna
2354 4350 2415 4404 et
2451 4358 2651 4403 unum
2716 4340 3136 4419 principium.
3170 4342 3265 4402 Ad
3303 4357 3437 4402 rem
3475 4338 3624 4402 facit
3651 4340 3854 4403 Becci

580 4435 1057 4499 animadversio
1088 4436 1162 4497 ad
1193 4434 1372 4498 illum
1408 4437 1615 4515 ipsius
1645 4437 2106 4523 Theophylacti
2139 4440 2348 4501 locum
2420 4438 2482 4500 in
2528 4446 2718 4516 caput
2772 4455 2855 4499 xv
2880 4437 3171 4510 Joannis,
3232 4437 3342 4498 ubi
3390 4434 3857 4514 Bulgarimar-

579 4530 1034 4609 chiepiscopus
1064 4530 1281 4592 docet:
1317 4532 1570 4592 Patrem
1592 4534 1841 4595 mittere
1864 4536 2181 4613 Spiritum
2210 4543 2520 4607 sanctum,
2553 4542 2610 4593 et
2652 4534 2817 4594 hunc
2846 4534 3035 4595 etiam
3068 4552 3108 4592 a
3138 4532 3308 4595 Filio
3338 4534 3535 4606 mitti,
3560 4540 3847 4611 propter

579 4621 773 4683 istius
824 4620 1239 4699 aequalitatem
1272 4639 1419 4699 ergo
1471 4622 1753 4686 Patrem.
1808 4624 2023 4685 «Siet:
2046 4626 2237 4686 Patre
2263 4637 2320 4689 et
2352 4629 2523 4690 Filio
2573 4629 2861 4689 mittitur
2917 4628 3192 4706 Spiritus
3245 4634 3505 4690 sanctus
3560 4627 3858 4706 (reponit

582 4715 871 4797 Beccus).
889 4725 1159 4800 propter
1180 4718 1595 4796 cquatitatem
1614 4720 1775 4781 Fitii
1802 4737 1950 4807 ergo
1964 4720 2218 4783 Patrem
2232 4744 2254 4793 ;
2286 4741 2416 4787 non
2442 4726 2533 4787 uti
2558 4744 2638 4787 eo:
2668 4724 2911 4799 duobus
2928 4724 3218 4796 mittitur,
3235 4741 3360 4804 qua
3391 4723 3566 4786 enim
3588 4723 3850 4788 ratione

581 4818 751 4875 esset
778 4829 945 4903 unus
964 4824 1023 4873 et
1036 4811 1365 4884 indiuisus,
1384 4814 1439 4875 si
1473 4830 1598 4877 non
1633 4816 1831 4878 veluti
1858 4834 1938 4877 ea:
1965 4835 2095 4878 uno
2116 4837 2307 4881 causa
2335 4820 2807 4897 missionis,sed
2846 4819 3045 4882 veluti
3076 4839 3158 4881 ea:
3187 4819 3429 4882 duabus
3460 4820 3668 4881 causis
3692 4822 3862 4883 mis-

581 4909 809 4981 sionis,
841 4907 1043 4969 Patris
1074 4916 1137 4969 et
1170 4909 1343 4982 Filii,
1378 4908 1789 4972 mitteretur?
1852 4914 1990 4975 Pari
2021 4930 2288 4994 quoque
2339 4917 2613 4993 ratione,
2674 4915 3051 4979 naturaliter
3082 4926 3146 4979 et
3182 4916 3620 4979 essentialiter
3651 4918 3841 4979 exsi-

579 5015 749 5066 stens
773 5024 854 5161 eis:
896 5006 1087 5065 Patre
1120 5014 1176 5065 et
1198 5007 1389 5079 Filio,
1427 5023 1553 5069 non
1581 5008 1671 5069 uti
1699 5028 1781 5069 eo:
1826 5009 2094 5085 duobus,
2152 5013 2266 5074 sed
2302 5016 2392 5076 uti
2427 5035 2509 5077 es:
2540 5034 2665 5076 uno
2709 5014 2869 5087 Deo,
2908 5014 3282 5077 naturaliter
3310 5021 3373 5076 et
3403 5010 3853 5078 essentialiter

584 5101 783 5161 exsist
816 5108 858 5160 t.
896 5124 925 5155 ι

584 5101 858 5163 exsistit.
896 5124 925 5155 ι

663 5213 919 5291 (3.)Sed
943 5216 1255 5293 scriptum
1284 5225 1375 5277 est
1400 5216 1616 5297 (verba
1660 5229 1809 5281 sunt
1845 5222 1908 5282 in
1946 5224 2216 5301 epistola
2252 5225 2327 5285 al
2370 5227 2701 5289 Nicolaum
2756 5221 3145 5298 diaconum)
3180 5245 3197 5286 :
3230 5224 3521 5303 Spiritus
3572 5222 3735 5285 Filii
3785 5236 3858 5287 et

580 5314 863 5393 Spiritus
910 5311 1172 5374 Christi.
1207 5312 1293 5373 Et
1348 5334 1458 5393 ego
1508 5315 1805 5379 concedo.
1890 5318 2411 5397 Quandoquidem
2457 5332 2514 5385 et
2547 5325 2834 5402 Spiritus
2875 5322 3192 5392 veritatis,
3232 5329 3290 5381 et
3344 5320 3635 5399 Spiritus
3696 5322 3858 5387 vita

586 5421 700 5470 est.
739 5407 1005 5475 Addam,
1042 5419 1099 5466 et
1136 5410 1483 5487 sapientiae,
1520 5422 1576 5473 et
1603 5414 2033 5491 fortitudinis.
2080 5418 2159 5478 At
2188 5436 2339 5487 non,
2406 5420 2577 5498 quod
2620 5420 2824 5483 veluti
2867 5439 2948 5483 ea:
3015 5438 3084 5479 eo
3128 5420 3448 5497 provenit,
3501 5425 3561 5492 ἐξ
3620 5428 3855 5485 ἐκεῖνον.»

585 5516 814 5586 πρεπυν,
859 5504 969 5566 sed
996 5503 1163 5585 quod
1180 5510 1495 5587 proprius
1533 5512 1711 5573 illius
1754 5524 1844 5573 est
1885 5514 2213 5593 (cognatus
2240 5517 2404 5576 enim
2462 5526 2576 5589 est,
2605 5536 2735 5578 non
2756 5517 3149 5588 extraneus},
3192 5517 3263 5576 in
3297 5534 3363 5575 eo
3421 5516 3851 5595 conquiescit,

586 5611 674 5667 Ac
697 5607 883 5665 etiam
915 5606 1064 5683 quia
1115 5605 1191 5665 ab
1224 5606 1362 5685 ipso
1388 5607 1471 5669 ad
1504 5629 1603 5669 eos
1644 5612 1753 5689 qui
1782 5610 1962 5690 digni
1989 5624 2158 5685 sunt,
2192 5613 2495 5685 mittitur,
2524 5614 2730 5692 eisque
2757 5613 3184 5675 distribuitur
3216 5623 3272 5673 et
3302 5611 3496 5673 datur

672 5727 701 5759 ι
734 5702 885 5763 Mihi
914 5701 1184 5775 videtur,
1224 5705 1313 5765 ait
1341 5706 1603 5778 Reccus‘,
1632 5707 1696 5767 in
1738 5725 1876 5771 eam
1908 5711 2293 5772 sententiam
2352 5710 2678 5789 accepisse
2738 5710 3290 5789 Theophylaclum
3335 5710 3495 5771 illud
3544 5718 3641 5788 οὐχ
3668 5718 3747 5780 ὡς
3780 5720 3851 5788 te

584 5810 797 5865 ικείνου
830 5807 1055 5873 προῖὼν,
1112 5820 1241 5863 non
1289 5801 1486 5865 veluti
1544 5823 1623 5865 ea:
1650 5823 1718 5864 eo
1779 5810 2150 5872 proveniant

2278 5824 2318 5869 .c
2386 5806 2442 5871 si
2494 5807 2793 5880 dixisset,
2824 5818 2924 5883 οὐχ
2962 5820 3044 5880 ὡς
3086 5816 3146 5883 ἐξ
3199 5817 3411 5872 ὲκεῖνου
3464 5814 3844 5888 ἔκπορευόμι-
