3966 6400
615 410 687 475 ss
756 477 759 481 ,
1047 391 1050 394 ’
1467 418 1690 480 BERN.
1735 419 2000 480 manus
2041 421 2137 482 DE
2171 422 2456 485 RUBEIS
2489 421 2995 484 DISSERTATIO
3806 415 3876 480 ss

613 526 808 592 ritum
850 525 1030 600 Filii,
1073 536 1127 589 et
1157 530 1444 590 veritatis
1480 538 1537 589 et
1565 531 1730 591 vita.
1782 531 2024 592 Addam
2074 542 2130 592 et
2160 535 2485 609 sapientia
2514 544 2572 596 et
2604 533 3038 614 fortitudinis.
3087 529 3257 606 Quid
3307 528 3458 590 inde
3522 525 3876 590 exlundat?

616 619 1069 699 C‘olligen'dum
1108 640 1345 702 nempe
1401 632 1649 692 censet,
1680 627 1779 703 agi
1844 629 1928 687 de~
1979 628 2467 690 charismatibus
2517 631 2706 703 dalis,
2755 629 2960 691 veluti
3013 626 3377 707 sapientia,
3437 623 3871 698 fortitudinis,

616 714 866 777 timoris
936 718 1219 788 Domini,
1284 718 1586 796 aliisque.
1659 722 1843 782 Plura
1905 732 2054 784 sunt
2112 723 2704 797 animadvertenda,
2764 741 2909 802 quas
2959 721 3296 801 ignorabat
3330 719 3466 788 ille,
3520 725 3630 779 aut
3662 719 3875 792 simu-

619 809 803 872 labat.
865 814 967 874 Ac'
1010 813 1281 887 primum
1326 815 1610 876 Joannes
1661 816 2181 896 Chrysostnmus,
2232 819 2328 880 vel
2365 829 2586 882 auctor
2644 819 2916 880 homilia
2955 818 3029 877 de
3058 815 3315 895 Spiritu
3368 822 3586 874 sancto
3624 830 3806 874 num.
3839 815 3874 873 Is

618 906 876 968 nomina
913 906 1226 986 ejusdem
1287 911 1576 986 Spiritus
1618 912 2048 974 discernenda
2098 917 2179 976 (l0

2338 938 2353 977 :
2415 926 2476 978 et
2528 934 2671 980 esse
2703 916 2968 996 quidem
3004 913 3251 983 ὀνόματα
3302 915 3402 983 τῆς
3445 909 3872 981 ἀφράστυυφύ-

615 1017 778 1064 σεως.
827 1006 1083 1065 nomina
1125 1005 1470 1085 ineﬂ'abitis
1526 1017 1792 1077 natura,
1851 1009 2165 1085 Spiritum
2220 1013 2359 1084 Dei,
2416 1015 2734 1091 Spiritum
2783 1014 3058 1086 Domini,
3092 1012 3408 1090 Spiritum
3454 1007 3694 1078 Patris,
3725 1007 3876 1085 Spi-

611 1099 812 1160 ritum
844 1100 1027 1171 Fitii,
1084 1104 1397 1180 Spiritum
1426 1103 1694 1176 Christi,
1720 1105 2036 1181 Spiritum
2098 1109 2261 1181 vita,
2298 1109 2613 1187 Spiritum
2643 1111 2937 1171 veritatis
2971 1129 2991 1170 :
3025 1126 3171 1170 esse
3213 1121 3368 1168 vero
3416 1117 3626 1166 creata
3677 1102 3874 1173 dona,

610 1194 910 1271 spiritum
937 1197 1228 1272 virtutis,
1261 1201 1562 1277 spiritum
1594 1201 1954 1274 charitatis,
1984 1203 2286 1279 spiritum
2334 1206 2782 1282 temperantia,
2817 1206 3120 1283 spiritum
3150 1200 3623 1280 promissionis,
3672 1198 3878 1274 spiri-

612 1299 743 1350 tum
771 1290 1201 1368 revelationis,
1227 1297 1527 1373 spiritum
1541 1294 1909 1374 adoptionis
1932 1299 2231 1375 ﬁliorum.
2269 1301 2396 1361 Cur
2417 1316 2571 1378 ergo
2594 1299 2723 1361 hac
2750 1301 3014 1361 nomina
3051 1299 3275 1360 miscet
3314 1293 3877 1374 Theophylactus?

613 1386 740 1446 Cur
771 1385 838 1447 in
869 1388 1219 1466 Scripturi‘s
1243 1391 1758 1469 exprimentibus
1787 1392 2098 1470 Spiritum
2130 1395 2311 1464 Filii,
2331 1398 2644 1475 Spiritum
2671 1396 2835 1465 vita,
2858 1395 3172 1476 Spiritum
3201 1394 3518 1467 veritatis,
3547 1389 3875 1469 intelligat

610 1479 780 1542 dona
812 1491 1017 1544 creata
1042 1485 1070 1543 ?

690 1578 852 1639 Sane
912 1595 1058 1640 cum
1116 1580 1354 1662 dicitur
1397 1583 1684 1660 Spiritus
1751 1584 1934 1656 Filii,
1997 1593 2105 1645 aut
2158 1587 2447 1663 Spiritus
2497 1589 2740 1649 Christi
2827 1598 2883 1647 et
2935 1588 3208 1660 Domini,
3268 1602 3402 1649 non
3468 1583 3599 1645 alia
3650 1581 3874 1643 locum

613 1670 800 1733 habet
860 1675 1290 1753 intelligentia
1347 1687 1540 1751 recta,
1591 1680 1721 1741 nisi
1766 1697 1912 1759 qua
1969 1680 2280 1760 Spiritum
2343 1690 2666 1762 comparat
2722 1684 2797 1745 ad
2862 1682 3134 1754 Filium,
3191 1682 3372 1746 velut
3426 1680 3572 1760 ejus
3623 1675 3876 1767 princi-

613 1767 818 1844 pium.
855 1770 983 1832 Sed
1020 1772 1211 1834 etiam
1246 1791 1392 1835 cum
1435 1775 1600 1838 dicis
1649 1776 1958 1854 Spiritum
2000 1777 2350 1855 sapientia,
2409 1786 2472 1839 et
2520 1781 2838 1858 Spiritum
2893 1780 3326 1860 fortitudinis,
3363 1777 3558 1842 obvio
3599 1771 3873 1854 aptissi-

615 1877 851 1941 moque
904 1881 1103 1928 sensu
1153 1868 1471 1946 Spiritum
1524 1880 1807 1931 sanctum
1874 1871 2207 1950 exprimis,
2273 1872 2471 1933 veluti
2525 1875 2796 1945 causam,
2849 1891 2998 1953 qua
3041 1874 3450 1951 sapientiam,
3486 1878 3548 1933 et
3605 1867 3875 1940 fortitu-

614 1955 879 2030 dinem,
940 1977 1011 2023 ac
1070 1961 1314 2024 similia
1369 1963 1748 2028 charismata
1805 1967 1872 2028 in
1948 1967 2134 2029 nobis
2186 1967 2396 2030 efficit.
2484 1973 2770 2034 Prmterit
2836 1971 2976 2034 haec
3051 1971 3270 2032 omnia
3331 1967 3874 2046 archiepiscoPus

605 2049 956 2129 ‘Bulgarus.

696 2148 861 2210 Hinc
897 2167 1045 2212 vero
1115 2152 1444 2230 colligitur
1493 2156 1761 2217 nomina
1816 2156 1948 2229 illa,
2006 2158 2291 2237 Spiritus
2356 2162 2710 2239 sapientia,
2757 2162 3044 2240 Spiritus
3095 2156 3874 2246 fortitudinis,itemque

608 2243 994 2322 prudentia,
1030 2247 1311 2324 consilii,
1350 2251 1650 2325 scientia,
1680 2254 1962 2331 pietatis,
1999 2254 2244 2315 timoris
2276 2254 2554 2329 Domini,
2591 2273 2723 2319 non
2781 2257 2993 2320 solum
3029 2257 3412 2320 charismata
3447 2243 3632 2315 nobis
3687 2269 3872 2316 com-

617 2341 940 2404 municata
979 2343 1370 2423 significare,
1405 2353 1478 2409 ut
1513 2347 1973 2411 innuitauctor
2006 2349 2294 2412 homilia
2325 2354 2555 2426 citata,
2596 2371 2817 2415 verum
2853 2355 3044 2415 etiam
3081 2353 3360 2431 Spiritus
3391 2351 3600 2411 sancti
3642 2350 3871 2428 perio-

613 2450 758 2494 num
789 2457 809 2496 :
844 2455 1059 2516 neque
1106 2439 1272 2502 hanc
1302 2443 1744 2516 solummodo,
1781 2445 1980 2505 veluti
2013 2464 2262 2506 causam
2295 2449 2624 2521 donorum,
2656 2457 2726 2513 ut
2764 2450 3138 2512 dicebamus
3183 2471 3196 2508 :
3256 2448 3365 2510 sed
3398 2446 3618 2517 etiam,
3665 2444 3874 2505 veluti

615 2546 762 2608 qua
790 2532 1085 2611 ipsorum
1119 2536 1574 2600 charismatum
1615 2540 1863 2602 ratione
1889 2539 2159 2603 efﬁcitur
2190 2543 2256 2604 in
2303 2545 2491 2607 nobis
2521 2564 2680 2606 novo
2738 2547 2919 2608 modo
2952 2562 3259 2625 prasens,
3291 2560 3362 2606 ac
3396 2541 3587 2603 etiam
3621 2540 3876 2601 inhabi-

615 2636 758 2688 tans
797 2640 1091 2709 tanquam
1119 2633 1187 2694 in
1230 2632 1479 2709 templo,
1515 2652 1656 2717 cum
1691 2635 1941 2696 scilicet
1970 2637 2163 2699 donat
2197 2639 2566 2701 charitatem
2604 2639 3132 2701 sanctificantem.
3190 2638 3368 2698 Hanc
3403 2651 3522 2697 nos
3559 2650 3875 2694 vocamus

610 2724 971 2785 missionem
1004 2726 1282 2801 Spiritus
1316 2729 1520 2791 sancti
1550 2732 1816 2809 proprie
1852 2731 2106 2806 dictam,
2139 2751 2284 2813 qua
2342 2743 2477 2797 tum
2514 2735 2997 2814 processionem
3034 2734 3177 2812 ejus
3207 2733 3412 2795 etiam
3448 2748 3480 2791 a
3515 2729 3684 2820 Filio
3715 2745 3877 2789 con-

611 2820 940 2898 sequitur,
995 2829 1128 2883 tum
1190 2824 1654 2904 Theophylacti
1713 2835 1771 2888 et
1827 2830 2197 2892 Graecorum
2252 2842 2685 2894 commentum
2725 2831 2992 2892 omnino
3030 2829 3234 2891 elidit.
3271 2830 3411 2902 Qua
3445 2828 3522 2889 de
3555 2842 3621 2887 re
3654 2824 3877 2887 adhuc

611 2913 908 2976 inferius.

695 3008 808 3091 (7.)
841 3012 1094 3075 Addere
1127 3015 1311 3076 aliam
1335 3016 1529 3078 etiam
1563 3017 1745 3078 liceat
1776 3019 2146 3082 Gracorum
2179 3023 2800 3102 interpretationem,
2830 3023 3061 3099 utique
3085 3022 3394 3099 ineptam.
3419 3019 3632 3095 [XLII]
3663 3015 3875 3080 Aﬂ‘ert

613 3121 751 3168 eam
785 3107 1073 3185 Aquinas
1110 3108 1253 3171 loco
1283 3111 1473 3172 citato
1516 3135 1530 3172 :
1569 3134 1597 3169 α
1633 3114 1848 3175 Potest
1880 3115 2118 3195 aliquis
2152 3117 2392 3188 dicere,
2435 3119 2604 3194 quod
2639 3117 2720 3178 sit
2751 3117 3040 3195 Spiritus
3075 3115 3355 3175 Christi:
3417 3113 3598 3191 quasi
3645 3113 3711 3173 in
3747 3113 3877 3173 ho-

613 3202 776 3264 mine
806 3202 1060 3266 Christo
1103 3206 1391 3284 plenarie
1460 3209 1846 3287 inhabitans,
1892 3213 2234 3274 secundum
2285 3211 2448 3274 illud
2486 3212 2669 3272 Luca
2696 3229 2758 3272 Iv
2794 3233 2806 3270 :
2838 3213 3026 3272 Jesus
3051 3209 3277 3289 plenus
3332 3208 3585 3287 Spiritu
3618 3218 3874 3280 sancto,

611 3316 938 3377 regressus
979 3310 1070 3361 est
1097 3320 1135 3361 a
1167 3302 1448 3365 Iordane
1473 3325 1492 3364 :
1523 3304 1599 3387 de
1627 3308 1807 3387 cujus
1830 3307 2234 3386 plenitudine
2268 3327 2382 3369 nos
2429 3327 2636 3370 omnes
2685 3309 3065 3387 accepimus,
3102 3314 3171 3366 ut
3214 3305 3454 3366 dicitur
3505 3305 3781 3366 Joannis
3825 3322 3874 3369 ι.

613 3397 762 3459 Hac
790 3406 1002 3460 autem
1034 3402 1369 3478 responsio
1403 3403 1718 3466 sustineri
1767 3423 1897 3467 non
1924 3412 2173 3485 potest;
2217 3415 2284 3468 ut
2313 3406 2558 3467 scilicet
2588 3407 2701 3466 hac
2730 3415 2974 3464 tantum
3003 3404 3253 3463 ratione
3289 3401 3570 3480 Spiritus
3602 3409 3879 3462 sanctus

612 3491 866 3554 dicatur
908 3494 1194 3573 Spiritus
1235 3495 1502 3560 Christi.
1539 3500 1881 3562 Invenitur
1939 3501 2111 3564 enim
2170 3518 2205 3562 a
2249 3500 2623 3562 doctoribus
2677 3501 3043 3561 Graecorum
3080 3499 3320 3560 dictum
3369 3496 3542 3576 quod
3577 3497 3880 3574 Spiritus

613 3599 869 3650 sanctus
903 3599 997 3651 est
1025 3593 1342 3654 naturalis
1387 3596 1678 3672 Spiritus
1725 3598 1906 3659 Filii.
1962 3594 2347 3677 (Aliqua’ex
2412 3595 2762 3657 Athanasio
2837 3604 2896 3656 et
2931 3613 3011 3655 ex
3063 3592 3332 3672 Cyrillo,
3401 3591 3882 3654 Alexandrinis

613 3685 964 3764 episc0pis,
998 3687 1366 3752 testimonia
1404 3693 1712 3768 superius
1749 3695 2165 3768 adduximus,
2214 3710 2286 3755 ac
2343 3690 2520 3769 plura
2556 3709 2702 3770 quae
2753 3691 2933 3770 paria
2966 3697 3141 3762 sunt,
3205 3690 3266 3748 in
3329 3695 3603 3766 utroque
3651 3703 3888 3749 occur-

615 3780 816 3864 runt.)
852 3784 1132 3863 Spiritus
1166 3793 1380 3849 autem
1411 3807 1540 3849 non
1584 3800 1674 3851 est
1722 3790 2039 3853 naturalis
2096 3786 2632 3853 Fitiosecundum
2671 3789 3142 3858 humanitatem,
3183 3785 3336 3865 quia
3398 3802 3524 3846 non
3588 3785 3886 3862 pertinet

612 3881 687 3940 ad
725 3889 1013 3943 naturam
1048 3881 1468 3946 humanitatis
1506 3903 1519 3945 :
1555 3887 1666 3947 sed
1699 3889 1900 3964 gratis
1939 3907 1978 3947 a
2002 3888 2128 3948 Deo
2162 3888 2232 3948 in
2256 3893 2492 3946 natura
2523 3886 2790 3946 humana
2825 3882 3201 3964 effunditur.
3265 3883 3404 3944 Non
3436 3896 3595 3959 ergo
3658 3890 3886 3960 potest

614 3983 879 4054 propter
901 3975 1023 4037 hoc
1056 3977 1183 4040 dici
1221 3980 1507 4059 Spiritus
1543 3981 1726 4057 Filii,
1765 3983 1922 4062 quia
1984 3983 2304 4046 Christum
2358 3983 2754 4045 excellenter
2817 3981 3092 4062 replevit
3159 3981 3520 4042 secundum
3560 3979 3884 4042 humani-

618 4078 829 4130 tatem.
859 4093 887 4128 η

697 4164 861 4226 Illud
896 4167 1086 4229 etiam
1120 4169 1506 4249 diligentius
1537 4165 2183 4240 animadvertendum
2216 4187 2335 4251 est,
2358 4179 2443 4240 ita
2479 4177 2785 4254 Spiritum
2818 4186 3109 4237 sanctum
3146 4172 3502 4254 replevisse
3536 4173 3886 4237 hominem

618 4261 978 4336 Christum,
1014 4270 1238 4327 utnon
1273 4265 1488 4328 solum
1521 4268 1901 4332 charismata
1932 4272 1999 4332 in
2037 4272 2254 4352 ipsum
2280 4275 2484 4336 eff-usa
2518 4274 2913 4335 considerari
2950 4274 3226 4334 debeant
3251 4260 3269 4333 ἐ
3328 4274 3438 4332 sed
3497 4272 3640 4351 ipsa
3673 4272 3885 4335 etiam

619 4357 898 4435 Spiritus
919 4362 1118 4423 sancti
1161 4380 1459 4440 persona,
1491 4383 1638 4444 qua
1682 4367 1758 4428 ad
1787 4368 2141 4443 Christum,
2176 4379 2246 4432 ut
2294 4372 2485 4432 homo
2518 4379 2637 4441 est,
2672 4371 2913 4432 dicitur
2945 4372 3159 4442 missa,
3200 4368 3596 4444 praecipuum
3657 4376 3891 4433 teneat

619 4453 856 4516 locum.
887 4456 1070 4520 Unde
1113 4457 1348 4521 frustra
1376 4460 1504 4539 jam
1540 4464 1738 4526 Graeci
1774 4475 1946 4538 sunt,
1984 4468 2098 4545 qui
2131 4469 2194 4528 in
2251 4469 2546 4528 missione
2601 4467 2888 4544 Spiritus
2939 4467 3144 4527 sancti
3200 4466 3361 4526 nihil
3427 4481 3570 4526 esse
3629 4465 3888 4529 deinde

621 4551 1034 4626 arbitrantur,
1069 4555 1196 4616 nisi
1224 4556 1378 4616 doni
1416 4561 1609 4619 creati
1675 4560 2107 4623 efﬁcientiam.
2165 4564 2447 4640 Intelligi
2505 4563 2695 4622 etiam
2747 4561 2938 4622 debet
2980 4577 3258 4639 persona
3318 4560 3532 4636 ipsius
3588 4559 3888 4638 Spiritus

621 4647 818 4707 sancti
858 4671 871 4706 :
909 4655 976 4708 ut
1009 4649 1141 4710 hac
1179 4667 1307 4710 non
1340 4653 1468 4714 alio
1501 4653 1789 4733 denique
1816 4658 2006 4718 modo
2036 4659 2207 4718 mitti
2238 4658 2514 4727 dicatur,
2557 4658 2679 4717 nisi
2721 4675 2827 4732 per
2859 4664 3157 4716 alet-nam
3191 4657 3693 4730 processionem,
3729 4673 3894 4736 quas

622 4741 1031 4805 efficientiam
1077 4746 1396 4809 donorum
1434 4748 1621 4812 habet
1653 4751 1716 4811 in
1753 4763 2061 4830 tempore.
2089 4753 2514 4814 Christianam
2543 4771 2614 4815 ac
2652 4752 3076 4830 theologicam
3111 4740 3469 4812 doctrinam
3497 4749 3626 4829 jam
3675 4768 3894 4831 expo-

624 4857 774 4900 nere
807 4859 876 4902 ac
909 4842 1239 4904 vindicare
1271 4861 1494 4923 pergo.

700 4954 804 5029 (8.)
839 4955 1263 5038 Existimatis,
1297 4959 1632 5036 procedere
1671 4963 1934 5039 perinde
1968 4983 2095 5023 esse
2126 4984 2198 5024 ac
2231 4966 2684 5025 communicari
2710 4973 2766 5024 et
2799 4964 3028 5024 donari
3062 4961 3274 5040 (verba
3293 4973 3443 5024 sunt
3483 4962 3546 5023 in
3597 4961 3887 5038 epistola

619 5050 691 5108 ad
732 5049 1058 5110 Nicolaum
1093 5052 1480 5134 diaconum).
1534 5056 1622 5116 Et.
1682 5061 1975 5135 quoniam
2018 5063 2369 5138 reperitur,
2419 5063 2707 5139 Spiritus
2776 5081 2812 5120 a
2857 5063 3027 5120 Filio
3083 5061 3251 5120 mitti
3285 5082 3303 5128 ;
3334 5077 3441 5118 vos
3499 5076 3710 5119 errare
3743 5078 3894 5124 non

622 5147 862 5222 putatis
889 5146 1172 5220 dicendo,
1214 5167 1348 5207 eum
1383 5161 1438 5211 et
1477 5171 1511 5208 a
1548 5154 1716 5213 Filio
1747 5158 2114 5231 procedere.
2157 5158 2379 5218 Verum
2407 5177 2534 5217 non
2566 5162 2658 5219 ita
2699 5179 2760 5218 se
2815 5178 2913 5217 res
2946 5158 3147 5219 habet.
3184 5159 3343 5220 Nam
3372 5157 3712 5234 procedere
3760 5160 3883 5220 de-

627 5240 822 5299 rlarat
855 5242 1097 5304 modum
1131 5265 1250 5323 quo
1300 5248 1589 5326 Spiritus
1627 5267 1751 5310 esse
1775 5252 2060 5314 habet....
2113 5274 2183 5314 ac
2212 5256 2380 5316 mitti
2435 5257 2752 5334 signiﬁcat
2788 5254 3207 5315 abundantem
3236 5254 3549 5314 donorum
3581 5253 3890 5331 largitio-

621 5356 778 5409 nem,
813 5357 918 5395 seu
955 5339 1317 5416 effusionem
1379 5344 1732 5414 bonitatis;
1791 5367 1923 5427 qua
1981 5370 2017 5407 (ι
2049 5351 2238 5411 Patre
2276 5351 2527 5430 quidem
2564 5362 2676 5423 est,
2710 5352 2818 5412 sed
2847 5371 2883 5410 (ι
2919 5353 3081 5412 Filio
3124 5352 3192 5412 in
3225 5368 3323 5410 eos
3353 5353 3461 5430 qui
3494 5351 3673 5427 digni
3715 5365 3888 5417 sunt

622 5433 997 5511 effunditur,
1023 5437 1242 5514 quibus
1277 5449 1332 5499 et
1360 5458 1475 5518 per
1519 5442 1758 5502 Filium
1787 5447 2225 5522 manifestatus
2285 5447 2550 5510 dicitur.
2606 5451 2695 5510 lta
2734 5449 3282 5527 Tl'ie0phylactus,
3338 5448 3450 5525 qui
3495 5447 3888 5511 Latinorum

623 5531 977 5591 doctrinam
1014 5537 1228 5612 inepte
1256 5539 1543 5612 exponit.
1580 5541 1720 5600 Non
1760 5543 1935 5602 enim
1999 5544 2445 5607 existimamus
2505 5564 2652 5615 nos,
2686 5547 3024 5624 procedere
3074 5545 3339 5625 perinde
3391 5565 3540 5616 esse,
3609 5549 3889 5624 proprie,

619 5636 688 5688 ut
715 5643 819 5702 [lar
845 5635 938 5687 cst
970 5627 1022 5687 si
1060 5630 1232 5706 loqui
1273 5631 1574 5700 velimus.
1602 5654 1672 5693 ac
1707 5636 1958 5706 dona-ri,
1986 5645 2690 5717 communicari,mitti:
2716 5645 2967 5705 tametsi
3002 5645 3289 5705 divinam
3322 5659 3662 5721 personam
3702 5644 3886 5706 mitti

622 5728 904 5798 nequeat
938 5722 1216 5802 intelligi
1244 5727 1386 5788 sine
1415 5737 1651 5790 aeterna
1687 5735 2125 5808 proccssione.

701 5819 839 5877 Duo
880 5818 1104 5881 darent
1137 5823 1362 5898 Latini,
1401 5826 1461 5887 in
1501 5828 1852 5889 missionem
1893 5837 2157 5909 proprie
2197 5836 2423 5899 dictam
2475 5851 2858 5898 concurrere
2899 5857 2913 5894 :
2948 5835 3242 5907 alterum,
3283 5837 3453 5912 quod
3518 5841 3611 5898 cst
3643 5837 3892 5914 sempi-
