3966 6430
22 98 35 481 l

24 420 126 501 las
974 440 1077 505 an
1109 438 1695 506 THEOPHYLACTI
1728 436 2008 502 GESTIS
2045 433 2143 497 ET
2185 431 2553 496 SCRIPTIS.
3357 420 3430 487 90

72 553 617 636 mproceuio
646 572 1001 638 personae,
1038 576 1183 638 qua:
1214 556 1538 625 mittitur;
1587 562 1647 616 et
1699 554 1998 624 alterum,
2064 549 2239 630 quod
2277 556 2373 611 est
2433 555 2703 610 externa
2778 543 2997 622 aliqua
3057 538 3426 638 efﬁcientia,

73 653 189 718 sive
222 649 483 717 incidat
521 636 674 719 sub
713 673 1003 731 sensus,
1037 636 1107 719 ut
1146 672 1289 717 cum
1329 655 1611 715 Verbum
1647 650 2042 714 humanitate
2097 655 2399 723 suscepta
2463 644 2766 725 apparuit
2818 639 3225 711 hominibus,
3286 636 3427 700 sive

76 746 328 815 interius
362 748 458 812 sit
493 758 567 812 et
612 769 765 814 non
799 750 1200 831 aspectabile
1232 750 1405 830 quod
1442 748 1680 828 agitur,
1717 756 1784 807 ut
1819 764 1966 809 cum
2019 745 2300 823 Spiritus
2332 750 2596 804 sanctus
2647 741 2722 802 ad
2751 738 3045 802 ﬁdelium
3113 735 3255 797 sive
3310 734 3424 814 jn-

79 855 298 910 starum
336 863 720 927 quemque
766 849 1073 911 mittitur,
1119 848 1280 907 Hinc
1312 846 1524 915 Pater,
1560 843 1675 923 qui
1740 859 1868 904 non
1922 841 2110 903 habet
2167 858 2199 901 a
2236 856 2384 919 quo.
2427 838 2751 915 procedat,
2807 848 3133 910 nusquam
3190 831 3430 927 missus

84 943 329 1020 dicitur;
359 925 442 1006 ac
477 925 693 1007 missi
728 946 1053 1007 dicuntur
1078 942 1284 1005 Filius
1318 952 1371 1003 et
1401 942 1691 1019 Spiritus
1724 948 2007 1011 sanctus,
2066 938 2223 1016 quia
2287 935 2670 1012 procedunt.
2709 934 2994 994 Rursum
3023 928 3269 1000 missio,
3320 925 3433 987 do-

22 1108 23 1113 η
93 1040 267 1103 satio.
302 1043 851 1103 communicatio
891 1040 1337 1103 auctoritatem
1370 1055 1441 1099 ac
1473 1042 1849 1115 potestatem
1879 1032 2259 1112 exprimunt
2290 1030 2356 1091 in
2391 1031 2699 1103 mittente,
2741 1035 2797 1089 ct
2829 1026 3132 1097 donante,
3174 1032 3231 1083 et
3267 1040 3433 1083 com-

101 1138 471 1200 micante.
502 1137 829 1217 Ecquam
869 1154 1024 1199 vero
1067 1143 1441 1214 potestatem
1503 1132 2032 1196 auctoritatemve
2087 1130 2284 1190 Pater
2348 1127 2534 1189 habet
2582 1125 2653 1186 in
2708 1122 2973 1195 Filium,
3028 1128 3090 1181 et
3146 1118 3343 1217 Pater
3377 1123 3432 1176 et

104 1234 288 1297 Filius
311 1234 388 1296 in
417 1215 781 1314 Spiritum
831 1243 1147 1306 sanctum,
1192 1232 1315 1293 nisi
1353 1232 1517 1293 hanc
1548 1248 1693 1308 quae
1734 1236 1830 1291 est
1855 1227 2185 1305 principii
2223 1222 2402 1287 notio
2435 1234 2498 1285 et
2538 1222 2813 1302 originis
2839 1222 2869 1281 ?
2902 1220 3127 1307 Itaque
3189 1215 3434 1278 Filium

105 1332 257 1394 mitti
286 1351 327 1392 a
348 1331 573 1392 Patre
609 1340 715 1394 est
747 1330 1190 1411 gigniFilinm
1217 1337 1511 1391 naturam
1542 1324 1828 1388 hominis
1849 1330 2368 1400 assumpturum,
2392 1327 2461 1381 et-
2485 1335 2608 1381 suo
2638 1327 2931 1395 tempore
2956 1321 3429 1411 assumentem,

22 1408 27 1508 ξ
106 1436 160 1491 et
195 1429 361 1490 mitti
394 1408 1074 1508 Spiritum—sanctum
1108 1431 1206 1486 est
1238 1423 1588 1501 procedere
1621 1422 1838 1500 ipsum
1891 1436 2039 1481 cum
2092 1417 2438 1480 efﬁcientia
2498 1413 2753 1478 externi
2815 1412 3062 1491 Operis,
3094 1408 3296 1490 quod
3354 1408 3426 1469 in

22 1504 29 1681 ᾗ
110 1532 380 1602 tempore
416 1504 778 1605 impletur.
804 1528 943 1587 Jam
969 1528 1215 1587 constat
1247 1522 1579 1601 quomodo
1602 1519 1998 1598 sempiterna
2036 1517 2368 1597 processio
2394 1517 2457 1577 in
2485 1514 2867 1577 missionem
2893 1508 3155 1599 proprie
3186 1507 3420 1571 dictam

107 1631 469 1681 concurrat.

107 1631 469 1683 concurrat.

22 1688 25 1721 ἰ

22 1116 37 1399 l

177 1724 253 1778 At
276 1717 650 1797 procedere
674 1716 966 1779 declarat
1008 1714 1298 1789 modum,
1365 1714 1620 1795 inquis,
1666 1730 1802 1795 quo
1854 1713 2146 1794 Spiritus
2205 1732 2330 1774 esse
2360 1711 2567 1775 habet.
2625 1711 2719 1771 lta
2766 1707 3044 1779 scilicet,
3078 1713 3149 1767 ut
3177 1717 3439 1797 procesf

107 1796 291 1876 sione,
314 1814 622 1893 Spiritus
658 1814 892 1876 habeat
927 1830 1097 1886 esse,
1147 1830 1265 1874 seu
1323 1811 1611 1874 divinam
1681 1801 1959 1890 accipiat,
2001 1811 2354 1873 essentiam
2393 1830 2408 1868 :
2453 1817 2519 1870 et
2574 1806 2645 1867 id
2693 1805 2887 1868 etiam
2921 1801 3223 1882 accipiat,
3258 1796 3436 1878 quod

102 1914 196 1991 est
256 1908 530 1971 efﬁcere
592 1919 863 1970 externa
948 1909 1409 1971 charismatum
1466 1924 1686 1987 Opera.
1760 1908 1839 1969 At
1907 1906 2102 1979 mitti,
2164 1906 2376 1977 addis,
2445 1901 2880 1965 abundantem
2927 1898 3257 1978 signiﬁcat
3312 1893 3433 1955 do-

108 2022 335 2065 norum
407 2005 850 2084 largitionem.
912 2007 1156 2083 Nempe
1204 2006 1539 2084 processio
1596 2005 1995 2082 'sempitema
2065 2003 2191 2065 sub
2251 2000 2523 2063 nomine
2583 2016 2656 2062 ac
2704 2005 3020 2077 respectu'
3082 1992 3435 2065 missionis,

107 2102 397 2180 quodam
453 2102 658 2163 modo
734 2099 1098 2180 completur
1154 2115 1418 2165 externa
1469 2100 1817 2164 efﬁcientia
1877 2101 2014 2162 sive
2066 2099 2309 2164 actuali
2359 2098 2687 2160 donorum
2729 2094 3086 2174 largitione
3157 2092 3229 2152 in
3274 2096 3436 2151 tem-

110 2216 283 2279 pore.

182 2297 375 2359 Hanc
424 2295 843 2358 efﬁcientiam
921 2301 1273 2365 externam,
1310 2295 1364 2356 si
1421 2310 1728 2374 per‘sese
1775 2304 2030 2375 sumpta
2095 2313 2166 2355 ac
2210 2294 2411 2357 veluti
2457 2292 2751 2373 sejuncta
2808 2306 2840 2352 a
2878 2302 3180 2368 pPI'SOtltB
3218 2282 3435 2345 missa)

109 2388 549 2472 praeessione
583 2392 1068 2466 consideretur,
1116 2391 1490 2470 Scriptum,
1552 2394 1791 2467 Patres,
1834 2392 2121 2471 tlteOIOgi
2183 2400 2409 2453 vocant
2462 2390 2826 2451 missionem
2884 2387 3097 2449 minus
3168 2381 3437 2461 proprie

107 2488 343 2551 dictam
375 2512 393 2558 :
423 2505 566 2569 quo
604 2488 834 2567 uliqne
868 2488 1208 2549 missionis
1248 2488 1607 2562 intellectu,
1643 2490 1888 2551 dictum
1925 2489 2315 2568 reperimus,
2349 2488 2522 2548 mitti
2559 2485 2800 2547 Filium
2831 2502 2870 2543 a
2898 2481 3155 2561 Spiritu
3185 2484 3432 2552 sancto,

110 2604 176 2649 ac
209 2584 472 2648 Filium
531 2593 591 2645 et
627 2584 950 2663 Spiritum
994 2592 1280 2645 sanctum
1325 2587 1579 2646 mittere
1611 2589 1875 2666 seipsos.
1928 2587 2071 2647 Duo
2105 2591 2318 2646 tamen
2354 2582 2823 2651 animadverte,
2889 2595 3037 2659 qum
3105 2578 3224 2637 hoc
3293 2574 3435 2636 loco

110 2683 442 2763 pracipua
528 2690 735 2742 sunt:
797 2697 868 2742 ac
929 2680 1142 2760 primo
1180 2681 1603 2761 imprupriam
1661 2701 1735 2746 ac
1781 2684 1973 2746 nimis
2032 2684 2223 2745 latam
2266 2684 2429 2746 hanc
2479 2698 2625 2744 esse
2666 2676 2994 2741 missionis
3047 2676 3436 2746 nationem;

109 2778 350 2842 deinde
387 2778 463 2841 in
504 2780 743 2839 eodem
776 2778 1145 2855 impropria:
1174 2779 1497 2841 missionis
1531 2797 1772 2858 genere
1812 2780 2113 2859 nuspiam
2157 2781 2223 2841 in
2256 2778 2631 2859 Scripturis,
2700 2795 2772 2840 ac
2833 2776 2940 2838 vix
3013 2772 3206 2835 etiam
3262 2768 3439 2850 apud

106 2876 321 2938 Patres
358 2876 638 2936 missum
679 2872 808 2951 legi
845 2873 1127 2935 Patrem.
1163 2873 1343 2935 Adeo
1375 2875 1686 2937 nimirum
1745 2896 1860 2957 pro
1883 2889 2215 2955 comperto
2252 2878 2469 2939 haberi
2499 2875 2716 2949 debet,
2769 2873 3136 2934 missionem
3166 2868 3437 2948 proprie

105 2971 331 3034 dictam
360 2970 587 3046 redigi
639 2969 879 3031 debere
926 2969 1004 3031 ad
1074 2970 1536 3048 sempiternam
1596 2976 1850 3051 [XLIII]
1903 2976 2140 3036 divinae
2196 2990 2488 3053 persome
2552 2970 3068 3052 processionem.
3106 2967 3234 3029 Cur
3261 2965 3440 3026 enim

106 3072 412 3150 nuspiam
456 3068 671 3130 Pater
734 3068 906 3129 mitti
937 3066 1228 3128 dicatur?
1270 3070 1356 3129 Ea
1400 3070 1629 3149 utique
1668 3072 1943 3146 ratione,
1980 3074 2134 3152 quia
2166 3090 2199 3135 a
2235 3071 2420 3135 nullo
2453 3070 2772 3151 procedit.
2802 3067 3123 3130 Corticem
3166 3062 3254 3125 rei
3293 3081 3440 3138 spe-

104 3168 301 3233 ctabat
339 3164 929 3244 TheOphylactus,
964 3164 1275 3227 doctrinm
1309 3166 1612 3228 sublimis
1646 3167 1995 3229 medullam
2032 3183 2162 3228 non
2195 3168 2437 3247 attigit.

172 3262 289 3346 (9.)
324 3261 711 3341 Insufﬂare
775 3260 1093 3338 Spiritum
1153 3270 1440 3321 sanctum
1500 3272 1645 3341 post
1671 3268 2206 3328 resurrectionem
2238 3266 2544 3326 Dominus
2583 3262 2829 3324 dicitur
2859 3282 2879 3321 :
2909 3277 3039 3320 non
3087 3275 3247 3323 vero.
3272 3254 3449 3336 quod;

96 3361 477 3443 productor
504 3360 651 3440 ejus
678 3358 869 3419 sit....
924 3358 1012 3418 Et
1067 3358 1227 3418 alias
1263 3377 1460 3439 neque
1487 3371 1637 3421 tunc
1681 3370 1851 3423 totus
1887 3362 2075 3424 datus
2124 3379 2238 3436 est,
2274 3361 2384 3423 sed
2414 3360 2676 3421 unicum
2710 3358 3031 3419 charisma
3063 3374 3171 3415 seu
3204 3355 3451 3414 donum-

99 3457 517 3521 remissionis
541 3464 957 3535 peccatorum
988 3475 1007 3515 :
1040 3454 1471 3516 tantummodo
1496 3458 1684 3528 enim,
1723 3469 1790 3519 ut
1820 3461 2226 3522 Pentecostes
2253 3470 2532 3539 tempore
2565 3456 2859 3525 daretur,
2891 3454 3213 3515 decretum
3242 3460 3440 3514 est....

95 3554 458 3620 SiDomini
518 3551 893 3631 insufﬂatio
948 3551 1015 3611 in
1052 3550 1406 3629 discipulos
1466 3573 1596 3614 non
1658 3558 1785 3635 fuit
1816 3559 2010 3618 unius
2071 3566 2319 3619 tantum
2348 3551 2902 3626 charismatis,sed
2926 3552 3125 3612 totius
3152 3548 3461 3635 Spiritus.

96 3657 296 3716 sancti
318 3650 618 3713 donatio
657 3669 677 3708 :
710 3649 917 3726 igitur
945 3647 1349 3709 Paracletum
1384 3659 1535 3710 tunc
1571 3632 1667 3711 eis
1688 3651 1885 3715 dedit.
1918 3654 2246 3729 Quomodo
2280 3655 2485 3733 igitur
2518 3671 2582 3712 se
2610 3650 2794 3712 habet
2830 3647 2995 3710 illud
3026 3667 3045 3705 :
3077 3648 3149 3709 Si
3182 3632 3290 3727 ego
3312 3664 3445 3708 non

96 3750 329 3826 abiero,
378 3743 792 3810 Paracletus
834 3761 964 3804 non
1027 3747 1231 3806 veniet
1270 3746 1352 3806 ad
1392 3750 1548 3807 vos?
1585 3750 1935 3810 Descensus
1967 3751 2038 3811 in
2088 3750 2455 3811 Pentecoste
2502 3750 2561 3810 si
2602 3746 2881 3830 ejusdem
2941 3745 3235 3824 Spiritus
3280 3744 3448 3826 fuit,

98 3858 216 3911 crat
238 3843 653 3928 superﬂuus
686 3863 705 3903 :
740 3843 799 3904 si
829 3861 972 3903 vero
1003 3840 1303 3913 alterius;
1330 3844 1505 3918 crdo,
1539 3847 1680 3924 quis
1715 3846 1841 3919 ille,
1893 3848 2223 3927 qualisque
2243 3846 2493 3929 fuerit?
2528 3846 2682 3907 Hac
2715 3845 2781 3906 in
2816 3843 3090 3923 epistola
3130 3842 3211 3903 ad
3243 3842 3438 3904 Nico-

100 3943 259 4013 laum
300 3944 726 4007 diaconum.
782 3974 805 3995 ρ

162 4043 352 4105 Paria
434 4045 611 4100 sunt
675 4036 744 4097 in
800 4037 1270 4099 commentario
1330 4038 1407 4099 ad
1468 4046 1659 4116 caput
1712 4058 1781 4101 ιιι
1836 4041 2163 4105 Joannis:
2207 4064 2236 4098 α
2274 4039 2569 4103 Profecto
2604 4040 2925 4119 inquiunt
2971 4060 2986 4113 ς
3027 4054 3174 4098 nam
3211 4036 3444 4115 (Joan-

98 4141 186 4201 nis
218 4140 345 4218 xx)
384 4144 456 4199 et
498 4134 866 4225 inspiravit
896 4133 1254 4208 discipulis,
1292 4135 1559 4196 et‘dixit
1598 4160 1664 4197 :2

1878 4147 1927 4197 te
1982 4139 2302 4219 Spiritum
2368 4148 2685 4199 sanctum.
2750 4137 2803 4197 Ο
2838 4135 3342 4213 desipientiaml
3377 4133 3444 4196 Si

103 4247 241 4300 tunc
288 4234 493 4297 dedit
566 4229 924 4308 discipulis
964 4230 1300 4308 Spiritum,
1344 4234 1605 4309 quando
1694 4233 2075 4308 insuillavit,
2108 4237 2439 4314 quomodo
2477 4241 2696 4312 postea
2730 4232 2895 4293 dixit
2925 4233 3021 4293 eis
3051 4231 3301 4310 (Actor.
3342 4230 3387 4312 ι)
3428 4254 3442 4293 :

102 4334 459 4416 Accipietis
495 4331 817 4390 virtutem
858 4330 1364 4407 supervenientis
1417 4331 1708 4409 Spiritus
1745 4335 1953 4396 sancti
2012 4351 2211 4413 super
2247 4353 2385 4401 vos.
2453 4351 2588 4393 non
2633 4341 2787 4412 post
2832 4330 3069 4391 multos
3102 4329 3214 4389 hos
3261 4329 3475 4391 diest’,

106 4433 207 4498 vel
240 4425 617 4512 quomodo
652 4425 1012 4500 credimus,
1041 4425 1104 4487 in
1142 4430 1523 4490 Pentecoste
1583 4429 1820 4492 factum
1857 4432 2250 4493 descensum
2287 4430 2612 4509 Spiritus;
2648 4432 2702 4491 si
2754 4428 3024 4507 quidem
3070 4427 3137 4488 in
3179 4444 3449 4507 vespera

22 4540 23 4608 γ
107 4522 634 4592 resurrectionis
709 4522 894 4584 dedit
967 4522 1200 4585 illum?
1282 4527 1468 4586 'l‘unc
1537 4526 1711 4588 enim
1788 4529 2157 4608 inspiravit.
2214 4531 2295 4590 At
2360 4526 2496 4592 hmo
2550 4527 2823 4606 quidem
2886 4523 3073 4585 valde
3138 4522 3439 4585 ridicula.

106 4624 543 4689 lanifestum
581 4621 791 4696 enim,
830 4621 1001 4697 quod
1040 4629 1187 4682 tunc
1246 4621 1382 4683 illis
1440 4624 1761 4701 Spiritum
1815 4634 2105 4687 sanctum
2161 4640 2291 4686 non
2353 4623 2639 4697 dederit,
2679 4622 2799 4686 sed
2873 4619 3109 4681 donum
3157 4620 3450 4699 Spiritus
3527 4679 3534 4695 ,

108 4724 345 4795 sancti,
410 4716 897 4781 remissionem
952 4718 1201 4780 scilicet
1256 4720 1521 4795 peccati.
1588 4721 1813 4782 Statim
1878 4723 2053 4784 enim
2120 4720 2350 4783 subdit
2419 4742 2433 4781 :
2502 4719 2797 4797 Quorum
2856 4718 3244 4785 remiseritis
3295 4735 3450 4797 pec-

113 4830 261 4891 cata,
297 4844 327 4877 ιι
380 4825 521 4880 etc.

181 4917 315 4980 lmo
352 4909 660 4977 ridicula
700 4907 1172 4988 TheOphylacti
1201 4914 1681 4990 argumentatio
1738 4922 1835 4978 est
1873 4934 1885 4976 :
1944 4932 2152 4995 seque
2217 4914 2572 4984 ridiculum
2608 4912 2871 4991 praebet,
2908 4911 3225 4974 doctrinm
3258 4930 3420 4991 repu

117 5030 306 5093 gnatis
346 5024 572 5091 quam
631 5006 835 5085 tradit
885 5007 1169 5085 Cyrillus
1232 5010 1401 5071 inter
1452 5011 1734 5086 Grmcos,
1801 5021 1862 5075 et
1904 5012 2319 5091 Augustinus
2378 5012 2553 5073 inter
2591 5010 2881 5083 Latinos,
2914 5010 3449 5088 praestantissimi

22 5162 23 5183 ἰ
119 5109 347 5173 Patres.
418 5108 536 5169 Sic
588 5102 784 5165 habet
828 5103 968 5165 -iste
1016 5103 1181 5168 libro
1233 5125 1300 5176 ιι,
1371 5107 1533 5168 alias
1592 5127 1686 5180 ιιι,
1735 5112 1978 5174 Contra
2013 5112 2468 5173 Maximinum.
2506 5130 2537 5165 α
2604 5109 2696 5170 De
2734 5109 2919 5171 Patre
2952 5114 3049 5169 est
3084 5107 3326 5179 Filius,
3371 5108 3453 5168 de

22 5188 27 5285 ἰ
120 5206 284 5270 Patre
316 5211 430 5268 est
459 5199 759 5281 Spiritus
784 5191 1091 5273 sanctus;
1125 5204 1234 5264 sed
1264 5203 1373 5263 ille
1413 5205 1701 5283 genitus,
1742 5208 1865 5269 iste
1908 5208 2314 5285 procedens:
2354 5205 2507 5267 ideo
2542 5204 2655 5267 ille
2684 5203 2897 5266 Filius
2928 5210 3026 5265 est
3082 5203 3315 5281 Patris,
3370 5202 3452 5265 de

121 5220 284 5270 Patre
316 5220 430 5268 es:
459 5220 759 5281 bpll‘llus
784 5220 1091 5273 sanetus;
1125 5220 1234 5264 seu
1264 5220 1373 5263 me
1413 5220 1701 5283 genitus,
1742 5220 1865 5269 iste
1908 5220 2314 5285 procedens:
2354 5220 2507 5267 ideo
2542 5220 2655 5267 ille
2684 5220 2897 5266 unus
2928 5220 3026 5265 eSt
3083 5220 3315 5281 Patris,
3370 5220 3448 5265 ne

22 5220 29 5471 ἶ
130 5298 245 5385 qua
276 5304 572 5385 genitus
604 5306 738 5372 est;
777 5300 896 5361 iste
927 5310 1141 5361 autem
1180 5302 1471 5382 Spiritus
1510 5306 1868 5385 utriusque,
1904 5305 2219 5383 quoniam
2251 5303 2325 5364 de
2385 5311 2659 5382 utroque
2700 5301 3023 5381 procedit.
3090 5302 3211 5362 Sed
3275 5300 3448 5373 ideo,

26 5464 27 5471 η
125 5416 253 5462 cum
296 5402 385 5462 de
441 5396 575 5457 illo
632 5394 846 5456 Filius
880 5395 1285 5471 loqueretur,
1321 5398 1404 5459 ait
1472 5399 1546 5459 de
1590 5401 1783 5461 Patre
1823 5400 2121 5471 procedit
2156 5423 2175 5461 :
2211 5401 2525 5471 quoniam
2564 5402 2745 5462 Pater
2782 5398 3229 5471 proressionis
3304 5397 3448 5471 ejus

26 5400 27 5481 ξ
125 5416 253 5462 cum
296 5402 385 5462 de
441 5396 575 5457 illo
632 5394 846 5456 Filius
880 5395 1285 5472 loqueretur,
1321 5398 1404 5459 ait
1472 5399 1546 5459 de
1590 5401 1783 5461 Patre
1816 5400 2121 5481 procedit
2156 5423 2175 5461 :
2211 5401 2525 5481 quoniam
2564 5402 2745 5462 Pater
2782 5398 3229 5475 proressionis
3304 5397 3451 5475 ejus

22 5474 27 5539 Ῐ
127 5504 206 5558 est
232 5504 495 5563 auctor,
529 5490 868 5597 qui—talem
908 5492 1151 5597 _Filium
1191 5497 1443 5573 genuit,
1480 5506 1539 5558 et
1570 5474 1885 5576 gignendo
1921 5501 1977 5559 ei
2015 5474 2321 5571 dedit-ut
2347 5499 2535 5559 etiam
2566 5496 2640 5558 de
2672 5496 2812 5575 ipso
2848 5494 3240 5575 procederet
3288 5496 3446 5573 Spi-

130 5594 277 5656 ritus
307 5602 615 5656 sanctus.
654 5591 813 5651 Nam
859 5591 985 5649 nisi
1042 5594 1420 5668 procederet
1453 5603 1516 5655 et
1554 5599 1633 5656 de
1671 5597 1837 5673 ipso,
1868 5613 1996 5657 non
2028 5596 2275 5656 diceret
2329 5593 2679 5672 discipulis
2720 5610 2732 5653 :
2776 5592 3071 5672 Accipite
3126 5592 3448 5679 Spiritum

131 5703 447 5759 sanctum:
484 5700 784 5765 eumque
810 5685 1199 5765 insit/ﬂando
1227 5690 1431 5763 daret,
1478 5700 1545 5752 ut
1575 5711 1613 5751 a
1646 5711 1709 5752 se
1740 5712 1984 5773 quoque
2007 5693 2353 5771 procedere
2388 5691 3031 5771 signiﬁcans,apertc
3064 5690 3447 5753 ostenderet

134 5785 351 5864 ﬂando,
390 5785 581 5868 quod
614 5781 932 5862 spirando
964 5784 1151 5844 dabat
1181 5786 1460 5847 occulte.
1502 5811 1529 5848 υ

198 5886 477 5950 Gemina
540 5888 701 5943 sunt
752 5896 902 5965 qua:
957 5877 1219 5941 disserit
1270 5882 1556 5960 Cyrillus
1630 5886 2124 5949 Alexandrinus.
2173 5887 2338 5949 libro
2394 5904 2481 5947 xu
2543 5887 2615 5947 In
2656 5888 2970 5948 Joannem
3008 5907 3026 5946 :
3063 5884 3299 5947 Statim
3347 5901 3447 5946 eos
