3966 6462
556 438 630 501 ω
1384 421 1626 483 BERN.
1669 418 1937 480 manus
1974 416 2071 477 DE
2112 413 2396 477 nunms
2435 407 2942 487 Dissaamnp
3742 404 3840 465 93

554 545 907 625 sanctificat
940 590 955 613 ,
998 542 1324 619 mnifesto
1382 536 1719 615 insufﬂatu
1772 534 2081 610 Spiritum
2118 532 2205 592 eis
2254 524 2568 606 largiens;
2622 532 2691 583 ut
2746 530 2807 583 et
2862 539 2983 625 nos
3013 517 3295 625 .liriniter
3355 516 3845 625 crpdereinus:

555 611 842 708 alienum
884 611 1010 702 non
1070 611 1215 699 esse
1271 652 1305 695 a
1361 611 1932 709 Filio'Spiritum,
1964 627 2121 687 sede

2282 621 2820 688 nsubstanlialcm,
2859 626 2913 676 ει
2956 614 3025 666 δι’
3059 612 3229 665 αὐτοῦ
3280 611 3489 683 προῖὼν
3526 614 3587 665 τὸ
3614 614 3686 665 ἐκ.
3726 611 3848 663 τοῦ

560 739 799 810 Πατρδς.
844 751 962 814 per
1006 736 1211 813 ipsum
1248 748 1328 790 ea:
1380 729 1572 791 Patre
1621 726 2076 805 procedentem.
2115 723 2191 782 Et
2233 720 2394 779 libro
2433 736 2502 778 Ix
2552 713 2953 814 praecedente
2987 713 3063 814 ajl
3096 719 3284 787 caput
3316 728 3429 771 xw
3478 711 3779 814 Joannis
3829 731 3846 768 :

563 808 816 898 Idcirco
844 808 1050 892 enim“
1080 828 1371 889 Christus
1427 824 1782 906 insufﬂarit
1827 816 2289 899 corporaliter,
2351 811 2680 873 ostendens
2729 808 2897 888 quod
2974 810 3141 868 sicut
3213 826 3294 867 ea:
3350 824 3457 866 ore
3533 808 3849 906 humane:

563 930 835 1011 spiritus
859 926 1081 1005 prodit
1101 922 1547 1001 corporaliter,
1574 902 1667 981 sic
1697 937 1777 991 ea:
1823 917 2038 977 divina
2075 912 2465 1011 substantia,
2517 909 2753 1011 licitati
2790 906 3266 1011 _eonpenienter,
3296 906 3583 973 προχεῖται
3771 902 3850 965 ἐξ

564 995 753 1089 αἰτοῦ,
786 995 1069 1097 spiritus
1097 995 1225 1099 qui-
1249 1037 1327 1077 ea:
1372 1035 1440 1078 eo
1492 1016 1708 1096 (Filio)
1739 1022 1850 1086 est,
1878 995 2324 1091 profunditur.
2358 1006 2500 1067 Alia
2558 1005 2744 1065 habet
2788 1002 2999 1069 lectio,
3038 1000 3099 1099 ἐξ
3132 1001 3328 1069 αὐτῆς,
3384 1018 3464 1060 ea:
3493 1019 3562 1059 ea
3592 999 3854 1061 divina

564 1118 941 1187 substantia,
977 1097 1203 1193 utique
1228 1113 1401 1176 Filii.
1437 1111 1777 1188 Perspicue
1806 1112 2016 1170 Patres
2046 1106 2109 1165 hi
2143 1102 2712 1182 duo,quibuscum
2735 1097 3255 1175 'l‘thphyloctus
3290 1099 3649 1177 comparari
3682 1113 3849 1157 non

566 1221 801 1292 potest,
835 1227 963 1273 non
998 1210 1209 1271 solum
1239 1210 1407 1269 dona
1437 1215 1642 1268 creata
1696 1205 1765 1267 in
1801 1203 2110 1266 missione
2148 1198 2427 1276 Spiritus
2476 1196 2683 1258 sancti
2736 1210 2772 1256 a
2818 1195 2989 1255 Filio
3040 1194 3376 1267 distribui,
3430 1195 3544 1255 sed
3600 1194 3850 1292 ipsum

564 1289 758 1370 etiam
790 1310 1019 1369 docent
1051 1305 1334 1366 divinam
1359 1302 1561 1364 sancti
1596 1300 1875 1378 Spiritus
1910 1312 2246 1376 personam
2279 1295 2415 1355 dari
2456 1315 2471 1354 :
2529 1293 2825 1371 adeoque
2867 1291 3135 1371 probant
3172 1308 3251 1353 ex
3285 1289 3763 1370 consequenti,
3807 1305 3851 1347 ει

565 1406 734 1467 Filio
766 1414 1005 1466 asterna
1039 1401 1452 1480 processione
1484 1398 1793 1478 Spiritum
1836 1403 2129 1457 sanctum
2166 1392 2443 1470 prodire.

648 1499 791 1579 (10.)
821 1500 901 1559 In
949 1516 1023 1558 ea
1066 1495 1526 1574 insufﬂatione,
1585 1493 1797 1572 inquit
1842 1492 1974 1563 ille,
2030 1492 2221 1550 unius
2255 1497 2500 1549 tantum
2528 1485 2927 1546 charismatis
2962 1484 3090 1579 fuit
3124 1482 3410 1579 donatio,
3443 1498 3579 1540 non
3609 1481 3848 1542 totius

561 1577 846 1673 Spiritus
873 1595 1099 1654 sancti.
1132 1591 1436 1669 Alioquin
1470 1588 1776 1669 quomodo
1825 1607 1891 1649 se
1927 1587 2178 1648 haberet
2214 1583 2375 1646 illud
2408 1605 2427 1643 :
2457 1583 2528 1643 Si
2548 1599 2678 1641 non
2727 1580 2967 1651 abiero,
3005 1577 3378 1637 Paracletus
3436 1594 3567 1635 non
3611 1578 3853 1636 veniet

562 1689 645 1748 ad
684 1691 841 1751 eos?
899 1687 1185 1750 Nimium
1253 1702 1467 1747 crasse
1529 1693 1593 1746 et
1630 1684 1924 1746 ridicule.
1977 1682 2249 1757 Quoties
2307 1696 2587 1757 namque
2653 1677 2929 1738 mittitur
2995 1677 3315 1750 daturque
3354 1673 3638 1748 Spiritus
3672 1689 3853 1734 san-

566 1788 731 1858 ctus,
801 1785 985 1846 datur
1034 1801 1105 1843 ac
1175 1782 1450 1843 mittitur
1499 1788 1710 1852 totus,
1770 1798 1917 1842 cum
1967 1780 2051 1841 sit
2098 1795 2267 1841 unus
2329 1784 2392 1837 et
2435 1774 2989 1852 simplicissimus.
3046 1772 3139 1831 Ad
3198 1771 3577 1832 charismata
3640 1771 3851 1831 redi—

565 1882 741 1961 gitur
796 1879 1135 1941 diversitas
1186 1886 1311 1938 tota
1377 1898 1394 1938 :
1450 1893 1569 1940 nec
1626 1874 1798 1937 enim
1875 1875 2185 1943 cuilibet,
2242 1889 2312 1933 ac
2368 1887 2624 1947 semper
2679 1869 2899 1931 omnia
2959 1866 3342 1929 charismata
3401 1866 3545 1946 ejus
3588 1866 3845 1926 distri-

567 1977 883 2046 buuntur;
918 1992 1138 2036 verum
1165 1976 1318 2041 huic,
1352 1980 1414 2033 et
1443 1988 1567 2033 non
1625 1972 1771 2045 alia,
1805 1988 1877 2033 ac
1931 1972 2129 2048 magis
2161 1969 2507 2047 minusque
2560 1968 2941 2044 prmstantia,
2981 1982 3094 2042 pro
3118 1963 3396 2043 gratuito
3421 1964 3536 2025 Dei
3574 1961 3849 2025 favore.

647 2074 1192 2152 Supervacaneum
1223 2068 1425 2130 infers
1457 2068 1793 2149 adventum
1819 2069 2106 2146 Spiritus
2141 2066 2345 2127 sancti
2398 2066 2467 2125 in
2518 2064 2619 2125 die
2668 2065 3086 2125 Pentecostes.
3146 2087 3174 2119 α
3223 2061 3369 2122 Hau:
3418 2060 3641 2122 dicens
3690 2078 3844 2122 non

578 2167 779 2239 novit,
805 2182 875 2226 ea
906 2165 1325 2226 contentiosaa
1345 2166 1578 2224 mentis
1610 2181 1752 2226 esse
1782 2173 2138 2226 commenta
2172 2162 2385 2242 (verba
2405 2164 2841 2225 suntJoannis
2872 2160 3049 2222 Becci
3084 2177 3264 2221 num.
3285 2160 3411 2241 68).
3437 2158 3619 2220 Unde
3645 2158 3848 2217 enim

570 2260 783 2330 habet,
813 2261 915 2323 die
944 2262 1362 2333 Pentecostes,
1390 2259 1675 2337 Spiritus
1704 2259 2057 2328 adventum,
2080 2259 2139 2319 si
2168 2259 2442 2339 ejusdem
2487 2261 2617 2338 fuit
2639 2259 2952 2337 Spiritus,
2999 2274 3544 2334 supervacaneum.
3569 2256 3786 2332 fuisse
3812 2256 3849 2314 ?

571 2364 855 2439 Namque
888 2356 945 2423 si
975 2356 1076 2421 die
1099 2356 1494 2421 Pentecosles
1521 2357 1869 2415 adventum
1903 2371 2455 2431 supervacaneum
2501 2354 2817 2426 decernit,
2848 2354 2906 2414 si
2932 2349 3207 2433 ejusdem
3235 2360 3323 2412 est
3355 2352 3645 2431 Spiritus
3676 2361 3853 2411 ante

570 2456 979 2518 Pentecosten
1008 2456 1349 2536 insul/lati,
1408 2456 1625 2516 multra
1650 2452 1939 2531 ejusdem
1978 2450 2256 2529 Spiritus
2292 2453 2739 2515 redundantia:
2762 2450 3249 2527 comparebunt,
3278 2448 3456 2527 quod
3517 2455 3853 2510 extremm

570 2555 983 2616 absurditatis
1012 2561 1133 2614 est.
1161 2556 1250 2614 Ex
1282 2571 1412 2631 quo
1435 2554 1606 2613 enim
1649 2551 1929 2630 primum
1960 2558 2170 2611 creato
2200 2549 2445 2611 homini
2481 2551 2551 2612 in
2583 2550 2855 2609 animam
2896 2549 3203 2610 viventem
3264 2544 3628 2606 insuﬂlatus
3688 2554 3801 2607 est
3830 2564 3849 2619 ;

570 2648 843 2711 diversis
873 2649 1244 2710 adventibus
1284 2651 1688 2728 postmodum
1748 2648 1824 2709 ad
1886 2647 2119 2726 dignos
2188 2647 2556 2720 descendit;
2594 2652 2673 2718 _et
2732 2644 3165 2705 nihilominus
3225 2644 3373 2703 licet
3400 2644 3476 2702 ad
3513 2640 3737 2720 plures
3778 2653 3852 2703 et

571 2748 808 2825 smpius
839 2747 1272 2820 descenderit,
1334 2762 1667 2823 nunquam
1732 2753 1941 2805 tamen
2014 2744 2187 2805 ullus
2218 2743 2399 2804 illius
2449 2742 2768 2803 adventus
2799 2757 3303 2818 superoacaneus
3335 2747 3669 2815 reputatus
3703 2750 3846 2801 est.

572 2842 828 2919 {XLIV}
858 2841 1098 2901 Verum
1133 2842 1472 2919 Bulgarus,
1513 2841 1565 2901 si
1599 2842 1770 2917 quod
1810 2850 1953 2900 ante
1978 2838 2390 2899 Pentecosten
2419 2836 2790 2916 insufﬂatus
2818 2846 2931 2909 est,
2958 2836 3311 2897 adventum
3348 2834 3534 2896 illius
3560 2836 3628 2895 in
3667 2836 3851 2895 Pen-

575 2946 803 2997 tecoste
828 2943 937 2997 aut
986 2954 1517 3014 supervacaneum
1548 2936 1685 2995 vult
1744 2937 1986 3008 dicere,
2047 2945 2158 2995 aut
2201 2935 2469 2993 alterius
2496 2934 2785 3010 Spiritus
2817 2934 3164 2993 adventum
3198 2951 3211 2994 :
3258 2952 3383 2997 non
3419 2936 3632 2995 solum
3694 2941 3850 2993 tum

576 3051 1049 3112 supervacanea
1080 3032 1416 3095 aﬂirmahit
1444 3032 1861 3093 descendisse
1894 3033 2202 3108 Spiritum
2236 3029 2605 3105 discipulis,
2641 3028 2753 3089 sed
2805 3037 2867 3089 et
2899 3038 3046 3090 ante
3081 3030 3148 3089 in
3186 3031 3561 3091 Pentecoste
3594 3029 3858 3090 adven-

578 3139 753 3203 tum;
788 3142 849 3191 et
879 3148 1024 3192 cum
1052 3131 1200 3192 huic
1241 3130 1336 3190 vel
1374 3130 1564 3190 alteri
1589 3130 2064 3207 prophetarum,
2105 3126 2232 3187 alio
2256 3138 2440 3207 atque
2486 3127 2613 3191 alio
2640 3137 2941 3202 tempore,
2978 3137 3038 3189 et
3086 3128 3290 3188 modis
3321 3129 3589 3190 diuersis
3639 3129 3713 3188 ad
3729 3147 3855 3191 vc-

579 3228 792 3299 niens,
824 3228 1181 3287 associatus
1240 3236 1359 3285 est.
1402 3226 1554 3285 Nam
1598 3224 1651 3283 si
1686 3240 1859 3283 nunc
1891 3223 1955 3284 in
2012 3225 2218 3302 forma
2250 3225 2597 3303 ignitarum
2648 3226 3037 3304 linguarum,
3098 3233 3234 3287 tum
3273 3242 3425 3287 vero
3463 3242 3589 3288 non
3627 3227 3850 3288 simili

580 3322 831 3383 ratione
872 3322 1351 3399 acceptantibus
1383 3320 1761 3382 adveniebat
1800 3339 1815 3377 :
1866 3321 2292 3381 nihilominus
2326 3321 2483 3381 idem
2513 3318 2881 3382 adveniebat
2909 3321 3218 3400 Spiritus,
3255 3328 3320 3383 ct
3350 3322 3572 3382 nullus
3616 3322 3849 3384 vario-

582 3435 722 3481 rum
757 3417 1036 3496 Spiritus
1058 3417 1449 3479 adventuum
1481 3435 1981 3494 supervacaneus
2017 3417 2498 3493 nunCUpabitur
2529 3420 2607 3478 ab
2644 3417 2774 3479 illis
2819 3417 2933 3496 qui
2971 3434 3084 3496 per
3119 3423 3321 3479 rectas
3355 3416 3851 3496 Scripturarum

576 3514 841 3577 semitas
874 3514 1136 3594 prOpria
1169 3514 1439 3592 vestigia
1476 3514 1790 3591 dirigunt.
1837 3536 1865 3569 ι

660 3609 1009 3686 Quomodo,
1062 3611 1315 3688 reponit
1361 3610 1495 3682 ille,
1522 3630 1585 3670 se
1623 3611 1785 3671 illud
1810 3610 1993 3673 habet
2030 3632 2051 3671 :
2094 3613 2166 3676 Si
2221 3630 2329 3690 ego
2372 3630 2501 3673 non
2544 3612 2805 3674 abiero?
2839 3620 2959 3674 etc.
3005 3633 3037 3668 α
3092 3612 3243 3673 Haec
3298 3613 3593 3675 enuntiat
3626 3614 3852 3693 (Becci

579 3706 921 3784 respcnsio
954 3707 1100 3785 est),
1134 3708 1440 3784 ignorans
1464 3709 1531 3767 in
1552 3726 1859 3784 corporea
1888 3710 2089 3785 specie
2125 3708 2475 3785 igm'tarum
2531 3706 2895 3786 linguarum
2947 3708 3228 3786 Spiritus
3275 3708 3622 3770 adventum
3680 3728 3849 3788 pm-

580 3802 851 3864 missum
943 3801 1149 3865 fuisse
1233 3803 1572 3881 discipulis
1662 3820 1697 3863 a
1784 3807 2142 3865 Servatore.
2210 3804 2393 3879 Opus
2484 3804 2658 3865 enim
2748 3812 2905 3876 erat,
2968 3822 3117 3866 cum
3196 3805 3499 3867 Servator
3564 3822 3852 3883 corpore

583 3900 923 3961 uobiscum
952 3908 1241 3962 versatus
1288 3898 1544 3974 fuisset,
1589 3901 1899 3977 Spiritum
1947 3902 2139 3962 etiam
2178 3918 2448 3980 corpore
2500 3917 2900 3979 comparere,
2929 3908 3000 3963 ut
3027 3901 3247 3964 verbis
3271 3902 3488 3981 Magni
3534 3904 3848 3979 Gregorii

583 4004 751 4060 utar.
789 4020 818 4053 ι
842 3999 1022 4060 Adde
1051 3999 1583 4062 abundantiorem
1616 3998 2071 4060 charismatum
2120 3998 2549 4077 largitionem,
2587 4013 2779 4077 quam
2806 3998 2873 4059 in
2910 4001 3287 4061 Pentecoste
3306 3997 3523 4060 attulit
3555 3998 3850 4078 Spiritus

582 4094 961 4157 adveniens.

662 4190 947 4267 Hujusce
988 4191 1588 4254 demummissionis
1620 4193 1783 4253 hanc
1819 4192 2052 4253 habeto
2098 4191 2434 4253 clariorem
2468 4192 2971 4267 expositionem.
3026 4191 3245 4251 Rebus
3297 4190 3606 4251 omnibus
3653 4193 3852 4253 adest

584 4284 814 4347 intime
840 4288 1011 4347 Deus
1043 4306 1163 4365 per
1216 4290 1569 4359 essentiam,
1623 4296 1685 4347 et
1750 4289 2167 4366 praesentiam,
2216 4296 2279 4365 et
2303 4289 2653 4367 potentiam
2686 4288 2938 4365 :‘idque
2973 4285 3163 4347 habet
3192 4303 3225 4347 a
3265 4288 3399 4347 Deo
3425 4287 3607 4348 Patre
3666 4290 3850 4349 Deus

583 4381 820 4455 Filius,
878 4391 937 4443 et
990 4383 1176 4444 habet
1208 4400 1242 4444 a
1289 4386 1465 4444 Patre
1522 4392 1583 4445 et
1636 4384 1807 4445 Filio
1878 4387 2053 4445 Deus
2090 4384 2368 4461 Spiritus
2401 4392 2691 4445 sanctus.
2732 4386 2847 4444 Per
2880 4382 3344 4444 charismatum
3380 4382 3849 4460 elargitionem

586 4495 793 4542 novus
826 4482 1115 4555 exsurgit
1150 4483 1323 4543 velut
1358 4484 1709 4558 prmsentim
1743 4482 1972 4543 modus
2008 4503 2021 4543 :
2056 4483 2167 4560 qui
2202 4480 2401 4558 magis
2429 4480 2776 4557 minusque
2825 4480 3130 4556 Specialis
3172 4490 3268 4541 est
3306 4496 3418 4557 pro
3450 4481 3575 4541 dati
3625 4480 3847 4542 chari-

586 4576 808 4636 smatis
837 4577 1210 4639 conditione
1243 4589 1305 4638 et
1334 4579 1714 4655 prmstantia.
1737 4579 1901 4638 Hinc
1931 4578 2206 4654 Spiritus
2250 4584 2533 4649 sanctus,
2556 4595 2590 4638 a
2629 4580 2807 4639 Patre
2835 4586 2895 4636 et
2919 4576 3142 4637 aFilio
3170 4577 3433 4647 missus,
3458 4594 3625 4639 novo
3647 4580 3851 4639 modo

587 4668 871 4730 absolute
907 4684 962 4731 et
988 4670 1384 4750 simpliciter,
1422 4682 1492 4732 ut
1525 4674 1855 4750 inquiunt,
1894 4674 2123 4733 adesse
2159 4672 2420 4741 dicitur,
2467 4685 2529 4732 et
2563 4673 2923 4734 inhabitare
2958 4674 3019 4732 in
3075 4673 3158 4733 iis
3213 4675 3323 4751 qui
3361 4675 3580 4753 gratiee
3614 4678 3855 4736 sancti-

585 4765 835 4827 ﬁcantis
866 4766 1179 4828 charisma
1213 4767 1533 4844 recipiunt
1564 4790 1578 4828 :
1619 4768 1734 4829 sed
1773 4770 1964 4828 etiam
1992 4783 2157 4829 novo
2192 4768 2413 4847 aliquo
2444 4768 2632 4827 modo
2668 4787 2778 4845 per
2831 4770 3019 4830 tidem
3058 4771 3503 4843 peccatoribus
3538 4771 3846 4834 ﬁdelibus

590 4860 940 4935 inexsistit,
1000 4870 1061 4922 et
1117 4852 1580 4941 pmnitentibus
1636 4881 1747 4939 per
1780 4863 2221 4937 dilectionem,
2255 4864 2598 4925 secundum
2654 4864 2808 4942 quid
2840 4874 2898 4923 et
2928 4864 3319 4943 imperfecte.
3365 4867 3527 4939 Qum
3575 4868 3847 4928 demum

590 4957 808 5018 omnia
840 4957 925 5018 ita
974 4957 1295 5037 intellige,
1321 4966 1391 5020 ut
1445 4978 1587 5022 eum
1620 4961 1758 5038 ipso
1794 4960 2041 5037 Spiritu
2094 4970 2337 5032 sancto,
2388 4960 2498 5038 qui
2556 4961 2858 5027 mittitur.
2893 4976 3307 5022 communem
3334 4962 3611 5023 habeant
3656 4964 3849 5024 Pater

588 5054 781 5115 etiam
820 5060 882 5114 et
928 5054 1136 5117 Filius
1170 5073 1394 5117 novam
1434 5057 1637 5134 ipsam
1688 5059 2108 5134 prmsentiam,
2153 5066 2215 5119 et
2250 5057 2782 5118 inhabitationem
2816 5058 3065 5119 ratione
3090 5058 3243 5119 doni
3304 5061 3624 5128 concessi,
3656 5063 3843 5135 quod

592 5149 780 5210 simul
828 5152 901 5211 ad
928 5159 1105 5213 extra
1146 5160 1273 5214 tota
1323 5162 1626 5228 operatur
1655 5157 2053 5217 sanctissima
2078 5154 2356 5216 Trinitas
2392 5175 2407 5216 :
2443 5171 2514 5215 ac
2554 5161 2856 5233 prmterea
2894 5155 2957 5215 in
2999 5172 3071 5215 ea
3106 5173 3216 5232 per
3249 5157 3518 5233 gratiam
3553 5157 3845 5218 sanctiﬁ-

593 5252 839 5305 cantem
890 5246 1091 5323 justis
1152 5249 1220 5308 in
1268 5247 1646 5310 hominibus
1678 5250 2165 5323 inhabitatione,
2214 5250 2548 5328 quidpiam
2606 5251 2976 5311 inveniatur
3028 5252 3202 5328 quod
3275 5253 3480 5328 ipsius
3547 5268 3849 5327 personm

595 5338 873 5415 Spiritus
912 5341 1110 5402 sancti
1146 5344 1477 5419 proprium
1511 5344 1616 5415 sit,
1647 5348 1845 5406 veluti
1887 5347 2186 5423 specialis
2224 5348 2515 5425 quasdam
2551 5346 2844 5425 ejusdem
2902 5363 3195 5425 persona:
3226 5349 3301 5409 ad
3340 5348 3618 5409 animam
3676 5348 3844 5425 justi

592 5436 961 5513 applicatio.
996 5439 1084 5498 lta
1115 5436 1528 5517 frequentius
1590 5443 1798 5503 Latini
1849 5445 2192 5521 scriptores
2248 5446 2503 5507 docent.
2541 5445 2926 5523 Aquinatem
2983 5446 3397 5523 potissimum
3449 5448 3743 5519 consule,
3783 5459 3853 5510 et

596 5534 949 5603 Patavium,
985 5542 1047 5595 et
1078 5536 1488 5596 Franciscum
1527 5539 1847 5615 Sylvium.

679 5628 993 5708 (11.)Alia
1045 5631 1323 5706 profero,
1385 5651 1527 5711 qua:
1564 5636 1624 5695 in
1652 5636 1926 5710 epistola
1978 5636 2053 5697 ad
2108 5637 2443 5698 Nicolaum
2497 5638 2841 5699 diaconum
2895 5638 3425 5717 TheOphylactus
3483 5639 3850 5702 accumulat

596 5735 974 5803 argumenta
1004 5745 1017 5782 :
1054 5728 1151 5801 Id,
1171 5729 1337 5808 quod
1364 5731 1446 5789 ad
1478 5732 1905 5791 exsistendum
1934 5752 2091 5811 opus
2122 5734 2301 5795 habet
2352 5733 2597 5794 duobus
2629 5735 2995 5814 principiis,
3058 5735 3156 5795 vel
3188 5736 3391 5814 majus
3428 5744 3518 5793 est
3552 5754 3619 5794 eo
3679 5738 3849 5811 quod

595 5821 671 5882 ab
710 5841 831 5882 uno
852 5825 1173 5904 principio
1205 5840 1315 5899 est,
1378 5828 1475 5887 vel
1509 5828 1877 5907 cequale,vcl
1900 5831 2127 5894 minus.
2155 5829 2274 5890 Sed
2318 5829 2547 5907 mquulc
2582 5848 2710 5888 esse
2740 5849 2865 5889 non
2896 5832 3151 5909 potest:
3182 5832 3349 5910 foret
3398 5830 3559 5890 enim
3610 5830 3687 5891 ab
3718 5849 3845 5890 uno
