3966 6420
102 368 145 435 93
1004 399 1107 462 na
1143 390 1735 461 THEOPHYLAC'I‘I
1774 391 2052 460 assus
2083 392 2190 456 ET
2218 393 2603 458 SCRIPTIS.
3380 385 3452 453 9t

96 492 349 605 ρνξξειρξο,
720 508 991 575 aliter.
1031 513 1449 593 Relinquitur
1490 527 1641 586 ergo
1674 522 1805 571 esse
1824 511 2060 591 majus,
2092 505 2195 570 vel
2222 508 2515 571 minus...
2578 506 2801 587 Igitur
2859 506 3155 587 Spiritus
3190 513 3452 566 sanctus

98 597 366 677 callidior
398 599 620 665 Filio
659 606 849 686 (qui
890 609 985 672 ab
1013 608 1213 693 uno);
1248 616 1315 670 et
1344 626 1495 671 ecce
1552 622 1787 670 novam
1822 606 2244 685 impietatem.
2270 606 2391 667 Vel
2426 614 2524 668 est
2558 607 2774 668 minor
2813 604 3250 683 Filio,sicque
3282 605 3455 665 reci-

32 692 45 761 l
95 692 820 769 vitdtllacedossiua...
870 707 953 769 Si
973 692 1151 769 Filio
1174 707 1384 788 major
1414 713 1507 766 est
1540 703 1598 765 Β

1888 722 1982 777 eo,
2014 702 2187 783 quod
2216 721 2414 764 causa
2444 705 2581 788 ejus
2614 712 2709 765 est
2741 724 2762 764 :
2788 712 2851 765 et
2877 704 3017 782 ipse
3069 700 3287 763 Filius
3327 701 3451 763 erit

96 793 239 877 πίον
259 795 538 876 Spiritu
559 813 852 867 sancto
899 808 1116 867 eadem
1147 804 1487 865 ratione...
1506 800 1625 863 Ubi
1658 801 1964 865 invenisti
1984 801 2228 864 Filium
2267 800 2400 863 dici
2440 802 2751 883 majorem
2778 800 3087 881 Spiritu?
3116 792 3452 875 Quomodo

101 889 759 976 tatdesrproprietas
807 902 1175 964 communis
1204 918 1335 961 esse
1357 897 1617 977 potest?

159 992 229 1053 Ad
254 996 723 1070 postremum
793 1004 1270 1079 argumentum
1305 994 1555 1058 solutio
1590 992 1778 1056 Becci
1819 1002 1919 1055 est
1970 992 2149 1075 inter
2174 991 2618 1056 refutationes
2649 992 2860 1057 Pbotii
2894 994 2962 1055 in
3013 993 3242 1056 eadem
3282 990 3453 1053 0m-

110 1091 231 1151 tim
253 1088 321 1151 de
354 1092 640 1154 unione
672 1072 1173 1168 Eccle'siarum,
1212 1109 1395 1156 num.
1426 1090 1547 1154 52:
1585 1112 1617 1148 ι
1648 1090 1853 1161 Dicis,
1911 1090 1979 1153 Si
2013 1072 2365 1153 communis
2397 1099 2491 1153 est
2519 1091 2745 1154 Patris
2770 1101 2832 1154 et
2862 1092 3027 1154 Filii
3074 1091 3454 1171 proprietas

114 1187 412 1269 productio
442 1192 791 1270 Spiritus
828 1193 1067 1269 sancti,
1115 1192 1821 1272 quomodocommune
1855 1190 1978 1252 erit
2020 1191 2457 1271 proprietas?
2492 1194 2625 1271 Ego
2677 1207 2871 1270 porro
2919 1190 3115 1253 dico:
3167 1205 3450 1267 quanam

117 1286 321 1350 ratione
357 1288 674 1351 maxime
711 1290 1097 1353 absurdum
1127 1288 1242 1349 tibi
1273 1288 1555 1355 videtur.
1586 1304 1733 1351 esse
1778 1287 2032 1369 aliquid
2088 1305 2423 1350 commune
2458 1289 2630 1352 Patri
2665 1296 2732 1351 et
2790 1288 2991 1362 Filio,
3051 1288 3327 1369 proprie
3383 1284 3451 1348 in

120 1384 249 1463 ipsis
279 1384 447 1448 solis
494 1387 1065 1459 consideratam,
1108 1387 1283 1466 quod
1333 1400 1464 1447 non
1500 1384 1586 1445 sit
1617 1402 1944 1447 commune
1970 1384 2310 1465 Spiritui?
2373 1388 2485 1447 Est
2515 1386 2694 1447 enim
2768 1400 3122 1447 commune
3176 1383 3343 1445 Patri
3390 1388 3455 1444 et

119 1480 287 1557 Filio,
313 1482 503 1562 quod
540 1483 851 1561 Spiritui
888 1498 1241 1544 commune
1282 1498 1413 1543 non
1466 1487 1563 1543 est
1597 1502 1614 1542 :
1646 1489 1711 1543 et
1744 1481 1922 1560 quod
1954 1496 2085 1544 non
2118 1482 2348 1555 unius,
2382 1481 2497 1542 sed
2528 1483 2808 1543 duarum
2854 1495 3286 1560 personarum
3325 1486 3450 1551 est,

36 1618 37 1643 ι
124 1577 610 1641 boccommnne
641 1578 935 1651 dicitur,
969 1586 1032 1639 et
1063 1587 1193 1652 est;
1250 1579 1428 1658 quod
1487 1592 1640 1639 vero
1693 1577 1957 1655 proprie
1992 1577 2061 1640 in
2096 1576 2232 1640 illis
2261 1578 2745 1652 consideratur,
2801 1579 2865 1640 e't
2901 1575 3089 1639 illius
3130 1576 3451 1655 particeps

30 1658 35 1745 Α

26 1832 29 1867 Γ

121 1692 231 1738 non
259 1684 358 1741 est
395 1676 745 1757 Spiritus,
782 1677 1035 1739 dicitur
1063 1692 1294 1738 eorum
1335 1674 1723 1755 proprietas.
1752 1676 2000 1754 Nempe
2037 1681 2109 1737 ut
2137 1690 2219 1737 eo
2247 1673 2692 1754 distinguatur
2756 1673 2838 1736 ab
2892 1673 3027 1735 illis
3055 1672 3396 1750 Spiritus.
3430 1716 3449 1734 .

120 1775 448 1852 Nyssenus
515 1773 817 1836 bomilia
890 1775 963 1836 in
1024 1771 1395 1835 Orationem
1456 1772 1877 1841 Dominicam,
1931 1768 2277 1834 manifeste
2341 1770 2406 1834 id
2462 1770 2696 1834 astruit
2755 1792 2779 1833 εν
2808 1770 2966 1833 Cum
3020 1770 3189 1832 enim
3242 1768 3453 1831 Filius

24 1870 27 1901 ν
116 1889 185 1931 ea:
216 1870 421 1933 Patre
460 1872 713 1943 exivit,
752 1882 814 1932 et
844 1870 1140 1950 Spiritus
1200 1888 1279 1931 ex
1316 1869 1448 1929 Deo
1492 1877 1551 1931 et
1584 1868 1778 1931 Patre
1817 1867 2139 1948 procedit.
2179 1865 2308 1931 Sed
2340 1866 2873 1948 quemadmodum
2892 1869 3033 1928 sine
3060 1885 3256 1935 causa
3295 1885 3451 1937 esse,

114 1986 243 2029 mm
265 1969 363 2029 sit
379 1968 603 2030 solius
647 1967 904 2039 Patris,
942 1968 1116 2029 Filio
1151 1975 1207 2028 et
1230 1966 1521 2045 Spiritui
1544 1963 1852 2045 adoptari
1878 1966 2146 2046 nequit:
2172 1968 2267 2029 sic
2322 1976 2578 2035 contra.
2618 1983 2750 2030 esse
2782 1984 2865 2028 ea:
2901 1983 3121 2035 causa,
3162 1965 3336 2045 quod
3363 1973 3455 2026 est

111 2064 261 2126 Filii
290 2075 357 2126 et
389 2065 708 2145 Spiritus
736 2066 1106 2144 proprium,
1141 2063 1216 2126 de
1235 2063 1429 2125 Patre
1459 2062 1863 2125 considerari
1894 2064 2181 2125 alienum
2237 2074 2331 2127 est
2362 2082 2403 2124 a
2435 2074 2702 2125 natura.
2736 2064 2896 2128 Cum
2937 2081 3087 2126 vero
3126 2081 3458 2124 commune

110 2164 189 2222 sit
242 2161 436 2223 Filio
498 2171 561 2222 et
611 2162 909 2241 Spiritui
954 2168 1174 2221 sancto
1210 2178 1344 2220 non
1385 2177 1518 2219 esse
1565 2160 1799 2239 absque
1842 2173 2031 2229 ortu;
2064 2177 2303 2223 rursus
2335 2170 2455 2222 est:
2478 2160 2693 2242 facile,
2727 2160 3163 2242 differentiam
3216 2177 3353 2240 qua
3390 2159 3462 2221 in

107 2278 328 2320 eorum
359 2258 905 2339 proprietatibus
942 2267 1060 2326 est,
1086 2259 1399 2337 reperire.
1454 2257 1743 2320 Adverte
1799 2255 2203 2319 animum...
2237 2258 2576 2338 quomodo
2630 2258 3104 2337 proprietatem
3167 2258 3455 2319 duarum

106 2364 366 2418 tantum
406 2371 857 2433 personarum
912 2353 1187 2418 vocavit
1220 2373 1303 2417 ea:
1332 2350 1529 2416 causa
1571 2372 1675 2415 eas
1707 2370 1841 2415 esse
1878 2376 1906 2416 -:
1947 2361 2010 2418 et
2042 2357 2377 2436 quomodo
2406 2355 2920 2438 repraesentavit,
2947 2373 3275 2419 commune
3306 2371 3455 2419 esse

107 2454 353 2516 iisdem
394 2454 674 2515 duabus
705 2452 1005 2530 personis
1033 2452 1277 2530 absque
1314 2460 1465 2512 ortu
1486 2469 1623 2512 non
1652 2468 1810 2514 esse.
1840 2472 1871 2507 ι
3246 2462 3249 2465 λ

177 2553 423 2630 [XLV]
490 2551 748 2614 Caetera
822 2558 894 2612 ut
954 2540 1170 2611 locum
1220 2549 1537 2611 haberent
1595 2554 2008 2628 argumenta,
2046 2547 2547 2629 TheOpbylacto
2611 2549 3255 2614 comminiscendum
3289 2554 3456 2624 erat,

4 2708 5 2715 η
109 2649 369 2711 Patrem
404 2656 477 2709 et
536 2646 792 2708 Filium
847 2646 973 2707 duo
1028 2644 1341 2707 constitui
1376 2644 1581 2707 sancti
1623 2644 1908 2722 Spiritus
1941 2646 2281 2725 principia
2316 2668 2337 2707 :
2370 2663 2519 2708 cum
2551 2665 2588 2710 e
2623 2654 2871 2720 contra,
2928 2647 3101 2710 sicut
3152 2649 3341 2709 Pater
3394 2653 3460 2708 et

109 2744 351 2818 Filius,
381 2751 713 2824 quantum
743 2740 829 2803 ad
862 2744 981 2805 hoc
1003 2740 1172 2823 quod
1200 2751 1294 2804 est
1328 2760 1467 2802 esse
1488 2741 1898 2821 principium
1932 2742 2225 2821 Spiritus
2255 2745 2493 2817 sancti,
2529 2759 2657 2805 non
2692 2750 3130 2825 opponuntur
3160 2765 3176 2804 :
3209 2744 3297 2804 ita
3340 2741 3465 2805 mi-

112 2842 291 2905 nime
335 2842 887 2921 distinguantur,
919 2839 1035 2903 sed
1081 2839 1216 2902 sint
1246 2839 1382 2902 duo
1412 2838 1759 2918 supposita
1789 2855 1935 2900 cum
1964 2855 2093 2901 una
2124 2838 2493 2919 eademque
2531 2840 2851 2919 Spiritum
2880 2848 3182 2903 sanctum
3215 2840 3465 2920 produ-

113 2939 301 3001 cendi
364 2939 658 3000 virtute.

178 3034 345 3117 (12.)
384 3036 635 3097 Fuerit
686 3049 845 3108 ergo
895 3032 1138 3107 Filius,
1194 3032 1446 3113 inquis,
1487 3032 1752 3113 Spiritu
1797 3040 2021 3094 sancto
2072 3032 2335 3115 major?
2373 3054 2403 3089 α
2465 3031 2851 3103 Considera,
2898 3032 3159 3112 reponit
3213 3033 3460 3096 Beccus

112 3150 297 3196 num.
334 3135 455 3207 67,
508 3150 599 3196 ne
630 3130 757 3193 tibi
782 3130 916 3193 haec
939 3130 1261 3194 dubitatio
1293 3130 1360 3193 in
1388 3133 1819 3210 opprobrium
1858 3136 2174 3203 vertatur,
2200 3131 2257 3193 si
2284 3129 2487 3193 Italus
2509 3147 2821 3209 magnum
2866 3130 2987 3193 tibi
3027 3130 3459 3194 Athanasium

112 3234 445 3309 producet
470 3230 784 3293 oratione
814 3246 834 3289 ι
860 3226 1180 3290 Adversus
1204 3228 1489 3289 Arianos
1520 3231 1733 3307 (num.
1762 3228 1865 3307 50)
1902 3228 2033 3289 hinc
2066 3226 2434 3290 tradentem
2475 3248 2494 3291 :
2540 3227 2907 3308 Discipulis
2941 3230 3255 3293 Dominus
3315 3227 3459 3291 dei-

109 3328 301 3389 tatem
330 3334 411 3389 et
440 3325 962 3405 magnitudinem
984 3341 1165 3384 suam
1197 3321 1558 3397 ostendens,
1589 3340 1721 3383 non
1748 3325 2061 3384 minorem
2090 3324 2500 3403 semetipsum
2528 3324 2814 3403 Spiritu,
2882 3323 2995 3385 sed
3047 3327 3353 3406 majorem
3400 3334 3463 3388 et

108 3422 428 3504 aqualem
476 3440 623 3484 esse
655 3419 1059 3505 signiﬁcans,
1088 3418 1381 3480 tradebat
1412 3418 1758 3498 Spiritum,
1803 3418 2175 3499 dicebatque
2208 3440 2228 3481 :
2260 3420 2399 3499 Ego
2453 3420 2639 3481 illum
2696 3424 2908 3495 mitto,
2943 3431 3002 3483 et
3039 3423 3178 3502 ipse
3202 3442 3295 3483 me
3324 3420 3463 3503 glo-

113 3518 440 3598 riﬁcabit,
495 3525 566 3579 et
606 3533 994 3596 quacunque
1042 3512 1284 3588 audiet,
1337 3513 1656 3593 loquetur.
1700 3532 1738 3570 ι’
1761 3516 1832 3576 In
1868 3516 2229 3580 Parisiensi
2293 3517 2780 3579 Montiauconii
2826 3517 3121 3582 editione
3154 3538 3302 3593 vox,
3342 3520 3464 3592 μιίο

115 3616 266 3699 ξφα,
298 3617 667 3697 majorem,
699 3612 1129 3674 desideratur.
1178 3610 1429 3672 Habent
1464 3610 1639 3672 illam
1673 3612 1997 3675 editiones
2019 3614 2190 3685 alim,
2221 3631 2295 3676 ac
2326 3632 2486 3678 mss.
2548 3616 2810 3678 codices
2844 3615 3084 3694 aliqui.
3115 3618 3212 3679 Ad
3282 3617 3464 3682 hunc

114 3711 335 3775 locum
371 3713 712 3775 admonet
742 3709 1040 3770 laudatus
1078 3706 1314 3775 editor,
1340 3707 1407 3769 in
1453 3708 1745 3787 margine
1775 3710 2021 3772 codicis
2048 3710 2449 3773 Basileensis
2508 3711 2640 3774 haec
2668 3713 3011 3775 adnotari:
3074 3712 3249 3788 Vide,
3302 3732 3463 3794 quo-

113 3808 294 3870 modo
327 3809 570 3871 Filius
593 3805 856 3885 (aqualis
892 3814 951 3866 et
975 3804 1181 3885 major
1211 3805 1297 3866 sit
1333 3804 1597 3883 Spiritu
1622 3825 1643 3865 :
1680 3807 1940 3886 aqualis
1964 3806 2219 3888 quidem
2246 3808 2596 3871 secundum
2619 3809 3054 3887 divinitatem,
3072 3814 3281 3895 major
3308 3830 3462 3874 vero

115 3906 375 3967 ratione
398 3919 652 3977 causa,
683 3910 757 3962 ut
788 3909 845 3962 et
866 3902 1060 3962 Pater
1089 3902 1229 3980 ipso
1276 3900 1473 3965 Verbo
1506 3910 1600 3962 est
1638 3903 1867 3983 major.
1918 3906 2161 3985 Nempe
2188 3922 2386 3969 unam
2426 3922 2555 3970 vox
2602 3906 2718 3971 illa
2783 3907 3177 3990 dignitatem
3212 3909 3489 3974 indicat'

116 4002 379 4064 ratione
416 3998 746 4077 originis.
2914 4024 2919 4027 _

184 4100 298 4160 76.
362 4092 978 4159 Animadversione
1032 4091 1418 4172 dignissima
1492 4099 1864 4175 sequuntur
1921 4095 2393 4178 Tbeophylaeti
2470 4100 2663 4163 verba
2714 4101 2784 4164 in
2855 4102 3138 4182 epistola
3209 4103 3457 4184 saepius

120 4200 493 4256 memorata
552 4191 638 4252 ad
696 4188 1040 4251 Nicolaum
1101 4190 1450 4253 diaconum
1510 4199 1575 4253 et
1631 4192 2051 4257 canstrisium
2103 4217 2121 4257 :
2172 4197 2248 4258 Si
2302 4196 2557 4259 dixeris
2618 4208 2678 4259 te
2740 4200 3070 4280 afﬁrmare
3130 4201 3459 4280 Spiritum

121 4303 199 4348 es
256 4288 452 4352 Filio
484 4285 867 4367 procedere,
922 4295 1234 4365 quatenus
1281 4287 1359 4350 ab
1412 4305 1483 4349 eo
1544 4287 1967 4352 distribuitur
2017 4300 2077 4353 et
2129 4292 2404 4355 datur...
2433 4304 2493 4355 et
2520 4291 2609 4356 ad
2660 4296 2757 4357 ita
2790 4296 3177 4371 loquendum
3212 4299 3357 4376 cogi
3395 4306 3455 4360 te

116 4385 405 4460 penuria
437 4401 702 4454 cocum,
732 4382 1094 4461 Latinisque
1122 4381 1357 4463 lingua:
1392 4395 1855 4466 paupertate...
1885 4407 1995 4469 ego
2013 4392 2262 4453 veniam
2298 4392 2494 4472 facile
2544 4392 2734 4466 dabo,
2763 4404 2837 4455 ut
2875 4393 2947 4455 in
2993 4395 3145 4456 aliis
3177 4395 3455 4474 quidem,

118 4481 230 4543 ιω
290 4492 421 4552 est,
472 4479 943 4553 communibus,
986 4498 1061 4542 ac
1128 4482 1313 4542 etiam
1372 4484 1817 4547 ecclesiasticis
1853 4488 2276 4561 sermonibus,
2318 4488 2377 4550 si
2428 4489 2609 4563 celis,
2659 4489 2923 4551 pacibus
2966 4492 3181 4551 utaris
3213 4502 3287 4550 ut
3319 4490 3444 4554 tibi

117 4573 346 4656 lingua
382 4574 693 4638 concedit
730 4597 750 4636 :
776 4577 1106 4654 praemissa
1142 4586 1344 4639 tamen
1373 4583 1775 4650 convenieati
1822 4580 2283 4658 declaratione,
2307 4604 2392 4646 ne
2423 4587 2538 4667 qui
2564 4585 2871 4663 audiunt,
2898 4587 3199 4666 ignorent
3228 4586 3447 4667 dupli-

117 4689 242 4733 cem
273 4692 418 4736 esse
451 4673 638 4733 oecis
666 4672 1155 4753 intelligentiam
1205 4676 1723 4755 (processionem
1779 4682 2056 4757 scilicet,
2112 4683 2483 4745 secundum
2554 4685 2732 4764 quod
2782 4700 2815 4746 δ
2858 4682 3002 4745 solo
3035 4685 3216 4747 Patre
3262 4684 3458 4749 habet

115 4786 289 4845 esse,
324 4779 394 4834 et
431 4768 840 4831 effusionem
875 4769 977 4836 vel
1002 4773 1663 4837 communicationem
1699 4776 2035 4861 Spiritus).
2070 4782 2155 4843 At
2184 4797 2334 4842 vero
2365 4783 2437 4844 in
2478 4780 2781 4863 Symbolo
2851 4781 3141 4861 exprime
3189 4800 3461 4862 proces-

112 4865 365 4928 sionem
387 4886 437 4929 a
466 4864 625 4925 solo
644 4864 862 4927 Patre.

185 4964 400 5027 nunc
434 4964 593 5024 sine
625 4961 831 5026 dubio
868 4961 1086 5026 locum
1129 4963 1457 5028 indicabat
1512 4967 1798 5032 Joannes
1829 4972 2074 5036 Beccus
2111 4974 2283 5037 inter
2312 4974 2616 5056 ejusdem
2648 4974 3129 5057 Theophylacti
3200 4976 3454 5041 refuta-

111 5058 367 5138 tioues,
408 5077 607 5124 num.
641 5060 765 5122 66:
802 5083 832 5117 ι
862 5062 997 5141 Ego
1024 5062 1285 5125 interim
1318 5064 1554 5142 gratias
1583 5066 1701 5127 tibi
1725 5067 2290 5151 (Theopbylacte),
2324 5088 2449 5153 ago
2476 5071 2559 5135 de
2585 5072 2756 5135 bona
2791 5076 3055 5150 mente;
3097 5076 3364 5155 quando
3392 5083 3455 5137 te

110 5162 416 5240 reperio,
450 5160 778 5222 unionem
821 5159 1124 5223 Ecclesia)
1152 5161 1355 5224 veluti
1381 5180 1415 5225 a
1453 5164 1703 5238 subtili,
1732 5164 1911 5245 quod
1948 5167 2163 5239 aiunt,
2214 5168 2321 5244 ﬁlo
2349 5168 2753 5246 appendisse
2786 5169 2853 5231 in
2906 5169 3070 5242 illis,
3115 5188 3263 5250 qua:
3293 5171 3457 5237 llalo

108 5258 434 5321 insinuas
474 5274 491 5317 :
522 5257 610 5318 In
651 5255 801 5318 aliis
829 5255 1082 5336 quidem
1116 5256 1386 5320 concedo
1416 5259 1557 5331 tibi,
1591 5280 1801 5323 vocem
1831 5263 2274 5343 usurpandam
2302 5266 2600 5345 Spiritus
2633 5284 2715 5328 ea:
2751 5266 2945 5328 Patre
2977 5276 3038 5329 et
3079 5266 3255 5330 Filio
3283 5286 3451 5348 pro-

109 5358 463 5429 cessionis,
504 5364 583 5415 ut
620 5352 740 5417 tibi
768 5355 993 5431 lingua
1015 5356 1337 5435 permittit
1374 5378 1397 5420 :
1425 5360 1493 5421 in
1522 5362 1963 5423 communibus
1988 5365 2211 5441 nempe
2240 5364 2644 5426 sermonibus
2680 5364 3141 5428 ecclesiasticis
3204 5378 3263 5428 et
3317 5367 3457 5430 col-

108 5449 381 5532 loquiis,
416 5454 483 5515 si
512 5451 904 5521 allubescat;
939 5452 1011 5514 in
1037 5451 1335 5531 Symbolo
1370 5472 1521 5515 vero
1551 5457 1713 5531 solo,
1746 5476 1879 5518 non
1909 5458 2269 5520 concedam.
2305 5461 2674 5523 Exosculor
2696 5460 2899 5524 animi
2942 5463 3037 5525 lui
3072 5464 3452 5541 candorem,

110 5556 168 5608 et
195 5564 516 5630 agnosco
558 5549 793 5611 unioni
830 5556 893 5611 te
927 5564 1234 5627 magnum
1269 5550 1527 5625 pondus
1560 5553 1922 5617 addidisse.
1964 5577 1996 5612 ι

180 5648 351 5751 illnc
400 5649 701 5713 invicem
754 5646 912 5751 duo,
964 5663 1112 5726 qum
1166 5649 1356 5711 tradit
1412 5651 1553 5751 loco
1583 5647 1781 5715 citato
1806 5652 2363 5740 Theopbylactus,
2399 5671 2629 5734 quasve
2660 5656 2909 5718 Beccus
2951 5656 3452 5751 animadvertit,

111 5745 345 5810 minus
388 5763 690 5811 consona
726 5746 1035 5807 videntur
1070 5767 1085 5803 :
1123 5762 1336 5825 neque
1372 5747 1583 5826 primo
1606 5758 1874 5831 aspectu
1932 5750 2162 5811 bonam
2213 5762 2483 5814 mentem
2526 5753 2843 5816 exhibent
2876 5755 3071 5816 verba
3112 5772 3184 5819 ar
3204 5745 3456 5836 chiepi;

112 5845 327 5911 5000i.
364 5846 712 5908 Docuerat
735 5857 995 5919 nempe,
1022 5843 1461 5919 processionis
1490 5850 1742 5913 nomine
1793 5846 2121 5912 declarari
2150 5847 2403 5911 modum
2431 5868 2554 5931 quo
2608 5851 2902 5930 Spiritus
2934 5852 3121 5915 habet
3145 5872 3279 5916 esse
3308 5875 3331 5916 :
3367 5870 3442 5918 ac
