3966 6414
597 407 666 470 95
1441 401 1664 466 BERN.
1703 399 1969 464 MARLE
2005 401 2103 463 DE
2142 398 2429 465 RUBEIS
2469 403 2974 466 DISSERTATIO
3789 399 3864 459 96

598 522 918 589 missionis
954 538 1159 583 vocem
1211 520 1568 599 signiﬁcare
1603 516 2024 580 abundantem
2061 517 2371 580 donorum
2430 517 2852 599 largitionem,
2916 536 3050 598 qum
3089 538 3146 590 α,
3183 519 3376 579 Patre
3410 520 3686 598 q-uiden
3727 530 3853 584 est,

600 618 708 679 sed
735 638 775 680 α
816 618 981 680 Filio
1017 618 1083 678 in
1113 635 1213 676 eos
1242 617 1350 694 qui
1379 615 1558 694 digni
1581 625 1753 687 sunt,
1785 615 2162 693 effunditur.
2204 616 2365 674 Tum
2405 616 2724 687 Latinum,
2761 615 2855 675 vel
2892 614 3118 674 Italum
3173 613 3452 687 inducit,
3488 615 3548 675 id
3623 613 3864 692 utique

600 714 907 782 cientem,
947 719 1010 774 et
1047 711 1476 773 nihilominus
1507 708 1950 792 affirmantem,
1982 708 2294 788 Spiritum
2323 727 2402 769 es:
2433 705 2602 770 Filio
2629 710 2997 786 procedere,
3036 719 3342 789 quatenus
3378 710 3453 770 ab
3509 729 3576 770 eo
3630 710 3864 771 distri-

600 808 824 870 buitur
850 828 922 884 ac
953 807 1164 881 datur,
1208 807 1404 874 veluti
1441 807 1517 868 ad
1551 806 1637 867 ita
1679 805 2076 882 loquendum
2114 806 2385 881 penuria
2417 814 2700 866 coactum
2746 824 2966 866 voc-um
3003 806 3354 884 Latinaeque
3411 808 3643 884 linguis
3690 824 3866 883 pau-

570 916 871 984 pertate.
906 906 1352 967 Commentum
1384 903 1626 964 scilicet
1658 899 1948 962 obtrudit
1981 897 2524 976 TheOphylactus.
2586 900 2998 962 ltalusenim
3042 908 3151 961 aut
3205 903 3473 963 Latinus
3531 903 3724 963 hocce
3789 892 3864 961 in

607 1009 992 1078 argumento
1025 999 1349 1061 incusavit
1409 997 1628 1060 nullus
1697 1012 1978 1074 unquam
2037 995 2276 1070 lingua)
2336 1014 2472 1058 sum
2513 998 2751 1059 Latinae
2785 1005 3219 1076 paupertatem
3266 1014 3337 1056 ac
3373 1013 3599 1059 vocum
3636 1014 3860 1068 penu-

611 1097 795 1171 riam,
857 1112 1072 1174 neque
1133 1101 1335 1172 potest
1376 1094 1698 1155 incusare.
1762 1089 1890 1154 Bac
1951 1108 2103 1153 vero
2162 1092 2628 1169 prmsupposita
2700 1094 2939 1170 linguas
3004 1099 3402 1168 paupertate,
3461 1092 3714 1152 veniam
3785 1108 3864 1153 se

610 1192 912 1255 daturum
948 1192 1175 1253 Latino
1209 1192 1297 1252 ait
1329 1189 1666 1266 Bulgarus,
1717 1190 1797 1260 si,
1841 1200 2106 1265 excepto,
2150 1187 2466 1266 Symbolo,
2501 1187 2566 1247 in
2602 1187 2750 1248 aliis
2806 1187 3265 1261 familiaribus,
3294 1195 3355 1249 et
3387 1188 3863 1249 ecclesiasticis

602 1288 797 1350 etiam
837 1287 1212 1364 colloquiis,
1243 1287 1552 1364 Spiritum
1581 1295 1868 1355 sanctum
1902 1305 1939 1345 a
1971 1285 2158 1346 Patre
2211 1293 2267 1346 et
2294 1285 2463 1346 Filio
2490 1283 2932 1363 procedentem
2970 1292 3212 1345 asserat
3249 1305 3265 1345 :
3318 1301 3388 1345 ea
3430 1293 3644 1345 tamen
3695 1301 3864 1346 «au-

603 1383 778 1447 tione
807 1383 1111 1455 adhibita,
1146 1381 1522 1460 utejusdem
1544 1383 1823 1458 Spiritus
1855 1381 2252 1456 intelligatur
2271 1379 2508 1450 missio,
2541 1378 2823 1450 donatio,
2859 1377 3228 1438 distributio
3256 1394 3365 1454 per
3394 1378 3864 1438 charismatum

605 1478 1079 1556 elargitionem.
1117 1479 1259 1541 Hmc
1299 1478 1598 1538 videntur
1624 1478 1947 1548 evincere,
1983 1476 2249 1536 minime
2279 1474 2737 1553 Theophylacti
2777 1482 3053 1536 mentem
3114 1475 3346 1546 fuisse,
3401 1482 3468 1536 ut
3519 1475 3593 1536 ad
3648 1477 3861 1536 solam

603 1574 1542 1656 vocis,Filioque,additionem
1573 1574 1648 1635 ad
1682 1574 2084 1653 Symbolum,
2111 1580 2220 1635 aut
2251 1570 2674 1633 emissionem
2708 1571 2897 1644 ineo,
2927 1571 3128 1650 redigi
3161 1572 3862 1650 possit-controversias

601 1685 874 1732 summa.

681 1788 754 1849 Ut
791 1795 863 1849 ut
893 1805 1038 1850 sese
1071 1807 1170 1850 res
1207 1788 1461 1860 habeat,
1496 1787 1683 1850 boum
1717 1785 1926 1866 frugis
1963 1787 2210 1867 aliquid
2243 1786 2307 1846 in
2344 1787 2837 1864 archiepiscopo
2878 1788 3266 1866 agnoscebat
3303 1790 3541 1851 Beccus
3581 1811 3594 1849 :
3629 1796 3861 1866 utpote

606 1882 719 1959 qui
749 1884 975 1945 Letino
1014 1885 1439 1962 permitteret,
1466 1885 1781 1962 Spiritum
1815 1890 2106 1945 sanctum
2138 1885 2585 1961 procedentem
2619 1899 2653 1944 a
2709 1885 2888 1944 Patre
2944 1883 3246 1963 Filioque
3299 1883 3614 1946 afﬁrmare
3672 1890 3862 1947 extra

605 1981 1018 2059 Symbolum;
1052 1999 1196 2045 cum
1225 2001 1257 2044 e
1291 1993 1506 2044 contra
1535 1984 1902 2045 Graecorum
1942 1979 2235 2058 plerique
2273 1978 2666 2038 locutionem
2714 1977 2898 2050 hanc,
2931 1978 3128 2039 veluti
3164 1996 3372 2056 angue
3411 1982 3622 2057 pejus,
3656 1998 3858 2042 exse-

604 2087 967 2139 craren'ur.
1001 2078 1163 2139 Illud
1205 2079 1393 2140 etiam
1429 2087 1564 2139 erat
1595 2076 2007 2140 emolumenti
2045 2098 2060 2136 :
2095 2075 2266 2154 quod
2301 2090 2443 2135 cum
2477 2073 2762 2151 Spiritus
2813 2074 3075 2134 sanctia
3111 2074 3302 2134 Patre
3333 2085 3389 2135 et
3419 2093 3458 2134 a
3489 2075 3660 2137 Filio
3694 2094 3864 2154 pro-

603 2174 937 2234 cessionem
985 2173 1268 2253 intelligi
1325 2180 1385 2233 et
1453 2175 1650 2250 aecipi
1703 2173 2101 2252 permitteret
2167 2185 2281 2247 pro
2313 2170 2518 2246 ipsius
2548 2169 2842 2234 missione
2875 2186 2988 2246 per
3017 2170 3337 2232 donorum
3365 2171 3862 2251 elargitionem,

603 2267 768 2328 viam
802 2269 1054 2346 parabat
1086 2269 1398 2331 adveram
1433 2266 1725 2349 ejusdem
1748 2269 2070 2330 missionis
2102 2264 2623 2344 intelligentiam,
2657 2281 2848 2344 quam
2884 2266 3020 2326 sine
3055 2274 3289 2328 aeterna
3322 2284 3609 2345 personce
3650 2270 3872 2332 missa!

600 2365 1002 2443 processione
1025 2365 1098 2427 ab
1130 2365 1334 2425 altera
1361 2381 1489 2426 non
1522 2364 1902 2437 consistere,
1933 2364 2061 2443 jam
2094 2360 2334 2437 saepius
2377 2360 2856 2422 adnotavimus.

681 2483 1049 2558 [XLVI]77.
1085 2483 1734 2562 Fucruntraeteroqui
1769 2485 1908 2563 ejus
1929 2482 2126 2544 aetatis
2159 2480 2455 2541 doctores
2488 2481 2712 2552 Grmci,
2741 2481 2851 2558 qui
2879 2497 2989 2542 eos
3021 2481 3191 2543 inter
3220 2499 3290 2544 ac
3307 2483 3564 2546 Latinos
3594 2490 3866 2546 contro-

613 2579 834 2639 versiae
869 2585 1258 2639 momentum
1297 2578 1664 2655 redigereut
1713 2581 1786 2639 ad
1813 2596 2000 2640 unam
2041 2577 2235 2650 vocis,
2273 2575 2581 2654 Filioque,
2609 2577 3003 2640 additionem
3038 2577 3114 2658 ad
3149 2578 3550 2657 Symbolum.
3588 2579 3869 2658 lncepto

603 2672 837 2733 saeculo
896 2672 1280 2734 duodecimo
1311 2673 1949 2734 Thessalonicensem
1972 2672 2378 2749 metrupulim
2413 2673 2667 2749 regebat
2691 2673 2961 2745 Nicetas,
2986 2672 3098 2752 qui
3135 2674 3755 2750 primum-Maronem
3790 2675 3862 2738 in

602 2767 1223 2845 Thraciaepiscopus
1241 2768 1382 2830 fuit.
1402 2769 1728 2830 Prolixnm
1750 2769 1888 2847 ejus
1907 2769 2112 2829 locum
2136 2787 2211 2830 ex
2232 2768 2414 2829 libris
2431 2785 2592 2845 quos
2614 2769 3020 2831 concinnavit
3037 2770 3552 2848 de'processione
3572 2771 3866 2847 Spiritus

603 2862 831 2937 sancti,
872 2865 1105 2942 promit
1143 2865 1266 2925 Leo
1305 2864 1574 2924 Allatius
1610 2865 1850 2924 Contra
1898 2865 2345 2940 Hottingerum
2401 2882 2548 2943 pag.
2591 2864 2730 2939 M57,
2775 2865 2882 2926 ubi
2919 2866 3304 2943 diligentius
3338 2866 3632 2927 discussa
3672 2885 3861 2946 quae-

606 2957 845 3027 slione,
881 2958 970 3019 sic
1002 2976 1138 3019 eam
1177 2960 1459 3035 denique
1520 2959 1794 3020 absolvit
1831 2982 1843 3019 :
1880 2981 1906 3013 α
1941 2959 2246 3020 Dictionis
2290 2961 2625 3042 (Filioque)
2665 2961 3050 3022 additionem
3111 2961 3377 3024 silentio
3418 2978 3528 3024 vos
3586 2977 3865 3043 quoque

577 3049 940 3125 involvite,
981 3070 1193 3132 neque
1225 3056 1294 3116 in
1326 3055 1618 3132 Symbolo
1656 3056 2079 3131 imposterum
2120 3057 2526 3132 pronuntiate
2558 3075 2570 3116 :
2608 3060 2719 3118 sed
2745 3060 2834 3119 uti
2876 3061 3111 3130 Patres,
3149 3056 3230 3120 ita
3267 3059 3604 3119 nobiscum
3633 3060 3862 3133 dicite,

608 3145 735 3222 Qui
759 3167 839 3209 ea:
868 3150 1060 3210 Patre
1082 3150 1396 3228 procedit,
1431 3152 1698 3230 quicum
1733 3151 1922 3211 Patre
1956 3161 2010 3212 et
2044 3153 2212 3212 Filio
2244 3154 2430 3214 simul
2457 3154 2892 3232 gloriﬁcatur,-
2930 3158 3100 3233 quod
3125 3157 3278 3216 satis
3320 3157 3636 3235 utrisque,
3665 3158 3866 3219 nobis

605 3252 666 3303 et
698 3244 903 3314 vobis,
938 3264 1052 3324 per
1109 3246 1384 3324 Spiritus
1435 3248 1632 3307 sancti
1693 3248 1982 3326 gratiam,
2043 3263 2327 3308 amorem
2388 3248 2801 3323 conciliabit;
2838 3268 2981 3311 cum
3049 3250 3323 3312 invicem
3360 3253 3868 3326 concordemus,

608 3356 752 3399 cum
789 3341 1066 3404 dicimus
1104 3351 1162 3404 et
1199 3344 1602 3421 profitemur,
1637 3363 1713 3404 ex
1742 3345 1928 3404 Patre
1954 3362 2070 3423 per
2108 3343 2346 3406 Filium
2385 3344 2889 3421 processionem.
2950 3369 2977 3401 »

689 3463 868 3522 Mens
904 3460 1125 3521 eadem
1161 3458 1364 3521 fuisse
1397 3460 1653 3521 videtur
1682 3460 1848 3520 Petri
1888 3460 2271 3522 Antiocheni
2303 3462 2367 3521 in
2403 3458 2674 3538 epistola
2717 3463 2792 3522 ad
2847 3462 3225 3524 Michaelem
3258 3463 3691 3538 Cerularium,
3745 3466 3871 3528 ubi

608 3574 790 3624 nun).
824 3557 910 3619 XI
944 3554 1174 3615 malum
1208 3565 1263 3617 et
1298 3557 1605 3616 malorum
1633 3557 1970 3635 pessimum
2004 3566 2181 3618 vocat
2210 3556 2623 3637 adjectionem
2657 3557 2738 3616 ad
2763 3568 3049 3618 sanctum
3077 3558 3434 3637 Symbolum
3473 3583 3488 3619 :
3525 3571 3583 3622 et
3621 3559 3876 3624 nihilo-

609 3654 824 3714 minus
855 3669 1036 3714 num.
1075 3651 1249 3712 XXII
1293 3673 1308 3712 :
1343 3653 1415 3714 Si
1445 3653 1511 3716 in
1543 3651 1866 3713 additione
1894 3653 2175 3731 Symboli
2206 3657 2641 3729 corrigantur,
2675 3653 2788 3727 ait,
2823 3654 2985 3714 nihil
3015 3665 3322 3731 praeterea
3379 3655 3872 3733 postulaverim.

535 3757 538 3762 '
609 3741 1034 3810 Levissimum
1062 3747 1190 3826 jam
1224 3748 1402 3808 vides
1441 3744 1819 3826 quaestionis
1864 3756 2284 3810 momentum.
2322 3750 2441 3808 Res
2474 3754 2600 3808 tota
2659 3748 2973 3826 redigitur
3004 3749 3080 3809 ad
3128 3749 3588 3814 ecclesiasticas
3656 3753 3874 3814 disci-

608 3845 802 3923 plinas
831 3851 1044 3923 caput,
1082 3844 1148 3905 in
1182 3861 1311 3924 quo
1343 3844 1541 3906 nimia
1587 3845 1778 3908 fuerit
1810 3845 2073 3906 Audacia
2131 3845 2402 3906 Romani
2467 3845 2785 3922 pontificis
2819 3854 2878 3906 et
2916 3846 3218 3909 Ecclesim
3265 3848 3709 3910 Occidentalis
3746 3865 3878 3911 au-

606 3940 960 4003 ctoritatem
999 3944 1084 4001 ita
1117 3949 1462 4013 coarctare,
1521 3948 1585 4000 ut
1621 3957 1732 4017 pro
1773 3941 2156 4017 urgentibus
2215 3940 2708 4001 circumstantiis
2769 3957 2896 4000 non
2932 3941 3202 4002 valuerit
3242 3961 3367 4004 una
3401 3961 3554 4005 voce
3588 3945 3872 4023 Symbo-

609 4035 740 4096 lum
773 4053 1008 4114 augere
1042 4035 1246 4113 :quod
1281 4035 1506 4113 utique
1539 4051 1570 4094 a
1605 4035 1840 4096 Grmcis
1871 4035 1937 4096 in
1973 4036 2238 4095 Oriente
2268 4035 2504 4097 factum
2530 4035 2594 4096 in
2624 4036 2828 4114 prima
2851 4037 3102 4114 synodo
3123 4039 3874 4118 Constantinopolimna.

610 4136 698 4196 De
741 4133 854 4194 hac
883 4132 1247 4203 Additione,
1307 4135 1519 4208 deque
1589 4131 1731 4209 ipso
1770 4132 2087 4209 'Dogmate
2148 4133 2413 4193 consule
2470 4131 2969 4193 Dissertatioues
2997 4141 3248 4192 nostras
3288 4135 3475 4204 duas,
3541 4152 3704 4211 quas
3744 4129 3880 4200 hoc

606 4244 776 4293 anno
812 4229 962 4291 1753
993 4246 1136 4289 cum
1178 4231 1315 4290 Vita
1344 4227 1625 4305 Georgii.
1653 4246 1762 4287 seu
1794 4227 2093 4304 Gregorii
2156 4227 2405 4307 Cyprii,
2465 4227 2855 4305 patriarcha:
2917 4226 3642 4308 Constantinopolitani,
3695 4233 3881 4311 typis

607 4325 1018 4405 vulgavimus
1057 4324 1224 4402 apud
1259 4324 1439 4384 Joan.
1477 4322 1818 4400 Baptistam
1849 4324 2292 4403 Pasqualium.

2129 4496 2257 4556 XX.

604 4647 924 4727 Fidetium
960 4645 1294 4727 suffragia
1320 4662 1653 4727 perperam
1682 4665 1754 4727 ac
1805 4643 1968 4727 falso
2002 4645 2702 4727 qdocet,_de/'unetorum
2727 4645 3043 4727 aliquibus
3064 4646 3385 4724 prodesse,
3421 4651 3528 4726 qui
3568 4651 3884 4727 gravibus

687 4725 1004 4803 inquinati
1038 4722 1324 4803 peccatis
1362 4722 1445 4784 esi
1484 4725 1597 4784 hac
1649 4722 2154 4803 vita'decedunt.
2226 4722 2441 4786 Latini
2505 4723 2796 4785 nonnullt
2829 4722 3144 4785 idoctores
3221 4722 3451 4788 notati;
3516 4722 3885 4790 [iussorum

688 4799 998 4892 confessio
1028 4799 1177 4880 ﬁdei
1230 4803 1612 4882 expenditur
1644 4821 1715 4864 ac
1765 4799 2107 4879 refellitur.
2164 4803 2434 4865 Erroris
2483 4822 2696 4865 causa.
2769 4804 3081 4864 Doctrina
3111 4804 3361 4866 illibata
3396 4808 3641 4868 Thomce
3670 4811 3884 4888 Aqui-

687 4892 880 4942 natis.

684 5048 786 5109 78.
808 5045 1099 5108 Alienam
1138 5061 1175 5106 a
1217 5042 1525 5106 catholica
1556 5044 1675 5106 fide
1700 5047 2178 5119 sententiam,si
2205 5047 2388 5108 verba
2413 5054 2805 5125 spectentur,
2829 5045 3354 5123 'l‘heOphylactus
3391 5045 3623 5122 promit
3647 5045 3707 5104 in
3732 5063 3882 5125 cap.

613 5163 706 5205 xu
745 5146 921 5204 Lucas
950 5161 1007 5203 v.
1042 5143 1102 5211 5,
1127 5142 1202 5202 ad
1239 5158 1310 5201 ea
1329 5142 1517 5202 verba
1553 5163 1567 5201 :
1605 5142 1833 5202 Timete
1864 5161 2022 5215 eum,
2048 5145 2508 5222 quipostquam
2548 5143 2874 5214 occiderit,
2914 5141 3099 5203 habet
3127 5150 3502 5220 potestatem
3524 5143 3775 5202 mittere
3810 5148 3882 5204 in

612 5239 1200 5318 gehennam.Verba
1223 5237 1363 5315 ejus
1399 5243 1584 5298 sunt:
1619 5261 1648 5293 α
1679 5237 1900 5307 Vides,
1936 5240 2110 5317 quod
2146 5257 2274 5301 non
2309 5241 2496 5309 dixit,
2524 5243 2825 5301 Metuatis
2861 5257 3018 5308 eum,
3046 5241 3510 5318 quipostquam
3537 5239 3882 5311 occiderit,

614 5337 812 5397 mittit
844 5338 908 5395 in
944 5335 1324 5411 gehennam:
1363 5335 1502 5406 sed,
1529 5334 1850 5395 habentem
1892 5344 2264 5414 potestatem
2310 5338 2623 5399 mittendi.
2663 5339 2801 5397 Non
2835 5338 3008 5397 enim
3043 5353 3322 5414 semper,
3357 5338 3405 5388 οἱ
3428 5335 3884 5404 ἀποθνήσκοντες

618 5432 940 5503 saep-stat,
969 5430 1082 5509 qui
1147 5433 1516 5492 moriuntur
1575 5440 1960 5510 peccatores,
2028 5436 2370 5498 mittuntur
2401 5437 2467 5498 in
2497 5439 2860 5515 gehennam
2898 5453 2911 5494 :
2947 5437 3058 5496 sed
3093 5443 3242 5496 sunt
3277 5435 3344 5496 in
3377 5441 3690 5512 potestate
3724 5438 3882 5506 Dei,

617 5541 688 5588 ut
734 5528 922 5588 etiam
990 5527 1226 5588 dimitti
1274 5528 1542 5605 possint.
1611 5529 1743 5588 Hoc
1774 5535 1988 5588 autem
2023 5530 2167 5592 dico
2195 5543 2463 5611 propter
2495 5533 2842 5593 oblationes
2875 5540 2935 5592 et
2979 5531 3494 5604 distributiones,
3532 5549 3666 5610 quis
3709 5533 3886 5608 fiunt

619 5641 739 5702 pro
807 5623 1170 5701 defunctis;
1224 5641 1368 5702 qum
1434 5641 1560 5685 non
1653 5641 1872 5701 parum
1935 5626 2182 5687 conduc

2359 5631 2550 5690 etiam
2607 5628 2750 5697 his,
2812 5639 2924 5698 τοῖς
2962 5635 3056 5689 καὶ
3108 5637 3169 5688 ἐν
3256 5637 3556 5706 ἁμαρτίαις
3625 5635 3889 5706 βαρείαις

625 5717 1016 5784 ἀποθάνωσιν,
1077 5720 1276 5795 quiin
1303 5719 1602 5798 gravibus
1635 5723 1908 5800 peccatis
1956 5724 2195 5782 mortui
2232 5730 2402 5783 sunt.
2439 5724 2576 5783 Non
2611 5722 2876 5781 omnino
2909 5721 3133 5798 igitur,
3212 5729 3546 5800 postquam
3609 5722 3883 5795 occidit,

626 5813 816 5876 mittit
852 5815 914 5876 in
956 5812 1312 5893 gehennam
1348 5837 1363 5876 :
1401 5815 1510 5879 sed
1547 5824 1919 5894 potestatem
1953 5817 2136 5880 habet
2171 5817 2490 5880 mittendi.
2517 5819 2609 5878 Ne
2647 5817 2846 5895 igitur
2876 5816 3232 5891 cessemus,
3272 5834 3383 5895 per
3423 5817 3886 5896 eleemosynas
