3966 6402
118 398 170 459 91
975 379 1073 440 DE
1113 363 1712 438 THEOPIIYLACTI
1753 358 2028 422 GESTIS
2067 358 2164 420 ET
2205 355 2580 421 SCRIPTIS.
3349 343 3423 410 98

118 500 707 570 rtiutercessiones
746 490 1102 573 prOpitium
1141 483 1419 547 reddere
1446 494 1629 552 eum,
1663 474 1778 556 qui
1808 481 2188 554 potestatem
2212 467 2398 532 habet
2423 464 2741 540 mittendi,
2760 479 2891 527 non
2919 477 3178 541 semper
3202 465 3421 531 autem

120 608 207 667 hac
233 606 563 681 potestate
594 569 916 656 utentem:
950 587 1066 650 sed
1101 593 1163 646 et
1201 580 1522 675 valentem
1591 574 1924 680 remittere
1959 569 2299 676 quiddam.
2337 591 2366 626 ι

185 654 723 764 atri—haicmverba
777 690 842 750 in
900 685 1205 748 editione
1246 669 1539 755 Philippi
1589 670 1876 735 Montani
1948 666 2302 746 apponitur
2335 682 2368 726 e
2433 663 2696 742 regione
2758 659 3096 764 adnotabo
3132 675 3148 714 :
3186 654 3428 764 ρείαητ

123 749 690 864 εεᾶτίηινῖια-αςὶιὶα,
725 782 1102 868 purgatorii
1165 749 1492 838 assertio:-
1518 771 1761 834 Eodem
1823 763 2260 827 Bellarminos
2303 760 2506 822 utitur
2537 755 2917 822 testimonio
2951 749 3427 832 Theophylaeti

123 850 632 957 silvcwaiholicam
676 850 774 949 'd‘e
831 850 1209 962 purgatorio
1266 873 1602 936 veritatem
1660 864 2166 928 conﬁrmandam
2204 861 2421 921 libror
2472 858 2562 918 De
2620 850 3426 962 purgatorio,‘eapit'e010.

127 987 711 1053 Verumenimvero
742 946 1052 1042 catholica
1090 974 1325 1037 veritas
1359 977 1480 1043 est,
1523 971 1667 1046 ipso
1733 966 2022 1025 tradente
2052 961 2449 1021 Bellarmino
2483 957 2650 1018 libro
2700 974 2770 1028 ιι,
2806 953 3018 1029 capite
3057 951 3114 1022 1,
3173 948 3242 1009 in
3275 946 3428 1019 ﬁne,

127 1088 585 1165 Purgatorium
612 1099 740 1160 pro
788 1078 868 1138 iis
902 1083 1145 1136 tantum
1179 1088 1332 1143 esse,
1386 1067 1496 1147 qui
1553 1062 1710 1127 cum‘
1743 1057 2101 1122 venialibus
2159 1055 2368 1134 culpis
2424 1055 2838 1113 moriuntur:
2874 1047 2952 1109 ab
3001 1062 3263 1108 rursum
3303 1059 3432 1152 pro

127 1141 374 1263 illisaqui
405 1141 730 1241 decedunt
757 1193 894 1236 cum
917 1179 1100 1232 reatu
1130 1141 1349 1248 petente,
1398 1141 1616 1242 culpis
1633 1161 1773 1241 jam
1805 1157 2114 1218 remissis.
2182 1157 2357 1214 Inter
2392 1153 2554 1213 istos
2586 1149 2738 1229 quis
2795 1163 2912 1209 eos
2948 1150 3278 1217 numeret,
3313 1141 3431 1223 qui

119 1239 897 1362 iusitdiivheophylaetum
937 1271 1006 1330 in
1032 1239 1334 1346 gravibus
1381 1239 1669 1342 peccatis
1710 1256 1956 1318 mortui
1981 1254 2188 1312 sunt?
2243 1249 2400 1311 lllos
2458 1248 2678 1320 etiam,
2749 1243 2995 1362 divinas
3055 1239 3333 1350 justitiaa
3368 1244 3436 1300 ut

125 1339 547 1440 satisfaciant:
585 1339 654 1433 in
701 1371 913 1431 locum
971 1339 1330 1443 pmnarum,
1383 1339 1779 1439 quicunque
1854 1353 1975 1414 iste
2038 1351 2147 1422 sit,
2213 1358 2276 1410 et
2309 1362 2722 1425 quascunque
2761 1343 2889 1404 sint
2931 1340 3081 1414 illas,
3113 1339 3320 1400 mittit
3363 1352 3438 1397 ac

129 1434 592 1552 proii—citbeus
628 1490 644 1530 :
681 1476 742 1530 et
775 1482 902 1527 non
939 1434 1153 1525 solum
1222 1434 1606 1540 poteslaiem
1672 1434 1862 1514 habet
1926 1447 2255 1519 mittendi,
2322 1461 2452 1524 qua
2490 1459 2620 1504 non
2655 1456 2919 1520 semper
2951 1437 3293 1514 utitur,gut
3349 1434 3438 1496 ait

127 1550 473 1648 Bulgarus.
1183 1601 1188 1608 -
1666 1647 1672 1648 γ

1976 1644 1987 1648 -
2478 1642 2504 1648 Α
2520 1640 2551 1648 Α
2660 1637 2699 1648 αλ
2836 1646 2843 1648 _
2929 1643 2941 1648 -
3126 1641 3138 1648 Α

194 1637 514 1728 Ρξῑνὶοω
557 1660 689 1723 loci
718 1674 987 1721 sensum
1025 1659 1423 1733 exposuerat
1463 1648 1574 1710 ille
1600 1647 1678 1708 ad
1712 1644 1992 1708 Matthasi
2042 1650 2233 1722 caput
2266 1662 2334 1716 ι,
2375 1660 2434 1702 ν.
2472 1640 2596 1703 Ξϐε
2648 1637 2845 1698 Docet
2879 1643 2941 1694 et
2962 1641 3237 1693 mortem
3284 1649 3442 1733 cen-

127 1726 524 1823 tcmncndam
566 1779 586 1818 :
622 1753 985 1818 terribilius
1023 1726 1209 1824 enim,
1249 1751 1480 1827 inquit,
1513 1746 1806 1825 gehennae
1865 1741 2257 1821 supplicium
2292 1748 2410 1800 est.
2451 1735 2578 1814 Qui
2639 1734 2805 1795 enim
2847 1729 3174 1801 occidunt,
3236 1726 3442 1788 solum

128 1877 359 1938 corpus
387 1856 741 1917 destruunt
790 1874 810 1914 :
845 1853 1071 1912 anima?
1099 1857 1306 1908 autem
1336 1843 1638 1927 fortassis
1675 1839 2043 1918 beneﬁcium
2065 1838 2339 1918 faciunt.
2378 1836 2542 1895 Deus
2573 1829 2888 1892 autem'in
2910 1827 3264 1907 gehennam
3283 1842 3443 1904 pro-
3481 1859 3484 1861 -

119 1930 370 2039 jiciins,
411 1963 473 2015 et
504 1954 782 2014 animam
810 1959 1118 2028 etcorpus
1147 1945 1364 2024 punit.
1392 1942 1759 2003 Gehennam
1795 1946 2002 1996 autem
2035 1952 2174 1994 cum
2206 1931 2390 2006 dicit,
2425 1930 2752 2010 signiﬁcat
2779 1934 3439 2032 perpetuampamam.

126 2020 418 2115 l’otestas
457 2048 600 2122 illa,
662 2065 808 2127 qua:
837 2020 1016 2124 apud
1047 2020 1279 2104 Lucam
1315 2041 1448 2099 Deo
1479 2037 1813 2109 tribuitur,
1842 2035 1956 2114 jus
1993 2031 2470 2110 complectitur,
2511 2029 2639 2090 vim
2672 2036 2730 2088 et
2761 2020 3200 2107 efﬁcientiam.
3256 2021 3330 2081 In
3363 2035 3444 2083 eo

130 2151 379 2229 positus
416 2160 520 2210 est
555 2144 1028 2223 TheOphylaeti
1068 2157 1269 2209 error,
1302 2137 1476 2217 quod
1508 2134 1588 2196 ab
1632 2141 1778 2194 actu
1811 2147 1956 2193 eam
1987 2128 2280 2208 seiungit
2310 2126 2596 2203 [XLVII]
2654 2127 3038 2202 potestatem
3071 2139 3090 2178 :
3143 2131 3449 2229 exorasse-.-

131 2214 367 2329 ritque,
397 2214 866 2310 defunctorum
903 2214 1349 2304 conditionem
1381 2234 1746 2312 assignans,
1779 2229 2022 2308 quibus
2059 2224 2353 2288 tidelium
2387 2222 2701 2301 suffragia
2737 2220 3049 2300 prodesse
3086 2214 3338 2295 possint
3365 2214 3449 2277 ad

131 2349 431 2410 salu-tem.

199 2407 326 2509 79.1
350 2448 488 2508 Sua
539 2453 748 2505 tamen
821 2447 889 2501 ut
939 2436 1318 2500 conﬁrment
1380 2429 1582 2494 Graeci
1643 2430 2028 2495 commenta,
2101 2419 2196 2482 uti
2255 2418 2470 2480 solent
2499 2407 3446 2496 TheOphylactiauctoritate.

135 2545 531 2624 Expendere
563 2540 683 2600 hoc
729 2539 869 2598 loco
905 2534 1182 2615 pretium
1213 2540 1310 2593 est
1348 2546 1590 2609 Operm,
1625 2528 1801 2606 quod
1845 2523 2118 2583 habetur
2152 2521 2214 2580 in
2257 2515 2639 2584 Orthodoara
2672 2516 3094 2596 Confessionc
3127 2509 3455 2574 catholicas

133 2612 309 2721 atq-ue
359 2636 739 2719 apostolica:
789 2612 1089 2694 Ecclesia:
1143 2628 1515 2691 Orientalis.
1570 2627 1745 2684 Hanc
1805 2637 1924 2700 pro
1978 2615 2269 2680 Ecclesia
2325 2618 2690 2676 Itussorum
2741 2612 3164 2675 concinnavit
3226 2612 3453 2670 Petrus

139 2704 862 2814 Mogtla,.metropolita
900 2727 1321 2799 Kioviensis;
1376 2725 1736 2800 eademque
1782 2721 1999 2780 Graece
2063 2723 2126 2776 et
2188 2713 2410 2774 Latine
2473 2713 2649 2792 typis
2709 2711 2955 2789 prodiit
2996 2704 3458 2774 Wrastislacice

135 2806 306 2912 αρυνά
369 2806 573 2891 Ῑοαη.
635 2806 1166 2889 iacebam-Korn
1217 2821 1540 2882 MDCCLI.
1593 2819 1768 2878 Duas
1811 2817 1876 2876 in
1944 2822 2160 2894 partes
2216 2813 2554 2882 tribuitur,
2609 2826 2682 2873 ac
2728 2811 2800 2872 in
2858 2808 3061 2871 altera
3111 2807 3206 2868 sic
3264 2806 3460 2866 habet

137 2901 416 3007 qhmstio
454 2944 652 2987 LXIV:
700 2924 934 2984 Annon
967 2929 1024 2981 et
1065 2921 1264 2999 aliqui
1303 2920 1395 2979 sic
1439 2917 1601 2978 diem
1639 2933 1817 2976 suam
1843 2913 2097 2985 obeunt,
2141 2920 2214 2970 ut
2273 2909 2600 2971 beatorum
2647 2907 3215 2984 damnatorumque
3267 2901 3461 2963 medii

138 3003 317 3089 sint?
395 3021 812 3103 Responsio:
859 3015 1313 3096 itHlljUSlDOdl
1398 3013 1700 3074 homines
1755 3011 1921 3071 nulli
1997 3011 2441 3088 reperiuntur.
2518 3007 2598 3066 At
2657 3003 2826 3066 illud
2891 3003 3091 3082 probe
3167 3008 3458 3073 constat,

143 3125 493 3186 sceleratos
521 3099 801 3182 homines
844 3112 1241 3196 (ἁμαρτωλούς)
1279 3130 1407 3172 non
1445 3111 1672 3190 paucis
1713 3110 1787 3171 de
1830 3106 1968 3168 orci
2003 3105 2303 3167 claustris
2337 3103 2527 3182 eripi,
2568 3111 2758 3182 atque
2803 3099 3121 3162 liberari:
3176 3114 3309 3160 non
3346 3114 3464 3159 sua

143 3223 420 3301 quidem,
449 3219 745 3296 ipsorum
783 3211 1155 3293 pmnitentia
1189 3210 1327 3270 sive
1371 3207 1868 3271 confessione...
1905 3219 2130 3264 verum
2173 3201 2298 3278 piis
2333 3201 2768 3277 superstitum
2795 3195 3029 3259 ofﬁciis
3061 3206 3124 3259 et
3148 3195 3464 3258 Ecclesia;

147 3298 255 3393 pro
290 3315 466 3394 ipsis
505 3309 1112 3390 deprecationibus,
1143 3306 1466 3386 praecipue
1490 3320 1647 3367 vero
1692 3320 1804 3382 per
1838 3302 2256 3362 incruentum
2286 3298 2712 3359 sacriﬁcium.
2747 3318 2776 3351 ››
3041 3303 3045 3310 ·

215 3391 531 3488 Quaestio
564 3427 720 3469 va.
763 3403 934 3481 Quid
998 3405 1202 3483 igitur
1232 3403 1623 3464 sentiendum
1655 3399 1728 3460 de
1760 3399 2168 3476 eleemosym's
2202 3398 2453 3475 piisque
2504 3395 2758 3475 ofﬁciis,
2785 3393 3015 3474 qutezin
3047 3391 3468 3471 refrigerium

145 3522 557 3574 mortuorum
595 3507 1031 3587 prazstantur?
1080 3502 1468 3581 Responsio.
1508 3524 1535 3555 α
1583 3503 1663 3561 Ea
1699 3498 1778 3564 de
1835 3516 1903 3559 re
1943 3496 2478 3576 'l‘lieoi‘ihylactus
2515 3495 2580 3555 in
2618 3502 2812 3572 caput
2862 3512 2960 3555 xu
3022 3495 3240 3566 Luem,
3274 3505 3468 3568 expo-

147 3627 304 3672 nens
367 3606 568 3669 verba
614 3601 854 3665 Christi
888 3619 950 3662 ν.
981 3601 1119 3662 5....
1153 3601 1239 3660 ita
1291 3604 1788 3660 commentatur.
1829 3595 2204 3676 (Superiora
2253 3592 2654 3673 ejusverba
2705 3592 3129 3670 afferuntur.)
3185 3588 3393 3667 Igitur
3429 3603 3468 3648 τι

145 3706 446 3769 doctrina
494 3702 704 3764 Patris
756 3699 952 3778 hujus
987 3698 1154 3760 illud
1189 3696 1583 3760 deducimus
1638 3717 1653 3756 :
1705 3705 2006 3771 oportere
2042 3694 2314 3756 omnino
2366 3710 2400 3754 a
2449 3692 2640 3755 nobis
2697 3708 2924 3771 preces
2965 3707 3080 3770 pro
3133 3687 3470 3750 defunctis

149 3803 436 3882 concipi,
477 3801 681 3878 atque
745 3795 966 3858 oﬁ‘erri
1004 3795 1343 3859 incruenta
1383 3792 1719 3865 sacriﬁcia,
1757 3791 2110 3870 spargique
2148 3789 2406 3851 liberali
2451 3802 2647 3850 manu
2704 3790 3212 3868 eleemosynas;
3256 3784 3472 3866 siqui-

149 3902 286 3962 dem
329 3900 445 3978 pia
497 3893 887 3974 hujusmodi
921 3909 1140 3971 opera,
1174 3909 1292 3954 sua
1341 3907 1556 3963 causa,
1600 3890 1865 3967 ipsimet
1901 3897 2203 3965 praestare
2237 3903 2367 3948 non
2403 3894 2702 3963 possunt.
2757 3910 2785 3942 ι)
3385 3908 3387 3910 -

222 3994 548 4059 Absurde
587 3992 774 4071 plura
818 3998 1226 4068 promuntur.
1271 3990 1400 4051 Cur
1441 3987 1536 4048 illi
1572 3986 1686 4066 qui
1724 4002 1869 4047 cum
1916 3983 2281 4047 venialibus
2324 3984 2634 4044 duntaxat
2672 3984 2911 4062 culpis,
2954 3989 3065 4050 aut
3096 3997 3243 4043 cum
3289 3992 3474 4042 reatu

154 4111 358 4173 prensa
415 4086 834 4167 temporalis,
882 4085 1093 4164 culpis
1122 4084 1253 4164 jam
1291 4084 1609 4158 remissis,
1639 4083 1981 4161 ;decedunt
2011 4101 2088 4144 ex
2134 4083 2252 4144 hac
2279 4082 2432 4156 vita,
2467 4099 2869 4162 quocunque
2902 4081 3168 4142 demum
3225 4080 3290 4141 in
3330 4079 3474 4142 loco

151 4191 395 4252 divinae
469 4184 876 4248 satisfaciant
917 4182 1213 4261 justitim,
1264 4183 1476 4245 beatos
1534 4183 1706 4242 inter
1761 4197 1834 4242 ac
1881 4179 2212 4241 damnatos
2302 4196 2430 4241 non
2506 4179 2754 4242 fuerint
2803 4177 3054 4240 medii?
3115 4175 3475 4239 Sceleratos

153 4288 496 4358 homines,
543 4281 937 4360 gravibusth
1009 4281 1077 4343 in
1113 4281 1394 4361 peccatis
1426 4278 1818 4341 decedentes
1863 4297 2011 4343 cum
2067 4280 2188 4353 ais,
2221 4297 2349 4340 non
2378 4297 2623 4359 paucos
2657 4277 2951 4340 ﬁdelium
2988 4275 3351 4352 suffragiis,
3396 4273 3476 4334 de

157 4387 287 4444 orci
332 4381 660 4443 claustris
699 4380 861 4456 eripi
900 4399 930 4437 a
1022 4377 1309 4452 liberari,
1345 4378 1410 4438 in
1462 4392 1747 4438 errorem
1796 4375 2033 4439 incidis
2073 4377 2408 4456 Origenis,
2437 4376 2568 4456 qui
2609 4377 2814 4455 pmnis
2849 4372 3092 4440 inferni
3129 4373 3323 4435 ﬁnem
3360 4371 3482 4433 ali-

156 4481 424 4560 quando
463 4478 768 4538 futurum
830 4475 924 4536 aie
966 4483 1060 4536 at.
1100 4476 1388 4553 Hujusce
1440 4473 1788 4535 commenti
1839 4473 2060 4552 aliqua
2124 4473 2188 4534 in
2226 4473 2689 4535 ecclesiasticis
2715 4473 3092 4534 Graecorum
3145 4469 3332 4530 libris
3373 4487 3482 4530 ve-

156 4579 345 4654 Stigta
395 4572 708 4652 reperiri,
745 4571 883 4632 sive
916 4571 1460 4650 Urigenistarum,
1496 4572 1632 4631 sive
1667 4572 1945 4633 aliorum
1981 4569 2207 4633 fraude
2242 4569 2486 4644 factum
2526 4569 2634 4645 sit,
2668 4568 3001 4633 adnotavit
3033 4569 3159 4630 Leo
3194 4566 3477 4629 Allatius

157 4669 635 4734 dissertatione
686 4685 732 4727 ιι
777 4669 859 4728 De
892 4667 1073 4728 libris
1113 4669 1553 4729 ecclesiasticis
1581 4668 1970 4735 ercorum.
2351 4671 2368 4689 '

235 4771 363 4830 Sed
403 4765 684 4845 inquies
741 4780 888 4826 cum
925 4765 1434 4845 TheOphylacto,
1471 4765 1819 4827 sceleratos
1854 4767 2030 4839 illos,
2058 4769 2169 4849 qui
2218 4769 2538 4832 liberandi
2578 4775 2759 4843 sunt,
2800 4784 2931 4830 non
2977 4785 3126 4830 esse
3159 4785 3193 4828 a
3230 4768 3364 4828 Deo
3410 4763 3482 4828 in

161 4868 541 4946 gehennam
600 4863 961 4941 projectos;
1007 4863 1112 4923 sed
1154 4865 1270 4925 hoc
1306 4880 1450 4922 esse
1481 4865 1546 4922 in
1587 4873 1901 4942 potestate
1929 4868 2044 4930 Dei
2089 4869 2305 4947 situm,
2341 4869 2508 4928 sicut
2542 4875 2601 4927 et
2648 4867 2894 4928 veniam
2955 4864 3088 4927 illis
3116 4860 3367 4943 largiri.
3404 4865 3486 4926 At

166 4966 324 5025 ﬁdes
362 4959 696 5054 catholica
730 4966 1042 5039 repugnat
1073 4960 1138 5020 in
1172 4961 1428 5040 synodo
1466 4961 1838 5024 Florentina
1879 4964 2227 5025 consututa
2259 4962 2324 5024 in
2361 4965 2621 5025 decreto
2669 4961 2970 5034 Unionis,
2997 4961 3107 5022 ubi
3144 4960 3488 5022 deﬁnitum

169 5061 462 5140 legimus
501 5079 516 5117 :
551 5055 832 5118 Illorum
883 5057 1130 5117 animas
1175 5060 1286 5136 qui
1337 5057 1405 5118 in
1426 5059 1670 5120 actuali
1699 5059 1961 5122 mortali
2012 5070 2300 5138 peccato,
2335 5061 2467 5121 sire
2511 5058 2818 5136 originali
2865 5056 3196 5127 decedunt,
3237 5076 3389 5118 mox
3419 5058 3490 5118 in

167 5157 502 5237 infernum
539 5150 943 5227 descendere,
1000 5162 1121 5215 etc.
1162 5155 1462 5228 Quonam
1525 5172 1680 5217 vero
1723 5157 2204 5238 Scripturarum
2256 5165 2367 5219 aut
2425 5158 2683 5218 Patrum
2730 5154 3102 5217 traditionis
3155 5164 3489 5216 momento

171 5258 478 5328 innixus,
510 5263 894 5334 potestatem
925 5254 1042 5317 Dei
1071 5255 1366 5317 mittendi
1409 5256 1472 5316 in
1508 5256 1872 5335 gehennam
1914 5256 2212 5335 seiungis
2273 5257 2352 5316 ab
2412 5261 2555 5316 actu
2582 5258 2611 5316 ?
2669 5254 2899 5316 Aiebat
2929 5253 3254 5314 Christus
3303 5253 3491 5313 Luem

170 5357 383 5434 capite
420 5372 488 5429 ν,
525 5371 592 5413 v;
625 5351 729 5414 2h.
776 5354 852 5415 Ut
883 5362 1090 5414 autem
1146 5355 1367 5416 sciatis
1411 5355 1558 5433 quia
1601 5353 1814 5415 Filius
1845 5352 2119 5414 hominis
2155 5352 2339 5413 habet
2373 5360 2754 5431 potestatem
2799 5351 2872 5413 in
2909 5359 3085 5412 terra
3128 5347 3492 5411 dimittendi

172 5461 468 5532 peccata,
512 5450 611 5511 ait
637 5449 1005 5530 paralytico
1037 5471 1055 5511 :
1097 5450 1214 5513 tibi
1249 5450 1419 5522 dico,
1452 5452 1676 5531 Surge.
1715 5453 1879 5512 Num
1925 5466 2078 5529 ergo
2119 5451 2334 5529 reipsa
2377 5466 2504 5512 non
2540 5448 2871 5515 dimiserit
2908 5449 3214 5527 peccata?
3247 5448 3491 5509 Verum

176 5569 232 5612 τ.
269 5551 350 5612 20
377 5549 650 5611 dixerat
698 5567 712 5606 :
748 5547 1439 5621 Homo,’remittuntur
1466 5548 1583 5610 tibi
1615 5566 1875 5628 peccata
1899 5557 2030 5612 tua.
3024 5551 3028 5555 ’

247 5649 355 5711 80.
405 5648 579 5710 Cum
651 5644 789 5708 htec
847 5645 1372 5726 TheOphylactus
1421 5637 1762 5720 scriberet,
1825 5647 1970 5727 ejus
2019 5643 2294 5707 fortasse
2356 5643 2574 5708 animo
2626 5644 3145 5708 obversabantur
3212 5639 3498 5718 vulgata

174 5744 428 5808 fabellas
465 5743 551 5806 de
590 5742 853 5821 Trajani
901 5741 1279 5807 liberatione
1323 5745 1403 5807 ab
1444 5745 1692 5821 inferis,
1743 5755 1803 5807 et
1845 5741 2241 5817 Falronillte,
2293 5734 2388 5805 ac'
2417 5741 2762 5822 Theophili
2822 5737 3267 5820 imperatoris,
3301 5735 3496 5798 simi-

177 5840 432 5924 les-lue.
476 5840 700 5906 Nolim
745 5856 867 5919 ego
906 5841 970 5902 in
1026 5839 1107 5903 iis
1156 5841 1532 5906 reiellendis
1568 5851 1824 5923 tempus
1873 5850 1932 5906 et
1992 5858 2255 5920 operam
2302 5840 2601 5920 perdere,
2662 5858 2826 5922 quas
2889 5839 3156 5903 invictis
3210 5836 3498 5924 reiecero
