3966 6404
103 360 171 425 1ῧῦ
892 347 991 409 DE
1022 340 1609 408 THEOPIIYLACTI
1650 339 1927 400 GESTIS
1963 338 2060 399 ET
2102 335 2473 398 SCRIPTIS.
3250 320 3352 386 106

98 465 192 528 divi
220 459 366 524 Petri
394 481 410 521 :
440 459 758 540 Satagite,
800 466 870 519 ut
921 474 1039 538 per
1068 456 1235 523 bona
1267 471 1460 534 opera
1496 460 1729 512 certam
1775 458 2053 512 vestram
2096 449 2491 509 vocationem
2541 452 2597 504 et
2642 437 3341 540 electionemfasiatis,

104 566 376 637 teoropter
403 556 576 619 illud
603 535 695 617 ab
724 535 986 617 auctore
1018 562 1363 621 assertum,
1402 548 1629 610 electos
1670 548 1813 629 ﬁeri
1842 548 1941 610 vel
1974 556 2127 620 non,
2174 556 2470 631 nostrum
2502 553 2619 615 est,
2656 557 2811 603 eum
2862 546 3073 637 potest
3122 535 3351 637 subire

96 632 319 720 sensum.
358 678 385 709 ι
421 653 824 715 Catholicum
876 667 1140 713 sensum
1189 648 1672 728 amplectimur.
1731 648 1816 708 At
1869 647 1937 707 in
1987 644 2368 707 Praefationo
2416 642 2495 731 ad
2544 643 2884 703 Lectorem
2941 632 3346 697 sicaiebat:

100 755 631 832 «Chrysostomum
663 749 967 829 sequitur
999 744 1534 826 TbeOphylactus
1590 742 1671 804 de
1718 744 1920 807 libero
1971 743 2241 808 arbitrio
2291 760 2364 803 ac
2409 730 2558 813 ﬁde,
2610 744 2673 799 et
2709 735 3110 816 quibusdam
3141 730 3293 795 aliis
3330 752 3347 792 :

98 862 135 914 et
159 850 389 927 proinde
418 849 486 910 in
521 847 926 927 quibusdam
961 841 1473 922 interpretandis
1511 841 1866 903 violentior
1895 842 2022 919 [LI]
2050 849 2171 901 est.
2204 838 2394 914 Quod
2436 835 2746 909 dixerim,
2786 844 2853 894 ut
2888 834 2955 894 in
2998 835 3119 893 hoc
3157 840 3363 892 tuum.

98 926 338 1011 adhibeas
361 946 727 1026 judicium,
755 943 872 1023 qui
910 951 968 1004 te
993 942 1154 1003 solis
1188 940 1523 1001 canonicis
1557 939 1911 1017 Scripturis
1950 938 2281 1001 addictum
2317 935 2515 998 nosti.
2560 958 2589 993 ι
2629 933 2808 995 Solos
2860 931 2934 993 ad
2951 937 3134 992 vocat
3167 926 3345 992 Scri-

96 1058 259 1129 pturas
284 1046 654 1117 canonicos,
731 1041 1149 1105 traditionem
1176 1038 1426 1101 scilicet
1462 1041 1718 1100 Patrum
1755 1036 2091 1115 rejiciens,
2126 1035 2539 1097 heterodoxo
2574 1031 2872 1093 imbutus
2905 1044 3165 1129 errore;
3216 1042 3348 1106 quo

95 1126 235 1208 etiam
264 1149 817 1224 praeoccupatum,
859 1136 1220 1201 universali
1247 1138 1507 1198 Patrum
1533 1134 1790 1214 judicio
1827 1136 1897 1196 in
1928 1132 2346 1212 exponendis
2383 1129 2687 1211 Eloquiis
2720 1126 2969 1190 divinis
3016 1126 3345 1206 privatum

95 1244 334 1321 proferre
370 1242 705 1321 cujusque
731 1237 1059 1318 judicium
1100 1252 1335 1298 ausum
1375 1250 1544 1303 esse,
1596 1234 1933 1295 adnotavit
1964 1230 2330 1293 Richardus
2370 1228 2713 1291 Simonius
2764 1228 2833 1288 in
2873 1225 3173 1287 Historia
3211 1224 3346 1286 cri-

92 1346 178 1403 tica
205 1345 259 1401 in
290 1340 365 1404 N.
398 1341 499 1413 T.,
537 1346 720 1400 tomo
751 1338 861 1407 iV,
902 1336 1108 1414 capite
1135 1335 1239 1409 28,
1275 1351 1420 1415 pag.
1458 1333 1599 1393 395.
3035 1339 3039 1345 ‘

140 1440 233 1499 Sed
268 1440 398 1517 ipse
435 1436 779 1497 Simonius
813 1431 1279 1511 Thcophylacti
1312 1430 1668 1492 doctrinam
1695 1427 1767 1488 de
1802 1424 2100 1489 electione
2148 1425 2368 1488 divina
2396 1444 2469 1487 ac
2494 1425 3059 1506 prwdestinatione
3108 1432 3163 1483 et
3196 1434 3347 1503 gra-

98 1539 161 1595 lia
188 1551 249 1596 ea
286 1535 530 1595 ratione
568 1531 886 1592 vindicat:
941 1531 1113 1609 quod
1154 1534 1439 1589 veterem
1496 1525 1799 1587 Ecclesim
1841 1528 2076 1589 Grmcae
2119 1526 2309 1587 fidem
2357 1523 2680 1605 Bulgarus
2736 1523 2994 1595 afferat,
3040 1521 3347 1583 dissitam

88 1636 291 1715 quidem
324 1633 401 1695 ab
462 1629 819 1709 Augustini
867 1628 1300 1696 documentis,
1360 1634 1423 1688 et
1454 1624 1842 1703 Pelagianis
1881 1627 2074 1686 etiam
2106 1625 2443 1685 adversam
2504 1622 2841 1685 erroribus
2887 1638 2903 1676 :
2950 1621 3343 1698 doceatque,

86 1731 389 1810 generalem
435 1726 803 1790 vocationis
836 1724 1105 1803 gratiam
1142 1723 1421 1786 conferri
1457 1740 1490 1784 a
1524 1725 1685 1797 Deo,
1720 1738 1846 1802 qua
1886 1721 2056 1784 bona
2091 1720 2305 1781 omnis
2336 1719 2402 1781 in
2433 1718 2817 1780 hominibus
2852 1717 3233 1795 dispositio,
3274 1732 3349 1778 ac

88 1832 327 1892 voluntas
360 1824 668 1890 salutaris
705 1823 1103 1902 praevenitur
1152 1842 1166 1880 :
1217 1831 1277 1885 et
1309 1822 1471 1885 hanc
1508 1821 1665 1882 satis
1702 1838 1869 1891 esse,
1899 1836 2030 1897 qua
2061 1816 2341 1879 liberum
2380 1816 2723 1879 arbitrium
2760 1822 3189 1896 prmventum,
3229 1830 3345 1875 vo-

86 1929 206 1990 canti
239 1929 363 1989 Deo
400 1929 826 2003 c00peretur.
858 1921 1224 1983 Simonium
1271 1922 1358 1981 ita
1406 1923 1661 1983 Graecos
1704 1925 1996 1980 vetustos
2057 1917 2275 1977 Patres
2310 1916 2826 1977 committentem
2870 1931 3069 1978 .rum.
3110 1916 3343 1992 Augu-

90 2030 236 2097 stino,
260 2019 698 2102 etAugustioi
731 2018 1088 2081 doctrinam
1112 2017 1314 2079 veluti
1344 2033 1579 2079 novam
1608 2017 2078 2091 traducentem,
2111 2016 2240 2095 jam
2292 2014 2403 2076 alii
2434 2014 2836 2093 castigarunt
2887 2012 3342 2091 theologorum

85 2121 405 2185 doctissimi.

134 2222 212 2283 88.
240 2218 621 2281 Ludovicus
659 2213 1135 2279 Thomassinus
1169 2214 1623 2278 consulendus
1657 2218 1780 2289 est,
1815 2211 1931 2292 qui
1982 2210 2151 2274 libro
2205 2228 2276 2272 ix
2303 2210 2395 2271 De
2456 2210 2585 2271 Dec
2634 2211 2873 2289 Deique
2915 2211 3342 2291 proprietati-

84 2316 180 2390 bus,
208 2316 517 2377 latissime
555 2325 623 2375 et
653 2312 919 2394 egregie
951 2312 1219 2375 disserit
1250 2312 1325 2373 de
1349 2312 1710 2374 necessaria
1759 2312 2132 2375 Graecorum
2178 2310 2682 2395 Latinorumque
2733 2312 3027 2383 Patrum,
3059 2311 3170 2392 qui
3209 2310 3344 2371 Au-

84 2416 342 2491 gustinum
368 2420 870 2492 praecesserunt,
897 2410 1242 2473 concordia
1274 2430 1414 2471 cum
1447 2410 1659 2471 eodem
1685 2411 2046 2489 Augustino
2081 2412 2337 2491 ejusque
2402 2408 2829 2471 sectatoribus
2861 2411 2930 2471 in
2964 2409 3342 2488 theologicis

84 2508 696 2591 deprcdestinatione
727 2517 783 2568 et
805 2509 1021 2586 gratia
1048 2506 1644 2587 disceptationibus.
1677 2508 1848 2569 Hinc
1880 2507 2431 2587 prudentissimas
2462 2525 2533 2568 ac
2578 2524 2733 2569 sane
2780 2516 3111 2569 accuratas
3161 2506 3341 2567 Tho-

89 2608 355 2667 inassinus
406 2606 580 2685 ipse,
637 2613 696 2665 et
733 2616 921 2666 antea
964 2604 1326 2685 Dionysius
1372 2606 1678 2667 Petavius
1744 2605 1910 2667 libro
1952 2624 2021 2667 ιχ
2054 2607 2144 2666 De
2191 2604 2787 2687 prmdestinatione,
2836 2622 3024 2684 capp.
3069 2605 3130 2677 3,
3174 2603 3235 2677 Is,
3278 2607 3340 2674 5,

86 2705 564 2782 {inscripserunt
602 2704 888 2781 regulas,
922 2704 999 2764 ad
1034 2710 1286 2765 veteres
1316 2705 1593 2766 maxime
1626 2704 1881 2765 Grmcos
1915 2703 2114 2765 hocce
2152 2703 2215 2764 in
2244 2711 2631 2783 argumento
2660 2705 2781 2763 rite
2810 2700 3340 2780 interpretandos

84 2802 311 2879 apprime
364 2801 592 2863 utiles.
641 2800 759 2861 His
820 2800 1094 2862 anteivit
1161 2800 1386 2863 Sixtus
1446 2800 1759 2864 Senensis
1814 2802 1880 2862 in
1940 2798 2342 2863 Bibliotheca
2393 2808 2641 2874 sancta,
2700 2798 2867 2861 libro
2925 2819 3016 2884 vt,
3073 2800 3342 2863 adnota-

85 2900 209 2961 tione
231 2899 364 2969 251,
398 2898 520 2977 qui
557 2896 686 2958 sibi
720 2897 953 2959 ducem
981 2898 1044 2959 in
1078 2897 1196 2960 hac
1226 2899 1326 2960 via
1366 2899 1654 2960 ineunda
1680 2901 2318 2961 sanctumThomam
2360 2898 2755 2979 Aquinatem
2804 2897 3168 2978 pr0posuit.
3206 2900 3346 2962 ‘Do-

83 2996 463 3057 ctissimorum
499 2994 791 3057 virorum
816 3003 877 3056 et
901 3010 1021 3074 ego
1053 2995 1325 3075 vestigia
1363 2997 1700 3076 insequor.

134 3091 266 3155 Sixti
291 3092 615 3156 Senensis
656 3094 847 3154 verba
879 3100 1033 3154 sunt
1067 3114 1082 3154 :
1108 3094 1190 3154 In
1232 3093 1536 3174 operibus
1564 3095 1991 3169 electorum,.a
2022 3093 2243 3156 divina
2267 3092 2843 3175 praedestinatione
2866 3096 3190 3175 praevisis,
3220 3095 3342 3157 du-

82 3188 250 3266 plicem
282 3209 485 3251 causa:
531 3190 854 3252 rationem
898 3191 1186 3268 spectari
1211 3209 1421 3271 posse,
1472 3193 1870 3253 meritoriam
1901 3192 2147 3252 scilicet
2189 3202 2246 3253 et
2294 3193 2570 3271 ﬁnalem.
2618 3193 2786 3254 Hinc
2828 3193 3054 3272 regula
3110 3194 3343 3272 prima.

85 3290 174 3348 «Si
208 3308 453 3349 causam
498 3285 909 3349 meritoriam
958 3288 1471 3367 inspexerimus,
1517 3306 1711 3352 nosse
1759 3298 2038 3368 oportet,
2083 3290 2378 3351 ordinem
2427 3291 2671 3352 divinas
2714 3292 3142 3370 providentiae
3194 3311 3347 3373 ergo

86 3386 267 3445 electos
286 3386 544 3465 gemina
582 3383 900 3462 graduum
920 3386 1229 3446 varietate
1260 3387 1616 3463 distingui:
1646 3404 1927 3466 quorum
1965 3386 2073 3449 alii
2101 3381 2478 3467 praecedunt
2500 3388 2922 3467 gratificantis
2945 3390 3171 3467 gratiae
3202 3409 3352 3453 sus-

85 3484 415 3559 ceptionem,
450 3500 585 3545 ceu
611 3481 892 3555 dilectio,
918 3480 1161 3556 electio,
1196 3484 1616 3563 consoriptio,
1636 3483 2140 3564 prwdestinatio,
2164 3486 2438 3556 vacatio,
2456 3485 2954 3566 justiﬁcationis
2980 3489 3349 3557 inchoatio:

86 3579 159 3637 alii
192 3598 325 3642 vero
356 3580 791 3660 gratificantis
820 3580 1040 3659 gratiae
1058 3581 1547 3658 susceptionem
1575 3588 1947 3661 sequuntur,
1985 3581 2214 3661 quales
2246 3590 2401 3643 sunt
2429 3584 2658 3662 gratia.-
2687 3584 2926 3659 auctio,
2947 3585 3352 3667 justitiwin-

86 3687 422 3750 trementum,
451 3694 511 3739 et
553 3690 800 3737 (eterna:
826 3676 1159 3755 felicitatis
1196 3677 1477 3755 adoptio.
1518 3679 1583 3739 Si
1615 3678 1813 3756 igitur
1834 3688 2185 3757 qumratur,
2230 3680 2333 3739 An
2356 3698 2620 3759 operum
2644 3692 3017 3744 nostrorum
3045 3689 3348 3765 praevisio

87 3773 139 3830 sit
164 3793 331 3834 causa
368 3775 726 3835 meritoria
775 3774 1280 3852 prwcedentium
1316 3776 1655 3853 graduum,
1685 3778 2060 3854 negandum
2112 3785 2211 3840 est
2252 3795 2548 3857 prorsus,
2599 3798 2681 3843 ne
2735 3781 3083 3846 videamur
3115 3788 3351 3848 conni-

85 3887 186 3933 vere
220 3872 589 3953 Pelagianis
623 3871 1028 3945 dicentibus,
1087 3873 1286 3932 Deum
1322 3874 1552 3933 merita
1582 3882 1807 3933 nostra
1840 3874 1905 3934 in
1940 3892 2056 3934 sua
2080 3876 2488 3953 prwscientia
2534 3877 2819 3957 elegisse.
2849 3881 2925 3941 Et
2950 3880 3141 3961 juxta
3183 3883 3348 3949 hanc

86 3970 410 4031 sententiam
466 3967 951 4046 interpretandi
996 3976 1151 4031 sunt
1187 3984 1419 4030 omnes
1453 3970 1692 4044 Patres,
1726 3971 1842 4050 qui
1878 3980 2186 4056 mternam
2222 3974 2341 4035 Dei
2376 3975 2776 4039 electionem
2810 3997 2884 4042 ac
2911 3983 3347 4059 prmdestina-

86 4068 271 4127 nonem
324 4085 403 4127 ea:
426 4065 578 4127 sola
618 4065 738 4126 Dei
772 4065 1011 4143 gratia,
1046 4066 1247 4127 nullis
1283 4067 1580 4145 praevisis
1611 4069 1885 4144 meritis,
1916 4069 2263 4133 deﬁniunt.
2292 4071 2358 4134 Si
2394 4090 2550 4138 vero
2584 4075 2947 4158 interroget
2984 4079 3345 4160 quispiam,

91 4160 255 4221 Utrum
298 4172 640 4243 sequentes
688 4161 901 4223 divini
940 4163 1190 4224 ordinis
1229 4162 1471 4242 gradus
1517 4166 1587 4225 in
1632 4163 1852 4225 divina
1888 4168 2277 4246 praecisione
2310 4186 2568 4231 causam
2603 4172 2881 4237 habeant
2923 4177 3345 4250 meritoriam,

91 4262 254 4327 procul
293 4262 502 4324 dubio
542 4259 1081 4353 respondendum
1128 4271 1249 4335 est,
1287 4263 1494 4323 Deum
1527 4262 1605 4323 ab
1631 4271 1878 4326 interno
1911 4266 2286 4329 decrevisse
2316 4269 2619 4332 daturum
2655 4288 2725 4334 se
2777 4272 3183 4339 incrementa
3212 4261 3351 4340 aim-

93 4354 260 4423 tliOris
306 4361 540 4438 gratim
594 4356 691 4417 bis
726 4357 840 4436 qui
877 4356 1041 4419 bene
1092 4358 1278 4420 usuri
1332 4360 1553 4421 essent
1602 4359 1814 4440 primo
1858 4361 2280 4442 justiﬁcantis
2324 4366 2549 4445 gratim
2598 4367 2806 4430 dono:
2850 4386 2924 4433 ac
2987 4374 3229 4438 deinde
3265 4378 3350 4439 ob

90 4454 255 4551 uerita
286 4456 458 4519 bene
494 4456 1072 4535 servatmjustitim
1104 4458 1513 4519 redditurum
1559 4476 1628 4521 se
1669 4459 1767 4521 eis
1818 4466 2149 4538 perpetuae
2183 4460 2609 4526 beatitudinis
2646 4482 2984 4530 coronam.
3022 4474 3237 4551 Atque
3270 4476 3351 4535 ad

88 4542 213 4613 hunc
247 4570 523 4616 sensum
564 4551 975 4626 conabimur,
1007 4555 1219 4632 quoad
1259 4555 1397 4615 ﬁeri
1441 4557 1701 4634 poterit,
1743 4560 2235 4621 accommodare
2274 4560 2532 4641 aliquas
2573 4579 2653 4625 ex
2698 4567 3054 4643 praemissis
3086 4542 3352 4633 Patrum

89 4651 402 4744 sententiis,
437 4667 601 4731 qua:
636 4648 1010 4728 praevisioni
1048 4652 1428 4714 meritorum
1460 4654 1788 4719 ascribere
1825 4657 2130 4719 videntur
2162 4658 2553 4724 electionem
2587 4671 2648 4724 et
2675 4663 3347 4744 prmdestinationem,

92 4740 173 4845 illic
212 4760 299 4813 est
341 4749 957 4831 prmdestinationis
990 4760 1048 4812 et
1083 4752 1410 4814 electionis
1464 4753 2007 4834 complementum,
2057 4755 2196 4817 sive
2222 4770 2550 4837 sequentes
2601 4740 3080 4841 et'posteriores
3112 4740 3353 4845 gradus

90 4836 238 4905 divini
264 4845 545 4907 ordinis.
589 4845 777 4917 Quod
816 4842 1144 4907 interdum
1180 4848 1425 4921 Patres,
1472 4854 1677 4911 totum
1712 4868 1745 4913 a
1789 4862 1968 4931 parte
2012 4852 2547 4932 de'nominantes,
2592 4836 2987 4923 electionem
3040 4836 3139 4925 vei
3192 4885 3358 4947 pren-

91 4940 542 5005 u‘estiuationem
578 4939 935 5020 appellant.
982 4966 1010 4997 ι.

142 5034 212 5142 ad
244 5039 415 5103 hunc
461 5038 761 5142 revocari
798 5039 1195 5142 catholicum
1223 5060 1494 5142 sensum
1532 5044 1846 5111 facillime
1882 5060 2159 5128 possunt
2194 5051 2672 5134 'Iheoithylacti
2717 5062 3068 5125 sententias
3107 5062 3353 5142 plures.

93 5130 150 5241 ΣΗ
175 5145 345 5241 caput
376 5156 527 5199 xx"
568 5125 882 5241 biatthaai,
919 5137 1014 5209 ib,
1052 5140 1139 5241 ait
1190 5161 1205 5201 :
1246 5140 1481 5202 Gratia
1513 5146 1677 5213 enim
1707 5146 1845 5207 sola
1876 5125 2085 5208 omnes
2110 5125 2320 5212 vocati
2343 5125 2582 5229 sumus,
2610 5164 2739 5216 tam
2775 5156 2931 5219 boni
2958 5125 3144 5241 quam
3176 5164 3350 5223 mult.

94 5226 337 5306 luprima
364 5235 748 5305 vocatione,
809 5251 955 5313 quae
1001 5236 1207 5313 posita
1246 5247 1340 5300 est
1382 5240 1445 5301 in
1472 5249 1651 5304 motu
1700 5246 1901 5306 animi
1950 5246 2276 5323 interiori,
2320 5253 2461 5313 sive
2508 5226 2590 5313 sit
2637 5226 3042 5321 illuminatio
3092 5267 3351 5331 mentis.

98 5342 189 5436 suo
212 5335 418 5396 cordis
455 5333 1143 5436 inﬂammatio,solum
1170 5339 1523 5417 gratuitum
1551 5342 1753 5423 fulget
1784 5345 1899 5406 Dei
1936 5345 2385 5427 donum,quin
2416 5350 2643 5413 ullaex
2674 5360 2849 5431 parte
2866 5364 3084 5420 nostra
3108 5372 3353 5436 princp-

96 5424 323 5493 datbona
352 5435 569 5495 libera
600 5431 903 5492 salutaris
927 5433 1296 5513 dispositio.
1335 5439 1458 5500 Sed
1481 5448 1757 5503 attamen
1793 5445 1886 5505 sic
1918 5446 2004 5505 ait
2037 5444 2147 5507 ille
2172 5424 2264 5507 ad
2292 5456 2482 5527 caput
2516 5468 2634 5511 vm
2666 5424 2744 5514 ad
2777 5424 3143 5518 Romanos:
3186 5457 3354 5518 Pra-

98 5527 172 5586 scit
210 5532 367 5591 Deus
400 5551 511 5631 eos
549 5531 1019 5631 qui-vocatione
1065 5534 1246 5613 digni
1281 5546 1452 5597 sunt.
1491 5538 1653 5602 Aliae
1676 5550 1833 5603 sunt
1868 5543 2177 5604 nimirum
2226 5546 2598 5609 vocationes
2628 5550 2706 5610 ad
2764 5550 3079 5631 ampliora
3131 5554 3353 5618 chari-

100 5636 275 5725 s‘i'neta:
314 5646 377 5690 et
419 5630 561 5690 hmo
599 5644 635 5689 a
665 5629 800 5728 Deo
833 5628 916 5688 iis
952 5630 1409 5711 conferuntur,
1442 5654 1608 5715 quos
1645 5639 1818 5702 bono
1852 5642 2361 5721 priorisgratim
2402 5662 2529 5705 usu
2564 5646 2845 5725 dignos,
2874 5628 2962 5709 et
3018 5659 3227 5728 aptos,
3279 5672 3353 5718 ac

102 5727 385 5799 inpositos
414 5726 793 5804 praenoscit.
1908 5730 1981 5769 κθ

151 5818 304 5887 Hunc
337 5825 631 5887 reddunt
664 5842 963 5899 sensum,
1000 5844 1148 5907 qua;
1183 5829 1461 5912 Iegunus
1488 5835 1676 5899 verba
1708 5839 2036 5929 adq/caput.
2062 5858 2121 5899 γι
2152 5840 2421 5902 Joannis
2458 5860 2511 5904 v.
2548 5842 2657 5905 37:
2695 5843 3103 5911 iOstcndens
3131 5854 3349 5911 autem
3398 5870 3403 5876 ·

361 5934 644 5993 Ριτιιοι..
697 5932 815 5993 Gn.
861 5931 1132 5996 CXXIII.

2974 5962 3010 6017 4
