3966 6404
656 370 757 437 ποτ
1501 366 1729 430 BERN.
1774 364 2043 429 MARLE
2077 364 2178 426 DE
2210 363 2501 428 RUBEIS
2542 365 3052 433 DISSERTATIO
3812 369 3917 435 108

651 484 829 545 Deus
854 477 1031 561 quod
1054 476 1209 557 ﬁdet
1236 476 1458 561 quain
1487 474 1833 549 Christum,
1859 491 1987 538 non
2027 474 2305 555 vulgaris
2336 474 2653 553 quaepiam
2688 493 2794 539 res
2824 475 2935 551 sit,
2978 474 3092 538 sed
3145 476 3374 539 donum
3405 477 3547 552 Dei,
3590 474 3807 555 dignis
3848 486 3917 542 et

650 578 845 643 rectis
869 575 1065 641 corde
1104 591 1140 638 a
1182 576 1365 639 Patre
1392 573 1639 647 datum,
1665 573 1824 635 dicit
1863 572 2037 653 quod
2075 590 2251 663 omne
2299 571 2467 651 quod
2508 572 2618 635 dat
2641 574 2799 636 mihi
2828 573 3045 647 Pater,
3078 573 3159 634 ad
3205 591 3297 635 me
3336 575 3567 661 veniet,
3632 572 3753 638 hoc
3786 581 3915 652 est,

648 673 747 735 illi
774 672 1039 736 credent
1075 669 1143 734 in
1175 687 1302 746 me,
1326 684 1491 750 quos
1528 668 1635 730 dat
1667 668 1828 730 mihi
1852 670 2057 737 Pater.
2091 668 2221 728 Vos
2256 668 2415 747 [LII]
2447 677 2687 749 autem,
2723 670 2950 742 Judmi,
2983 687 3131 734 cum
3167 670 3419 751 indigni
3452 670 3626 746 sitis,
3649 684 3779 743 non
3802 670 3919 734 da-

644 770 811 832 mini
856 768 1015 830 mihi
1048 784 1084 830 a
1111 771 1330 829 Patre:
1360 772 1703 846 prepterea
1736 783 1950 845 neque
1984 764 2227 829 venitis
2263 765 2340 827 ad
2368 782 2496 840 me,
2524 783 2736 847 neque
2761 766 3014 830 habetis
3046 776 3291 829 rectum
3324 785 3469 843 cor,
3504 776 3573 831 ut
3607 785 3721 832 vos
3754 765 3918 839 dili-

648 883 811 946 gens
842 867 1015 927 Deus
1047 877 1107 927 et
1145 865 1329 927 Pater
1352 863 1544 929 ducet
1575 870 1651 926 ad
1686 878 1897 941 meam
1935 862 2147 923 ﬁdem.
2180 883 2215 917 ν
2246 862 2480 943 Agitur
2512 865 2590 926 de
2640 865 2943 941 praeclaro
2977 863 3125 944 ﬁdei
3155 865 3369 929 dono:
3418 866 3598 950 quod
3628 864 3917 930 maxime

647 962 881 1022 donum
908 959 1025 1045 Dei
1061 958 1441 1038 appellatur.
1478 961 1713 1021 Verum
1746 957 1919 1029 istud
1949 973 2078 1018 non
2110 957 2300 1021 datur
2330 959 2462 1019 nisi
2494 958 2705 1039 dignis
2739 969 2796 1022 et
2827 961 3019 1045 rectis
3051 961 3261 1036 corde,
3312 960 3445 1022 illis
3482 979 3715 1040 nempe
3753 979 3917 1044 quos

646 1058 758 1119 dat
787 1044 1010 1131 Pater,
1036 1054 1313 1137 aliisque
1347 1053 1863 1138 prmcedentibus
1898 1052 2123 1133 gratim
2144 1053 2421 1143 auxiliis
2461 1055 2688 1137 dignos
2716 1059 2873 1139 facit
2905 1066 2963 1119 et
2991 1044 3199 1120 rectos
3225 1057 3438 1133 corde,
3466 1060 3712 1122 hoc‘esl
3741 1058 3916 1123 bene

649 1153 1029 1232 dispositos.
1856 1222 1859 1225 ν

738 1255 825 1317 Ad
868 1271 927 1315 v.
965 1253 1046 1316 39
1073 1252 1169 1316 sic
1197 1253 1391 1316 sitm
1418 1254 1572 1316 Nam
1619 1251 1673 1315 si
1700 1254 1899 1315 .Pater
1923 1258 2051 1326 dat,
2085 1260 2155 1313 ut
2189 1267 2494 1330 maguum
2548 1254 2884 1335 quiddam,
2920 1255 3179 1335 dignam
3222 1255 3289 1317 in
3334 1252 3659 1345 Christum
3691 1254 3916 1327 fidem.

648 1350 778 1432 ipsi
811 1355 1026 1412 autem
1058 1348 1232 1411 illam
1262 1365 1389 1412 non
1424 1348 1686 1422 habent,
1745 1350 2158 1437 manifestum
2190 1356 2285 1409 est
2320 1350 2496 1430 quod
2531 1351 2704 1413 dono
2740 1352 2857 1413 Dei
2923 1351 3311 1417 exciderint.
3350 1373 3379 1407 ιο
3435 1353 3689 1413 Donum
3735 1350 3920 1437 scili-

646 1428 1027 1525 cetDei,lvel
1056 1445 1847 1525 receptumincredulitate
1880 1428 2279 1525 rejeEerunt:
2308 1428 2402 1507 vel
2429 1449 2782 1525 quominus
2804 1446 3015 1525 ipsum
3039 1449 3426 1527 reciperent,
3446 1434 3916 1526 impedimenta

640 1558 1039 1622 apposuere,
1089 1540 1602 1620 praecedentibus
1640 1542 1857 1619 gratim
1887 1539 2204 1618 subsidiis
2240 1540 2599 1604 abutentes.
3311 1608 3316 1616 ,
3582 1540 3585 1543 ’

723 1642 801 1705 Et
830 1639 908 1703 ad
929 1660 986 1701 v.
1011 1641 1086 1702 loli
1102 1642 1290 1704 verba
1307 1648 1495 1705 sunt:
1521 1665 1550 1698 α
1570 1640 1801 1704 Nullus
1811 1650 2023 1722 potest
2041 1640 2123 1701 ad
2135 1658 2225 1701 me
2248 1646 2479 1719 venire,
2494 1644 2621 1706 nisi
2636 1642 2825 1704 Pater
2848 1644 3127 1706 traxerit
3149 1661 3306 1707 eum.
3328 1644 3464 1706 Hoc
3488 1651 3701 1706 autem
3721 1642 3912 1718 dicit,

643 1757 777 1802 non
805 1746 873 1801 ut
911 1736 1270 1802 libertatem
1306 1739 1484 1802 tollat
1507 1737 1796 1801 arbitrii:
1827 1738 2026 1813 absit;
2058 1739 2171 1801 sed
2207 1760 2209 1767 ε

2350 1743 2623 1813 stendat,
2654 1750 2736 1803 ὅτι
2768 1749 2973 1818 πολλῆς
2999 1749 3174 1803 δεῖται
3228 1753 3550 1824 συνεργείας
3592 1750 3745 1819 παρὰ
3769 1752 3912 1807 Θεοῦ

643 1850 675 1903 ὁ
705 1847 917 1917 μέλλων
944 1846 1258 1914 πιστεύσαι,
1285 1838 1457 1919 quod
1476 1837 1675 1899 multa
1697 1837 1923 1900 habeat
1944 1854 2108 1916 Opus
2132 1856 2201 1899 co

2343 1839 2577 1901 ratione
2604 1856 2637 1902 a
2667 1842 2797 1901 Deo
2824 1839 2885 1901 is
2904 1840 3014 1919 qui
3040 1841 3411 1909 crediturus
3436 1828 3556 1902 est.
3584 1841 3658 1901 Et
3678 1838 3909 1903 aliter:

650 1938 798 2000 lllos
838 1938 1029 2000 trahit
1069 1939 1275 2009 Pater,
1324 1934 1438 2015 qui
1479 1934 1714 1996 habent
1742 1932 2087 1996 voluntatis
2123 1937 2577 2013 aptitudinem;
2616 1953 2733 1999 eos
2774 1944 2986 2011 autem
3024 1938 3141 2016 qui
3172 1937 3428 2019 sei‘psos
3479 1952 3609 2003 non
3658 1928 3914 2007 faciunt

644 2036 943 2111 idoneos,
974 2050 1103 2097 non
1137 2032 1326 2094 trahit
1354 2033 1429 2095 ad
1470 2031 1679 2094 ﬁdem.
1709 2053 1740 2088 ι
1772 2033 1887 2092 His
1914 2032 2147 2093 donum
2173 2031 2435 2094 sublime
2464 2032 2611 2112 ﬁdei
2640 2035 3049 2107 conceditur,
3082 2035 3196 2114 qui
3229 2054 3293 2094 se
3320 2034 3580 2101 idoneos
3625 2035 3917 2113 faciunt:

644 2134 757 2195 sed
786 2133 919 2196 haec
952 2132 1181 2211 prmvia
1216 2129 1513 2208 aptitudo
1542 2147 1615 2191 ac
1646 2128 1844 2193 libera
1873 2139 1932 2192 et
1965 2129 2131 2191 bona
2165 2130 2513 2207 dispositio
2577 2132 2813 2193 adsunt
2852 2132 2933 2192 iis
2960 2133 3070 2211 qui
3104 2132 3430 2211 prioribus
3454 2133 3673 2212 gratim
3700 2132 3903 2196 donis

643 2230 808 2293 bene
830 2236 1143 2302 utuntur;
1183 2228 1355 2289 unde
1385 2224 1709 2287 creditura
1742 2224 2000 2288 multam
2045 2244 2203 2305 opus
2234 2244 2361 2287 esse
2383 2245 2421 2285 a
2446 2227 2572 2287 Deo
2603 2229 3139 2307 conparationem,
3171 2228 3434 2307 egregie
3466 2228 3651 2297 docet
3685 2228 3913 2291 Theo—

643 2323 1003 2404 phylactus,
1045 2331 1179 2385 tum
1244 2338 1391 2403 qum
1433 2320 1622 2384 ﬁdem
1691 2321 1898 2402 ipsam
1950 2321 2343 2401 impertitur,
2385 2331 2520 2383 tum
2557 2338 2706 2402 qum
2750 2320 2856 2401 pia
2912 2319 3235 2386 desideria
3278 2323 3583 2405 inspirat,
3624 2340 3698 2387 ac
3734 2324 3915 2389 bene

640 2419 931 2497 disponit
967 2419 1280 2497 animum.
1646 2456 1651 2459 -

716 2494 1328 2594 89.Hanc.primam
1368 2528 1405 2576 a
1450 2514 1632 2577 Sixto
1670 2514 1938 2575 Senensi
1976 2512 2391 2575 constitutam
2441 2513 2727 2593 regulam
2783 2512 3085 2591 pluribus
3137 2514 3422 2577 illustrat
3467 2516 3771 2578 Petavius
3816 2518 3910 2580 li-

628 2618 757 2679 .bro
793 2617 1116 2691 ix'citeto,
1165 2623 1228 2677 et
1285 2615 1413 2676 alia
1472 2612 1782 2676 nonnulla
1816 2610 2283 2691 Tlieophylacti
2322 2611 2490 2673 dicta
2534 2610 2823 2689 exponit.
2861 2612 3076 2674 Ati‘ero
3124 2613 3317 2675 verba
3362 2610 3495 2686 illa,
3530 2631 3676 2692 quas
3723 2618 3913 2693 capi-

638 2725 698 2776 te
726 2714 768 2774 Ιι
801 2712 1141 2787 habentur,
1171 2726 1350 2772 num.
1375 2710 1455 2772 8:
1493 2733 1523 2770 α
1557 2711 1695 2771 Non
1724 2724 1865 2772 raro
1893 2716 2161 2781 veteres,
2196 2725 2341 2769 cum
2377 2708 2455 2768 de
2500 2707 2711 2784 gratia
2750 2706 3133 2789 loquuntur,
3158 2708 3416 2787 plenam
3458 2717 3515 2769 et
3553 2712 3912 2790 perfectam

630 2808 1048 2888 intelligunt,
1085 2822 1211 2869 non
1246 2805 1597 2867 inchoatam
1626 2823 1699 2865 ac
1729 2804 1969 2877 rudem,
2004 2822 2147 2884 quin
2176 2804 2385 2884 prima
2415 2802 2812 2878 nominatur,
2850 2804 3037 2884 cujus
3070 2803 3457 2885 plerumque
3500 2808 3911 2871 mentionem

638 2922 769 2967 non
802 2903 1118 2966 habent...
1154 2904 1408 2963 Certum
1448 2908 1545 2961 est
1584 2909 1825 2975 autem,
1869 2900 1963 2962 uti
1995 2902 2265 2980 primam
2298 2899 2571 2979 gratiam
2604 2898 2777 2960 nulla
2805 2898 2887 2961 ob
2934 2902 3161 2961 merita
3198 2901 3419 2975 tribui,
3447 2904 3545 2965 sic
3588 2909 3916 2966 accessio-

626 3018 774 3062 nem
813 2997 987 3062 illius
1011 3005 1073 3061 et
1111 2998 1613 3071 incrementum,
1648 3014 1721 3060 ac
1754 2998 2005 3076 plenam
2040 2997 2325 3084 denique
2369 2994 2875 3071 possessionem,
2910 2997 3289 3059 meritorum
3316 3015 3389 3059 ac
3426 2998 3717 3061 laborum
3756 3019 3915 3079 pre-

647 3097 739 3159 tio
767 3094 1199 3174 comparari...
1223 3094 1410 3156 Hunc
1450 3093 1683 3156 habere
1717 3110 1983 3158 sensum
2006 3094 2110 3153 illa
2152 3092 2520 3155 Grmcorum
2551 3092 2687 3153 loca
2718 3092 3043 3167 videntur,
3074 3110 3220 3172 qum
3250 3094 3443 3153 Deum
3469 3096 3917 3173 impertienda!

633 3192 859 3271 gratim
883 3208 1009 3251 sua
1044 3206 1261 3269 capere
1321 3189 1707 3251 occasionem
1742 3188 2170 3267 demonstrant
2216 3206 2315 3249 ea;
2356 3187 2564 3264 nobis,
2620 3197 2678 3247 et
2741 3198 2994 3261 conatu,
3054 3208 3125 3249 ac
3168 3191 3497 3270 proposito
3537 3200 3794 3252 nostro:
3830 3201 3915 3255 ut

635 3286 1112 3361 Theodoretus,
1152 3285 1442 3361 Photius,
1478 3284 1920 3358 (Ecumenius,
1950 3284 2501 3364 TheOphylactus,
2548 3292 2741 3363 atque
2777 3284 2915 3361 ipse
2950 3302 3215 3364 quoque
3251 3286 3907 3367 Chrysostomus.....

635 3382 773 3449 Nan
807 3385 977 3448 enim
1026 3384 1303 3463 primum
1329 3383 1676 3446 voluntatis
1711 3391 1954 3445 motum
1994 3391 2055 3443 et
2095 3383 2481 3456 rationis,in
2517 3385 2721 3461 gratia
2748 3392 3114 3457 numerant,
3169 3382 3365 3446 veluti
3405 3386 3508 3461 pia
3540 3386 3910 3463 desideria,

636 3481 878 3563 quibus
910 3482 985 3543 ad
1025 3479 1382 3559 pleniorem
1422 3481 1831 3560 qumrendam
1871 3477 2102 3558 (ﬁdem)
2136 3496 2207 3541 ac
2239 3480 2355 3541 Dei
2389 3479 2683 3541 notitiam
2725 3486 2786 3539 et
2819 3494 3104 3539 amorem
3138 3479 3535 3556 excitamur;
3571 3498 3717 3561 quae
3738 3494 3913 3547 sunt

634 3578 1088 3642 excellentiora
1111 3577 1329 3656 gratiae
1358 3590 1649 3649 munera,
1683 3575 2084 3655 proindeque
2112 3578 2330 3654 gratim
2366 3590 2597 3637 nomen
2630 3591 2703 3635 ac
2733 3573 2993 3635 titulum
3032 3575 3353 3653 prmcipue
3386 3588 3741 3641 merentur.
3782 3602 3811 3636 ι

716 3675 1137 3737 Verissimam
1185 3683 1339 3753 puto
1382 3673 1503 3736 viri
1559 3670 1915 3735 doctissimi
1963 3671 2620 3740 animadversionem,
2678 3685 2825 3748 quae
2873 3666 3113 3748 legitur
3144 3686 3329 3731 num.
3370 3674 3430 3745 1,
3487 3670 3588 3731 his
3628 3672 3851 3735 verbis
3890 3692 3913 3738 :

634 3796 663 3829 α
703 3774 1087 3852 Plerumque
1112 3772 1499 3835 vetustiores
1534 3772 1710 3844 illos,
1743 3787 1893 3835 cum
1946 3771 2024 3835 de
2068 3770 2281 3850 gratia
2316 3767 2433 3828 Dei
2462 3774 2518 3826 et
2547 3766 2873 3826 vocatione
2911 3773 3133 3842 agunt,
3162 3782 3286 3827 non
3324 3772 3447 3827 tam
3485 3766 3562 3830 de
3591 3768 3917 3834 interiori

626 3866 827 3927 animi
864 3875 1059 3939 motu,
1090 3882 1165 3929 ac
1223 3867 1362 3927 sive
1396 3866 1828 3928 illustratione
1886 3867 2143 3941 mentis,
2182 3866 2321 3927 sive
2349 3862 2854 3924 inﬂammatione
2897 3863 3251 3925 voluntatis
3303 3864 3510 3943 loqui,
3552 3882 3743 3945 quam
3810 3869 3915 3932 de

635 3973 895 4022 externo
936 3963 1145 4041 aliquo
1181 3963 1472 4041 beneﬁcio
1507 3962 1644 4037 Dei,
1686 3961 1878 4025 veluti
1906 3962 2235 4042 Evangelii
2270 3959 2746 4040 praedicatione,
2780 3966 2886 4021 aut
2918 3966 3088 4023 statu
3118 3960 3343 4041 aliquo
3378 3962 3545 4035 vitm,
3576 3963 3654 4024 ad
3688 3981 3913 4046 quem

626 4060 888 4121 occulto
920 4060 1155 4121 deinde
1194 4059 1396 4121 animi
1424 4060 1733 4122 instinctu
1771 4060 2192 4123 trahuntur...
2224 4059 2372 4120 Haec
2424 4074 2572 4119 vero
2613 4056 2811 4136 hujus
2847 4058 3109 4137 generis
3151 4058 3463 4122 beneﬁcia
3522 4071 3906 4138 promereri

634 4157 866 4232 pit-tate
892 4171 961 4216 ac
999 4155 1233 4216 virtute
1258 4172 1373 4217 sua
1406 4162 1615 4218 certos
1657 4155 1978 4230 homines,
2024 4157 2427 4219 verissimum
2455 4161 2572 4215 est.
2608 4155 2799 4227 »Quo
2838 4170 3039 4215 sensu
3072 4153 3151 4216 de
3186 4154 3389 4218 Paulo
3422 4155 3642 4217 scribit
3672 4158 3905 4220 Theo-

634 4249 970 4327 phylactus
1003 4251 1080 4311 ad
1116 4258 1302 4327 caput
1345 4269 1459 4313 vm
1514 4252 1817 4329 Epistolas
1847 4253 1922 4314 ad
1950 4253 2293 4324 Romanos,
2330 4250 2555 4313 habere
2586 4251 2794 4328 ipsum
2830 4252 3117 4329 potuisse
3148 4252 3398 4323 merita,
3430 4270 3561 4312 non
3592 4252 3915 4317 absoluta

630 4357 686 4407 et
705 4348 986 4426 perfecta
1024 4347 1117 4425 (ut
1163 4348 1404 4409 ibidem
1440 4356 1702 4411 annotat
1733 4350 2027 4412 Petavius
2058 4368 2237 4411 num.
2273 4348 2357 4429 lt),
2394 4348 2500 4408 sed
2532 4347 2833 4429 ejusmodi
2872 4357 3098 4423 tamen,
3131 4367 3267 4429 quas
3298 4359 3487 4425 tanta
3527 4356 3911 4418 vocationis

634 4444 949 4519 (videlicet
986 4443 1409 4522 apostolatus)
1443 4446 1665 4505 elicere
1695 4464 1921 4506 munus
1938 4456 2196 4525 possent
2219 4466 2257 4505 a
2288 4445 2503 4507 divina
2526 4447 2829 4508 bonitate.
2868 4446 3093 4509 Virum
3119 4446 3554 4513 clarissimum
3578 4456 3907 4532 consule,

632 4541 710 4599 de
749 4538 877 4599 alio
910 4537 1367 4616 'l‘heOphylacti
1404 4541 1546 4601 loco
1578 4542 1835 4620 egregie
1876 4543 2298 4605 disserentem
2328 4560 2499 4604 num.
2538 4542 2595 4603 3.

708 4635 805 4693 90.
846 4636 1147 4710 Regulam
1187 4635 1443 4694 alteram
1480 4634 1580 4695 his
1611 4638 1909 4714 proponit
1936 4638 2144 4699 verbis
2176 4638 2393 4699 Sixtus
2426 4638 2770 4701 Senensis:
2809 4663 2838 4698 α
2879 4641 3161 4702 Rursum
3203 4641 3260 4702 si
3296 4658 3413 4705 nos
3458 4643 3535 4706 ad
3580 4654 3905 4709 eontem-

632 4729 975 4805 plationem
1013 4729 1222 4806 ﬁnali:
1266 4748 1469 4790 causw
1492 4741 1971 4807 convertemus,
2008 4742 2171 4794 recte
2198 4734 2460 4812 quidem
2505 4734 2819 4797 aﬂirmare
2848 4737 3222 4815 poterimus
3252 4741 3696 4818 praeisionem
3725 4763 3907 4825 ope-

626 4846 765 4887 rum
822 4826 1325 4905 subsequentium
1350 4826 1576 4890 divina:
1643 4831 1867 4907 gratia:
1918 4832 2363 4909 receptionem,
2391 4850 2519 4891 esse
2544 4850 2793 4892 causam
2827 4834 3151 4895 electionis
3189 4845 3245 4897 et
3291 4837 3899 4915 prwdestinationis

622 4922 887 5002 ﬁnalem.
916 4924 1087 4982 Deus
1117 4924 1316 4997 enim,
1358 4934 1425 4986 ut
1454 4926 1689 4987 Paulus
1725 4928 1833 4998 ait,
1864 4926 2040 5005 elegit
2072 4946 2183 4987 nos
2223 4938 2365 4987 ante
2420 4926 2640 4989 mundi
2685 4930 3199 4991 constitutionem
3225 4976 3241 5005 ,
3289 4942 3347 4994 et
3388 4922 3899 5013 prmdestinavit

621 5033 734 5073 nos
760 5024 823 5072 ut
860 5032 1118 5073 essemus
1153 5018 1357 5076 sancti
1388 5027 1442 5076 et
1472 5018 1855 5080 immaculati
1880 5038 2088 5079 coram
2126 5040 2193 5080 eo
2230 5024 2297 5083 in
2329 5024 2569 5085 laudem
2590 5024 2810 5104 glorice
2836 5027 3059 5104 gratia:
3092 5028 3245 5108 ejus.
3278 5031 3413 5093 Hoc
3449 5041 3571 5108 est,
3599 5050 3717 5096 nos
3748 5041 3893 5103 sibi

623 5116 701 5172 ab
728 5122 966 5173 mterno
997 5112 1222 5175 ascivit
1250 5113 1314 5175 in
1357 5132 1533 5187 suos,
1561 5125 1620 5176 et
1658 5120 2024 5195 praeparavit
2065 5120 2247 5180 nobis
2289 5123 2645 5184 vocationis
2688 5132 2747 5184 et
2772 5122 3253 5201 justiﬂcationis
3291 5130 3584 5204 gratiam,
3621 5131 3681 5192 in
3719 5152 3891 5199 eum

625 5213 923 5273 videlicet
953 5210 1167 5283 ﬁnem,
1208 5220 1274 5271 ut
1307 5228 1379 5271 ea
1422 5210 1586 5272 bene
1620 5222 1971 5289 uteremur,
2012 5226 2071 5278 et
2102 5237 2179 5279 ex
2220 5219 2358 5297 ejus
2402 5218 2567 5280 bono
2617 5236 2741 5279 usu
2777 5220 3046 5295 gloriam
3080 5224 3493 5299 sempiternm
3529 5224 3891 5295 felicitatis

623 5308 1149 5385 ndipisceremur.
1231 5309 1355 5368 Nt‘C
1403 5308 1673 5369 dubium
1726 5321 1843 5384 est,
1879 5312 2128 5391 aliquos
2164 5333 2247 5375 ex
2287 5317 2603 5392 praedictis
2637 5315 2931 5376 Patribus
2984 5316 3322 5379 secundum
3374 5322 3540 5384 hunc
3574 5323 3901 5404 loquendi

621 5404 867 5463 modum
909 5403 1391 5480 pronuntiasse,
1434 5424 1625 5483 opera
1657 5418 1877 5467 nostra
1900 5429 1936 5467 a
1960 5410 2084 5469 Deo
2115 5414 2383 5489 praevisa
2416 5432 2665 5475 causam
2692 5432 2817 5473 esse
2865 5412 3092 5476 divina:
3128 5403 3719 5496 prcedestinationis
3746 5470 3763 5500 ,
3807 5432 3895 5491 ti—

620 5500 824 5560 nali-m
858 5500 1142 5576 quidem,
1174 5517 1298 5560 non
1332 5513 1543 5562 autem
1579 5505 2055 5567 meritoriam.»

695 5595 1113 5697 Huncsubiro
1132 5603 2010 5678 sensumsuperiusadducta
2040 5604 2496 5683 'l‘lieophvlacti
2529 5608 2711 5668 verba
2737 5619 3027 5685 possunt.
3057 5613 3123 5671 lu
3165 5614 3241 5674 iis
3268 5615 3535 5695 quippe,
3572 5616 3680 5697 qui
3721 5636 3887 5679 cum

622 5693 805 5794 jHlll
834 5690 1157 5794 dignisint
1215 5711 1283 5755 ac
1318 5699 1476 5794 apti,
1524 5709 1833 5761 vocantur
1865 5702 1940 5763 ad
1970 5703 2181 5777 ﬁdem,
2222 5704 2373 5781 ﬁdes
2424 5707 2585 5783 ipsa,
2621 5724 2689 5767 ac
2721 5708 2908 5767 etiam
2944 5707 3103 5768 bona
3138 5690 3335 5772 libera
3368 5690 3734 5794 dispositio,
3765 5722 3881 5781 vel

616 5784 810 5845 bonus
836 5790 1179 5850 vocationis
1210 5797 1264 5849 et
1301 5793 1525 5869 gratim
1555 5813 1725 5870 usus,
1769 5798 2237 5875 prmvide'uatur
2268 5818 2301 5864 a
2351 5805 2506 5877 Deo,
2545 5816 2837 5882 tanquam
2887 5806 3069 5883 ﬁnis;
3108 5818 3165 5871 et
3199 5812 3276 5873 ad
3322 5784 3490 5876 hunc
3518 5784 3729 5877 ﬁaemv
3759 5834 3893 5880 as-
