3966 6432
32 376 37 385 L
92 418 171 489 tu
931 421 1030 486 DE
1066 419 1652 484 TIIEOPllYLACTl
1692 420 1968 483 casus
2007 422 2104 483 ΕΤ
2143 420 2512 485 SCllIPTlS.
3272 414 3374 479 ne

92 534 485 617 sequendum
516 534 795 618 gratiam
829 536 1207 617 prmparavit
1243 538 1453 617 ipsius
1491 536 1873 599 vocationis.
1907 538 2045 599 Jam
2083 537 2304 622 vides,
2328 534 2707 616 tumprimm
2745 530 3104 597 vocationis
3130 530 3374 611 gratim,

84 638 189 707 tam
212 631 512 713 aliarum
555 633 975 710 uberiorem,
1010 649 1267 698 causam
1324 633 1531 698 fuisse
1593 632 1839 697 bonum
1900 635 2177 698 liberum
2242 634 2618 697 earumdem
2671 650 2889 706 usum,
2946 647 3076 694 non
3145 627 3376 709 utique

82 729 479 808 Mariam,
511 731 630 795 sed
663 731 941 812 ﬁnalem.

140 825 372 889 Sed.ex
416 826 631 891 hocce
660 827 1041 908 bujusmodi
1076 829 1484 893 locutionum
1542 846 1770 907 sensu,
1813 833 2279 896 documentum
2322 828 2679 908 colligitur,
2721 828 2899 909 quod
2935 834 3032 889 est
3070 824 3373 888 animad-

84 926 351 989 versione
378 926 871 1008 dignissimum
908 951 923 990 :
953 929 1198 993 auxilia
1225 930 1466 993 divinas
1488 930 1713 1011 gratim
1741 947 1776 993 a
1806 929 2043 995 Graecis
2069 928 2365 992 Patribus
2392 927 2481 1015 ita
2509 924 2719 989 fuisse
2753 924 3108 998 intellecta,
3143 932 3213 985 ut
3240 939 3375 985 nou

84 1018 260 1084 solum
294 1023 820 1100 possibilitatem
855 1025 1211 1101 conferant,
1242 1028 1355 1090 sed
1390 1029 1581 1090 etiam
1614 1027 1879 1098 virtute,
1914 1025 2175 1106 energia
2205 1039 2267 1087 et
2296 1022 2577 1088 efﬁcacia
2614 1022 2759 1085 sine
2796 1021 3001 1085 dubio
3030 1038 3063 1083 a
3100 1022 3234 1084 Deo
3264 1019 3379 1083 dc-

86 1118 408 1183 seendente
444 1121 590 1183 sint
616 1122 921 1202 prmdita;
955 1134 1265 1203 certoque
1298 1127 1360 1187 et
1386 1125 1823 1188 infallibiliter
1849 1126 2086 1188 ducant
2116 1123 2195 1186 ad
2218 1122 2411 1185 ﬁnem
2446 1139 2477 1185 a
2511 1123 2649 1185 Deo
2678 1121 3055 1201 prmvisum,
3092 1135 3375 1198 quemve

84 1211 193 1293 ipse
220 1214 393 1279 vult.
434 1218 605 1280 Rem
650 1219 1188 1297 splendidissime
1243 1220 1536 1300 patefacit
1580 1225 1644 1287 S.
1688 1222 1968 1285 Thomas
2006 1241 2028 1284 ι
2056 1241 2148 1302 p.,
2186 1240 2300 1302 qu.
2340 1240 2533 1291 χχιιι,
2567 1228 2683 1283 art.
2722 1240 2759 1283 ν
2796 1243 2810 1281 :
2852 1244 2880 1276 α
2916 1221 3211 1283 Fuerunt
3260 1218 3373 1280 alii

82 1309 170 1389 qui
207 1311 564 1387 dixerunt,
596 1316 773 1396 quod
800 1318 1029 1379 merita
1058 1320 1385 1399 sequentia
1413 1319 2007 1399 praedestinationis
2036 1317 2328 1400 effectum
2370 1315 2497 1399 (vel
2531 1314 2875 1395 sequentia
2909 1314 3203 1393 gratiam,
3228 1327 3378 1393 qum

80 1405 241 1472 sicuti
276 1428 313 1472 a
347 1413 499 1474 Deo
530 1414 750 1487 datur,
786 1415 871 1477 ita
907 1415 1357 1494 prmdestinata
1388 1424 1482 1479 est
1522 1434 1592 1479 ac
1622 1413 2216 1497 prmdestinationis
2264 1412 2533 1478 effectus
2590 1411 2722 1475 dici
2755 1410 2969 1491 debet)
3002 1418 3152 1472 sunt
3200 1408 3373 1470 ratio

74 1504 675 1585 predestinationis.
711 1512 801 1573 ita
839 1519 907 1574 ut
936 1512 1361 1592 intelligatur,
1394 1516 1566 1593 quod
1606 1515 1745 1577 ideo
1782 1517 1951 1576 Deus
1981 1515 2089 1576 dat
2118 1514 2394 1593 gratiam
2444 1513 2668 1583 alicui,
2710 1520 2771 1592 et
2816 1508 3277 1589 prmordinavit
3304 1525 3374 1570 se

78 1602 123 1665 ei
153 1605 488 1672 daturum.
528 1610 686 1687 quia
714 1612 1045 1689 praesciuit
1075 1630 1213 1672 eum
1244 1611 1393 1672 bene
1436 1631 1729 1675 usurum.
1762 1612 1941 1675 Sicut
1972 1611 2029 1672 si
2074 1628 2199 1673 'rex
2242 1612 2349 1673 det
2380 1609 2581 1673 alicui
2644 1607 2841 1669 militi
2875 1624 3145 1687 equum,
3178 1621 3375 1685 quem

78 1701 169 1762 scit
198 1719 275 1764 eo
307 1703 492 1767 bene
531 1723 837 1769 usurum.
883 1708 1003 1769 Sed
1042 1709 1146 1769 isti
1186 1710 1494 1770 videntur
1527 1710 1911 1774 distinxisse
1962 1710 2133 1787 inter
2184 1708 2248 1769 id
2283 1706 2452 1788 quod
2487 1716 2578 1767 est
2612 1726 2691 1768 ea:
2718 1707 2958 1785 gratia,
3009 1712 3071 1768 et
3108 1704 3172 1766 id
3210 1702 3380 1783 quod

79 1809 149 1859 est
178 1816 256 1861 ex
297 1798 515 1863 libero
551 1803 853 1876 arbitrio,
917 1806 1100 1886 quas’i
1130 1824 1257 1869 non
1295 1808 1497 1887 possit
1524 1824 1664 1870 esse
1698 1805 1872 1868 idem
1908 1820 1987 1867 ex
2025 1810 2331 1882 utroque.
2373 1802 2793 1863 Manifestum
2830 1808 2926 1861 est
2954 1807 3170 1860 autem
3199 1802 3375 1879 quod

76 1891 128 1955 id
152 1897 320 1976 quod
352 1908 458 1959 est
498 1919 582 1962 ea:
623 1902 835 1980 gratia
868 1902 955 1983 (et
989 1920 1115 1966 non
1152 1903 1360 1966 solum
1399 1905 1537 1985 ipsa
1568 1905 1769 1985 gratia
1799 1904 2079 1984 ejusque
2110 1900 2394 1981 collatio)
2430 1910 2523 1961 est
2570 1897 3171 1979 prmdestinationis
3230 1896 3381 1978 effe-

76 1999 214 2055 ctus.
255 1996 334 2057 Et
363 1995 501 2058 hoc
536 2014 671 2061 non
711 2009 921 2073 potest
964 2001 1113 2077 poni
1168 2009 1237 2063 ut
1263 2003 1433 2063 ratio
1468 2001 2059 2082 prwdestinationis
2107 2000 2247 2078 (seu
2304 2014 2495 2060 causa
2546 1996 2901 2077 meritoria)
2934 2012 3080 2057 cum
3115 1995 3231 2057 hoc
3264 1993 3377 2057 sub

72 2089 634 2170 prgdestinatione
661 2097 1099 2159 concludatur.
1138 2099 1201 2161 Si
1237 2099 1438 2179 igitur
1465 2099 1717 2181 aliquid
1748 2097 1927 2161 aliud
1964 2116 2045 2159 ea:
2073 2105 2258 2177 parte
2286 2106 2510 2156 nostra
2540 2094 2624 2154 sit
2657 2093 2819 2155 ratio
2855 2092 3380 2171 prmdestinatio-

77 2185 176 2261 nis,
195 2187 319 2252 hoc
352 2191 488 2254 erit
527 2203 758 2272 prmter
789 2195 1089 2257 eﬂ‘ectum
1127 2197 1737 2275 prmdestinationis.
1782 2198 1920 2259 Non
1965 2202 2061 2257 est
2088 2202 2306 2257 autem
2337 2192 2718 2255 distinctum
2752 2190 2921 2270 quod
2946 2199 3035 2251 est
3076 2208 3157 2251 ex
3182 2190 3381 2253 libero

74 2283 325 2350 arbitrio
359 2297 429 2351 et
469 2277 1155 2370 ex'prwdestinatione,
1192 2294 1360 2357 sicut
1403 2312 1530 2357 non
1564 2300 1660 2357 est
1688 2294 2069 2356 distinctum
2094 2291 2270 2372 quod
2302 2300 2397 2353 est
2430 2308 2509 2352 ex
2536 2306 2729 2352 causa
2763 2288 3051 2351 secunda
3090 2294 3154 2349 et
3187 2304 3379 2350 causa

81 2382 293 2459 prima;
331 2385 571 2448 divina
618 2388 795 2449 enim
822 2390 1233 2452 Providentia
1270 2390 1566 2469 producit
1605 2390 1877 2453 etl‘ectus
1901 2407 2028 2475 per
2056 2388 2501 2467 Operationem
2544 2402 2884 2450 causarum
2916 2384 3378 2448 secundarum.

78 2479 233 2546 Unde
266 2490 333 2544 et
366 2484 431 2545 id
462 2483 637 2563 quod
665 2495 756 2547 est
789 2504 905 2565 per
935 2485 1197 2548 liberum
1227 2487 1571 2549 arbitri-um
1614 2496 1705 2549 est
1735 2507 1817 2551 ea:
1871 2485 2702 2568 prwdestinatione.»Unde
2736 2485 2937 2547 bonus
2972 2504 3127 2546 usus
3154 2484 3382 2565 gratio:

76 2583 401 2657 prcscitus
474 2581 573 2662 (ut
638 2584 883 2647 dicitur
941 2590 1015 2656 ad
1073 2586 1130 2665 1)
1164 2604 1295 2646 non
1355 2594 1445 2647 est
1506 2586 1676 2648 ratio
1743 2584 2111 2665 collationis
2164 2586 2413 2665 gratim,
2471 2584 2605 2648 nisi
2656 2580 3009 2645 secundum
3064 2583 3381 2644 rationem

76 2692 256 2751 causa:
279 2680 539 2759 ﬁnalis.

134 2776 276 2851 Quo
310 2777 562 2842 iterum
597 2794 822 2853 sensu,
859 2779 1104 2845 auxilia
1135 2782 1358 2864 gratim
1383 2800 1529 2864 qum
1547 2785 1858 2863 prmparat
1891 2778 2254 2856 Deus,talia
2284 2789 2437 2841 sunt
2472 2780 2535 2842 in
2563 2778 2679 2841 Dei
2714 2779 3149 2859 prmscientia,
3179 2778 3251 2841 ut
3284 2776 3386 2840 inr-

76 2870 423 2938 fallibiliter
456 2877 538 2939 ad
573 2877 1069 2942 exsecutionem
1100 2880 1254 2943 boni
1283 2880 1469 2943 liberi
1503 2881 1721 2961 Operis
1747 2880 2010 2951 ducant,
2038 2877 2211 2957 quod
2257 2875 2336 2938 ab
2364 2884 2608 2937 mterno
2641 2876 2843 2939 veluti
2899 2877 3090 2938 finem
3128 2877 3385 2955 prmscit

77 2985 135 3034 ac
157 2973 289 3035 vult
325 2975 544 3036 Deus.
570 2976 725 3038 Hmc
751 2992 905 3039 vero
938 2979 1333 3056 prmscientia
1368 2995 1495 3041 non
1529 2978 1747 3041 diﬂ‘ert
1776 2991 1809 3037 a
1848 2972 2445 3053 prmdestinatione,
2479 2989 2673 3050 quam
2702 2975 2933 3036 docent
2967 2972 3383 3052 Augustinus

81 3068 486 3153 etThomas;
524 3080 589 3134 et
621 3071 756 3135 hmc
787 3075 1015 3153 paucis
1050 3083 1377 3139 contracta
1411 3076 1759 3155 utriusque
1796 3073 2110 3135 doctrinm
2142 3088 2398 3133 summa
2440 3078 2561 3134 est.

140 3166 234 3231 9i.
268 3168 456 3229 Nihil
522 3168 733 3231 obstat
767 3186 919 3233 vero
958 3172 1315 3251 quominus
1350 3189 1477 3234 non
1515 3189 1734 3251 paucm
1763 3172 2130 3233 Grmcorum
2194 3172 2452 3232 Patrum
2513 3170 2858 3233 sementim
2907 3170 3137 3233 eodem
3170 3171 3385 3231 sensu

82 3275 511 3343 exponentur.
547 3267 749 3329 Vocat
778 3284 885 3330 eas
914 3270 994 3330 ad
1032 3286 1300 3331 examen
1333 3257 1634 3332 Petavius
1670 3269 1837 3331 libro
1882 3288 1945 3330 ix
1986 3269 2203 3336 citato,
2234 3270 2439 3345 capite
2471 3270 2530 3342 3,
2567 3286 2747 3331 num.
2781 3270 2842 3343 9,
2871 3286 2941 3331 ac
2976 3260 3161 3348 plura
3199 3266 3387 3331 colli-

82 3362 156 3440 git
184 3363 358 3426 scitu
394 3366 633 3442 digna,
672 3364 1021 3437 Videlicet,
1056 3365 1142 3446 1.)
1171 3385 1185 3426 :
1212 3368 1357 3430 Non
1387 3369 1781 3429 existimasse
1805 3378 2041 3428 veteres
2076 3365 2315 3427 eosdem
2355 3366 2609 3441 Patres,
2646 3367 2797 3446 eligi
2825 3365 3203 3447 adprimam
3243 3382 3388 3444 gra-

83 3459 212 3519 tiam
230 3462 537 3524 homines
553 3470 827 3540 propter
839 3463 1067 3523 merita
1083 3462 1460 3542 qucrdam,et
1478 3465 1670 3525 initia
1691 3463 1867 3524 bonm
1879 3464 2255 3533 voluntatis,
2272 3473 2343 3524 ut
2360 3464 2795 3525 Massilienses
2818 3464 3073 3542 opinati
3094 3472 3246 3524 sunt
3262 3463 3384 3541 :2.)

84 3572 271 3637 neque
305 3559 455 3619 illis
487 3557 769 3637 impingi
803 3558 1082 3619 aliorum
1114 3577 1395 3621 errorem
1429 3577 1645 3637 posse,
1669 3561 1806 3623 ideo
1836 3562 2116 3640 primum
2151 3560 2514 3623 hominibus
2545 3562 2819 3639 gratiam
2854 3559 3202 3623 decrevisse
3233 3559 3389 3622 dare

82 3653 275 3730 Datus,
314 3654 506 3736 quod
531 3654 681 3717 illos
715 3655 864 3717 bene
886 3675 1131 3718 usuros
1166 3658 1380 3737 gratia
1407 3676 1524 3718 sua
1550 3656 1974 3737 praeviderat;
2014 3674 2085 3719 ac
2116 3658 2171 3718 si
2200 3658 2529 3719 meritoria
2564 3658 2858 3735 qumdam
2887 3674 3082 3720 causa
3114 3658 3240 3719 dici
3275 3658 3389 3719 de-

82 3747 199 3814 beat
230 3753 575 3833 prmvisus
610 3752 831 3830 gratim
861 3752 1068 3815 bonus
1104 3772 1303 3827 usus;
1330 3754 1419 3835 3.)
1468 3771 1661 3833 neque
1681 3754 1764 3815 ad
1803 3774 1957 3829 eam,
1990 3773 2172 3835 quam
2204 3762 2452 3829 vocant,
2494 3753 2996 3816 conditionatam
3028 3756 3384 3826 scientiam,

84 3852 431 3931 conﬁsgisse
462 3849 724 3923 Patres,
761 3858 1057 3928 tanquam
1079 3851 1253 3912 haud
1283 3850 1569 3912 absolute
1588 3854 1881 3932 futurum
1914 3852 2145 3914 bonum
2175 3850 2470 3933 affectum
2499 3852 2721 3925 animi,
2756 3861 2867 3912 aut
2901 3851 3171 3914 liberum
3188 3853 3387 3913 meri-

85 3953 193 4007 tua
224 3946 636 4029 praviderit
660 3966 680 4006 :
705 3945 815 4007 sed
853 3948 946 4009 ita
974 3946 1237 4024 demum,
1273 3949 1330 4010 si
1359 3952 1781 4011 necessariam
1817 3949 1899 4011 ad
1930 3950 1997 4012 id
2026 3968 2204 4029 opem
2238 3952 2527 4031 conferre
2564 3949 2954 4019 decreverit;
2984 3948 3072 4028 Ιι.)
3104 3944 3220 4012 sed
3250 3950 3386 4013 uti-

84 4058 189 4122 que
214 4063 296 4109 eo
330 4048 494 4127 ipso
528 4044 835 4107 homines
866 4046 1175 4108 constitui
1205 4046 1484 4120 .electos,
1527 4064 1597 4109 ac
1635 4047 1897 4127 dignos,
1934 4056 1995 4109 et
2024 4054 2207 4125 aptos
2237 4068 2252 4120 ;
2287 4048 2463 4127 quod
2490 4048 2668 4109 Deus
2701 4066 2830 4107 non
2867 4046 3074 4108 solum
3114 4045 3183 4108 id
3216 4064 3391 4127 pra:-

83 4141 249 4219 ritlet,
280 4143 471 4226 quod
506 4161 731 4204 eorum
759 4145 1084 4205 voluntate
1145 4146 1477 4226 confertur
1527 4146 1795 4225 (bonum
1844 4144 2066 4223 gratim
2094 4160 2308 4219 usum,
2342 4161 2415 4207 ac
2460 4145 2707 4206 bonum
2763 4145 3042 4208 liberum
3105 4144 3390 4208 salutare

84 4241 430 4321 opus,)-sed
495 4238 783 4322 gratiam
835 4259 1079 4321 quoque
1127 4243 1439 4322 prtevidet
1508 4260 1713 4317 suam,
1768 4259 1891 4321 qua
1948 4239 2096 4302 illos
2157 4239 2416 4322 adjuvat
2475 4258 2721 4321 eosque
2783 4242 3019 4323 dignos
3081 4251 3144 4306 et
3205 4252 3391 4323 aptos

84 4333 245 4415 fecit;
297 4357 380 4403 ac
454 4355 697 4401 eorum
762 4337 931 4400 bona
977 4350 1281 4418 Operatur
1351 4356 1570 4419 opera,
1633 4346 1695 4400 et
1754 4337 1999 4400 bonum
2064 4337 2258 4401 allicit
2316 4355 2506 4401 usum
2573 4342 2836 4419 gratim;
2894 4342 2982 4419 5.)
3048 4341 3213 4406 hanc
3275 4343 3393 4407 de-

86 4449 235 4499 Ilum
290 4435 793 4518 prmscientiam
853 4434 1206 4498 absolutam
1239 4456 1368 4499 esse
1390 4481 1408 4512 ,
1444 4456 1517 4499 ac
1573 4438 1671 4499 rei
1704 4436 1875 4499 haud
1914 4436 2107 4498 aliter
2132 4440 2341 4516 ‘quam
2376 4439 2716 4518 praesentis
2750 4450 2807 4502 et
2841 4441 3213 4504 exsistentis
3244 4458 3389 4503 cer-

84 4538 185 4593 tus
213 4534 561 4595 notitiam.

142 4633 643 4699 Praecientiam
674 4634 1083 4715 distinguere
1116 4637 1330 4699 solent
1364 4647 1615 4703 veteres
1648 4638 1746 4701 illi
1769 4641 1987 4702 Patres
2013 4656 2047 4701 a
2078 4641 2638 4720 prcedestinatione
2676 4665 2697 4705 :
2730 4654 2793 4707 et
2826 4643 3003 4707 illam
3032 4645 3110 4708 ad
3144 4644 3393 4710 liberos

90 4738 247 4796 Ictus
275 4732 576 4803 referre,
611 4734 802 4793 istam
846 4735 921 4795 ad
956 4750 1030 4796 ea
1062 4753 1209 4814 qum
1241 4735 1447 4799 libero
1481 4754 1612 4799 non
1645 4736 1930 4799 subsunt
1960 4737 2253 4813 arbitrio,
2287 4739 2491 4802 veluti
2524 4741 2798 4820 primam
2831 4744 3053 4823 gratim
3090 4744 3391 4808 collatio-

90 4839 238 4906 nem,
269 4847 347 4894 ac
390 4827 913 4892 retributionem
947 4833 1385 4909 prmmiorum.
1412 4834 1804 4914 Loquuntur
1827 4832 2103 4909 scilicet,
2154 4851 2356 4898 sensu
2382 4838 2665 4916 quodam
2698 4840 2981 4903 nimium
3008 4840 3234 4904 stricto
3260 4843 3391 4905 cir-

87 4938 620 5008 atmspectoque,
655 4925 736 4987 de
772 4944 985 4989 rerum
1019 4946 1239 4992 earum
1270 4932 1831 5009 prwdestinatione
1856 4948 2016 5011 quas
2039 4932 2187 4995 facit
2226 4934 2407 4996 solus
2440 4937 2616 4999 Deus
2644 4938 2787 5000 sine
2818 4938 3032 5001 nobis.
3059 4942 3140 5001 At
3164 4958 3395 5003 eorum

85 5028 504 5099 radentia,
544 5031 618 5086 ut
654 5032 904 5097 vocant,
931 5042 1073 5104 qum
1106 5044 1223 5089 nos
1254 5028 1447 5089 etiam
1476 5027 1676 5092 libere
1698 5028 1999 5104 facimus,
2032 5047 2179 5092 cum
2210 5030 2296 5091 sit
2325 5030 2647 5105 absoluta,
2680 5035 3031 5114 mquivalet
3062 5036 3397 5117 pradesti-

86 5125 335 5200 utioni,
368 5132 459 5185 ut
494 5121 897 5201 Aquinatem
956 5125 1217 5204 egregie
1249 5126 1589 5188 docentem
1625 5127 2025 5192 audivimus.
2070 5130 2197 5208 Ipsi
2233 5145 2501 5210 quoque
2538 5132 2845 5194 videntur
2872 5136 3111 5207 Patres,
3137 5135 3397 5213 prcede-

88 5220 490 5285 ltinationem
513 5218 603 5279 ad
632 5219 910 5298 gloriam
945 5239 1026 5281 ea:
1079 5224 1449 5283 meritorum
1467 5226 1853 5302 praecisione
1882 5228 2219 5296 statuisse;
2256 5246 2403 5308 qum
2437 5230 2703 5293 levioris
2737 5232 3051 5293 momenti
3099 5232 3223 5295 hoc
3255 5232 3399 5295 loco

88 5322 342 5396 quaestio
360 5328 493 5392 est,
514 5319 875 5380 dummodo
890 5318 1369 5398 prwdestinatio
1395 5322 1771 5386 admittatur
1792 5321 1875 5384 ad
1892 5325 2173 5404 gratiam
2205 5333 2262 5386 et
2283 5324 2364 5387 ad
2383 5328 2611 5406 gratia:
2632 5327 2944 5410 effectum.
2972 5330 3083 5410 qui
3114 5338 3213 5392 est
3235 5330 3401 5393 liber

32 5414 35 5463 ῗ
92 5414 423 5482 voluntatis
450 5426 979 5491 consensus,aut
1003 5416 1165 5480 liber
1181 5419 1400 5498 gratim
1429 5422 1589 5481 datm
1612 5422 1824 5483 bonus
1855 5439 2038 5514 usus.
2068 5423 2334 5487 Thomm
2358 5424 2718 5490 doctrinam
2746 5445 2877 5507 prm
2900 5428 3111 5489 oculis
3138 5429 3398 5490 habeto.

150 5515 339 5595 [LIV]
371 5518 599 5579 Aiunt
664 5513 953 5592 denique
987 5516 1228 5577 laudati
1290 5520 1506 5580 Patres
1536 5535 1607 5579 ac
1639 5513 2165 5599 TheOphylactus
2206 5537 2337 5583 non
2399 5538 2546 5586 raro
2582 5545 2598 5584 :
2634 5540 2748 5587 eos
2814 5525 3117 5588 homines
3156 5527 3401 5607 eligere

94 5609 306 5687 Deum,
352 5633 522 5695 quos
561 5612 898 5691 prwscivit
928 5611 1159 5674 divina:
1192 5615 1516 5676 vocationi
1552 5620 1901 5697 morigeros
1939 5637 2012 5679 ae
2045 5619 2455 5693 tractabiles;
2488 5621 2781 5703 itemque
2818 5642 3244 5687 consensuros
3283 5628 3404 5689 hoc

32 5766 41 5811 ἰ
94 5704 171 5773 nil
208 5715 324 5777 illo
361 5726 661 5794 tempore
715 5730 788 5773 ac
840 5713 909 5773 in
941 5714 1084 5775 istis
1115 5714 1213 5773 vel
1252 5713 1384 5777 illis
1431 5717 1957 5778 circumstantiis.
1994 5718 2181 5777 Dicta
2216 5716 2601 5798 hujusmodi
2642 5738 2772 5784 non
2825 5723 3191 5803 intelligas,
3222 5742 3296 5786 ac
3345 5728 3401 5787 si

32 5810 47 5901 ἱ
96 5813 486 5884 [inscientia
522 5811 754 5873 divina
790 5828 868 5873 ex
910 5810 1013 5873 his
1046 5812 1385 5874 hominum
1418 5813 1696 5878 internis
1720 5812 2293 5893 exterioribusque
2321 5815 2835 5882 circumstantiis
2872 5818 3157 5901 aliquam
3192 5832 3408 5885 sumat

52 5976 55 5977 ,
98 5919 440 5990 «praestet
472 5910 733 5976 divi'nm
763 5908 1105 5974 electionis
1152 5919 1216 5973 et
1271 5911 1870 5992 prmdestinatiouis
1915 5927 2175 5973 causam
2208 5919 2272 5975 et
2304 5913 2652 5979 rationem.
2690 5917 2881 5982 Juxta
2914 5920 3273 5983 secundam
3309 5938 3409 5983 rc-
