3966 6406
640 385 736 452 ill
1477 381 1701 443 BERN.
1742 378 2010 442 MARLE
2050 377 2145 440 DE
2188 378 2206 439 Ι

2311 374 2486 458 BEIS
2512 371 3021 436 DISSERTATIO
3774 362 3877 431 112

637 499 850 578 gulam
899 515 998 560 res
1039 498 1124 560 ita
1163 497 1575 576 intelligenda
1611 503 1729 569 est,
1764 502 1834 558 ut
1878 493 1981 556 ille
2036 509 2374 554 consensus
2406 507 2442 553 a
2478 490 2612 551 Deo
2644 487 2728 548 sit
2779 491 3136 565 prmscitns,
3171 482 3367 545 veluti
3397 480 3584 561 ﬁnis;
3617 487 3679 543 ct
3717 479 3889 544 hunc

645 605 708 660 ut
738 595 1021 658 obtineat
1053 595 1272 656 divina
1304 593 1735 667 Providentia,
1763 608 1875 672 pro
1904 608 2039 652 sum
2069 588 2404 667 sapientim
2432 585 2732 657 consilio,
2779 600 3023 665 proque
3069 579 3441 642 conditione
3475 578 3890 657 rationalium

543 716 547 721 ·
633 693 1023 763 animorum,
1057 699 1280 770 prater
1303 691 1607 752 interiora
1639 690 1874 751 divinm
1903 687 2119 766 gratim
2148 685 2422 748 efﬁcacis
2460 691 2520 744 et
2559 681 2888 760 Operantis
2933 677 3207 752 auxilia,
3235 676 3366 739 hmc
3399 675 3589 738 etiam
3619 693 3764 737 cum
3792 673 3895 736 in-

637 789 838 850 ternis
866 789 1006 850 aliis
1033 789 1448 865 externisque
1485 785 1817 863 temporis,
1844 785 1965 846 loci
2003 781 2463 860 similibusque
2495 776 3010 840 circumstantiis
3063 781 3427 846 connectat,
3462 773 3701 853 quibus
3725 789 3894 852 prm-

639 886 842 947 visum
878 885 1160 962 denique
1208 900 1618 956 consensum,
1653 898 1783 961 quo
1828 881 1964 943 vult
1997 882 2168 940 Deus
2216 885 2532 956 tempore,
2581 892 2711 955 quo
2761 875 2899 936 loco
2931 890 3145 953 quove
3209 873 3429 945 modo,
3466 869 3896 932 rationalibus

634 981 994 1059 liberisque
1029 979 1402 1040 hominibus
1434 979 1887 1049 conveniente,
1922 982 2384 1054 consequatur.

711 1077 810 1137 92.
844 1079 930 1138 Ita
967 1095 1115 1140 vero
1151 1077 1581 1154 loquebantur
1605 1074 1808 1138 Grmci
1835 1076 2076 1147 Patres,
2114 1089 2183 1133 ac
2215 1087 2370 1132 sane
2405 1068 2620 1130 minus
2663 1074 2956 1130 accurate
2988 1089 3001 1128 :
3033 1074 3166 1127 tum
3213 1064 3367 1142 quia
3384 1063 3726 1143 Pelagiana
3760 1062 3897 1123 hm-

630 1175 795 1234 resis
830 1190 959 1234 non
994 1173 1075 1234 ita
1109 1191 1333 1235 eorum
1370 1173 1683 1235 Ecclesias
1725 1171 2070 1242 invaserat,
2107 1177 2176 1229 ut
2213 1164 2674 1245 urgentissima
2707 1162 2871 1225 foret
2905 1163 3064 1224 ratio
3095 1161 3286 1223 verba
3310 1161 3626 1222 metiendi
3660 1169 3721 1222 et
3786 1177 3900 1221 ca—

631 1271 905 1351 stigandi
945 1270 1328 1343 locutiones,
1367 1271 1473 1332 ubi
1511 1269 1818 1350 degratia
1841 1266 2034 1347 deque
2091 1266 2388 1325 electione
2418 1260 2636 1322 divina
2669 1279 2741 1320 ac
2762 1259 3326 1338 prmdestinatione
3357 1259 3690 1338 agebatur.
3729 1259 3899 1318 Tum

630 1372 846 1441 etiam,
881 1369 1053 1447 quod
1091 1369 1183 1428 eis
1213 1368 1414 1429 libero
1445 1368 1804 1430 cavendum
1837 1361 2283 1434 eratarbitrio,
2317 1358 2492 1437 quod
2518 1357 2854 1418 Manichmi
2890 1367 2950 1417 et
2975 1356 3084 1416 alii
3119 1357 3500 1417 heterodoxi
3530 1356 3749 1434 plures
3786 1358 3902 1414 ho-

583 1465 590 1472 ’
633 1466 837 1526 mines
869 1463 1344 1542 Oppugnabant.
1381 1464 1547 1524 Hinc
1577 1461 1741 1537 apud
1773 1477 1882 1521 eos
1912 1467 1972 1520 et
2002 1458 2162 1535 apud
2200 1453 2760 1534 TheOphylactum
2793 1456 2933 1516 suis
2968 1455 3034 1516 in
3069 1453 3572 1515 Commentariis
3597 1452 3905 1531 frequen-

628 1559 895 1621 tissimm
924 1561 1401 1620 admonitiones
1437 1583 1451 1620 :
1484 1560 1619 1621 Hoc
1651 1555 1748 1618 vel
1779 1554 1941 1618 illud
1979 1554 2132 1628 dici,
2164 1562 2233 1614 ut
2269 1552 2528 1615 libertas
2566 1551 2827 1614 arbitrii
2859 1561 3290 1621 monstretur;
3317 1553 3432 1614 hoc
3457 1551 3552 1611 vel
3578 1549 3745 1613 illud
3773 1551 3902 1610 mi-

626 1657 790 1718 nime
817 1657 1071 1727 dictum,
1098 1665 1169 1716 ut
1195 1656 1457 1717 liberum
1491 1657 1826 1734 auferatur
1853 1651 2216 1714 arbitrium.

711 1754 801 1811 Ad
840 1762 1027 1831 caput
1068 1771 1176 1813 xvr
1214 1750 1491 1813 Matthmi
1537 1769 1597 1812 ν,
1633 1751 1735 1825 Ωιι,
1795 1748 1983 1809 verba
2024 1756 2174 1808 sunt
2208 1768 2222 1806 :
2265 1769 2295 1803 α
2327 1749 2398 1811 Si
2436 1753 2576 1828 quis
2636 1746 2770 1809 vult
2826 1768 3040 1810 vemre
3071 1758 3219 1828 post
3273 1767 3388 1810 me.
3428 1748 3598 1810 Dicit
3657 1756 3903 1820 autem,

631 1858 782 1918 etut,
821 1856 906 1907 ἵνα.
939 1856 1086 1927 δείξῃ
1119 1858 1200 1908 ὅτι
1236 1855 1603 1922 αὐτεξούσιον,
1635 1857 1707 1906 ut
1739 1844 2022 1905 ostendat
2055 1844 2197 1906 libet

2365 1846 2730 1920 arbitrium,
2773 1858 2827 1908 et
2859 1865 2986 1907 non
3017 1856 3298 1907 coactam
3321 1847 3644 1919 virtutem,
3679 1847 3777 1899 καὶ
3805 1848 3908 1898 οὐκ

629 1953 977 2021 ἀναγκαστὸν
1011 1957 1043 2024 ἡ
1079 1955 1270 2026 ἀρετή.
1318 1948 1410 2006 Ad
1451 1955 1642 2024 caput
1680 1963 1742 2006 ιν
1795 1944 2078 2013 Marci,v.
2111 1943 2190 2003 26

2340 1944 2443 2004 Sic
2477 1953 2568 2003 est
2601 1961 2861 2022 regnum
2896 1945 3032 2017 Dei,
3072 1943 3588 2024 quemadmodum
3622 1947 3680 2006 si
3721 1947 3906 2007 homo

615 2044 825 2124 jaciat
873 2059 1196 2103 sementem
1252 2045 1317 2104 in.
1349 2053 1603 2104 terram.
1645 2039 1856 2102 Liberi
1893 2041 2064 2101 enim
2108 2039 2354 2101 arbitrii
2390 2059 2616 2103 sumus
2654 2063 2666 2101 :
2704 2048 2766 2103 et
2815 2045 2880 2102 in
2923 2052 3138 2104 nOstra
3192 2044 3511 2106 electione
3577 2045 3910 2122 Oportebit

631 2156 850 2199 semen
893 2139 1245 2217 (Evangelii
1288 2138 1828 2217 prmdicationem)
1861 2154 2173 2209 crescere,
2214 2137 2315 2199 vel
2351 2155 2500 2200 non.
2546 2140 2767 2217 Neque
2827 2139 3002 2201 enim
3039 2142 3245 2200 coacti
3282 2150 3340 2200 et
3368 2143 3725 2202 necessario
3764 2140 3910 2203 fru-

629 2243 798 2296 ctum
833 2236 1184 2298 efferimus.
1226 2259 1254 2293 ιο
1290 2238 1381 2297 Ad
1415 2242 1604 2312 caput
1643 2251 1779 2293 mi
1821 2235 2030 2306 Lucm,
2059 2253 2114 2294 v.
2146 2235 2272 2295 27:
2311 2258 2339 2291 ιι
2377 2235 2868 2297 Confundantur
2910 2237 3271 2311 Manichmi,
3303 2238 3414 2317 qui
3448 2239 3673 2300 dicunt
3704 2256 3915 2318 quos-

632 2333 772 2390 Jam
803 2345 1026 2393 natura
1060 2349 1205 2394 esse
1240 2331 1580 2403 indociles,
1625 2338 1686 2391 et
1716 2329 2184 2408 impossibilem
2225 2347 2370 2392 esse
2404 2330 2550 2392 vitm
2588 2332 3040 2393 mutationem.
3074 2355 3102 2388 ι.

705 2429 970 2491 Joannis
1008 2428 1209 2505 capite
1241 2448 1295 2501 γ,
1332 2448 1390 2490 v.
1417 2427 1493 2488 ίιΟ
1522 2451 1533 2488 :
1561 2449 1589 2482 α
1619 2428 1755 2488 Non
1787 2425 1958 2487 enim
1985 2427 2169 2501 dixit,
2196 2429 2467 2488 Potestis
2495 2427 2730 2501 venire,
2771 2430 2888 2505 sed
2921 2430 3144 2490 Vultis.
3183 2431 3465 2496 Audiant
3503 2433 3852 2496 Maniclimi
3900 2457 3914 2495 :

625 2524 960 2601 quodnon
991 2535 1213 2587 natura
1246 2526 1504 2595 malum,
1545 2525 1654 2585 sed
1689 2522 2015 2585 voluntate
2045 2530 2316 2610 constet.
2348 2547 2376 2578 ι)
2408 2525 2526 2585 Sed
2557 2510 2722 2603 Opus
2749 2543 2891 2586 esse
2931 2526 3155 2587 divino
3185 2529 3459 2603 auxilio,
3497 2541 3562 2592 ut
3587 2532 3918 2594 salutares

627 2628 808 2682 actus
863 2622 1007 2684 edat
1071 2623 1343 2684 liberum
1403 2621 1764 2693 arbitrium,
1799 2620 2226 2681 disertissime
2267 2620 2505 2700 passim
2550 2623 2766 2684 tradit.
2817 2625 3056 2684 Locum
3116 2628 3334 2703 accipe
3379 2626 3446 2687 in
3507 2636 3698 2704 caput
3761 2648 3918 2690 χιιι

629 2722 840 2794 Luem,
879 2741 937 2782 ν.
965 2724 1030 2783 3t
1064 2745 1077 2782 :
1121 2746 1148 2777 α
1179 2724 1311 2784 Hoc
1348 2722 1484 2783 loco
1507 2720 1816 2781 discimus
1844 2736 2127 2796 magnam
2159 2719 2508 2780 doctrinam
2537 2741 2557 2780 :
2585 2720 2757 2798 quod
2784 2737 2907 2780 non
2943 2720 3215 2782 sufficiat
3253 2727 3654 2802 impositum
3690 2726 3915 2789 homi-

631 2816 755 2888 nis,
782 2821 949 2888 χωρὶς
985 2822 1077 2890 τῆς
1108 2819 1200 2871 τοῦ
1231 2818 1364 2871 Θεοῦ
1403 2821 1743 2890 ἐπικουρίας,
1775 2814 1916 2876 sine
1953 2815 2196 2880 auxilio

2356 2863 2368 2877 .
2403 2816 2960 2890 Quemadmodum
2995 2827 3055 2878 et
3087 2821 3318 2888 Petrus
3369 2839 3596 2900 parum
3667 2825 3922 2887 dereli-

628 2923 768 2972 ctus
809 2918 1101 2988 (propter
1147 2909 1488 2985 quamdam
1525 2911 1948 2971 temeritatem
1983 2911 2149 2988 ejus,
2192 2922 2260 2973 ut
2293 2913 2482 2989 inira)
2525 2915 2768 2974 tametsi
2803 2913 3176 2979 charitatem
3214 2927 3275 2979 et
3306 2918 3627 2981 fervorem
3667 2920 3921 2983 habere

627 3009 986 3079 videretur,
1043 3004 1150 3064 ubi
1192 3003 1447 3082 reliquit
1484 3021 1628 3065 eum
1661 3008 2193 3087 DGUS,SU[)piﬂllli

2362 3020 2455 3068 est
2480 3009 2558 3070 ab
2587 3010 2874 3072 inimico.
2898 3011 3013 3065 Οὐκ
3043 3016 3205 3082 ἀρκεῖ
3237 3018 3268 3085 ή
3295 3017 3389 3069 τοῦ
3419 3017 3556 3070 Θεοῦ
3588 3020 3920 3090 ἐπικουρία,

632 3104 708 3174 μὴ
734 3104 827 3155 καὶ
851 3103 1161 3171 προθέσεως
1199 3099 1548 3170 ἀνθρωπίνης
1586 3099 1781 3171 οὔσης,
1823 3120 1948 3163 non
1994 3103 2198 3164 sufﬁci

2360 3106 2395 3164 ei
2451 3105 2846 3183 subsidium,
2881 3112 2932 3170 si
2977 3129 3104 3174 non
3143 3112 3420 3175 adiuerit
3453 3124 3513 3177 et
3546 3116 3926 3179 humanum

634 3207 1057 3278 prapositum:
1089 3196 1630 3275 quemadmodum
1657 3198 2102 3261 etJudmnihil
2152 3199 2419 3278 profuit,
2457 3206 2752 3279 quamvis
2787 3209 3005 3270 omnia
3043 3210 3214 3290 (qum
3244 3212 3634 3292 sufﬁcerent)
3667 3214 3928 3277 faceret

606 3299 964 3368 .Douiinus,
991 3303 1056 3357 ut
1094 3293 1485 3356 Iucrifaceret
1510 3315 1838 3371 eum,cum
1856 3300 2104 3360 abesset
2129 3299 2186 3359 ei
2214 3297 2378 3362 bona
2403 3302 2696 3366 voluntas
2729 3306 2981 3386 (utique
3002 3294 3491 3373 divinOauxilio
3516 3313 3933 3399 habenda}:

707 3401 1012 3473 Quaenam
1051 3413 1202 3456 vero
1261 3396 1459 3456 fuerit
1491 3398 1660 3474 apud
1718 3397 2269 3477 'l‘heOphylactum
2308 3411 2704 3481 cmterosque
2738 3404 2990 3466 Grmcos
3039 3409 3257 3469 Patres
3291 3411 3469 3472 notio
3510 3411 3698 3473 liberi
3727 3396 3922 3478 arbi-

629 3495 764 3565 trii,
807 3491 1311 3570 diligentissime
1384 3492 1648 3571 exponit
1701 3493 1979 3557 Michael
2032 3495 2432 3574 Lequienus,
2497 3499 2560 3559 in
2640 3517 2864 3563 eorum
2933 3504 3184 3582 scriptis
3255 3510 3767 3584 versatissimus,
3841 3517 3933 3577 ad

628 3603 816 3670 caput
850 3592 927 3652 25
980 3588 1125 3649 libri
1163 3607 1207 3648 ιι
1244 3591 1510 3650 Joannis
1541 3593 1913 3651 Damasceni
1944 3593 2032 3652 De
2060 3592 2177 3671 ﬁde
2203 3593 2560 3656 orthodoxa
2592 3595 2660 3657 in
2693 3601 2861 3660 notis
2895 3621 2911 3660 :
2945 3623 2972 3655 α
3001 3602 3248 3663 Novelli
3285 3605 3551 3682 quidam
3590 3605 3930 3682 theologi,

629 3688 965 3768 inquiens,
1006 3685 1267 3747 liberum
1304 3686 1644 3747 arbitrium
1701 3687 1795 3748 sic
1857 3688 2255 3767 intelligunt,
2305 3701 2376 3752 ut
2433 3711 2802 3774 quocunque
2877 3699 3059 3760 modo
3117 3657 3414 3763 voluntas
3477 3657 3933 3771 t-ruhaturvzd

629 3804 822 3846 unum
860 3782 1116 3862 aliquod
1146 3783 1588 3863 appetendum;
1619 3785 2029 3846 nihilosecius
2095 3785 2420 3849 liberrima
2480 3791 2586 3864 sit,
2642 3804 2864 3870 sponte
2908 3797 3250 3860 valendo...
3299 3801 3766 3877 Damascenus,
3822 3805 3933 3866 in—

628 3883 889 3960 quiunt,
928 3885 1111 3942 docet
1177 3883 1482 3942 hominem
1516 3900 1641 3941 esse
1667 3880 1956 3957 liberum,
1986 3883 2134 3961 quia
2167 3886 2505 3951 rationalis
2547 3900 2668 3965 est,
2708 3893 2828 3956 hoc
2868 3904 2987 3969 est,
3020 3897 3177 3976 quia
3216 3909 3460 3963 motum
3488 3917 3746 3963 omnem
3796 3923 3933 3967 v0-

630 3979 896 4038 luntatis
937 3977 1102 4056 ejus,
1137 3985 1716 4057 quantumcunque
1780 3980 2186 4041 necessarius
2222 3982 2329 4058 sit,
2371 3987 2803 4052 consideratio
2837 3991 3108 4056 rationis
3145 3999 3510 4061 comitatur.
3547 4001 3796 4061 Verum
3845 4022 3933 4066 ne

628 4074 729 4136 illi
757 4075 1806 4171 integrumqlegeruntcontextum
1830 4075 2155 4137 auctoris?
2201 4077 2523 4152 Quorsum
2560 4088 2732 4148 enim
2766 4090 2990 4167 probat
3055 4091 3387 4155 hominem
3421 4114 3565 4158 esse
3601 4097 3933 4171 liberum,

621 4172 782 4249 quia
820 4169 1158 4231 rationalis
1191 4182 1316 4268 est;
1350 4172 1477 4232 nisi
1508 4173 1660 4268 quia
1694 4179 1935 4234 utendo
1960 4174 2207 4236 ratione
2240 4183 2557 4243 consultat
2593 4186 2805 4260 homo,
2836 4207 3117 4267 cumque
3151 4192 3630 4268 deliberaverit,
3671 4195 3737 4256 id
3777 4169 3933 4258 tan;

634 4269 780 4327 dem
821 4267 1003 4370 eligit
1034 4268 1207 4347 quod
1258 4266 1382 4328 sibi
1444 4267 1677 4370 melius
1729 4285 1872 4370 esse
1900 4270 2256 4348 judicavit?
2289 4277 2587 4358 Quisquis
2624 4284 2937 4346 consultat
2975 4287 3212 4368 (inquit
3264 4293 3470 4368 capite
3507 4266 3933 4370 27iperinde

623 4365 985 4464 consultat,
1012 4381 1121 4425 ceu
1160 4383 1372 4425 rerum
1395 4366 1781 4444 agendarum
1809 4368 1876 4427 in
1912 4370 2048 4445 ipso
2081 4379 2360 4445 potestas
2386 4371 2475 4431 sit
2506 4393 2525 4431 :
2557 4375 2814 4452 utquod
2845 4365 3261 4441 consultando
3289 4365 3490 4443 visum
3520 4365 3743 4445 "celius
3776 4390 3933 4464 fue-

627 4460 743 4532 rit,
781 4461 897 4520 hoc
934 4459 1162 4540 eligat;
1198 4470 1255 4520 et
1305 4480 1442 4521 cum
1498 4463 1775 4541 elegerit,
1817 4474 2269 4541 exsequatur...
2304 4467 2376 4528 Ut
2427 4487 2580 4547 ergo
2614 4471 2804 4533 homo
2845 4473 3008 4536 iiber
3041 4479 3149 4552 sit,
3189 4496 3313 4541 non
3366 4480 3598 4543 Sufﬁcit
3633 4459 3933 4548 attentio

627 4559 764 4656 sola
798 4560 863 4619 in
918 4561 980 4620 id
1014 4563 1187 4638 quod
1222 4561 1359 4622 vult
1392 4583 1407 4599 ο
1441 4561 1508 4623 id
1538 4580 1801 4624 necesse
1824 4570 1952 4634 ,est,
1987 4570 2054 4623 ut
2086 4563 2186 4623 sui
2217 4579 2478 4642 compos
2508 4585 2704 4628 unum
2732 4571 3178 4649 amplectatur,
3213 4579 3416 4640 altero
3451 4580 3857 4656 posthabito.
3907 4611 3933 4642 η

629 4653 1029 4757 Hancetiam
1061 4657 1648 4717 constantissimam
1702 4659 1963 4718 Thomm
2009 4659 2348 4736 Aquinatis
2376 4663 2730 4726 doctrinam
2775 4687 2947 4745 esse,
2984 4671 3148 4736 hanc
3213 4653 3492 4738 mentem
3543 4682 3933 4757 Augustini

633 4751 1133 4828 apertissimam,
1193 4754 1393 4816 dubio
1430 4754 1649 4833 procul
1687 4755 1866 4816 omni
1901 4755 2385 4828 asseverabunt,
2425 4763 2806 4842 quicunque
2839 4768 3123 4844 sapiunt.

2038 4881 2188 4959 [LV]
2232 4884 2468 4959 XXIII,

627 4989 1177 5089 -Ltif_.ttl§ttffssitttf.
1202 4990 1451 5089 {bulla
1482 4994 1618 5089 sine
1646 4995 1901 5089 ambage
1929 4998 2003 5061 de
2031 5002 2194 5089 [eali
2233 5011 2578 5083 praesentia
2610 5011 2856 5074 Christi
2898 5013 2964 5073 in
3022 5014 3450 5080 Eucharistia:
3506 5038 3933 5089 sacramento

705 5069 1992 5219 ξὲῗῗιῖὲἒῇἕίῗᾶιῆ)εἱῖίέἓεέυξὶςζὲἷιέῖὣιίιὲἔε.
2025 5082 2220 5162 Nugae
2269 5091 2708 5165 nugacissimw
2731 5103 2901 5166 sunt,
2956 5111 3110 5172 quas
3150 5097 3524 5161 heterodoxi
3560 5069 3933 5180 reportarit,

709 5251 819 5364 93;
843 5251 1031 5364 Suam
1067 5250 1598 5364 't‘heOphylactus
1630 5266 1692 5364 et
1723 5262 2026 5364 E_cclesim
2049 5266 2285 5331 Grmcm
2322 5271 2511 5336 ﬁdem
2544 5276 2611 5337 in
2643 5293 2720 5338 eo
2745 5278 3166 5342 edisserendo
3196 5281 3514 5361 dogmate,
3551 5287 3728 5364 quod
3766 5309 3933 5354 rem

631 5349 745 5458 leni
773 5348 924 5407 Jcsu
950 5347 1192 5409 Christi
1216 5354 1620 5458 praesentiam
1648 5356 1716 5415 in
1739 5357 2164 5424 Eucharistim
2185 5381 2597 5446 sacramento,
2628 5393 2699 5433 ac
2728 5373 3096 5438 substantia:
3114 5347 3321 5458 pani;
3339 5391 3396 5442 et
3421 5347 3558 5444 viui
3573 5347 3933 5454 transsui}.

627 5449 926 5550 tationem
987 5457 1250 5522 spectat,
1288 5449 1641 5526 splendidis
1665 5455 1837 5517 adeo
1869 5467 2133 5523 testatur
2164 5481 2192 5523 s

2366 5468 2528 5542 aliis,
2563 5479 2629 5530 ut
2687 5470 3022 5549 ampliora,
3059 5472 3486 5540 luculentiora
3523 5486 3586 5540 et
3635 5479 3932 5550 clariore:

627 5540 1158 5656 a‘dhiberenverba
1185 5561 1383 5656 nemo
1435 5548 1659 5656 valeat.
1700 5551 1981 5616 Primum
2038 5560 2236 5625 adero
2300 5529 2527 5625 locum,
2555 5585 2632 5626 ex
2674 5529 3134 5633 commentario
3165 5573 3244 5633 ad

626 5635 803 5749 tlimi,
836 5657 876 5700 γ
928 5640 1006 5698 26
1042 5663 1055 5677 -
1094 5663 1122 5695 α
1185 5642 1380 5704 Porro
1424 5643 1672 5721 dicens,
1712 5649 1851 5711 Hoc
1917 5665 2003 5713 est
2059 5674 2192 5736 carl

2366 5679 2562 5734 neum,
2604 5666 2903 5736 ostendit,
2959 5668 3082 5721 Ὅτι
3106 5671 3242 5723 αὐτὸ
3272 5671 3332 5723 τὸ
3361 5635 3522 5742 έῶμα
3561 5671 3654 5726 τοῦ
3689 5675 3932 5749 Κυρίω

631 5734 788 5840 eqs‘t‘v
822 5737 1064 5840 bnapfoc,
1096 5738 1508 5836 baytaCéusvo;
1544 5746 1601 5796 ἐν
1664 5747 1744 5817 τῷ
1776 5734 2187 5824 Θυσιαστηρίῳξ

2353 5759 2443 5828 fixi.
2475 5762 2791 5817 ἀντίτυπον.
2818 5766 2892 5818 Οὐ
2928 5767 3038 5840 γὰρ
3065 5765 3212 5837 εἷπε,
3241 5771 3411 5825 Τοῦτό
3435 5775 3553 5827 ἐστι
3577 5774 3916 5836 ἀντίτυπον

893 5823 968 5838 ,-
1120 5826 1129 5836 .
1428 5829 1450 5838 ,
1715 5811 1727 5817 -
2031 5811 2061 5822 --
2119 5811 2166 5824 .-
2387 5811 2492 5828 ..η
2968 5811 2999 5820 -
3065 5811 3186 5823 -.η-
3251 5811 3806 5830 ---ηιμ-νημαι

632 5822 791 5887 αλλὰ,
864 5825 1042 5879 Τουτό
1106 5843 1236 5880 εστι
1273 5830 1707 5900 τικσωμάμου.
1781 5840 2030 5911 Ἀῥρήτῳ
2087 5845 2198 5914 γὰρ
2258 5847 2532 5919 ἐνεργείᾳ,
2590 5811 3156 5922 μεταποιεῖτςίιῖκᾶν
3197 5811 3470 5932 ,φαίνηται
3533 5865 3667 5934 ἡμῖν
3697 5811 3933 5938 ᾶρτῒέΙ
