3966 6400
99 385 166 447 ll3
883 379 986 441 ns
1018 369 1613 465 TH‘EOPBYLACTI
1649 343 1936 435 cassis
1969 372 2065 434 ET
2103 369 2470 433 SCRIPTIS.
3205 361 3319 427 11v

92 495 207 579 quod
233 494 423 575 ipsum
451 510 694 575 corpus
745 493 1004 556 Domini
1039 498 1134 556 est
1190 492 1398 574 panis,
1426 489 1857 554 sanctiﬁcatus
1885 487 1952 548 in
1973 484 2221 556 altario,
2250 489 2313 545 et
2352 499 2482 586 non
2516 480 2737 586 ﬁgura:
2767 475 3109 586 Non‘enim
3135 477 3326 586 dixit,

93 575 183 657 lloc
207 601 285 654 est
320 593 542 672 ﬁgura,
582 594 721 666 sed,
746 593 881 655 Hoc
916 601 1005 654 est
1030 610 1265 672 corpus
1289 609 1516 652 meum.
1551 585 1870 650 Incﬁ‘abili
1914 585 2085 647 enim
2120 581 2500 663 operatione
2529 575 3041 649 transformatur,
3081 575 3329 636 etiamsi

90 692 220 754 nobis
271 691 558 753 videatur
619 690 838 770 panis;
871 690 1174 769 quoniam
1217 687 1449 750 inﬁrmi
1491 703 1735 758 sumus,
1788 692 1848 746 et
1910 682 2330 745 abhorremus
2390 676 2623 782 crudas
2677 691 2903 737 carnes
2958 673 3326 782 comedere,

91 789 296 850 maxime
333 787 621 850 hominis
651 805 905 850 carnem
947 806 961 849 :
1003 795 1066 850 et
1099 788 1250 849 ideo
1273 787 1462 866 panis
1493 783 1741 866 quidem
1771 782 1952 844 nobis
1978 787 2272 861 apparet,
2306 776 2418 840 sed
2442 790 2665 837 revera
2692 791 2841 836 caro
2875 781 3033 834 est.»
3066 771 3330 851 Perspi.

88 904 169 948 cue
203 893 374 966 patet,
420 902 656 966 panem
714 893 777 948 et
821 885 1037 948 vinum
1096 903 1226 948 non
1262 885 1397 948 ﬁeri
1418 883 1638 946 solum
1670 883 1882 946 verbis
1917 877 2431 944 consecrationis
2463 885 2760 952 ἀντίτυπα,
2794 873 3332 954 reprcesentantia

89 1001 262 1064 corpus
288 990 346 1045 et
371 983 762 1064 sanguinem
796 982 1078 1059 Domini,
1108 984 1217 1045 sed
1253 983 1320 1045 in
1356 984 1562 1062 ipsum
1595 997 1830 1060 corpus
1861 976 2269 1041 transmutari
2311 984 2372 1039 et
2409 976 2818 1053 sanguinem.

137 1082 363 1144 Gemina
393 1090 568 1154 sunt,
605 1099 810 1162 eaque
842 1081 1278 1154 disertissima,
1320 1099 1464 1161 quas
1501 1078 1820 1141 habentur
1849 1075 1926 1140 ad
1946 1082 2137 1157 caput
2168 1093 2234 1138 vr
2265 1075 2552 1145 Joannis,
2593 1092 2654 1137 ν.
2685 1073 2765 1134 52
2800 1093 2814 1133 :
2858 1095 2886 1129 (ι
2920 1071 3120 1134 Panis
3149 1088 3353 1151 quem-

85 1193 159 1256 ego
182 1176 341 1251 dabo,
370 1196 522 1239 caro
555 1197 692 1239 mea
717 1188 806 1240 est
827 1196 952 1257 pro
973 1178 1196 1241 mundi
1219 1180 1376 1241 vita.
1412 1177 1750 1240 Manifesta
1781 1182 1993 1239 autem
2024 1175 2216 1238 nobis
2240 1174 2361 1237 hoc
2390 1173 2533 1237 loco
2564 1171 2717 1235 dicit
2741 1170 2814 1232 de
2852 1171 3125 1248 mystica
3156 1186 3329 1230 com»-

83 1274 314 1334 munione
333 1277 637 1354 corporis
676 1278 855 1338 sui...
891 1277 1166 1339 Attende
1198 1283 1443 1351 autem,
1475 1275 1652 1357 quod
1680 1277 1898 1355 panis,
1937 1274 2053 1355 qui
2095 1290 2132 1336 a
2172 1271 2364 1334 nobis
2394 1272 2462 1334 in
2517 1269 2846 1349 mysteriis
2881 1266 3326 1340 manducatur,

82 1385 171 1431 non
200 1378 280 1433 est
308 1380 560 1433 tantum
585 1373 890 1452 ﬁguratio
921 1375 1203 1455 quwdam
1229 1376 1443 1438 carnis
1479 1375 1648 1436 Domi

1797 1373 1907 1434 sed
1945 1372 2084 1452 ipsa
2114 1388 2263 1432 caro
2297 1369 2579 1442 Domini,
2616 1379 2717 1433 οὐκ
2745 1377 3044 1434 ἀντίτυπὸν
3082 1378 3202 1430 ἐστι
3231 1377 3331 1446 τῆς

79 1473 142 1524 τθῦ
170 1471 356 1542 Κυρίου
383 1472 617 1543 σαρκὸς,
644 1475 757 1532 ἀλλ’
785 1474 928 1545 αὐτὴ
948 1479 982 1545 ἡ
1009 1475 1105 1529 τοῦ
1139 1477 1348 1547 Κυρίου
1372 1476 1529 1546 σάρξ.
1565 1476 1645 1536 Nc

1765 1474 1913 1536 :nim
1943 1473 2117 1546 dicit,
2154 1472 2354 1534 Panis
2396 1489 2577 1551 quem
2609 1491 2720 1553 ego
2773 1472 2933 1534 dabo
3000 1474 3200 1550 ﬁgura
3232 1479 3331 1531 est

79 1572 256 1647 carnis,
286 1573 396 1634 sed
450 1573 622 1635 Caro
676 1593 810 1634 mea
866 1584 980 1636 est.
1021 1574 1541 1637 Transformatur
1579 1573 1778 1644 enim,
1818 1583 2224 1653 μεταποιεῖται,
2260 1571 2508 1634 arcanis
2547 1571 2784 1646 verbis,
2838 1571 3020 1650 panis
3077 1569 3188 1631 ille
3222 1586 3335 1647 per

79 1665 348 1746 mysticam
388 1669 922 1734 benedictionem
965 1679 1027 1734 et
1081 1674 1519 1736 accessionem
1573 1669 1776 1734 sancti
1836 1670 2140 1750 Spiritus,
2182 1687 2250 1731 in
2278 1687 2531 1730 carnem
2587 1667 2872 1731 Domini.
2919 1668 3006 1729 Et
3039 1687 3116 1728 ne
3151 1685 3333 1747 quem

76 1765 368 1841 conturbet,
403 1767 590 1848 quod
622 1769 971 1831 credendus
998 1771 1085 1832 sit
1113 1773 1302 1851 panis
1328 1790 1500 1835 caro.
1533 1770 1785 1834 Etenim
1818 1777 1878 1831 et
1911 1771 1973 1831 in
2000 1787 2189 1831 carne
2221 1769 2594 1832 ambulante
2619 1769 2922 1843 Domino,
2957 1773 3020 1829 et
3057 1784 3133 1829 ex
3169 1784 3334 1846 pano

75 1862 388 1926 alimoniam
421 1874 752 1940 sumente,
787 1867 974 1946 panis
1006 1867 1119 1930 ille
1186 1870 1296 1949 qui
1345 1869 1872 1936 manducabat‘ur,
1911 1867 1978 1929 in
2031 1883 2268 1947 corpus
2306 1867 2442 1947 ejus
2472 1866 2866 1939 mutabatur,
2916 1872 2977 1926 et
3031 1864 3334 1928 similiter

77 1959 214 2021 ﬁebat
250 1968 484 2024 sanctae
516 1963 654 2041 ejus
693 1965 928 2038 carnis,
957 1971 1019 2027 et
1050 1964 1114 2026 in
1147 1974 1569 2045 augmentum
1605 1975 1669 2029 et
1733 1967 2269 2028 sustentationem
2306 1964 2684 2028 conferebat
2734 1964 2922 2045 juxta
2982 1963 3334 2048 humanum

74 2065 282 2119 morem.
317 2060 528 2139 Igitur
561 2069 623 2121 et
652 2079 824 2122 nunc
843 2063 1033 2141 panis
1066 2064 1137 2125 in
1187 2081 1441 2124 carnem
1476 2064 1733 2126 Domini
1761 2071 2067 2126 mutatur.
2124 2066 2197 2125 Et
2240 2061 2574 2144 quomodo,
2614 2064 2857 2143 inquis,
2908 2083 3038 2124 non
3065 2073 3339 2142 apparet

74 2155 204 2217 nobis
231 2173 398 2233 caro,
427 2158 540 2219 sed
585 2161 777 2237 panis
805 2162 834 2220 7
865 2161 941 2222 Ut
975 2176 1100 2222 non
1136 2160 1604 2224 abhorreamus
1649 2161 1724 2222 ab
1783 2162 1918 2243 ejus
1951 2180 2084 2222 esu.
2119 2156 2274 2224 Nam
2307 2163 2357 2224 si
2417 2164 2688 2241 quidem
2722 2178 2870 2224 caro
2901 2162 3335 2242 apparuisset.

73 2254 366 2316 iiisuaviter
422 2257 640 2318 affecti
701 2274 993 2319 essemus
1065 2276 1217 2337 erga
1291 2258 1847 2322 communionem.
1900 2263 2086 2323 Nunc
2127 2270 2366 2333 autem,
2431 2260 2995 2324 condescendente
3055 2260 3340 2323 Domino

73 2359 250 2415 nostra)
279 2353 667 2429 inﬁrmitati,
707 2353 850 2416 talis
889 2361 1154 2433 apparet
1204 2357 1388 2420 nobis
1415 2358 1725 2437 mysticus
1756 2356 1971 2433 cibus,
1997 2359 2304 2440 qualibus
2333 2359 2580 2441 alioqui
2613 2359 2861 2422 assueti
2895 2376 3152 2422 sumus.
3185 2382 3216 2416 ι

124 2447 200 2508 94.
235 2449 544 2513 Claudius
586 2450 956 2522 Salmasius,
988 2453 1106 2513 sub
1139 2454 1402 2515 nomine
1429 2454 1750 2534 Simplicii
1786 2457 2018 2530 Verini,
2058 2457 2123 2517 in
2153 2473 2351 2536 Opere
2386 2459 2470 2518 De
2504 2456 3230 2520 transsubstantiatione
3262 2456 3339 2518 ad

73 2544 262 2609 lustum
297 2551 564 2611 Pacium
602 2559 826 2612 contra
856 2552 1200 2629 Hugonem
1235 2551 1556 2626 Grotium,
1593 2551 2064 2631 TheOphylacli
2111 2555 2502 2616 sententiam
2538 2556 2948 2635 expendens,
3002 2554 3338 2617 veritatem

72 2638 208 2701 abeo
236 2641 540 2707 traditam
570 2645 725 2707 vidit
761 2645 1008 2724 primo;
1036 2645 1262 2707 oculos
1288 2645 1527 2708 deinde
1560 2645 1813 2719 clausit,
1847 2664 1928 2709 ne
1960 2647 2204 2711 videret
2238 2668 2401 2712 eam.
2443 2649 2648 2711 Verba
2681 2656 2833 2711 sunt
2866 2649 3007 2730 ejus
3031 2665 3180 2730 pag.
3220 2647 3340 2711 10:

71 2737 311 2818 Sipcnis,
348 2752 558 2804 exuta
586 2745 864 2825 prapria
911 2744 1294 2814 substantia,
1331 2743 1617 2807 induerit
1663 2744 2088 2810 substantiam
2111 2749 2406 2828 corporis
2444 2748 2714 2822 Christi,
2749 2766 2877 2810 non
2906 2750 3183 2830 amplius
3209 2749 3342 2831 ejus

72 2834 224 2911 ﬁgura
243 2837 368 2900 dici
396 2850 702 2918 posset...
743 2840 916 2903 Unde
950 2850 1005 2901 et
1037 2841 1139 2902 illi
1169 2843 1279 2919 qui
1335 2842 1767 2920 crediderunt,
1795 2849 2020 2928 panem
2073 2859 2133 2911 et
2168 2850 2386 2910 vinum
2417 2848 2851 2914 Eucharistite
2877 2852 2948 2914 in
3005 2867 3246 2929 corpus
3283 2861 3344 2912 et

72 2937 384 3011 tanguinem
417 2938 694 3014 Christi,
731 2938 1102 3000 substantia:
1137 2939 1585 3010 demutatione,
1615 2947 1933 3013 converti;
1979 2946 2298 3025 negarunt
2361 2964 2590 3025 panem
2636 2956 2696 3010 et
2744 2950 2966 3010 vinum
2999 2967 3132 3010 esse
3170 2947 3346 3002 τύπον

74 3035 137 3092 re!
155 3036 432 3089 ἀντίτδπον
459 3039 762 3116 corporis
803 3046 862 3098 et
897 3039 1232 3118 sanguinis
1268 3039 1537 3112 Christi,
1571 3049 1641 3100 ut
1675 3041 2210 3122 Theophylactus.
2249 3044 2488 3105 Locum
2522 3043 2667 3123 ejus
2697 3045 2766 3106 in
2799 3047 3093 3110 Marcum
3140 3052 3342 3118 notat,

73 3129 124 3190 de
166 3149 283 3212 quo
333 3134 538 3196 infra.
582 3136 733 3196 Haec
798 3134 955 3196 ﬁdes
1013 3141 1106 3196 est
1181 3134 1484 3198 Ecclesiae
1521 3135 1870 3200 catholicae.
1905 3141 2055 3204 Hinc
2094 3141 2238 3203 sine
2278 3140 2483 3203 dubio
2549 3141 2814 3223 Bulgari
2864 3128 3343 3226 archiepisc'Opi

75 3235 358 3295 sententia.
420 3233 602 3306 Quid
679 3237 873 3295 vero?
911 3232 1484 3314 Splendidissima:
1539 3231 1892 3297 Salmasius
1956 3236 2086 3299 luci
2148 3238 2458 3301 claudens
2516 3239 2992 3314 oculos,sectaa
3029 3243 3344 3324 praijudi—

74 3326 139 3388 cio
182 3331 513 3409 abreptus,
550 3329 716 3392 nihil
764 3329 938 3393 aliud
1003 3330 1404 3394 intellexisse
1463 3331 2020 3413 'l‘hcophylactum
2087 3336 2199 3410 ait,
2235 3336 2366 3397 nisi
2399 3335 2732 3416 quamdam
2787 3339 3055 3401 virtutis
3125 3352 3344 3404 trans-

75 3428 454 3490 mutationem.

121 3523 269 3586 Hanc
319 3543 527 3588 unam
569 3525 648 3586 ab
680 3542 758 3589 eo
787 3526 1007 3590 doceri
1058 3527 1396 3590 contendit
1449 3529 1840 3593 Edmundus
1881 3530 2262 3595 Albertinus
2331 3534 2423 3593 De
2465 3533 2893 3597 Eucharistia!
2923 3546 3345 3608 sacramento,

74 3618 547 3704 sall‘ragiumque
596 3622 727 3700 peti
787 3641 977 3703 posse
1008 3626 1348 3688 contendit
1398 3642 1480 3688 ex
1512 3631 1982 3703 commentario
2011 3619 2077 3692 in
2113 3636 2307 3710 caput
2340 3648 2450 3694 xiv
2485 3632 2712 3707 Marci,
2751 3651 2808 3693 v.
2841 3634 2920 3693 22
2961 3656 2973 3694 ;
3015 3657 3043 3691 α
3081 3635 3222 3696 Hoc
3256 3648 3352 3699 est

73 3733 248 3795 Corpus
272 3739 503 3784 meum.
556 3721 705 3792 Hoc,
739 3723 1033 3801 inquam,
1069 3723 1248 3803 quod
1285 3723 1568 3786 sumitis.
1603 3724 1750 3787 Non
1782 3727 1947 3786 enim
2013 3727 2224 3806 ﬁgura
2290 3737 2348 3790 et
2381 3728 2711 3809 exemplar
2752 3729 3068 3811 quoddam
3121 3733 3348 3796 .Domi-

75 3815 163 3875 niti
193 3820 486 3898 corporis
515 3821 716 3904 panis
760 3829 876 3895 est,
910 3823 1023 3882 sed
1052 3823 1119 3881 in
1146 3820 1312 3882 illud
1344 3823 1552 3901 ipsum
1589 3824 1988 3883 convertitur
2028 3842 2263 3904 corpus
2285 3825 2552 3890 Christi.
2586 3828 2912 3890 Dominus
2943 3830 3120 3892 enim
3148 3831 3346 3894 dicit:

71 3911 211 3976 Panis
243 3933 425 3997 quem
458 3935 584 3996 ego
613 3897 796 3990 dabo,
832 3935 980 3979 caro
1019 3938 1153 3979 mea
1191 3928 1305 3980 est.
1339 3897 1477 3983 rion
1504 3919 1697 3993 dixit,
1733 3921 1975 4000 Figura
2023 3930 2118 3984 est
2165 3925 2380 3986 carnis
2417 3944 2599 4001 mete,
2635 3929 2774 4004 sed,
2816 3928 2984 3991 Caro
3023 3950 3162 3993 mea
3229 3944 3344 3996 est.

72 4011 119 4073 Et
144 4014 398 4080 iterum:
437 4017 602 4081 Nisi
631 4015 890 4079 ederitis
938 4037 1191 4080 carnem
1225 4019 1387 4082 Filii
1424 4019 1724 4081 hominis.
1777 4019 1852 4078 Et
1883 4019 2240 4098 quomodo,
2285 4021 2535 4103 inquis,
2594 4044 2743 4087 caro
2772 4045 2904 4088 non
2938 4028 3248 4093 videtur?
3291 4033 3346 4095 Ο

72 4108 230 4186 homo,
266 4123 544 4197 prapter
581 4120 862 4176 nostram
926 4115 1358 4179 inﬁrmitatem
1393 4116 1568 4178 istud
1631 4115 1719 4177 fit.
1751 4118 1915 4192 Quia
1974 4119 2148 4181 enim
2195 4123 2382 4201 panis
2414 4123 2684 4203 quidem
2740 4133 2802 4189 et
2851 4129 3078 4191 vinum
3111 4147 3191 4193 ex
3247 4131 3347 4194 his

72 4218 196 4283 sunt,
222 4214 402 4292 [LVI]
441 4211 700 4294 Quibus
757 4213 1196 4288 assuevimus,
1245 4230 1318 4275 ea
1365 4229 1494 4276 non
1535 4211 1986 4278 abhorremus.
2025 4218 2415 4298 Sanguinem
2442 4238 2594 4285 vero
2620 4226 2966 4303 proprium
2999 4234 3060 4289 et
3092 4242 3347 4290 carnem

72 4306 327 4386 ridentes,
392 4330 535 4375 non
581 4309 920 4384 ferremus,
970 4313 1082 4395 sed
1128 4311 1652 4376 abhorreremus.
1688 4315 1936 4378 Idcirco
2002 4317 2367 4381 misericors
2439 4325 2642 4398 Deus,
2674 4332 2920 4387 nostra;
2979 4327 3342 4392 inﬁrmitati

73 4407 589 4483 condescendens,
623 4409 889 4488 speciem
919 4409 1169 4489 quidem
1192 4413 1386 4491 panis
1420 4421 1480 4472 et
1509 4413 1642 4474 vini
1679 4423 1893 4476 servat
1936 4435 1953 4476 :
1985 4416 2056 4476 in
2085 4417 2390 4478 virtutem
2421 4429 2631 4481 autem
2662 4425 2878 4485 carnis
2903 4433 2962 4486 et
3007 4429 3346 4506 sanguinis

72 4507 570 4582 transelementat,
630 4520 1053 4589 μεταστοιχειοῖ.
1090 4532 1120 4586 Ii
1157 4510 1344 4583 Ecce,
1385 4509 1720 4588 inquiunt,
1787 4514 2299 4591 transformatio,
2340 4519 2698 4592 conversio,
2735 4523 3342 4592 transeiemsntatio.

73 4614 211 4675 Quam
235 4605 783 4687 TheOphylactus
835 4610 1043 4680 docet,
1081 4609 1150 4668 in
1181 4607 1483 4668 virtutem
1532 4609 1639 4670 scil

1778 4656 1781 4666 .
1838 4610 2054 4670 carnis
2107 4620 2166 4673 et
2227 4615 2587 4692 sanguinis,
2624 4618 2704 4680 εἷς
2746 4617 2982 4690 δύναμιν
3014 4623 3222 4691 σαρκὸς
3251 4626 3344 4678 καὶ

73 4696 266 4765 αἳματος.
301 4706 491 4766 Hanc
527 4705 730 4766 etiam
758 4706 1098 4784 amplexus
1133 4710 1231 4765 est
1257 4703 2156 4782 interpretationemJoannes
2196 4708 2509 4772 Claudius
2545 4712 2608 4774 in
2653 4713 2790 4775 suis
2831 4715 2908 4775 ad
2934 4715 3346 4797 Perpetuita-

73 4798 654 4874 ismﬁdeiEcelesia:
694 4801 1262 4880 respons'ionibus.

129 4896 554 4972 Levissimam,
601 4918 672 4962 ac
726 4900 1008 4972 futilem,
1044 4909 1104 4962 et
1166 4901 1460 4981 iniquam
1531 4902 2128 4982 interpretationem
2165 4913 2570 4990 amplissimo
2611 4916 2840 4979 refellit
2875 4936 3177 4985 sermone
3224 4927 3345 4985 Ανσ

79 4994 446 5063 naldustomo
478 5001 502 5061 !
542 5000 641 5059 De
672 5000 732 5060 la
756 5001 1116 5078 perpe’tuité
1165 4998 1239 5059 de
1273 5000 1334 5060 la
1365 5000 1486 5062 Foi
1514 5000 1586 5060 de
1619 5000 1906 5082 l’Eglise,
1967 5005 2132 5069 libro
2164 5028 2233 5080 ιι,
2270 5011 2479 5089 capite
2523 5015 2590 5088 2,
2629 5023 2690 5076 et
2731 5025 2908 5078 tomo
2941 5020 3016 5093 ll',
3057 5021 3222 5084 libro
3258 5045 3344 5097 iv,

79 5092 226 5166 rapite
253 5098 312 5158 5.
344 5098 641 5159 Fuerint
673 5097 1003 5158 enimvero
1038 5103 1357 5173 postrema
1396 5097 1504 5158 illa
1543 5099 2011 5180 'l‘beophylacti
2065 5106 2257 5168 verba
2317 5108 2382 5168 in
2425 5111 2708 5172 Marcum
2755 5130 2886 5175 non
2945 5092 3033 5178 ita
3085 5118 3254 5181 clara
3285 5092 3346 5181 et

85 5189 508 5260 iuodammodo
543 5192 897 5270 ambigua;
929 5212 1218 5273 qurenam
1253 5193 1522 5270 asquitas
1578 5193 1696 5268 es't,
1733 5207 1969 5261 rectam
2004 5220 2226 5264 eorum
2295 5205 2802 5286 intelligentiam
2829 5229 2908 5273 ex
2946 5213 3027 5276 iis
3063 5233 3192 5279 non
3226 5236 3342 5280 ex-

80 5283 301 5362 wlpere,
336 5309 495 5370 quas
565 5290 812 5350 ibidem
875 5300 935 5352 et
969 5292 1121 5352 alibi
1181 5292 1546 5355 clarissima
1594 5309 1667 5356 ac
1728 5296 2163 5362 disertissima
2215 5283 2561 5377 habentur,
2599 5309 2711 5369 sed
2758 5309 2894 5373 hinc
2938 5314 3340 5393 amplissima

83 5382 219 5445 unius
248 5390 448 5461 vocis,
486 5387 557 5448 id
595 5395 689 5447 est
728 5389 1011 5462 virtutis,
1048 5389 1491 5467 ambiguitate,
1530 5392 1585 5452 si
1621 5410 1743 5471 qua
1772 5401 1982 5457 tamen
2018 5404 2138 5472 est,
2167 5398 2491 5462 infuscarc
2516 5405 2543 5462 ’ἶ
2571 5404 2632 5465 Si
2701 5412 2831 5469 tota
2863 5382 3339 5477 transmutatio.

82 5494 178 5553 quae
204 5483 260 5545 in
297 5485 720 5548 Eucharistia
754 5485 1022 5546 traditur
1059 5504 1092 5547 a
1126 5488 1641 5567 'l‘heophylacto,
1678 5507 1749 5552 ea
1783 5495 1867 5552 sit
1904 5493 2219 5559 duntaxat
2281 5503 2734 5564 transmutatio
2791 5505 3083 5582 virtutis,
3115 5516 3225 5570 aut
3277 5514 3341 5571 in

85 5576 313 5642 rirtulem
338 5583 655 5662 corporis
697 5587 756 5640 et
785 5582 1123 5659 sanguinis
1160 5583 1442 5660 Christi;
1481 5587 1540 5647 id
1588 5587 1751 5648 nihil
1787 5589 1958 5651 aliud
1994 5593 2120 5654 erit
2154 5611 2346 5672 quam
2386 5597 2536 5676 pani
2564 5607 2625 5662 et
2654 5601 2806 5664 vino
2843 5576 3239 5670 consecratis
3285 5622 3344 5668 ct

84 5667 376 5742 Benedictis
413 5681 735 5742 tributam
767 5697 801 5739 a
840 5681 975 5739 Deo
1014 5680 1211 5744 fuisse
1255 5683 1554 5745 virtutem
1591 5687 1886 5765 corporis
1920 5695 1979 5747 et
2005 5667 2349 5767 sanguinis
2386 5667 2678 5771 homini,
2723 5716 2840 5761 seu
2874 5701 3176 5765 virtutem
3213 5722 3339 5767 nu-

105 5773 254 5871 "ieudi
287 5787 347 5841 et
393 5777 780 5839 viviﬁrandi
823 5794 934 5854 per
969 5780 1239 5856 gratiam
1275 5781 1678 5859 spiritualem
1713 5783 1998 5845 ﬁdelium
2048 5787 2324 5849 animas.
2360 5792 2494 5854 Erit
2531 5812 2684 5873 ergo
2719 5797 3199 5863 eucharistieus
3236 5823 3346 5883 pu~

197 5885 244 5932 rt
280 5879 507 5942 vinum
548 5874 1060 5937 cui-liariklimun
1089 5878 1361 5957 simplex
1399 5881 1626 5959 figura,
1670 5883 1967 5945 virtutmn
2008 5883 2250 5948 habens
2287 5893 2576 5965 corporis
2608 5901 2665 5958 ct
2705 5897 3045 5976 sanguinis
3086 5865 3338 5967 (Ἰιιι-ἱέιὲ.
