3966 6420
584 356 692 424 us
1435 349 1662 414 BERN.
1704 333 1976 411 suum
2016 350 2115 411 os
2150 345 2438 409 RUBEIS
2479 341 2990 406 mssmrruro
3737 331 3858 400 ne

535 464 543 472 ’
581 470 943 551 nonipsum
969 467 1308 539 continens
1332 463 1588 531 Domini
1620 479 1852 548 corpus
1877 470 1941 527 et
1960 462 2365 543 sanguinem.
2392 458 2523 523 Cur
2547 473 2705 537 ergo
2736 463 2861 520 tam
2892 453 3170 519 sollicite
3204 452 3516 548 Bulgarus
3544 450 3852 519 animad-

585 569 770 635 vertit
836 583 965 629 non
1017 565 1261 628 dixisse
1315 563 1737 633 Dominum,-
1772 562 1912 625 Hoc
1975 569 2072 622 est
2143 559 2370 639 ﬁgura,
2430 558 2569 630 sed,
2647 557 2788 619 Hoc
2871 563 2960 616 est
3016 571 3245 633 corpus
3325 566 3529 619 meum
3585 559 3649 613 et
3693 569 3853 612 caro

584 667 763 727 mea?
800 663 932 729 Cur
970 668 1230 743 urgeat,
1271 676 1494 741 panem
1547 661 1833 737 converti
1883 659 1952 722 in
1989 657 2197 744 ipsum
2240 672 2473 735 corpus
2521 645 2803 726 Christi,
2851 661 2906 714 et
2959 649 3412 731 transformari
3469 650 3540 711 in
3594 664 3857 746 carnem

587 761 859 826 Domini.
2547 827 2549 829 .
3322 759 3323 764 “

663 859 812 922 Hec
841 856 1117 922 audiens
1143 854 1437 918 turbatur
1459 852 1620 917 ratio
1643 869 1717 916 ac
1745 867 1980 917 sensus
2003 848 2359 914 hominum.
2393 852 2638 913 Verum
2662 867 2738 910 ne
2758 847 3077 914 turbetur.
3103 865 3215 909 cur
3245 845 3329 907 ad
3365 861 3600 908 arcana
3626 842 3858 912 verba,

583 953 662 1016 ad
684 952 1128 1018 accessionem
1159 949 1440 1031 Spiritus
1467 947 1694 1024 sancti,
1714 946 1797 1016 ad
1824 946 2204 1029 iueﬁ'abilem
2231 948 2686 1027 operationem,
2713 951 3295 1036 qum-lransmutet,
3330 949 3391 1005 et
3414 941 3855 1023 transformat,

585 1048 1207 1125 etvtramelementet,
1241 1044 1746 1128 confugiendum
1776 1043 2036 1108 fuerat?
2071 1044 2200 1108 Cur
2222 1046 2446 1110 eadem
2481 1041 2964 1119 transmutatio,
2991 1043 3210 1122 ali-quo
3239 1049 3308 1113 ut
3341 1038 3863 1123 modopossibi-

588 1145 670 1208 lis
696 1146 831 1208 Deo
860 1143 1278 1225 intelligatur,
1332 1141 1690 1222 comparari
1731 1141 2032 1205 debuerit
2059 1156 2208 1205 cum
2238 1160 2406 1226 pane
2433 1143 2546 1206 illo
2577 1143 2687 1221 qui
2727 1162 2766 1202 a
2794 1141 3056 1203 Domino
3104 1137 3468 1201 ambulante
3498 1137 3864 1200 manduca-

582 1239 796 1316 liatur,
829 1247 892 1303 et
947 1240 1094 1322 ejus
1139 1241 1204 1302 in
1249 1256 1484 1318 corpus
1541 1236 1928 1310 mutabatur,
1980 1237 2297 1319 ﬁebatque
2359 1238 2594 1303 similis
2637 1255 2755 1320 per
2811 1238 3301 1301 conversionem
3354 1230 3859 1298 substantialem

587 1336 882 1419 ejusdem
905 1338 1124 1401 carni?
3081 1407 3087 1411 ,

660 1433 1031 1500 Sed-adhuc
1055 1433 1328 1496 humana
1355 1434 1518 1496 ratio
1543 1440 1611 1496 et
1641 1431 1973 1495 hominum
2009 1448 2245 1496 sensus
2274 1434 2524 1498 resistit
2556 1457 2572 1498 :
2595 1433 2744 1498 Non
2771 1442 3045 1514 apparet
3070 1431 3254 1494 nobis
3282 1421 3480 1501 'caro,
3511 1427 3860 1507 inquiens.

589 1532 702 1602 sed
723 1533 937 1618 panis.
969 1533 1033 1594 Si
1065 1540 1388 1596 remaneat
1415 1530 1777 1594 substantia
1811 1530 2020 1610 panis,
2051 1538 2114 1595 et
2148 1546 2340 1602 unam
2372 1529 2599 1594 subeat
2625 1529 3035 1591 mutationem
3064 1524 3476 1605 virtutis,.vel
3511 1540 3545 1588 a
3580 1525 3717 1587 Deo
3739 1522 3865 1585 ob-

585 1631 784 1692 tineat
816 1629 1119 1691 virtutem
1149 1628 1511 1702 viviﬁcandi
1547 1626 1818 1702 animas,
1851 1643 2048 1708 quam
2082 1628 2270 1708 panis
2292 1627 2566 1708 ejusque
2595 1625 2958 1689 substantia
2992 1642 3108 1705 per
3129 1640 3275 1687 sese
3309 1632 3440 1686 non
3483 1621 3702 1693 habet,
3737 1637 3867 1682 cur

583 1723 1224 1790 animadvertendum
1269 1723 1480 1792 fuerat
1537 1740 1656 1792 nos
1695 1724 1888 1787 edere
1917 1731 2227 1802 acpotare
2254 1725 2323 1786 in
2353 1722 2757 1789 Eucharistia
2788 1737 3023 1801 corpus
3053 1734 3115 1783 et
3147 1720 3537 1810 sanguinem
3583 1717 3862 1792 Christi,

584 1835 715 1884 non
740 1836 966 1884 eorum
986 1818 1575 1900 duutaxatiiguram
1605 1819 1908 1884 sumere?
1936 1821 2299 1886 Abhorrere
2329 1837 2448 1884 nos
2473 1819 2701 1900 utique
2733 1837 2767 1881 a
2797 1818 3014 1882 cruda)
3044 1817 3259 1881 carnis
3301 1817 3603 1880 humanm
3644 1831 3867 1879 come-

584 1916 820 1988 stioue,
848 1932 921 1979 ac
958 1923 1111 1997 potu
1146 1917 1488 1999 sanguinis
1513 1918 1813 1980 humani:
1841 1917 1958 1981 sed
1984 1926 2221 1982 nostra)
2246 1916 2583 1997 indulgere
2606 1916 2928 1978 inﬁmitati
2962 1916 3166 1976 Deum
3193 1913 3506 1976 voluisse.
3536 1914 3624 1974 Ita
3658 1925 3866 1992 porro

584 2028 840 2078 carnem
883 2020 946 2074 et
978 2012 1360 2094 sanguinem
1386 2032 1577 2076 suum
1605 2030 1856 2094 parasse
1893 2015 2080 2078 nobis
2104 2015 2321 2080 cibum
2344 2021 2416 2103 oet
2449 2022 2697 2093 potum,
2730 2019 2801 2075 ut
2825 2012 2975 2093 pani
3016 2028 3087 2074 ac
3116 2010 3296 2086 vino,
3333 2011 3572 2090 quibus
3604 2009 3862 2072 assueti

587 2123 841 2183 sumus,
873 2119 1254 2187 apparerent
1277 2110 1567 2191 similia?
1603 2113 1915 2191 Adeoque
1937 2128 2171 2191 panem
2209 2111 2474 2198 quidem
2528 2108 2715 2171 nobis
2752 2123 3060 2186 apparere
3086 2116 3147 2169 et
3179 2107 3429 2180 viuum,
3473 2106 3588 2168 sed
3629 2121 3867 2166 revera

586 2219 835 2264 carnem
862 2222 993 2265 esse
1030 2213 1090 2266 et
1108 2207 1474 2284 sanguinem
1497 2208 1527 2267 γ
1564 2207 1881 2270 Videlicet
1912 2208 2174 2270 demum
2202 2198 2468 2288 speciem
2487 2206 2679 2286 panis
2706 2213 2763 2265 et
2783 2204 2920 2266 vini
2942 2221 3247 2278 servasse,
3283 2210 3344 2265 at
3377 2217 3609 2282 panem
3635 2200 3860 2280 ipsum

585 2306 649 2360 et
679 2297 898 2362 vinum
929 2299 994 2362 in
1036 2317 1290 2364 carnem
1323 2310 1382 2364 et
1408 2302 1788 2388 sanguinem
1833 2308 2338 2368 transmutasse?

662 2396 828 2470 Quid
856 2403 979 2473 est,
1033 2397 1207 2477 quod
1248 2398 1518 2478 objicias
1550 2399 1794 2461 dictum
1840 2415 1872 2461 a
1907 2399 2413 2482 Theophyiacto,
2455 2401 2682 2464 factam
2743 2398 3490 2464 transelementationem
3539 2397 3748 2459 fuisse
3791 2398 3863 2458 in

583 2491 882 2554 virtutem
911 2495 1204 2574 corporis
1228 2503 1284 2556 et
1314 2496 1642 2575 sanguinis
1671 2497 1972 2558 Domini?
2012 2497 2080 2558 id
2116 2499 2340 2579 utique
2376 2498 2440 2561 in
2471 2498 2592 2562 hoc
2625 2498 2702 2561 ad
2735 2507 3026 2561 sanctum
3052 2499 3334 2558 Marcum
3361 2496 3499 2558 loco
3531 2494 3618 2556 ait
3644 2493 3870 2555 Theo-

585 2587 948 2669 phylactus,
987 2592 1160 2671 quod
1203 2593 1279 2654 ad
1305 2603 1595 2655 sanctum
1626 2593 1995 2657 Matthaeum
2027 2602 2088 2657 et
2116 2597 2430 2660 Joannem
2465 2596 2672 2670 docet,
2698 2610 2927 2673 panem
2974 2591 3223 2673 quidem
3276 2591 3455 2652 nobis
3497 2607 3850 2669 apparere.

582 2687 698 2750 sed
728 2705 948 2762 revera
976 2705 1230 2749 carnem
1244 2707 1378 2748 esse
1406 2709 1429 2748 :
1465 2696 1523 2749 et
1556 2691 2006 2770 transformari
2032 2695 2285 2756 arcanis
2316 2691 2522 2755 verbis
2569 2709 2794 2770 panem
2827 2689 3030 2764 illum,
3067 2690 3314 2751 etiamsi
3343 2688 3525 2750 nobis
3555 2687 3869 2748 videatur

575 2786 793 2864 panis,
826 2787 896 2849 in
926 2804 1174 2848 carnem
1204 2787 1459 2849 Domini
1486 2808 1506 2848 :
1537 2797 1594 2850 et
1625 2805 1849 2867 panem
1906 2791 1975 2850 in
2031 2807 2280 2851 carnem
2327 2787 2581 2849 Domini
2611 2787 2872 2854 mutari,
2905 2786 3052 2848 licet
3099 2783 3247 2846 talis
3305 2783 3487 2845 nobis
3545 2792 3868 2861 appareat

582 2882 888 2960 mysticus
919 2883 1118 2957 cibus,
1149 2883 1439 2962 qualibus
1495 2883 1735 2964 alioqui
1766 2887 2001 2947 assueti
2047 2905 2283 2949 sumus.
2317 2888 2473 2948 Rem
2509 2885 2674 2947 hanc
2711 2881 3009 2964 patefacit
3061 2883 3126 2945 in
3163 2882 3390 2945 eodem
3448 2881 3523 2942 ad
3565 2889 3867 2942 sanctum

587 2977 870 3040 Marcum
903 2977 1042 3041 loco
1103 2985 1464 3044 contextus.
1500 2980 1668 3042 Dicit
1700 2981 1873 3042 enim
1906 2981 2432 3061 archiepiscopus
2469 2999 2692 3061 panem
2734 2999 2862 3041 non
2895 2999 3020 3041 esse
3075 2982 3344 3061 ﬁguram
3415 2987 3472 3040 et
3529 2975 3871 3057 exemplar

585 3072 896 3155 quoddam
936 3075 1252 3136 Dominici
1307 3077 1619 3155 corporis,
1651 3078 1787 3148 sed,
1820 3078 1893 3139 in
1919 3078 2124 3158 ipsum
2157 3079 2438 3139 conuerti
2474 3095 2705 3156 corpus
2739 3075 3005 3140 Christi.
3041 3076 3236 3138 Addit
3264 3075 3403 3152 ille,
3435 3094 3684 3137 carnem
3715 3076 3872 3154 qui-

587 3169 724 3231 dem
750 3187 878 3230 non
913 3169 1139 3242 videri,
1183 3172 1294 3232 sed
1327 3182 1600 3250 propter
1625 3182 1908 3233 nostram
1935 3174 2364 3253 inﬁrmitatem
2393 3173 2568 3235 istud
2598 3173 2757 3245 ﬁeri,
2792 3173 3099 3254 quoniam
3131 3171 3210 3235 ab
3250 3189 3368 3234 esu
3400 3172 3611 3234 carnis
3644 3171 3870 3234 homi-

587 3267 690 3327 nis
717 3274 777 3329 et
802 3266 1141 3345 sanguiris
1179 3275 1327 3346 potu
1356 3269 1802 3330 abhorremus.
1843 3270 2138 3347 Denique
2169 3269 2528 3344 concludit,
2564 3273 2836 3350 speciem
2867 3272 3052 3351 panis
3085 3279 3144 3332 et
3172 3271 3308 3331 vini
3337 3270 3602 3343 servari,
3630 3269 3740 3330 sed
3787 3271 3866 3330 in

587 3364 887 3423 virtutem
919 3365 1129 3424 carnis
1157 3373 1209 3423 et
1239 3365 1563 3442 sanguinis
1586 3366 2126 3444 transelementari
2145 3384 2370 3447 panem
2401 3376 2458 3428 et
2487 3369 2720 3430 vinum.
2754 3368 2916 3442 Quis
2948 3367 3112 3429 hanc
3139 3369 3437 3428 virtutem
3463 3366 3871 3430 intellexerit

586 3459 845 3520 veritati
873 3461 1229 3539 oppositam
1257 3462 1284 3519 ‘2

666 3556 803 3618 lmo
835 3558 1101 3636 speciem
1121 3557 1307 3635 panis
1345 3567 1398 3618 et
1431 3559 1587 3632 vini,
1623 3561 1876 3637 reponit
1905 3558 2308 3635 Albertinus,
2334 3565 2402 3625 in
2430 3562 2952 3624 virtutemcarnis
2984 3569 3039 3623 et
3063 3563 3419 3641 sanguinis,
3435 3561 3619 3640 juxta
3648 3559 3868 3624 Theo-

591 3650 983 3731 phylactum,
1027 3652 1574 3716 transelementari
1605 3677 1624 3716 :
1655 3673 1801 3735 quas
1836 3673 1960 3718 non
1995 3655 2121 3718 alia
2154 3663 2272 3732 est,
2306 3657 2432 3718 nisi
2470 3659 2754 3732 virtutis,
2799 3665 2916 3720 aut
2935 3659 3003 3719 in
3034 3659 3335 3719 virtutem
3371 3659 3864 3719 transmutatio.

587 3752 724 3812 lmo
757 3751 834 3813 de
863 3749 1199 3812 subtantice
1267 3752 1453 3830 panis
1524 3760 1586 3815 et
1642 3754 1772 3815 vini
1836 3751 2487 3817 transelementatione
2544 3755 2980 3817 disertissime
3018 3772 3208 3836 agere
3270 3754 3870 3835 'l‘lieOphylactum,

586 3844 819 3928 inquio
884 3865 1044 3927 ego,
1107 3850 1512 3912 consentient
1604 3850 1755 3912 boni
1814 3867 2050 3913 sensus
2110 3850 2322 3929 [LVII]
2410 3867 2662 3913 omnes.
2751 3850 3278 3930 Archiepiscopi'
3317 3868 3622 3931 namque,
3702 3869 3869 3913 sana

587 3951 800 4006 mente
831 3945 885 4005 si
923 3944 1109 4006 verba
1142 3946 1281 4025 ejus
1317 3949 1786 4026 expendantur,
1829 3946 2152 4010 sententia
2205 3954 2303 4009 est
2334 3971 2347 4009 :
2385 3948 2636 4024 Panem,
2672 3966 2850 4029 quem
2905 3948 3215 4010 Dominus
3253 3947 3522 4009 daturus
3576 3955 3690 4020 est,
3727 3965 3874 4008 non

587 4058 715 4100 esse
743 4040 1010 4120 ﬁguram
1036 4044 1246 4103 carnis
1287 4045 1443 4125 ejus,
1469 4044 1574 4104 sed
1605 4048 1736 4124 ejus
1769 4063 1978 4105 veram
2015 4061 2294 4113 carnem;
2327 4063 2575 4106 carnem
2620 4043 2868 4124 quidem
2921 4061 3051 4104 non
3090 4043 3320 4117 videri,
3348 4044 3643 4124 quoniam
3675 4044 3874 4119 inﬁr-

585 4140 796 4200 mitati
826 4149 1080 4212 nostras,
1116 4160 1251 4200 cum
1275 4142 1348 4202 ab
1380 4161 1487 4202 esu
1519 4141 1728 4203 crudce
1752 4143 1962 4204 carnis
1991 4150 2048 4203 et
2071 4143 2399 4222 sanguinis
2430 4144 2684 4205 humani
2706 4152 2897 4220 potus
2930 4142 3402 4212 abhorreamus,
3440 4140 3775 4217 indulgens
3807 4153 3874 4202 et

586 4234 1084 4298 condescendens
1116 4238 1440 4312 Dominus,
1486 4243 1754 4318 speciem
1773 4238 2022 4319 quidem
2051 4241 2238 4320 panis
2261 4251 2327 4302 .et
2368 4240 2502 4301 vini
2539 4247 2772 4313 servat,
2804 4238 2914 4299 sed
2945 4240 3012 4300 in
3039 4240 3341 4300 virtutem
3373 4237 3584 4298 carnis
3616 4246 3672 4298 et
3701 4256 3870 4298 san-

583 4335 797 4410 guinis
827 4354 1053 4415 panem
1090 4338 1298 4414 ipsum
1344 4349 1402 4398 et
1460 4339 1674 4398 vinum
1713 4338 2243 4399 transelementat.
2281 4336 2562 4399 Dubium
2617 4335 2793 4398 enim
2839 4336 3240 4409 movebatur,
3303 4342 3642 4413 prOpterea
3677 4337 3870 4414 quod

585 4449 731 4493 caro
765 4449 893 4495 non
932 4434 1284 4510 videretur,
1319 4446 1380 4498 et
1440 4437 1621 4514 panis
1671 4437 2036 4516 apparebat.
2085 4435 2253 4497 Hinc
2299 4449 2453 4495 vero
2507 4431 2753 4493 solutio
2793 4453 2806 4493 :
2840 4449 3096 4495 carnem
3158 4448 3291 4494 non
3339 4431 3574 4506 videri,
3615 4433 3680 4493 in
3716 4448 3872 4493 eam

589 4531 1024 4594 nihilominus
1057 4550 1283 4611 panem
1321 4535 1910 4609 transelementari,
1948 4540 2194 4595 servata
2227 4532 2447 4608 specie
2480 4529 2691 4607 panis.
3668 4605 3672 4610 .

667 4633 795 4694 Cur
823 4650 1001 4710 ergo,
1065 4645 1389 4712 reponunt
1441 4634 1844 4708 heterodoxi,
1882 4652 2127 4707 vocem,
2159 4632 2441 4705 virtutis,
2486 4630 2783 4692 adhibeat
2853 4631 2917 4692 in
2952 4631 3180 4693 eodem
3221 4631 3299 4693 ad
3337 4633 3624 4693 Marcum
3677 4647 3873 4693 com-

587 4729 962 4789 mentario?
995 4730 1307 4792 Nimirum
1355 4738 1423 4791 ut
1453 4731 1674 4794 doceat
1713 4731 1874 4794 hanc
1935 4731 2072 4794 ﬁeri
2107 4728 2847 4812 transelementationem,
2911 4736 2974 4790 et
3029 4730 3673 4810 trans/ormationem,
3735 4746 3872 4793 seu

591 4828 1182 4887 transmutationem
1216 4828 1278 4888 in
1315 4844 1550 4905 corpus
1592 4828 1847 4902 Christi,
1902 4828 2140 4890 virtute
2181 4827 2442 4906 plenum
2469 4871 2486 4901 ,
2527 4835 2587 4888 et
2624 4845 2741 4889 nos
2801 4827 3155 4890 viviﬁcans.
3235 4830 3390 4890 Rem
3451 4827 3612 4889 hanc
3673 4828 3872 4889 lucu—

587 4922 952 4984 lentissime
1010 4925 1319 4985 exclamat
1352 4925 1417 4986 in
1451 4931 1640 5002 caput
1689 4944 1750 4986 v1
1801 4925 2068 4988 Joannis
2104 4942 2119 4983 :
2163 4945 2192 4981 ‹‹
2227 4927 2410 4988 Nunc
2443 4931 2656 4988 autem
2693 4924 3256 4987 condescendente
3292 4925 3570 4985 Domino
3620 4936 3873 4989 nostras

589 5020 966 5092 inﬁrmitati,
1010 5021 1154 5082 talis
1192 5030 1456 5099 apparet
1519 5023 1830 5101 mysticus
1870 5023 2076 5094 cibus,
2124 5022 2428 5102 qualibus
2455 5021 2598 5084 alio;
2656 5021 2699 5081 1i
2735 5020 2978 5081 assueti
3019 5036 3273 5081 sumus.
3323 5017 3451 5078 Pro
3492 5019 3712 5079 mundi
3742 5040 3874 5081 au-

592 5129 706 5176 tem
739 5119 868 5177 vita
907 5135 1153 5178 carnem
1183 5137 1358 5179 suam
1395 5129 1446 5179 et
1503 5131 1758 5181 mortem
1800 5119 2334 5182 deditam-infra
2378 5141 2394 5181 :
2452 5141 2479 5175 α
2513 5119 2716 5180 Judcei
2767 5135 2915 5179 cum
2955 5117 3293 5177 audissent
3353 5116 3426 5176 de
3485 5135 3590 5176 esu
3641 5121 3868 5180 carnis

597 5212 795 5285 illius,
825 5215 1246 5278 discedunt...
1276 5217 1419 5294 Ipse
1469 5217 1691 5280 volens
1726 5218 1846 5280 hoc
1888 5219 2258 5292 ostendere,
2291 5215 2457 5297 quod
2480 5234 2606 5276 non
2625 5217 2706 5277 sit
2770 5214 3179 5292 impossibile,
3221 5214 3332 5274 sed
3407 5215 3600 5277 etiam
3668 5215 3868 5279 valde

596 5311 1058 5384 necessarium,
1100 5313 1232 5374 ait:
1281 5314 1427 5377 Non
1442 5323 1650 5392 potest
1671 5315 1859 5376 aliter
1891 5315 2109 5378 haberi
2143 5317 2295 5388 cita,
2329 5316 2456 5377 nisi
2484 5333 2680 5374 meam
2743 5329 2992 5373 carnem
3022 5310 3432 5371 comedatis...
3483 5312 3623 5373 Non
3682 5313 3866 5375 enim

595 5404 746 5467 nudi
765 5406 1034 5469 hominis
1069 5425 1214 5472 caro
1245 5415 1363 5482 est,
1399 5427 1545 5490 quas
1583 5413 2003 5474 manducatur
2045 5435 2058 5472 :
2129 5414 2242 5474 sed
2281 5412 2418 5485 Dei,
2450 5421 2512 5474 et
2571 5430 2704 5493 quas
2736 5411 3024 5489 deiﬁcare
3052 5409 3244 5481 valet,
3295 5418 3524 5484 utpote
3557 5416 3861 5471 contem-

599 5513 807 5578 perata
837 5506 1135 5570 deitati...
1167 5507 1406 5570 Iterum
1434 5508 1592 5570 nudi
1621 5509 1890 5571 hominis
1919 5526 2065 5573 caro
2096 5507 2258 5572 nihil
2296 5509 2602 5588 prodesse
2651 5515 2859 5587 potest
2901 5525 2914 5564 :
2956 5508 3065 5568 sed
3101 5507 3253 5586 quia
3279 5510 3448 5568 Deus
3485 5504 3696 5568 univit
3724 5507 3864 5569 sibi

597 5617 848 5663 lar-nem
886 5603 1239 5664 secundum
1277 5604 1670 5668 ineﬂabilem
1716 5607 2394 5684 contemperationem,
2424 5609 2672 5672 vivifica
2709 5616 2802 5669 est
2833 5625 2998 5670 caro.
3041 5633 3068 5664 ν

676 5699 948 5761 Sensum
981 5702 1281 5774 exprimit
1315 5702 1712 5779 ipsissimum
1753 5703 2140 5782 Euthymius
2174 5707 2241 5766 in
2277 5709 2641 5770 Matthmum
2676 5731 2688 5768 :
2724 5706 3249 5782 Quemadmodum
3268 5704 3868 5784 supernaturaliter

595 5806 973 5873 assumptum
1008 5814 1252 5857 carnem
1284 5797 1594 5878 deiﬁcavit
1629 5819 1644 5856 :
1683 5811 1736 5860 et
1770 5802 1891 5860 haec
1920 5801 2170 5880 (panem
2212 5813 2270 5865 et
2314 5804 2557 5885 viuum)
2622 5813 2996 5867 transmutat
3023 5806 3089 5868 in.
3130 5805 3334 5883 ipsum
3363 5804 3670 5884 rivi/ierim
3705 5821 3861 5866 cor-
