3966 6406
598 401 710 470 119
1449 398 1675 461 BERN.
1716 398 1984 460 MARLE
2022 398 2118 459 DE
2162 399 2164 457 ζ

2295 397 2446 458 BEIS
2485 396 2992 459 DISSERTATIO
3751 385 3861 452 tet)

603 530 686 574 ac-
705 514 930 574 Petrus
964 510 1103 589 ipse
1136 510 1203 573 in
1229 517 1406 574 textu
1441 511 1660 574 Graeco
1694 528 1953 590 semper
1983 512 2180 573 Paulo
2214 512 2597 590 prepositus
2667 517 2994 584 occurrat;
3047 507 3148 571 bis
3204 505 3405 570 Paulo
3438 507 3717 578 Petrum,
3787 521 3865 567 ac

599 609 703 672 bis
735 609 920 672 Petro
946 608 1215 669 Paulum
1240 607 1670 685 antepositam
1727 624 1845 669 sua
1889 607 2284 687 eXpresserit
2333 608 2399 669 in
2465 607 2768 670 versione
2833 604 3427 683 OEcolampadius?
3492 601 3643 663 Mali
3697 599 3869 662 nihil

599 703 911 783 suspicati
957 711 1111 766 sunt
1149 705 1492 767 Montanus
1517 720 1591 766 ac
1647 705 1856 767 editor
1904 703 2538 783 Parisiensiszquod
2601 711 2906 776 attamen,
2964 703 3020 764 si
3077 701 3253 779 quod
3334 707 3504 760 esset
3563 697 3630 759 in
3689 696 3872 758 hete-

599 801 849 864 rodoxo
885 800 1262 877 interprete,
1304 800 1582 864 innuere
1617 801 1778 863 mibi
1833 801 2049 864 libuit.
2103 803 2414 865 Craterum
2448 803 2617 865 Petri
2649 803 2995 875 primatum
3070 797 3598 862 luculentissima
3652 795 3872 856 Theo-

598 897 938 977 pbylactus
998 895 1184 960 oﬂ‘ert
1231 897 1294 959 in
1351 898 1578 960 eodem
1637 900 1713 961 ad
1765 898 2189 978 Evangelium
2251 901 2438 962 Luca;
2491 899 2964 971 Commentario
3006 897 3211 975 capite
3275 914 3429 967 un,
3487 894 3594 954 Ea:
3639 909 3758 970 quo
3813 899 3872 951 te

597 994 1065 1071 discipulorum
1123 995 1486 1075 principem
1538 995 1730 1057 habeo
1755 1041 1774 1069 ,
1823 1006 2154 1076 postquam
2189 1005 2414 1074 negato
2451 1015 2541 1056 me
2567 996 2846 1075 ﬂeveris,
2909 1005 2962 1056 et
2988 993 3072 1054 ad
3109 993 3558 1074 panitentiam
3587 989 3867 1055 veneris,

598 1089 897 1168 conﬁrma
933 1099 1214 1152 eceterae.
1277 1091 1415 1153 Hoc
1454 1092 1616 1153 enim
1665 1100 1722 1152 te
1776 1091 1982 1165 decet,
2011 1103 2282 1173 προσήκει
2317 1120 2425 1167 σοι,
2459 1095 2573 1172 qui
2592 1103 2746 1172 post
2803 1110 2896 1153 me
2941 1091 3243 1154 Ecclesia:
3289 1097 3474 1167 petra
3522 1103 3608 1156 es,
3633 1093 3689 1145 et
3742 1083 3868 1162 fir-

594 1197 994 1247 momentum.
1048 1186 1144 1268 Ad
1201 1185 1381 1271 aliud
1441 1197 1894 1262 argumentum
1939 1189 2345 1253 difﬁcultates
2395 1189 2744 1268 pertinent,
2797 1206 2962 1268 quas
3025 1185 3359 1249 Launoius
3419 1182 3686 1262 ingerit,
3746 1180 3873 1249 ad-

592 1297 824 1343 versus
877 1282 1342 1345 Bellarminum
1385 1282 1716 1346 disserens
1769 1284 2188 1362 epistularum
2246 1295 2424 1367 parte
2490 1305 2548 1361 v,
2586 1285 2865 1366 epistola
2913 1273 3060 1348 2ad
3096 1282 3448 1346 Antonium
3483 1277 3872 1350 Varillaum,

594 1394 776 1439 num.
810 1379 892 1440 55
919 1385 981 1441 et
1035 1396 1216 1458 seqq.

677 1475 778 1536 97.
843 1475 1030 1536 Irrito
1082 1482 1254 1538 certe
1311 1483 1460 1537 voto
1519 1478 1985 1557 Theopbylacti
2060 1481 2249 1544 verba
2315 1480 2632 1561 objiceres
2691 1479 2770 1543 ad
2833 1493 3024 1559 caput
3092 1498 3128 1542 ι
3189 1475 3496 1550 Μδῑιὴωί,
3564 1489 3732 1536 vers.
3812 1472 3875 1532 3.

597 1571 939 1632 Enumerat
968 1583 1198 1644 autem,
1252 1572 1648 1652 inquientis,
1695 1577 2137 1653 apostolorum
2177 1579 2432 1640 nomina
2455 1586 2728 1658 propter
2751 1574 3328 1658 pseudoapostolos
3360 1595 3380 1633 :
3414 1571 3730 1653 praeponit
3761 1589 3882 1629 au-

601 1677 721 1726 tem
753 1665 1013 1728 Petrum
1052 1677 1110 1746 et
1137 1667 1472 1730 Andream.
1545 1671 1700 1733 Ideo
1733 1688 2036 1751 namque,
2085 1689 2294 1754 eoque
2327 1691 2523 1734 sensu
2571 1673 2737 1734 duos
2763 1671 2910 1734 illos
2958 1671 3080 1735 hoc
3123 1673 3264 1734 loco
3318 1668 3698 1750 praepositos
3751 1667 3872 1739 ait,

599 1764 895 1842 quoniam
937 1774 994 1826 et
1014 1767 1291 1844 primum
1316 1778 1498 1830 erant
1526 1767 1758 1830 vocati.
1791 1769 2134 1848 Temporis
2153 1772 2314 1835 ordo
2349 1779 2468 1846 est,
2506 1787 2634 1833 non
2667 1769 3024 1850 dignitatis.

682 1858 1020 1939 Philippus
1076 1863 1400 1925 Mornazus
1435 1866 1501 1929 in
1534 1865 1832 1927 Historia
1856 1875 2160 1945 papatus,
2201 1867 2441 1930 saeculo
2477 1884 2672 1940 nono,
2714 1867 2927 1944 ipsum
2956 1863 3514 1943 TheOphyiactum
3565 1859 3868 1938 opponit,

603 1973 800 2036 quem
851 1957 915 2018 in
973 1959 1327 2037 Epistulam
1384 1962 1460 2023 ad
1520 1961 1771 2039 Galatas
1833 1962 2038 2041 capite
2097 1982 2143 2024 ιι
2190 1965 2463 2026 aientem
2529 1962 2780 2024 inducit
2831 1962 3148 2024 :Paulum
3225 1958 3549 2020 ostendere
3573 1975 3635 2016 se
3683 1956 3880 2016 Petro

599 2052 892 2133 aequalem
923 2073 1076 2117 esse.
1133 2057 1490 2119 Lonicerus
1532 2057 1742 2132 vortit,
1777 2077 1840 2120 se
1869 2060 2138 2142 ejusdem
2177 2079 2304 2120 esse
2330 2077 2466 2119 cum
2530 2058 2720 2119 Petro
2777 2060 2976 2138 pretii
3023 2059 3076 2119 et
3138 2053 3885 2134 honoris.AgitibiBul-

601 2150 794 2226 goria:
822 2149 1354 2230 archiepiscopus
1410 2153 1489 2216 de
1545 2171 1811 2219 munere
1849 2157 2270 2235 apostolatus,
2351 2157 2564 2233 deque
2612 2156 3065 2236 praedicatione
3115 2155 3286 2234 apud
3350 2152 3658 2214 Hebraeus
3691 2169 3888 2228 pecn-

596 2243 746 2308 liari
806 2245 998 2307 modo
1078 2247 1444 2310 commissae
1496 2249 1709 2323 Petro,
1768 2259 1829 2311 et
1904 2252 2075 2328 apud
2149 2262 2376 2330 gentes
2431 2252 2656 2313 Paulo.
2714 2253 2858 2325 Quo
2927 2251 3361 2312 nihilominus
3431 2248 3563 2326 pari
3629 2246 3883 2309 honore

601 2340 806 2416 salvo,
837 2341 1273 2405 disertissima
1329 2341 1650 2408 sententia
1696 2346 1839 2427 ejus
1868 2356 1987 2420 est,
2054 2350 2250 2410 totius
2273 2348 2444 2410 orbis
2473 2349 2683 2408 ovium
2722 2349 3192 2428 praferturam,
3219 2365 3350 2406 non
3387 2345 3529 2418 alii,
3565 2343 3884 2405 sedPetro

602 2435 905 2499 traditam
945 2455 980 2499 a
1031 2439 1335 2500 Domino.
1365 2440 1707 2518 Apostolus
1757 2458 1984 2507 omnes
2039 2460 2221 2520 pares
2265 2444 2494 2518 fuisse,
2540 2445 3003 2507 catholicorum
3037 2461 3226 2505 nemo
3270 2443 3622 2514 inﬁciatur,
3658 2442 3882 2519 quoad

598 2534 996 2614 apostolatus
1028 2544 1418 2614 potestatem,
1460 2553 1652 2614 quam
1685 2537 2093 2600 intrinsecam
2142 2549 2195 2600 et
2232 2543 2624 2603 essentialem
2679 2549 2908 2603 vocant
2960 2540 3094 2614 alii,
3153 2539 3400 2619 aliique
3429 2535 3888 2598 extraordinao

595 2633 802 2701 riam;
837 2637 948 2695 sed
981 2635 1097 2693 uni
1129 2631 1342 2703 Petro,
1383 2632 1674 2693 collatam
1740 2633 1994 2708 docent,
2028 2653 2172 2713 quae
2217 2638 2453 2701 dicitur
2501 2638 2857 2710 ordinaria,
2904 2654 2975 2699 ac
3033 2635 3233 2697 veluti
3295 2633 3551 2697 muneri
3618 2643 3888 2710 aposto-

602 2731 767 2792 latus
807 2731 1107 2810 adjuncta
1163 2749 1176 2786 :
1247 2729 1308 2792 et
1356 2730 1549 2792 hocce
1585 2731 1648 2792 in
1681 2731 1997 2810 regimine
2030 2736 2368 2797 credentes
2414 2754 2669 2808 omnes,
2705 2737 3011 2814 ipsosque
3043 2732 3375 2812 apostolos
3435 2739 3659 2794 tenent
3687 2732 3888 2793 Petro

597 2827 971 2890 inferiores.

682 2925 872 2987 Addit
918 2925 1238 2988 Morumus
1298 2922 1534 2985 nullam
1573 2928 1853 3005 episcopi
1893 2928 2162 2990 Romani
2228 2931 2326 2991 his
2365 2933 2430 2993 in
2486 2933 2643 2994 locis
2680 2933 3053 2993 mentionem
3103 2929 3383 2992 habitam
3445 2947 3480 2992 a
3527 2928 3892 3006 Theophy-

603 3021 792 3084 lacto.
837 3022 964 3083 Cur
996 3037 1142 3082 vero
1203 3019 1599 3082 mentionem
1648 3022 2019 3099 ingesserit,
2076 3023 2184 3084 ubi
2223 3040 2436 3102 neque
2483 3025 2688 3097 locus,
2768 3042 2982 3101 neque
3028 3023 3156 3085 ulla
3186 3039 3380 3092 causa
3421 3021 3822 3102 exposcebat
3859 3025 3890 3081 τ

600 3121 682 3180 At
741 3117 1050 3196 inquiunt
1099 3114 1397 3178 catholici
1435 3116 1786 3179 Ecclesiam
1837 3118 2149 3180 fundasse
2203 3119 2528 3183 Christum
2601 3121 2671 3183 in
2717 3129 3028 3183 aeternum
3099 3123 3499 3194 duraturam,
3583 3121 3891 3199 adeoque

600 3222 983 3296 perpetuam
1035 3213 1373 3293 regiminis
1401 3211 1668 3278 formam
1704 3216 1782 3277 ab
1812 3234 1890 3278 eo
1932 3215 2326 3292 institutam,
2385 3236 2530 3298 qua:
2573 3236 2707 3280 non
2768 3218 2978 3280 solum
3032 3217 3100 3279 in
3171 3228 3392 3280 sancto
3461 3220 3678 3290 Petro,
3727 3235 3889 3278 cum

604 3315 800 3375 totius
831 3313 1003 3375 orbis
1044 3313 1250 3373 ovium
1274 3315 1718 3393 prafecturam
1770 3315 1896 3393 ipsi
1925 3315 2204 3378 tradidit
2236 3315 2579 3388 Dominus,
2619 3333 2843 3377 verum
2877 3315 3067 3376 etiam
3109 3314 3176 3376 in
3209 3314 3702 3376 successoribus
3740 3315 3885 3374 Ro-

608 3409 817 3471 mauis
850 3408 1261 3487 pontiﬁcibus
1300 3408 1606 3472 eluceret.
1639 3411 1705 3471 Id
1735 3427 1881 3474 vero
1912 3411 2179 3489 perenni
2208 3421 2270 3477 et
2301 3411 2824 3475 constantissime
2870 3411 3254 3474 saeculorum
3319 3409 3614 3472 omnium
3673 3410 3892 3472 tradi-

601 3507 780 3570 tione
833 3506 1183 3568 evincitur.
2426 3510 2428 3512 '

683 3604 787 3665 98.
821 3604 1336 3666 lmmoderaliori
1373 3605 1656 3684 profecto
1687 3607 2082 3669 conﬁdentia
2123 3609 2445 3670 Mornreus
2475 3607 2721 3687 aliique
2748 3607 3129 3668 heterodoxi
3162 3607 3373 3668 locum
3407 3605 3890 3685 Theophylaeti

603 3701 1087 3778 Opposuissent,
1132 3700 1245 3780 qui
1310 3701 1577 3764 habetur
1621 3704 1762 3784 ejus
1824 3705 1890 3766 in
1923 3703 2194 3781 epistula
2253 3701 2327 3762 ad
2387 3700 2720 3762 Nicolaum
2775 3701 3114 3760 diaconum
3170 3707 3229 3758 et
3287 3697 3723 3759 eanstrisium.
3773 3698 3899 3758 Ait

600 3798 749 3858 ille:
806 3798 1099 3876 «Itaque
1147 3799 1201 3858 si
1261 3797 1703 3861 Occidentales
1756 3801 1922 3862 c'irea
1991 3789 2253 3876 aliquod
2309 3797 2537 3875 dogma
2599 3804 2837 3869 errent,
2899 3795 3068 3873 quod
3147 3798 3397 3856 Patrum
3449 3793 3636 3854 ﬁdem
3697 3795 3899 3870 [LIX]

603 3898 893 3972 impetat,
927 3895 1278 3975 cujusmodi
1325 3905 1437 3969 est,
1487 3897 1652 3977 quod
1706 3897 2000 3976 Symbolo
2060 3897 2132 3956 de
2186 3896 2438 3973 Spiritu
2467 3902 2682 3953 sancto
2741 3876 3148 3964 dddiderunt,
3187 3892 3295 3952 ubi
3353 3889 3716 3969 periculum
3785 3898 3899 3952 est

605 3991 999 4066 maximum;
1035 3991 1156 4053 hoc
1187 3993 1450 4071 qni-non
1489 3994 1902 4054 emendatum
1939 3995 2280 4065 condonat,
2322 3992 2386 4053 id
2419 3992 2512 4052 illi
2551 3992 2903 4053 condonari
2950 4008 3079 4052 non
3121 3999 3362 4069 potest:
3392 3989 3511 4050 etsi
3535 4008 3614 4049 ea:
3644 3990 3895 4051 throno

607 4087 978 4167 loquantur,
1011 4107 1204 4169 quem
1257 4089 1606 4151 sublimem
1668 4089 1984 4152 sublimes
2025 4098 2440 4167 proponunt:
2479 4089 2600 4149 etsi
2631 4090 2806 4150 Petri
2837 4091 3296 4168 confessionem
3338 4085 3662 4166 proferant
3699 4104 3713 4142 :
3752 4089 3894 4148 etsi

616 4185 1071 4247 beatitudinem
1116 4186 1461 4260 adducant,
1495 4203 1572 4246 ex
1634 4186 1741 4247 illa
1770 4187 2230 4264 (confessione)
2254 4189 2579 4248 obtentam
2616 4206 2630 4242 :
2665 4182 2782 4247 etsi
2813 4186 3013 4245 claves
3063 4187 3249 4262 regni
3298 4185 3590 4246 caelorum
3654 4191 3900 4246 contra

603 4298 722 4344 nos
755 4281 1104 4360 quatiendo
1139 4282 1420 4356 vibrent,
1474 4283 1716 4359 quibus
1763 4292 2074 4362 quantum
2126 4284 2442 4345 honorare
2484 4283 2699 4358 ipsum
2761 4290 3010 4360 putant,
3081 4291 3324 4344 tantum
3393 4282 3644 4358 seipsos
3678 4280 3902 4344 debo-

603 4384 890 4451 norant;
949 4394 1094 4439 eum
1152 4394 1227 4440 ea
1299 4395 1444 4456 quas
1512 4377 1624 4439 ille
1686 4378 1961 4457 (Petrus)
2029 4380 2389 4451 constituit,
2451 4379 2579 4455 ipsi
2659 4378 3040 4448 dissolvent,
3117 4379 3570 4457 subruantque
3643 4376 3912 4440 fundac

606 4483 818 4536 menta
888 4475 1216 4549 Ecclesiae,
1275 4493 1408 4555 qua:
1464 4474 1564 4537 illi
1607 4475 1978 4536 sustinenda
2041 4475 2403 4537 concredita
2459 4484 2607 4538 sunt
2696 4477 2828 4536 Hac
2892 4475 2956 4536 in
3009 4493 3074 4536 re
3138 4475 3192 4535 si
3248 4477 3396 4555 quis
3469 4493 3617 4536 es...
3656 4493 3901 4554 punge

605 4588 677 4629 ac
753 4570 899 4644 feri,
946 4582 1247 4650 tanquam
1323 4572 1520 4634 levita
1594 4591 1666 4634 ac
1735 4575 1848 4635 Dei
1916 4574 2236 4647 mini5ter,
2313 4590 2421 4636 eos
2487 4573 2602 4651 qui
2669 4569 2900 4633 bellum
2979 4581 3208 4649 gerunt
3261 4589 3380 4648 pro
3454 4587 3717 4630 suarum
3774 4590 3902 4631 co-

608 4669 991 4744 gitationum
1042 4670 1389 4746 ﬁgmentis,
1447 4678 1508 4729 et
1532 4678 1719 4747 caput
1769 4671 2068 4731 attollunt
2101 4671 2682 4743 inuadorationom,
2736 4677 2797 4729 et
2840 4685 3064 4731 omnes
3102 4668 3461 4728 submissos
3488 4667 3714 4729 volunt
3772 4671 3901 4730 sui

602 4763 1516 4843 principatusamplitudini.»
2145 4778 2150 4785 ’
2259 4762 2339 4849 ’.

684 4866 756 4925 In
802 4865 933 4928 haec
969 4866 1185 4941 verba,
1218 4885 1362 4946 quae
1415 4887 1498 4930 ex
1528 4869 2087 4948 Responsiunibus
2147 4869 2456 4932 Demetrii
2503 4869 2876 4932 Chomateni
2941 4868 3123 4929 affert
3177 4870 3398 4928 Petrus
3455 4865 3744 4928 Pithoeus
3813 4869 3896 4932 in

600 4964 894 5026 Historia
915 4966 1350 5025 controversia:
1367 4964 1438 5026 de
1461 4967 1857 5044 processione
1881 4967 2164 5045 Spiritus
2186 4969 2412 5040 sancti,
2432 4967 2526 5028 sic
2543 4965 2994 5029 animadvertit
3013 4987 3026 5024 :
3043 4963 3191 5038 Quce
3213 4964 3516 5034 convicia,
3539 4963 3901 5044 inquiens,

604 5061 671 5116 in,
701 5059 1034 5119 Nicolaum
1063 5062 1279 5138 potius
1315 5059 1414 5138 (ad
1450 5079 1643 5139 quem
1675 5063 2011 5138 scribebat)
2053 5082 2236 5142 quam
2281 5067 2347 5126 in
2379 5066 2573 5124 alium
2618 5064 2948 5142 quemlibet
3003 5063 3266 5134 directa,
3299 5064 3438 5139 quis
3477 5080 3598 5120 non
3643 5061 3819 5123 videt
3864 5070 3904 5127 ?

607 5155 745 5213 lmu
780 5154 1007 5215 viderit
1045 5172 1253 5216 nemo.
1307 5158 1427 5218 Aio
1477 5160 1752 5234 primum
1788 5178 1907 5237 ego
1945 5183 1958 5220 :
2004 5163 2215 5223 Sancti
2252 5161 2421 5222 Petri
2459 5160 2832 5238 primatum,
2867 5177 2938 5220 ac
2978 5160 3244 5218 Romani
3299 5158 3488 5217 etiam
3524 5159 3896 5235 pontiﬁcis,

605 5253 774 5311 Petri
805 5252 1023 5312 sedem
1052 5254 1357 5325 tenentis,
1397 5253 1614 5315 hocin
1655 5257 1788 5316 loco
1834 5259 2088 5335 agnosci
2133 5276 2164 5318 a
2220 5257 2700 5334 TheOphylacto
2735 5280 2748 5315 :
2801 5274 2869 5316 ac
2908 5274 3060 5316 sane
3106 5257 3512 5333 fundamenra
3552 5255 3900 5334 Ecclesice,

608 5349 743 5409 sive
792 5348 1108 5426 dogmata,
1162 5350 1524 5414 concredita
1558 5353 1777 5430 fuisse,
1816 5355 2039 5414 eodem
2068 5365 2351 5429 auctore,
2386 5354 2551 5414 Petri
2590 5353 2759 5426 sedi,
2797 5362 2865 5412 ut
2902 5355 3392 5412 sustinerentur.
3447 5354 3566 5412 Aio
3604 5352 3900 5430 deinde,

608 5445 785 5504 hisce
824 5447 1131 5521 primatus
1170 5448 1526 5525 privilegiis
1566 5449 1738 5509 abuti
1773 5450 2112 5527 Bulgarum
2148 5450 2709 5527 archiepiscopum
2752 5472 2764 5508 :
2822 5451 3178 5525 eademque
3233 5448 3657 5509 conviciantis
3694 5468 3898 5512 moro

607 5541 672 5597 in
712 5540 959 5601 Latinos
995 5544 1240 5618 projiei,
1275 5561 1341 5604 ac
1371 5547 1420 5603 si
1462 5547 1942 5622 processionem
1970 5549 2243 5624 Spiritus
2271 5547 2469 5606 sancti
2501 5563 2531 5604 a
2569 5547 2740 5603 Patre
2775 5544 3070 5622 Filioque
3105 5545 3432 5612 ducentes,
3460 5542 3902 5622 fundamenta

607 5636 906 5694 Ecclesia:
939 5646 1320 5699 evenerant.
1363 5640 1531 5701 Adeo
1566 5658 1840 5716 namque
1886 5645 2170 5718 pertinax
2374 5646 2644 5703 adverso
2691 5642 2756 5701 in
2792 5643 3109 5720 dogmate,
3155 5651 3224 5702 ut
3271 5643 3662 5702 contrarium
3710 5661 3833 5704 sen
3863 5682 3884 5691 -

612 5731 842 5789 tientes
900 5744 1148 5809 putaret
1184 5752 1368 5811 agere
1423 5745 1636 5796 contra
1691 5740 1865 5798 Petri
1913 5741 2124 5801 throni
2172 5744 2641 5811 auctoritatem,
2694 5748 2911 5800 contra
2969 5742 3418 5818 confessionem
3467 5741 3598 5820 ejus
3631 5756 3664 5802 a
3709 5743 3892 5806 Jes‘u

611 5825 858 5887 Christo
901 5834 1423 5904 COllllDCl‘tlfllalD,
1462 5846 1674 5896 contra
1713 5839 1887 5913 regni
1921 5837 2212 5899 calorum
2252 5841 2447 5902 claros
2488 5841 2743 5900 tradita»
2784 5838 3014 5898 eidem.
3055 5838 3248 5898 Addit
3289 5838 3477 5900 etiam
3516 5838 3641 5901 bile
3687 5855 3886 5902 c0m«
