3966 6412
122 402 182 475 ιῗῘ
900 403 1003 465 DE
1041 400 1627 465 THEOPHYLAC’I‘I
1668 403 1946 464 GESTIS
1987 403 2085 464 ET
2123 402 2497 466 SCRIPTIS.
3233 397 3342 465 123

117 525 265 581 motus
292 509 580 576 convicia
617 511 939 574 adversus
981 510 1433 589 expeditiones
1480 528 1722 586 sacras,
1757 530 1907 591 qua)
1943 529 2022 575 eo
2063 521 2358 594 tempore
2404 513 2965 592 suscipiebantur,
3019 513 3339 599 Romanis

116 611 443 692 pontiﬁcibus
502 609 1044 688 approbantibus.
1103 609 1253 670 Haec
1292 625 1597 687 germana
1651 609 2121 690 TheOphylacli
2162 630 2370 686 aiens,
2423 611 2821 692 praeiudiciis
2856 611 3086 692 utique
3119 619 3343 673 contra

117 713 298 770 lstinos
328 715 656 782 occupata,
701 705 817 766 sed
856 705 1232 767 hominibus
1266 706 1687 766 heterodoxis
1735 708 2011 767 nimium
2045 709 2346 771 adversa.
2398 718 2406 726 '

162 807 229 866 09.
257 806 568 883 Insignem
605 804 784 866 illam
823 803 1102 864 Michmae
1136 803 1564 880 prophetiam,
1607 805 1686 865 de
1723 804 1842 864 viri
1875 802 2154 865 illustris
2188 815 2336 867 ortu
2375 808 2440 867 in
2483 807 2744 868 civitate
2775 803 3182 876 Bethlehem,
3219 801 3338 864 de-

112 913 268 962 tortum
298 900 498 964 fuisse
528 901 616 960 ad
649 901 1094 963 Zorobabelem
1124 918 1158 961 a
1197 900 1704 984 Theophylacto,
1732 902 2020 980 itemque
2055 919 2090 963 a
2120 902 2590 982 Chrysostomo
2629 912 2691 964 et
2732 901 3111 979 Euthymio,
3159 907 3342 962 nota-

113 1001 166 1060 vit
192 1001 378 1061 Petrus
405 999 638 1061 Daniel
669 1000 951 1061 ﬂuetius
984 1000 1048 1061 in
1080 998 1632 1058 Demonstratione
1665 1000 2044 1077 evangelica,
2071 999 2523 1078 propositione
2560 1018 2695 1067 Vl",
2737 1015 2918 1060 num.
2957 1015 3138 1058 xxvr.
3179 986 3329 1059 Hinc
3361 1057 3366 1065 ,

109 1101 316 1160 aientem
347 1097 734 1158 dormitasse
767 1097 980 1159 virum
1013 1097 1489 1167 doctissimum,
1529 1098 1774 1173 primus
1810 1097 1969 1158 vidit
2002 1105 2062 1158 et
2093 1097 2815 1159 admonuitRichardus
2838 1094 3173 1157 Simonius
3197 1093 3339 1156 loco

108 1213 243 1273 supra
270 1196 473 1258 citato.
512 1195 765 1257 Judaais
798 1193 1260 1256 Zorobabelem
1291 1192 1800 1254 obtrudentibus
1836 1194 2216 1256 adversatur
2261 1193 2364 1254 his
2399 1193 2618 1254 verbis
2669 1191 3212 1271 archiepiscOpus
3259 1190 3334 1251 ad

105 1291 311 1353 Malthaai
341 1299 528 1365 caput
558 1309 632 1360 ιι,
674 1291 909 1351 Dicunt
940 1290 1170 1361 Judaei,
1205 1289 1537 1367 inquiens,
1572 1287 1740 1366 quod
1770 1289 1886 1350 hoc
1927 1289 2305 1367 praedictum
2336 1292 2422 1350 sit
2454 1289 2528 1350 de
2560 1287 2917 1349 Zorobabel
2963 1308 2982 1358 ς
3023 1286 3133 1347 sed
3159 1304 3338 1346 men-

103 1389 290 1447 tiuntur
327 1387 682 1466 manifeste.
715 1385 971 1446 Etenim
997 1388 1047 1446 Ζ
1053 1384 1354 1446 orobabel
1383 1385 1607 1445 nonin
1639 1385 2001 1447 Bethtehem
2031 1396 2223 1446 natus
2258 1394 2352 1446 est
2393 1408 2412 1455 ;
2445 1384 2554 1446 sed
2584 1387 2654 1446 in
2698 1382 3024 1464 Babylone
3062 1427 3075 1443 .
3114 1429 3129 1443 .
3167 1429 3182 1445 .
3218 1380 3342 1443 Sed

103 1496 141 1544 et
160 1485 452 1563 prophetia
475 1484 813 1562 manifeste
845 1488 1062 1562 arguit
1093 1502 1220 1554 eos,
1257 1481 1507 1543 dicens:
1541 1504 1570 1538 α
1598 1483 1912 1559 Egressus
1937 1483 2070 1563 ejus
2100 1503 2137 1542 a
2165 1483 2524 1562 principio,
2556 1501 2596 1541 a
2627 1482 2850 1564 diebus
2881 1481 3285 1542 ceternitatis.
3309 1503 3336 1534 η

103 1583 241 1661 Cujus
264 1591 457 1643 autem
487 1581 766 1643 alterius
801 1600 1086 1660 egressus
1116 1583 1246 1658 fuit
1270 1580 1346 1641 ab
1377 1582 1568 1642 initio
1607 1591 1666 1642 et
1717 1601 1756 1642 a
1791 1580 2012 1642 diebus
2055 1582 2463 1654 aeternitatis,
2507 1599 2692 1660 quam
2732 1580 2997 1653 Christi,
3039 1579 3149 1656 qui
3177 1577 3336 1637 duos

102 1697 315 1752 :gressus
327 1677 570 1750 habuit,
588 1680 707 1741 hoc
726 1688 818 1739 est
845 1681 1213 1740 nativitates
1236 1681 1265 1738 ?
1285 1678 1367 1738 Di
1376 1689 1524 1738 cant
1544 1680 1662 1756 igit

1767 1678 1995 1754 Judwi,
2025 1697 2176 1739 num
2193 1681 2246 1740 Ζ
2251 1678 2553 1740 orobabel
2570 1677 2650 1739 ab
2666 1678 2858 1740 initio
2880 1676 3086 1758 fuerit
3111 1678 3140 1736 ?
3191 1675 3333 1729 Ἀλλ’

98 1778 161 1828 ait
182 1777 363 1846 ἔχουσιν
384 1777 587 1841 εἰπεῖν.
614 1776 740 1837 Sed
767 1795 897 1836 non
940 1776 1194 1849 habent,
1234 1775 1404 1855 quod
1433 1776 1672 1840 dicant.

148 1881 344 1940 Eadem
380 1879 666 1958 legimus
702 1877 895 1938 verba
921 1877 1088 1954 apud
1129 1877 1445 1937 Joannem
1488 1875 2029 1954 Chrysostomum
2067 1882 2126 1936 et
2162 1873 2594 1955 Euthymium
2649 1873 2725 1935 ad
2775 1872 2997 1950 ipsum
3056 1872 3339 1938 Matthmi

100 1976 269 2038 locum.
295 1975 517 2051 Quid?
550 1974 728 2057 quod
761 1974 960 2036 etiam
991 1973 1054 2034 in
1091 1972 1315 2033 eadem
1349 1972 1686 2050 prOphetia
1727 1990 1856 2035 non
1893 1973 2123 2046 alium,
2179 1974 2306 2034 nisi
2354 1975 2582 2034 Jesum
2627 1972 2960 2033 Christum
3007 1969 3342 2034 intellexit

98 2071 548 2153 TheOpbylactus
571 2072 638 2134 in
663 2071 1142 2134 Commentario
1160 2071 1236 2131 ad
1253 2069 1611 2144 Michteam,
1629 2079 1699 2131 ut
1725 2070 1790 2132 in
1815 2072 2043 2133 codice
2066 2069 2867 2133 Bavarico-Monachiensi
2895 2069 3210 2130 habetur:
3246 2071 3342 2125 Ἐκ

99 2170 155 2221 n5
177 2172 262 2240 γὰρ
288 2171 568 2226 ἐλεύσεται
600 2172 628 2224 6
662 2169 924 2240 Χριστδς,
954 2167 1012 2229 ὃς
1043 2167 1199 2238 ἄρξει
1227 2165 1324 2220 τοῦ
1345 2167 1587 2239 Ἰσραήλ,
1626 2169 1665 2228 ﬁ

1787 2177 1846 2229 te
1899 2171 2064 2229 enim
2114 2170 2300 2230 exiet:
2339 2167 2676 2241 Christus,
2737 2167 2850 2246 qui
2900 2165 3342 2228 dominabitur

97 2267 255 2331 Israel.
283 2271 512 2334 Caetera
551 2267 916 2350 prophetia;
939 2268 1129 2330 verba
1162 2267 1276 2328 uni
1307 2268 1463 2330 Jesu
1489 2265 1746 2330 Christo
1776 2266 2036 2346 egregie
2066 2266 2336 2345 adaptat-
2356 2265 2680 2342 interpres
2706 2262 3257 2344 TheOphylactus.

1594 2443 1777 2505 XXV.

96 2606 203 2665 Novi
230 2608 598 2668 Testamenti
627 2606 853 2685 codex,
885 2623 1006 2685 quo
1025 2604 1531 2685 Theophylactus
1564 2601 1889 2672 utebatur,
1924 2602 2171 2685 integer
2195 2601 2261 2685 in
2279 2609 2601 2685 postremo
2635 2599 2844 2685 sancti
2878 2597 3088 2685 Marci
3109 2599 3344 2685 capite.

147 2687 368 2749 Mutilus
407 2688 479 2746 in
507 2678 785 2755 Joanne,
808 2678 922 2746 ubi
953 2684 1024 2745 de
1057 2678 1320 2744 muliere
1337 2682 1634 2744 adultera
1663 2685 1906 2759 agitur.
1939 2678 2527 2758 Interpotationum
2562 2680 2879 2757 specimen
2901 2697 2975 2738 ac
3003 2678 3346 2738 lectionum

141 2767 544 2840 genuinarum.
582 2764 886 2840 Quaenam
919 2764 1152 2825 codicis
1185 2766 1416 2826 divisio
1453 2765 1519 2822 in
1551 2763 1765 2840 capita
1808 2763 2206 2839 minoresque
2239 2760 2576 2820 sectiones.

145 2912 248 2974 100.
277 2915 569 2977 ῦτῶοιιη]
604 2914 766 2976 Νονὶ
811 2911 1205 2973 Testamenti
1239 2910 1562 2979 codicem,
1599 2925 1794 2987 quem
1833 2907 1974 2968 suis
2007 2904 2540 2984 TheOphylactus
2583 2903 2952 2965 illustrabat
2988 2907 3342 2967 Commen-

96 3009 236 3082 tariis,
265 3021 589 3087 postremo
623 3009 768 3072 loco
801 3015 1174 3088 expendere
1208 3009 1395 3072 lieeat
1456 3008 1731 3088 ejusque
1773 3013 1987 3064 notam
2025 3003 2347 3064 indicare.
2373 3001 2656 3079 Legebat
2690 3001 2804 3062 ille
2843 3002 2907 3060 in
2946 3010 3134 3063 sexto
3165 3002 3351 3079 deci—

97 3122 158 3165 mo
188 3107 352 3170 Marci
405 3107 625 3182 capite
690 3124 929 3168 comma
983 3125 1220 3166 nonum
1274 3089 1419 3166 cum
1459 3104 1892 3183 sequentibus
1943 3102 2018 3162 ad
2074 3102 2267 3163 ﬁnem
2305 3117 2573 3179 usque:
2631 3117 2702 3160 ac
2735 3116 2807 3160 ea
2854 3115 3010 3162 sane
3052 3100 3344 3176 exponit.

98 3200 381 3265 Sectionem
416 3204 614 3277 hanc,
649 3221 766 3264 seu
805 3203 1073 3281 capituli
1099 3211 1338 3280 partem
1378 3210 1490 3262 aut
1510 3219 1641 3261 non
1669 3201 2018 3279 recipimus
2048 3195 2943 3276 [Lleairba-tHieronymus
2969 3196 3034 3256 in
3073 3197 3352 3274 epistola

99 3300 142 3358 ad
162 3299 532 3383 Hedibiam,)
570 3299 742 3381 quod
771 3300 838 3360 in
868 3301 1067 3361 variis
1097 3301 1313 3380 fertur
1360 3288 2036 3376 evangeliis,omnibus
2064 3297 2326 3359 Gracia?
2354 3295 2541 3359 libris
2571 3315 2730 3374 pene
2767 3314 2897 3356 non
2925 3295 3304 3358 habentibus
3329 3324 3350 3366 ,-

96 3399 370 3471 pmertim
432 3417 582 3459 cum
647 3397 905 3458 diuersa
958 3407 1145 3476 atque
1209 3397 1545 3457 contraria
1599 3396 2004 3472 evangelistis
2064 3396 2309 3456 caeteris
2399 3411 2673 3453 narrare
2725 3393 3047 3454 videatur.
3108 3394 3347 3455 Eadem

99 3497 234 3552 estad
258 3512 397 3556 eum
436 3495 661 3557 locum
692 3491 1506 3573 animadversio‘Gregorii
1538 3492 1824 3572 Nysseni
1858 3492 2155 3556 oratione
2190 3511 2237 3554 ιι
2268 3491 2341 3553 de
2365 3492 2878 3566 Rrsurrectione,
2909 3509 2980 3553 ac
3009 3489 3352 3571 Euthymii

99 3588 376 3668 Zygabeni.

143 3713 310 3774 Satius
336 3714 536 3777 fuerit
565 3733 716 3777 cum
744 3718 990 3802 Joanne
1029 3716 1239 3778 Millio
1271 3711 1580 3779 ad’notare
1613 3736 1630 3777 :
1669 3739 1698 3772 ‹‹
1734 3715 2148 3796 Exemplaria
2175 3733 2336 3778 mss.
2375 3714 2440 3776 nt
2477 3723 2537 3777 et
2570 3715 2909 3776 versiones
2941 3713 3332 3789 universim,

99 3807 337 3876 lrenmum
386 3816 573 3888 item,
616 3816 1038 3876 Ammonium
1074 3817 1142 3876 in
1203 3816 1649 3877 Monotessaro
1696 3813 2064 3893 (Tatianum
2110 3816 2172 3876 in
2220 3832 2339 3876 sua
2377 3813 2791 3893 Harmonia),
2851 3813 3237 3888 Eusebium,
3285 3823 3356 3875 ut

99 3919 288 3983 apparet
315 3930 390 3975 ex
433 3912 716 3974 Tabulis
747 3912 1110 3986 Canonum,
1164 3912 1621 3984 Athanasium,
1671 3913 2147 3987 Augustinum,
2184 3911 2774 3989 'l‘heOphylactum,
2811 3911 3174 3988 capitulum
3227 3912 3351 3974 hoc

99 4017 411 4079 agnoscere:
448 4020 522 4072 ut
561 4010 644 4070 de
680 4007 942 4080 αὐθεντίᾳ
973 4008 1155 4070 illius
1193 4027 1319 4071 non
1388 4011 1473 4070 sit
1531 4009 1704 4088 quod
1745 4009 2147 4072 dubitemus.
2185 4009 2547 4071 Praesertim
2599 4027 2746 4069 cum
2783 4010 2973 4082 ratio,
3024 4009 3108 4072 ob
3158 4026 3353 4089 quam

101 4102 432 4168 omitteretur
461 4106 657 4181 olim,
683 4104 934 4167 scilicet
964 4106 1131 4184 quod
1159 4106 1414 4168 diversa
1441 4116 1627 4185 atque
1659 4109 1989 4168 contraria
2021 4105 2426 4186 evangelistis
2448 4108 2692 4169 cceteris
2723 4126 3000 4168 narrare
3034 4106 3353 4182 videatur,

98 4201 293 4265 Omnino
321 4203 501 4266 nulla
527 4206 733 4278 sit,ut
764 4203 1772 4266 ostenduntcommentatoresin
1808 4203 2047 4266 locum.
2097 4227 2125 4261 »
2163 4209 2600 4284 Apparentem
2633 4204 2804 4266 tollit
2841 4206 2978 4284 ipse
3012 4203 3362 4285 Theoiihy-

98 4290 238 4360 lactus
262 4301 670 4382 autilogiam.
711 4304 1050 4364 Mattlweus
1082 4302 1292 4380 capite
1323 4321 1549 4375 xxvm,
1585 4323 1643 4365 v.
1679 4302 1736 4373 1,
1778 4302 1874 4363 sic
1908 4305 1995 4364 ait
2037 4321 2050 4362 :
2120 4305 2382 4383 Vespere
2427 4315 2640 4363 autem
2684 4303 2971 4375 Sabbati,
3014 4322 3148 4382 quae
3197 4303 3360 4363 luce-

98 4393 172 4453 κίε
194 4397 478 4477 inprima
509 4399 780 4462 Sabbati
813 4448 827 4462 .
869 4445 884 4462 .
927 4448 941 4462 .
977 4402 1274 4462 surrexit
1310 4402 1633 4462 Christus.
1666 4401 1870 4462 Marci
1910 4420 2065 4463 vero
2108 4402 2299 4463 verba
2333 4409 2484 4462 sunt
2523 4423 2536 4462 :
2587 4401 2869 4479 Surgens
2914 4412 3127 4461 autem
3171 4420 3353 4461 mane

99 4493 246 4561 Prima
269 4497 551 4560 Subbati.
587 4499 1209 4576 Interpretationem
1245 4499 1719 4578 TheOphylacti
1760 4500 1981 4576 accipe
2017 4522 2036 4560 :
2085 4525 2111 4555 α
2151 4503 2307 4562 Cum
2353 4500 2745 4559 surrexisset
2777 4500 2989 4558 Jesus.
3034 4501 3172 4560 Hoc
3215 4499 3358 4561 loco

104 4599 562 4673 tunctumpone.
602 4595 858 4657 Deinde
894 4596 1002 4656 dic
1037 4618 1052 4656 :
1094 4596 1282 4656 Mane
1325 4599 1540 4674 prima
1580 4596 1846 4658 Sabbati
1880 4599 2192 4677 apparuit
2244 4599 2477 4658 Maria:
2522 4597 2942 4676 Magdalence.
2996 4599 3134 4659 Non
3191 4597 3363 4660 enim

100 4692 311 4751 mrrexit
339 4711 546 4754 mane.
579 4693 744 4765 Quis
780 4693 956 4754 enim
992 4695 1176 4764 vidit,
1221 4694 1487 4771 quando
1521 4696 1872 4756 surrexit?
1906 4697 2028 4755 Sed
2066 4697 2374 4773 apparuit
2406 4713 2610 4768 mane,
2645 4695 2979 4755 Dominica
3012 4694 3152 4769 die,
3219 4711 3371 4773 quin

104 4791 160 4839 ξεί
187 4787 362 4861 prima
413 4791 710 4864 Sabbati,
772 4790 892 4853 hoc
923 4799 1019 4852 est
1064 4791 1512 4853 hebdomadis.
1562 4814 1590 4847 »
1634 4793 2089 4872 Augustinum
2149 4792 2512 4854 Calmetum
2564 4790 2840 4854 consule
2888 4793 2967 4855 de
3028 4790 3186 4854 hora
3236 4809 3367 4872 qua

104 4875 324 4948 Christus
353 4905 388 4949 a
415 4888 706 4950 mortuis
748 4889 1133 4951 resurrexit.

123 5001 256 5098 I101.
291 5005 491 5082 Caput
527 5007 830 5078 Joannis,
877 5008 1048 5084 quod
1085 5017 1385 5071 octavum
1424 5017 1825 5081 numeratur,
1868 5011 1968 5071 his
2001 5010 2260 5072 orditur
2293 5012 2513 5072 verbis
2539 5011 3076 5088 archiepiscopus
3118 5001 3392 5089 Bulga-"

103 5098 717 5182 razResponderunt
737 5113 791 5164 et
813 5104 1190 5170 dixeruntei
1237 5131 1255 5169 :
1301 5111 1467 5174 Num
1511 5119 1563 5170 et
1612 5109 2000 5179 tuGalilwus
2036 5129 2096 5168 es
2133 5111 2161 5168 ?
2207 5111 2512 5169 Scrutare
2539 5121 2594 5170 et
2630 5108 2770 5171 vide
2806 5108 2976 5188 quod
3031 5128 3068 5166 α
3096 5108 3367 5170 Galila’a

103 5199 337 5274 tropheta
365 5223 498 5263 non
530 5205 922 5266 surrexerit.
988 5207 1163 5267 Istud
1200 5225 1444 5268 comma
1482 5216 1578 5268 est
1609 5210 1687 5274 52
1733 5209 1796 5269 in
1837 5207 2113 5286 vulgatis
2150 5209 2360 5286 capite
2399 5209 2704 5284 septimo.
2741 5210 2902 5269 Tum
2939 5211 3109 5286 apud
3151 5209 3365 5284 ipsum

109 5288 598 5376 lheophylactum
630 5302 978 5380 sequitur:
1031 5305 1269 5366 lterum
1307 5308 1511 5383 igitur
1558 5307 1646 5366 eis
1702 5307 1952 5368 locutus
1987 5317 2076 5366 est
2125 5309 2314 5368 Jesus
2345 5329 2362 5365 :
2394 5306 2532 5383 Ego
2585 5326 2720 5365 sum
2775 5307 2894 5366 tua:
2937 5305 3183 5366 mundi.
3238 5305 3365 5380 Qui

110 5394 324 5463 sequitur
381 5418 498 5471 me,
565 5415 698 5456 non
744 5398 1096 5462 ambulabit
1152 5404 1218 5463 in
1279 5404 1581 5477 tenebris,
1634 5402 1743 5464 sed
1790 5403 2041 5464 habebit
2076 5405 2282 5464 lumen
2317 5405 2462 5462 cita?
2500 5427 2514 5471 ;
2555 5403 2730 5482 quod
2767 5411 2866 5462 est
2899 5419 3147 5461 comma
3195 5404 3269 5460 1'2
3307 5421 3362 5460 xu

113 5496 268 5552 atavo
310 5498 547 5574 capite.
616 5497 838 5574 Itaque
888 5499 1028 5577 ejus
1078 5503 1139 5560 in
1198 5504 1423 5564 codice
1491 5503 1783 5564 defuisse
1849 5500 2103 5561 videtur
2155 5518 2402 5561 comma
2457 5501 2533 5560 53
2596 5516 2728 5577 quo
2784 5501 3137 5576 septiumm
3178 5511 3364 5572 Ultimi.

115 5587 361 5653 tiauditur
395 5612 406 5651 :
453 5595 539 5653 Et
581 5594 824 5652 reuersi
854 5607 1000 5656 sunt
1039 5601 1464 5678 intust/iusque
1502 5603 1567 5660 in
1616 5601 1867 5660 domum
1899 5620 2097 5660 suam.
2137 5602 2390 5677 Integra
2433 5615 2602 5665 vero,
2643 5615 2789 5675 quae
2834 5597 3073 5674 legitur
3125 5596 3364 5655 ibidem

116 5697 153 5738 ﬁt
183 5686 462 5767 Vulgatis,
507 5692 812 5753 Mulieris
846 5696 1149 5756 adulteria
1185 5696 1452 5760 historia
1478 5699 1970 5761 desiderabatur
2013 5720 2026 5757 :
2065 5705 2124 5759 et
2179 5699 2338 5758 hanc
2372 5714 2495 5757 suo
2538 5713 2669 5757 non
2723 5697 2993 5773 eXponit
3031 5710 3368 5755 commcn-

118 5780 223 5841 (ἐῖὶο
253 5786 590 5867 Bulgarus.

168 5875 262 5942 Hac
308 5885 381 5948 de
417 5905 485 5950 re
528 5889 655 5950 lato
707 5905 822 5967 pro
866 5889 1180 5970 dignitate
1219 5911 1520 5957 sermone
1557 5902 1756 5974 agunt
1793 5913 1986 5958 sat-rae
2021 5894 2368 5974 Scriptum
2417 5893 2806 5967 interpretes
2845 5899 2903 5954 et
2944 5890 3148 5955 critici
3190 5889 3356 5953 scri-
