3966 6436
605 350 711 436 εει
895 429 942 440 __
1449 301 1686 419 uana.
1723 351 1993 418 mnu:
2031 350 2131 414 ns
2166 347 2458 424 BUBEIS
2494 343 2999 411 DISSERTATIO
3746 335 3856 405 tat

607 477 843 552 ptores.
891 470 1322 550 Quamplures
1372 471 2034 543 ,memoranLGrahcos
2066 467 2351 541 codices,
2398 473 2462 529 et
2513 463 2850 527 versiones
2887 460 3289 524 Armenicam
3322 465 3387 526 et
3418 459 3748 542 Syriacam
3783 460 3856 523 in

607 561 988 648 Polyglottis
1019 568 1494 631 Parisiensibus
1532 577 1596 631 et
1628 554 2179 641 Londinénsibus,
2211 565 2319 628 ubi
2361 569 2672 627 commata
2703 560 2816 624 illa
2847 559 3240 622 omittuntur
3269 578 3290 634 ;
3328 559 3689 638 eademque
3714 573 3852 619 nou

609 673 945 742 exponunt
979 666 1324 743 Origenes,
1359 665 1886 746 Chrysostomus,
1914 668 2184 730 Nonnus
2226 669 2290 726 et
2323 662 2456 726 alii.
2789 705 2796 708 ‹
3134 722 3136 724 .
3679 697 3682 700 ~

684 761 946 824 Mutilos
965 761 1336 843 hujusmodi
1355 763 1610 825 codices
1639 762 1871 837 fuisse,
1894 761 2269 827 mutilumve
2288 759 2573 822 codicem
2601 751 3087 835 TheOphylacti,
3111 769 3228 829 pro
3253 759 3428 815 certo
3456 751 3858 814 habendum.-

606 860 850 922 Partem
885 857 1046 920 hanc
1082 868 1332 936 praestat
1361 859 1584 928 Latina
1614 855 1854 939 vulgati
1908 857 2283 937 interpretis
2310 852 2802 936 versio,quaein
2839 853 3061 915 codice
3086 848 3596 926 Cantabrigensi,
3638 846 3858 910 Millio

605 953 973 1028 adnotante,
1004 962 1395 1030 asservatur,
1429 955 1639 1038 qualis
1668 963 1814 1019 ante
1844 955 2228 1035 Hieronymi
2270 955 2761 1035 castigationem
2789 951 3098 1016 exstabat.
3137 949 3282 1028 Ipse
3314 953 3584 1009 testatur
3621 945 3860 1008 Hiero-

603 1041 848 1129 nymus
899 1050 1066 1114 libro
1132 1071 1180 1113 ιι
1233 1063 1460 1127 contra
1504 1053 1906 1132 Pelagianos,
1955 1069 2136 1117 num.
2184 1051 2284 1127 17,
2321 1053 2392 1116 in
2427 1051 2772 1131 Evangelia
2821 1045 3156 1110 secundum
3197 1047 3506 1126 Joannem
3534 1045 3601 1106 in
3631 1041 3860 1105 multis

602 1143 844 1208 Grecis
879 1155 937 1208 et
985 1147 1236 1210 Latinis
1260 1149 1581 1215 codicibus
1609 1149 1884 1213 inveniri
1907 1147 1982 1210 dc
2008 1148 2299 1212 adultera
2321 1147 2611 1215 muliere.
2660 1145 2896 1228 Hujus
2924 1142 3261 1207 historiam
3294 1142 3434 1203 suis
3467 1139 3535 1202 in
3571 1141 3859 1202 Harmo-

599 1241 729 1302 niis
766 1241 1139 1322 euangelicis
1181 1245 1601 1326 inseruerunt
1629 1246 1964 1320 Tatianus,
2003 1247 2228 1309 seaculi
2274 1245 2575 1320 secundi,
2622 1251 2685 1307 et
2733 1242 3123 1312 Ammonius
3155 1239 3323 1303 tertii
3365 1237 3665 1316 scriptor.
3699 1237 3858 1299 Eam

603 1335 834 1399 habent
887 1339 1096 1402 Latini
1155 1340 1410 1404 codices
1471 1346 1957 1432 omnesh‘quos
1994 1341 2126 1403 viri
2151 1341 2514 1405 doctissimi
2563 1340 2951 1420 inspexere:
3006 1355 3089 1401 ac
3141 1336 3405 1420 plurimi
3450 1333 3863 1432 habenteam

604 1431 806 1497 Grmci
838 1433 1116 1510 codices,
1152 1451 1318 1515 quos
1349 1428 1805 1517 expenderent
1834 1437 2217 1503 Theodorus
2247 1439 2436 1514 Beza,
2460 1436 2796 1502 Bobertus.
2817 1438 3209 1516 Stephanus,
3248 1435 3534 1496 Joannes
3572 1428 3860 1494 Millius.

604 1527 996 1595 Omissionis
1022 1533 1094 1597 in
1132 1533 1467 1614 aliquibus
1494 1551 1756 1599 causam
1784 1535 1992 1614 aperit
2018 1535 2425 1615 Augustinus
2449 1534 2616 1597 libro
2641 1551 2694 1596 Διι
2723 1533 2812 1596 De
2846 1532 3164 1614 conjugiia
3214 1527 3621 1600 adulterinis,
3643 1524 3863 1606 capite

603 1628 662 1688 ’1.
701 1644 718 1685 :
753 1651 782 1686 α
820 1630 1125 1695 Nonnulli
1174 1633 1446 1696 modica
1490 1632 1664 1710 ﬁdei,
1724 1633 2058 1714 inquiens,
2085 1635 2188 1697 vel
2232 1633 2450 1712 potius
2494 1631 2749 1695 inimici
2798 1647 2967 1696 verte
3006 1624 3180 1700 fidei,
3224 1626 3445 1700 credo,
3491 1630 3864 1687 metuentes

600 1725 906 1802 peccandi
950 1725 1405 1805 impunitatem
1450 1731 1604 1810 dare
1637 1730 2027 1794 mulieribus
2063 1730 2203 1794 suis
2238 1728 2405 1794 illud
2437 1728 2614 1809 quod
2648 1727 2728 1793 de
2757 1721 3068 1792 adultera)
3098 1722 3506 1803 indulgentia
3536 1720 3864 1784 Dominus

599 1817 774 1893 fecit,
807 1821 1132 1886 auferrent
1164 1824 1245 1889 de
1277 1812 1614 1901 codicibus
1645 1831 1814 1892 suis.
1854 1850 1884 1886 s

681 1917 830 1979 Alia
858 1926 952 1981 est
987 1920 1182 1983 Millii
1220 1923 1590 2003 conjectura
1619 1947 1640 1989 :
1672 1949 1700 1982 α
1740 1926 2087 1989 Historiam
2115 1924 2304 1998 hanc,
2335 1924 2541 2006 quod,
2601 1930 2674 1988 ut
2712 1923 2992 1992 videtur,
3035 1919 3346 2000 expedire
3378 1933 3506 1981 non
3555 1923 3864 1996 putarent

605 2019 675 2072 ut
705 2030 916 2077 coram
962 2017 1206 2096 populo
1239 2035 1314 2080 ea
1355 2019 1700 2099 legeretur,
1736 2021 1907 2082 obclo
1934 2021 2064 2100 jam
2086 2019 2644 2100 olimjugularunt
2672 2019 2738 2082 in
2771 2019 2957 2081 libris
2982 2018 3334 2096 prtesertim
3362 2017 3672 2096 publicis.
3701 2014 3865 2071 '06s-

602 2107 867 2179 λισμένην
896 2119 1132 2188 autem,
1166 2117 1548 2196 eoqueipso‘
1569 2135 1688 2180 ceu
1712 2127 2101 2197 su5pectam,
2136 2119 2521 2198 praateriisse
2557 2135 2704 2182 mox
2736 2116 3156 2201 librarios,_id
3197 2132 3348 2178 vero
3371 2122 3546 2178 extra
3580 2114 3863 2188 dubium

603 2223 776 2271 esse-
812 2209 1116 2272 arbitror.
1171 2212 1350 2274 Unde
1398 2229 1516 2275 nec
1572 2213 1833 2285 mirum,
1868 2213 1923 2273 si
1973 2212 2252 2277 defuerit
2293 2215 2360 2276 in
2404 2214 2741 2277 codicibus
2784 2212 3118 2293 aliquibus
3153 2215 3346 2275 etiam
3398 2219 3866 2289 antetempora

602 2305 984 2387 Hieronymi
1027 2315 1087 2369 et
1120 2308 1184 2369 in
1219 2309 1701 2371 commentariis
1731 2309 2126 2372 Graecorum.
2181 2313 2261 2372 At
2307 2311 2580 2373 dubium
2619 2326 2746 2372 non
2791 2310 2881 2384 ﬁt,
2923 2310 3084 2389 quin
3123 2308 3480 2387 capitulum
3512 2309 3654 2378 hoc,
3691 2311 3868 2371 Ver-

599 2399 805 2462 sionis
838 2400 1109 2480 vulgatae
1155 2411 1215 2465 et
1266 2404 1730 2483 exemplarium
1784 2404 2376 2470 vetustissimorum
2430 2409 2552 2470 ﬁde
2581 2407 2960 2480 stabilitum,
2995 2406 3164 2468 inter
3202 2405 3404 2468 sancti
3436 2405 3706 2468 Joannis
3736 2424 3859 2487 ge-

600 2499 804 2562 nuina
839 2501 1490 2564 recenseri-debeat.»
1530 2503 1748 2577 Ipsum
1779 2502 1974 2565 latius
2013 2505 2440 2580 disserentem
2465 2504 2768 2580 ’consule,
2803 2510 2865 2567 et
2895 2503 3334 2582 Augustinum
3369 2501 3747 2579 Calmetum,
3799 2510 3869 2565 et

598 2602 858 2664 Petrum
896 2601 1192 2664 Sabatier
1241 2603 1308 2664 in
1347 2619 1466 2664 sua
1495 2603 1699 2664 Veteri
1729 2602 1964 2664 Italica
1999 2605 2313 2665 Versione.
2643 2604 2646 2608 ’

680 2699 817 2760 102.
850 2698 1241 2778 lnterpolata
1272 2715 1344 2761 ac
1375 2696 1592 2761 vitiata
1636 2699 1775 2762 loca
1828 2700 2086 2762 inerant
2115 2697 2342 2762 eodem
2373 2696 2441 2759 in
2480 2697 2727 2772 codice,
2765 2713 2898 2776 quo
2941 2694 3462 2774 Theopbylactus
3501 2694 3810 2758 utebatur
3848 2717 3866 2769 ;

596 2793 984 2875 inerantque
1057 2795 1360 2874 genuinas
1436 2794 1751 2858 lectiones
1796 2839 1815 2870 ,
1891 2812 1926 2857 a
1977 2795 2218 2874 quibus
2295 2795 2534 2858 abeunt
2603 2793 2863 2857 codices
2950 2791 3062 2854 alii
3133 2792 3426 2871 itemque
3501 2792 3862 2855 editiones.

596 2889 961 2971 Utriusque,
1004 2892 1260 2970 generis
1317 2891 1503 2970 plura
1550 2891 1846 2970 exempla
1889 2892 2076 2953 offert
2136 2894 2418 2954 Joannes
2480 2892 2731 2956 Millius
2787 2893 2855 2954 in
2909 2889 3399 2970 Prolegomenis
3463 2890 3539 2953 ad
3597 2891 3862 2952 Novum

601 2989 1078 3049 Testamentum
1116 2990 1406 3052 Graacum
1457 3006 1493 3052 a
1526 3005 1706 3050 num.
1743 2990 1919 3052 1059.
1959 2988 2325 3067 Specimina
2359 2987 2559 3051 aﬂ'ero
2597 2987 2941 3063 nonnulla,
2975 2996 3047 3050 ut
3085 2988 3225 3050 haac
3251 2985 3456 3068 magis
3485 2985 3870 3050 innotescat

599 3080 1096 3145 animadversio.

680 3182 861 3257 [LXI]
895 3182 965 3244 In
1003 3185 1354 3266 Evangelio
1383 3187 1657 3250 Mattbaai
1689 3187 1895 3266 capite
1916 3205 2007 3260 IV,
2046 3205 2104 3249 v.
2136 3187 2238 3262 21s,
2277 3187 2451 3250 inter
2482 3205 2594 3253 eos
2629 3187 2743 3268 qui
2771 3188 2970 3250 variis
3003 3187 3416 3268 languoribus
3452 3187 3662 3250 affecti
3701 3187 3875 3250 male

599 3294 662 3337 se
679 3277 1004 3352 habebant,
1033 3280 1098 3342 in
1128 3283 1425 3345 versione
1461 3285 1706 3362 vulgata
1737 3283 2034 3346 Lunatici
2064 3283 2560 3361 distinguuntur
2586 3284 2665 3344 ab
2688 3284 2768 3344 iis
2802 3284 2918 3364 qui
2948 3282 3251 3348 dwmonia
3282 3284 3613 3348 habebant.
3666 3284 3870 3359 Apud

599 3371 1151 3455 TheOphylactum
1177 3381 1416 3443 mentio
1440 3381 1615 3444 nulla
1651 3391 1760 3444 τῶν
1784 3391 2165 3464 δαιμονιζομέν

2293 3380 2406 3442 sed
2441 3397 2555 3459 pro
2588 3379 3018 3460 hisintelligit
3048 3381 3188 3460 ipse
3205 3382 3470 3444 eosdem
3503 3369 3856 3445 lunaticos.

599 3470 1048 3534 Commentarii
1071 3476 1260 3537 verba
1285 3484 1465 3540 sunt:
1491 3477 1833 3541 Lunaticos
1859 3489 2065 3540 autem
2087 3477 2246 3541 dicit
2273 3478 2708 3554 daamoniacos,
2733 3486 2852 3541 etc.
2885 3481 3111 3557 Marci,
3136 3483 3342 3560 capite
3365 3500 3410 3555 ι,
3448 3499 3509 3543 v.
3536 3481 3639 3554 29,
3673 3488 3874 3554 Ἐξελ-

600 3576 709 3632 θὼν
732 3574 916 3648 ἦλθεν,
948 3572 1264 3649 egrediens
1293 3576 1484 3650 venit,
1522 3592 1634 3654 pro
1673 3585 1985 3650 ἐξελθόντες
2017 3583 2166 3657 ἦλθοκ

2302 3574 2624 3638 iredicntes
2647 3587 2977 3649 venerunt,
3009 3577 3316 3640 Proxime
3349 3578 3619 3658 quidem
3644 3577 3868 3640 solius

600 3666 831 3728 Christi
885 3666 1124 3729 mentio
1157 3675 1292 3730 est:
1328 3671 1440 3733 sed
1468 3674 1813 3753 respicitur
1861 3675 1938 3737 ad
1971 3676 2311 3752 superiora
2341 3693 2397 3734 v.
2432 3674 2534 3746 2t,
2583 3673 2695 3735 ubi
2739 3675 2817 3734 de
2848 3673 3196 3753 discipulis
3229 3675 3559 3755 simulque
3607 3674 3876 3739 Christo

598 3763 831 3881 agitpr.
864 3766 1048 3826 Lucae
1077 3766 1282 3841 capite
1310 3787 1355 3842 ι,
1403 3788 1464 3832 v.
1500 3772 1614 3844 73,
1653 3771 2220 3881 6pxou,juramenti
2267 3785 2402 3844 pro,
2430 3770 3094 3849 5pxov,juramcntnm;
3131 3770 3292 3833 illud
3337 3779 3553 3834 autem
3583 3789 3617 3833 a
3647 3771 3877 3835 Theo-

598 3859 896 3939 phylacto
935 3871 1318 3942 usurpatum
1355 3874 1700 3948 syntaxeos
1725 3859 1946 3948 gratia.
1989 3872 2063 3930 Et
2088 3886 2152 3930 ca

2320 3885 2432 3938 xu,
2462 3885 2520 3929 ν.
2549 3867 2651 3940 23,
2679 3876 2888 3942 πλεῖον,
2921 3868 3148 3949 major,
3181 3867 3265 3930 ob
3294 3870 3663 3946 praecedens
3704 3881 3873 3953 ψυχὴ

599 3970 717 4035 pro
766 3975 919 4021 voce
963 3972 1170 4038 πλεῖον,
1201 3963 1370 4043 plus.
1397 3966 1664 4028 Joannis
1703 3967 1908 4043 capite
1941 3985 1986 4035 ι,
2020 3984 2081 4026 ν.
2132 3966 2165 4025 ιι

2304 3972 2523 4042 πρῶτον,
2574 3965 2874 4042 primum,
2918 3981 3065 4026 cum
3118 3974 3362 4046 πρῶτος,
3398 3968 3673 4044 primus,
3727 3968 3870 4050 legi

600 4053 847 4119 debeat.
904 4062 971 4121 Et
1001 4065 1205 4131 capite
1239 4083 1303 4135 x,
1345 4083 1398 4124 v.
1454 4065 1556 4136 33,
1617 4073 1697 4124 ὅτι
1729 4070 1818 4131 σύ,
1854 4063 2095 4124 omisso
2141 4089 2166 4124 κ

2300 4076 2353 4128 et
2388 4064 2538 4141 quia
2583 4073 2674 4122 tu.
2714 4063 2785 4122 Et
2837 4062 3045 4140 capite
3074 4081 3162 4134 xx,
3205 4082 3263 4125 ν.
3303 4065 3403 4138 12,
3485 4070 3653 4128 εἶπον
3688 4070 3866 4133 οὖν...

601 4155 1092 4231 αὑτῷ,ι1ἰωεναηι
1122 4179 1264 4240 ergo
1294 4161 1715 4240 discipulici;
1751 4160 1858 4221 ubi
1892 4171 2039 4240 αὐτῷ
2072 4165 2167 4243 allj

2336 4165 2466 4222 ium
2493 4167 2612 4222 est.
2653 4158 2831 4219 Paria
2869 4167 3024 4220 sunt
3055 4159 3334 4235 plurima
3359 4160 3426 4222 in
3458 4156 3895 4242 Evangeliis,‘

600 4249 668 4310 in
705 4253 874 4314 Actis
911 4260 1378 4332 apostolorum,
1418 4261 1486 4321 in
1525 4259 1831 4336 Epistolis
1866 4261 2067 4333 Pauli,
2107 4273 2166 4324 et
2219 4258 2570 4326 Catholicis
2603 4257 2774 4334 apud
2807 4255 3122 4318 Millium.

675 4342 798 4402 Sed
827 4363 936 4407 nec
970 4366 1200 4426 parum
1255 4352 1848 4430 lectionum,inquit
1903 4351 2015 4415 ille
2059 4354 2196 4417 loco
2239 4359 2455 4431 citato,
2519 4356 2586 4416 in
2651 4355 3107 4433 Theophylacti
3168 4357 3380 4421 codice
3440 4359 3876 4439 genuinarum

598 4443 899 4504 occurrit.
937 4448 1169 4508 Paucas
1194 4465 1314 4525 ego
1349 4449 1570 4511 affero.
1608 4449 1887 4512 Matthtei
1918 4452 2122 4526 capite
2174 4470 2353 4522 XXIV,
2392 4469 2452 4512 v.
2481 4449 2543 4518 2,
2591 4449 2659 4509 in
2683 4448 2875 4509 editis
2901 4456 2963 4510 et
3009 4467 3161 4512 mss.
3201 4452 3561 4532 aliquibus,
3613 4463 3690 4516 Οὐ
3724 4462 3857 4532 βλέ-

600 4562 752 4611 πετε,
787 4558 914 4599 ηοη
954 4539 1212 4601 videtis:
1246 4542 1386 4622 sine
1416 4551 1476 4602 οὐ
1500 4543 1668 4618 apud
1703 4542 2166 4619 Theophylactt

2354 4547 2500 4607 [arci
2537 4545 2741 4621 capite
2770 4563 2841 4616 I,-
2871 4564 2930 4606 ν.
2996 4549 3098 4616 38,
3138 4560 3237 4623 Εἰς
3272 4529 3432 4614 τέῦτο
3463 4562 3572 4630 γὰρ
3602 4529 3870 4629 ἐλήλυθα,
3915 4533 3920 4543 Α

598 4635 678 4695 ad
708 4639 820 4698 hoc
852 4639 1007 4696 enim
1038 4656 1175 4696 rem
1203 4660 1221 4698 ε
1256 4656 1383 4703 non
1406 4638 1719 4707 ἐξελήλυθα,
1753 4640 1905 4698 exii.
1936 4641 2164 4700 Joanni

2309 4640 2433 4717 pite
2461 4656 2633 4709 vn,v.
2681 4637 2912 4711 21,22,
2942 4645 3039 4697 'Ev
3069 4644 3231 4714 ἔργον
3255 4647 3510 4715 ἐποίησα,
3539 4647 3634 4699 καὶ
3659 4647 3875 4713 πάντες

599 4743 909 4813 Θαυμάζετε
933 4743 1020 4796 διὰ
1050 4743 1224 4798 τοῦτο.
1253 4744 1480 4811 Μωσῆς,
1517 4759 1575 4796 κ.
1737 4735 1945 4794 Unum
1983 4752 2145 4812 opus

2302 4743 2644 4810 ,etomnes
2669 4734 2986 4798 miramini
3014 4744 3279 4812 propter
3297 4734 3868 4813 hoc.Moyses,etc.

600 4834 686 4893 lla
718 4833 963 4893 scilicet
999 4834 1398 4911 interpunxit
1427 4831 1972 4909 Theopbylactus,
2010 4837 2427 4914 genuinaque
2463 4851 2592 4897 non
2628 4833 2851 4913 paucis
2887 4833 3077 4895 lectio
3121 4831 3400 4894 videtur.
3457 4832 3770 4914 Reliquas
3789 4833 3870 4901 id

530 4947 556 5004 ο
597 4942 803 5004 genus
846 4927 1156 4988 lectiones
1235 4926 1379 4986 vide
1425 4927 1593 5003 apud
1629 4925 1938 4987 Millium.

681 5024 890 5085 Satius
953 5024 1137 5084 nobis
1224 5023 1420 5083 fuerit
1472 5022 1818 5083 nonnullas
1883 5024 2176 5086 attulisse
2230 5024 2573 5101 utriusque
2635 5021 2885 5093 classis,
2935 5027 3006 5083 ut
3064 5020 3253 5083 novis
3314 5021 3376 5084 in
3431 5021 3872 5098 editionibus,

599 5138 744 5198 quae
802 5131 1206 5193 accurantnr,
1259 5121 1381 5181 sibi
1413 5121 1503 5181 fas
1532 5137 1659 5182 non
1708 5139 1852 5183 esse
1880 5123 2245 5200 intelligant
2270 5121 2582 5191 editores,
2618 5118 2718 5180 vel
2760 5134 2871 5195 pro
2907 5119 3102 5198 genio
3152 5117 3547 5180 mutationes
3580 5119 3646 5180 in
3676 5120 3868 5181 Grie-

603 5236 746 5278 cum
789 5227 1028 5280 textum
1084 5220 1414 5290 invehere,
1461 5227 1570 5280 aut
1609 5221 1843 5295 passim
1879 5229 1938 5280 et
1968 5218 2532 5282 indiscriminatim
2570 5218 2633 5276 in
2665 5217 2881 5277 Latina
2935 5217 3238 5278 versione
3269 5217 3670 5278 substituere
3703 5219 3878 5279 Vul-

603 5323 831 5390 gatam.
876 5317 1245 5393 Exemplum
1299 5317 1479 5377 affert
1512 5316 1841 5377 Simonius
1867 5317 2008 5380 loco
2036 5319 2270 5394 smpius
2300 5319 2490 5377 citato
2517 5332 2591 5374 ex
2617 5314 2902 5386 Epistola
2936 5313 3114 5373 Pauli
3159 5315 3234 5373 ad
3295 5314 3616 5389 Ephesios
3651 5315 3879 5391 capite

602 5431 684 5484 ιν,
713 5413 1012 5482 v.19,ubi
1038 5417 1290 5475 (irrecus
1324 5423 1531 5475 textus
1564 5417 1730 5492 apud
1766 5416 2168 5493 Theophylat

2337 5414 2429 5474 sic
2485 5414 2709 5473 habet:
2747 5424 2963 5484 Οἵτινες
2996 5421 3418 5490 ἀπηλγηκότες,
3462 5411 3880 5477 ἰηάοΙθηιεε·;

601 5511 793 5571 svdin
819 5515 1115 5572 versione
1145 5513 1421 5589 Philippi
1449 5511 1728 5572 Montani
1762 5514 1997 5590 legitur
2028 5531 2171 5573 cum
2211 5513 2494 5590 Vulgata,
2535 5514 2968 5591 desperantes,
3012 5514 3226 5574 Graece
3263 5519 3679 5588 ἀπηλπηκότες.
3733 5509 3884 5573 Hac

602 5606 680 5666 dc
706 5625 768 5666 re
803 5609 898 5668 vel
929 5608 1065 5686 ipse
1083 5608 1594 5687 Hieronymusin
1620 5610 2093 5672 Commentario
2123 5612 2491 5674 adnotatum
2521 5616 2826 5692 reliquit:
2867 5615 3087 5687 «Quod
3121 5623 3334 5675 autem
3367 5611 3478 5683 ait,
3511 5611 3618 5690 qui
3643 5609 3885 5685 despc—

605 5715 814 5762 runlcs
869 5709 1256 5783 semetipsos,
1315 5709 1377 5768 id
1421 5721 1538 5779 est,
1574 5719 1959 5788 ἀπηλγηκότες
1993 5721 2171 5773 ἐπ’.)τοί

2321 5710 2488 5772 nullo
2527 5712 2703 5774 aliud
2740 5714 2803 5774 in
2885 5713 3106 5772 Grceco
3166 5708 3508 5788 significat,
3572 5722 3768 5783 quam
3809 5707 3887 5770 in

602 5803 852 5866 latino.
921 5803 1329 5881 Desperanlcs
1379 5810 1646 5888 quippe,
1698 5818 2087 5889 ἀπηλπηκάτες
2140 5829 2168 5872 Η

2328 5818 2599 5869 nantnr:
2662 5816 3048 5877 ἄντνλγηκότες
3106 5816 3319 5870 autent
3392 5806 3455 5865 lll
3517 5810 3692 5875 sunt,
3750 5806 3881 5884 qui
