3966 6444
118 368 191 434 is
957 368 1057 430 na
1084 360 1681 428 THEOPHYLACTI
1720 363 2000 428 casus
2035 366 2137 428 ET
2168 362 2549 433 sceleris.
3152 390 3156 395 -
3268 361 3403 451 iss

114 489 424 563 postquam
468 482 911 562 peccaverint,
945 501 1076 544 non
1130 479 1386 552 dolent,
1422 478 1539 558 qui
1604 494 2015 558 nequaquam
2052 483 2417 546 sentientes
2451 486 2710 561 ruinam
2745 487 2959 563 suam,
2990 489 3299 553 feruntur
3331 490 3401 552 in

111 582 401 659 pronum;
440 587 510 641 et
575 588 887 661 tanquam
947 580 1169 642 bestiae
1220 576 1465 639 ferrum
1505 575 1806 636 videntes
1838 573 1903 634 in
1945 582 2223 637 mortem
2262 586 2459 638 ruunt
2494 625 2508 639 .
2543 625 2558 640 .
2596 620 2611 634 .
2646 581 3107 657 Exprimamus
3148 581 3214 643 si
3246 596 3403 659 pos-

108 676 279 737 simus
312 678 612 740 verbum
652 680 731 741 de
768 677 992 750 verbo,
1027 684 1086 737 et
1120 674 1417 739 dicamus
1437 677 1847 753 ἁπηλγηκότες,
1874 670 2136 733 indolen
2152 662 2283 747 tes,
2316 692 2434 736 seu
2468 674 2892 753 indolorioa.»
2928 676 3400 757 Theophylat-ti

108 773 701 851 interpretationem
734 772 857 835 ‘sic
896 772 1110 835 Latine
1171 773 1384 835 reddit
1435 773 1835 834 Montanus:
1895 769 2329 846 Desperanter
2361 772 2549 846 enim,
2608 775 2841 855 inquit,
2873 776 2987 838 hoc
3017 784 3112 836 est
3170 793 3394 855 segnes

104 871 247 950 loeti,
294 870 613 934 nolente:
639 872 961 944 laborare,
993 879 1065 931 ut
1096 869 1425 932 inveniant
1458 868 1715 938 bonum.
1754 867 1869 928 Ubi
1902 868 2047 928 sine
2085 867 2300 931 dubio
2328 886 2574 931 .vocem
2600 878 2998 949 ἀπηλγηκότες
3024 873 3396 937 declarabat

105 966 650 1047 The0phylactus,
686 985 812 1036 non
845 977 1263 1049 ἀπηλπικότες.
1300 966 1508 1028 Verba
1566 980 1671 1026 sut

1847 964 1930 1023 im
1963 963 2110 1043 ejus
2138 985 2169 1026 τ
2186 974 2577 1047 ἀπηλγηκότες
2593 977 2725 1050 γὰρ,
2743 978 2903 1048 φησὶ,
2923 978 3175 1034 τουτέστι
3198 966 3399 1053 κατιρ-

103 1070 505 1144 iﬂhmxoug,
530 1066 653 1128 hoc
700 1078 794 1130 est
823 1064 1091 1138 desides,
1110 1066 1378 1137 inertes,
1414 1061 1669 1142 neglige

448 1091 505 1139 ;,~
530 1066 653 1128 hoc
700 1078 794 1130 est
823 1064 1091 1138 desides,
1110 1066 1378 1137 inertes,
1414 1061 1805 1142 negligentes
1834 1061 2014 1140 facti.

166 1170 289 1232 t03.
342 1172 421 1233 In
459 1173 670 1237 editis
703 1173 1170 1254 Theorrbylacti
1208 1172 1273 1233 in
1300 1168 1739 1249 evangelistas
1763 1168 2270 1233 Commentariis
2315 1171 2543 1235 eadem
2570 1172 3081 1253 Evangeliorum
3109 1172 3401 1236 occurrit

101 1266 309 1329 divisio
341 1268 417 1330 in
456 1270 709 1350 capita.
757 1289 906 1352 qum
948 1269 1120 1348 apud
1159 1266 1428 1330 Latinos
1463 1264 1798 1343 hodieque
1838 1265 1910 1329 in
1955 1284 2084 1331 usu
2135 1277 2256 1332 est.
2292 1272 2738 1334 Numerantur
2798 1270 3048 1351 quippe
3107 1270 3395 1352 Mattbtei

100 1362 273 1441 capita
302 1364 416 1440 28,
445 1368 660 1429 Marci
695 1350 795 1442 1’6,
829 1369 1019 1430 Lucas
1041 1364 1146 1439 2b,
1183 1372 1245 1427 et
1275 1362 1545 1425 Joannis
1571 1362 1674 1423 21.
1698 1363 1983 1426 Joannes
2017 1366 2250 1428 Croius
2280 1368 2453 1445 apud
2488 1350 3395 1431 Laurentium’Alexandru’m

98 1460 475 1541 Zacagninm
508 1463 581 1525 in
614 1462 995 1545 praefatione
1019 1462 1097 1525 ad
1122 1458 1528 1525 Cotlectanea
1557 1470 2113 1524 monumenton
2131 1472 2415 1527 ceterum
2438 1466 2745 1529 Ecclesia
2772 1462 3007 1529 G‘rwcw
3042 1475 3103 1527 et
3122 1466 3393 1542 Latinae,

98 1575 249 1621 num.
272 1554 450 1633 LV],
494 1561 1139 1633 existimab‘at,hanc
1180 1556 1692 1622 vetustissimam
1724 1560 2335 1638 esse‘divisionem;
2380 1564 2792 1644 putavitque,
2825 1564 3392 1643 I'beophylactum,

96 1656 185 1736 qui
206 1654 559 1721 undecimo
594 1658 969 1725 Christiano
1038 1654 1269 1720 mento
1299 1656 1473 1719 inter
1506 1654 1761 1718 Graeca
1790 1656 2043 1739 ﬂoruit,
2080 1657 2293 1722 eadem
2339 1678 2523 1723 usum
2560 1662 2764 1743 fuisse
2804 1660 2873 1723 in
2907 1659 3117 1740 capita
3160 1660 3391 1724 distri-

100 1755 377 1818 butione.
678 1752 679 1755 “
864 1776 873 1783 ·
978 1774 991 1777 “
1272 1800 1277 1804 η
1320 1754 1323 1757 ’

153 1851 414 1913 Croium
462 1851 718 1915 refellit
747 1852 993 1915 ibidem
1025 1850 1385 1932 Zacagnius
1422 1870 1438 1907 :
1474 1869 1506 1905 α
1538 1848 1731 1923 Sane,
1770 1847 2117 1930 inquiens,
2177 1854 2356 1933 quod
2418 1850 3015 1935 ex‘Theoph‘ylacti
3065 1854 3136 1916 in
3173 1854 3389 1916 Evan-

93 1946 236 2027 gelia
279 1949 799 2013 Commentariis
836 1950 1011 2013 idem
1058 1959 1289 2012 auctor
1330 1947 1646 2027 Opponit,
1695 1948 2087 2025 scriptorum
2149 1950 2453 2014 codicum
2505 1954 2891 2014 auctoritate
2947 1950 3187 2014 falsum
3240 1969 3389 2014 esse

94 2048 520 2112 convincitur.
562 2040 883 2111 Vetustus
917 2049 1092 2111 enim
1131 2043 1604 2125 Theophylacti
1634 2045 1989 2122 Vaticanus
2014 2048 2226 2133 codex
2255 2066 2440 2111 num.
2482 2049 2625 2124 6&5,
2656 2052 2883 2112 eadem
2920 2069 3067 2132 quae
3109 2050 3393 2113 Alexan-

95 2145 302 2227 drinus
342 2153 412 2208 et
469 2146 694 2209 caeteri
727 2146 1231 2225 Evangeliorum
1289 2144 1496 2207 Graeci
1548 2142 1829 2215 codices,
1868 2144 2060 2207 habet
2100 2147 2405 2227 capitula.
2444 2139 2474 2206 in
2523 2150 2966 2212 Numerantur
3016 2140 3270 2211 scilicet
3317 2149 3386 2211 in
3447 2159 3450 2161 ‘

95 2243 372 2306 Hatthmo
408 2242 522 2314 (11'.
557 2244 661 2313 68,
698 2244 762 2305 in
798 2246 1013 2306 Marco
1058 2250 1170 2316 μη’.
1202 2242 1304 2313 ιι8,
1345 2241 1413 2303 in
1446 2242 1617 2303 Luca
1648 2255 1661 2293 τ

1821 2242 1900 2316 l3,
1935 2241 2003 2305 in
2036 2240 2412 2316 Joanne'm'.
2466 2244 2565 2307 18.
2604 2266 2633 2301 α
2682 2244 2859 2306 Idem
2895 2246 2958 2306 in
2992 2244 3125 2307 alio
3155 2246 3387 2308 codice

95 2356 250 2404 nam.
288 2343 454 2404 1221
489 2342 794 2421 ejusdem
827 2341 1238 2404 bibliotheca!
1273 2340 1681 2413 observatur,
1710 2342 2034 2419 scripto...
2068 2340 2170 2402 die
2224 2340 2261 2404 3
2302 2340 2554 2422 Aprilis
2611 2344 2769 2403 anni
2820 2343 2997 2416 11515,
3037 2341 3390 2405 indictione

93 2440 348 2502 secunda
424 2445 512 2503 At
546 2442 617 2503 in
648 2442 871 2505 codice
907 2458 1089 2504 num.
1122 2440 1264 2511 61th,
1296 2456 1431 2503 non
1462 2439 1832 2503 Graecorum
1870 2438 2183 2517 capitula,
2217 2438 2331 2503 sed
2369 2440 2647 2513 numeri,
2679 2438 2800 2518 qui
2840 2439 3214 2502 Canonibua
3250 2440 3390 2501 Eu-

92 2536 347 2600 sebiani:
400 2537 813 2614 inserviunt,
868 2540 943 2602 ad
980 2536 1241 2618 singula
1271 2536 1777 2615 Evangeliorum
1817 2537 1953 2597 loca
1988 2551 2020 2593 a
2064 2533 2556 2615 Theophylacto
2603 2536 2926 2612 exposita,
2970 2537 3039 2599 in
3095 2538 3388 2616 margine

91 2644 591 2712 apponuntur...
624 2636 717 2698 Ex
756 2634 1003 2716 quibus
1057 2634 1365 2697 omnibus
1402 2634 1714 2713 colligere
1752 2633 1923 2704 licet,
1961 2629 2558 2710 Theophylactum,
2601 2633 2978 2713 Evangelia,
3006 2653 3139 2695 non
3188 2636 3389 2697 inter-

91 2740 261 2811 rupta
293 2741 529 2795 textus
563 2734 754 2805 serie,
777 2732 1167 2813 exposuisse
1203 2753 1218 2792 :
1253 2730 1600 2792 divisiones
1636 2746 1813 2805 vero,
1846 2746 1993 2809 quae
2035 2747 2183 2791 cum
2219 2728 2467 2791 eisdem
2507 2731 2994 2793 commentariis
3037 2731 3382 2815 habentur,

89 2846 115 2889 ε
144 2828 462 2907 librariis,
506 2838 581 2893 ut
616 2828 933 2891 lectorum
970 2828 1412 2892 commoditati
1462 2827 1909 2897 consulerent.
1943 2826 2222 2910 adjectae
2260 2827 2494 2907 fuisse;
2547 2827 2838 2907 denique
2887 2829 3170 2908 Vulgata?
3210 2830 3386 2891 Lati-

90 2944 294 2988 norum
321 2925 641 2989 editioni:
674 2926 961 3006 capitula
996 2924 1062 2987 in
1104 2924 1357 2999 codice,
1390 2924 1506 3004 qui
1536 2923 2010 3006 TbeOpbylacti
2043 2924 2678 2989 Commentariorum
2728 2925 3099 2990 editoribus
3150 2936 3386 3008 praesto

90 3022 216 3098 fuit,
252 3041 285 3086 a
319 3024 587 3086 recenti
629 3022 854 3103 aliquo
884 3020 1154 3085 librario
1186 3021 1477 3083 adhibita
1517 3038 1689 3085 esse.
1729 3045 1760 3080 ι

152 3124 381 3199 [LXII]
425 3122 587 3184 Haec
627 3118 893 3183 facilius
944 3127 1019 3181 ut
1049 3116 1526 3200 intelligantur,
1562 3119 1857 3183 Waltoni
1910 3121 2176 3185 demum
2210 3120 2384 3183 addo
2437 3120 3005 3199 prmmonitionem
3039 3126 3182 3203 quin
3235 3131 3280 3187 t.
3330 3126 3384 3185 V

91 3219 438 3283 Bibliorum
504 3235 841 3282 sacrorum
879 3217 1187 3281 habetur:
1220 3240 1248 3273 ι
1308 3218 1567 3279 Graecos
1633 3216 2064 3297 Evangelium
2116 3218 2187 3281 in
2219 3226 2392 3280 certa
2443 3231 2747 3300 κεφάλαια,
2788 3222 2856 3283 id
2885 3228 2983 3284 est
3015 3222 3229 3299 capita
3274 3220 3383 3282 di-

91 3320 421 3392 stinxisse;
458 3317 611 3397 ipsa
658 3332 813 3380 vero
858 3316 1067 3396 capita
1104 3316 1174 3379 in
1213 3325 1549 3396 περικοπάς,
1581 3330 1703 3375 seu
1740 3313 1995 3374 minora
2022 3317 2561 3397 aegmenta,quasi
2604 3318 2672 3379 in
2732 3315 2962 3397 plures
3031 3313 3382 3392 particulas

91 3418 438 3482 subdivisa.
484 3419 780 3481 Minores
838 3416 1218 3497 hujusmocli
1287 3417 1614 3481 sectiones
1642 3414 1939 3477 fecerunt
1989 3408 2117 3489 ipsi
2151 3411 2219 3473 in
2275 3412 2509 3475 Sancto
2542 3414 2858 3477 Matthao
2927 3419 3061 3487 τνεν,
3095 3411 3258 3486 355ς
3314 3413 3382 3475 in

90 3515 287 3578 Marco
323 3524 486 3592 σλς’,
519 3516 675 3590 236;
712 3516 781 3578 in
807 3514 983 3577 Luca
1008 3516 1158 3595 τμβ’,
1212 3514 1370 3588 311-2;
1402 3515 1467 3577 in
1495 3516 1656 3577 Sane

1817 3510 2022 3569 'oanne
2070 3516 2213 3589 σλβ’,
2265 3509 2412 3573 232.
2445 3513 2639 3573 Juxta
2671 3512 2999 3573 sectiones
3039 3510 3190 3571 istas
3256 3508 3383 3570 mi-

90 3630 254 3677 nores
291 3612 659 3686 Eusebius,
695 3613 1109 3676 Cmsariensis
1142 3612 1514 3691 OpiSCOleS,
1546 3625 1816 3672 canones
1838 3623 1875 3668 x
1912 3603 1995 3667 ad
2026 3605 2515 3670 concordantias
2578 3608 3090 3687 Evangeliorum
3126 3604 3384 3668 facilius

90 3710 543 3785 inveniendas,
594 3707 915 3773 confecit:
972 3726 1253 3789 quorum
1305 3725 1429 3788 Ope
1463 3707 1624 3783 loca,
1686 3708 1754 3767 in
1817 3702 2063 3781 quibus
2106 3703 2263 3778 duo,
2323 3713 2453 3766 tres
2518 3705 2620 3768 vel
2686 3715 2973 3785 quatuor
3038 3700 3380 3781 evangeli-

88 3812 340 3877 stamm,
411 3819 555 3864 rem
596 3802 893 3864 eamdem
943 3807 1311 3873 tractantes,
1342 3800 1516 3863 inter
1565 3817 1635 3862 se
1678 3801 2113 3873 concordant:
2174 3800 2273 3862 vel
2312 3801 2423 3863 ubi
2457 3801 2703 3882 aliquis
2736 3806 3031 3881 ipsorum
3079 3800 3384 3881 quaedam

88 3900 279 3975 habet,
346 3918 506 3978 quae
564 3915 698 3961 non
756 3904 911 3960 sunt
956 3899 1023 3960 in
1114 3898 1419 3977 reliquis,
1471 3898 1654 3960 nullo
1710 3897 1973 3977 negotio
2007 3898 2453 3961 inveniantur.
2486 3900 2562 3963 V.
2601 3918 2673 3979 g.
2712 3900 2994 3963 Matthaai
3032 3899 3373 3978 capitem,

87 4015 133 4062 Υ.
167 4001 258 4072 11,
306 4006 465 4073 Ἐγὼ
502 4004 605 4075 μὶν
640 4003 923 4073 βαπτίζω,
958 4012 1065 4073 ego
1104 3993 1352 4076 quidem
1383 3994 1653 4074 ,baptixa

1815 3995 2105 4076 iponitur
2151 3996 2219 4056 in
2254 3997 2544 4076 margine
2575 3998 2712 4060 htec
2742 4005 2895 4059 nota
2963 4008 3040 4070 ιᾶ,
3076 4012 3200 4058 una
3234 4012 3381 4055 cum

86 4092 513 4175 πώεσι-ἱρὴ)
554 4113 569 4150 :
617 4094 797 4173 quod
835 4094 912 4155 ad
972 4111 1269 4153 canonem
1320 4092 1599 4169 primum
1636 4089 1871 4172 (littera
1901 4111 1941 4148 a
1981 4092 2346 4170 subscripta
2384 4093 2766 4175 indicatum)
2802 4093 3113 4155 lectorem
3163 4093 3387 4153 remit-

88 4195 163 4255 tit.
225 4196 296 4256 In
351 4209 496 4273 quo
534 4191 797 4274 (primo)
832 4209 921 4251 ca‘
960 4209 1067 4251 one
1127 4189 1364 4250 litteris
1417 4188 1565 4250 istis
1597 4190 2135 4251 numeralibusni
2173 4189 2491 4264 inventis,
2544 4191 2761 4253 statim
2794 4209 2876 4254 ex
2928 4176 3254 4253 diametro
3314 4190 3382 4252 in

88 4292 285 4353 eadem
353 4289 584 4353 tabula
627 4287 908 4351 exhiberi
952 4306 1020 4347 ur
1058 4288 1195 4350 loca
1232 4288 1299 4349 in
1338 4286 1618 4365 reliquis
1685 4287 2146 4365 evangelistis,
2201 4305 2347 4367 qum
2376 4305 2525 4350 cum
2585 4287 2707 4351 hoc
2768 4283 3192 4352 concordant:
3250 4289 3386 4351 sci-

88 4388 210 4451 lLviet
242 4392 379 4450 sub
417 4388 653 4449 Marco
685 4392 725 4448 δ’
750 4432 766 4459 ,
821 4403 892 4446 su
980 4383 1154 4445 Luca
1187 4390 1242 4457 ι’,
1284 4390 1347 4446 et
1378 4382 1503 4445 sub
1532 4383 1654 4443 Joa

417 4388 653 4449 Marco
685 4392 766 4459 δ’,
821 4403 892 4446 su
980 4383 1154 4445 Luca
1187 4390 1242 4457 ι’,
1284 4390 1347 4446 et
1378 4382 1503 4445 sub
1532 4383 1780 4443 Joanne
1820 4390 1909 4460 ιβ’.
1948 4407 1974 4439 ι)

143 4486 370 4562 Neque
411 4488 635 4542 tamen
702 4496 913 4551 meos,
951 4488 1224 4557 κεφάλαια
1279 4488 1342 4541 et
1404 4489 1709 4557 περικοπαὶ

1818 4498 1907 4540 ,ευ
1936 4481 2495 4558 constantissimo,
2525 4484 2881 4547 adnotante
2942 4484 3238 4547 Simonio
3310 4484 3384 4547 in

86 4579 361 4641 Historia
422 4577 664 4638 critica
704 4577 773 4637 in
803 4576 882 4638 Ν.
927 4577 1021 4650 Τ.,
1067 4585 1240 4640 tomo
1290 4577 1373 4649 1|,
1432 4577 1642 4655 capite
1686 4578 1790 4649 33,
1830 4586 2233 4656 usurpentur
2267 4580 2333 4640 in
2362 4582 2604 4644 Graecis
2670 4582 3052 4645 codicibus:
3089 4582 3388 4662 quando-

88 4680 326 4753 quidem
362 4684 551 4737 τίτλοι
606 4675 677 4736 in
714 4674 1047 4753 aliquibus
1098 4673 1539 4753 appellantur.
1579 4677 1643 4735 in
1680 4675 1835 4737 aliis
1864 4676 2186 4753 capitula;
2231 4686 2293 4739 et
2342 4680 2644 4756 capitula
2705 4698 2854 4759 qum
2898 4682 3225 4760 pericoptr
3272 4687 3385 4743 aut

89 4776 351 4836 minores
385 4771 755 4834 sectiones.
818 4771 965 4832 Haec
1004 4771 1434 4833 addiscuntur
1499 4772 1796 4835 codicum
1844 4772 2283 4851 inspectione.
2316 4776 2563 4836 Verum
2628 4777 2910 4839 occurrit
2942 4777 3137 4838 etiam
3175 4778 3238 4838 in
3273 4776 3379 4837 his

86 4872 269 4935 rarius
330 4872 674 4933 minorum
712 4868 1090 4947 hujusmodi
1143 4869 1500 4930 sectionum
1534 4888 1871 4943 numerus,
1909 4871 2265 4947 praesertim
2309 4871 2374 4933 in
2420 4884 2639 4933 sancto
2672 4874 2923 4948 Marco,
2966 4874 3076 4935 ubi
3146 4874 3386 4951 aliqui-

86 4966 262 5035 busin
287 4966 783 5045 manuscriptis
821 4967 1129 5029 duntaxat
1162 4967 1283 5028 23h
1322 4975 1830 5031 enumerantur:
1868 4971 2043 5049 quod
2083 4969 2231 5031 ideo
2306 4968 2573 5045 factum,
2639 4980 2710 5034 ut
2744 4971 3014 5035 ibidem
3046 4974 3385 5037 Simonius

85 5067 569 5139 animadvertit,
632 5066 789 5142 quia
820 5074 1141 5143 postrema
1163 5063 1499 5127 duodecim
1526 5068 1737 5130 Marci
1765 5076 2074 5129 commata
2102 5069 2167 5129 in
2245 5068 2500 5131 eisdem
2574 5070 3059 5135 desiderantur.
3100 5074 3384 5135 Consule

86 5164 220 5229 dicta
296 5182 496 5227 num.
574 5161 711 5224 100.

146 5263 231 5325 Ad
256 5266 432 5326 Acta
464 5258 915 5341 apostolorum
944 5260 1255 5340 denique,
1293 5270 1352 5323 et
1386 5262 1713 5340 Epistolas
1750 5259 1963 5337 Pauli,
1992 5272 2207 5348 atque.
2246 5267 2603 5330 Canonicas
2672 5271 2849 5348 quod
2909 5270 3163 5343 attinet,
3225 5271 3389 5331 divi-

88 5362 258 5425 :ione:
294 5361 658 5425 invaluere
690 5358 859 5435 apud
894 5359 1170 5435 Graecos,
1206 5378 1368 5439 quas
1400 5346 2171 5439 excogitavitEuthalius.
2211 5366 2397 5426 Hunc
2436 5346 2787 5427 Diaconum
2822 5373 3051 5429 vocant
3077 5366 3388 5447 frequen-

90 5458 193 5519 tius
244 5456 717 5539 bibliographi
748 5472 764 5517 :
798 5456 1151 5518 Sulcensem
1215 5460 1583 5539 episcopum
1669 5463 2053 5540 Zacagnius,
2111 5463 2451 5525 florentem
2489 5482 2662 5526 anno
2726 5466 2869 5535 MSS,
2911 5482 3045 5543 quo
3075 5465 3381 5526 versibus

92 5555 389 5634 Epistolas
428 5557 628 5620 Pauli
663 5556 989 5618 distinxit.
1019 5558 1198 5620 Hanc
1232 5566 1502 5620 secutus
1535 5568 1631 5619 est
1684 5557 2080 5618 divisionem
2111 5562 2537 5621 (Ecumenius
2570 5562 2636 5623 in
2680 5562 2822 5625 suis
2850 5563 3379 5636 Commentariis,

90 5670 207 5730 Quae
236 5658 302 5719 in
354 5655 579 5719 Editis
616 5663 868 5715 servata
895 5650 1019 5715 est.
1086 5655 1265 5717 Hanc
1306 5656 1499 5716 etiam
1537 5663 1799 5716 secutus
1830 5654 2605 5739 fueritTheopby-Iactus,
2669 5662 2781 5741 qui
2845 5672 3069 5740 pestes
3130 5662 3379 5724 ﬂoruit.

92 5747 542 5817 Doctissimum
578 5750 969 5829 Zacagnium
1021 5754 1287 5814 consule
1326 5752 1387 5812 in
1430 5752 1812 5813 Prtefalione
1872 5755 2085 5817 citata.
2120 5758 2189 5817 Et
2226 5757 2358 5819 lucc
2380 5758 2513 5837 jam
2582 5760 2740 5819 satis
2812 5760 2891 5821 de
2927 5760 3089 5821 Piovi
3152 5758 3380 5821 Testa-

96 5852 265 5914 menti
328 5851 570 5916 codice
608 5848 1035 5925 disseruisse,
1095 5850 1433 5929 quoidcm
1468 5849 1998 5929 archiepisconus
2066 5854 2386 5933 Bulgat'iw
2454 5855 2987 5935 Theoliliylactus
3053 5856 3372 5919 utebatur.
