3966 6420
592 390 695 456 197
1419 386 1647 450 BERN.
1692 386 1960 449 MARIE
2003 384 2099 448 DE
2140 383 2428 446 RUBEIS
2467 382 2977 446 DISSERTATIO
3769 373 3874 438 128

2129 561 2340 623 XXVI.

1336 745 1426 806 De
1467 737 1689 806 Veneta
1724 761 1982 824 operum
2028 745 2080 805 Τ
2081 740 2482 820 heophylacti
2519 706 2795 799 omnium
2841 735 3137 797 editione.

682 894 810 956 ιοιι.
861 895 950 956 De
991 893 1234 953 Veneta
1288 907 1558 969 operum
1603 889 1892 951 omnium
1947 886 2262 958 editione,
2297 899 2444 963 qua;
2486 879 2807 958 Bulgarus
2852 879 3386 955 archiepiscopus
3425 871 3646 938 noster
3681 873 3879 937 lucu-

595 995 813 1054 brasse
841 987 1066 1060 fertur,
1102 988 1355 1049 tametsi
1389 1003 1577 1048 curas
1611 987 1686 1046 ad
1721 1000 1894 1046 meas
1931 982 2202 1044 minime
2237 982 2635 1060 pertinente,
2680 978 2994 1039 rationem
3025 975 3310 1055 aliquam
3347 980 3675 1052 postremo
3725 971 3876 1032 loco

594 1101 664 1152 ut
713 1087 920 1147 libens
972 1085 1339 1161 lubensque
1374 1083 1661 1155 reddam,
1700 1078 2196 1142 Dissertationis
2248 1079 2408 1142 ordo
2445 1075 2766 1155 exposcit,
2806 1074 3155 1153 ipsiusque
3189 1070 3507 1134 editionis
3545 1069 3874 1132 conditio.

595 1187 922 1247 Hactenus
975 1181 1162 1260 plura
1199 1178 1650 1245 recensuimus
1701 1176 1843 1255 ejus
1887 1191 2106 1254 Opera,
2167 1192 2314 1254 quae
2377 1173 2760 1253 prodierunt
2817 1171 2884 1232 in
2925 1172 3190 1232 lucem:
3236 1169 3456 1231 Graece
3519 1176 3582 1229 et
3643 1167 3879 1228 Latine

593 1280 859 1360 quidem
895 1277 1403 1340 Commentarios
1435 1277 1504 1335 in
1532 1284 1812 1354 quatuor
1839 1271 2210 1349 Evangelia,
2236 1281 2295 1332 et
2326 1274 2394 1331 in
2421 1270 2583 1332 Acta
2611 1267 3078 1349 apostolorum,
3107 1276 3164 1328 et
3190 1267 3260 1328 in
3284 1264 3616 1345 Epistolas
3647 1264 3878 1360 Pauli,

597 1358 886 1454 itemque
919 1375 1176 1452 Regiam
1209 1371 1712 1443 lnstitutionem,
1734 1387 1805 1431 ac.
1843 1368 2188 1430 Homitiam
2218 1370 2287 1428 in
2316 1368 2755 1430 adarationem
2777 1362 3157 1426 venerandae
3191 1364 3422 1431 crucis,
3450 1369 3511 1422 et
3536 1358 3882 1440 Epistolas

597 1476 812 1536 Graece
849 1471 1564 1550 Lugduni-Batavorum
1601 1484 1672 1529 ac
1709 1467 1933 1527 Latine
1970 1467 2031 1525 in
2065 1464 2488 1526 Bibliothecis
2525 1467 2782 1526 Patrum
2818 1480 2833 1523 :
2882 1463 3109 1524 Latine
3158 1468 3372 1523 autem
3430 1459 3880 1529 solummodo,

603 1568 1110 1628 Commentarios
1144 1569 1210 1626 in
1241 1577 1514 1646 quatuor
1536 1563 1879 1643 propheta:
1910 1563 2212 1637 minores,
2248 1570 2309 1623 et
2336 1561 2684 1624 Homiliam
2715 1561 2784 1621 in
2819 1559 3383 1620 Praesentationem
3411 1555 3688 1634 Virginis
3715 1555 3885 1616 Dei-

603 1682 772 1735 parte
804 1668 870 1724 in
902 1661 1159 1742 templo,
1205 1673 1272 1723 ut
1311 1671 1693 1724 memoratas
1740 1668 2114 1740 praeteream
2156 1656 3130 1738 superioreselucubrationes,
3182 1671 3344 1736 quas
3399 1654 3592 1716 etiam
3648 1655 3884 1715 Latine

602 1768 848 1822 tantum
879 1761 1116 1838 saepius
1151 1757 1409 1837 repetiti
1445 1775 1826 1836 expressere
1859 1755 2022 1835 typi.
2069 1757 2390 1830 Quoniam
2419 1771 2577 1818 vero
2611 1754 2891 1817 diversis
2936 1757 3005 1816 in
3049 1753 3209 1815 locis
3245 1752 3662 1831 diversisque
3697 1750 3884 1831 typis

602 1874 674 1918 ac
702 1857 947 1929 formis,
984 1865 1046 1918 et
1079 1856 1425 1937 sejunctim
1481 1856 1672 1916 etiam
1706 1855 1877 1916 edita
1905 1859 2059 1914 sunt
2092 1853 2226 1914 haec
2255 1870 2472 1930 opera.
2506 1853 2743 1916 alicubi
2774 1852 2962 1932 juxta
3006 1850 3202 1931 primi
3237 1851 3616 1929 interpretis
3653 1856 3884 1910 trans-

610 1957 940 2030 lationem,
972 1955 1160 2034 juxta
1195 1954 1673 2034 recognitionos
1711 1951 2732 2037 posteriorescastigationesque
2767 1950 2961 2024 alibi;
3013 1966 3325 2029 perquam
3369 1946 3633 2010 difﬁcile
3673 1946 3889 2008 mole-

605 2063 912 2130 stumque
954 2052 1281 2130 negotium
1322 2059 1460 2113 erat
1488 2051 2033 2112 bibliothecarum
2087 2047 2590 2110 instructoribus
2649 2046 3033 2126 ueterisque
3090 2047 3207 2124 qui
3259 2045 3464 2107 libros
3531 2041 3886 2121 colligunt,

605 2151 837 2210 eadem
862 2165 1258 2228 comparare,
1311 2149 1461 2209 licet
1514 2164 1690 2220 cusa,
1745 2154 1806 2208 et
1865 2146 2229 2227 possidere.
2263 2146 2413 2206 Haec
2467 2145 2665 2206 simul
2727 2144 2996 2207 collecta
3047 2150 3305 2224 praestat
3350 2142 3571 2204 omnia
3626 2142 3891 2203 Veneta

602 2246 835 2320 editio;
882 2253 944 2308 et
983 2246 1177 2308 hocce
1223 2245 1532 2324 primum,
1578 2261 1790 2324 neque
1830 2242 2183 2318 modicum.
2219 2243 2500 2322 pretium
2532 2241 2699 2320 ejus.

686 2368 972 2430 Pretium
1007 2383 1197 2447 quam
1227 2365 1517 2428 maxime
1551 2373 1790 2443 augent
1838 2380 1966 2426 non
1998 2381 2227 2444 pauca,
2263 2382 2417 2427 sane
2451 2365 2750 2444 prmclara
2798 2371 2857 2426 et
2919 2364 3354 2441 Optatissima,
3399 2361 3884 2443 TheOphylacti

607 2474 1047 2537 monumenta,
1088 2463 1328 2540 scripto
1361 2462 1609 2535 relicta,
1641 2478 1789 2539 qum
1819 2478 1990 2522 nunc
2029 2460 2334 2540 primum,
2368 2469 2479 2523 aut
2509 2464 2725 2522 Graece
2761 2468 2826 2522 et
2870 2461 3111 2532 Latine,
3147 2468 3258 2521 aut
3292 2461 3509 2522 Graece
3548 2457 3780 2520 saltem
3820 2459 3893 2520 in

611 2562 820 2623 lucem
865 2562 1208 2638 prodeunt.
1241 2559 1524 2620 Primum
1559 2563 1677 2625 est,
1715 2557 1891 2636 quod
1930 2556 2065 2634 ipse
2099 2557 2532 2630 concinnavit,
2569 2576 2734 2634 Opus
2777 2559 2843 2619 in
2866 2559 3196 2637 Epistolas
3229 2559 3600 2631 canonicos,
3623 2563 3893 2618 textum

608 2659 1066 2734 suppeditante
1106 2653 1931 2719 Caesareo—Vindobonensi
1967 2654 2212 2715 codice.
2254 2655 2463 2716 Codex
2521 2655 3356 2718 Bavarico—Monachiensis
3407 2672 3573 2733 opus
3606 2657 3895 2719 alterum

609 2754 863 2824 obtulit,
901 2757 1068 2831 quod
1102 2761 1197 2815 est
1237 2755 1482 2831 integra
1515 2752 1582 2812 in
1621 2748 1948 2811 duodecim
1975 2752 2320 2829 prophetas
2369 2749 2646 2808 minores
2678 2749 3054 2827 Expositio,
3107 2750 3422 2828 promissa
3479 2765 3608 2811 non
3641 2752 3883 2820 semel,

611 2851 726 2910 diu
766 2852 1050 2927 exiietita
1086 2849 1287 2909 irritis
1318 2849 1488 2908 votis
1558 2864 1732 2907 nunc
1764 2847 2025 2906 demum
2068 2847 2237 2924 typis
2273 2845 2514 2907 nostris
2547 2863 2810 2917 excusa,
2839 2840 2987 2907 cum
3016 2847 3268 2906 Veneto
3307 2845 3635 2907 Marciano
3657 2847 3896 2908 codice

615 2963 742 3007 non
786 2948 928 3007 sine
961 2946 1404 3008 emolumento
1452 2943 1702 3004 collata.
1755 2942 2006 3018 [LXIII]
2053 2944 2430 3020 Fragmenta
2469 2959 2666 3019 pauca
2705 2943 3013 3019 Epistolis
3043 2941 3124 3001 ad
3156 2941 3488 3004 Nicolaum
3544 2941 3899 3003 diaconum

614 3053 671 3103 et
703 3041 1498 3120 canstrisiumlcgebantur
1528 3041 1695 3101 inter
1720 3040 2027 3100 Demetrii
2063 3040 2466 3112 Chomateni,
2501 3039 2819 3115 Bulgaria)
2846 3040 3349 3117 archiepiscopi,
3393 3038 3900 3119 Responsiones

617 3141 784 3216 apud
816 3139 1274 3202 Leunclavium
1302 3137 1368 3198 in
1402 3139 1560 3199 Jure
1589 3137 2116 3198 Graeco-Romano
2144 3154 2512 3216 :nemoque
2539 3137 2949 3198 eruditorum
2986 3155 3115 3199 non
3144 3137 3569 3200 vehementer
3600 3137 3900 3217 optabat,

617 3243 688 3297 ut
726 3237 970 3314 integra
1001 3234 1243 3297 alicubi
1279 3234 1719 3315 repertajuris
1752 3232 2108 3312 aliquando
2141 3233 2384 3314 publici
2419 3234 2622 3295 ﬁeret.
2657 3234 2838 3295 Votis
2870 3234 3174 3296 omnium”
3203 3236 3357 3295 satis
3399 3237 3465 3296 in
3497 3234 3616 3296 hac
3647 3237 3905 3298 editio-

622 3332 800 3395 tione
859 3335 1100 3395 Veneta
1155 3331 1415 3405 factum,
1481 3348 1626 3411 quae
1694 3329 2052 3410 perfectum
2104 3330 2631 3410 completumque
2680 3329 3076 3409 opusculum
3144 3331 3408 3410 insigne
3462 3338 3743 3410 praestat,
3815 3351 3906 3394 ex

621 3429 841 3490 codice
919 3428 1735 3491 Gaesareo-Vindobonensi
1795 3437 2126 3506 sumptum
2166 3449 2181 3489 :
2219 3445 2300 3490 ex
2355 3445 2486 3507 quo
2548 3427 2698 3489 licet
2761 3426 2952 3489 etiam
3016 3427 3348 3492 addiscere
3417 3428 3907 3508 TheOphylacti

619 3525 955 3601 Opuscula,
1004 3542 1146 3604 quae
1181 3525 1379 3587 veluti
1417 3525 1587 3585 varia
1630 3540 1702 3585 ac
1732 3523 1987 3585 diversa
2029 3524 2599 3603 distinguebantur
2629 3525 2802 3603 apud
2855 3523 3375 3604 bibliograpbos,
3414 3525 3575 3586 nihil
3612 3514 3900 3588 omnino

619 3621 699 3683 ab
731 3639 856 3683 una
881 3621 992 3682 illa
1036 3621 1311 3698 epistola
1345 3621 1632 3694 differre,
1664 3637 1855 3700 quam
1889 3621 1964 3682 ad
1993 3620 2321 3682 laudatum
2352 3621 2689 3684 Nicolaum
2723 3621 3072 3684 diaconum
3107 3630 3167 3682 et
3200 3622 3616 3684 canstrisium
3650 3622 3909 3684 inscri-

623 3725 788 3797 ptam
835 3735 1245 3780 noveramus.
1276 3718 1653 3780 Recensitas
1694 3719 1818 3780 sub
1855 3718 2120 3779 nomine
2153 3718 2620 3797 Theoiihylacti
2652 3719 2824 3797 apud
2875 3719 3139 3785 eosdem
3177 3718 3662 3798 bibliographos
3713 3718 3910 3800 lege-

620 3816 847 3877 bamus
887 3817 1197 3877 Homilias
1229 3814 1520 3876 undecim
1576 3818 1645 3876 in
1694 3813 1953 3875 totidem
2025 3816 2348 3893 evangelia
2397 3816 2910 3876 Resurrectionis
2970 3815 3308 3875 matutina.
3342 3814 3516 3890 Quid
3563 3818 3761 3878 vero?
3802 3820 3929 3890 Ex,

619 3912 841 3974 codice
909 3911 1730 3975 Caesar’eo-Vindobonensi
1786 3913 2183 3991 transcripta1
2233 3929 2378 3973 cum
2436 3912 2749 3974 attentius
2816 3913 3388 3990 expenderentur,
3445 3913 3778 3976 sententia
3843 3925 3912 3980 et

621 4009 836 4070 verbis
870 4022 1140 4087 repertae
1170 4017 1320 4070 sunt
1351 4013 1589 4071 eaedem
1631 4026 1897 4088 prorsus
1931 4027 2076 4070 cum
2111 4009 2321 4089 ipsius
2364 4010 2830 4089 Theopltylacti
2870 4010 3367 4075 Commentariis
3400 4028 3597 4089 super
3638 4012 3910 4076 eisdem

622 4106 1006 4185 evangeliis,
1044 4108 1406 4168 undecimte
1467 4106 1752 4169 homilire
1816 4115 2136 4183 postrema
2203 4113 2377 4185 parte
2445 4115 2733 4184 excepta,
2820 4123 3011 4184 quam
3095 4105 3423 4184 praestabit
3495 4107 3701 4172 editio
3765 4111 3910 4172 Vc-

625 4214 790 4265 neta.
829 4205 1037 4284 Hujus
1076 4206 1264 4264 etiam
1298 4203 1631 4276 beneficio,
1667 4203 1854 4265 obvia
1880 4205 2226 4265 lectoribus
2255 4203 2685 4282 imposterum
2719 4203 2839 4264 erit
2873 4201 3097 4264 Oratio
3153 4205 3543 4282 panegyrica
3599 4203 3684 4264 ad
3745 4207 3912 4268 Ale-

623 4301 803 4360 xium
872 4301 1276 4373 Conmenum,
1337 4310 1475 4378 post
1541 4301 1781 4361 bellum
1839 4302 2208 4382 Scythicum
2271 4300 2568 4376 pluribus
2633 4299 2848 4362 relatis
2905 4300 3192 4362 victoriis
3250 4301 3639 4376 confectum,
3674 4302 3754 4364 ab
3791 4322 3920 4367 eo-

624 4396 768 4457 dem
823 4396 1305 4475 TheOphylacto
1368 4386 1781 4470 elucubrata,
1811 4413 1890 4458 ex
1946 4399 2168 4459 codice
2220 4398 3008 4460 Bavarico-Monachiensi
3044 4407 3267 4460 eruta:
3333 4416 3404 4461 ac
3454 4399 3640 4460 obvia
3703 4415 3919 4463 erunt

628 4493 945 4566 Carmina,
977 4512 1119 4570 qua:
1141 4495 1372 4555 cecinit
1398 4496 1558 4572 ipse,
1584 4493 1651 4555 in
1683 4495 2016 4557 codicibus
2043 4496 2262 4574 Regiis
2294 4495 2797 4567 Parisiensibus,
2828 4503 2895 4555 ut
2921 4495 3148 4570 fertur,
3180 4503 3527 4567 asservata,
3555 4513 3632 4556 ex
3666 4497 3917 4577 eisque

631 4608 742 4668 pro
768 4607 864 4663 ea,
892 4607 1036 4668 quae
1067 4609 1311 4651 summa
1338 4592 1477 4652 sine
1518 4591 1718 4652 dubio
1742 4591 2085 4652 adhibetur
2109 4593 2469 4671 diligentia,
2502 4595 2580 4654 ad
2608 4595 2871 4654 Venetae
2896 4595 3171 4673 hujusce
3201 4594 3514 4669 editionis
3540 4613 3866 4660 ornamen
3887 4635 3916 4646 —

627 4698 762 4746 tum
789 4687 1245 4763 depromenda.
1273 4688 1428 4747 Cum
1465 4695 1637 4747 textu
1672 4688 1892 4747 Grch
1931 4696 2308 4765 totoperum
2345 4689 2836 4768 Theophylacti,
2868 4708 3010 4769 qua:
3041 4693 3542 4753 memoravimus
3567 4693 3631 4753 in
3670 4694 3920 4763 biblio-

628 4783 829 4846 thecis
863 4783 1166 4845 hactenus
1191 4783 1864 4854 delitescentia,simul
1892 4785 2240 4863 prodibunt
2267 4787 2503 4859 Latinio
2527 4786 3096 4862 interpretationes
3118 4834 3132 4859 ,
3157 4786 3499 4848 attentiore
3524 4790 3749 4851 studio
3787 4794 3918 4856 abs

629 4880 786 4939 viris
831 4881 1239 4958 peritissimis
1272 4880 1574 4943 confectae
1614 4902 1628 4942 :
1679 4889 1738 4942 et
1785 4882 1918 4943 vice
1965 4899 2144 4944 versa
2186 4884 2430 4944 Latina:
2469 4884 2875 4946 translationi
2909 4885 3204 4945 Ilomilia:
3234 4885 3301 4944 in
3333 4876 3921 4950 Prwsentationem

632 4980 917 5057 Deiparce
955 4981 1257 5057 Virginis,
1302 4995 1335 5040 a
1383 4980 1721 5041 Francisco
1757 4981 2138 5043 Combeﬁsio
2173 4982 2516 5052 adornatae,
2552 4983 2840 5060 adjectus
2893 4981 3177 5059 prodibit
3229 4985 3491 5043 Grmcus
3543 4990 3763 5044 textus
3831 5009 3918 5049 ex

631 5078 830 5153 Regio
859 5078 1075 5137 codice
1115 5078 1485 5149 Parisiensi,
1523 5095 1682 5139 nova
1714 5078 1864 5137 item
1915 5078 2055 5138 sine
2089 5079 2290 5139 dubio
2328 5080 2616 5140 nitidiori
2669 5081 3013 5141 accedente
3058 5081 3276 5140 Latina
3327 5081 3911 5159 interpretatione.

712 5177 860 5236 Haec
905 5183 1053 5235 sunt
1091 5177 1404 5252 prmcipua
1449 5179 1709 5237 Venetae
1741 5175 2075 5247 editionis,
2131 5184 2221 5236 tot
2275 5178 2606 5257 tantisque
2640 5178 3131 5239 accessionibus
3164 5177 3602 5255 locupletatat,
3640 5183 3918 5244 amulo--

636 5284 843 5334 menta
877 5282 935 5334 et
971 5285 1360 5335 ornamenta.
1400 5275 1545 5335 Haec
1588 5293 1738 5336 vero
1779 5291 2157 5351 promovere
2198 5275 2439 5345 Omnia,
2490 5274 2883 5354 felicemque
2926 5275 2991 5336 in
3044 5276 3295 5336 exitum
3330 5275 3683 5348 deducere,
3723 5297 3918 5341 unus

635 5373 834 5432 valuit
869 5373 1245 5432 Francist-us
1296 5374 1634 5444 Foscarus,
1669 5373 1974 5449 patricius
2021 5372 2329 5444 Venetus,
2388 5373 2835 5451 amplissimus
2904 5382 3186 5447 senator,
3251 5374 3528 5450 publicis
3597 5379 3920 5438 COUSliil>

636 5470 942 5544 regundis
975 5470 1211 5536 suuir,
1250 5469 1604 5529 litterarum
1642 5471 1872 5538 cultor,
1911 5487 1981 5528 ac
2019 5477 2326 5546 patronus
2361 5473 2472 5549 qui
2504 5488 2641 5530 sum
2674 5472 3023 5547 splendore
3062 5471 3448 5544 nobilitatis,
3485 5488 3554 5530 ac.
3589 5473 3918 5546 plurima.

639 5584 758 5644 qua
793 5565 966 5625 domi
1005 5565 1299 5642 forisque
1351 5567 1724 5625 auctoritate
1763 5567 1984 5643 pollet,
2047 5565 2105 5623 id
2152 5565 2454 5628 facillime
2515 5571 2783 5647 assequi
2855 5572 3084 5646 potuit,
3138 5578 3208 5630 ut
3264 5570 3519 5630 codices
3582 5570 3918 5636 Vaticani.

642 5661 1528 5729 tlersnroo-Vindoboncnses,
1587 5663 1982 5723 Parisienscs
2041 5664 2280 5740 Regii,
2328 5675 2387 5725 et
2445 5668 3328 5740 llavarico-Monachicnses,
3397 5685 3475 5727 ne
3537 5669 3910 5729 Marciam).

641 5761 920 5819 Venetos
955 5777 1297 5821 memorem
1357 5778 1425 5821 ac
1478 5761 1849 5821 l’atavinum
1889 5763 2129 5821 Sancta:
2189 5763 2485 5838 Justinm,
2544 5765 2927 5841 diligentius
2999 5766 3431 5826 lustrarentur
3487 5787 3501 5825 :
3557 5765 3611 5825 si
3672 5784 3922 5844 (μαννεδ

642 5857 953 5934 Bulgruim
1014 5858 1474 5935 archiepiscopi
1544 5855 1998 5936 'l‘lrcophylacti
2064 5866 2385 5920 exstarent
2465 5877 2694 5936 opera,
2760 5878 2791 5923 a
2859 5862 3083 5939 peritis
3147 5864 3523 5938 transcripta
3588 5863 3844 5925 lit-rw“
