3966 6424
94 354 101 439 ἶ
151 362 222 431 Β
910 357 1009 419 DE
1047 354 1635 418 THEOPHYLACTJ
1683 354 1963 416 GESTIS
2004 354 2101 417 ΕΤ
2142 354 2516 417 SCRIPTIS.
3290 354 3396 424 130

150 469 384 534 l'enetias
418 466 799 528 transmissa
851 482 925 529 ac
955 466 1302 528 Latinitate
1333 464 1595 537 donata,
1638 464 1859 526 (ιι-ωορδ
1910 463 2173 526 tandem
2234 471 2298 524 et
2340 464 2569 525 Latine
2610 462 2913 527 viderent
2945 463 3189 530 lucem.
3230 468 3396 533 Viro

146 581 355 639 nimiae,
385 564 497 643 qui
548 562 990 626 litteratorum
1027 562 1282 625 nationi
1321 570 1449 624 tam
1477 563 1696 639 ampla
1728 561 2046 624 beneﬁcia
2082 562 2437 641 impendit,
2477 560 2720 641 gratias
2776 578 2969 641 agere
3004 581 3190 642 pares
3240 566 3395 646 quis
3497 608 3513 624 .

150 668 295 727 valeat
316 660 343 723 τ
2403 671 2408 676 ’

197 765 326 825 Num
358 779 506 824 vero
536 778 739 842 opera
803 762 916 824 illa
947 760 1442 841 TbeOpbylacti,
1485 776 1633 839 quae
1664 759 1795 839 jam
1828 757 2025 831 edita,
2073 756 2213 817 sive
2256 758 2475 819 Grmce
2530 764 2592 818 et
2652 757 2903 827 Latine,
2964 758 3108 819 sive
3166 758 3391 821 Latine

146 868 349 933 tantum,
392 877 572 922 nunc
617 859 793 939 typis
829 861 1094 921 Venetis
1146 860 1579 930 recuduntur,
1622 859 1939 936 prodeant
1974 854 2427 916 accuratiore?
2463 854 2930 915 Perfectiorem
2974 856 3118 916 sine
3160 857 3365 918 dubio

143 961 238 1020 sive
262 963 489 1019 textum
528 956 835 1018 Graecum
887 965 1165 1035 spectes,
1202 957 1343 1017 sive
1394 954 1687 1017 Latinam
1728 954 2132 1024 versionem,
2172 951 2307 1012 ﬁeri
2370 952 2733 1012 editionem
2796 971 3013 1030 posse,
3050 954 3175 1015 viri
3212 954 3395 1033 peri—

143 1053 319 1116 tissimi
371 1054 989 1115 animadverterunt
1046 1075 1060 1112 :
1124 1054 1366 1114 Grmcis
1426 1052 1747 1114 nimirum
1823 1048 2202 1121 codicibus,
2254 1048 2369 1127 qui
2416 1060 2765 1109 servantur
2827 1050 2891 1109 in
2946 1050 3387 1121 bibliothecis,

140 1151 457 1232 diligentius
486 1150 750 1214 collatis
793 1173 808 1212 :
843 1168 915 1213 ac
958 1152 1261 1221 versione
1300 1151 1525 1212 Latina
1559 1158 1693 1211 tum
1738 1147 2047 1219 nitidius,
2082 1154 2221 1206 tum
2271 1146 2641 1207 accuratius
2676 1145 2754 1206 ad
2813 1147 3149 1208 veritatem
3204 1150 3386 1210 Grae-

138 1266 302 1311 corum
341 1265 672 1327 expressa.
734 1247 1256 1327 (Ecolampadius
1290 1248 1514 1309 codice
1565 1247 1759 1308 unice
1795 1244 2001 1305 unico
2042 1242 2265 1303 Grmco
2322 1258 2487 1303 usus
2545 1250 2669 1315 est,
2732 1242 2967 1320 utique
3025 1244 3259 1305 mutilo
3319 1246 3385 1305 in

138 1345 554 1408 Commentariis
599 1344 1130 1423 Evangeliorum,
1169 1363 1289 1406 nec
1336 1344 1539 1407 alium
1582 1344 1713 1404 nisi
1765 1345 2131 1404 Romanum
2168 1340 2332 1401 vidit
2369 1338 2713 1418 Philippus
2754 1342 3102 1402 Montanus
3149 1344 3378 1421 utique

135 1443 571 1524 imperfectum:
618 1444 979 1523 Latineque
1042 1442 1579 1522 interpretatione
1620 1442 1698 1502 ab
1731 1459 1807 1502 eo
1864 1441 2143 1517 primum
2195 1435 2519 1509 confecta,
2572 1453 2644 1497 ac
2704 1436 2803 1497 bis
2866 1438 3057 1499 etiam
3119 1439 3197 1499 ab
3262 1439 3387 1500 iste

137 1541 422 1621 recognita,
457 1541 809 1604 meliorem
848 1549 1071 1618 Optant
1100 1542 1224 1602 viri
1263 1542 1458 1603 docti.
1488 1542 1653 1601 Num
1706 1538 1912 1599 studii
1951 1536 2313 1615 praestitum
2348 1535 2601 1612 aliquid
2666 1536 2731 1595 in
2772 1538 3016 1596 Veneta
3067 1536 3384 1604 editione,

135 1638 526 1717 quodpriores
569 1640 857 1701 maculas
895 1636 1187 1699 eluerit?
1217 1640 1405 1713 Quod
1448 1654 1569 1715 ego
1630 1635 1809 1707 novi,
1852 1634 2076 1710 paucis
2135 1633 2382 1709 accipe.
2438 1634 2717 1692 'l‘extum
2769 1635 3166 1709 Romanum,
3212 1636 3385 1711 prio-

137 1751 342 1817 remque
387 1736 688 1797 Latinam
757 1735 1365 1812 interpretationem
1409 1735 1646 1794 iterum
1708 1734 1940 1794 excudi
1992 1731 2177 1811 juxta
2246 1729 2656 1791 Parisienses
2722 1742 2964 1809 typos:
3005 1732 3081 1792 ad
3143 1732 3384 1795 calcem

134 1833 243 1893 tomi
288 1833 597 1895 variantes
649 1849 779 1895 non
828 1850 1064 1912 paucas
1100 1832 1425 1911 conjectas
1460 1849 1607 1892 esse
1645 1831 1983 1909 lectiones,
2019 1845 2168 1908 qum
2201 1845 2281 1888 ex
2333 1827 2680 1887 Marcianis
2721 1829 2986 1889 Venetis
3043 1830 3383 1893 codicibus

136 1928 464 2009 deprompta;
494 1939 656 1990 sunt
685 1951 701 1990 :
730 1930 1071 2009 suppletas
1100 1928 1295 1991 etiam
1324 1929 1388 1988 in
1421 1929 1643 1989 Latina
1677 1930 1977 1989 versione
2003 1925 2298 2004 plurium
2338 1942 2566 1985 vocum
2604 1925 3028 2001 omissiones,
3059 1927 3382 1988 dictiones

135 2025 247 2086 alias
273 2029 343 2087 ad
373 2028 749 2089 Graecorum
791 2027 1127 2088 veritatem
1166 2027 1480 2099 radat-tas,
1527 2026 1949 2103 integrasquc
2007 2014 2313 2101 periodos
2356 2038 2485 2083 non
2531 2039 2675 2083 raro
2711 2023 3062 2086 nitidiores
3126 2026 3381 2086 substi-

138 2126 279 2183 tulas.
308 2123 616 2202 Exempla
671 2122 994 2185 nonnulla
1037 2122 1337 2184 inferiori
1379 2132 1669 2202 prostant
1704 2121 1772 2182 in
1810 2121 2129 2197 margine,
2168 2137 2315 2197 quae
2349 2119 2639 2181 indicant
2675 2139 2801 2181 non
2840 2134 2966 2183 tam
3007 2123 3381 2184 versionem

138 2216 285 2293 illam,
315 2219 420 2281 ubi
471 2237 648 2300 Opus
683 2231 843 2293 erat,
878 2221 1249 2301 castigatam
1307 2229 1825 2298 correctamque,
1878 2234 2071 2297 quam
2120 2217 2337 2295 potius
2378 2210 2861 2280 emendatio‘nis
2905 2237 3055 2299 quas
3091 2222 3382 2283 curanda

135 2311 272 2390 foret,
303 2316 533 2395 passim
588 2317 914 2397 indigam.

188 2414 556 2477 Ferebantur
594 2415 1064 2477 Commentarii
1101 2416 1169 2476 in
1205 2414 1539 2497 Epistolas
1568 2417 1780 2477 sancti
1822 2415 2035 2487 Pauli,
2070 2433 2216 2475 cum
2250 2414 2475 2476 Latina
2514 2415 2768 2493 duplici
2807 2417 3142 2491 versione,
3179 2418 3382 2480 altera

137 2507 517 2590 ChristOphori
550 2514 863 2575 Porsenae
887 2515 1389 2593 paraphrastica
1418 2534 1490 2574 ac
1530 2515 1799 2575 nimium
1842 2511 2072 2582 libera,
2108 2513 2383 2573 Joannis
2419 2513 2723 2574 Loniceri
2756 2514 2957 2575 altera
2990 2514 3376 2590 sphalmatis

137 2607 319 2684 passim
346 2617 661 2683 scatente,
718 2618 782 2671 et
821 2610 1067 2672 alicubi
1126 2610 1474 2674 tolerabili.
1512 2614 1630 2671 Illa
1679 2610 2136 2689 praetermissa,
2196 2608 2629 2687 posteriorem
2696 2610 3101 2689 recognovit,
3158 2611 3379 2673 Grmco

138 2710 285 2778 textu,
336 2706 445 2785 qui
507 2706 721 2768 fuerat
787 2705 945 2767 olim
1006 2708 1283 2780 Erasmi,
1341 2715 1602 2785 reperto
1665 2724 2117 2786 expensoque,
2186 2706 2532 2784 Philippus
2566 2709 2819 2784 [LXIV]
2876 2711 3377 2771 Montanus:et

138 2796 254 2861 hanc
278 2804 622 2879 postremis
657 2802 837 2865 curis
870 2805 1279 2865 emendatam
1336 2804 1668 2883 protulere
1704 2806 1769 2865 in
1815 2808 2025 2866 lucem
2068 2804 2530 2868 Londinenses
2580 2804 2895 2875 editores,
2939 2814 3121 2868 textu
3153 2809 3376 2869 Graeco

140 2894 328 2973 adjecto
360 2915 435 2960 ex
468 2900 701 2961 codice
756 2898 1260 2974 Arundelliano,
1294 2919 1441 2962 cum
1476 2902 1650 2962 binis
1696 2902 1844 2963 aliis
1902 2901 2401 2973 Oxoniensibus
2460 2900 2717 2962 collato.
2780 2903 2961 2963 Hanc
3014 2904 3374 2965 editionem

138 2990 313 3056 iterum
342 2998 716 3077 expriment
764 2998 903 3077 typi
950 2998 1212 3073 Veneti,
1265 3002 1512 3079 quibus
1558 3000 1822 3061 additur
1859 2999 2163 3061 collectio
2228 2997 2623 3060 variantium
2684 2998 3065 3075 lectionum,
3126 3003 3375 3063 Veneto

137 3088 392 3157 liarciano
419 3096 650 3159 codice
702 3113 815 3157 eas
862 3097 1355 3175 suppeditante.
1400 3101 1466 3159 ln
1519 3098 1745 3159 Latina
1774 3097 2231 3177 Ιέπροεὶίίοηὶε
2268 3097 2335 3157 in
2368 3098 2532 3157 Acta
2562 3097 3004 3174 apostolorum
3043 3099 3375 3177 interprie‘

138 3188 335 3264 tatione,
367 3210 561 3273 quam
600 3191 893 3255 Sifanius
927 3194 1237 3269 confecit,
1272 3212 1441 3257 nova
1492 3196 1706 3274 ipsius
1739 3197 2024 3258 occurrit
2075 3196 2294 3256 versio
2328 3196 2493 3256 sacri
2532 3203 2771 3265 textus,
2819 3196 3010 3277 longe
3057 3197 3373 3258 diti‘erens

138 3298 162 3343 ι
188 3284 442 3368 Vulgata,
478 3307 611 3369 qua
655 3290 897 3368 passim
934 3292 1139 3353 utitur
1187 3291 1481 3353 Ecclesia
1520 3310 1533 3352 :
1574 3292 1894 3373 variaeque
1927 3302 2281 3355 occurrunt
2346 3293 2690 3365 lectiones,
2727 3312 2875 3373 quae
2907 3304 3184 3372 sumptae
3219 3304 3375 3356 sunt

138 3396 187 3442 ex
210 3384 463 3456 Erasmo,
501 3388 890 3449 Sebastiano
930 3388 1323 3463 Castalione,
1360 3398 1421 3450 et
1454 3390 1800 3452 Theodoro
1829 3394 2013 3463 Beza,
2044 3391 2371 3469 su5pectis
2406 3390 2791 3452 hominibus
2819 3408 2891 3453 ac
2923 3391 3374 3454 heterodoxis.

138 3477 257 3543 Sacri
282 3490 481 3547 textus
515 3486 1030 3565 Evangeliorum
1068 3487 1642 3565 OEcolampadius,
1702 3498 1764 3550 et
1821 3488 2258 3567 Epistolarum
2313 3490 2521 3549 sancti
2578 3488 2758 3550 Pauli
2802 3487 3193 3561 Lonicerus,
3233 3507 3377 3552 ver-

139 3575 297 3641 siones
325 3581 691 3661 proferunt,
726 3602 891 3665 quas
918 3586 1047 3662 ipsi
1079 3587 1300 3647 Graeco
1334 3586 1540 3647 textui
1574 3584 2053 3648 conformiores
2094 3593 2431 3664 putarunt,
2457 3585 2569 3647 sed
2607 3603 2641 3646 a
2682 3586 2954 3666 Vulgata
2988 3594 3207 3649 nostra
3244 3604 3375 3649 non

140 3675 348 3739 multum
378 3681 723 3743 abeuntes.
764 3683 988 3744 Priore
1020 3682 1089 3744 in
1145 3684 1289 3744 loco
1322 3701 1393 3744 ea
1456 3702 1613 3745 usus
1654 3694 1751 3745 est
1795 3701 1911 3744 sua
1964 3685 2033 3743 in
2083 3682 2565 3761 Recognitione
2622 3681 2966 3762 Philippus
3020 3686 3373 3746 Montanus

140 3776 424 3854 evangelici
464 3786 688 3839 textus
731 3778 1068 3848 versione,
1105 3796 1302 3858 quam
1346 3781 1593 3857 reperit
1632 3797 1645 3839 :
1687 3780 2029 3857 alteroque
2095 3781 2163 3841 in
2229 3780 2373 3841 loco
2432 3780 2769 3856 vulgarem
2814 3781 3075 3842 Paulini
3124 3790 3369 3854 textus,

140 3863 183 3927 in
204 3871 454 3936 Ecclesia
493 3875 829 3937 Catholica
870 3876 1255 3950 adhibitam,
1289 3878 1635 3939 substituit
1669 3895 1740 3939 ac
1774 3876 2077 3951 retinuit,
2122 3876 2252 3937 nisi
2287 3877 2483 3938 sicuti
2526 3876 3007 3957 TheOphylacti
3045 3876 3373 3958 interpre-

140 3964 246 4057 tatio
276 3967 433 4030 illam
473 3971 826 4033 immutare
874 3974 1185 4051 coegerit.
1218 3975 1460 4036 Eorum
1513 3978 1847 4057 negotium
1892 3975 2038 4048 erit,
2073 3974 2187 4054 qui
2230 3974 2541 4035 Venetam
2602 3976 2968 4037 editionem
3011 3986 3264 4050 curant,
3306 3984 3376 4036 ut

140 4054 182 4154 in
231 4066 500 4139 prtedicla
544 4067 862 4128 Actorum
901 4068 1345 4148 apostolorum
1395 4090 1560 4135 nova
1602 4054 1927 4147 versione,
1963 4073 2017 4134 si
2049 4072 2208 4154 quid
2249 4079 2347 4135 est
2386 4072 2805 4148 offensionis,
2860 4072 3172 4153 abjiciant
3212 4095 3228 4136 :
3261 4085 3372 4135 aut

140 4151 352 4238 Philippi
390 4163 716 4238 Montani,
754 4164 884 4226 imo
935 4168 1124 4227 etiam
1178 4168 1506 4230 editorum
1569 4151 2093 4231 Londinensium
2158 4168 2514 4231 consilium
2584 4151 2963 4249 sequentes,
3026 4171 3371 4250 Vulgatam

138 4252 485 4354 substituant,
534 4262 699 4323 locis
733 4263 1049 4341 exceptis,
1095 4263 1208 4324 ubi
1255 4283 1396 4327 eam
1436 4267 1771 4329 immutari
1814 4266 2285 4354 TheOphylacti
2343 4268 2803 4345 interpretatio
2836 4276 3177 4347 exposcat.

192 4348 599 4429 Epistolarum
640 4359 905 4422 demum
946 4378 1108 4440 quas
1149 4363 1463 4441 plurimas
1491 4348 2387 4445 archiepiscOpus'Bulgarim
2411 4362 2701 4443 scripsit,
2730 4365 2995 4426 Graecus
3030 4374 3272 4441 textus,
3299 4381 3373 4427 ac

141 4443 302 4513 Latina
336 4454 671 4517 Vincentii
706 4457 1041 4519 Marinerii
1090 4461 1336 4536 versio,
1385 4443 1733 4541 sejunctim
1781 4463 2094 4523 hactenus
2138 4461 2563 4539 prodierunt;
2628 4463 2745 4525 sed
2802 4461 2993 4535 hanc,
3057 4473 3120 4527 et
3181 4462 3370 4524 illum

142 4543 459 4624 conjunctim
496 4552 833 4630 praestabit
880 4557 1131 4617 Veneta
1170 4557 1401 4620 editio.
1456 4559 1887 4623 Doctissimos
1948 4559 2122 4621 viros
2176 4559 2512 4635 novimus,
2566 4563 2684 4641 qui
2735 4562 3111 4625 versionem
3177 4562 3369 4635 hanc,

143 4652 437 4740 Genaunos
473 4656 780 4711 accurate
813 4651 1593 4737 confectam,erratisque
1642 4666 1993 4719 scatentem
2043 4656 2271 4719 dolent
2324 4680 2339 4718 :
2384 4674 2640 4737 nosque
2689 4662 3010 4722 nonnulla
3071 4660 3372 4740 exempla

142 4730 371 4837 dedimus
404 4762 589 4808 num.
623 4743 704 4806 25
737 4755 799 4808 et
831 4748 1019 4825 alibi;
1053 4753 1166 4813 sed
1206 4754 1437 4815 Veneti
1472 4730 1759 4817 editores
1811 4754 1977 4816 hanc
2028 4770 2297 4834 quoque
2350 4730 2632 4835 spartam
2689 4757 3123 4819 adornabunt.
3174 4730 3369 4819 Plura

142 4840 298 4914 Itaque
343 4852 491 4905 sunt
524 4861 678 4925 qum
716 4846 1028 4909 Venetam
1066 4848 1234 4911 hanc
1267 4851 1630 4913 editionem
1662 4853 1942 4914 maxime
1974 4852 2435 4915 commendant
2467 4876 2483 4915 :
2514 4861 2652 4916 tum
2682 4854 2932 4918 inedita
2964 4873 3094 4919 non
3136 4873 3366 4936 pauca,

144 4940 238 5006 qua
261 4949 414 5031 nunc
462 4939 534 5002 in
574 4941 787 5003 lucem
827 4945 1685 5027 prodeunt,‘Theophylacti
1717 4965 1945 5028 Opera;
1991 4958 2130 5010 tum
2168 4948 2315 5028 ejus
2374 4949 2866 5013 lucubrationes
2918 4968 3174 5027 omnes,
3222 4970 3372 5031 quae

145 5039 243 5128 tum
267 5030 561 5100 hactenus
596 5040 796 5101 variis
836 5059 1009 5104 cusaa
1039 5044 1215 5124 typis
1246 5062 1319 5107 ac
1369 5046 1687 5123 dispersae
1739 5046 2018 5121 abirent,
2084 5064 2262 5108 nunc
2318 5047 2521 5110 simul
2582 5048 2868 5111 collectas
2932 5058 3367 5128 prmstantur:

145 5124 236 5224 illm
259 5128 384 5195 alia
423 5136 819 5198 variantium
882 5140 1272 5217 lectionum,
1308 5160 1456 5221 quae
1488 5160 1567 5204 ex
1617 5144 1955 5219 codicibus
1990 5142 2179 5205 boum
2222 5153 2392 5205 notas
2428 5155 2705 5224 sumpta;
2748 5124 3369 5221 sunt,‘accessiones

146 5217 299 5295 Plures
330 5247 343 5290 :
372 5239 503 5296 tum
533 5234 828 5316 denique
868 5237 1258 5319 diligentior
1297 5217 1375 5303 de
1419 5241 1601 5304 hisce
1637 5217 1952 5321 operibus
1991 5259 2273 5305 censura
2311 5260 2383 5307 ac
2410 5217 2660 5307 certum
2685 5246 3012 5328 judicium
