3966 6402
629 392 726 458 M7

1503 368 2089 437 THEOPHYLACTI
2130 367 2546 431 θυιοΑΒιΑς
2582 366 2943 429 ARCHIEP.

3783 357 3899 425 H8

619 498 674 571 3
707 499 760 552 in
791 508 890 551 suo
921 490 1216 561 Evangelio
1277 486 1517 542 tradidit.
1574 483 1842 552 Quocirca
1900 500 1930 537 a
1980 480 2194 538 sublimi

2305 480 2527 547 ἐκεῖνοι,
2556 477 2723 541 αὐτὸς
2754 475 3053 533 ιπλάτυνιν
3082 474 3141 529 ὲν
3168 472 3249 546 τῷ
3282 474 3399 547 ἰδίῳ
3430 472 3772 545 Εὐαγγελίῳ.
3801 472 3907 526 Ach

619 584 1134 659 theologia‘initium
1167 582 1333 650 fecit;
1364 579 1630 649 siquidem
1670 578 1815 633 enim
1848 577 1939 632 alii
1989 575 2190 630 nullam

620 681 865 737 fecerant
904 678 1230 733 mentionem
1287 674 1429 746 quod
1495 674 1730 728 Verbum
1793 671 1885 727 Dei
1924 671 2192 726 exstiterlt

619 784 747 829 ante
794 771 1012 837 saecula,
1046 770 1160 841 ipse
1181 770 1281 823 hac
1300 768 1368 822 de
1396 783 1455 822 re
1505 766 1686 821 divine
1746 765 2001 830 prodidit,
2038 771 2091 817 ut
2122 778 2193 818 ne

620 880 840 942 putetur
863 867 1098 923 Verbum
1128 865 1219 920 Dei
1250 878 1418 933 purus
1445 864 1626 931 homo,
1662 861 1765 916 hoc
1827 870 1932 925 est,
1988 859 2192 929 absque

620 961 823 1016 deitate
875 971 1021 1014 esse.
1077 955 1361 1010 Mattheus
1409 954 1550 1009 enim
1609 952 1677 1005 de
1727 949 1838 1005 sola
1887 948 2190 1005 substantia

620 1050 825 1107 Christi
854 1049 906 1102 in
952 1061 1120 1103 carne
1153 1047 1429 1101 disserens
1455 1045 1520 1099 ad
1582 1041 1835 1097 Hebraeos
1896 1041 2189 1106 scribebat,

617 1140 814 1211 quibus
852 1138 1149 1196 sufﬁciebat
1174 1138 1382 1194 discere
1410 1137 1549 1204 quod
1569 1150 1633 1189 ex
1652 1133 1921 1189 Abraham
1942 1143 1998 1187 et
2020 1130 2190 1187 David

619 1241 781 1288 natus
803 1241 952 1287 esset
977 1230 1245 1286 Christus.
1269 1229 1400 1283 Nam
1421 1228 1511 1297 qui
1536 1242 1600 1281 ex
1622 1224 1861 1281 Hebraeis
1872 1224 2187 1291 crediderit,

616 1333 903 1379 contentus
952 1333 1057 1387 est,
1090 1324 1135 1377 si
1172 1321 1372 1377 certior
1397 1319 1488 1374 θαι
1520 1333 1584 1373 ει
1620 1316 1893 1372 Abraham
1924 1326 1978 1371 et
2022 1314 2189 1371 David

618 1425 804 1470 natum
841 1423 987 1469 esset
1009 1412 1311 1467 Christum.
1339 1410 1579 1475 Atenim,
1604 1409 1861 1478 numquid
1892 1406 2191 1463 suiliciebat

618 1520 762 1562 unus
790 1505 1117 1575 evangelista
1146 1505 1169 1558 ?
1198 1503 1361 1568 Audi,
1395 1503 1691 1559 sulliciebat
1721 1501 1958 1572 quidem,
1992 1500 2087 1557 sed
2126 1508 2189 1555 ut

620 1596 839 1651 uberius
872 1597 1077 1651 veritas
1114 1606 1529 1660 monstraretur,
1566 1603 1802 1664 quatuor
1846 1594 2190 1649 conscribere

614 1688 869 1758 permissi
916 1696 1064 1744 sunt.
1087 1687 1220 1743 Nam
1249 1703 1371 1743 cum
1427 1687 1626 1742 videris
1677 1688 1775 1743 hos
1809 1696 2063 1757 quatuor,
2094 1686 2186 1755 qui

2298 571 2394 628 καὶ
2433 571 2541 625 ἀπὸ
2583 570 2863 639 θεολογίας
2900 569 3129 641 ἦρεατο.
3166 566 3321 623 Ἐπεὶ
3360 567 3469 640 γὰρ
3509 569 3558 621 ol
3596 567 3751 622 ἄλλοι
3795 564 3907 620 οὐκ

2298 666 2659 739 ιμνήσθησαν
2680 666 2782 736 τῆς
2813 665 2920 736 πρὸ
2941 663 3156 720 αἰώνων
3181 662 3470 735 ὑπάρξεως
3495 660 3590 715 τοῦ
3619 661 3759 715 Θεοῦ
3792 660 3909 715 Λό-

2298 774 2417 830 γου,
2442 757 2603 822 αὐτὸς
2630 757 2954 827 ἔθεολόγησε
2976 757 3108 827 περὶ
3135 755 3362 826 ταύτης,
3390 756 3477 809 ῐνα
3503 756 3578 825 μη
3605 754 3907 825 νομισθείη

2296 854 2326 907 ὁ
2361 850 2457 905 τοῦ
2498 849 2633 905 Θεοῦ
2678 850 2873 918 Λόγος,
2912 848 3064 918 ψιλὸς
3104 846 3396 919 ἄνθρωπος
3436 844 3597 911 εἶναι,
3639 847 3907 901 τουτέστι

2295 945 2418 1017 δίχα
2452 943 2724 1013 θεότητος.
2783 940 3063 1003 Ματθαῖος
3089 940 3201 1010 γὰρ
3231 940 3361 1012 περὶ
3392 939 3492 1009 τῆς
3523 939 3665 993 κατὰ
3704 939 3908 1011 σάρκα

2300 1043 2470 1114 μόνης
2508 1039 2799 1109 ὑπάρξεως
2828 1039 2924 1093 τοῦ
2958 1036 3197 1110 Χριστοῦ
3228 1037 3539 1105 διαλέγεται
3565 1052 3579 1067 θ
3614 1036 3751 1107 πρὸς
3784 1037 3908 1106 γὰρ

2307 1134 2595 1206 Ἐϐραίους
2638 1134 2901 1205 ἔγραφεν,
2946 1126 3031 1195 οἷς
3076 1130 3310 1202 ἀρκετὸν
3350 1125 3421 1201 ἦν
3466 1129 3525 1182 τὸ
3570 1129 3764 1200 μαθεῖν
3812 1129 3907 1182 ὅτι

2294 1229 2407 1282 ἀπὺ
2442 1225 2695 1299 ’Δϐραὰμ
2730 1226 2828 1280 καὶ
2863 1225 3029 1278 Δαυῐδ
3066 1222 3333 1294 ἐγεννήθη
3372 1223 3401 1276 ὁ
3439 1222 3695 1293 Χριστός.
3734 1222 3907 1276 Ἀνα-

2297 1321 2544 1377 παύεται·
2564 1320 2674 1391 γὰρ
2697 1321 2726 1373 ὁ
2756 1316 2815 1400 ἐξ
2849 1316 3121 1389 Ἐϐραίων
3148 1316 3448 1381 πιστεύσας
3468 1357 3484 1381 ,
3515 1316 3647 1370 ὅταν
3676 1317 3905 1386 πληρο-

2297 1410 2508 1483 φορηθῇ
2540 1411 2621 1465 ὅτι
2656 1409 2766 1464 ἀπὸ
2794 1408 2960 1462 Δαυῖϐ
2994 1409 3145 1462 ἑστιν
3173 1410 3201 1461 ὀ
3234 1404 3471 1478 Χριστός
3498 1424 3510 1438 ·
3544 1406 3679 1459 ἀλλὰ
3709 1405 3909 1474 λέγεις

2298 1524 2410 1577 μοι,
2437 1506 2540 1569 ὅτι,
2567 1505 2667 1558 οὐκ
2692 1504 2853 1575 ἤρκει
2894 1498 2974 1565 εἷς
3004 1501 3435 1571 εὐαγγελιστήςς
3458 1501 3659 1555 ’Δκουε
3684 1499 3904 1564 τοίνυν,

2294 1600 2375 1652 ὅτι
2400 1600 2564 1670 ἢρκει
2597 1597 2717 1667 μὲν,
2746 1596 2863 1651 ἀλλ’
2886 1596 2973 1650 ἱνα
3000 1595 3188 1667 δειχθῇ
3224 1594 3424 1665 μᾶλλον
3448 1596 3481 1663 ἡ
3514 1592 3769 1664 ἀλήθεια,
3800 1594 3901 1646 διὰ

2293 1691 2451 1744 τοῦτο
2491 1690 2757 1761 τέσσαρες
2797 1687 3253 1759 συνεχωρήθησαν
3291 1686 3519 1755 γράψαι.
3570 1685 3739 1739 Ὅταν
3785 1685 3907 1755 γὰρ

618 1795 727 1835 non
756 1781 809 1834 in
833 1797 997 1836 unum
1014 1781 1189 1836 locum
1212 1787 1601 1845 convenerunt,
1627 1790 1803 1847 neque
1826 1778 2188 1835 consederunt

2299 1780 2412 1855 ῐδῃς
2444 1780 2669 1843 τούτους
2702 1779 2829 1843 τοὺς
2864 1776 3171 1849 τέσσαρας,
3212 1779 3289 1847 μὴ
3326 1777 3713 1841 συνελθόντας,
3756 1777 3909 1847 μηδὲ

622 1872 802 1939 simul,
831 1873 951 1926 aliis
978 1871 1171 1927 etaliis
1196 1872 1249 1926 in
1268 1870 1402 1927 locis
1427 1871 1589 1925 vitam
1609 1869 1808 1938 egisse,
1831 1876 1883 1924 et
1901 1869 1966 1924 de
1989 1869 2191 1923 eisdem

2299 1848 2747 1943 συγκαθίσαντας
2792 1848 3065 1936 ἀλλήλοις,
3109 1868 3222 1922 ἀλλ’
3246 1868 3406 1922 ἄλλον
3454 1867 3688 1936 ἀλλαχοῦ
3734 1867 3906 1931 οντα,

624 1965 789 2020 rebus
820 1964 973 2033 quasi
1007 1980 1073 2019 ex
1104 1978 1216 2020 uno
1245 1979 1339 2017 ore
1364 1963 1667 2029 scripsisse,
1696 1977 1808 2020 non
1827 1962 2192 2017 admiraberis

620 2050 899 2120 Erangeiii
926 2050 1231 2113 veritatem.
1265 2051 1359 2105 sed
1403 2049 1682 2117 fateberis,
1714 2051 1859 2119 quod
1884 2066 1951 2106 ex
1986 2050 2194 2121 Spiritu

618 2152 805 2197 sancto
835 2142 999 2196 locuti
1036 2142 1254 2198 fuerint.
1292 2143 1357 2197 Et
1384 2158 1452 2198 ne
1492 2131 1660 2197 mihi.
1684 2144 1835 2200 dicas
1893 2145 2035 2215 quod
2086 2160 2191 2201 non

616 2245 917 2293 consonent
954 2235 1007 2289 in
1039 2235 1313 2291 omnibus.
1347 2236 1481 2291 Vide
1498 2238 1663 2303 enim,
1698 2238 1749 2291 in
1775 2237 1974 2306 quibus
2002 2236 2193 2292 disso-

617 2336 751 2384 nent
779 2344 793 2382 :
822 2345 949 2383 num
986 2329 1075 2385 ille
1111 2330 1265 2393 dixit,
1295 2328 1466 2385 Natus
1488 2340 1570 2385 est
1608 2330 1878 2397 Christus,
1924 2331 2064 2386 alius
2097 2347 2193 2385 au-

622 2433 730 2501 tem
755 2418 907 2486 dicit,
946 2423 1095 2476 non?
1120 2425 1225 2477 Aut
1247 2424 1384 2477 alius
1402 2424 1615 2491 quidem
1645 2424 1787 2494 quod
1808 2425 2190 2491 resurrexerit,

620 2514 756 2568 alius
786 2528 944 2579 vero,
973 2532 1081 2569 non
1102 2516 1125 2569 ?
1146 2516 1320 2569 Absit.
1355 2514 1663 2570 Concordes
1691 2518 1833 2570 enim
1864 2527 1990 2571 sunt
2019 2517 2073 2571 in
2109 2516 2193 2573 his

616 2617 741 2675 qua:
793 2606 966 2678 magis
1009 2608 1312 2662 necessaria
1342 2617 1396 2661 et
1454 2609 1744 2679 pra'cipua.
1817 2610 1984 2679 Igitur
2033 2609 2079 2664 si
2140 2610 2192 2663 in

616 2700 905 2769 praecipuis
932 2715 1037 2754 non
1075 2710 1203 2755 sunt
1235 2700 1417 2764 divisi,
1454 2700 1583 2767 quid
1616 2700 1857 2765 miraris,
1888 2701 1931 2755 si
1953 2701 2004 2755 in
2024 2701 2190 2755 mini-

620 2793 723 2847 niis
749 2791 1039 2847 videantur
1058 2795 1267 2846 variare
1291 2793 1315 2845 ?
1348 2807 1472 2846 nam
1506 2792 1605 2846 hac
1630 2792 1694 2847 de
1720 2806 1881 2847 causa
1909 2794 2052 2863 quod
2084 2806 2189 2847 non

620 2884 675 2936 in
715 2884 970 2937 omnibus
999 2892 1321 2947 consonant,
1348 2883 1519 2953 magis
1540 2898 1665 2936 vera
1691 2883 2019 2953 loquuntur:
2047 2882 2192 2937 alio-

622 2974 715 3043 qui
746 2976 980 3044 suspecti
1016 2974 1197 3029 haberi
1230 2976 1554 3045 potuissent,
1606 2977 1747 3045 quod
1801 2992 1904 3030 non
1959 2978 2098 3032 inter
2134 2992 2194 3033 se

620 3067 1016 3129 eurisedissent,
1046 3077 1099 3120 et
1130 3067 1318 3122 habito
1349 3067 1575 3121 consitio
1601 3080 1785 3122 mutuo
1803 3069 2150 3137 scripsissent
2175 3085 2189 3122 :

619 3169 765 3210 nunc
798 3165 977 3210 autem
1011 3171 1132 3211 cum
1168 3154 1310 3227 quod
1334 3156 1685 3226 praetermisit
1712 3157 1819 3222 hic,
1839 3158 2057 3225 scripsit
2081 3157 2190 3225 ille,
2217 3184 2261 3249 Ο

618 3248 735 3301 hac
768 3248 882 3302 sola
908 3259 992 3302 est
1040 3262 1201 3303 causa
1259 3262 1426 3317 quare
1485 3247 1537 3301 iu
1599 3245 1920 3317 quihusdam
1980 3250 2195 3305 variare

620 3339 924 3392 videantur.
962 3338 1029 3392 Et
1073 3336 1189 3392 haec
1210 3337 1426 3407 quidem
1455 3337 1533 3393 sic
1557 3352 1614 3393 se
1634 3338 1851 3395 habent.
1879 3336 1989 3395 Nos
2013 3349 2193 3394 autem

618 3430 813 3485 seriem
852 3436 1137 3485 coiitextus
1168 3430 1563 3501 aggrediamur.

1252 3564 1484 3621 CAPUT
1516 3566 1557 3621 l.

1041 3680 1119 3735 De
1146 3681 1450 3751 genealogia
1482 3682 1703 3737 Christi.

692 3792 855 3849 Vsus.
894 3792 945 3847 l.
980 3812 996 3843 ι
1031 3791 1193 3847 Liber
1219 3793 1607 3863 generationis.
1657 3813 1677 3847 ι
1708 3793 1880 3861 Quam
1941 3796 2011 3850 nh
2068 3812 2200 3851 cau-

623 3899 736 3935 sam
789 3898 895 3936 non
927 3883 1082 3950 dixit,
1119 3884 1277 3950 visio,
1310 3884 1390 3937 vel
1446 3899 1650 3951 sermo,
1708 3887 1853 3941 sicut
1925 3888 2199 3957 prophetae

622 3970 714 4037 qui
748 3983 875 4024 suos
912 3970 1075 4025 libros
1098 3972 1177 4027 sic
1205 3972 1808 4042 inscripserunt?Visio
1856 3991 2017 4045 quam
2066 3976 2199 4032 vidit

625 4062 796 4117 isaias
823 4062 866 4126 ',
895 4072 970 4124 et,
1006 4064 1197 4117 Sermo
1224 4065 1505 4134 quilactus
1530 4076 1616 4121 est.
1648 4070 1713 4122 ad
1742 4066 1954 4125 Isaiam.
1987 4067 2196 4137 Quatris

622 4165 677 4205 ut
712 4153 929 4207 discas?
958 4152 1241 4222 Propheta:
1278 4155 1638 4225 loquebantur
1664 4159 1729 4213 ad
1766 4159 1929 4215 duros
1951 4162 2114 4216 corde
2142 4172 2197 4217 et

617 4244 1018 4310 laobedientcs,
1045 4256 1101 4300 et
1129 4248 1248 4301 ideo
1285 4246 1554 4315 dicebant,
1590 4250 1771 4305 divina
1805 4262 1888 4308 est
1928 4253 2088 4321 visio,
2141 4266 2198 4311 et

620 4353 799 4394 sermo
835 4349 917 4393 est
947 4354 1011 4393 ex
1051 4339 1180 4405 Deo,
1210 4350 1268 4393 ut
1301 4340 1519 4395 timeret
1557 4344 1813 4413 populus,
1850 4357 2027 4401 etnon
2061 4363 2195 4404 con-

622 4439 886 4486 temneret
912 4432 1077 4487 dicta.
1108 4432 1389 4488 Matthmus
1410 4442 1611 4502 autem,
1637 4450 1939 4495 sermonem
1962 4440 2196 4498 habebat

2294 1964 2416 2023 εἶτα
2443 1966 2763 2036 γράψαντας
2791 1962 2919 2035 περὶ
2948 1964 3054 2017 τῶν
3079 1962 3260 2017 αὐτῶν
3286 1961 3477 2032 ὥσπερ
3507 1962 3599 2030 ἀφ’
3621 1961 3741 2025 ἑνὸς
3774 1964 3911 2013 στέ-

2298 2076 2490 2130 ματος,
2525 2059 2628 2112 οὐκ
2664 2058 2731 2111 ἂν
2766 2056 3078 2126 θαυμάσαις
3112 2054 3214 2124 τὴν
3247 2051 3344 2107 τοῦ
3384 2052 3719 2122 Εὑαγγελίου
3756 2051 3909 2123 ἁλήο

2296 2152 2466 2213 θειαν,
2498 2152 2594 2205 καὶ
2622 2152 2802 2211 εἴποις
2830 2148 2906 2212 ὡς
2938 2151 3004 2202 lx
3038 2146 3357 2217 Πνεύματος
3392 2145 3547 2213 ἁγίου
3581 2144 3907 2213 ὲλάλησανς

2296 2244 2388 2296 καὶ
2424 2242 2497 2312 μή
2537 2257 2630 2308 μοι
2664 2240 2790 2307 λέγε
2823 2242 2908 2293 ὅτι
2937 2241 3038 2309 οὐχ
3068 2237 3447 2308 ὀμοφωνοῦσιν
3479 2237 3537 2288 ὲν
3571 2237 3741 2288 πᾶσιν
3765 2250 3779 2265 ⁸
3816 2234 3908 2287 ἴδε

2295 2335 2403 2405 γὰρ
2436 2337 2493 2388 ἐν
2521 2335 2662 2386 τίσιν
2689 2332 2792 2402 οὐχ
2819 2330 3223 2403 ὁμοφωνοῦσιν.
3259 2325 3407 2398 ’Δρα
3436 2330 3463 2381 ὁ
3493 2328 3595 2397 μὲν
3624 2322 3782 2379 εἶπεν
3814 2327 3910 2380 ὅτι

2296 2425 2559 2495 ἐγεννήθη
2580 2426 2609 2477 ὁ
2639 2424 2896 2496 Χριστὸς,
2929 2424 2957 2475 ὁ
2987 2424 3042 2475 δὲ
3074 2422 3219 2489 λέγει
3252 2422 3334 2474 ὅτι
3364 2418 3457 2485 ob;
3494 2421 3566 2472 Ἣ
3597 2420 3624 2471 ὁ
3659 2420 3782 2489 μὲν,
3819 2419 3914 2473 ὅτι

2295 2520 2517 2590 ἀνέστη,
2551 2522 2579 2573 ὀ
2610 2519 2689 2583 δὲ,
2717 2520 2798 2571 ὅτι
2828 2516 2925 2583 ob;
2957 2515 3049 2585 Μὴ
3082 2515 3316 2583 γένοιτο.
3354 2511 3445 2565 Ἐν
3475 2513 3586 2581 γὰρ
3614 2514 3725 2573 τοῖς
3762 2512 3915 2565 ἀνα.-

2296 2612 2637 2682 γκαιοτέροις
2674 2612 2767 2665 καὶ
2800 2608 3155 2679 κυριωτέροις
3186 2605 3585 2678 ὀμοφωνοῦσιν.
3619 2606 3679 2659 El
3708 2606 3912 2661 τοίνυν

2296 2704 2355 2756 ὲν
2378 2705 2490 2765 τοῖς
2516 2702 2874 2772 κυριωτέροις
2898 2701 2958 2753 οὐ
2981 2699 3365 2769 διηνέχθησαν,
3391 2700 3441 2752 τί
3466 2698 3773 2771 θαυμάζεις
3801 2699 3912 2753 ἰὰν

2294 2798 2351 2848 ὲν
2384 2796 2495 2857 τοῖς
2533 2793 2835 2863 ιλαχίστοις
2871 2792 3071 2846 δοκῶσι
3108 2791 3475 2857 διαλλάττεινς
3511 2792 3587 2843 Δι’
3617 2790 3749 2843 αὐτὸ
3787 2791 3913 2862 γὰρ

2294 2887 2453 2941 τοῦτο
2488 2887 2687 2957 μᾶλλον
2715 2885 3099 2955 ἀληθεύουσιν,
3128 2884 3212 2938 ὅτι
3246 2884 3323 2957 μὴ
3355 2884 3496 2937 κατὰ
3527 2884 3706 2936 πάντα
3736 2882 3913 2953 ὠμο-

2297 2977 2576 3048 φώνησον.
2616 2977 3013 3047 Ἐνομίσθησαν
3052 2975 3163 3046 γὰρ
3203 2975 3291 3040 ἂν,
3337 2976 3419 3027 ὅτι
3459 2972 3915 3041 συγκαθίσαντες

2293 3071 2545 3140 ἀλλήλοις
2576 3070 2673 3124 καὶ
2731 3068 3272 3139 συμϐουλευσάμενοι
3311 3065 3559 3137 ἔγραψαν
3579 3082 3591 3093 ·
3624 3063 3719 3116 νῦν
3747 3063 3848 3130 δὲ,
3883 3064 3917 3117 ὃ

2295 3162 2625 3231 παρέλειψεν
2650 3154 2828 3226 οὗτος,
2857 3159 3095 3229 ἔγραψεν
3119 3160 3352 3225 ἐκεῖνος,
3380 3158 3476 3211 καὶ
3504 3156 3594 3208 διὰ
3620 3155 3783 3208 τοῦτο
3814 3156 3915 3209 δοο

2297 3254 2485 3310 κοῦσιν
2504 3256 2562 3309 ὲν
2582 3252 3053 3308 τισὶδιαλλάττειν
3072 3267 3086 3280 ’
3114 3252 3210 3306 καὶ
3234 3250 3407 3307 ταῦτα
3435 3250 3533 3322 μὲν
3553 3248 3751 3313 οὓτως.
3772 3248 3831 3301 ’Δ
3850 3266 3918 3321 ρ-

2299 3347 2519 3418 ξώμεθα
2546 3348 2602 3400 δὲ
2633 3347 2733 3417 ἤδη
2761 3346 2855 3399 τοῦ
2886 3346 3073 3415 ὕφους.

2909 3570 3135 3625 ΚΕΦΔΛ
3147 3610 3159 3624 .
3202 3568 3281 3623 A'.

2582 3686 2723 3754 Περὶ
2756 3684 3150 3753 γενεαλογίας
3184 3682 3293 3737 τοῦ
3328 3680 3610 3753 Χριστοῦ.

2377 3821 2395 3853 ι
2428 3799 2619 3865 Βίϐλος
2643 3800 2933 3869 γενέσεως.
2972 3816 2988 3848 ι
3016 3796 3175 3859 Τίνος
3198 3796 3386 3849 ἕνεκεν
3410 3795 3510 3849 οὐκ
3535 3790 3713 3862 εἶπεν,
3764 3795 3917 3867 ὅρα-

2302 3909 2387 3957 σις
2418 3893 2649 3963 ἢλόγος,
2683 3891 2873 3963 ὥσπερ
2904 3892 2953 3945 ol
2986 3890 3305 3960 προφῆταις
3342 3887 3579 3942 Ἐκεῖνοι
3610 3888 3721 3957 γὰρ
3756 3889 3921 3944 οὕτω

2300 3986 2677 4054 προέγραφονο
2730 3983 2920 4053 ὅρασις
2949 3980 3017 4051 ἢν
3045 3977 3185 4033 εἶδεν
3208 3981 3459 4047 Ἡσαΐας,
3490 3981 3585 4034 καὶ
3616 3982 3645 4034 ὁ
3672 3980 3847 4050 λόγος
3887 3985 3923 4037 ὁ

2298 4078 2589 4147 γενόμενος
2630 4077 2769 4146 πρὸς
2805 4075 3053 4131 Ἡσαΐαν.
3102 4075 3262 4138 Τίνος
3306 4075 3515 4139 ἕνεκεν,
3558 4072 3746 4146 ζητεῖς
3796 4093 3921 4145 μα-

2298 4168 2438 4235 θεῖν;
2482 4167 2628 4221 Διότι
2676 4169 2725 4219 οἱ
2778 4167 2877 4237 μὲν
2921 4166 3201 4237 προφῆται
3248 4167 3384 4237 πρὸς
3430 4166 3924 4237 σκληροκαρδίους

2297 4260 2600 4328 διελέγοντο
2639 4260 2736 4311 καὶ
2776 4258 3045 4323 ἀπειθεῖς,
3090 4260 3187 4313 καὶ
3229 4259 3319 4312 διὰ
3355 4258 3515 4314 τοῦτο
3559 4259 3772 4327 ἔλεγον,
3823 4263 3923 4315 ὅτι

2299 4352 2487 4421 ὅρασίς
2526 4352 2642 4404 ἐστι
2684 4350 2837 4416 θεία,
2873 4352 2967 4405 καὶ
2999 4351 3081 4403 ὅτι
3117 4350 3275 4418 λόγος
3310 4351 3458 4405 ἐστὶν
3491 4353 3555 4404 ἐκ
3588 4351 3728 4404 Θεοῦ
3760 4370 3775 4383 ο
3819 4354 3925 4409 ἵνα

2301 4442 2509 4514 φοϐηθῇ
2537 4446 2564 4496 ὁ
2590 4442 2719 4505 λαὸς
2736 4479 2757 4519 ,η
2780 4444 2873 4495 καὶ
2904 4443 2979 4514 μὴ
3006 4443 3394 4514 καταφρονῶσι
3422 4443 3530 4497 τῶν
3555 4443 3613 4496 λι
3626 4445 3917 4514 γομένων.

623 4521 692 4575 ad
722 4524 993 4589 credulos,
1053 4536 1236 4594 gratos
1290 4537 1347 4581 et
1405 4528 1744 4592 obedientes.
1807 4548 1861 4587 et
1912 4546 2194 4605 propterea

2316 4536 2371 4589 '0
2400 4536 2455 4589 δὲ
2487 4536 2787 4597 Ματθαῖος,
2816 4535 2953 4605 πρὸς
2980 4535 3303 4605 ἀνθρώπους
3328 4532 3441 4607 εἶχε
3470 4537 3919 4602 πιστεύσαντας,

624 4614 757 4668 nihil
788 4614 893 4668 tale
926 4616 1196 4683 pradixit,
1223 4620 1381 4687 quale
1421 4622 1714 4687 praphetai.
1744 4622 1967 4680 Possem
2017 4638 2197 4683 autem

621 4712 675 4756 et
692 4704 832 4759 aliud
855 4704 1056 4770 dicere,
1074 4708 1217 4777 quod
1237 4712 1511 4778 pr0phetaa
1532 4724 1710 4768 mente
1731 4715 1984 4773 videbant
2004 4734 2065 4773 ea
2077 4735 2197 4789 quas

620 4796 895 4861 videbant,
936 4797 1139 4867 Spiritu
1178 4808 1370 4855 sancto
1406 4804 1795 4871 apparitionem
1852 4808 2101 4875 faciente,
2143 4820 2200 4867 et

621 4897 907 4958 propterea
970 4892 1207 4947 visiones
1238 4895 1528 4950 vocabant.
1562 4896 1846 4955 “animus
1875 4911 2054 4959 autem
2086 4920 2191 4961 non

620 4981 951 5049 mentaliter,
992 4992 1047 5038 et
1118 4999 1212 5053 per
1256 4987 1648 5054 apparitionem
1702 4991 1977 5054 Christum
2038 4996 2190 5063 vidit,

622 5073 715 5127 sed
758 5074 1115 5142 corporaliter
1143 5090 1265 5131 cum
1298 5090 1363 5131 eo
1396 5078 1515 5143 fuit,
1546 5088 1597 5133 et
1645 5083 1976 5137 sensibiliter
2025 5086 2199 5142 audiit-

621 5181 771 5229 eum,
792 5166 980 5220 videns
997 5182 1119 5221 eum
1146 5168 1196 5221 in
1222 5183 1387 5223 carne
1416 5187 1431 5223 :
1457 5180 1511 5225 et
1528 5170 1729 5227 idcirco
1755 5188 1862 5227 non
1883 5175 2034 5243 dicit,
2058 5177 2193 5233 visio

625 5273 786 5327 quam
825 5258 881 5329 ι
914 5260 1042 5323 vidi,
1077 5261 1177 5315 hoc
1202 5270 1306 5326 est,
1330 5262 1615 5331 apparitio,
1658 5266 1776 5331 sed,
1806 5285 1824 5317 ι
1848 5264 2009 5323 Liber
2029 5286 2196 5341 gene-

625 5350 855 5405 rationis
882 5347 1031 5406 Iesu.
1076 5368 1097 5405 ι
1141 5350 1349 5408 Nomen
1391 5352 1517 5408 Jesu
1549 5370 1653 5408 non
1680 5365 1761 5410 est
1791 5344 2061 5425 Graecum,
2101 5363 2195 5417 sed

623 5433 975 5503 Hebraicum,
1000 5448 1053 5492 et
1081 5440 1496 5511 interpretatur,
1532 5442 1803 5500 Salvator.
1844 5446 2006 5503 Jesua
2052 5452 2195 5505 enim

624 5527 771 5581 salus
830 5530 974 5598 apud
1033 5530 1288 5587 Hebrtcos
1344 5536 1561 5590 dicitur.
1598 5556 1617 5589 ι
1662 5538 1883 5595 Christi.
1916 5560 1934 5593 ι
1994 5542 2195 5599 Christi

626 5618 945 5675 dicebantur
970 5636 1125 5693 rcges
1155 5636 1211 5680 et
1232 5628 1566 5685 sacerdotes.
1611 5630 2011 5703 lnungebantur
2050 5638 2194 5693 enim

694 5827 719 5859 ⁵
745 5826 856 5885 Isa.
894 5850 949 5903 τ,
966 5834 1056 5890 21.

2306 4628 2400 4680 καὶ
2437 4628 2788 4699 εὐγνώμονας
2823 4630 2921 4682 καὶ
2950 4629 3245 4693 εὐπειθεῖς.
3281 4630 3391 4683 Καὶ
3421 4629 3511 4683 διὰ
3543 4628 3702 4683 τοῦτο
3742 4632 3923 4687 οὐδὲν

2304 4721 2545 4775 τοιοῦτον
2570 4723 2853 4791 προεῖπεν,
2879 4716 2991 4774 οἷον
3012 4724 3063 4776 oi
3090 4725 3371 4793 προφῆται
3391 4739 3404 4753 ·
3442 4723 3549 4793 ἔχω
3572 4724 3629 4776 δὲ
3656 4725 3755 4776 καὶ
3782 4725 3927 4779 ἔτε-

2306 4814 2399 4885 ρόν
2430 4831 2483 4866 τι
2524 4816 2719 4877 είπείν,
2753 4815 2833 4868 ὃτι
2874 4817 2924 4869 οί
2968 4815 3069 4885 μὲν
3106 4816 3385 4885 προφῆται
3420 4816 3624 4886 ωητῶς
3664 4814 3926 4872 ἔϐλεπον

2302 4906 2446 4976 ἅπερ
2489 4906 2755 4971 ἔϐλεπον,
2799 4910 3203 4978 φανταζόμενοι
3243 4908 3421 4961 ταῦτα
3466 4907 3555 4959 διὰ
3593 4906 3685 4960 τοῦ
3733 4910 3925 4976 ἁγίου

2300 4998 2619 5069 Πνεύματος
2642 5016 2655 5030 ·
2686 5000 2768 5053 διὸ
2792 5001 2885 5054 καὶ
2906 5000 3125 5071 ὁράσεις
3150 5000 3322 5053 ταῦτα
3349 5000 3536 5068 ἔλεγον
3559 5016 3571 5029 ·
3598 5001 3626 5052 ὁ
3651 4999 3707 5051 δὲ
3739 5000 3933 5055 Mat-

2301 5088 2472 5154 θαῖος,
2514 5089 2574 5141 οὐ
2618 5090 2825 5159 ωητῶς
2864 5086 2972 5143 εἶδε
3012 5090 3104 5143 τὶν
3144 5089 3400 5161 Χριστὸν,
3440 5089 3531 5143 καὶ
3574 5089 3923 5166 ἐφαντάσθη

2300 5180 2496 5246 αὑτὸν,
2548 5180 2962 5251 ἀλλάίσθητῶς
3012 5180 3162 5250 αύτῷ
3214 5180 3416 5250 συνῆν,
3468 5180 3563 5233 καὶ
3612 5178 3925 5249 αἰσθητῶς

2300 5274 2497 5345 ηκουεν
2524 5272 2708 5339 αὑτοῦ,
2738 5272 2952 5343 βλέπων
2979 5273 3144 5328 αὑτὸν
3173 5274 3232 5325 ὲν
3261 5273 3444 5343 σαρκί.
3472 5272 3572 5323 Διά
3596 5270 3762 5324 τοῦτο
3788 5278 3927 5329 τοί-

2299 5382 2391 5419 νυν
2417 5366 2516 5419 οὐκ
2544 5361 2719 5432 εἴπεν,
2752 5366 2941 5435 ὅρασις
2994 5366 3060 5436 ἢν
3096 5362 3256 5429 εἶδον,
3277 5365 3393 5435 ἦτοι
3416 5362 3705 5433 φαντασία,
3726 5366 3920 5438 ἀλλὰ,

2307 5477 2324 5509 ι
2362 5458 2550 5521 Βίϐλος
2568 5458 2835 5525 γενέσεως
2868 5478 2886 5510 ι
2910 5457 3106 5526 Ἰησοῦ.
3130 5459 3202 5511 Τὸ
3218 5457 3421 5528 Ἰησοῦς
3438 5458 3628 5527 ὄνομα,
3654 5458 3755 5527 οὐχ
3774 5460 3923 5517 Ἑλ-

2299 5550 2517 5620 ληνικόν
2548 5552 2715 5615 ἐστιν,
2746 5550 2860 5610 ἀλλ’
2894 5550 3185 5619 Ἐϐραῖκόν
3212 5566 3225 5579 ⁸
3260 5550 3626 5621 ἑρμηνεύεται
3655 5548 3733 5615 δὲ,
3772 5553 3923 5607 Σω-

2302 5644 2428 5715 τήρ.
2463 5642 2588 5696 Ἰαὼ
2617 5643 2726 5715 γὰρ
2754 5645 2786 5714 ἡ
2818 5644 3062 5715 σωτηρία
3096 5645 3246 5717 παρὰ
3276 5648 3387 5709 τοῖς
3422 5643 3691 5715 Ἑϐραίοις
3721 5644 3929 5717 λέγεςη
