3966 6402
610 358 703 426 151

1491 353 2078 419 THEOPHYLACTI
2112 344 2545 418 BULGARIB'
2569 356 2929 417 ARCHIEP.

592 484 872 534 extentam
900 473 1052 544 pueri
1084 487 1297 527 manum
1329 469 1586 540 signavit,
1627 481 1735 539 quo
1771 468 2015 538 dignosci
2050 483 2172 539 pos-
2198 468 2252 529 Α
2276 468 2377 535 τῆς

3760 345 3881 415 152

2466 471 2660 540 ήτρας,
2693 468 2769 532 ὡς
2808 468 2969 539 δῆθεν
3024 464 3239 537 πρῶτος
3284 464 3722 536 τεχθησόμενοςο
3768 463 3880 517 καὶ

595 579 686 622 set
710 575 767 620 ut
793 564 1186 636 primogenitus
1217 575 1233 621 :
1274 560 1367 616 sed
1410 575 1544 631 puer
1572 576 1791 615 manum
1825 561 2007 615 statim
2042 574 2143 615 con

2278 562 2315 631 ἡ
2351 553 2485 630 μα’ία
2536 561 2774 632 κοκκίνῳ
2811 557 3060 632 σπαρτίῳ
3104 558 3406 629 ἐσφράγισε
3453 557 3731 626 συντόμως
3767 553 3880 630 τὴν

601 659 773 715 traxit
797 659 942 715 intra
968 668 1203 720 uterum,
1230 664 1289 721 et
1314 653 1452 709 alius
1476 653 1625 723 prior
1653 666 1815 708 natus
1844 662 1945 717 est,
1980 652 2173 707 deimle

596 752 686 806 ille
724 751 817 822 qui
848 766 1073 817 manum
1115 748 1470 820 pramiserat.
1505 744 1740 801 Vocatus
1771 754 1855 801 est
1894 745 2055 813 igitur
2079 742 2170 813 qni

595 845 746 912 prior
784 852 943 899 nam
974 843 1181 906 fuerat,
1228 840 1454 904 Phares,
1503 840 1648 911 quod
1699 847 1806 900 est,
1851 836 2166 892 Dissectio:

594 934 857 990 dissecuit
888 933 1037 989 enim
1060 933 1370 989 naturalem
1399 932 1665 988 ordinem.
1696 928 1796 995 Qui
1827 937 2005 983 autem
2038 924 2172 983 eon-

594 1026 758 1080 traxit
786 1022 1033 1093 insnum,
1069 1024 1209 1081 Zara
1242 1027 1484 1082 dicturus
1524 1033 1635 1079 est.
1666 1021 1949 1091 Signiﬁcat
1984 1030 2164 1076 autem

591 1118 705 1173 haec
757 1118 985 1173 historia
1040 1127 1441 1175 sacramentum
1489 1113 1781 1186 quoddam.
1840 1112 1973 1168 Nam
2024 1113 2168 1170 sicut

588 1209 726 1265 Zara
750 1212 987 1267 Ostendit
1022 1210 1240 1281 quidem
1269 1210 1504 1281 primum
1542 1222 1759 1263 manum
1818 1217 1871 1262 et
1893 1202 2162 1263 retraxit:

588 1300 660 1354 ita
707 1300 759 1355 in
806 1300 1013 1356 sanctis
1059 1302 1151 1370 qui
1200 1309 1359 1356 erant
1401 1308 1530 1373 ante
1564 1297 1737 1368 legem
1777 1306 1832 1353 et
1875 1296 2165 1361 circumci-

586 1393 829 1457 sionem,
856 1394 1110 1464 apparuit
1144 1394 1252 1447 vita
1283 1389 1623 1449 Christiana.
1658 1391 1859 1448 Omnes
1889 1392 2032 1447 enim
2059 1406 2162 1445 non

586 1502 652 1542 ex
708 1484 1183 1542 obsen'atiOnibus
1239 1496 1295 1542 et
1355 1485 1628 1541 mandatis
1692 1483 1826 1555 legis
1882 1482 2159 1555 iustiﬁcati

584 1576 822 1644 fuerunt,
854 1577 950 1633 sed
1001 1578 1125 1646 quia
1160 1575 1536 1649 Evangelicam
1572 1578 1740 1632 vitam
1786 1577 2059 1631 vixerunt.
2098 1574 2163 1629 Et

582 1669 812 1723 observa
843 1671 1118 1739 quomodo
1142 1669 1415 1727 Abraham
1451 1678 1659 1740 patrem
1687 1677 1742 1722 et
1765 1668 1982 1722 domum
2020 1682 2161 1738 pro-

578 1768 696 1829 pter
712 1761 893 1817 Deum
912 1760 1214 1832 reliquerit,
1241 1769 1557 1818 etnaturam
1577 1759 1945 1829 abnegavcrit.
1966 1761 2159 1815 Consi-

578 1850 711 1907 dera
744 1851 867 1919 Job,
910 1852 1329 1909 Melchisedech.
1372 1854 1470 1911 Ubi
1500 1864 1678 1909 autem
1711 1852 1795 1907 lex
1830 1852 1995 1917 venit,
2025 1866 2150 1907 con-

578 1953 751 1999 tracta
804 1956 889 2000 est
940 1944 1060 2001 talis
1091 1946 1220 1999 vita.
1276 1943 1743 2011 Quemadmodum
1794 1952 1973 1997 autem
2041 1941 2153 1998 illic

574 2046 702 2092 nato
734 2035 963 2103 Phares,
1006 2040 1278 2108 posterior
1311 2042 1505 2094 iterum
1536 2037 1667 2093 exiit
1707 2036 1844 2091 Zara
1886 2056 1897 2090 :
1930 2034 2005 2090 ita
2038 2034 2155 2106 lege

572 2127 721 2193 d°ta,
762 2128 959 2185 iterum
1007 2131 1259 2201 apparuit
1296 2132 1400 2185 vita
1438 2130 1780 2199 Evangelica,
1820 2143 1939 2198 qua:
1978 2128 2155 2183 cocci-

572 2235 676 2276 nco
706 2218 964 2289 l‘nmculo,
1000 2238 1220 2296 nempe.
1256 2224 1519 2293 sanguine
1546 2221 1750 2281 ChriSti
1779 2222 1988 2294 signata
2023 2220 2146 2275 fuit.

569 2308 829 2380 Proptera
877 2322 929 2368 et
972 2310 1318 2383 Evangelista
1357 2314 1683 2368 mentionem
1724 2311 1853 2366 fecit
1887 2311 2146 2375 duorum,

568 2403 723 2471 quasi
779 2404 1063 2460 declarans
1113 2405 1447 2460 nativitatem
1510 2403 1729 2459 illorum
1784 2400 2150 2457 sacramentis

566 2493 801 2565 plenam.
851 2495 919 2550 Et
959 2495 1117 2550 aliter
1162 2495 1344 2550 dicere
1385 2504 1564 2565 potes,
1624 2493 1956 2549 mentionem
2016 2491 2147 2546 facit

566 2585 821 2653 Thamar,
858 2589 1073 2643 tametsi
1111 2603 1215 2644 non
1260 2587 1527 2644 laudanda
1578 2585 1859 2648 videatur,
1892 2600 1958 2641 eo
2003 2584 2147 2656 quod

562 2678 880 2735 dormirerit
906 2694 1028 2735 cum
1059 2695 1249 2736 socero
1286 2700 1298 2735 :
1334 2688 1392 2735 ut
1419 2680 1693 2744 ostendat,
1723 2680 1866 2749 quod
1894 2678 2147 2733 Christus

560 2785 683 2829 cum
717 2774 1017 2843 susceperit
1059 2774 1242 2829 omnia
1276 2781 1495 2845 propter
1528 2789 1631 2831 nos
1676 2790 1690 2828 :
1722 2782 1777 2827 et
1809 2772 1911 2831 hoc
1952 2786 2143 2828 susce-

560 2865 663 2936 pit,
698 2872 758 2921 ut
788 2867 923 2923 tales
963 2866 1161 2922 habeat
1207 2868 1581 2936 progenitores
1621 2886 1634 2921 :
1687 2866 1797 2921 imo
1824 2873 1883 2919 ut
1910 2880 2007 2935 per
2042 2866 2145 2921 hoc

561 2958 735 3024 ipsum
770 2960 913 3027 quod
941 2974 1004 3015 ex
1039 2960 1119 3014 eis
1149 2969 1306 3015 natus
1332 2968 1415 3015 est
1470 2973 1563 3014 eos
1589 2957 1953 3014 sanetilicaret
1993 2975 2007 3012 :
2040 2972 2143 3011 non

559 3053 882 3111 enim'venit
915 3067 1113 3109 vocare
1146 3053 1345 3123 justos,
1386 3054 1481 3109 sed
1510 3063 1846 3123 peccatores.

2190 1819 2235 1877 Β

2278 654 2600 722 ἐξελθοῦσαν
2635 652 2730 707 τοῦ
2768 652 2959 717 παιδὸς
3006 654 3187 722 χεῐρα,
3219 653 3296 715 ὡς
3332 652 3400 706 ἂν
3448 648 3789 721 γνωρίζηται
3845 647 3882 701 6

2277 742 2495 815 πρῶτος
2523 742 2736 814 τεχθείς
2756 760 2767 773 ·
2813 741 2954 795 ἀλλὰ
3000 741 3312 795 συνέστειλε
3351 739 3451 811 τὴν
3483 741 3638 810 χεῖρα
3674 740 3701 792 6
3731 739 3881 800 παῖς

2276 836 2385 890 ἐσω
2447 837 2547 907 τῆς
2607 836 2844 906 μήτρας,
2882 834 2981 888 καὶ
3036 833 3234 905 ἐτέχθη
3283 833 3550 904 πρότερον
3591 830 3619 884 6
3672 831 3880 901 ἕτερος

2277 931 2427 993 παῖς,
2462 926 2561 983 εἷθ’
2601 928 2773 993 οὕτως
2800 928 3007 990 ἐκεῖνος
3041 929 3069 982 6
3102 929 3201 999 τὴν
3230 928 3393 997 χεῖρα
3424 926 3873 997 προὸαλόμενος·

2274 1019 2480 1091 ἐκλήθη
2507 1014 2600 1074 οὖν
2632 1020 2661 1073 6
2716 1019 2815 1090 μὲν
2866 1019 3132 1090 πρότερον
3171 1018 3404 1088 τεχθεὶς,
3428 1012 3625 1087 Φαρὲς,
3666 1016 3695 1070 ὅ
3744 1017 3879 1068 ἐστι

2272 1110 2528 1182 διακοπή·
2567 1111 2785 1182 διέκοψε
2842 1110 2952 1183 γὰρ
2995 1110 3093 1183 τὴν
3164 1111 3402 1181 φυσικὴν
3458 1110 3654 1177 τάξιν⁸
3712 1110 3741 1162 6
3806 1107 3876 1161 δὲ

2276 1204 2564 1269 συστείλας
2610 1206 2710 1274 τὴν
2748 1207 2929 1277 χεῖρα,
2971 1206 3160 1275 Ζαρά·
3216 1203 3478 1275 σημαίνει
3527 1204 3585 1257 δὲ
3631 1202 3774 1273 αὕτη
3830 1203 3873 1271 ἠ

2274 1299 2484 1369 ἱστορία
2536 1300 2839 1371 μυστήριόν
2884 1318 2935 1353 τι
2970 1317 2983 1331 ·
3022 1298 3211 1369 ὥσπερ
3268 1298 3379 1369 γὰρ
3416 1298 3445 1351 6
3474 1297 3645 1368 ,Ζαρὰ
3691 1294 3873 1359 ἔδειξα

2275 1389 2374 1459 μὲν
2418 1391 2636 1461 πρῶτον
2680 1392 2782 1464 τὴν
2813 1393 2992 1463 χεῖρα,
3028 1390 3330 1460 συνεστάλη
3384 1390 3440 1443 δὲ
3488 1389 3673 1455 πάλιν,
3713 1386 3875 1441 οὕτω

2271 1483 2363 1537 καὶ
2410 1483 2444 1555 ἠ
2493 1482 2637 1538 κατὰ
2684 1484 2922 1556 Χριστὸν
2950 1484 3221 1549 πολιτεία,
3282 1483 3453 1553 ἐφάνη
3522 1484 3620 1553 μὲν
3657 1483 3714 1536 ἐν
3743 1484 3873 1547 τοῖς

2269 1574 2378 1645 πρὸ
2427 1574 2523 1629 τοῦ
2574 1576 2739 1645 νόμου
2776 1578 2873 1631 καὶ
2908 1579 3010 1648 τῆς
3043 1576 3350 1649 περιτομῆς
3397 1576 3573 1645 ἁίίοις
3601 1592 3618 1609 σ
3653 1577 3869 1638 πάντες

2269 1666 2375 1735 γὰρ
2401 1656 2571 1731 οὗτοι,
2600 1667 2703 1720 οὐκ
2746 1668 2811 1722 ἐκ
2858 1666 2968 1721 τῶν
2996 1666 3089 1721 τοῦ
3139 1667 3305 1738 νόμου
3356 1667 3870 1738 παρατηρημάτων

2275 1757 2371 1809 καὶ
2425 1756 2658 1811 ἐντολῶν
2700 1756 3122 1829 ἐδικαιώθησαν,
3158 1756 3275 1811 ἀλλ’
3331 1758 3395 1810 ἐκ
3444 1754 3539 1809 τοῦ
3587 1756 3728 1809 κατὰ
3756 1758 3867 1826 τὴν

2266 1847 2632 1920 εύαγγελικὴν
2690 1848 2970 1903 πολιτείαν
3054 1850 3218 1919 ζῆσαι
3257 1864 3274 1882 ⁸
3352 1848 3446 1901 καὶ
3503 1848 3696 1902 σκόπει
3763 1847 3869 1902 τὸν

2264 1940 2536 2011 Ἀϐραὰμ,
2570 1940 2663 1994 τὸν
2691 1941 2899 2010 ἀφέντα
2935 1941 3152 2012 πατέρα
3199 1942 3295 1995 καὶ
3324 1941 3505 1997 οἰκίαν
3538 1942 3727 1995 ἕνεκεν
3758 1941 3865 1995 τοῦ

2264 2031 2423 2099 Θεοῦ,
2476 2032 2572 2089 καὶ
2627 2034 3094 2106 άπαρνησάμενον
3149 2034 3247 2089 καὶ
3292 2034 3393 2106 τὴν
3429 2034 3614 2104 φύσιν
3656 2035 3865 2089 σκόπει

2263 2125 2355 2179 τὸν
2403 2124 2545 2192 Ἰὼϐ,
2586 2128 2680 2180 τὸν
2728 2127 3087 2198 Μελχισεδέκ·
3140 2127 3237 2183 τοῦ
3270 2128 3438 2199 νόμου
3475 2128 3531 2182 δὲ
3576 2127 3863 2191 ἐλθόντος,

2260 2217 2563 2289 συνεστάλη
2606 2220 2638 2289 ἡ
2683 2218 2907 2289 τοιαύτη
2961 2219 3227 2275 πολιτεία·
3266 2218 3456 2293 ὥσπερ
3500 2219 3557 2273 δέ
3592 2220 3710 2273 ἐκεῖ
3753 2218 3862 2273 τοῦ

2262 2312 2440 2381 Φαρὲς
2471 2310 2848 2379 γεννηθέντος,
2883 2311 3113 2385 ὕστερον
3144 2312 3308 2367 πάλιν
3338 2311 3564 2380 ἐξῆλθεν
3600 2314 3629 2367 6
3669 2312 3860 2384 Ζαρὰ,

2262 2402 2407 2458 οὕτω
2434 2404 2528 2459 τοῦ
2557 2404 2725 2475 νόμου
2749 2404 3020 2470 δοθέντος,
3064 2405 3293 2477 ὕστερον
3336 2406 3581 2478 ἔλαμψεν
3607 2408 3639 2477 ἡ
3675 2407 3860 2477 εὐαγ-

2262 2493 2456 2566 γελικὴ
2496 2494 2765 2561 πολιτεία,
2798 2496 2831 2565 ἡ
2885 2495 2964 2566 τῷ
3001 2497 3241 2569 κοκκίνῳ
3283 2498 3556 2568 σπαρτίῳ,
3591 2497 3711 2568 ἤτοι
3768 2497 3862 2569 τῷ

2258 2586 2451 2656 αἵματι
2512 2587 2608 2639 τοῦ
2664 2587 2903 2658 Χριστοῦ
2958 2590 3380 2661 σφραγισθεῖσα·
3431 2590 3520 2644 διὰ
3550 2590 3710 2644 τοῦτο
3731 2589 3859 2662 γάρ

2251 2695 2334 2731 τοι
2366 2680 2461 2733 καὶ
2488 2681 2515 2732 6
2541 2679 2951 2751 Εὑαγγελιστὴς
2983 2682 3359 2753 ἐμνημόνευσε
3379 2682 3487 2738 τῶν
3516 2683 3611 2737 δύο
3635 2684 3858 2738 τούτων

2251 2770 2477 2835 παίδων,
2512 2771 2589 2835 ὡς
2630 2773 2987 2845 μυστηριώδη
3020 2775 3143 2829 τινὰ
3187 2775 3457 2847 δηλούσης
3510 2778 3611 2847 τῆς
3641 2778 3857 2849 γεννή-

2247 2880 2386 2927 σεως
2422 2864 2624 2917 αὐτῶν⁸
2658 2865 2755 2919 καὶ
2800 2865 2979 2931 ἄλλως
3007 2866 3087 2933 δέ,
3122 2870 3454 2940 μνημονεύει
3485 2870 3587 2941 τῆς
3612 2870 3850 2942 Θάμαρ,

2248 2958 2427 3009 καίτοι
2465 2957 2566 3011 οὐκ
2599 2959 2895 3030 ἐπαινετῆς
2946 2960 3235 3033 δοκούσης,
3261 2964 3349 3019 διὰ
3401 2964 3460 3017 τὸ
3500 2965 3729 3036 μιγῆναι
3759 2964 3852 3036 τῷ

2245 3047 2519 3120 πενθερῷ,
2577 3050 2667 3103 ἵνα
2711 3051 2860 3125 δείξῃ
2893 3054 2975 3107 ὅτι
3008 3056 3037 3109 6
3092 3056 3328 3126 Χριστὸς
3366 3060 3547 3113 πάντα
3588 3059 3654 3112 δι’
3686 3059 3852 3131 ἡμᾶς

560 3146 1038 3218 καταδεξάμενος,
1099 3146 1428 3213 κατεδέξατο
1485 3148 1579 3201 καὶ
1629 3146 1909 3211 τοιούτους
1974 3145 2122 3217 ἐχειν
2165 3142 2488 3215 προγόνους.
2558 3144 2777 3199 Μᾶλλον
2830 3146 2917 3201 ἵνα
2970 3148 3069 3201 καὶ
3116 3148 3186 3203 δι’
3224 3149 3392 3204 αὐτοῦ
3456 3148 3657 3205 τούτου
3736 3146 3850 3209 τοῦ

556 3243 654 3297 ἀπ’
680 3242 858 3298 αὐτῶν
880 3242 1227 3314 γεννηθῆναι,
1266 3244 1466 3315 ἁγιάσῃ
1502 3244 1699 3307 αὐτούς
1722 3261 1733 3274 ·
1763 3244 1824 3297 οὐ
1852 3244 1961 3315 γὰρ
1996 3236 2129 3315 ἦλθε
2170 3239 2400 3293 καλέσαι
2432 3237 2695 3307 δικαίους,
2728 3241 2863 3296 ἀλλὰ
2896 3241 3281 3315 ἁμαρτωλούς.

626 3338 793 3394 Vns.
824 3339 946 3394 5.5.
980 3358 998 3391 ι
1029 3339 1233 3395 Phares
1264 3350 1443 3395 autem
1474 3342 1669 3411 genuit
1694 3342 1910 3405 Esro‘m,
1945 3339 2131 3395 Esrom

2319 3352 2337 3385 ι
2399 3336 2571 3407 Φαρὲς
2621 3334 2676 3389 δὲ
2730 3338 2990 3409 ἐγέννησε
3041 3339 3133 3391 τὸν
3188 3335 3409 3409 Ἑσρώμ
3440 3353 3453 3368 ·
3509 3336 3732 3409 Ἑσρώμ
3775 3340 3843 3397 δὲ

555 3440 735 3485 autem
757 3432 942 3502 genuit
973 3433 1158 3499 Aram,
1189 3432 1352 3488 Aram
1392 3444 1572 3489 autem
1602 3436 1787 3506 genuit
1808 3436 2133 3501 Aminadab,

551 3520 855 3578 Aminadab
905 3531 1085 3577 autem
1136 3525 1324 3593 genuit
1368 3522 1583 3581 Naason
1636 3525 1900 3581 :Naason
1954 3538 2133 3582 autem

554 3615 738 3685 genuit
766 3614 1011 3683 Saimon,
1047 3615 1269 3673 Ssimon
1306 3628 1484 3674 autem
1534 3620 1721 3689 genuit
1752 3619 1894 3675 Booz
1928 3636 1995 3677 ex
2029 3620 2133 3674 [ta-

553 3708 713 3763 cbab.
749 3725 767 3759 s
805 3706 1030 3765 Rachah
1056 3711 1247 3781 putant
1284 3712 1501 3781 quidam
1531 3712 1685 3767 Raab
1719 3723 1985 3776 scortum,
2014 3727 2135 3783 qua:

549 3799 922 3871 exploratores
952 3798 1079 3855 Jesu
1117 3800 1264 3857 Nave
1308 3803 1574 3874 suscepit,
1624 3804 1973 3873 servavitque
2016 3818 2130 3871 eos,

548 3901 603 3946 et
628 3899 846 3946 servata
882 3900 963 3947 est
1001 3891 1166 3947 etiam
1209 3893 1344 3962 ipsa.
1391 3893 1721 3949 Mentionem
1769 3902 1951 3948 autem
1998 3893 2131 3950 fecit

544 3996 684 4052 eius.
715 3988 777 4036 ut
805 3980 1110 4037 declararet
1140 3984 1285 4052 quod
1307 3983 1445 4038 sicut
1472 3985 1587 4054 ipsa
1620 3994 1865 4041 scortum
1898 3984 2019 4053 fuit,
2056 3989 2126 4043 ita

545 4082 599 4126 et
631 4072 873 4143 gentium
901 4072 1271 4147 congregatio.
1298 4074 1733 4139 Fornica’hantur
1756 4079 1899 4131 enim
1932 4078 1983 4132 in
2013 4086 2126 4133 stu-

545 4166 650 4218 diis
683 4165 817 4229 suis,
858 4166 951 4219 sed
998 4166 1264 4235 susceptis
1312 4166 1743 4237 exploratoribus
1790 4168 1953 4236 Jcsu,
1997 4185 2129 4241 apo-

543 4256 698 4309 stolis
728 4256 972 4325 inqusm,
1004 4271 1069 4312 ex
1104 4258 1353 4328 gentibus
1393 4273 1586 4314 omnes
1618 4261 1709 4330 qui
1743 4244 1958 4315 illorum
2002 4277 2125 4318 cre-

542 4346 794 4402 diderunt
830 4349 1204 4413 sermonibus,
1252 4350 1446 4405 salvati
1498 4360 1648 4407 sunt.
1693 4370 1711 4403 ι
1763 4352 1906 4407 Booz
1942 4363 2122 4408 autem

541 4437 725 4505 genuit
753 4435 903 4492 Obed
932 4452 998 4492 cx
1042 4436 1207 4493 Ruth.
1245 4457 1262 4490 ι
1305 4436 1449 4494 Ruth
1492 4441 1629 4507 hanc,
1664 4442 1964 4511 alienigena
1997 4442 2119 4509 fuit,

538 4529 828 4598 conjdneta
856 4540 939 4586 cst
966 4542 1143 4587 tamen
1175 4532 1317 4588 Booz
1352 4552 1365 4589 :
1400 4534 1474 4590 ita
1497 4543 1550 4589 et
1578 4534 1819 4592 Ecclesia
1850 4551 1914 4591 ex
1941 4538 2121 4609 genti-

538 4623 664 4690 bus,
682 4622 1001 4694 alienigena
1022 4627 1315 4691 exsistens,
1351 4636 1406 4681 et
1428 4642 1453 4675 a
1492 4630 1835 4683 testamentis
1858 4634 2119 4698 extraria,

2242 3426 2501 3498 ἐγέννησε
2552 3427 2644 3481 τὸν
2688 3430 2886 3501 Ἀράμ·
2934 3429 3113 3501 Ἀρὰμ
3165 3430 3220 3484 δὲ
3251 3430 3513 3501 ἐγέννησε
3549 3432 3640 3485 τὴν
3671 3432 3849 3503 Ἀμι-

2240 3519 2428 3573 ναδάϐ·
2461 3520 2764 3592 Ἀμιναδάϐ
2794 3522 2853 3576 δέ
2886 3524 3145 3594 ἐγέννησε
3178 3523 3269 3576 τὸν
3297 3524 3559 3578 Ναασώνδ
3591 3525 3845 3582 Ναασὼν

2237 3611 2293 3664 δὲ
2314 3612 2575 3685 ἐγέννησε
2623 3615 2715 3669 τὸν
2758 3616 3010 3687 Σαλμών*
3057 3616 3293 3688 Σαλμὼν
3322 3618 3380 3671 δέ
3427 3619 3690 3690 ἐγέννησε
3738 3621 3843 3676 τὸν

2238 3700 2373 3766 Bob:
2417 3705 2482 3757 ἐκ
2510 3705 2608 3775 τῆς
2644 3705 2871 3776 Ῥαχάσ.
2914 3724 2933 3759 ι
2971 3707 3178 3777 Ῥαχάϐ
3206 3707 3489 3778 νομίζουσί
3518 3727 3662 3773 τινες
3688 3708 3845 3768 εἶναι

2236 3793 2333 3865 τὴν
2370 3795 2541 3849 Ῥαὰῦ
2575 3797 2793 3869 ἐκείνην
2820 3800 2917 3865 τὴν
2958 3799 3189 3870 πόρνην,
3226 3800 3353 3870 ἥτις
3391 3803 3518 3866 τοὺς
3552 3805 3843 3858 κατασκό-

2235 3903 2373 3951 πους
2424 3887 2647 3954 ἐδέξατο
2680 3890 2777 3944 τοῦ
2821 3889 2997 3963 Ἰησοῦ
3056 3891 3153 3946 τοῦ
3203 3893 3383 3963 Ναυῆ.
3416 3896 3528 3949 Καὶ
3567 3896 3842 3953 διέσωσεν

2234 3981 2453 4044 αὐτοὺς,
2494 3982 2591 4035 καὶ
2630 3982 2866 4054 διεσώθη
2901 3986 2996 4037 καὶ
3036 3985 3199 4056 αὐτίγ
3224 3986 3555 4058 ἐμνήσθηδέ
3590 3988 3837 4058 ταύτης,

2233 4066 2317 4118 ἵνα
2348 4066 2569 4139 δηλώσῃ
2596 4069 2678 4123 ὅτι
2709 4070 2902 4145 ὥσπερ
2938 4072 3080 4145 αὕτη
3118 4075 3294 4147 πόρνη
3346 4072 3436 4147 ἦν,
3483 4077 3627 4131 οὔτω
3662 4080 3761 4133 καὶ
3797 4083 3837 4153 ἠ

2228 4156 2340 4210 τῶν
2401 4156 2574 4212 ἐθνῶν
2623 4164 2957 4234 συναγωγήν
3002 4164 3404 4235 ἐξεπόρνευσαν
3453 4170 3563 4241 γάρ
3605 4169 3665 4223 ἐν
3710 4173 3835 4237 τοῖς

2229 4249 2661 4321 ἐπιτηδεύμασιν
2719 4254 2921 4309 αὐτῶν.
2992 4256 3156 4311 Ἀλλὰ
3205 4258 3494 4330 δεξάμενοι
3546 4263 3673 4327 τοὺς
3725 4265 3835 4319 τοῦ

2241 4337 2417 4408 Ἰησοῦ
2474 4344 2884 4415 κατασκόπους,
2946 4348 3067 4419 ἦτοι
3119 4351 3247 4415 τοὺς
3312 4354 3672 4420 ἀποστόλους,
3728 4360 3836 4413 καὶ

2226 4434 2545 4502 πεισθέντες
2576 4441 2689 4503 τοῖς
2716 4439 2894 4510 λόγοις
2917 4443 3164 4511 ἐκείνων,
3206 4446 3499 4519 ἐσώθησαν
3540 4449 3744 4516 πάντες
3775 4454 3835 4508 οι

2226 4527 2285 4591 ἐξ
2344 4528 2535 4583 ἐθνῶν.
2596 4550 2614 4582 ι
2675 4531 2811 4598 Βοὸζ
2838 4534 2895 4588 δέ
2948 4536 3208 4607 ἐγέννησε
3262 4540 3353 4594 τὸν
3412 4540 3572 4612 Ὠῦὴδ
3616 4544 3680 4597 ἐκ
3721 4548 3834 4618 τῆς

2236 4621 2417 4675 Ῥούθ.
2461 4642 2479 4676 ι
2529 4623 2593 4676 Ἦ
2649 4624 2803 4680 Ῥοὺθ
2843 4627 2983 4700 αὓτη
3037 4630 3335 4700 ἀλλόφυλος
3393 4629 3484 4706 ἦν,
3528 4636 3831 4708 ἀλλ’δμως

534 4713 701 4770 oblita
730 4725 813 4770 est
848 4716 1027 4786 populi
1060 4718 1168 4781 sui,
1205 4727 1259 4772 et
1295 4717 1473 4773 cultus
1504 4718 1943 4790 simulacrorum,
1976 4723 2033 4793 θ
2066 4734 2123 4778 et

2253 4716 2508 4791 ιυνεζύγη
2544 4719 2622 4791 τῷ
2652 4720 2809 4785 Βοόζ·
2844 4724 2989 4779 οὕτω
3044 4728 3139 4781 καὶ
3194 4731 3227 4799 ἡ
3263 4730 3321 4797 ἐξ
3378 4731 3551 4785 ἐθνῶν
3585 4730 3831 4807 Ἐκκλη-

533 4805 737 4863 diaboli
782 4810 957 4880 patris
996 4810 1103 4875 sui,
1153 4811 1238 4865 cui
1268 4811 1456 4880 juncta
1504 4821 1651 4878 erat,
1696 4820 1751 4870 et
1794 4817 1975 4885 nupsit
2006 4817 2118 4872 lilio

533 4900 648 4959 Del.

604 5165 772 5222 Vens.
801 5167 917 5223 543.
953 5186 971 5219 ι
1006 5167 1157 5225 Obed
1190 5179 1369 5228 autem
1401 5177 1587 5243 genuit
1616 5173 1790 5243 Jesse,
1824 5177 1980 5235 Jesse
2013 5196 2109 5234 au-

525 5263 638 5310 sam
675 5257 864 5325 genuit
907 5257 1076 5315 David
1129 5276 1333 5333 regem,
1376 5264 1539 5321 David
1579 5278 1757 5321 autem
1788 5282 1880 5323 res
1924 5274 2108 5341 genuit

2231 4812 2345 4877 σία,
2379 4811 2682 4883 ἀλλόφυλος
2713 4811 2872 4883 οὖσα,
2907 4820 3002 4873 καὶ
3026 4820 3133 4887 ἔξω
3158 4823 3265 4877 τῶν
3288 4823 3828 4897 διαθηκῶν,λέπελά‹-

2224 4902 2349 4956 θετο
2393 4905 2487 4959 τοῦ
2532 4907 2659 4959 λαοῦ
2698 4908 2893 4981 αὐτῆς,
2932 4913 3027 4966 καὶ
3060 4914 3170 4969 τῶν
3200 4917 3499 4973 εἱδωλικῶθ
3528 4921 3825 4993 σεϐασμάο

2222 5014 2353 5064 των,
2382 5000 2596 5054 καὶτοῦ
2630 5004 2837 5075 πατρὸς
2887 5007 3057 5078 αὐτῆς
3104 5009 3200 5063 τοῦ
3240 5010 3511 5069 διαϐόλου.
3546 5016 3657 5070 Καὶ
3687 5018 3827 5093 ἐλή-

2223 5090 2331 5160 φθη
2368 5094 2447 5155 εἰς
2476 5094 2655 5166 γάμον
2685 5096 2764 5169 τῷ
2797 5099 2896 5171 υίῷ
2918 5102 3012 5155 τοῦ
3046 5103 3206 5160 Θεοῦ.

2306 5180 2468 5253 Ὠσὴδ
2503 5184 2561 5237 δὲ
2602 5187 2864 5258 ἐγέννησε
2894 5190 2985 5244 τὸν
3036 5192 3257 5248 Ἰεσσαί·
3299 5198 3503 5252 Ἰεσσαὶ
3558 5198 3615 5253 δέ
3646 5201 3817 5269 ἐγέν-

2218 5287 2347 5340 νησε
2407 5277 2500 5329 τὸν
2543 5279 2707 5332 Δαυῒδ
2749 5281 2843 5335 τὸν
2907 5282 3156 5353 βασιλέα·
3192 5288 3354 5341 Δαυῒδ
3401 5290 3459 5344 δὲ
3493 5292 3520 5343 6
3552 5288 3821 5363 βασιλέὺς

524 5343 871 5404 Solomonem
902 5363 969 5403 ex
1000 5363 1060 5404 ea
1085 5364 1205 5420 qua
1230 5351 1330 5407 luit
1362 5351 1523 5410 Urize.
1566 5374 1585 5408 ι
1624 5355 1727 5412 Hic
1753 5374 1966 5429 quoque
1994 5360 2111 5429 eius

2253 5365 2477 5437 γέννησε
2542 5370 2636 5423 τὸν
2697 5343 3022 5443 Σολομώντα
3072 5378 3135 5431 ἐκ
3166 5378 3265 5449 τῆς
3295 5343 3817 5455 τοῦΟὐριίου-.”1ξαί

524 5451 644 5507 qua
693 5436 796 5492 fuit
854 5439 994 5495 Uria:
1043 5446 1371 5501 mentionem
1421 5448 1570 5517 facit,
1620 5460 1675 5505 ut
1733 5452 1924 5507 doceat
1964 5456 2107 5523 quod

2253 5436 2510 5552 ἱάλιντῆς
2545 5461 2641 5516 τοῦ
2680 5436 2879 5536 Οὐρίου
2915 5436 3272 5539 μνημονεύει,
3308 5474 3391 5527 ἵνα

526 5544 686 5586 nemo
711 5531 903 5587 debeat
946 5537 1271 5593 erubescere
1313 5549 1534 5609 propter
1577 5546 1974 5615 progenitores,
2012 5549 2107 5602 scd

2253 5550 2272 5601 5
2300 5550 2380 5604 δεῖ
2409 5531 2841 5625 ἐπαισχύνεσθαι
2871 5531 3415 5640 τοὺξπροπάτορας·
3443 5570 3578 5624 ἀλλὰ

525 5622 656 5677 dare
701 5624 872 5691 magis
907 5639 931 5653 θ
977 5641 1123 5682 eram
1157 5630 1357 5685 virtute
1405 5649 1499 5687 sua
1536 5634 1656 5690 illos
1698 5637 1960 5694 clariores
1988 5641 2104 5695 ciii-

2253 5644 2539 5710 πουδάζειν
2582 5622 2671 5704 διὰ
2719 5653 2815 5721 τῆς
2848 5622 3057 5720 οἰκείας
3080 5622 3304 5729 ⁸ἀρετῆς

524 5727 667 5776 cere,
686 5724 737 5767 et
761 5729 874 5784 quo
948 5733 1117 5774 amnes
1146 5723 1351 5791 accepti
1378 5724 1487 5780 sint
1514 5724 1647 5795 Deo,
1680 5728 1841 5785 etiam
1874 5745 1901 5786 e
1922 5743 2105 5789 scorto

524 5802 631 5827 ..ηιῖ
695 5806 849 5827 ..-1-
887 5808 982 5827 _!,.
1014 5818 1069 5827 ,.,
1147 5811 1158 5823 ο
1208 5822 1218 5827 -
1382 5815 1451 5827 ιμ-

2253 5737 2444 5799 είνους·
2490 5742 2583 5794 καὶ
2606 5742 2688 5797 ὅτι
2728 5746 2931 5810 πάντες
2965 5749 3147 5803 δεκτοί
3174 5753 3279 5805 εἰσι
3314 5754 3389 5824 τῷ
3425 5755 3567 5827 Θεῷ,
3598 5758 3700 5813 κᾶν
3736 5762 3806 5819 ἐκ

518 5802 654 5872 nati,
695 5806 853 5863 modo
887 5808 1079 5869 virtute
1115 5811 1219 5867 sint
1250 5815 1480 5885 praediti.

2253 5829 2417 5902 ὀρνης
2452 5837 2775 5907 γεννηθῶσι,
2814 5840 2973 5913 μόνον
3000 5844 3095 5898 ἐὰν
3128 5846 3326 5919 ἀρετὴν
3354 5802 3577 5920 ἐχωσῖἰ.
