3966 6484
74 158 113 233 με

60 322 113 361 Ἓ

50 390 51 393 η
80 370 113 411 ηε

60 304 161 319 ιφιιιιν-
194 314 199 321 ι

40 404 47 469 ί
86 448 139 485 ,τί
174 404 321 485 λα

914 412 1369 477 ΕΝΑΒΒΑΤΙΟ
1404 411 1488 474 IN
1527 409 1828 475 EVANGE

1935 412 2040 473 ΗΜ
2080 412 2473 496 ΜΑΤΤΗΕΙ.
2513 437 2586 450 -
2623 412 2787 474 CAP.
2827 411 2880 474 Ι.

3438 406 3546 477 158

194 498 437 603 ἠϐρα
461 524 669 592 πιστδῖ
718 534 793 599 ἢν
861 526 978 590 τοῖς
1006 526 1108 600 μὲν
1149 524 1260 596 γὰρ
1309 523 1538 595 ποιμέσι
1575 521 1828 594 φανερῶς

1940 533 2097 595 paret
2134 526 2210 589 ei,
2252 494 2397 593 quod
2449 522 2502 577 in
2536 521 2644 578 title
2686 520 2919 577 multum
2953 526 3100 577 esset
3148 520 3361 576 ﬁrmus.
3407 519 3547 577 Nam

190 619 502 697 ww
550 620 586 675 δ
637 617 898 694 me)“,
940 618 1021 683 ὡς
1068 616 1371 689 ἀγροίκοιςο
1400 614 1579 687 τούτῳ
1621 614 1700 679 δὲ,
1754 613 1831 675 ὡς

194 714 415 788 ων
448 715 557 772 καὶ
588 712 793 787 πιστῷ,
824 713 950 768 καθ’
981 711 1153 765 ὕπνου
1174 726 1189 740 ·
1224 712 1341 773 πῶς
1383 710 1441 763 δὲ
1487 710 1591 763 οὐκ
1633 706 1831 778 ἔμελλε

194 806 549 871 πιστεῦσαι,
578 809 714 861 ὅταν
745 809 775 861 6
817 804 1053 874 ἄγγελος
1083 802 1364 857 ἐδίδασκεν
1398 803 1567 858 αὐτὸν
1593 802 1725 871 περὶ
1754 795 1832 856 ὧν

194 900 382 965 αὑτὸς
445 901 599 954 κατά
652 900 897 954 διάνοιαν
950 893 1086 967 εἶχε,
1116 896 1209 950 καὶ
1242 897 1374 967 περὶ
1399 891 1476 951 ὧν
1520 897 1622 950 οὐκ
1648 896 1831 962 1ξεῖπὲ
1885 964 1891 969 _

193 1008 359 1059 τηις
403 990 857 1068 Ἐνθυμηθέντος
903 987 1015 1059 γάρ
1046 985 1236 1050 αὑτοῦ,
1282 988 1399 1042 ἀλλ’
1444 989 1546 1041 οὐκ
1599 980 1833 1059 ἐκλαλή-

194 1101 439 1151 σιντος,
491 1084 790 1153 ἐφίσταται
856 1080 1008 1150 αὐτῷ
1059 1081 1087 1133 6
1125 1080 1381 1149 ἄγγελος
1437 1080 1669 1143 εἰκότως
1732 1076 1830 1132 οὖν

194 1167 553 1234 Nascuch
592 1177 678 1230 ὅτι
708 1176 773 1228 ἐκ
793 1173 933 1227 Θεοῦ
964 1175 1102 1225 ἐστι·
1135 1169 1274 1225 Θεοῦ
1306 1174 1419 1244 γάρ
1456 1173 1519 1226 τὸ
1551 1173 1619 1226 τά
1655 1172 1829 1245 61:69-

199 1271 355 1342 ρητα
414 1268 650 1323 ειδέναι.
686 1285 717 1318 ιΔ
773 1265 976 1335 Ἰωσὴφ
1023 1264 1139 1326 υίὸς
1183 1264 1371 1317 Δαυῖδ.
1415 1282 1433 1315 ι
1491 1264 1622 1316 Υἱὸν
1663 1261 1831 1315 Δαυῒδ

196 1358 368 1416 εἶπεν
392 1361 591 1421 αὐτὴν,
626 1357 1069 1428 ἀναμιμνήσκων
1095 1355 1282 1422 αὑτὸν,
1316 1356 1402 1410 ὅτι
1425 1359 1490 1410 ὲκ
1521 1356 1619 1410 τοῦ
1654 1356 1826 1427 σπέρ-

201 1473 396 1528 ματος
449 1452 624 1508 Δαυτδ
678 1450 1097 1524 προεφητεύετο
1129 1450 1157 1502 6
1188 1450 1427 1521 Χριστὸς
1460 1449 1705 1503 ἔσεσθαιθ
1734 1450 1829 1503 καὶ

196 1548 447 1602 τοιαῦτα
515 1545 718 1613 λέγων,
779 1544 885 1607 ὃτι,
933 1542 1009 1612 μὴ
1064 1540 1309 1605 ἀπίστει,
1337 1539 1671 1612 ἐνθυμηθεὶς
1728 1540 1826 1594 τοῦ

199 1637 399 1701 Δαυῖδ,
430 1637 492 1701 6;
515 1616 859 1705 ὶπαγγελίαν
876 1633 1095 1696 ἐδέξατο
1122 1635 1254 1706 περὶ
1282 1635 1378 1687 τοῦ
1397 1633 1660 1705 Χριστοῦ.
1690 1653 1708 1685 ι
1734 1634 1826 1705 Μὴ

199 1728 462 1799 φοϐηθῇς
503 1727 877 1798 παραλαϐεῖν.
924 1744 944 1778 ι
976 1724 1262 1780 Δείκνυσιν
1280 1726 1557 1791 ἐντεῦθεν,
1582 1728 1665 1780 ὅτι
1697 1729 1827 1796 ὲφου

199 1820 359 1874 ϐεῐτο
392 1819 578 1891 αὐτὴν
611 1819 779 1889 ἔχειν,
816 1818 893 1888 μή
932 1834 1051 1881 πως
1081 1820 1438 1890 προσκρούσῃ
1464 1819 1543 1889 τῷ
1577 1818 1718 1889 Θεῷ,
1747 1818 1825 1883 ὡς

1916 615 2163 695 angelus
2185 616 2403 684 quidem
2437 613 2779 683 pastoribus.
2803 620 2863 665 ut
2884 612 3223 685 agrestibus,
3253 610 3550 669 manifeste

1935 708 2152 768 locutus
2177 716 2264 762 est
2296 726 2310 762 :
2350 706 2477 762 huic
2503 714 2688 761 autem
2723 715 2781 759 ut
2810 703 2959 776 justo
2986 712 3041 759 et
3069 703 3240 769 ﬁdeli,
3274 718 3373 773 per
3399 719 3552 760 som-

1934 818 2086 857 num.
2137 799 2423 868 Quomodo
2453 806 2637 854 autem
2674 813 2788 852 non
2822 797 3144 854 crediturus
3195 804 3378 861 esset,
3420 812 3547 853 cum
3618 799 3635 809 ’

1934 894 2160 965 angelus
2185 894 2408 947 doceret
2449 906 2573 947 eum
2608 891 2677 945 de
2710 890 2779 944 iis
2818 906 2940 960 qua;
2975 891 3089 958 ipse
3132 892 3318 945 animo
3359 906 3549 958 versa-

1932 988 2058 1052 bat,
2104 995 2159 1041 et
2210 987 2276 1040 de
2320 985 2386 1043 iis
2431 998 2552 1053 quae
2600 982 2732 1036 nulli
2775 981 3039 1037 dixerat?
3077 980 3216 1036 Nam
3261 998 3384 1037 cum
3431 984 3551 1053 ipse

1933 1080 2203 1150 cogitaret
2243 1088 2296 1133 et
2350 1092 2455 1131 non
2489 1076 2827 1146 loqueretur,
2863 1076 3036 1130 astitit
3073 1075 3323 1145 angelus.
3351 1073 3549 1131 Merito

1930 1155 2100 1243 igitur
2130 1170 2360 1226 credidit
2395 1184 2459 1224 ex
2494 1168 2605 1223 Deo
2638 1183 2783 1225 esse.
2821 1166 2913 1222 Dei
2951 1168 3097 1222 enim
3131 1181 3214 1222 est
3242 1169 3388 1224 scire
3422 1184 3547 1240 qua;

1932 1281 2039 1320 non
2064 1264 2313 1319 eﬂamur.
2341 1282 2360 1317 ι
2392 1262 2595 1332 Josepli
2626 1262 2696 1316 illi
2720 1263 2909 1317 David.
2947 1281 2965 1314 ι
2994 1261 3193 1317 Filium
3222 1263 3391 1319 David
3418 1279 3544 1319 eum

1931 1355 2091 1419 dixit,
2118 1355 2171 1408 in
2203 1354 2523 1409 memoriam
2556 1353 2824 1431 reducens
2855 1353 3000 1423 quod
3032 1369 3066 1422 p
3087 1355 3372 1409 raedictum
3402 1364 3545 1422 erat,

1930 1446 2175 1501 futurum
2209 1444 2490 1501 Christum
2517 1460 2585 1500 ex
2613 1446 2823 1501 semine
2850 1439 3045 1500 David.
3086 1447 3153 1501 Et
3181 1448 3300 1503 haec
3328 1448 3541 1513 dicens,
3602 1486 3607 1490 .

1930 1539 2213 1594 admonuit
2248 1546 2307 1593 ut
2341 1552 2449 1592 non
2486 1538 2846 1605 discredcret,
2907 1538 3005 1594 sed
3039 1541 3305 1610 cogitaret
3349 1540 3544 1608 David,

1928 1631 2023 1703 qui
2052 1631 2472 1701 promissionem
2505 1640 2798 1701 acceperat
2818 1631 2885 1687 de
2909 1632 3156 1690 Christo.
3187 1653 3206 1686 ι
3240 1633 3319 1689 Ne
3349 1635 3548 1689 timeas

1929 1727 2201 1796 accipere.
2248 1743 2268 1777 ι
2298 1723 2550 1781 Ostendit
2576 1725 2663 1780 bic
2692 1726 2836 1794 quod
2873 1729 3133 1782 metuerit
3163 1727 3364 1782 habere
3395 1743 3542 1794 eam,

1932 1834 1998 1873 ne
2032 1816 2174 1872 forte
2198 1816 2499 1873 oil‘enderet
2523 1816 2721 1880 Deum.
2749 1817 2827 1872 uti
2859 1818 3171 1873 adulteram
3207 1817 3420 1885 fovens,
3451 1830 3549 1872 aut

204 1912 512 1983 μοιχαλίδα
539 1912 701 1983 ἔχων.
739 1913 813 1965 Ἥ
846 1912 941 1964 xui.
969 1911 1182 1976 ἄλλως,
1225 1912 1300 1983 μὴ
1346 1913 1617 1984 φοϐηθῇς,
1662 1932 1823 1966 τουτ-

1935 1909 2108 1965 aliter.
2141 1909 2219 1964 Ne
2250 1910 2470 1974 timeas,
2501 1910 2604 1963 hoc
2637 1919 2743 1973 est,
2776 1918 2831 1962 tu
2865 1909 3086 1977 quidem
3121 1910 3284 1964 times
3314 1909 3539 1979 adjungi

198 2007 346 2070 ἐστι,
383 2006 455 2058 σὺ
487 2006 592 2075 μὲν
622 2004 765 2075 φοϐῇ
802 2004 1194 2074 προσάψασθαι
1221 2004 1419 2073 αὐτῆς,
1452 2004 1529 2068 ὡς
1556 2008 1620 2058 ὲκ
1646 2005 1821 2061 Πνεύ-

205 2115 388 2167 ματος
433 2098 601 2166 ἁγίου
651 2093 1046 2165 συλλαϐούσηςο
1076 2096 1213 2150 ἀλλὰ
1246 2098 1323 2167 μὴ
1356 2096 1526 2167 φοϐοῦ
1560 2100 1817 2169 παραλα-

201 2192 343 2256 ϐεῖν,
392 2190 711 2255 τουτέστιν,
742 2190 894 2244 ἔνδον
927 2192 1203 2261 κατέχειν·
1235 2194 1303 2263 τῇ
1339 2190 1445 2263 γὰρ
1471 2192 1685 2264 διανοίᾳ
1719 2191 1819 2247 καὶ

199 2288 265 2355 τῇ
299 2284 619 2355 ἔνθυμήσει
676 2283 777 2355 ήδη
820 2284 1091 2338 ἀπέλυσεν
1133 2285 1330 2356 αὐτήν.
1387 2305 1406 2338 ι
1446 2280 1683 2357 Μαριάμ
1725 2285 1825 2358 τὴν

202 2377 450 2444 γυναῖκά
482 2391 608 2431 σου.
650 2392 670 2425 ι
731 2373 906 2429 Τοῦτο
948 2373 1225 2443 λέγειὸτι,
1270 2376 1346 2428 Σὺ
1399 2376 1503 2446 μὲν
1557 2377 1689 2441 ἴσως
1739 2394 1824 2430 νο-

206 2467 395 2539 μίζεις
437 2468 531 2521 δτι
574 2464 829 2537 μοιχαλίς
884 2451 1057 2523 ἑστιν.
1106 2468 1251 2536 Ἐγὼ
1308 2469 1366 2523 δὲ
1422 2469 1569 2538 λέγω
1613 2487 1696 2523 σοι
1735 2470 1819 2523 ὅτι

204 2542 341 2627 γυνή
376 2558 479 2611 σού
518 2558 1015 2623 ἔστι.ιΤουτέστιν,
1061 2561 1161 2631 οὐχ
1214 2561 1320 2614 ὑπό
1351 2578 1499 2624 τινος
1528 2561 1821 2631 διεφθάρη,

205 2648 346 2703 ἀλλὰ
371 2651 443 2720 σή
476 2652 599 2703 ἐστι
631 2650 871 2720 μνηστή.
908 2668 926 2701 ι
963 2650 1037 2703 Τὸ
1070 2663 1181 2722 γάρ
1226 2651 1285 2703 ὲν
1345 2653 1491 2723 αὐτῇ
1526 2652 1815 2722 γεννηθὲν,

208 2746 273 2797 ὲκ
298 2743 641 2815 Πνεύματός
668 2746 818 2796 ἐστιν
859 2743 1039 2812 άγίου.
1079 2764 1097 2796 ι
1136 2746 1210 2797 Οὐ
1245 2745 1357 2816 γάρ
1390 2748 1551 2815 μόνον
1571 2746 1822 2816 ἀπήλλα-

210 2842 334 2891 κται
382 2836 717 2907 παρανόμου
760 2836 985 2907 μίξεως,
1024 2835 1159 2889 ἀλλὰ
1184 2837 1277 2890 καὶ
1323 2839 1466 2891 κατά
1504 2855 1626 2892 τινα
1682 2837 1825 2891 θειό-

210 2946 372 2999 τερον
407 2928 618 3001 τρόπον
657 2927 978 2989 συνέλαϐεν.
1014 2927 1156 2982 ὥστε
1188 2930 1283 2983 καὶ
1315 2932 1474 3001 χαῖρε
1521 2930 1612 2984 διὰ
1660 2930 1825 2985 τοῦτο

214 3019 447 3091 μᾶλλον.

290 3131 310 3165 ι
345 3111 581 3177 Τέξεται
614 3112 672 3165 δὲ
705 3112 845 3166 υἱόν.
883 3129 903 3162 ι
939 3110 1059 3166 Ἵνα
1098 3113 1284 3184 μήτις
1318 3113 1488 3179 εἴποι,
1530 3113 1627 3167 καὶ
1654 3114 1821 3168 πόθεν

1927 2003 2032 2069 illi,
2065 2004 2191 2073 quia
2223 2018 2291 2058 ex
2322 2000 2536 2072 Spiritu
2570 2013 2762 2056 sancto
2793 2003 3068 2072 concepit,
3107 2001 3203 2057 sed
3232 2012 3301 2057 ne
3342 2003 3547 2071 timeas,

1928 2097 2203 2166 accipere,
2235 2095 2339 2150 hoc
2364 2103 2468 2160 est,
2504 2096 2649 2149 domi
2679 2104 2731 2148 et
2774 2096 2921 2149 intus
2956 2106 3168 2151 tenere.
3195 2093 3547 2165 Cogitatione

1927 2190 2073 2245 enim
2099 2198 2172 2242 let
2214 2201 2398 2242 mente
2439 2188 2553 2258 jam
2602 2188 2997 2244 amanrlaverat
3045 2204 3189 2243 eam.
3236 2198 3254 2240 ι
3315 2188 3545 2244 Mariam

1928 2295 2157 2335 uxorem
2187 2275 2358 2346 tuam,
2392 2298 2410 2331 ι
2441 2279 2552 2335 Hoc
2577 2280 2731 2336 dicit.
2757 2280 2835 2333 Tu
2862 2279 3084 2352 quidem
3112 2279 3353 2336 fortasse
3378 2292 3544 2349 putas

1929 2372 2239 2427 adulteram
2274 2385 2396 2427 esse
2428 2388 2442 2425 :
2476 2385 2579 2438 ego
2629 2380 2816 2425 autem
2866 2370 2959 2425 tibi
2999 2370 3162 2438 dico,
3217 2372 3362 2441 quod
3408 2386 3549 2426 uxor

1936 2472 2027 2517 tua
2068 2463 2141 2517 sit
2172 2481 2185 2517 :
2221 2463 2325 2517 boc
2355 2471 2461 2526 est,
2499 2461 2645 2532 quod
2683 2462 2902 2523 anullo
2939 2462 3127 2517 vitiata
3152 2503 3168 2528 ,
3204 2465 3299 2518 sed
3339 2475 3431 2519 tua
3473 2467 3549 2521 sit

1928 2570 2130 2626 sponsa
2158 2572 2172 2609 :
2206 2573 2224 2607 ι
2257 2555 2411 2623 Quod
2441 2556 2586 2610 enim
2613 2555 2666 2609 in
2688 2570 2750 2609 ea
2778 2565 2988 2621 natum,
3012 2570 3080 2610 ex
3117 2556 3324 2623 Spiritu
3351 2566 3546 2611 sancto

1929 2658 2035 2705 est.
2079 2673 2098 2702 ι
2145 2644 2261 2704 Νοη
2297 2650 2454 2704 "enim
2488 2649 2664 2704 solum
2710 2649 2881 2703 libera
2915 2657 3001 2705 est
3042 2649 3111 2703 ab
3148 2650 3340 2704 illicito
3369 2650 3541 2715 coitu,

1928 2741 2021 2797 sed
2057 2750 2114 2797 et
2149 2742 2419 2796 diviniore
2452 2741 2691 2811 quodam
2760 2741 2924 2795 modo
2975 2741 3247 2811 concepit,
3299 2750 3355 2796 et
3385 2755 3547 2812 prope

1934 2844 2092 2891 terea
2132 2834 2335 2889 rectius
2374 2833 2614 2902 gaudere
2653 2832 2840 2889 debes.

2000 3112 2169 3167 Vens.
2232 3113 2325 3170 2i.
2375 3132 2394 3165 ι
2436 3112 2621 3169 Pariet
2656 3123 2838 3168 autem
2891 3112 3084 3168 lilium.
3136 3133 3153 3166 ι
3196 3112 3268 3171 Ut
3316 3132 3384 3172 ne
3422 3118 3549 3188 quis

217 3218 302 3256 σοι
361 3203 672 3268 πιστεύσω,
702 3204 788 3257 ὅτι
843 3204 909 3256 ἐκ
958 3204 1278 3274 Πνεύματός
1331 3208 1449 3260 ἔστι
1478 3208 1665 3279 ,Φησὶ
1693 3210 1823 3279 περὶ

1935 3205 2102 3271 dicat,
2142 3198 2196 3260 e’t
2239 3205 2382 3259 unde
2424 3205 2518 3260 tibi
2548 3205 2772 3259 credam
2807 3207 2953 3276 quod
2997 3222 3065 3261 ex
3102 3204 3311 3276 Spiritu
3347 3217 3547 3267 sancto

216 3294 309 3348 τοῦ
336 3293 653 3365 μέλλοντος,
683 3293 768 3348 ὃτι
792 3294 1007 3363 τέξεται
1034 3297 1170 3351 υἱόν.
1209 3297 1272 3350 Ei
1310 3299 1419 3369 γάρ
1453 3300 1583 3371 περὶ
1624 3299 1821 3355 τούτου

1935 3302 2057 3357 est?
2104 3300 2237 3355 dicit
2269 3301 2335 3356 de
2366 3299 2553 3357 futuro
2594 3300 2737 3371 quod
2766 3302 3012 3372 paritura
3039 3303 3112 3357 sit
3140 3302 3364 3359 Filium.
3402 3304 3538 3360 Nam

218 3386 537 3459 ἀληθεύσω,
574 3385 800 3458 εὔδηλον
826 3386 912 3441 ὅτι
942 3389 1038 3441 καὶ
1074 3390 1156 3455 τὸ,
1184 3391 1249 3442 ὲκ
1288 3390 1611 3461 Πνεύματος
1639 3392 1821 3462 ἁγίου,

226 3479 430 3551 ἀληθές
466 3482 641 3535 ἐστιν·
672 3482 774 3534 ούκ
815 3476 939 3535 εἷπε
968 3482 1046 3546 δὲ,
1069 3481 1287 3548 τέξεταί
1322 3501 1427 3551 σοι,
1460 3483 1577 3536 ἀλλ’
1610 3485 1823 3552 άπλῶς,

216 3573 457 3637 τέξεταιο
500 3573 562 3625 ού
598 3572 709 3643 γάρ
743 3574 937 3644 ὲκείνῳ
983 3573 1218 3640 ἔτικτεν,
1256 3574 1393 3628 ἀλλά
1422 3576 1488 3647 τῇ
1519 3578 1826 3650 οἰκουμένῃ

219 3664 394 3736 ready
433 3662 561 3717 οὐδὲ
609 3664 691 3727 εις
727 3665 941 3717 ὲκείνον
982 3666 1145 3735 μόνον
1191 3667 1226 3737 ή
1272 3667 1436 3738 χάρις
1483 3670 1823 3740 περιΐστατο,

217 3756 333 3812 ἀλλ’
369 3758 452 3821 εις
480 3756 698 3820 πάντας
738 3755 1003 3827 ἐξεχεῖτο.
1036 3778 1056 3808 ι
1106 3759 1221 3812 Καὶ
1266 3760 1523 3823 καλέσεις
1559 3761 1620 3813 τὸ
1649 3761 1825 3831 ὄνομα

218 3850 410 3914 αὐτοῦ,
457 3846 687 3919 Ἰησοῦν.
719 3867 738 3899 ι
774 3848 847 3902 Σὺ
882 3848 1165 3914 καλέσεις,
1207 3850 1283 3913 ὡς
1314 3844 1475 3921 δῆθεν
1501 3852 1703 3921 πατὴρ,
1731 3856 1826 3907 καὶ

217 3944 294 4007 ὡς
340 3941 607 4013 κηδεμὼν
663 3943 783 4013 τῆς,
817 3942 1123 4013 Παρθένου·
1176 3943 1252 4014 μὴ
1309 3945 1419 4013 γὰρ
1470 3942 1825 4015 ὑπολάμϐανε

233 4035 455 4106 Ἰωσὴφ,
487 4035 572 4089 ὅτι
619 4035 742 4087 ἐπεὶ
777 4034 893 4088 ἀπὸ
939 4033 1259 4104 Πνεύματός
1292 4038 1443 4089 ἐστιν
1474 4038 1507 4107 ή
1538 4036 1825 4107 σύλληψις,

223 4127 467 4197 ἀφήσεις
499 4125 599 4196 τήν
625 4124 905 4197 Παρθένον
928 4123 1255 4197 ἀϐοήθητον.
1275 4125 1417 4179 Ἀλλ’
1446 4128 1825 4199 ὑπουργήσεις

186 4217 194 4225 ’
221 4218 280 4271 ὲν
308 4218 548 4295 άπασιν.
589 4235 609 4268 ι
641 4217 817 4280 Αὐτὸς
846 4215 959 4286 γὰρ
1008 4212 1175 4269 σώσει
1219 4216 1315 4270 τὸν
1365 4217 1492 4270 λαὸν
1521 4218 1689 4271 αὑτοῦ
1718 4218 1827 4271 άπὸ

219 4309 328 4366 τῶν
362 4310 660 4393 mprqu
722 4310 930 4364 αὐτῶν.
991 4328 1011 4361 ι
1052 4308 1321 4363 Ἐνταῦθα
1388 4309 1684 4381 ἑρμηνεύει
1714 4353 1728 4376 ,
1766 4310 1829 4364 τὸ

233 4403 448 4469 Ἰησοῦς
509 4402 563 4455 τί
618 4403 791 4479 δηλοῖ,
839 4403 923 4456 ὅτι
961 4404 1177 4475 Σωτήρ.
1239 4403 1414 4467 Αὐτὸς
1468 4406 1598 4476 γὰρ,
1667 4406 1822 4475 φησι,

223 4496 393 4569 σώσει
416 4480 517 4550 τὸν
541 4485 671 4551 λαὸν
705 4496 871 4551 αὐτοῦ
901 4513 916 4528 ·
938 4496 1000 4550 οὗ
1037 4497 1200 4567 μόνον
1223 4496 1315 4550 τὸν
1338 4496 1655 4564 Ἰουδαϊκὸν,
1687 4497 1828 4551 ἀλλὰ

1928 3394 1975 3449 si
2017 3395 2084 3448 de
2116 3394 2219 3448 hoc
2259 3409 2452 3449 verum
2505 3394 2697 3449 dixero
2722 3433 2743 3460 ,_
2772 3394 3131 3457 manifestum
3175 3405 3259 3450 est
3295 3398 3442 3466 quod
3491 3406 3558 3463 et-

1928 3487 2053 3551 hoc,
2086 3487 2231 3557 quod
2262 3502 2327 3541 ex
2361 3485 2569 3555 Spiritu
2607 3495 2801 3542 sancto
2824 3526 2840 3550 ,
2878 3501 3069 3539 verum
3112 3500 3213 3543 est.
3255 3487 3373 3543 Non
3406 3489 3549 3543 dixit

1928 3590 2147 3647 autem,
2194 3580 2375 3651 pariet
2428 3580 2566 3646 tibi,
2614 3580 2711 3635 sed
2760 3578 3120 3649 simpliciter,
3173 3581 3375 3651 pariet.
3425 3581 3553 3638 Non

1928 3676 2075 3731 enim
2109 3675 2325 3743 peperit
2362 3674 2459 3737 illi,
2494 3671 2593 3729 sed
2624 3674 2720 3727 toti
2751 3673 2871 3727 orbi
2907 3691 2920 3727 :
2960 3688 3138 3743 neque
3166 3674 3243 3728 illi
3273 3675 3377 3730 soli
3413 3692 3551 3746 gra-

1930 3768 2003 3821 tia
2048 3766 2188 3821 facta
2223 3775 2328 3832 est,
2360 3766 2454 3820 sed
2493 3767 2546 3819 in
2576 3779 2773 3821 omnes
2802 3764 2974 3820 etfusa
3008 3777 3116 3821 est.
3156 3786 3175 3819 ι
3218 3768 3285 3823 Et
3320 3770 3546 3826 vocabis

1929 3875 2129 3915 nomen
2177 3860 2297 3929 ejus
2320 3899 2335 3925 ,
2368 3858 2579 3913 Jesum.
2623 3877 2651 3910 γ
2685 3856 2768 3912 Tu
2791 3860 3038 3926 vacabis,
3071 3869 3257 3931 utpote
3289 3872 3466 3931 pater,
3491 3874 3548 3918 et

1930 3965 2119 4004 curam
2168 3963 2367 4019 gerens
2408 3948 2652 4019 Virginis
2678 3947 2699 4013 ,’
2756 3964 2934 4020 neque
2988 3953 3292 4020 suspiceris
3341 3952 3542 4023 Jusepb

1928 4042 2070 4111 quod
2111 4042 2237 4111 quia
2274 4057 2304 4095 a
2343 4040 2554 4111 Spiritu
2593 4032 2684 4096 est
2721 4046 3033 4112 conceptio,
3092 4044 3373 4116 Virginem
3421 4049 3545 4101 ideo

1929 4135 2209 4189 dimittere
2233 4134 2436 4188 debeas
2461 4131 2733 4199 adiutorio
2762 4129 3109 4201 destitutam,
3143 4140 3236 4190 sed
3265 4138 3546 4193 ministra-

1929 4233 2012 4287 bis
2041 4232 2090 4287 ei
2120 4232 2176 4287 in
2203 4230 2481 4286 omnibus.
2514 4249 2532 4283 ι
2563 4231 2615 4286 Is
2644 4233 2789 4285 enim
2818 4233 3053 4287 salvabit
3088 4233 3351 4304 populum
3380 4250 3542 4290 suum

1932 4340 1963 4380 a
1992 4325 2240 4395 peccatis
2264 4326 2400 4379 suis.
2433 4342 2452 4375 ι
2487 4321 2603 4378 Hoc
2638 4324 2757 4381 loco
2783 4325 3182 4394 interpretatur
3214 4328 3343 4394 quid
3372 4328 3545 4395 signi-

1930 4420 2057 4474 ticet
2078 4419 2253 4481 Jesus,
2288 4435 2482 4489 nempe
2515 4420 2881 4475 Salvatorem.
2916 4419 3035 4489 Ipse
3059 4423 3231 4483 enim,
3262 4422 3545 4491 inquii,.9

1932 4514 2166 4568 salvabit
2202 4515 2462 4584 populum
2494 4526 2653 4567 suum
2688 4532 2700 4565 :
2740 4528 2850 4567 non
2888 4516 3066 4566 solum
3094 4513 3410 4577 Iudaicum,
3447 4520 3545 4570 sed

221 4590 319 4645 καὶ
376 4589 475 4643 τὸν
523 4588 759 4654 ὲθνικδν,
804 4588 902 4641 τὸν
947 4587 1336 4642 σπουδάσαντα
1380 4588 1675 4642 πιστεῦσαι
1729 4591 1827 4642 καὶ

1935 4616 1988 4663 et
2022 4599 2291 4662 Gentile'm
2315 4648 2330 4674 ,
2372 4606 2464 4678 qui
2501 4607 2735 4662 credere
2768 4615 2823 4661 et
2852 4606 2970 4660 ﬁeri
3012 4609 3246 4677 populus
3277 4609 3401 4679 ejus
3438 4624 3545 4667 non

222 4681 485 4750 γενέσθαι
530 4682 663 4734 λαὸν
722 4678 913 4735 αὑτοῦ.
970 4679 1142 4761 Πόθεν
1191 4679 1249 4733 δὲ
1278 4680 1480 4747 σώσεις
1523 4676 1672 4752 ’Δρα
1717 4681 1829 4735 άπὸ

222 4775 525 4845 πολέμωνς
561 4774 720 4844 Οὐχὶ,
782 4773 920 4828 ἀλλὰ
970 4772 1082 4827 ἀπὸ
1135 4771 1244 4827 τῶν
1294 4774 1584 4845 ἁμαρτιῶν
1624 4773 1824 4827 αὐτῶν·

223 4869 347 4924 ὅθεν
383 4867 546 4940 δῆλον
578 4868 663 4921 ὅτι
686 4867 825 4931 Θεός
847 4867 995 4920 ἔστιν
1020 4869 1050 4921 6
1072 4866 1499 4959 τεχθησόμενος,
1533 4868 1671 4922 Θεοῦ
1717 4868 1827 4940 γὰρ

226 4965 397 5035 μόνου
429 4961 496 5014 τὸ
525 4963 835 5031 συγχωρεῖν
868 4960 1168 5034 ἁμαρτίας.

300 5076 321 5110 ι
360 5056 537 5110 Τοῦτο
558 5057 617 5110 δὲ
645 5056 769 5110 ὅλον
796 5056 1046 5125 γέγονεν,
1078 5056 1207 5120 ,ἵνα
1227 5052 1496 5129 πληρωθῇ
1543 5056 1608 5111 τὸ
1661 5054 1828 5129 ῥηθὲν

223 5152 332 5207 ὑπὸ
348 5152 445 5205 τοῦ
477 5153 685 5221 Κυρίου
716 5150 808 5205 διὰ
838 5149 935 5204 τοῦ
966 5153 1276 5223 προφήτου,
1318 5153 1572 5231 λέγοντος
1595 5171 1629 5209 ἠ
1655 5173 1674 5208 ι
1731 5156 1858 5226 Μὴ·

223 5249 456 5319 νομίσῃς
478 5248 567 5301 ὅτι
593 5247 789 5301 νεωστὶ
818 5246 993 5301 ταῦτα
1017 5246 1165 5313 ἔδοξε
1180 5248 1260 5320 τῷ
1281 5248 1422 5321 Θεῷ,
1451 5250 1589 5304 άλλά
1610 5249 1853 5304 ίάνωθενο

221 5342 319 5393 καὶ
352 5339 415 5404 ιξ
442 5342 645 5409 ἀρχῆς.
673 5336 837 5403 Οἶδας
864 5339 996 5411 γάρ,
1027 5337 1074 5394 ὢ
1101 5341 1326 5413 Ἰωσὴφ,
1352 5343 1479 5407 τοὺς
1512 5344 1821 5416 προφήτας.

224 5430 297 5493 ὠς
330 5431 687 5502 νομομαθής,
713 5432 825 5486 Καὶ
870 5432 1212 5505 ἕνθυμήθητι
1264 5433 1329 5488 τὸ
1572 5424 1681 5490 ὑπὸ
1728 5437 1823 5491 τοῦ

228 5524 467 5593 Κυρίου*
504 5525 607 5578 οὐκ
631 5520 759 5579 εἷπε
800 5524 862 5576 τὸ
915 5524 1079 5595 ῥηθὲν
1113 5526 1222 5579 ὑπὸ
1269 5525 1521 5593 Ἡσαΐου,
1554 5526 1672 5582 ἀλλ’
1721 5529 1827 5585 ὑπὸ

223 5612 315 5670 τοῦ
348 5616 584 5688 Κυρίου.
616 5617 694 5670 Οὐ
722 5618 829 5690 γὰρ
854 5617 1143 5689 ἄνθρωπος
1176 5619 1615 5693 ἐλάλησενράλὶυ
1642 5626 1671 5678 6
1689 5624 1839 5691 Θεὸς

224 5706 309 5763 διὰ
336 5710 612 5780 στόματος
635 5712 731 5764 τοῦ
757 5711 1052 5784 ἀνθρώπου
1072 5730 1085 5742 ·
1118 5714 1258 5767 ὥστε
1285 5714 1607 5783 ἀξιόπιστος
1624 5720 1655 5772 6
1686 5738 1824 5793 χρη-

230 5801 383 5871 σμιις.

304 5914 322 5947 ι
356 5896 505 5952 ⁷⁸1δοῦ
542 5899 577 5972 ἡ
616 5896 894 5971 Παρθένος
941 5900 999 5956 ἐν
1051 5904 1255 5977 γαστρὶ
1297 5886 1429 5975 ἕξει.
1473 5924 1491 5959 ι
1555 5906 1727 5962 δοσιν
1777 5909 1827 5962 οἱ
1907 5913 1911 5917 ’

1931 4701 2358 4773 addubitaverit.
2401 4700 2690 4768 Quomodo
2737 4701 3252 4756 autemsalvabit?
3303 4720 3433 4758 num
3478 4704 3547 4758 ab

1934 4792 2223 4850 hostibus?
2259 4793 2507 4859 minime,
2536 4792 2631 4847 sed
2660 4808 2688 4846 a
2719 4794 2960 4863 peccatis
2990 4795 3106 4849 suis
3139 4813 3153 4850 :
3193 4794 3335 4850 Unde
3367 4798 3545 4853 mani-

1932 4886 2157 4951 festum,
2195 4882 2365 4937 Deum
2408 4898 2531 4938 esse
2577 4884 2669 4955 qui
2720 4895 3004 4961 nascetur.
3058 4884 3242 4942 Solius
3276 4889 3422 4943 enim
3451 4870 3550 4944 Dei

1931 4988 2017 5039 est
2051 4978 2370 5034 condonare
2398 4989 2646 5048 peccata.

2006 5071 2293 5128 Vnns.22.
2336 5091 2355 5125 ι
2428 5070 2541 5127 iloc
2596 5081 2777 5126 autem
2832 5080 3008 5128 tomm
3061 5073 3269 5130 factum
3320 5084 3437 5140 est,
3489 5084 3551 5131 ut

1932 5167 2297 5236 adimpleatur
2328 5165 2473 5235 quod
2499 5165 2709 5220 dictum
2741 5177 2825 5220 est
2852 5182 2881 5220 a
2916 5166 3148 5222 Domino
3181 5184 3278 5237 per
3306 5169 3556 5239 prepbe-

1935 5273 2068 5327 tam,
2100 5262 2397 5324 dicentem,
2454 5278 2472 5311 ›
2511 5258 2592 5315 Ne
2629 5272 2825 5329 putes,
2872 5262 3018 5330 quod
3056 5278 3231 5330 nuper
3274 5263 3387 5318 haec
3426 5263 3545 5333 pla—

1934 5369 2061 5411 cere
2094 5354 2423 5423 incorperiut
2466 5352 2613 5418 Deo,
2646 5354 2743 5409 sed
2779 5355 3160 5423 superioribus
3192 5356 3411 5412 saeculis
3434 5398 3449 5420 ,
3490 5368 3548 5413 et

1934 5433 2216 5509 abinitio.
2258 5446 2382 5501 Scis
2418 5447 2595 5527 enim,
2628 5461 2662 5502 ο
2692 5446 2932 5517 Joseph,
2971 5450 3271 5519 prophetas
3301 5470 3313 5503 :
3356 5461 3550 5519 utpote

1934 5540 1990 5595 in
2021 5540 2138 5611 lege
2180 5540 2394 5596 doctus.
2432 5540 2497 5594 Et
2535 5541 2915 5598 animadverte
2962 5543 3109 5610 quod
3155 5545 3360 5597 dictum
3392 5558 3477 5600 est
3512 5561 3543 5600 a

1934 5634 2189 5715 Domino.
2236 5630 2355 5686 Non
2400 5642 2581 5687 autem
2618 5634 2794 5697 dixit,
2823 5634 3033 5690 dictum
3063 5636 3130 5691 ab
3162 5635 3300 5691 lsaia
3331 5678 3345 5703 ,
3384 5640 3478 5693 sed
3512 5654 3545 5695 a

1937 5725 2185 5783 Domino.
2222 5724 2341 5782 Non
2374 5728 2521 5781 enim
2553 5727 2719 5783 bOmo
2744 5729 2962 5785 locutus
2995 5740 3101 5797 est,
3138 5733 3233 5787 sed
3270 5732 3413 5787 Deus
3447 5748 3549 5802 per

1935 5833 1995 5875 os
2030 5806 2267 5873 hominis
2298 5833 2312 5872 τ
2347 5818 2491 5874 unde
2523 5817 2627 5874 [ide
2659 5820 2884 5891 dignum
2914 5823 3198 5877 oraculum
3225 5833 3335 5879 est.

2007 5908 2174 5966 Vens.
2206 5907 2298 5967 (εὖ.
2335 5927 2353 5960 ι
2384 5908 2522 5966 Ecce
2548 5908 2715 5985 Virgo
2746 5910 2797 5967 in
2830 5920 2987 5969 utero
3014 5912 3256 5971 habebit.
3281 5933 3300 5966 ι
3344 5914 3546 5972 Dicunt
