3966 6490
429 449 532 516 159

1314 440 1896 512 THEOPHYLACTI
1933 436 2351 500 BULGARIAE
2385 434 2754 496 ARCHIEP.

3597 419 3720 481 160

427 557 661 621 Hebraei,
712 556 853 624 quod
881 569 987 609 non
1031 553 1300 609 habeatur
1353 551 1407 604 in
1468 551 1767 620 propheta,
1813 545 2001 617 Virgo,

2130 544 2383 616 'E6pai’or,
2430 541 2596 596 ὅτιού
2635 543 2811 594 κεῖται
2847 538 2904 590 ἐν
2951 535 3028 608 τῷ
3073 535 3354 607 προφήτῃ,
3405 529 3716 624 παρθένος-ο

429 645 524 702 sed
579 643 1001 700 adolescentula.
1059 641 1138 697 Ad
1198 637 1340 710 quod
1394 638 1686 694 dicendum
1745 636 1890 709 quod
1949 637 2006 690 in

431 736 712 807 Scriptura
748 735 890 791 idem
938 734 1008 789 sit
1049 731 1450 787 adolescentula
1501 740 1557 786 et
1603 731 1774 800 virgo.
1816 728 2009 784 Adole-

430 829 729 886 scentulam
766 830 911 882 enim
948 825 1188 880 nominat
1220 825 1613 894 incorruptam,
1649 823 1862 889 deinde,
1907 821 2007 878 nisi

432 922 729 993 peperisset
760 918 921 987 Virgo
954 935 966 970 :
1001 918 1269 986 quomodo
1300 916 1538 972 futurum
1569 924 1684 970 erat
1717 916 1926 986 signum
1957 924 2012 969 ct

433 1012 784 1069 admirabile?
813 1011 949 1065 Audi
983 1011 1127 1065 enim
1159 1009 1350 1065 lsaiam
1383 1012 1687 1064 dicentem:
1734 1028 1752 1060 ι
1784 1009 2011 1078 Propter

434 1107 536 1160 hoc
573 1104 724 1158 dabit
759 1104 1016 1158 Dominus
1052 1103 1169 1173 ipse
1204 1103 1356 1159 vobis
1391 1103 1628 1171 signum.
1667 1121 1686 1153 ι
1725 1101 1791 1157 Et
1825 1103 2008 1156 statim

433 1196 611 1263 addit,
657 1215 675 1249 ‹
713 1195 854 1252 Ecce
898 1197 1084 1263 Virgo,
1131 1215 1148 1247 ι
1184 1205 1290 1250 etc.
1319 1195 1530 1265 Alioqui
1566 1196 1610 1250 si
1645 1210 1753 1250 non
1797 1203 2011 1264 pareret

437 1287 634 1359 Virgo,
681 1289 893 1360 signum
928 1305 1031 1343 non
1064 1296 1231 1342 esset.
1263 1287 1572 1360 Depravant
1606 1287 1771 1358 igitur
1795 1287 2010 1343 Hebraei

431 1393 527 1434 sua
565 1378 769 1432 malitia
806 1378 1172 1447 Scripturam,
1205 1385 1261 1433 et
1293 1394 1390 1449 pro
1425 1378 1668 1450 Virgine,
1701 1377 2012 1433 adolescen-

432 1471 598 1526 tulam
649 1481 876 1542 ponunt.
922 1471 1092 1542 Igitur
1142 1472 1256 1527 sive
1307 1472 1709 1528 adolescentula
1766 1483 2008 1536 vocetur,

435 1563 549 1618 sive
583 1561 761 1632 Virgo,
790 1566 1012 1618 omnino
1035 1563 1314 1633 Virginem
1339 1563 1638 1634 intelligere
1661 1573 1872 1634 oportet
1893 1579 2012 1618 eam

435 1669 554 1723 qua:
596 1657 837 1724 paritura
870 1667 1034 1720 esset,
1070 1666 1128 1710 ut
1161 1665 1216 1710 et
1254 1657 1357 1710 hoc
1386 1655 1459 1710 sit
1495 1656 1838 1710 miraculum.
1886 1673 1905 1707 ι
1947 1655 2014 1708 Et

436 1747 610 1815 pariet
653 1747 819 1801 filium
844 1789 859 1813 ,
908 1757 962 1801 ct
999 1747 1268 1802 vocabunt
1303 1762 1496 1802 nomen
1526 1747 1642 1818 ejus
1670 1747 2010 1812 Emmanuel,

437 1839 578 1906 quod
623 1839 1033 1910 interpretatur.
1081 1839 1374 1896 Nobiscum
1421 1839 1582 1896 Deus.
1625 1859 1643 1893 ι
1674 1841 1868 1896 Dicunt
1913 1842 2014 1897 He-

437 1928 592 1994 bra-i,
624 1928 902 1995 Quomodo
945 1932 1108 2001 igitur
1153 1948 1258 1988 non
1294 1945 1520 1990 vocatus
1553 1944 1637 1990 est
1674 1934 2013 2000 Emmanuel,

440 2021 534 2076 sed
581 2021 738 2078 Jesus
789 2023 1088 2080 Christus?
1140 2027 1434 2081 Dicendum
1485 2028 1668 2097 itaque
1714 2027 1856 2098 quod
1912 2043 2017 2083 non

440 2114 577 2169 dixit
606 2113 860 2180 Vocabis,
895 2111 1004 2171 sed~
1025 2115 1323 2183 Vocabunt,
1363 2119 1416 2174 id
1442 2128 1543 2187 est,
1575 2135 1742 2190 opera
1774 2120 1892 2189 ejus
1926 2124 2018 2176 de-

441 2209 824 2262 monstrabunt
859 2223 979 2263 eum
1014 2209 1182 2264 Deum
1207 2226 1352 2276 esse,
1388 2221 1442 2267 et
1477 2213 1758 2267 nobiscum
1791 2229 2021 2268 conver-

439 2298 568 2351 sari.
617 2297 807 2352 Divina
853 2299 996 2353 enim
1053 2299 1340 2370 Scriptura
1381 2316 1448 2356 ex
1495 2303 1751 2373 Operibus
1794 2303 2022 2372 imponit

441 2386 679 2450 nomina,
710 2388 851 2441 sicut
882 2403 1002 2442 cum
1031 2389 1161 2444 dicit
1193 2405 1205 2442 :
1245 2389 1384 2445 Voca
1415 2407 1608 2446 nomen
1637 2394 1775 2462 ejus,
1814 2391 2024 2449 Veloci-

447 2488 527 2532 ter
563 2480 824 2547 puellare.
860 2477 921 2534 Et
959 2479 1048 2534 ubi
1083 2472 1308 2536 vocatus
1355 2490 1438 2537 est
1473 2484 1597 2553 quis
1641 2485 1730 2538 tali
1765 2486 2024 2540 nomine?

447 2568 583 2634 Quia
616 2571 778 2624 simul
809 2581 868 2624 ut
895 2582 1053 2626 natus
1076 2583 1160 2625 est
1189 2572 1476 2639 Dominus,
1505 2576 1747 2654 direptus
1772 2586 1828 2630 et
1857 2575 2028 2647 capti-

445 2677 544 2717 vus
585 2662 844 2718 adductus
878 2673 961 2718 est
994 2679 1171 2728 error,
1215 2665 1294 2718 sic
1327 2666 1528 2721 dicitur
1562 2668 1871 2723 nominatus
1904 2684 2026 2724 esse

444 2753 860 2824 appellationem
894 2753 961 2808 ab
987 2769 1150 2824 opere
1193 2766 1408 2810 nactus.

518 2931 682 2986 Vens.
723 2930 814 2984 24.
856 2948 875 2982 ι
929 2930 1211 2984 Excitatus
1252 2939 1430 2986 autem
1474 2918 1677 3003 Ioseph
1730 2949 1758 2988 a
1811 2949 2025 3000 somno,

449 3017 575 3072 fecit
604 3029 661 3072 ut
696 3017 1003 3085 iniunxerat
1031 3019 1133 3072 sibi
1161 3017 1403 3088 Angelus
1437 3021 1670 3078 Domini.
1704 3042 1722 3075 ι
1757 3023 1887 3077 Vide
1913 3024 2029 3078 aui-

449 3124 596 3164 mum
638 3109 894 3172 alacrem,
923 3113 1197 3177 quomoJo
1231 3114 1412 3167 statim
1447 3115 1734 3173 obedierit.
1782 3136 1800 3169 ι
1843 3116 1910 3172 Ει
1945 3133 2030 3174 ac-

2111 613 2269 703 énd,
2294 640 2473 700 νεᾶνις
2493 654 2508 668 υ
2539 636 2676 707 πρὸς
2709 632 2802 696 οὒς
2828 631 3052 685 λεκτέον
3084 630 3166 683 ὅτι
3198 628 3260 680 τὸ
3285 629 3465 688 νεᾶνις
3498 623 3596 677 καὶ
3633 613 3730 674 ’τδ

2113 731 2386 804 παρθένος
2429 728 2622 782 ταυτόν
2656 729 2771 780 ἐστι
2805 723 2956 790 παρά
2989 724 3055 793 τῇ
3085 721 3278 793 Γραφῇ
3312 735 3324 751 ·
3352 717 3566 772 νεάνιδα
3593 713 3720 786 γὰρ

2111 822 2368 892 ὀνομάζει
2391 820 2488 892 τὴν
2513 818 2876 888 ἀδιάφθορον·
2910 814 3126 878 ἔπειτα,
3164 814 3212 865 εί
3264 810 3337 882 μὴ
3372 809 3522 862 ἔτεκε
3561 822 3725 876 παρ-

2115 911 2289 977 θένος,
2320 909 2438 973 πῶς
2469 907 2693 978 ἔμελλεν
2736 899 2876 960 εἶναι
2925 903 3152 973 σημεῖον
3197 900 3293 954 καὶ
3347 894 3716 967 παράδοξον;

2118 1005 2317 1056 Ἀκουε
2356 1002 2464 1072 γὰρ
2496 999 2589 1053 τοῦ
2631 999 2854 1052 Ἡσαΐου
2907 995 3158 1064 λέγοντος
3183 1008 3198 1023 ο
3242 1010 3260 1044 ι
3290 989 3389 1044 Διὰ
3415 987 3572 1042 τοῦτο
3597 985 3719 1038 δὼ-

2117 1112 2198 1149 σει
2229 1095 2434 1166 Κύριος
2469 1093 2628 1158 αὐτὸς
2653 1093 2781 1163 ὑμῖν
2805 1090 3060 1161 σημεῖονο
3100 1106 3118 1138 ›
3159 1086 3253 1138 καί
3281 1082 3443 1146 εὐθὺς
3465 1081 3721 1148 ἐπάγον-

2114 1205 2205 1252 τος
2231 1203 2244 1218 ·
2289 1205 2306 1239 t
2341 1187 2530 1256 Ἰδοὺή
2571 1183 2869 1255 Παρθένος,
2909 1199 2927 1233 ›
2970 1179 3064 1232 καὶ
3091 1176 3160 1232 τὰ
3188 1175 3348 1246 ἑξῆς·
3378 1173 3520 1227 ὥστε
3547 1171 3596 1224 εί
3631 1168 3716 1240 μὴ

2117 1279 2309 1350 ἔμελλε
2336 1277 2607 1348 παρθένος
2637 1277 2839 1340 τεκεῖν,
2868 1273 2968 1327 οὐκ
2994 1270 3058 1326 ἂν
3113 1270 3342 1340 σημεῖον
3392 1262 3479 1337 ῆν.
3511 1265 3719 1333 Παραο

2117 1368 2480 1441 χαράττουσιν
2533 1363 2626 1419 οὖν
2666 1365 2718 1418 οἱ
2784 1363 3028 1434 Ἐϐραῖοί
3080 1354 3555 1416 ἐθελοκακοῦντες,
3603 1352 3726 1420 τὴν

2118 1463 2363 1533 Γραφήν,
2407 1459 2503 1514 καὶ
2554 1455 2676 1512 ἀντὶ
2705 1457 2801 1511 τοῦ
2850 1454 3146 1526 παρθένος,
3181 1451 3371 1512 νεᾶνις
3427 1446 3727 1500 τιθέασινο

2119 1559 2227 1611 εἴτε
2251 1557 2307 1611 δέ
2340 1556 2518 1617 νεᾶνις
2548 1557 2742 1620 κεῖται,
2798 1551 2909 1605 εἴτε
2943 1548 3208 1620 παρθένος
3230 1587 3243 1609 ,
3292 1545 3511 1607 πάντως
3562 1559 3636 1594 ππ
3652 1556 3729 1608 ρ-

2120 1651 2273 1705 θένον
2296 1649 2375 1702 δεῖ
2404 1647 2664 1718 νοηθῆναι
2696 1645 2794 1715 τὴν
2828 1644 3126 1713 μέλλουσαν
3155 1641 3356 1702 τεκεῖν,
3391 1638 3478 1690 ἵνα
3524 1635 3589 1705 δὴ
3615 1633 3729 1687 καὶ

2119 1743 2401 1814 τεράστιον
2431 1741 2517 1810 εἴη
2539 1739 2718 1793 τοῦτο.
2751 1735 2891 1789 (Καὶ
2911 1733 3124 1800 τέξεται
3149 1732 3283 1795 υίὺν,
3301 1728 3394 1783 καὶ
3417 1725 3727 1779 καλέσουσι

2119 1838 2177 1890 τδ
2212 1835 2382 1905 ὄνομα
2423 1830 2588 1886 αὑτοῦ
2628 1827 3000 1899 Ἐμμανουήλ,
3032 1827 3058 1879 δ
3087 1827 3201 1878 ἐστι
3231 1818 3728 1892 μεθερμηνευόμε-

2051 1894 2089 1948 B
2119 1944 2230 1988 νον,
2250 1894 2385 1980 Μεθ’
2409 1922 2565 1994 ἡμῶν
2590 1923 2617 1975 ὁ
2643 1894 2803 1983 Θεό-ς·
2837 1894 3003 1972 Φασὶν
3045 1917 3096 1982 pl
3142 1915 3385 1984 Ἑϐραῖοι
3408 1927 3423 1940 ·
3464 1908 3586 1971 Πῶς
3615 1905 3727 1958 οὖν

2121 2020 2221 2072 οὐκ
2248 2015 2449 2088 ἐκλήθη
2466 2011 2835 2086 Ἐμμανουὴλ,
2865 2010 3002 2065 ἀλλὰ
3038 2005 3248 2078 Ἰησοῦς
3280 2003 3552 2086 Χριστὸςς
3585 2001 3729 2069 Ῥη-

2123 2109 2242 2162 τέον
2277 2104 2370 2161 οὖν
2411 2109 2514 2171 ὅτι,
2568 2106 2669 2159 οὐκ
2699 2101 2820 2158 εἷπε
2870 2102 3160 2165 Καλέσεις,
3210 2098 3343 2152 ἀλλὰ
3378 2095 3722 2157 Καλέσουσι,

2126 2202 2425 2264 τουτέστιν,
2457 2198 2598 2252 αὑτά
2647 2197 2715 2250 τὰ
2751 2197 3053 2266 πράγματα
3089 2191 3357 2256 δείξουσιν
3388 2186 3552 2240 αὑτὸν
3578 2182 3727 2236 Θεὸν

2123 2293 2274 2355 ὄντα,
2314 2290 2410 2345 καὶ
2463 2287 2759 2360 μεθ’ήμῶν
2807 2285 3322 2354 ἀναστρεφόμενον⁸
3360 2282 3394 2350 ἡ
3439 2279 3548 2349 γὰρ
3594 2275 3728 2328 θεία

2124 2382 2315 2453 Γραφὴ
2373 2382 2481 2436 ἀπὸ
2505 2381 2614 2434 τῶν
2648 2380 2825 2450 ἐργων
2879 2377 3062 2448 τίθησι
3093 2376 3161 2431 τὰ
3194 2375 3458 2444 ὀνόματα.
3506 2371 3582 2434 ὡς
3619 2369 3720 2434 τὸ,

2126 2477 2372 2528 Κάλεσον
2404 2474 2465 2527 τὸ
2493 2474 2664 2544 θνομα
2699 2469 3124 2540 αὑτοῦ,.ταχέως
3173 2466 3464 2520 σκύλευσον
3487 2481 3498 2494 ·
3536 2463 3724 2515 καίτοι

2128 2566 2232 2620 ποῦ
2263 2565 2469 2636 ἐκλήθη
2518 2583 2600 2628 τις
2624 2563 2849 2632 τοιούτῳ
2879 2563 3141 2630 ὀνόματις
3204 2558 3343 2611 Ἀλλ’
3379 2556 3567 2626 ἐπειδὴ
3597 2555 3726 2623 ἅμα

2127 2659 2204 2729 τῷ
2227 2657 2551 2728 γεννηθῆναι
2581 2657 2672 2711 τὸν
2711 2655 2935 2725 Κύριον,
2982 2650 3282 2721 ἐσκυλεύθη
3332 2652 3424 2702 καὶ
3453 2647 3728 2720 ᾐχμαλω-

2129 2751 2286 2822 τίσθη
2322 2751 2355 2821 ἠ
2393 2751 2591 2820 πλάνη,
2629 2747 2774 2801 οὕτω
2813 2747 3028 2815 λέγεται
3064 2742 3434 2815 ὀνομασθῆναι
3484 2740 3593 2795 ἀπὸ
3624 2739 3725 2794 τοῦ

2129 2834 2456 2915 πράγματος
2480 2843 2577 2912 τήν
2601 2841 2796 2910 κλῆσιν
2826 2839 3148 2910 εὑράμενος.

2209 2955 2226 2986 ι
2258 2935 2564 3003 Διεγερθεὶς
2593 2932 2650 2986 δὲ
2677 2933 2703 2984 ὁ
2745 2932 2944 3002 Ἰωσὴφ
2974 2931 3080 2985 ἀπὸ
3101 2929 3194 2984 τοῦ
3224 2929 3416 2990 ὕπνου,
3459 2925 3726 2994 ἐποίησεν

2131 3027 2205 3090 ὡς
2238 3027 2568 3097 προσέταξεν
2616 3025 2765 3097 αὐτῷ
2809 3027 2835 3078 ὀ
2867 3023 3100 3092 ἄγγελος
3123 3021 3351 3089 Κυρίου.
3373 3021 3513 3091 Ὅρα
3541 3016 3728 3086 eluxit)

2131 3118 2589 3189 διεγηγερμένην,
2625 3118 2740 3180 πῶς
2776 3115 3002 3184 ἐπείσθη
3021 3115 3250 3182 ταχέως.
3301 3111 3444 3165 (Καὶ
3473 3108 3726 3179 παρέλαο

447 3200 827 3268 cepituxorem
852 3216 1023 3254 suam.
1056 3220 1073 3253 ι
1098 3201 1367 3258 Continuo
1389 3220 1506 3259 eam
1535 3209 1780 3263 nominat
1803 3225 2022 3265 uxorem

2132 3210 2194 3264 ϐε
2220 3211 2317 3278 τὴν
2349 3213 2584 3278 γυναῖκα.
2620 3207 2842 3261 αὑτοῦ.»
2883 3206 3131 3275 Συνεχῶς
3167 3205 3222 3257 δέ
3252 3202 3508 3274 ὀνομάζει
3550 3199 3729 3270 αὐτὴν

446 3290 685 3359 Iosephi,
739 3290 968 3360 eiiciens
1025 3294 1218 3348 malam
1271 3297 1674 3367 suspicionem,
1725 3311 1780 3356 et
1826 3305 2022 3361 docens

2132 3305 2368 3372 γυναῖκα
2422 3303 2514 3355 τοῦ
2563 3300 2782 3370 Ἰωσὴφ,
2841 3298 3119 3353 ἐκϐάλλων
3154 3299 3253 3365 τὴν
3301 3294 3543 3365 πονηρὰν
3591 3293 3732 3347 ὑπό·

447 3386 590 3454 quod
621 3396 725 3440 non
767 3386 1012 3453 alterius,
1052 3389 1145 3443 sed
1178 3387 1319 3446 illius
1348 3391 1508 3447 fuerit
1545 3409 1704 3448 uxor.

529 3565 688 3620 \‘sns.
719 3567 807 3623 25.
849 3587 866 3620 ι
908 3567 971 3622 Et
1001 3585 1104 3624 nou
1134 3573 1385 3641 cognovit
1415 3589 1556 3640 cam,
1587 3574 1759 3632 donec
1789 3579 2030 3648 peperis-

453 3671 555 3714 set.
599 3678 618 3711 ι
655 3657 765 3714 Hoc
800 3670 913 3724 est,
963 3676 1067 3714 non
1118 3665 1305 3719 habuit
1351 3681 1585 3735 unquam
1632 3684 1743 3722 rem
1787 3686 1907 3724 cum
1943 3686 2027 3727 ea.

455 3739 565 3806 lloc
594 3754 739 3807 enim
771 3752 891 3807 loco
919 3756 1163 3819 verbum,
1195 3757 1395 3824 Donec,
1425 3774 1528 3814 non
1563 3760 1667 3816 hoc
1693 3762 2030 3830 manifestat,

452 3845 594 3914 quod
626 3860 731 3900 non
767 3848 1083 3916 cognoverit
1116 3861 1234 3904 eam
1268 3866 1437 3919 usque
1471 3854 1534 3906 ad
1570 3863 1809 3920 partum,
1846 3865 2032 3925 postea

452 3947 632 3992 autem
655 3941 998 4008 cognoverit,
1018 3942 1109 3994 sed
1133 3944 1354 3997 omnino
1381 3960 1656 4013 nunquam
1685 3962 1800 4000 cam
1830 3963 2035 4019 cogno-

453 4029 618 4116 verit.
658 4027 771 4083 Hoc
820 4031 961 4084 enim
1011 4033 1169 4088 habet
1219 4033 1516 4104 Scriptum
1568 4039 1896 4108 proprietas.
1944 4038 2036 4096 Sic

455 4134 578 4173 cum
602 4117 753 4174 dicit.
795 4139 812 4171 ‹
844 4119 959 4176 Non
990 4138 1238 4177 reversus
1269 4125 1372 4194 ιο
1400 4136 1482 4180 cst
1513 4141 1714 4183 corvus
1743 4130 1794 4183 in
1824 4145 2030 4196 arcam,

455 4213 625 4267 donec
662 4226 932 4268 aresceret
969 4226 1134 4281 terra,
1178 4234 1195 4266 ι
1235 4231 1409 4284 neque
1445 4217 1592 4271 enim
1629 4229 1815 4289 postea
1848 4220 2029 4276 rediit.

457 4304 547 4360 Sic
574 4313 628 4359 et
656 4305 760 4360 alio
791 4306 929 4360 loco.
963 4325 979 4355 ι
1021 4306 1314 4361 Vobiscum
1344 4325 1459 4363 sum
1487 4327 1658 4380 usque
1682 4315 1748 4366 ad
1775 4329 2032 4371 consum-

457 4399 746 4453 mationem
782 4399 962 4452 saculi
988 4401 1047 4461 7;
1090 4419 1107 4450 ι
1159 4401 1324 4469 igitur
1353 4413 1472 4468 post
1509 4407 2033 4462 consummationem

458 4504 561 4542 non
589 4491 691 4544 erit
721 4488 1043 4544 vobiscum?
1073 4491 1134 4544 Et
1160 4492 1471 4560 quomodo?
1499 4493 1649 4550 Tunc
1683 4497 1830 4550 enim
1863 4499 2036 4553 multo

2132 3414 2301 3459 νοιαν,
2331 3396 2420 3447 καὶ
2445 3395 2711 3448 διδάσκων
2742 3392 2823 3446 ὅτι
2854 3391 2953 3444 οὐκ
2976 3390 3135 3443 ἄλλου
3154 3389 3295 3452 τινὸς
3323 3388 3539 3456 ἐγένετο
3561 3385 3731 3454 γυνὴ,

2131 3485 2244 3538 ἀλλ’
2281 3483 2444 3538 αὑτοῦ
2470 3479 2556 3555 ἦν.

2204 3579 2324 3631 Καὶ.
2345 3578 2444 3630 οὐκ
2474 3576 2774 3644 ἐγίνωσκεν
2824 3573 2994 3643 αὐτὴν
3027 3573 3133 3635 ἕως
3162 3562 3222 3624 οὗ
3259 3570 3446 3623 ἔτεκεν
3480 3584 3495 3601 ο
3527 3567 3737 3621 Τουτέ-

2136 3687 2274 3735 στιν,
2329 3670 2429 3723 οὐκ
2474 3669 2639 3738 ἐμίγη
2672 3668 2810 3736 αὐτῇ
2860 3667 3116 3720 οὐδέποτε
3142 3681 3154 3693 ·
3187 3665 3247 3716 τὸ
3297 3665 3406 3732 γὰρ
3437 3663 3603 3725 Ἕως,
3641 3663 3736 3713 ἐν·

2134 3761 2306 3814 ταῦθα
2334 3761 2394 3813 οὐ
2428 3760 2587 3812 τοῦτο
2620 3758 2897 3828 ἐμφαίνει,
2936 3759 3016 3810 ὅτι
3038 3756 3167 3826 ἄχρι
3195 3755 3293 3824 μὲν
3326 3753 3418 3806 τοῦ
3440 3753 3599 3805 τόκου
3627 3753 3738 3806 οὐκ

2137 3851 2296 3920 ἔγνω,
2327 3850 2470 3920 μετὰ
2499 3850 2554 3903 δέ
2584 3847 2756 3903 ταῦτα
2789 3847 2932 3915 ἔγνω
2955 3864 2968 3876 ο
3005 3846 3139 3900 ἀλλὰ
3175 3833 3434 3909 καθάπαξ
3464 3842 3732 3895 οὐδέποτε

2136 3943 2306 4014 αὐτὴν
2355 3943 2516 4010 ἔγνω.
2565 3941 2782 4011 ’ἰδίωμα
2809 3939 2868 3992 δὲ
2896 3940 3006 4008 ἔχει
3037 3938 3281 3991 τοιοῦτον
3315 3939 3346 4008 ἡ
3378 3937 3570 4006 Γραφή
3606 3953 3618 3966 ·
3653 3935 3736 3999 ὡς

2132 4036 2214 4099 τὸ,
2253 4054 2272 4087 ι
2298 4036 2410 4087 Οὐκ
2437 4032 2771 4102 ἐπέστρεψεν
2798 4033 2825 4083 ὁ
2869 4031 3042 4100 κόραξ
3076 4031 3156 4092 είς
3203 4029 3302 4098 τὴν
3334 4027 3584 4090 κιϐωτὸν,
3623 4026 3734 4089 ἕως

2135 4121 2196 4180 οὗ
2227 4125 2498 4196 ἐξηράνθη
2523 4126 2554 4194 ἡ
2586 4124 2655 4193 γῆ
2677 4140 2690 4151 ³
2727 4122 2849 4175 οὔτε
2881 4123 2988 4191 γὰρ
3014 4123 3155 4192 μετὰ
3183 4121 3357 4173 ταῦτα
3378 4118 3690 4189 ὑπέστρεψε
3719 4133 3734 4148 ⁸

2134 4223 2228 4274 καὶ
2262 4220 2448 4273 πάλιν·
2484 4239 2500 4269 ι
2528 4217 2664 4285 Μεθ’
2697 4216 2852 4285 ὑμῶν
2885 4217 2998 4286 εἰμι
3031 4217 3134 4277 ἓως
3166 4215 3265 4284 τῆς
3296 4213 3608 4274 συντελείας
3635 4212 3736 4265 τοῦ

2135 4314 2359 4376 αἰῶνος⁸
2397 4330 2415 4364 ι
2461 4311 2616 4365 Μετὰ
2661 4309 2715 4362 δὲ
2757 4307 2852 4376 τὴν
2885 4308 3196 4361 συντέλειαν
3243 4305 3351 4376 ἆρα
3384 4304 3483 4359 οὐκ
3532 4305 3732 4368 lerat;

2135 4403 2246 4459 Καὶ
2275 4403 2429 4468 πῶς
2464 4402 2595 4454 Τότε
2626 4402 2734 4471 γὰρ
2766 4401 2964 4470 μᾶλλον
2989 4418 3002 4431 ο
3047 4398 3220 4463 οὕτως
3249 4398 3341 4451 οὖν
3376 4397 3468 4452 καὶ
3497 4395 3736 4451 ἐνταῦθα

2136 4493 2218 4557 τὸ,
2249 4493 2391 4554 Ἕως
2417 4486 2480 4546 οὗ
2533 4491 2707 4556 ἔτεκε,
2745 4494 2975 4562 νοήσεις,
3030 4491 3152 4543 ἀντὶ
3190 4488 3306 4554 τοῦ,
3339 4487 3461 4541 οὗτε
3498 4487 3602 4558 πρὸ
3636 4485 3736 4539 τοῦ

457 4582 627 4650 magis
655 4584 778 4638 erit.
809 4583 901 4636 Sic
931 4583 1096 4652 igitur
1126 4594 1177 4637 et
1206 4585 1308 4639 hoc
1337 4586 1477 4650 loco,
1508 4588 1684 4645 Donec
1707 4593 2022 4660 peperisset,

2140 4589 2324 4653 τόκου,
2355 4585 2479 4640 οὔτε
2511 4585 2649 4655 μετὰ
2677 4585 2768 4637 τὸν
2795 4586 2954 4637 τόκον
2985 4586 3126 4651 ἔγνω
3155 4585 3348 4653 αὑτήν.
3387 4582 3508 4644 Πῶς
3532 4580 3641 4653 γὰρ
3668 4581 3738 4634 ἂν

459 4671 758 4742 intelligas,
783 4674 886 4728 hoc
915 4685 1020 4739 est,
1069 4689 1241 4745 neque
1269 4686 1394 4732 ante
1426 4688 1668 4747 partum,
1703 4699 1874 4753 neque
1910 4694 2022 4752 post

2141 4680 2317 4748 ἥψατο
2347 4677 2446 4746 τῆς
2481 4676 2641 4740 ἁγίας
2670 4677 2910 4743 ἐκείνης,
2952 4675 3067 4743 μεθ’
3111 4674 3138 4726 ὃ
3172 4673 3407 4738 μάλιστα
3449 4671 3593 4740 ἔγνω
3638 4673 3733 4725 τὸν

460 4775 674 4836 partum
731 4768 984 4837 cognovit
1035 4784 1172 4822 eam.
1236 4768 1520 4836 Quomodo
1571 4775 1715 4827 enim
1768 4776 2022 4839 attigisset

2145 4771 2420 4841 ἄφραστον
2448 4770 2651 4821 ἐκεῖνον
2677 4770 2869 4833 τόκονς
2904 4789 2919 4817 ι
2958 4770 3062 4820 Τὸν
3092 4768 3205 4820 υἱον
3252 4767 3420 4835 αὐτῆς
3453 4765 3544 4819 τὸν
3574 4781 3730 4835 πρω-

460 4865 703 4911 sanctam
732 4856 898 4921 illam,
930 4867 1212 4926 postquam
1245 4857 1568 4913 ineffabilem
1595 4870 1804 4929 partum
1837 4879 2022 4933 cogno-

2145 4863 2387 4916 τὸτοκον.
2431 4879 2448 4912 ι
2497 4858 2610 4929 Οὐχ
2640 4859 2713 4924 ὡς
2767 4859 3018 4928 δευτέρου
3067 4859 3211 4921 τινὸς
3258 4860 3542 4927 τεχθέντος
3587 4857 3738 4925 λέγει

462 4950 672 5003 visset?
713 4966 730 4999 ι
775 4948 968 5002 Filium
1004 4965 1158 5002 suum
1203 4951 1647 5021 primogenitum.
1692 4972 1708 5004 ι
1742 4953 1857 5007 Non
1896 4968 2022 5022 qum

2148 4951 2337 5005 τοῦτον
2370 4952 2733 5020 πρωτότοκον,
2761 4950 2874 5001 ἀλλ’
2899 4950 3104 5012 ἁπλῶς.
3131 4949 3205 5011 ὼς
3238 4949 3450 5019 πρῶτον
3474 4946 3738 5017 τεχθέντα

461 5042 568 5097 alio
609 5042 841 5110 quodam
891 5050 1020 5096 nato
1055 5039 1211 5097 'di‘cat
1259 5060 1380 5100 eum
1433 5047 1892 5118 primogenitum,
1941 5063 2022 5102 set

2148 5049 2243 5100 καὶ
2277 5047 2458 5116 μόνον.
2502 5047 2568 5099 '0
2599 5047 2705 5116 γὰρ
2751 5045 3008 5117 Χριστὸς,
3040 5044 3134 5098 καὶ
3180 5043 3525 5113 πρωτότοκός
3563 5043 3735 5104 ἐστιν,

466 5134 786 5202 simpliciter
839 5145 898 5188 ut
936 5135 1185 5202 primum
1214 5145 1266 5190 et
1315 5139 1486 5192 solum
1538 5151 1744 5194 natum.
1789 5141 2022 5195 Christu:

2142 5140 2217 5202 ὡς
2249 5139 2466 5208 πρῶτος
2515 5139 2760 5208 τεχθείς·
2816 5139 2911 5190 καὶ
2973 5135 3287 5206 μονογενὴς,
3352 5135 3427 5197 ὼς
3465 5135 3538 5204 μὴ
3600 5133 3739 5202 ἔχων

468 5229 610 5278 enim
640 5236 690 5278 et
726 5225 1111 5296 primogenitus
1154 5239 1257 5293 est,
1292 5237 1350 5283 ut
1380 5230 1554 5297 primo
1585 5242 1765 5294 natus,
1837 5243 1889 5286 et
1924 5235 2043 5286 uni-

471 5318 707 5387 genitus,
742 5328 800 5372 ut
833 5333 936 5372 non
960 5317 1168 5373 habens
1199 5321 1361 5374 alium
1395 5321 1640 5376 fratrem.
1682 5343 1699 5374 ι
1733 5322 1797 5378 Et
1834 5327 2044 5379 vocavit

2143 5234 2398 5303 δεύτερον
2433 5231 2678 5300 ἀδελφόν,
2738 5251 2754 5282 ι
2794 5232 2903 5284 Καὶ
2944 5229 3166 5282 ἐκάλεσε
3197 5227 3257 5281 τὸ
3309 5227 3483 5296 ὄνομα
3537 5225 3734 5292 αὑτοῦ,

2159 5323 2392 5394 Ἰησοῦν.
2439 5344 2456 5374 ρ
2503 5325 2754 5379 Δείκνυσι
2806 5324 3085 5378 κάνταῦθα
3140 5325 3237 5395 τὴν
3285 5323 3598 5376 εὐπείθειαν
3641 5321 3733 5374 τοῦ

471 5425 669 5465 nomen
688 5410 823 5479 ejus,
852 5410 1054 5466 Jesum.
1087 5431 1104 5466 ι
1135 5411 1387 5469 Ostendit
1412 5416 1513 5470 hoc
1540 5416 1658 5470 loco
1681 5419 2022 5472 obedientian

2163 5421 2385 5492 Ἰωσὴφ,
2413 5421 2493 5474 ὅτι
2521 5421 2618 5474 ὅσα
2651 5417 2804 5476 εἶπεν
2838 5420 2987 5492 αὐτῷ
3014 5421 3040 5472 ὁ
3072 5420 3323 5489 ἄγγελος,
3365 5417 3641 5487 ἐποίησεν.

469 5501 667 5574 Joseplt
691 5546 704 5566 ,
737 5504 864 5572 quia
907 5520 1239 5575 quaecunque
1268 5507 1478 5562 dixerat
1508 5508 1556 5563 ei
1591 5509 1813 5580 angelus
1835 5550 1849 5574 ,
1893 5509 2039 5566 fecit.

552 5688 567 5716 '
611 5687 793 5743 Matth.
841 5705 1031 5755 xxvut,
1089 5689 1179 5742 ‘20.
