3966 6438
198 406 305 479 ιιι

815 565 1073 620 ΚΕΦᾹΛ.
1118 564 1194 617 B‘.

182 660 485 738 Περιτῶν
526 659 773 734 Μάγων,
806 659 907 714 καί
934 657 1055 712 τῶν
1083 655 1521 724 ἀναιρεθέντων
1553 650 1808 707 παίδων.

262 820 286 856 ι
316 801 438 856 Τοῦ
469 801 533 856 δὲ
576 798 754 869 Ἰησοῦ
782 795 1141 868 γεννηθέντος
1175 794 1233 847 έν
1258 792 1512 865 Βηθλεὲμ
1538 792 1638 863 τῆς
1675 792 1810 845 Ἰου-

178 895 374 960 δαίας.
416 912 437 945 ι
511 892 767 964 Βηθλεὲμ
828 888 1197 961 ἑρμηνεύεται
1251 882 1401 950 οἶκος
1440 887 1632 959 ἄρτου.
1674 886 1812 939 Ἰου-

177 988 315 1045 δαία
351 987 441 1053 δὲ,
509 986 928 1057 ἐξομολόγησις.
980 982 1200 1035 Γένοιτο
1232 978 1364 1048 γοῦν
1393 980 1490 1032 καὶ
1528 979 1681 1049 ἡμᾶς
1714 974 1811 1031 νῦν

178 1083 271 1136 διὰ
316 1083 430 1153 τῆς
483 1078 957 1150 ἐξομολογήσεως,
992 1073 1248 1144 γενέσθαι
1300 1068 1449 1126 οἷκον
1501 1070 1670 1151 ἀρτου
1715 1068 1811 1123 τοῦ

180 1172 609 1242 πνευματικοῦ.
647 1191 666 1225 ‹
716 1170 804 1225 Ἐν
866 1168 1106 1242 ἡμέραις
1150 1164 1413 1238 Ἡρώδου.
1442 1185 1460 1218 ι
1514 1163 1812 1235 Μέμνηται

178 1271 276 1327 τοῦ
320 1268 607 1339 Ἡρώδου,
674 1268 764 1321 ῐνα
824 1264 890 1319 σὺ
944 1262 1126 1337 μάθῃς
1173 1264 1256 1316 ὅτι
1322 1260 1573 1327 ἐξέλιπον
1603 1258 1653 1311 ot
1699 1257 1813 1312 ἀπὸ

178 1364 284 1435 τῆς
335 1363 527 1416 Ἰούδα
561 1360 736 1431 φυλῆς
766 1360 1028 1429 ἄρχοντες
1060 1356 1149 1409 καὶ
1189 1354 1451 1426 βασιλεῖς,
1487 1352 1584 1406 καὶ
1632 1351 1809 1417 ἀναγο

179 1452 365 1514 καξως
410 1447 586 1521 ἦλθεν
647 1452 675 1502 ὁ
728 1446 985 1517 Χριστός.
1053 1445 1112 1499 Ὀ
1162 1446 1269 1515 γὰρ
1308 1444 1556 1517 Ἡρώδης
1612 1443 1712 1496 ούκ
1745 1437 1814 1514 ἦν

190 1547 493 1611 Ἰουδαῖος,
554 1543 671 1597 ἀλλ’
736 1542 1058 1612 Ἰδουμαῖος,
1118 1540 1489 1611 Ἀντιπάτρου
1548 1540 1700 1603 υἱὸς,
1749 1537 1815 1590 ἐκ

179 1635 464 1703 γυναικὸς
527 1632 884 1704 Ἀραὸίσσης.
944 1630 1309 1684 Ἐκλιπόντων
1359 1630 1416 1683 δὲ
1448 1630 1559 1683 τῶν
1610 1629 1814 1701 ἀρχόν-

179 1748 317 1790 των,
353 1729 393 1797 ἡ
426 1724 735 1797 προσδοκία
766 1724 876 1776 τῶν
908 1722 1077 1776 ἐθνῶν
1108 1717 1299 1793 ἦλθεν,
1333 1722 1406 1785 ὼς
1447 1720 1642 1776 Ἰακὼὸ
1674 1738 1814 1791 προ-

179 1822 530 1890 εφήτευσεν.
590 1836 609 1868 ι
646 1815 753 1868 Τοῦ
808 1814 1095 1886 βασιλέως.
1138 1834 1157 1868 ι
1210 1809 1451 1885 Ἦνγάρ
1500 1815 1595 1866 καὶ
1626 1813 1816 1884 ἕτερος

869 403 1328 471 ENARRATIO
1374 403 1456 463 ΙΝ
1491 397 1826 464 EVANGE]

1938 398 2005 458 Μ
2046 393 2440 458 MATTILEI.
2466 421 2517 431 -
2551 392 2711 454 C.’.'P.
2751 391 2832 453 [Ι.

1843 520 1892 581 Α

3421 378 3526 446 Ῐθξ

2550 549 2785 610 CAPUT
2825 550 2893 605 ll.

2220 648 2298 704 De
2332 645 2507 717 Magis
2538 658 2586 701 et
2619 645 2883 699 occisione
2907 656 3221 712 puerorum.

1996 784 2159 851 Vsus,
2194 783 2249 839 Ι.
2283 803 2300 835 ι
2341 781 2479 838 Cum
2506 788 2691 835 autem
2725 790 2883 835 natus
2905 788 3052 835 esset
3083 777 3242 835 Iesus
3276 779 3329 833 in
3368 774 3539 833 Beth-

1917 878 2053 935 leem
2103 876 2277 932 Judae.
2313 894 2332 929 ι
2406 872 2689 932 Bethleem
2742 874 3137 943 interpretatur
3184 873 3381 927 domus
3442 885 3539 942 pu-

1920 974 2040 1038 nis;
2072 969 2259 1027 Judaza
2287 978 2507 1036 autem,
2568 967 2863 1025 confessio.
2901 964 3023 1021 Fiat
3087 966 3278 1038 igil'ur,
3314 976 3374 1021 ut
3434 981 3539 1021 nos

1920 1080 2069 1120 nunc
2121 1079 2221 1135 per
2269 1062 2675 1119 confessionem
2710 1060 2905 1116 ﬁamus
2945 1060 3139 1114 domus
3177 1060 3334 1139 panis
3373 1062 3539 1129 spiri-

1921 1158 2103 1213 tualis.
2143 1178 2161 1210 ι
2207 1159 2262 1213 In
2299 1158 2493 1213 diebus
2524 1154 2781 1212 Herodis.
2817 1173 2836 1208 ι
2885 1154 3137 1209 Meminit
3168 1153 3437 1218 Heroois,
3478 1162 3537 1207 ut

1918 1262 1973 1306 tu
2009 1253 2191 1309 discas
2234 1252 2381 1324 quod
2436 1250 2762 1307 defecerunt
2804 1264 2835 1304 a
2889 1248 3033 1305 tribu
3085 1246 3225 1303 Juda
3278 1263 3436 1319 reges
3483 1256 3538 1303 et

1918 1345 2235 1419 principes,
2301 1352 2357 1400 et
2407 1342 2729 1399 necessario
2778 1341 2924 1397 venit
2966 1341 3243 1397 Christus.
3296 1338 3540 1396 Herodes

1918 1442 2063 1497 enim
2096 1456 2202 1495 non
2235 1448 2354 1495 erat
2388 1436 2608 1494 Judzeus
2659 1437 2754 1494 sed
2783 1435 3073 1500 ldumazus,
3097 1436 3368 1504 Antipatri
3395 1435 3541 1490 illius

1918 1552 1985 1590 ex
2031 1549 2203 1590 uxore
2240 1531 2442 1587 Arabe.
2477 1531 2613 1587 Cum
2650 1538 2834 1584 autem
2872 1528 3201 1583 defecissent
3238 1528 3537 1598 principes,

1919 1628 2267 1700 exspectatio
2318 1624 2565 1696 gentium
2602 1624 2774 1689 venit,
2808 1624 2952 1678 sicut
2994 1619 3535 1693 Iacob-praedixi“.

1924 1743 1943 1776 ι
1991 1725 2179 1795 Regis.
2218 1743 2236 1776 ι
2279 1723 2413 1777 Erat
2449 1720 2597 1774 enim
2631 1729 2687 1774 et
2721 1718 2861 1774 alius
2900 1715 3150 1773 Herodes
3192 1712 3536 1771 Tetrareha:

1920 1831 1975 1874 et
2005 1828 2293 1891 propterea
2326 1815 2473 1888 ponit
2502 1814 2823 1885 dignitatem
2858 1812 3024 1883 regis.
3064 1828 3082 1863 ι
3119 1807 3265 1865 Ecce
3295 1809 3434 1881 Magi
3468 1810 3536 1865 ab

193 1910 487 1981 Ἡρώδης,
536 1908 562 1959 δ
589 1907 898 1979 τετράρχης
922 1924 933 1937 ·
968 1908 1054 1962 διὰ
1085 1906 1246 1961 τοῦτο
1273 1907 1459 1977 τίθησι
1494 1908 1555 1959 τὸ
1596 1906 1816 1976 ἀξίωμα

1938 1914 2152 1968 )rienle
2196 1921 2471 1967 venerunt
2508 1908 2913 1977 Hierosolyma.
2980 1924 3000 1958 ι
3050 1904 3234 1973 Quare
3268 1904 3410 1975 Magi
3446 1920 3539 1959 ve—

182 2004 277 2057 τοῦ
310 2002 598 2073 βασιλέως
622 2018 637 2032 °
679 2019 697 2052 ι
739 1999 872 2053 Ἰδοὺ
898 2001 1079 2068 Μάγοι
1112 2002 1220 2053 ἀπὸ
1255 1999 1558 2055 Ἀνατολῶν
1584 2000 1820 2069 παρεγέ-

184 2117 347 2152 νοντο
382 2100 469 2161 εἰς
516 2094 894 2166 Ἰεροσόλυμα.
928 2114 945 2145 ι
982 2094 1138 2158 Τίνος
1170 2095 1383 2148 ’ἕνεκεν
1412 2095 1461 2147 οἱ
1498 2095 1682 2162 Μάγοι
1730 2094 1821 2164 έρ-

186 2209 432 2264 χονταις
472 2191 624 2261 Πρὸς
652 2192 985 2263 κατάκρισιν
1028 2188 1138 2242 τῶν
1194 2188 1487 2243 Ἰουδαίων.
1527 2188 1590 2241 El
1630 2186 1739 2259 γὰρ
1774 2188 1820 2239 oi

189 2289 413 2355 Μάγοι,
479 2285 769 2353 ἄνθρωποι
805 2283 1218 2355 εἰδωλολάτραι,
1282 2282 1638 2348 ἐπίστευσαν,
1692 2280 1823 2334 ποία

190 2378 477 2445 ἀπολογία
510 2376 703 2429 λοιπὸν
731 2378 843 2438 τοῖς
891 2372 1199 2441 Ἰουδαίοιςς
1235 2374 1394 2444 ’Ἅμα
1429 2374 1507 2438 δὲ,
1542 2374 1637 2427 καὶ
1670 2372 1757 2425 ἵνα
1788 2372 1821 2441 ὴ

190 2472 322 2534 δόξα
352 2468 455 2523 τοῦ
492 2468 737 2537 Χριστοῦ
760 2467 921 2521 πλέον
953 2466 1232 2537 ἐκλάμψῃ,
1256 2465 1686 2540 μαρτυρούντων
1714 2464 1825 2518 τῶν

194 2567 435 2633 Μάγων,
500 2563 617 2615 τῶν
656 2561 894 2633 μάλιστα
949 2562 1062 2622 τοῖς
1107 2560 1360 2631 δαίμοσιν
1414 2559 1824 2630 ὑποκειμένων,

196 2661 292 2714 καὶ
325 2656 554 2729 ἐχθρῶν
586 2657 682 2710 τοῦ
718 2654 874 2709 Θεοῦ.
920 2673 937 2706 ι
962 2656 1094 2708 Ἀπὸ
1140 2655 1494 2709 Ἀνατολῶν.»
1525 2655 1637 2709 Καὶ
1664 2654 1827 2708 τοῦτο

197 2751 335 2821 πρὸς
398 2750 741 2819 κατάκρισιν
797 2747 906 2801 τῶν
975 2746 1267 2818 Ἐϐραίων.
1305 2747 1370 2801 Οἳ
1405 2747 1506 2816 μὲν
1555 2747 1664 2817 γὰρ
1716 2749 1825 2802 ἀπὸ

197 2840 463 2894 τοσούτου
500 2841 877 2908 διαστήματος
925 2834 1111 2910 ἦλθον,
1158 2838 1209 2892 οἱ
1259 2838 1316 2891 δὲ
1361 2837 1605 2909 Ἑϐραῖοι
1645 2838 1817 2892 αὑτοῦ

202 2935 425 3005 ἔχοντες
457 2936 556 2987 τὸν
584 2933 847 3005 Χριστὸν,
885 2932 1134 2987 ἐδίωκον.

276 3030 580 3095 Λέγοντες,
621 3024 731 3079 Ποῦ
767 3029 919 3080 ἐστιν
950 3027 978 3078 ὁ
1006 3025 1225 3096 τεχθεὶς
1259 3024 1516 3096 βασιλεὺς
1542 3026 1652 3080 τῶν
1692 3027 1827 3080 ’ῐου-

202 3119 407 3183 διίωνς
440 3136 461 3169 ι
489 3117 732 3184 Λέγουσι
758 3116 981 3180 τούτους
1008 3118 1133 3180 τοὺς
1162 3117 1410 3186 Μάγους,
1445 3117 1540 3171 τοῦ
1595 3117 1829 3189 Βαλαὰμ

207 3212 525 3279 ἀπογόνους
558 3205 703 3262 εἶναι
732 3208 825 3261 τοῦ
856 3209 1109 3279 μάντεως
1134 3226 1147 3239 ·
1183 3210 1451 3280 εὑρόντας
1473 3208 1531 3263 δὲ
1565 3210 1658 3264 τὸν
1682 3209 1829 3264 ὲκεί-

1930 2006 2135 2061 ιιὶυιιιΐ
2186 2007 2245 2059 In
2307 2003 2826 2082 condemnationem
2886 1999 3225 2055 Judaorum.
3290 1996 3427 2053 Nam
3495 2000 3539 2053 si

1927 2099 2091 2170 Magi,
2130 2098 2381 2155 homines
2404 2096 2574 2152 cultui
2610 2094 2881 2150 idolorum
2919 2092 3128 2158 dediti,
3167 2091 3540 2153 crediderunt,

1925 2209 2091 2265 quam
2145 2202 2335 2263 postea
2392 2190 2777 2259 defensionem
2844 2196 3151 2257 prmtexent
3205 2182 3424 2241 Judaei?
3476 2183 3545 2239 Et

1929 2289 2033 2343 alia
2073 2302 2239 2342 causa
2288 2296 2409 2351 est,
2456 2293 2513 2336 ut
2558 2283 2732 2356 gloria
2767 2282 2975 2336 Christi
3020 2279 3196 2348 magis
3234 2278 3543 2349 eil‘ulgeret,

1929 2380 2309 2437 testimonium
2350 2376 2771 2450 perhibentibus
2812 2373 3006 2444 Magis,
3042 2373 3137 2444 qui
3170 2372 3409 2427 maxime
3445 2373 3543 2427 ad-

1931 2474 2162 2530 versarii
2214 2480 2373 2528 erant
2428 2471 2577 2536 Deo,
2621 2480 2674 2524 et
2709 2469 2931 2523 obnoxii
2985 2466 3349 2522 daemonibus.
3402 2482 3420 2516 ι
3463 2467 3546 2519 Ab

1930 2565 2174 2621 Oriente.
2219 2585 2237 2619 ι
2279 2565 2340 2619 Ει
2379 2566 2485 2620 hoc
2517 2564 2584 2618 ad
2622 2559 3138 2617 condemnationem
3185 2557 3544 2613 Hebraeorum

1931 2663 2191 2731 pertinet.
2238 2660 2315 2714 illi
2357 2658 2503 2715 enim
2546 2672 2643 2727 per
2684 2664 2895 2710 tantum
2948 2653 3191 2725 spatium
3236 2663 3541 2707 venerunt:

1932 2752 2148 2809 Hebraei
2198 2769 2329 2807 vero
2374 2752 2693 2817 Christum,
2739 2765 2902 2820 quem
2947 2750 3091 2819 apud
3139 2762 3199 2803 se
3247 2746 3543 2812 habebant,

1934 2846 2217 2918 persecuti
2252 2856 2402 2901 sunt.

2007 3029 2259 3085 Versa.
2294 3048 2311 3081 ι
2355 3028 2644 3091 Dicentes,
2682 3022 2784 3079 Ubi
2815 3030 2930 3088 est,
2964 3021 3057 3092 qui
3101 3029 3261 3076 natus
3304 3029 3389 3075 est
3431 3019 3546 3075 [ivx

1932 3124 2293 3181 Iudaeorum?
2334 3142 2352 3174 ι
2395 3120 2601 3177 Ferunt
2628 3119 2749 3173 illos
2799 3117 2985 3187 Magos
3026 3116 3191 3171 fuisse
3220 3130 3285 3169 ex
3331 3114 3549 3169 Balaam

1936 3218 2251 3286 coniectore
2279 3215 2615 3287 progenitos.
2652 3196 2790 3267 Nam
2821 3221 2877 3266 ut
2905 3212 3234 3266 invenerunt
3263 3210 3547 3264 oraculum

209 3319 300 3356 νου
328 3298 616 3374 χρησμὸν,
650 3301 734 3367 τὸ,
772 3278 1057 3353 ’Λνατελεΐ
1087 3278 1290 3373 ἄστρον
1316 3299 1608 3367 ὲξἸακὼὸ,
1637 3303 1826 3374 νοῆσαι

1938 3310 2103 3377 illius,
2134 3278 2362 3367 Orici-ur
2384 3278 2544 3364 stella
2583 3324 2649 3363 ex
2681 3306 2873 3372 Jacob,
2915 3305 3310 3361 intellexerunt
3341 3313 3552 3375 myste-

207 3395 269 3449 τὸ
300 3395 451 3450 κατά
482 3394 729 3466 Χριστὸν
781 3396 1108 3467 μυστήριον,
1162 3396 1259 3449 καὶ
1289 3395 1379 3449 διά
1416 3396 1581 3450 τοῦτο
1625 3397 1825 3465 ἐλθεῖν,

211 3488 473 3552 θέλοντας
508 3488 642 3541 ἰδεῖν
691 3487 753 3539 τὸ
779 3487 995 3557 τεχθέν.
1049 3507 1068 3540 ι
1111 3488 1342 3557 Εῖδομεν
1384 3487 1496 3559 γὰρ
1535 3489 1704 3543 αὑτοῦ
1738 3489 1831 3543 τὸν

212 3584 425 3652 ἀστέρα
457 3585 517 3635 ὲν
570 3584 640 3653 τῇ
686 3580 970 3651 Ἀνατολῇ.
1009 3599 1029 3632 ι
1082 3581 1252 3633 Ὅταν
1299 3580 1547 3654 ἀκούσῃς
1600 3582 1827 3655 ἀστέρα,

216 3675 290 3747 μὴ
341 3675 585 3745 νομίσης
638 3674 881 3728 τοιοῦτον
941 3669 1081 3727 εἶναι
1112 3675 1346 3739 ἐκεῖνον,
1398 3676 1547 3740 οἴους
1585 3676 1827 3748 ὁρῶμεν,

214 3769 350 3822 ἀλλὰ
377 3768 536 3822 θείαν
562 3766 794 3839 δύναμιν
819 3768 915 3821 καὶ
942 3767 1267 3839 ἀγγελικὴν,
1288 3769 1370 3833 εἰς
1400 3768 1575 3824 τύπον
1597 3771 1831 3843 ἀστέρος

215 3860 583 3929 φαινομένην.
649 3858 801 3911 Ἐπεὶ
830 3858 939 3929 γὰρ
985 3859 1036 3911 οἱ
1076 3859 1260 3925 Μάγοι
1288 3860 1615 3932 ἀστρολόγοι
1664 3859 1829 3931 ἦσαν,

214 3950 299 4002 διὰ
328 3949 427 4002 τοῦ
462 3948 735 4019 συνήθους
760 3948 948 4012 αὐτοῖς
981 3950 1371 4020 προσηγάγετο
1401 3952 1601 4016 αὐτοὺς
1651 3954 1680 4005 ὁ
1717 3953 1833 4005 Κύ-

218 4057 357 4112 ριος,
394 4038 587 4109 ὥσπερ
630 4038 725 4091 καὶ
763 4038 857 4091 τον
890 4038 1123 4109 Πέτρον,
1185 4037 1343 4093 ἁλιέα
1383 4038 1537 4106 ὄντα,
1574 4040 1683 4094 ἀπὸ
1734 4038 1831 4093 τοῦ

219 4133 469 4202 πλήθους
510 4129 625 4184 τῶν
662 4129 864 4201 ἰχθύων
900 4125 976 4185 ὧν
1038 4133 1413 4203 έσαγήνευσεν
1461 4134 1557 4187 ἐπὶ
1605 4132 1682 4205 τῷ
1714 4133 1835 4187 ὀνό-

219 4243 353 4294 ματι
379 4223 477 4276 τοῦ
506 4220 770 4293 Χριστοῦ,
801 4220 1115 4291 ἐξέπληξεν.
1142 4224 1265 4276 Ὀτι
1293 4224 1349 4277 δὲ
1376 4224 1649 4293 ἀγγελικὴ
1674 4222 1834 4282 δύνα-

222 4337 311 4388 μις
339 4314 414 4389 ἦν
466 4319 491 4369 ὁ
533 4316 731 4389 ἀστὴρ,
769 4316 933 4386 δῆλον
966 4319 1073 4370 dm.
1104 4317 1199 4371 τοῦ
1233 4319 1328 4371 καὶ
1352 4319 1409 4372 ὲν
1436 4319 1625 4391 ἡμέρᾳ
1658 4319 1824 4389 ὑπερ-

219 4411 487 4483 λάμπειν,
524 4411 619 4463 καὶ
646 4412 753 4463 ἀπὸ
787 4408 884 4461 τοῦ
906 4413 1031 4461 κινε
1057 4409 1173 4463 ςθαι
1204 4410 1324 4481 μὲν,
1353 4413 1695 4483 κινουμένων
1727 4411 1836 4465 τῶν

220 4505 455 4575 Μάγων,
500 4500 753 4555 ἵστασθαι
774 4502 850 4564 δὲ,
903 4504 1007 4555 ἀνα
1044 4505 1377 4573 ·αυομένων’
1410 4504 1548 4558 ἀλλὰ
1578 4507 1675 4558 καὶ
1727 4504 1837 4559 ἀπὸ

221 4599 314 4653 τοῦ
350 4597 570 4670 βορείου
609 4597 835 4668 μέρους,
878 4597 906 4649 ὃ
938 4598 1057 4650 ἐστι
1084 4597 1185 4666 τῆς
1214 4598 1497 4669 Περσίδος,
1533 4602 1612 4663 είς
1648 4599 1709 4651 τὸ
1746 4599 1838 4653 νό-

221 4711 335 4747 τιον
369 4696 633 4759 ἐκινεῖτο,
668 4691 696 4744 ὃ
729 4692 846 4743 ἐστι
891 4693 989 4761 τῆς
1040 4690 1424 4763 Ἰερουσαλήμ.
1462 4690 1735 4746 Οὐδέποτε
1780 4692 1838 4745 δὲ

225 4786 409 4857 ἀστὴρ
441 4786 553 4839 ἀπὸ
588 4782 682 4836 τοῦ
715 4783 927 4855 βορείου
960 4784 1051 4836 ἐπὶ
1092 4782 1154 4836 τὸ
1177 4784 1353 4836 νότιον
1384 4786 1639 4839 κινεῖται.
1670 4802 1687 4836 ι
1728 4785 1839 4838 Καὶ

226 4880 468 4952 ἢλθομεν
515 4877 900 4949 προσκυνῆσαι
960 4875 1129 4947 αὐτῷ.
1170 4894 1188 4928 ι
1240 4875 1529 4931 Φαίνονται
1579 4873 1727 4932 οῦτοι
1789 4880 1837 4931 oi

226 4972 439 5041 Μάγοι,
503 4967 748 5039 μεγάλης
780 4966 984 5038 ἀρετῆς
1020 4967 1196 5031 ὄντες.
1250 4966 1314 5020 Ei
1361 4968 1472 5040 γὰρ
1506 4971 1563 5022 ἐν
1612 4973 1677 5040 τῇ
1711 4969 1839 5043 ξένῃ

228 5066 387 5137 χώρᾳ
421 5063 753 5132 προσκυνεῖν
789 5060 1003 5141 ἤθελον,
1039 5061 1157 5126 πῶς
1193 5063 1296 5115 οὐκ
1328 5060 1393 5116 ἂν
1433 5065 1491 5116 ὲν
1522 5068 1590 5136 τῇ
1618 5065 1839 5136 Περσίδι

228 5156 720 5230 ἑπαρῤησιάσαντο
751 5155 845 5207 καὶ
877 5153 1188 5225 ὲκήρυξανς

306 5270 326 5303 ι
377 5248 647 5311 Ἀκούσας
676 5248 735 5302 δὲ
771 5246 1021 5319 Ἡρώδης
1046 5251 1073 5301 ὁ
1098 5248 1377 5319 βασιλεὺς,
1411 5249 1710 5321 ἐταράχθη,
1744 5250 1839 5303 καὶ

233 5348 383 5399 πᾶσα
454 5342 812 5414 Ἱεροσόλυμα
860 5340 975 5411 μετ’
1032 5341 1222 5396 αὺτοῦ.
1256 5361 1275 5393 ι
1347 5342 1405 5395 '0
1452 5344 1555 5414 μὲν
1593 5342 1842 5416 Ἡρώδης

235 5439 539 5513 ἐταράχθη,
570 5438 647 5501 ὠς
690 5436 990 5507 ἀλλόφυλος
1026 5438 1158 5511 περὶ
1204 5439 1301 5511 τῆς
1331 5440 1617 5510 βασιλείας
1666 5442 1840 5496 δεδοι-

236 5534 345 5597 κώς
373 5550 388 5563 '
420 5532 694 5600 ἐγίνωσκε
753 5529 865 5600 γὰρ
910 5529 992 5581 ὅτι
1028 5531 1249 5595 ἀνάξιος
1297 5528 1365 5603 ἦν
1427 5534 1633 5606 ταύτης
1657 5550 1670 5564 ·
1710 5537 1759 5587 οἱ
1786 5535 1844 5588 δὲ

249 5625 681 5692 Ἰουδαῖοι,τίνος
714 5624 903 5677 ἕνεκεν
937 5625 1338 5696 ταράττονται;
1370 5625 1477 5679 ἔδει
1505 5627 1614 5698 γὰρ
1646 5627 1843 5691 αὐτοὺς

244 5721 441 5792 μᾶλλον
478 5718 720 5791 χαίρειν,
753 5719 835 5772 ὅτι
868 5717 1123 5789 βασιλεὺς
1156 5720 1341 5786 αύτοῖς
1382 5720 1558 5791 ἔσται,
1596 5725 1702 5780 ὑπὸ
1733 5725 1844 5781 τῶν

312 5906 332 5938 ⁸
363 5906 504 5963 Gen.
562 5920 715 5971 χιιι,
754 5905 789 5961 5
838 5919 991 5975 seqq.

1935 3408 2078 3461 rium
2119 3403 2360 3469 Christi,
2421 3413 2476 3459 ct
2527 3403 2733 3459 idcirco
2778 3411 2966 3457 natum
3038 3401 3193 3456 adire
3238 3400 3553 3458 voluerunt.

1940 3518 1959 3553 ι
1997 3499 2243 3564 Vidimus
2290 3498 2437 3552 enim
2485 3498 2696 3552 stellam
2727 3497 2847 3568 ejus
2890 3496 2942 3550 in
2980 3492 3229 3551 Oriente.
3267 3514 3285 3547 ι
3323 3494 3555 3561 Quando

1934 3594 2095 3649 audis
2147 3591 2387 3657 stellam,
2436 3607 2503 3659 ne
2553 3593 2716 3647 talem
2751 3602 2912 3663 putes
2950 3590 3136 3659 illam,
3182 3590 3371 3659 quales
3402 3592 3557 3646 vide-

1934 3704 2076 3754 mus,
2096 3688 2191 3742 sed
2212 3662 2453 3741 divinam
2478 3685 2738 3741 virtutem
2756 3662 2816 3740 et
2835 3685 3139 3757 angelicam
3167 3684 3221 3739 in
3249 3684 3351 3755 ιι
3379 3682 3554 3755 ligura

1936 3784 2137 3842 sideris
2176 3791 2559 3851 apparentem.
2610 3782 2752 3837 Nam
2806 3785 3067 3854 quoniam
3111 3781 3374 3852 astrologi
3412 3780 3553 3852 Magi

1935 3886 2131 3943 erant,
2175 3886 2469 3948 propterea
2506 3877 2769 3933 Dominus
2805 3878 3064 3932 fariiiliari
3102 3876 3237 3948 ipsis
3266 3878 3426 3946 signo
3457 3888 3553 3929 eos

1938 3972 2207 4036 adduxit,
2244 3972 2389 4026 sicut
2422 3980 2477 4025 et
2512 3969 2736 4027 Petrum
2776 3974 3106 4042 piscatorem
3140 3989 3169 4026 a
3209 3971 3557 4027 multitudine

1938 4070 2205 4142 piscium,
2252 4083 2390 4138 quos
2426 4067 2480 4123 in
2528 4070 2751 4125 nomine
2785 4070 2994 4125 Christi
3040 4079 3295 4137 ceperat,
3365 4080 3555 4137 stupe-

1939 4177 2097 4219 scere
2126 4163 2276 4219 fecit.
2305 4162 2462 4231 Quod
2491 4173 2673 4219 autem
2708 4164 2953 4235 angelica
2982 4165 3157 4218 virtus
3186 4162 3349 4218 fuerit
3375 4161 3554 4225 stella,

1939 4255 2293 4310 manifestum
2340 4270 2406 4310 ex
2437 4269 2538 4321 eo,
2572 4258 2713 4325 quod
2754 4265 2809 4311 et
2845 4256 2898 4310 in
2934 4257 3021 4310 die
3054 4254 3369 4320 refulserit,
3405 4262 3459 4308 et
3489 4253 3558 4309 ad

1942 4358 2147 4402 motum
2185 4347 2469 4417 Magorum
2498 4362 2559 4403 se
2592 4350 2851 4413 moverit,
2885 4361 2939 4402 et
2979 4349 3045 4400 ad
3080 4350 3325 4417 quietem
3364 4361 3555 4401 eorum

1942 4441 2232 4512 quieverit.
2276 4441 2420 4507 Quin
2470 4453 2525 4496 et
2569 4457 2599 4495 a
2643 4441 3060 4513 septentrionali
3094 4452 3281 4509 parte,
3323 4456 3443 4511 qua:
3474 4448 3558 4495 eet

1944 4534 2213 4599 Persidis,
2249 4536 2314 4588 ad
2343 4534 2654 4601 meridiem,
2694 4537 2742 4588 in
2784 4551 2887 4605 qua
2919 4546 3003 4590 est
3039 4534 3403 4600 Hierusalem,
3438 4547 3557 4588 mo-

1872 4664 1916 4720 Ι)
1948 4629 2194 4683 vebatur.
2241 4626 2530 4698 Nunquam
2581 4638 2763 4682 autem
2806 4629 2963 4682 stella
3002 4644 3031 4681 a
3070 4626 3446 4697 septentrione
3492 4628 3559 4681 ad

1948 4719 2233 4777 meridiem
2292 4721 2542 4774 vertitur.
2607 4736 2625 4770 ι
2692 4720 2756 4773 Et
2809 4720 3094 4784 venimus,
3150 4728 3208 4772 ut
3268 4719 3561 4774 adoreuuts

1945 4827 2096 4867 eum.
2153 4831 2171 4865 ι
2219 4810 2486 4867 Videntur
2537 4812 2593 4868 hi
2650 4811 2791 4883 Magi
2839 4828 3034 4883 magna
3080 4812 3283 4867 virtute
3328 4811 3560 4881 praediti.

1945 4904 2082 4960 Nam
2116 4907 2160 4961 si
2204 4906 2255 4959 in
2300 4906 2475 4959 aliena
2526 4906 2747 4977 regione
2792 4907 3027 4961 adorare
3064 4904 3376 4965 voluerunt,
3422 4919 3564 4971 quo-

1949 5001 2111 5055 modo
2147 5016 2251 5055 non
2286 5001 2337 5055 in
2368 4999 2595 5055 Perside
2626 5001 2743 5070 ipsa
2774 5015 2969 5070 magna
3008 5000 3266 5055 libertate
3297 4996 3564 5070 praedica-

1951 5093 2187 5148 verunt?

2032 5267 2199 5322 Vens.
2238 5266 2291 5321 5.
2336 5285 2354 5312 ι
2401 5265 2651 5323 llerodes
2688 5276 2871 5321 autem
2924 5282 3020 5321 rex
3076 5274 3135 5319 ut
3177 5263 3406 5330 audivit,
3445 5274 3565 5317 tur-

1952 5358 2115 5414 batus
2164 5369 2271 5425 est,
2308 5368 2364 5414 et
2419 5360 2601 5415 omnis
2659 5358 3036 5429 Hierosolyma
3073 5374 3197 5413 cum
3252 5357 3364 5411 illo.
3400 5376 3418 5409 ι
3458 5356 3566 5410 He-

1950 5452 2112 5507 rodes
2146 5452 2368 5521 quidem
2432 5455 2689 5507 turbatus
2750 5462 2855 5518 est,
2911 5462 2971 5507 ut
3024 5452 3352 5521 alienigena,
3399 5465 3566 5521 regno

1952 5560 2052 5601 Sno
2099 5546 2319 5608 timens,
2354 5546 2567 5601 sciebat
2622 5546 2768 5601 enim
2799 5547 2944 5616 quod
2989 5547 3080 5601 illo
3108 5547 3367 5615 indignus
3397 5552 3564 5598 esset.

1952 5636 2121 5692 Judiei
2182 5650 2363 5692 autem
2434 5654 2606 5709 quare
2687 5640 3015 5694 turbantur?
3070 5641 3357 5710 oportebat
3416 5638 3563 5693 enim

1954 5730 2191 5801 gaudere
2232 5730 2435 5801 potius,
2470 5732 2616 5803 quod
2664 5747 2848 5803 regem
2899 5732 3001 5804 ipsi
3055 5735 3297 5790 habituri
3351 5744 3562 5797 05:81”,
