4004 6404
130 348 221 414 201

774 334 1221 404 ΕΝΑΒΗΑΤΙΟ
1261 334 1341 394 IN
1386 327 1629 393 EVANG
1641 326 1713 385 ΕΙ

1831 326 1884 385 Μ
1926 325 2389 388 ΜΑΤΤΗᾸΞΙ.·-
2415 324 2574 385 CAP.
2626 321 2722 383 VI.

3272 318 3341 380 ΞΟ
3354 320 3378 380 2

129 459 435 521 λυττῶντας
487 452 804 521 Ἰουδαίους,
839 453 979 524 ὑπὲρ
1010 449 1238 513 ἑαυτοὺς
1261 446 1577 521 ἠγάπησαν,
1604 438 1698 494 καὶ

1830 440 1949 495 Leos
2009 450 2198 495 contra
2249 455 2310 495 se
2371 437 2727 501 insanientes,
2764 434 2882 505 plus
2946 446 3107 500 quam
3172 432 3381 500 seipsos

129 550 319 614 sine;
353 548 410 600 ot
465 546 615 615 ἅγιοι
654 546 783 608 τοὺς
837 543 1059 615 ἐχθροὺς
1094 539 1296 596 αὐτῶν.
1360 556 1376 590 ι
1419 536 1702 602 Εὐλογεῖῖε

124 651 243 705 τοῦς
277 639 723 711 καταρωμένους
755 638 923 708 ὑμᾶς,
954 635 1128 698 καλῶς
1162 634 1369 687 ποιεῖτε
1386 631 1496 697 τοῖς
1522 625 1705 698 μισοῦ-

134 753 217 789 σιν
260 735 442 805 ὑμᾶς,
470 732 569 786 καὶ
596 729 962 801 προσεύχεσθε
991 726 1131 797 ὑπὲρ
1156 726 1265 780 τῶν
1293 721 1706 794 ἐπηρεαζόντων

126 828 260 896 ὑμᾶς
317 826 420 877 καὶ
457 824 767 876 διωκόντων
797 820 960 890 ὑμᾶς.
999 838 1017 869 ι
1056 818 1147 882 Ὠς
1180 818 1289 887 γὰρ
1312 813 1605 883 εύεργὲτας
1626 810 1707 862 δεῖ

127 917 318 978 αὐτοὺς
346 915 525 983 ἔχειν.
567 912 681 974 Πᾶς
704 910 814 982 γὰρ
837 911 865 963 ὁ
890 908 1100 962 διώκων
1131 908 1223 960 καὶ
1255 902 1556 974 πειράζων,
1581 903 1707 954 ἐλα-

129 1005 314 1074 φρύνει
345 1004 489 1072 ἡμῖν
505 1000 607 1070 τὴν
651 999 794 1071 ὑπὲρ
826 999 932 1052 τῶν
965 994 1378 1067 ἁμαρτημάτων
1412 991 1704 1061 τιμωρίαν.

132 1094 333 1158 Ἄλλως
349 1110 441 1158 τε,
473 1093 576 1145 καὶ
596 1092 726 1145 ὅταν
744 1087 1058 1161 τηλικοῦτον
1074 1085 1308 1140 ἔπαθλον
1325 1084 1540 1139 δίδωσιν
1575 1084 1706 1152 ἡμῖν

125 1188 149 1239 δ
172 1186 329 1247 Θεός.
369 1186 589 1237 Ἀκουε
616 1182 741 1251 γάρ’

192 1297 211 1329 ι
252 1278 455 1338 Ὅπως
505 1271 741 1343 γένησθε
794 1270 900 1324 υἱοὶ
937 1268 1030 1321 τοῦ
1070 1267 1281 1339 Πατρδς
1332 1265 1486 1336 ὑμῶν
1523 1261 1618 1317 τοῦ
1652 1263 1709 1314 ἐν

128 1370 235 1431 τοῖς
291 1366 587 1436 οὐρανοῖς³
642 1354 852 1436 ὅτι¹τδν
897 1360 1047 1431 ἣλιον
1087 1358 1253 1412 αὐτού
1296 1352 1579 1417 ἀνατέλλει
1616 1351 1710 1405 ἐπὶ

128 1432 398 1530 πονηροὺς
432 1459 532 1510 καὶ
565 1432 829 1524 ἀγαθοὺς,
860 1455 951 1506 καὶ
986 1452 1168 1524 βρέχει
1197 1450 1291 1503 ἐπὶ
1339 1447 1585 1509 δικαίους
1616 1444 1711 1498 καὶ

126 1552 364 1612 ἀδίκους.
408 1568 427 1598 ι
490 1548 641 1618 Ορᾷς
674 1545 903 1616 πηλίκον
928 1543 1130 1611 ἀγαθὸν
1160 1540 1341 1595 δίδωσί
1372 1541 1511 1599 σοιὸ
1536 1535 1711 1608 μισῶν

130 1658 180 1693 τε
222 1645 327 1694 καὶ
406 1638 763 1709 ἐπηρεάζων,
818 1635 915 1689 ἐὰν
948 1636 1107 1706 μόνον
1161 1632 1322 1704 θέλῃς
1376 1630 1708 1702 ὑπομένειν;

1808 530 2122 600 diligebant,
2168 540 2220 584 et
2251 545 2445 584 Omnes
2500 527 2678 583 sancti
2710 541 2839 581 suos
2858 524 3142 579 inimicos.
3178 540 3197 575 ι
3235 523 3379 578 Bene

1809 622 2103 691 preceinini
2126 622 2513 677 devoventibus
2534 607 2650 684 vos,
2685 617 2983 673 bcnefacitc
3016 616 3098 671 his
3128 617 3218 684 qui
3252 615 3383 670 ode-

1812 724 1937 767 runt
1971 731 2082 782 vos,
2111 725 2162 770 et
2192 723 2346 769 orate
2379 728 2473 783 pro
2511 710 2596 765 his
2647 711 2735 778 qui
2772 710 2977 763 laedunt
3011 718 3065 763 et
3102 708 3384 762 insectan-

1813 815 1895 858 tur
1926 822 2043 862 vos.
2086 826 2104 858 ι
2160 806 2304 861 Inter
2332 803 2709 860 benefactores
2755 812 2967 872 oportet
3004 801 3125 854 illos
3157 799 3381 853 habere.

1810 900 1997 955 Omnis
2028 901 2171 954 enim
2214 899 2304 968 qui
2339 914 2435 952 nos
2460 905 2629 953 tentat
2650 906 2707 952 et
2736 895 3098 965 persequitur,
3128 892 3383 945 leviorem

1812 996 1942 1051 facit
1970 1012 2187 1068 poenam
2218 1012 2377 1065 quam
2417 1011 2512 1067 pro
2557 991 2799 1064 peccatis
2854 987 2995 1041 ferre
3040 985 3383 1040 deberemus.

1811 1090 1984 1144 Etiam
2044 1089 2148 1143 alia
2202 1089 2435 1150 ratione,
2481 1098 2671 1154 nempe
2694 1081 2821 1151 quia
2857 1078 3018 1131 talem
3078 1074 3385 1128 mercedem

1814 1182 1969 1236 nobis
1998 1181 2089 1235 dat
2128 1181 2285 1234 Deus.
2323 1180 2460 1232 Audi
2492 1177 2634 1231 enini
2663 1191 2677 1228 :

1883 1270 2047 1327 Vens.
2072 1270 2162 1327 45.
2204 1288 2222 1321 ι
2270 1268 2337 1324 Ut
2368 1270 2487 1324 sitis
2517 1266 2611 1323 lilii
2638 1264 2815 1319 Patris
2850 1260 3017 1317 vestri
3068 1259 3159 1329 qui
3200 1266 3284 1313 est
3334 1256 3386 1311 in

1814 1363 1966 1419 caelis
2001 1381 2016 1417 :
2057 1365 2182 1430 quia
2224 1364 2392 1419 solem
2435 1377 2591 1415 suum
2626 1356 2826 1413 exoriri
2876 1354 3008 1409 sinit
3035 1367 3195 1420 super
3220 1350 3391 1403 bonos

1813 1463 1865 1508 et
1898 1454 2089 1520 malos,
2124 1462 2179 1509 et
2207 1452 2343 1523 pluit
2395 1451 2748 1521 super-iustos
2789 1456 2841 1503 et
2873 1444 3123 1514 injustas.
3160 1461 3179 1494 ι
3228 1440 3392 1496 Vides

1813 1557 2076 1614 quantum
2110 1545 2306 1600 bonum
2330 1543 2425 1599 dat
2466 1541 2561 1597 tibi
2592 1542 2681 1611 qui
2709 1551 2759 1595 te
2798 1539 2911 1593 odit
2940 1548 2995 1592 ct
3023 1536 3189 1600 laedit,
3228 1536 3391 1589 modo

1814 1637 2084 1692 sustinere
2112 1636 2285 1691 velis:
2313 1635 2415 1692 Per
2438 1634 2674 1704 pluviam
2714 1642 2893 1686 autem
2929 1637 2981 1685 et
3017 1628 3187 1684 solem
3228 1626 3391 1683 intel-

128 1735 334 1806 Βροχὴν
374 1733 437 1786 δὲ
492 1732 591 1786 καὶ
616 1731 769 1800 ἥλιον
806 1728 941 1792 νόει,
979 1728 1071 1781 καὶ
1105 1726 1204 1798 τὴν
1237 1725 1440 1795 γνῶσιν
1490 1722 1584 1777 καὶ
1608 1720 1708 1791 τὴν

1838 1728 1923 1794 ige
1974 1727 2137 1781 etiam
2201 1727 2504 1782 doctrinam
2539 1735 2592 1779 et
2636 1722 2943 1779 scientiam.
3003 1720 3207 1776 Omnes
3243 1718 3389 1774 enim

125 1789 504 1879 abigant.th
568 1789 777 1886 πάντας
818 1789 937 1894 γὰρ.
976 1821 1003 1874 ὁ
1031 1789 1173 1884 Θεὸς·
1212 1789 1436 1889 φωτίζει
1478 1817 1572 1869 καὶ
1628 1789 1706 1868 δί-

1830 1819 1962 1874 Deus
1998 1819 2236 1875 illustrat
2272 1826 2325 1873 et
2356 1819 2529 1873 docet.

126 1934 327 1969 ωςκεε.

199 2027 217 2059 ι
268 2008 403 2061 Ἐὰν
427 2005 543 2077 γὰρ
584 2006 835 2075 ἀγαπᾶτε
863 2004 990 2067 τοὺς
1023 2002 1352 2071 ἀγαπῶντας
1388 2002 1554 2072 ὑμᾶς,
1590 2000 1707 2052 τίνα

132 2100 320 2170 μισθὸν
353 2100 558 2171 ἐχετες
614 2099 738 2169 οὐχὶ
784 2096 879 2150 καὶ
901 2098 951 2149 οἱ
996 2097 1225 2151 τελῶναι
1260 2095 1320 2147 τὸ
1348 2094 1479 2146 αὐτὸ
1522 2091 1709 2147 ποιοῦ·

130 2212 251 2259 σιν;
298 2212 321 2245 ι
379 2190 701 2262 Φρίξωμεν,
764 2192 894 2244 ὅταν
944 2189 1078 2259 μηδὲ
1129 2190 1235 2241 τεῒν
1266 2185 1515 2239 τελωνῶν
1563 2180 1711 2254 ὦμεν

129 2290 244 2351 ἴσοι,
296 2286 440 2339 ἀλλὰ
473 2286 572 2338 καὶ
602 2286 728 2346 τοὺς
753 2282 1082 2352 ἀγαπῶντας
1112 2280 1259 2350 ἡμᾶς
1304 2278 1587 2348 μισῶμεν..

196 2397 215 2429 ι
267 2378 506 2431 Καὶὲὰν
538 2373 860 2444 ἀσπάζησθε
880 2375 1004 2437 τοὺς
1042 2373 1229 2441 φίλους
1256 2370 1409 2441 ὑμῶν
1442 2370 1624 2439 μόνον,
1659 2366 1711 2418 τί

131 2471 387 2541 περισσὸν
422 2472 671 2532 ποιεῖτε;
710 2467 848 2537 Οὐχὶ
896 2467 991 2520 καὶ
1013 2469 1061 2520 οἱ
1088 2464 1317 2518 τελῶναι
1355 2461 1498 2515 οὕτω
1527 2458 1706 2512 ποιοῦ-

132 2578 241 2627 σινς
274 2562 520 2615 Ἐσεσθε
554 2556 647 2613 οὖν
664 2560 818 2630 ὑμεῖς
843 2558 1053 2622 τέλειοι,
1079 2557 1268 2626 ὥσπερ
1297 2556 1324 2607 ὁ
1344 2553 1529 2623 Πατὴρ
1559 2551 1711 2622 ὑμῶν

128 2657 153 2707 ὁ
178 2658 233 2707 ἐν
264 2657 386 2717 τοῖς
411 2654 669 2721 οὐρανοῖς
715 2651 924 2715 τέλειός
972 2653 1107 2706 ἐστι.
1154 2668 1171 2701 ι
1201 2649 1273 2700 Τὸ
1312 2646 1421 2715 γὰρ
1450 2645 1576 2707 τοὺς
1611 2643 1713 2711 μὲν

129 2748 227 2801 τῶν
258 2746 588 2817 ἀνθρώπων
618 2745 861 2815 ἀγαπᾷν,
892 2743 1019 2807 τοὺς
1064 2742 1226 2812 δῆθεν
1258 2740 1468 2810 φίλους,
1503 2738 1627 2799 τοὺς
1656 2736 1713 2789 δὲ

134 2842 332 2907 μισεῖν,
384 2836 600 2899 ἀτελές
626 2837 771 2889 ἐστι·
806 2835 1009 2889 τέλειον
1037 2834 1112 2900 δὲ,
1136 2834 1195 2887 τὸ
1227 2833 1435 2894 πάντας
1465 2830 1709 2901 ἀγαπᾷν.

741 2971 995 3023 ΚΕΦΑΛ.
1031 2967 1122 3035 (7.

132 3110 259 3180 Περὶ
314 3109 775 3180 ἐλεημοσύνης,
837 3103 1188 3180 προσευχῆς
1235 3103 1331 3180 κρῖ
1373 3102 1709 3180 νηστείας.

258 3182 411 3247 Περὶ
444 3172 559 3233 {of}
607 3172 1005 3245 καταφρονεῖν
1042 3175 1159 3227 τῶν
1181 3172 1289 3228 τοῦ
1312 3173 1568 3240 κόσμου.

198 3314 216 3344 ι
257 3291 588 3363 Προσέχετε
648 3288 748 3357 τὴν
788 3285 1158 3356 ἐλεημοσύνην
1219 3284 1374 3353 ὑμῶν
1427 3284 1501 3353 μὴ
1539 3285 1711 3335 ποιεῖν

133 3384 442 3455 ἔμπροσθεν
482 3381 595 3433 τῶν
626 3378 928 3451 ἀνθρώπων
964 3378 1093 3448 πρὸς
1121 3378 1182 3430 τὸ
1214 3376 1474 3446 θεαθῆναι
1501 3375 1711 3438 αὐτοῖς’

134 3477 250 3529 εἰδὲ
277 3476 454 3545 μήγε,
500 3471 696 3543 μισθὸν
725 3470 823 3523 οὐκ
846 3468 999 3538 ἔχετε
1032 3468 1183 3538 παρὰ
1207 3465 1285 3537 τῷ
1325 3466 1502 3536 [Ιατρλ⁵
1560 3465 1714 3534 ὑμῶν

132 3566 200 3635 τῷ
248 3568 310 3618 ὲν
342 3569 462 3629 τοῖς
498 3564 770 3632 οὐρανοῖς.
824 3579 841 3611 ι
880 3560 971 3622 Εἰς
1008 3557 1103 3628 τὴν
1136 3558 1403 3628 μεγίστην
1441 3555 1550 3608 τῶν
1581 3558 1711 3625 ἀρε-

131 3659 229 3712 τῶν
283 3658 392 3728 τὴν
446 3656 680 3723 ἀγάπην
740 3650 1056 3720 ἀναγαγὼν,
1105 3650 1199 3703 νῦν
1238 3650 1457 3719 ἀναιρεῖ
1489 3649 1585 3701 καὶ
1615 3649 1714 3719 τὴν

133 3750 462 3814 ιενοδοξεαν,
498 3747 624 3816 ἣτις
649 3745 841 3798 ἕπεται
891 3745 1004 3805 τοῖς
1040 3740 1495 3812 κατορθώμασινο
1528 3742 1629 3811 ὅρα
1658 3741 1715 3793 δὲ

133 3846 177 3895 τί
227 3842 425 3909 λέγει’
477 3838 809 3909 Προσέχετε,
848 3836 1047 3890 ὡσανεὶ
1103 3835 1233 3905 περὶ
1298 3834 1490 3905 θηρίου
1541 3830 1714 3885 δεινοῦ

133 3932 290 3999 ἒγοι,
346 3930 595 3999 πρόσεχε
632 3928 706 3996 μή
749 3942 808 3977 σε
844 3924 1224 3995 διασπαράξῃ·
1255 3923 1359 3975 κᾶν
1402 3922 1719 3993 ἔμπροσθεν

134 4023 179 4074 δὲ
215 4024 329 4075 τῶν
359 4019 679 4088 ἀνθρώπων
712 4018 891 4086 nam.
913 4016 971 4066 οὐ
1009 4018 1181 4076 ποιεῖς
1214 4013 1271 4066 δὲ
1301 4012 1460 4067 τοῦτο
1484 4013 1624 4082 πρὸς
1657 4011 1720 4065 τὸ

136 4114 422 4184 θεαθῆναι,
452 4110 519 4162 οὐ
549 4110 878 4177 κατακρίνῃ.
919 4107 1047 4159 Ἐὰν
1076 4105 1133 4158 δὲ
1172 4104 1373 4157 σκοπὸν
1406 4103 1536 4174 ἔχῃς
1562 4121 1717 4158 κενο-

134 4206 325 4272 δοξίας,
364 4205 417 4255 εί
439 4201 541 4255 καὶ
560 4202 617 4252 ὲν
642 4199 718 4269 τῷ
741 4198 952 4267 ταμείῳ
973 4213 1065 4250 σου
1088 4198 1344 4267 ποιήσῃς,
1376 4196 1710 4267 κατακρίνῃ.

137 4293 233 4362 την
271 4291 518 4366 γνώμην
543 4289 653 4359 γὰρ
680 4288 710 4358 ἢ
740 4286 955 4350 κολάζει
984 4286 1292 4357 ἢστειρανοῖ
1324 4288 1351 4339 ὁ
1390 4285 1540 4349 Θεός.

204 4618 223 4652 ι
288 4600 472 4654 Ὅταν
525 4593 622 4651 οὖν
673 4598 834 4666 ποιῇς
883 4595 1276 4667 ὶλεημοσύνην,
1341 4594 1415 4665 μὴ
1449 4595 1716 4667 σαλπίσῃς

138 4688 452 4761 ιμπροσθέν
500 4703 619 4748 σου,
680 4684 865 4756 ῶσπερ
922 4686 971 4737 οι
1023 4686 1318 4755 ὑποκριταὶ
1374 4686 1617 4739 ποιοῦσιν
1661 4690 1719 4740 ὲν

138 4785 242 4844 ταῖς
279 4779 645 4849 συναγωγαῖς
671 4776 763 4831 καὶ
792 4778 850 4831 ὲν
874 4779 991 4841 ταῖς
1022 4777 1242 4849 ῥύμαις,
1274 4778 1421 4843 ὅπως
1447 4778 1719 4845 δοξασθῶ·

142 4890 215 4925 σιν
246 4875 357 4927 ύπδ
392 4872 511 4925 τῶν
558 4869 885 4942 ἀνθρώπων..
931 4887 949 4921 ι
1008 4870 1082 4923 Οὐ
1118 4870 1430 4939 σάλπιγγας
1488 4867 1636 4941 εἶχον
1671 4872 1720 4925 oi

141 4968 462 5037 ὑποκριταὶ,
493 4962 636 5016 ἀλλὰ
663 4960 759 5032 τὴν
783 4961 1021 5016 διάνοιαν
1054 4961 1240 5015 αὐτῶν
1272 4961 1500 5033 διαγελᾷ
1528 4962 1723 5016 ενταῦ-

141 5059 217 5124 θα,
252 5062 339 5113 ὅτι
373 5055 681 5124 ἠϐούλοντο
722 5055 817 5126 τὴν
870 5054 1241 5125 ἐλεημοσύνην
1287 5053 1469 5109 αὐτῶν
1523 5054 1719 5108 σαλπί-

142 5149 343 5213 ζεσθαι.
380 5148 721 5217 ’Υποκριταὶ
753 5145 808 5198 δέ
856 5147 993 5198 εἰσιν
1025 5147 1072 5198 οἱ
1103 5145 1232 5201 ἄλλο
1265 5148 1363 5217 μὲν
1386 5145 1558 5213 ὄντες,
1592 5147 1721 5202 ἄλλο

139 5241 184 5293 δὲ
214 5240 593 5312 φαινόμενοι·
656 5237 751 5291 καὶ
782 5230 928 5291 οὗτοι
974 5236 1105 5305 γοῦν
1148 5238 1440 5307 ἐλεήμονες
1470 5237 1569 5308 μὲν
1596 5239 1722 5307 φαί-

144 5349 337 5399 νονται,
406 5331 567 5385 ἄλλοι
616 5328 674 5382 δέ
727 5330 885 5382 εἰσιν.
950 5345 968 5378 ι
1041 5329 1215 5399 ’Δμὴν
1264 5329 1409 5397 λέγω
1457 5329 1607 5396 ὑμῖν,
1641 5330 1721 5383 ὅτι

145 5431 404 5496 ἀπέχουσι
448 5426 549 5476 τὸν
587 5421 778 5491 μισθὸν
816 5422 1023 5475 αὐτῶν.
1072 5440 1091 5473 ›
1136 5420 1551 5490 Ἐπαινούμενοι
1593 5424 1720 5493 γὰρ,

146 5522 195 5569 1‘9
221 5524 330 5571 πᾶν
369 5517 660 5572 ἀπε).αὸον
695 5516 848 5584 παρά
878 5515 986 5565 τῶν
1020 5514 1344 5585 ἀνθρώπων.

212 5629 228 5661 ι
290 5610 401 5663 Σοῦ
438 5609 498 5662 δὲ
555 5606 839 5669 ποιοῦντος
886 5606 1274 5677 ἐλεημοσύνην,
1341 5603 1414 5675 μὴ
1461 5604 1651 5673 γνώτω
1690 5607 1723 5676 ἡ

148 5703 409 5775 ἀριστερά
433 5720 531 5755 σου
574 5701 627 5753 τί
670 5702 814 5753 ποιεῖ
851 5701 883 5768 ἡ
916 5699 1061 5764 δεξιά
1092 5716 1204 5753 σου.
1247 5719 1265 5752 ι
1318 5698 1726 5769 ’Υπερϐολικῶς

531 5807 546 5821 ⁸
585 5794 666 5844 ὅτι
704 5793 765 5844 Εἰ
800 5790 1048 5853 δυνατὸν,
1096 5792 1186 5844 καὶ
1221 5792 1443 5843 σεαυτὶν
1475 5791 1722 5845 λάνθανε.

864 5906 1145 5969 CXXIII.

149 5794 295 5850 τοῦτο
332 5793 493 5850 εἶπεν

395 5912 668 5969 Parnm.
705 5910 797 5968 Cn

1740 3150 1788 3213 C

1752 4513 1801 4570 D

1892 2000 2056 2055 Vens.
2080 1998 2169 2054 46.
2205 2017 2223 2050 ι
2250 1998 2383 2053 Nam
2412 1999 2454 2051 si
2480 1997 2782 2051 dilexeritis
2802 1995 3084 2063 diligentes
3104 2007 3195 2046 vos
3234 2006 3394 2061 quam

1821 2092 2125 2144 mercedem
2184 2088 2430 2145 habetis?
2468 2103 2648 2143 nonne
2701 2096 2755 2140 et
2804 2084 3079 2155 publicani
3135 2084 3281 2137 idem
3316 2082 3400 2137 l'a-

1820 2180 2002 2233 ciunt?
2033 2199 2050 2230 ι
2086 2179 2463 2249 Trepidemus,
2486 2181 2628 2248 quod
2660 2193 2841 2248 neque
2875 2174 3181 2246 publicanis
3207 2188 3400 2230 sumus

1818 2273 2085 2341 aequales;
2121 2274 2215 2326 sed
2244 2280 2491 2325 amantes
2515 2271 2670 2339 ipsos
2723 2268 2853 2324 odio
2884 2268 3171 2321 habemus.

1892 2362 2055 2416 Vens.
2089 2362 2179 2427 47,
2208 2361 2315 2423 748.
2362 2379 2379 2413 ι
2416 2359 2482 2415 Ει
2536 2360 2581 2413 si
2616 2358 2915 2413 dilexeritis
2942 2356 3152 2411 amicos
3185 2361 3399 2412 vestros

1824 2464 2057 2517 tantum,
2088 2452 2215 2523 quid
2260 2452 2494 2521 amplius
2539 2448 2762 2505 facitis?
2804 2461 2987 2503 nonne
3033 2455 3086 2500 et
3120 2446 3397 2515 publicani

1821 2544 1900 2597 sic
1936 2542 2177 2596 faciunt?
2239 2539 2404 2593 Eritis
2443 2539 2607 2608 igitur
2644 2553 2739 2591 vos
2773 2535 3021 2606 perfecti,
3064 2535 3206 2589 sicut
3236 2534 3401 2590 Pater

1823 2641 2001 2686 vester
2036 2632 2126 2699 qui
2159 2629 2210 2684 in
2236 2629 2392 2684 ccrlis
2427 2638 2532 2694 est,
2562 2626 2833 2695 perfectus
2865 2636 2969 2681 est.
3014 2644 3032 2676 ι
3062 2623 3197 2681 Nam
3222 2624 3399 2679 homi-

1825 2739 1949 2775 num
1968 2722 2102 2777 alios
2125 2722 2369 2790 diligere,
2401 2719 2539 2774 alios
2566 2718 2690 2773 odio
2713 2718 2938 2780 habere,
2960 2715 3397 2785 imperiectorum

1822 2821 1903 2865 est
1940 2828 1954 2866 :
1991 2826 2178 2868 omnes
2204 2821 2381 2867 autem
2415 2809 2661 2880 diligere,
2693 2808 3081 2878 perfectorum.

2424 2944 2656 3001 CAPUT
2696 2943 2783 3000 VI.

1825 3085 1899 3140 De
1946 3084 2297 3155 eicemosyna,
2337 3082 2575 3135 oratione
2617 3092 2664 3131 et
2693 3079 2923 3155 jejunio.
2981 3078 3058 3132 De
3103 3089 3399 3150 confemplu

2516 3151 2722 3204 mundi.

1899 3268 2056 3324 Vens.
2091 3268 2142 3321 1.
2189 3283 2208 3318 ι
2251 3264 2527 3320 Attendite
2586 3279 2651 3318 ne
2705 3263 3106 3336 eleemosynam
3162 3271 3400 3319 vestram

1820 3362 2037 3418 faciatis
2099 3372 2283 3414 coram
2343 3355 2655 3410 hominibus
2702 3364 2758 3408 ut
2812 3353 3104 3408 videamini
3160 3354 3228 3407 ab
3271 3354 3400 3417 illis.

1817 3454 2020 3522 alioqui
2050 3448 2354 3505 mercedem
2380 3463 2483 3502 non
2511 3446 2725 3502 habetis
2748 3446 2887 3512 apud
2904 3443 3123 3498 Patrem
3163 3453 3401 3499 vestrum

1817 3550 1911 3619 qui
1947 3555 2031 3602 est
2075 3547 2126 3599 in
2156 3544 2333 3599 emlis.
2379 3560 2398 3595 ι
2452 3541 2747 3611 Postquam
2788 3539 2854 3592 ad
2910 3552 3180 3592 cnmmam
3231 3538 3403 3593 virtu-

1826 3652 1937 3695 tum
1969 3639 2289 3693 charitatem
2344 3635 2515 3698 duxit,
2549 3647 2691 3687 nunc
2720 3631 2860 3686 tollit
2901 3632 3115 3685 inanem
3150 3630 3403 3700 gloriam,

1821 3748 1941 3804 qum
1981 3731 2133 3799 sequi
2194 3729 2331 3783 solet
2364 3728 2503 3780 bene
2551 3734 2859 3795 operantes.
2898 3722 3032 3778 Vide
3061 3732 3240 3779 autem
3274 3723 3406 3793 quid

1823 3825 1968 3879 dicat
2002 3838 2016 3876 :
2044 3819 2344 3883 Attendite,
2401 3816 2599 3886 inquit,
2630 3825 2685 3869 et
2735 3825 2956 3881 cavete;
2986 3819 3143 3887 quasi
3197 3817 3265 3873 de
3298 3818 3403 3872 ali-

1822 3929 1929 3985 qua
1990 3910 2125 3964 mala
2177 3908 2350 3963 bestia
2406 3908 2571 3972 dicat,
2634 3906 2852 3961 attende
2908 3922 2975 3961 ne
3020 3917 3073 3961 te
3117 3906 3402 3965 dilacerct.

1822 4005 1994 4059 Porro
2037 4004 2162 4058 licet
2195 4016 2378 4055 coram
2435 4000 2747 4054 hominibus
2779 3999 3181 4069 eleemosynain
3210 3998 3404 4065 facias,

1823 4114 1927 4154 non
1982 4107 2162 4150 tamen
2217 4095 2338 4149 ideo
2388 4093 2520 4147 facis
2572 4101 2632 4146 ut
2663 4091 2900 4145 videaris
2953 4091 3022 4143 ab
3068 4091 3404 4150 hominibus,

1826 4206 1931 4245 non
1966 4186 2370 4243 condemnaris.
2422 4186 2517 4239 Sin
2553 4192 2734 4239 autem
2770 4197 2920 4235 vanae
2964 4182 3149 4250 glow:
3178 4196 3403 4249 scopum

1827 4280 2185 4352 spectaveris,
2256 4276 2470 4332 etiamsi
2515 4277 2567 4329 in
2622 4275 2995 4345 penetralibus
3044 4277 3405 4344 promptuarii

1832 4376 1904 4429 .ui
1956 4373 2174 4436 feceris,
2252 4367 2651 4424 eondemnaris.
2712 4366 3055 4420 Voluntutem
3112 4365 3257 4417 enim
3320 4367 3404 4420 vel

1829 4473 2053 4523 coronat
2086 4463 2168 4518 vel
2206 4462 2357 4532 punit
2382 4460 2540 4517 Deus.

1906 4558 2065 4613 Vens.
2088 4555 2142 4610 2.
2178 4572 2195 4605 ι
2221 4553 2404 4622 itaque
2425 4568 2549 4607 cum
2581 4550 2717 4605 facis
2744 4550 3169 4619 eleemosynam,
3203 4552 3405 4606 netnha

1830 4661 2053 4707 canatur
2077 4648 2181 4719 31
2247 4655 2373 4700 ante
2438 4654 2510 4710 te,
2571 4643 2714 4698 sicut
2759 4642 3059 4713 hypocrita:
3111 4642 3319 4697 faciunt
3349 4644 3404 4697 in

1830 4743 2118 4817 synagogis
2157 4748 2211 4795 et
2247 4738 2299 4792 in
2336 4738 2493 4799 vicis,
2522 4743 2581 4790 ut
2628 4736 3003 4805 gloriﬁcentur
3054 4734 3123 4788 ab
3169 4735 3406 4789 homini-

1830 4838 1948 4891 bus.
1990 4853 2009 4886 ι
2047 4831 2164 4886 Νοη
2195 4829 2349 4885 tubas
2383 4828 2652 4883 habebant
2683 4826 3000 4896 hypocrita,
3043 4826 3136 4880 sed
3167 4826 3404 4883 animum

1830 4942 2019 4983 eorum
2050 4923 2259 4979 deridet
2298 4922 2401 4977 hoc
2426 4920 2568 4987 loco,
2616 4920 2758 4991 quod
2811 4919 3214 4990 eleemosynam
3248 4934 3405 4975 suam

1831 5015 2083 5072 volebant
2112 5010 2398 5067 celebrari.
2446 5009 2752 5079 Hypocritae
2781 5016 2929 5074 sunt,
2986 5008 3079 5076 qui
3134 5008 3226 5061 alii
3261 5017 3409 5075 sunt,

1830 5111 1920 5164 alii
1948 5113 2209 5177 apparent
2258 5122 2272 5159 :
2318 5112 2373 5159 et
2422 5101 2803 5157 misericordes
2857 5101 3076 5172 quidem
3131 5100 3408 5168 videntur,

1833 5199 1922 5252 alii
1951 5206 2131 5251 autem
2174 5203 2320 5249 sunt.
2374 5210 2394 5244 ι
2424 5194 2595 5247 Amen
2631 5193 2751 5246 dico
2792 5191 2979 5257 vobis,
3021 5189 3163 5260 quod
3208 5192 3413 5248 habent

1833 5286 2141 5343 mercedem
2193 5298 2369 5338 snam.
2432 5302 2451 5334 ι
2505 5280 2641 5337 Cum
2682 5280 2971 5337 laudantur
3012 5281 3182 5346 enim,
3240 5290 3410 5337 totum

1834 5387 2160 5450 acceperunt
2196 5378 2263 5432 ab
2298 5375 2630 5431 hominibus.

1905 5609 2070 5664 Vens.
2107 5607 2162 5663 5.
2198 5624 2217 5657 ι
2245 5603 2323 5659 Te
2353 5612 2531 5657 autem
2566 5601 2799 5673 faciente
2824 5603 3246 5674 eleemosynam,
3312 5617 3411 5660 ne-

1835 5704 1971 5754 sciat
2003 5698 2221 5751 sinistra
2256 5703 2344 5747 tua
2374 5692 2503 5761 ψήὸ
2537 5692 2699 5746 faciat
2725 5692 2945 5745 dextera
2982 5701 3091 5745 tua.
3126 5710 3145 5743 ι
3185 5694 3285 5748 Per
3307 5694 3411 5764 hy-

1840 5790 2111 5862 perbolen)
2143 5790 2240 5843 hoc
2271 5784 2423 5850 dicit,
2449 5785 2600 5853 quasi
2622 5785 2845 5849 diceret,
2875 5783 2919 5836 si
2945 5786 3215 5852 pOSSIUIIC,
3248 5786 3409 5840 etiam

2980 5900 3017 5949 ’7
