4004 6410
660 396 768 461 203

1520 383 2101 445 THEOPHYLACTI
2141 382 2475 443 BULGAR]
2489 382 2551 441 1E
2592 382 2879 443 ARCHIE
2891 386 2947 444 P.

3806 380 3922 446 204

663 507 891 576 teipsum
953 502 1183 572 ignores.
1247 495 1339 549 Vel
1401 494 1563 550 etiam
1637 495 1818 559 aliter,
1878 492 2108 549 Sinistra
2150 500 2233 546 est

2352 492 2409 546 Ἠ
2432 490 2527 545 καὶ
2555 489 2731 556 ἄλλως
2753 508 2768 524 ο
2796 492 3082 564 ἀριστερᾴ,
3114 492 3145 562 ἡ
3169 489 3464 556 κενοδοξία’
3498 487 3669 555 δεξιὰ,
3692 489 3726 560 ἡ
3754 487 3922 559 ἐλεη-

664 599 842 656 inanis
902 594 1091 665 gloria,
1165 590 1357 644 dextra
1426 603 1554 644 vero
1612 587 1979 655 eleemosyna,
2030 584 2237 640 nesciat

664 694 828 762 igitur
857 688 1253 757 eleemosynam
1278 681 1456 737 inanis
1479 678 1675 751 gloria.

734 784 897 838 Vens.
926 779 980 834 4.
1021 796 1040 830 ι
1080 774 1152 831 Ut
1178 775 1250 831 sit
1277 772 1623 841 eleemosyna
1679 780 1767 825 tua
1824 770 1878 826 in
1932 768 2136 833 abdito,
2183 774 2237 820 et

662 874 823 929 Pater
858 882 981 927 tuus
1014 868 1105 938 qui
1136 866 1279 921 videt
1316 865 1369 919 in
1429 863 1635 926 abdito,
1674 862 1860 916 reddet
1891 861 1984 915 tibi
2035 860 2085 912 in
2125 874 2239 912 ma-

665 966 885 1021 nifesto.
937 981 955 1015 ι
995 958 1260 1027 Quando?
1302 955 1456 1010 Tunc
1504 970 1623 1009 cum
1672 953 1816 1015 nuda
1866 962 1919 1006 et
1953 948 2234 1005 manifesta

660 1058 839 1113 omnia
869 1062 1046 1115 erunt,
1080 1061 1137 1109 et
1158 1060 1286 1105 tunc
1313 1050 1484 1119 magis
1509 1044 1900 1114 gloriﬁcabere.

732 1229 899 1285 Vens.
943 1229 995 1284 5.
1033 1246 1049 1279 ι
1096 1225 1402 1297 ELquando
1426 1236 1572 1289 oras,
1602 1235 1706 1275 non
1734 1220 1845 1275 eris
1871 1218 2236 1289 quemadmo-

661 1325 787 1378 dum
832 1320 1151 1392 hypocritaz,
1190 1318 1278 1386 qui
1314 1324 1501 1371 amant
1560 1315 1612 1369 in
1664 1312 2044 1369 conciliabulis
2076 1320 2131 1365 et
2185 1310 2236 1363 in

661 1413 873 1483 angulis
920 1412 1214 1481 platearum
1262 1415 1469 1463 stantes
1502 1420 1681 1471 orare,
1724 1413 1783 1458 ut
1825 1402 2102 1473 conspicui
2131 1402 2240 1457 sint

659 1502 1178 1560 bominibus.Amen
1206 1501 1327 1556 dico
1351 1500 1523 1563 vobis,
1548 1498 1690 1567 quod
1714 1496 1918 1551 habent
1935 1492 2238 1550 mercedem

663 1612 841 1652 suam.
889 1615 906 1648 ι
942 1594 1267 1665 Hypocritas
1298 1599 1351 1645 et
1385 1590 1522 1645 istos
1556 1588 1821 1653 nominat,
1878 1586 1960 1640 uti
2019 1600 2114 1641 eos
2146 1586 2236 1655 qui

659 1691 912 1743 videnlur
932 1688 1149 1757 quidem
1166 1684 1446 1740 attendere
1475 1682 1542 1735 ad
1568 1680 1759 1745 Deum,
1789 1679 1882 1734 sed
1906 1679 1973 1733 ad
1997 1679 2241 1733 homines

660 1780 832 1851 magis
867 1779 1175 1839 attendunt,
1216 1792 1243 1829 a
1278 1775 1475 1847 quibus
1528 1773 1748 1839 habent,
1785 1772 1891 1827 hoc
1950 1778 2055 1835 est,
2093 1770 2237 1825 acci-

659 1874 816 1943 piunt
847 1872 1147 1927 mercedem
1176 1884 1349 1924 suam.

733 1963 900 2018 Vens.
925 1961 977 2016 6.
1032 1944 1049 2012 ι
1085 1957 1167 2013 Tu
1201 1966 1407 2024 autem,
1434 1957 1649 2027 quando
1683 1970 1834 2019 oras,
1867 1955 2150 2026 ingredere
2181 1952 2234 2007 in

660 2051 965 2107 cubiculum
1000 2061 1174 2113 tuum,
1210 2056 1266 2103 et
1315 2046 1495 2102 clausa
1526 2045 1695 2116 janua
1743 2055 1831 2098 tua
1873 2058 1965 2097 ora
2020 2043 2233 2098 Patrem

664 2155 812 2197 tuum
849 2143 901 2196 in
939 2140 1279 2205 abscondito,
1315 2148 1369 2194 et
1396 2138 1561 2192 Pater
1580 2147 1704 2191 tuus
1728 2137 1816 2206 qui
1846 2136 1992 2189 videt
2027 2136 2077 2189 in
2110 2135 2240 2188 abs-

668 2233 911 2295 condito,
966 2230 1156 2286 reddet
1190 2230 1285 2284 tibi
1338 2230 1391 2283 in
1429 2226 1736 2282 manifesto.
1782 2247 1800 2280 ι
1852 2224 1988 2294 Quid
2036 2224 2236 2295 igitur?

653 2308 713 2377 in
748 2322 979 2377 ecclesia
1006 2335 1111 2375 non
1140 2319 1347 2375 orabo?
1378 2316 1636 2383 Omnino,
1691 2317 1785 2373 sed
1834 2325 1982 2371 recto
2032 2316 2235 2377 animo,

659 2425 714 2467 et
737 2413 873 2467 citra
897 2412 1345 2467 ostentationem.
1396 2408 1570 2464 Locus
1597 2408 1740 2463 enirn
1776 2422 1879 2462 non
1929 2417 2109 2471 nocet,
2143 2406 2236 2460 scd

665 2504 860 2558 modus
890 2512 944 2558 et
975 2502 1225 2557 intentio.
1264 2499 1416 2556 Multi
1440 2500 1583 2554 enim
1612 2502 1775 2555 etiam
1822 2500 1875 2553 in
1913 2500 2237 2554 abscondito

661 2603 903 2660 orantes,
929 2594 1032 2649 boc
1060 2601 1117 2647 ut
1147 2590 1457 2647 hominibus
1486 2590 1735 2661 placeant
1770 2588 1998 2646 faciunt.

727 2773 900 2829 Vens.
938 2772 991 2826 7.
1026 2789 1044 2824 ι
1076 2770 1309 2827 Orantes
1366 2779 1573 2834 autem,
1629 2782 1696 2824 ne
1739 2768 1858 2823 sitis
1889 2767 2144 2837 battalogi
2184 2769 2235 2820 in

666 2868 923 2937 precibus
944 2866 1168 2929 vestris,
1202 2864 1342 2918 sicut
1372 2862 1599 2917 etlmici.
1627 2880 1646 2913 ι
1705 2860 2001 2932 Battalogia
2028 2872 2107 2916 est
2138 2878 2238 2915 nu-

665 2961 892 3029 gacitas,
923 2968 977 3012 ut
1005 2957 1235 3026 exempli
1262 2954 1459 3026 gratia,
1490 2962 1674 3022 petere
1705 2954 1905 3023 aliquid
1942 2966 2237 3020 terrenum,

663 3049 915 3119 gloriam,
968 3047 1212 3111 divitias,
1266 3047 1573 3100 victoriam.
1639 3043 2001 3101 Battarismus
2058 3052 2239 3096 autem

662 3152 747 3197 est
775 3138 1123 3195 inarticnlata
1150 3154 1277 3203 vox,
1314 3135 1490 3206 qualis
1518 3145 1602 3189 est
1632 3150 1921 3204 puerorum
1948 3151 1963 3193 :
2000 3144 2052 3189 tu
2077 3135 2242 3205 igitur

664 3247 731 3287 ne
759 3245 937 3299 nugax
960 3239 1014 3286 et
1048 3228 1403 3298 multiloquus
1436 3226 1584 3285 δίδη(
1621 3226 1984 3283 Putantenim
2017 3227 2159 3298 quod
2185 3228 2238 3283 in
2267 3210 2309 3266 ο

665 3320 1002 3391 multiloquio
1059 3332 1159 3374 suo
1214 3320 1642 3373 exaudiantur.»
1703 3315 1819 3372 Non
1878 3326 2007 3373 sunt
2065 3316 2241 3389 longae

665 3420 857 3481 preces
910 3410 1186 3476 faciendae,
1248 3411 1343 3465 sed
1398 3412 1592 3467 breves
1626 3409 1851 3482 quidem
1903 3417 1958 3465 et
2012 3414 2237 3477 crebra),

663 3511 877 3574 oportet
903 3504 1044 3557 enim
1078 3516 1247 3572 pauca
1298 3501 1584 3573 loquentes
1632 3516 1985 3573 perseverare
2016 3502 2074 3557 in
2111 3518 2239 3572 pre-

665 3596 837 3650 cibus.

734 3686 895 3743 Vens.
922 3687 977 3743 8.
1025 3705 1043 3740 ι
1084 3686 1160 3743 Ne
1193 3688 1357 3759 igitur
1384 3688 1762 3744 assimilemini
1789 3690 1907 3757 eis;
1940 3691 2044 3746 scit
2095 3690 2239 3746 enim

669 3780 828 3836 Pater
864 3789 1046 3834 vester
1077 3779 1272 3849 quibus
1314 3780 1588 3850 indigetis,
1623 3790 1912 3852 antequam
1946 3784 2140 3852 petatis
2172 3782 2240 3837 ab

662 3872 775 3926 illo.
820 3890 838 3922 ι
871 3867 985 3925 Non
1016 3847 1159 3926 enim
1187 3880 1244 3925 ut
1272 3847 1589 3937 doceamus,
1622 3847 1896 3941 petimus:
1932 3847 2025 3929 sed
2060 3885 2116 3929 ut
2143 3888 2241 3930 nos

664 3979 692 4017 a
729 3964 1114 4031 temporalibus
1138 3974 1192 4017 et
1236 3963 1591 4018 saecularibus
1652 3964 1797 4018 curis
1830 3965 2235 4031 abstrahamus,

663 4065 718 4108 ct
769 4055 941 4108 otiose
988 4061 1043 4109 et
1094 4066 1286 4122 magna
1335 4068 1458 4106 cum
1493 4052 1722 4109 utilitate
1772 4069 1895 4110 cum
1953 4069 2019 4109 eo
2068 4056 2236 4112 collo-

664 4162 915 4214 quamur.

736 4236 899 4291 Vens.
938 4237 990 4291 9.
1031 4256 1048 4287 ι
1090 4236 1182 4292 Sic
1238 4237 1403 4307 igitur
1439 4246 1593 4292 orate
1630 4253 1769 4294 vos:
1823 4238 1982 4295 Pater
2026 4252 2232 4307 noster,

661 4330 753 4397 qui
806 4342 863 4382 es
916 4330 968 4381 in
1004 4329 1179 4382 caelis.
1220 4347 1239 4379 ι
1302 4330 1458 4382 Aliud
1490 4338 1576 4384 est
1606 4341 1809 4397 votum,
1860 4332 2003 4386 aliud
2035 4334 2232 4387 oratio.

670 4418 855 4473 Votum
889 4422 1032 4474 enim
1068 4431 1151 4475 est
1191 4422 1480 4489 promissio
1526 4436 1708 4476 coram
1760 4422 1893 4489 Deo,
1927 4432 1984 4477 ut
2017 4427 2235 4493 quando

664 4514 925 4582 promittit
954 4515 1075 4582 quis
1118 4528 1177 4568 se
1208 4514 1485 4568 abstinere
1515 4529 1544 4567 a
1572 4514 1722 4579 vino,
1751 4514 1832 4569 vel
1860 4515 1964 4569 alia
2000 4518 2233 4585 quadam

666 4620 722 4657 re
769 4621 781 4656 :
842 4606 1015 4657 oratio
1047 4616 1227 4659 autem
1257 4606 1445 4671 petitio
1476 4606 1767 4658 bonorum.
1812 4604 2009 4660 Dicens
2057 4618 2234 4660 autem

666 4698 847 4757 i’ater,
883 4696 1119 4748 ostendit
1154 4695 1244 4747 tibi
1283 4705 1481 4762 quanta
1516 4696 1651 4750 bona
1686 4696 1761 4750 sis
1815 4706 2112 4764 assecutus,
2158 4696 2237 4752 ia-

669 4795 789 4839 ctus
824 4786 968 4839 ﬁlius
989 4782 1106 4838 Dei.
1136 4783 1199 4837 Et
1234 4786 1356 4839 dum
1386 4785 1539 4851 dicit,
1575 4786 1628 4839 Ιιι
1660 4788 1836 4853 ctelis,
1870 4789 2105 4843 ostendit
2140 4791 2234 4845 tibi

662 4882 889 4947 patriam
928 4890 1073 4931 tuam
1128 4889 1183 4933 et
1239 4880 1456 4933 domum
1513 4890 1811 4949 paternam.
1875 4882 2010 4938 ham
2054 4886 2097 4939 si
2156 4884 2234 4941 vis

669 4975 865 5024 habere
894 4970 1104 5024 Patrem
1141 4972 1330 5034 Deum,
1363 4973 1414 5025 in
1594 4974 1762 5029 caelos
1803 4984 2009 5043 specta,
2048 4986 2103 5031 et
2131 4992 2250 5038 non,

667 5065 718 5115 in
764 5072 981 5115 terram.
1014 5061 1130 5117 Non
1176 5063 1311 5117 dicis
1347 5072 1547 5128 autem,
1582 5063 1745 5119 Pater
1800 5082 1972 5131 meus,
2013 5066 2108 5123 sed
2142 5068 2238 5123 Pa-

669 5164 751 5207 ter
796 5160 1003 5217 noster,
1062 5164 1117 5206 ut
1162 5169 1353 5209 onmes
1400 5156 1554 5224 quasi
1614 5156 1809 5212 fratres
1864 5160 2021 5215 unius
2066 5162 2236 5231 patris

668 5243 889 5297 habeas.
954 5262 970 5294 ι
1008 5242 1393 5300 Sanctiﬂcetur
1434 5261 1628 5302 nomen
1673 5258 1846 5303 tuum.
1885 5269 1902 5302 ι
1966 5251 2078 5308 Hoc
2130 5266 2235 5322 est,

662 5336 825 5391 facito
856 5352 956 5392 nos
995 5347 1233 5402 sanctos,
1269 5348 1329 5393 ut
1376 5349 1429 5394 et
1465 5352 1517 5392 tu
1580 5355 1675 5410 per
1728 5357 1829 5398 nos
1894 5344 2231 5413 gloriﬁceris.

665 5429 815 5483 Sicut
842 5430 987 5483 enim
1034 5432 1441 5500 blasphematur
1483 5443 1703 5503 propter
1733 5450 1838 5501 me,
1882 5439 1951 5490 ita
2012 5448 2063 5492 et
2107 5455 2234 5493 san-

665 5521 936 5575 ctiiicatur
970 5532 1190 5592 propter
1241 5538 1328 5579 me
1391 5524 1533 5581 Deus
1578 5543 1588 5577 :
1635 5527 1735 5581 hoc
1781 5539 1885 5592 est,
1928 5540 1984 5582 ut
2016 5544 2234 5587 sanctus

667 5614 1018 5677 gloriﬁcatur.

738 5701 895 5757 Vens.
932 5706 1015 5757 10.
1052 5722 1069 5755 ι
1107 5706 1373 5760 adveniat
1420 5725 1642 5778 regnum
1687 5722 1855 5766 tuum.
1899 5733 1915 5765 ι
1954 5713 2234 5774 Secundus

662 5792 863 5847 :ciiicct
888 5794 1150 5852 adventus
1181 5814 1193 5863 ;
1223 5814 1364 5865 nam,
1389 5799 1555 5857 fretus
1580 5807 1714 5857 bona
1744 5807 2093 5875 conscientia,
2117 5826 2236 5879 pre-

2341 585 2569 656 μοσύνη·
2609 586 2683 656 μὴ
2707 585 3026 655 γινωσκέτω
3045 580 3138 639 οὖν
3169 586 3203 655 ή
3236 581 3510 647 κενοδοξία
3536 581 3635 653 τὴν
3681 581 3925 653 ἐλεημο-

2340 678 2529 750 σύνην.

2416 790 2435 823 ι
2480 770 2668 833 Ὀπως
2771 786 2864 823 σου
2893 772 2925 841 ἡ
2960 768 3298 839 ἐλεημοσύνη
3341 770 3398 821 ὲν
3431 767 3508 834 τῷ
3542 762 3794 834 κρυπτῷ.
3827 761 3931 815 καὶ

2336 866 2364 917 6
2399 864 2589 934 Πατήρ
2631 880 2724 917 σου
2780 865 2806 917 6
2837 862 3050 934 βλέπων
3084 862 3141 914 ὲν
3178 859 3257 929 τῷ
3286 875 3538 929 κρυπτῳ,
3578 854 3740 915 αὐτὸς
3785 854 3906 907 ἀπο

2337 953 2498 1008 δώσει
2532 971 2614 1007 σοι
2646 955 2704 1007 ὲν
2747 954 2826 1025 τῷ
2860 952 3099 1024 φανερῷ.
3140 970 3159 1003 ι
3216 951 3391 1015 Πότε;
3425 948 3556 1002 Ὅτε
3609 945 3790 1016 γυμνὰ
3830 945 3932 997 καὶ

2338 1046 2551 1116 φανερὰ
2605 1047 2784 1101 πάντα
2841 1044 3226 1111 παρίστανται,
3287 1041 3379 1096 καὶ
3432 1041 3555 1094 τότε
3611 1034 3932 1106 δοξασθήσῃ

2342 1140 2566 1211 μᾶλλον.

2414 1250 2432 1283 ι
2463 1231 2572 1284 Καὶ
2586 1232 2715 1285 ὅταν
2742 1230 3037 1302 προσεύχῃ,
3062 1229 3161 1283 οὐκ
3191 1226 3287 1297 ἔσῃ
3310 1225 3500 1295 ὥσπερ
3521 1224 3570 1277 οἱ
3600 1219 3930 1291 ὑποκριταὶ,

2338 1324 2421 1378 ὅτι
2451 1322 2697 1393 φιλοῦσιν
2744 1325 2803 1376 ὲν
2856 1327 2976 1386 ταῖς
3008 1322 3356 1391 συναγωγαῖς
3410 1318 3505 1372 καὶ
3553 1319 3611 1370 ὲν
3660 1316 3779 1377 ταῖς
3814 1330 3934 1382 γω-

2340 1417 2483 1480 νίαις
2508 1416 2617 1470 τῶν
2648 1415 2923 1469 πλατειῶν
2956 1415 3191 1479 ἑστῶτες
3214 1411 3639 1484 προσεύχεσθαι,
3670 1408 3822 1469 ὅπως
3862 1404 3932 1457 ἂν

2341 1509 2551 1579 φανῶσι
2580 1511 2690 1572 τοῖς
2719 1508 3052 1580 ἀνθρώποις.
3106 1508 3277 1578 Ἀμὴν
3310 1506 3455 1574 λέγω
3501 1505 3652 1573 ὑμῖν,
3681 1502 3765 1554 ὅτι
3789 1499 3934 1552 ἁπέο

2340 1617 2494 1672 χουσι
2521 1602 2612 1654 τὸν
2642 1601 2833 1671 μισθὸν
2862 1599 3062 1655 αὐτῶν.
3108 1619 3127 1653 ι
3174 1596 3508 1669 ’Υποκριτὰς
3564 1594 3659 1648 καὶ
3697 1590 3933 1652 τούτους

2340 1695 2616 1765 ὀνομάζει,
2649 1696 2724 1759 ὠς
2749 1693 3047 1757 δοκοῦντας
3078 1692 3178 1763 μὲν
3208 1689 3327 1761 Θεῷ
3358 1687 3675 1761 προσέχειν,
3708 1682 3934 1753 ἀνθρὼ-

2341 1804 2463 1852 ποις
2494 1787 2551 1840 δὲ
2574 1787 2940 1859 προσέχοντας
2974 1802 2988 1817 ·
3026 1786 3158 1857 παρ’
3187 1778 3263 1839 ὧν
3299 1784 3592 1853 ἀπέχουσι,
3621 1774 3935 1840 τουτέστιν,

2268 1862 2309 1920 Β
2340 1880 2786 1950 ἀπολαμϐάνουσι
2817 1879 2907 1932 τὸν
2944 1877 3133 1949 μισθὸν
3160 1876 3359 1930 αὐτῶν.

2418 1992 2436 2025 ι
2476 1973 2549 2026 Σὺ
2596 1971 2653 2025 δὲ
2683 1973 2812 2025 ὃταν
2852 1968 3157 2042 προσεύχῃ,
3211 1967 3420 2021 εἴσελθε
3456 1968 3537 2031 είς
3577 1967 3638 2020 τὸ
3692 1967 3935 2038 ταμεῖόν

2343 2082 2460 2129 σου,
2501 2064 2599 2117 καὶ
2632 2062 2851 2126 κλείσας
2878 2062 2977 2134 τὴν
3005 2061 3177 2133 θύραν
3208 2077 3325 2127 σου,
3354 2059 3652 2131 πρόσευξαι
3699 2059 3781 2129 τῷ
3814 2060 3935 2113 Πα-

2339 2156 2429 2224 τρί
2452 2172 2543 2208 σου
2576 2155 2655 2225 τῷ
2676 2156 2734 2208 ἑν
2757 2153 2834 2225 τῷ
2856 2153 3104 2224 κρυπτῷ,
3129 2152 3224 2206 καὶ
3249 2153 3277 2204 6
3304 2153 3495 2224 Πατήρ
3531 2168 3625 2206 σου
3649 2153 3677 2205 6
3706 2150 3934 2223 βλέπων

2340 2250 2398 2301 ὲν
2432 2246 2509 2320 τῷ
2558 2246 2809 2318 κρυπτῷ,
2860 2244 3137 2299 ἀποδώσει
3177 2260 3257 2297 σοι
3306 2244 3367 2298 ὲν
3398 2244 3476 2315 τῷ
3510 2242 3754 2314 φανερῷ.
3792 2262 3812 2293 ι
3866 2244 3936 2295 Τί

2339 2340 2464 2407 οὒν;
2493 2342 2552 2395 ὲν
2588 2339 2855 2411 ἐκκλησίᾳ
2877 2338 2951 2409 μὴ
2979 2337 3403 2409 προσεύξωμαι;
3439 2338 3551 2391 Καὶ
3582 2338 3723 2391 πάνυ
3748 2353 3762 2366 ·
3790 2336 3937 2389 ἀλλὰ

2345 2436 2483 2506 μετὰ
2532 2431 2760 2504 γνώμης
2798 2432 2985 2503 ὀρθῆς,
3025 2430 3121 2485 καὶ
3176 2429 3318 2483 ὥστε
3358 2429 3433 2501 μὴ
3486 2429 3934 2493 ἐπιδείκνυσθαι,

2341 2527 2462 2580 ἐπεὶ
2491 2528 2518 2581 6
2556 2528 2719 2588 τόπος
2749 2524 2809 2577 οὐ
2847 2524 3099 2594 βλάπτει,
3134 2520 3251 2574 ἀλλ’
3284 2522 3311 2575 6
3356 2520 3556 2593 τρόπος
3596 2521 3688 2573 καὶ
3734 2521 3766 2573 6
3801 2537 3933 2573 σκοο

2342 2621 2462 2683 πός.
2505 2618 2698 2673 Πολλοὶ
2748 2616 2879 2681 γοῦν
2937 2618 2996 2667 ὲν
3040 2613 3118 2684 τῷ
3169 2613 3400 2685 κρυπτῷ
3445 2613 3749 2684 εὐχόμενοι,
3789 2612 3941 2682 πρὸς

2340 2712 2438 2766 ἀνθ
2448 2710 2835 2780 ρωπαρεσκίαν
2866 2706 3023 2760 τοῦτο
3049 2705 3315 2760 ποιοῦσιν.

2419 2820 2437 2853 ι
2482 2797 3015 2873 Προσευχόμενοιδὲ,
3045 2798 3121 2869 μὴ
3157 2796 3618 2866 βαττολογήσητε,
3648 2794 3845 2865 ὥσπερ
3883 2795 3942 2845 οἱ

2342 2887 2566 2941 ἐθνικοί.
2606 2905 2623 2938 ι
2685 2886 3020 2954 Βαττολογία
3079 2885 3229 2938 ἐστὶν
3289 2884 3637 2955 ήφλυαρία·
3677 2879 3815 2946 οἷον,
3873 2884 3941 2937 τὸ

2344 2982 2515 3032 αἰτεῖν
2547 2995 2599 3031 τι
2640 2979 2747 3031 τῶν
2781 2979 3007 3048 γηΐνων,
3040 2976 3222 3042 δόξαν,
3257 2975 3513 3038 πλοῦτον,
3570 2976 3747 3045 νίκην.
3786 2975 3941 3027 But-

2342 3070 2609 3141 ταρισμὸς
2637 3070 2693 3123 δέ
2728 3070 2932 3139 ἐστινὴ
2964 3068 3236 3139 ἄναρθρος
3272 3068 3445 3137 φωνὴ,
3475 3068 3551 3129 ὡς
3592 3068 3625 3138 ἠ
3652 3065 3763 3120 τῶν
3803 3084 3945 3119 παι-

2345 3162 2473 3215 δίων
2500 3178 2515 3193 ⁸
2544 3162 2608 3215 σὺ
2632 3164 2813 3215 τοίνυν
2846 3161 2920 3232 μὴ
2950 3161 3191 3231 φλύαρος
3226 3162 3338 3215 ἔσο.
3382 3159 3623 3213 Δοκοῦσι.
3660 3160 3795 3229 γὰρ,
3849 3160 3945 3212 ὅτι

2345 3255 2402 3305 ὲν
2463 3255 2530 3322 τῇ
2566 3252 2865 3321 πολυλογία
2900 3253 3080 3307 αὐτῶν
3110 3251 3657 3322 εἰσακουσθήσονται.
3714 3250 3794 3304 Οὐ
3854 3250 3948 3303 δεῖ

2347 3344 2568 3415 μακρὰς
2610 3345 2884 3398 ποιεῖσθαι
2922 3344 3023 3409 τὰς
3081 3345 3269 3415 εὐχὰς,
3315 3344 3452 3398 ἀλλὰ
3506 3341 3774 3415 βραχείας
3807 3342 3942 3413 μὲν,

2344 3438 2606 3507 συχνάκις
2652 3437 2730 3503 δὲ,
2772 3438 2867 3492 καὶ
2907 3437 3065 3505 ὀλίγα
3100 3436 3528 3508 φθεγγομένους,
3577 3452 3949 3508 προσκαρτε-

2345 3534 2459 3600 ρεῖν
2486 3533 2551 3602 τῇ
2583 3534 2740 3602 εὐχῇ.

2421 3726 2440 3759 ι
2473 3707 2564 3778 Μὴ
2608 3708 2701 3763 οὖν
2730 3710 3033 3780 ὁμοιωθῆτε
3090 3712 3297 3778 αὐτοῖς,
3341 3708 3453 3767 οἶδε
3495 3713 3605 3781 γὰρ
3656 3714 3683 3766 6
3735 3713 3947 3785 Πατὴρ

2344 3798 2498 3869 ὑμῶν
2513 3793 2587 3852 ὧν
2614 3802 2805 3870 χρείαν
2825 3809 2978 3873 εχετε
3004 3804 3108 3875 πρὸ
3137 3804 3231 3857 τοῦ
3262 3805 3407 3875 ὑμᾶς
3442 3808 3660 3874 αἰτῆσαι
3684 3806 3882 3861 αὐτόν,
3922 3828 3940 3858 ι

2344 3890 2419 3944 Οὐ
2471 3892 2578 3961 γὰρ
2623 3892 2711 3947 ἵνα
2743 3894 3043 3966 διδάξωμεν
3083 3896 3367 3967 αἰτοῦμεν,
3400 3896 3519 3950 ἀλλ’
3555 3898 3644 3950 ἴνα
3691 3898 3941 3962 ἑαυτοὺς

2342 3984 2819 4053 ἀπασχολήσαντες
2858 3987 2967 4041 τῶν
3026 3989 3321 4057 βιωτικῶν,
3374 3988 3755 4060 ὡφεληθῶμεν
3806 3990 3947 4059 ὁμι-

2341 4072 2561 4139 λοῦντες
2589 4075 2757 4147 αὐτῷ.

2416 4272 2433 4303 ι
2473 4252 2659 4316 Οὕτως
2680 4252 2772 4307 οὖν
2801 4253 3171 4324 προσεύχεσθε
3206 4255 3360 4325 ὑμεῖς
3397 4271 3411 4283 ·
3450 4255 3635 4323 Πάτερ
3670 4256 3871 4325 ἡμῶν,
3915 4263 3945 4312 6

2340 4346 2400 4397 ὲν
2428 4347 2537 4409 τοῖς
2557 4347 2823 4414 οὐρανοῖς.
2864 4365 2882 4396 ι
2923 4346 3070 4415 Eam
3131 4344 3280 4412 ἄλλο,
3318 4347 3412 4399 καὶ
3441 4349 3721 4418 προσευχὴ
3770 4349 3942 4405 ἄλλο.

2339 4439 2487 4508 Εὑχὴ
2516 4438 2615 4503 μὲν
2644 4438 2750 4508 γάρ
2785 4440 2933 4490 ἐστιν
2966 4438 3261 4507 ὑπόσχεσις
3298 4438 3434 4507 πρὸς
3479 4440 3612 4490 Θεόν
3644 4455 3659 4471 ο
3694 4439 3770 4502 ὡς
3800 4442 3949 4494 ὅταν

2270 4562 2315 4617 D
2344 4530 2671 4600 ὑπισχνῆταί
2728 4547 2810 4594 τις
2859 4530 3201 4599 ἀποσχέσθαι
3252 4531 3397 4583 οἴνου
3451 4531 3679 4601 ἢάλλου
3732 4535 3895 4598 τινός
3930 4552 3943 4563 ·

2346 4621 2622 4691 προσευχὴ
2670 4622 2748 4681 δὲ,
2800 4620 3022 4688 ἀγαθῶν
3066 4622 3304 4688 αῐτησις.
3390 4622 3574 4692 Πάτερ
3621 4622 3679 4675 δὲ
3731 4625 3947 4691 εἰπὼν,

2342 4706 2579 4759 δείκνυσί
2612 4722 2691 4758 σοι
2725 4707 2884 4760 τίνων
2925 4707 3147 4774 ἀγαθῶν
3182 4709 3440 4781 ἡξιὼθης,
3493 4710 3613 4772 υίὸς
3658 4711 3797 4764 Θεοῦ
3841 4732 3949 4782 γε-

2342 4794 2513 4865 γονώς
2542 4811 2555 4825 ·
2587 4798 2643 4848 ὲν
2673 4796 2727 4848 δὲ
2762 4795 2839 4866 τῷ
2871 4798 3065 4861 είπεῖν,
3102 4799 3159 4848 ὲν
3194 4804 3306 4862 τοῖς
3326 4802 3595 4871 οὐρανοῖς,
3633 4802 3805 4869 ἔδειξέ
3854 4823 3950 4858 σει

2340 4888 2439 4960 τὴν
2467 4890 2702 4961 πατρίδα
2752 4908 2843 4943 σου
2877 4893 2973 4945 καὶ
3025 4890 3115 4944 τὸν
3147 4886 3296 4945 οἷκον
3323 4896 3415 4947 τὸν
3456 4896 3726 4965 πατρικόν
3762 4912 3775 4927 ⁸
3838 4900 3950 4951 ἐὰν

2343 4982 2450 5051 γὰρ
2482 4980 2640 5053 θέλῃς
2674 4981 2819 5053 ἔχειν
2866 4984 3085 5053 Πατέρα
3111 4984 3202 5038 τὸν
3240 4986 3395 5051 Θεὸν,
3431 4989 3564 5056 πρὸς
3596 4988 3725 5050 τοὺς
3756 4990 3947 5059 οὐρα-

2340 5075 2465 5137 νοὺς
2504 5073 2690 5143 βλέπε,
2723 5076 2817 5128 καὶ
2855 5075 2929 5147 μὴ
2992 5077 3129 5147 πρὸς
3172 5078 3274 5147 γῆν
3298 5094 3312 5109 ·
3350 5080 3411 5131 οὐ
3442 5079 3622 5147 λέγεις
3683 5079 3763 5144 δὲ,
3819 5083 3949 5137 Πα-

2341 5182 2436 5236 τερ
2463 5182 2587 5234 μου,
2635 5165 2797 5233 ἀλλὰ,
2835 5169 3017 5239 Πάτερ
3039 5168 3217 5237 ἡμῶν,
3244 5170 3317 5233 ὼς
3348 5171 3413 5224 ἂν
3436 5170 3580 5241 ἔχοις
3609 5173 3825 5237 πάντας
3862 5177 3915 5227 ὠ
3934 5224 3947 5239 ,

2338 5256 2600 5327 ἀδελφοὺς
2627 5259 2743 5320 ἐνὸς
2774 5261 3009 5329 Πατρός.
3046 5279 3063 5312 ι
3106 5262 3452 5333 Ἀγιασθήτω
3469 5267 3528 5317 τὸ
3546 5265 3720 5334 ὄνομά
3750 5284 3881 5323 σου.
3923 5291 3940 5321 ›

2340 5350 2623 5415 Τουτέστι,
2652 5350 2883 5421 Ποίησον
2910 5354 3061 5422 ἡμᾶς
3086 5356 3300 5423 ἁγίους,
3332 5356 3419 5411 ἴνα
3456 5360 3553 5410 καὶ
3586 5359 3648 5410 σὺ
3674 5360 3744 5411 δι’
3776 5361 3945 5431 ἡμᾶς

2339 5441 2535 5514 δοξάζῃ
2570 5459 2583 5473 θ
2638 5441 2713 5505 ὼς
2766 5443 2874 5514 γὰρ
2905 5444 3307 5517 βλασφημεῖται
3363 5449 3431 5501 δι’
3479 5450 3597 5521 ἐμὲ.
3646 5450 3794 5505 οὕτω
3838 5460 3947 5510 καὶ

2338 5536 2623 5603 ἁγιάζεται
2675 5536 2743 5587 δι’
2795 5538 2895 5607 ἐμὲ
2942 5541 2968 5592 6
3003 5540 3154 5606 Θεὸς,
3195 5544 3495 5608 τουτέστιν,
3533 5544 3609 5609 ὠς
3639 5545 3798 5615 ἅγιος
3848 5553 3949 5606 δι-

2340 5628 2581 5693 ξάζεται.

2415 5742 2432 5772 ι
2482 5721 2710 5774 Ἐλθέτω
2741 5723 2772 5793 ἡ
2798 5723 3045 5793 βασιλεία
3072 5744 3185 5779 σου.
3217 5748 3232 5779 ι
3270 5730 3584 5793 Τουτέστιν,
3627 5733 3659 5801 ἡ
3694 5732 3950 5806 δευτέρα

2340 5814 2635 5883 παρουσία·
2677 5816 2704 5867 6
2743 5818 2853 5884 γὰρ
2889 5821 3125 5885 air/5:56.;
3155 5822 3292 5890 ἔχων
3328 5826 3937 5894 πεπαῤῥησιασμένον,
