4004 6410
124 398 222 461 Ξθ5

778 392 1231 455 ENARRATIO
1276 391 1358 452 IN
1397 385 1907 453 EVANGELIUM
1944 388 2333 451 ΜΑΤΤίΙιΕῘ.
2358 391 2605 454 -CAP.
2652 392 2746 453 Vl.

3327 386 3436 452 2%

122 511 333 579 τῦχεται
366 505 558 560 ἐλθεῖν
579 506 681 577 τὴν
712 507 1014 562 ἀνάστασιν
1053 507 1147 563 καὶ
1178 498 1280 579 τήν
1315 506 1523 578 κρίσιν.
1559 525 1577 556 ι
1618 503 1714 558 Γε-

1833 511 1981 557 ratur
2031 514 2086 558 ut
2140 508 2325 561 veniat
2389 505 2720 563 resurrectio
2762 513 2817 560 et
2885 503 3180 575 judicium.
3247 521 3264 552 ι
3307 498 3432 557 Fiat

117 602 330 672 νηθήτω
349 601 419 653 τὸ
455 600 682 672 θέλημά
739 618 834 654 σου
875 601 951 662 ὡς
984 602 1043 654 ὲν
1090 600 1307 674 οὐρανῷ
1340 601 1435 655 καὶ
1493 599 1587 653 ἐπὶ
1624 598 1724 669 τῆς

114 696 229 765 γῆς.
256 692 544 763 νοω-κερ.
583 693 775 764 φησιν,
806 693 858 745 οἱ
893 693 1121 763 ἄγγελοι
1143 693 1391 748 ποιοῦσιν
1418 692 1480 746 τδ
1512 689 1727 763 θέλημά

116 806 224 849 σου,
259 785 415 840 οὕτω
448 789 551 841 καὶ
576 788 710 856 ἡμῖν
733 785 823 850 δὸς
856 790 1033 840 ποιεῖν
1058 787 1215 842 αὑτό.

182 899 201 929 ι
242 879 353 932 Τὸν
388 878 571 948 ἄρτον
622 876 784 951 ήμῶν
834 876 931 929 τδν
990 877 1269 931 ἐπιούσιον
1330 876 1420 940 δὸς
1459 877 1594 946 ἡμῖν
1630 875 1729 947 σή⁴

116 988 297 1042 μερον.
345 989 365 1021 ι
419 970 772 1036 Ἐπιούσιον,
796 969 890 1022 τὸν
919 968 1012 1022 ἐπὶ
1042 972 1108 1040 τῇ
1142 968 1304 1041 οὐσίᾳ
1343 969 1437 1021 καὶ
1466 967 1726 1021 συστάσει

111 1062 261 1131 ἡμῶν
302 1061 600 1131 αὐτάρκη,
652 1060 822 1133 φησίν
852 1076 867 1089 ·
923 1061 1149 1130 ἀναιρεῖ
1196 1058 1253 1111 δὲ
1305 1060 1407 1131 τὴν
1440 1060 1575 1130 περὶ
1621 1057 1727 1128 τῆς

110 1152 295 1223 αὔριον
318 1152 637 1221 μέριμναν,
668 1154 763 1204 καὶ
790 1152 852 1203 τὸ
881 1151 1043 1220 σῶμα
1069 1150 1126 1203 δὲ
1149 1149 1244 1204 τοῦ
1281 1150 1523 1223 Χριστοῦ
1558 1150 1725 1221 ἄρτος

108 1247 248 1298 ἐστὶν
286 1243 589 1307 ὲπιούσιος
619 1259 634 1273 ’
693 1240 757 1299 οὗ
816 1242 1263 1315 μεταλαμϐάνειν
1332 1244 1725 1316 ἀκατακρίτως

109 1337 406 1409 εὐχόμεθα.

181 1445 199 1477 ι
243 1426 364 1479 Καὶ
404 1424 555 1495 ἄφες
598 1426 735 1497 ἡμῖν
768 1424 840 1480 τά
864 1426 1209 1499 ὀφειλήματα
1254 1427 1437 1499 ήμῶν,
1491 1429 1569 1492 ὡς
1628 1428 1723 1481 καὶ

107 1520 261 1588 ἡμεῖς
300 1517 555 1586 ἀφίεμεν
592 1520 707 1582 τοῖς
744 1519 1058 1588 ὀφειλέταις
1088 1520 1268 1591 ἡμῶν.
1306 1541 1325 1575 ι
1374 1520 1595 1589 Ἐπειδὴ
1627 1522 1722 1575 καὶ

109 1608 235 1678 μετά
296 1608 363 1660 τὸ
424 1607 726 1679 βάπτισμα
782 1608 1200 1685 ἁμαρτάνομεν,
1265 1610 1582 1681 ἱκετεύομεν
1632 1611 1721 1665 ἵνα

104 1703 279 1773 ἀρήσῃ
327 1702 499 1773 ἡμῖν’
546 1700 693 1755 οὕτω
737 1701 793 1755 δὲ
836 1701 1016 1773 ἀφήσε
1088 1703 1162 1766 ὡς
1193 1703 1288 1757 καὶ
1335 1704 1520 1773 ἡμεῖς.
1590 1701 1721 1757 Ἐὰν

104 1794 203 1864 γὰρ
233 1794 726 1866 μνησικακῶμεν,
753 1795 853 1848 οὐκ
885 1796 1084 1866 ἀφήσει
1115 1797 1249 1867 ἡμῖν
1272 1812 1287 1827 ·
1332 1795 1434 1867 ἐμὲ
1464 1796 1574 1868 γάρ
1604 1796 1719 1867 ἔχει

1835 596 2085 651 voluntas
2136 609 2226 652 tua
2294 600 2439 655 sicut
2483 602 2535 655 in
2593 597 2736 654 ρατιο
2769 607 2825 654 et
2866 598 2918 653 in
2955 607 3121 652 terra.
3170 615 3189 649 ι
3249 593 3431 659 Sicut,

1830 688 2026 758 inquit,
2065 690 2241 761 angeli
2278 690 2485 746 faciunt
2523 690 2859 746 voluntatem
2895 699 3063 748 tuam.
3135 689 3208 743 ita
3239 697 3295 744 ct
3328 704 3428 743 nos

1830 784 1895 834 tla
1927 798 2046 835 eam
2090 780 2291 838 facere.

1904 873 2073 929 Vens.
2112 876 2202 932 11.
2234 895 2252 928 ι
2298 876 2499 931 Panem
2538 886 2787 931 nostrum
2823 875 3423 945 snpersubstantialem

1830 968 1895 1023 da
1947 969 2112 1024 nobis
2167 968 2346 1025 hodie.
2387 989 2405 1021 ι
2465 968 3066 1039 Supersubslantialem
3116 967 3274 1035 dicit,
3332 969 3430 1037 qui

1829 1063 2149 1117 substantiae
2211 1072 2267 1117 et
2315 1062 2697 1118 constitutioni
2761 1070 2963 1118 nostra:
3015 1061 3233 1129 sulIicit,
3289 1063 3434 1117 tollit

1828 1163 2009 1207 autem
2040 1170 2229 1209 curam
2270 1156 2339 1210 de
2378 1156 2644 1211 crastino.
2681 1153 2827 1222 Quin
2877 1165 2932 1210 et
2979 1169 3181 1225 corpus
3222 1153 3429 1211 Christi

1829 1246 1985 1317 panis
2013 1256 2098 1303 est
2134 1249 2679 1317 supersuhstantialis
2710 1266 2725 1305 :
2782 1248 2936 1319 cujus
2969 1262 3094 1304 esse
3128 1249 3429 1321 participes

1828 1338 1962 1393 citra
1993 1339 2508 1394 condemnationem
2545 1355 2855 1410 precamur.

1899 1430 2067 1487 Vnus.
2102 1430 2191 1486 12.
2223 1449 2241 1482 ι
2281 1430 2348 1485 Ει
2384 1432 2603 1488 dimitte
2635 1432 2793 1489 nobis
2819 1435 3000 1491 debita
3040 1444 3251 1499 nostra,
3287 1434 3432 1492 sicut

1826 1532 1882 1577 et
1938 1539 2039 1579 nos
2094 1525 2421 1581 dimittimus
2466 1525 2812 1584 debitoribus
2856 1529 3083 1584 nostris.
3131 1546 3150 1579 ι
3202 1528 3339 1595 Quia
3374 1539 3429 1583 ct

1828 1626 1948 1686 post
1974 1618 2238 1688 baptisma
2272 1634 2593 1690 peccamus,
2619 1622 2926 1689 'precamur
2960 1630 3022 1676 ut
3055 1620 3297 1676 dimittat
3330 1636 3430 1675 no~

1827 1709 1932 1774 bis,
1986 1714 2063 1765 sic
2096 1720 2282 1767 autem
2319 1712 2580 1779 dimittet,
2640 1714 3103 1783 quemadmodum
3157 1723 3213 1768 et
3266 1729 3368 1769 nos
3410 1728 3425 1768 :

1828 1819 1952 1858 nam
1988 1804 2036 1859 si
2094 1805 2350 1861 vindicta:
2405 1803 2551 1859 avidi
2583 1815 2638 1860 et
2686 1820 2961 1862 memores
2992 1804 3281 1871 fuerimus,
3316 1821 3425 1861 non

102 1892 281 1957 ὁΘεδς
317 1890 698 1963 παράδειγμα
725 1906 738 1919 ·
772 1890 868 1945 καὶ
902 1890 930 1945 δ
962 1890 1101 1945 ποιῶ
1136 1893 1229 1953 ὲπῖ
1250 1890 1421 1961 ἄλλῳ,
1453 1894 1600 1946 ποιεῖ
1631 1892 1714 1946 ὲπ¹

1833 1897 2094 1952 remittet.
2120 1896 2297 1953 [labet
2322 1914 2411 1955 me
2433 1897 2579 1955 Deus
2602 1909 2669 1954 ιιι
2688 1899 3005 1971 exemplar:
3033 1909 3084 1955 et
3110 1900 3254 1970 quod
3282 1898 3427 1954 fat-io

104 1984 240 2051 ἐμοί.

170 2095 187 2125 ι
227 2077 351 2130 Καὶ
375 2075 460 2147 μὴ
487 2075 821 2145 εἰσενέγκῃς
850 2076 997 2146 ήμᾶς
1014 2074 1093 2139 εἰς
1111 2072 1440 2145 πειρασμόν.
1472 2093 1490 2126 ι
1534 2073 1721 2127 ’Ᾱσθε-

106 2170 207 2233 ssi;
241 2172 431 2240 ἐσμεν
465 2170 515 2222 ol
550 2168 856 2240 ἄνθρωποι,
881 2167 962 2220 διδ
994 2168 1055 2220 οὐ
1091 2167 1173 2221 δεῖ
1206 2166 1557 2240 ἑπιρῤίπτειν
1583 2170 1716 2221 ἑαυ-

110 2270 225 2329 τοὺς
252 2269 373 2330 τοῖς
408 2266 752 2336 πειρασμοῖς
776 2280 792 2295 ·
821 2261 936 2316 ἀλλ’
979 2262 1322 2331 ἐμπεσόντας
1363 2250 1618 2333 εὔχεσθαι
1643 2262 1718 2333 μὴ

108 2355 506 2425 καταποθῆναι
543 2354 652 2407 ὑπὸ
683 2354 778 2407 τοῦ
812 2352 1145 2424 πειρασμοῦ.
1215 2352 1275 2407 Ὀ
1328 2357 1438 2424 γάρ
1472 2370 1719 2408 καταπο-

108 2446 208 2507 θείς
239 2447 344 2499 καὶ
369 2442 652 2513 νικηθεὶς,
689 2444 903 2506 ἐκεῖνος
951 2442 1247 2514 εἰσηνέχθη
1286 2444 1368 2507 εἰς
1402 2443 1493 2497 τὸν
1524 2443 1719 2514 βόθρον

105 2538 190 2590 τοῦ
222 2535 584 2608 πειρασμοῦ,
623 2534 741 2589 ἀλλ’
778 2535 881 2607 οὐχ
932 2536 962 2589 6
995 2534 1256 2606 ἐμπεσὼν
1311 2538 1433 2607 μὲν,
1486 2520 1718 2609 νικήσας

105 2632 176 2683 δέ.
220 2650 237 2682 ι
261 2629 441 2685 Ἀλλά
462 2628 633 2699 ῥῦσαι
666 2629 815 2699 ήμᾶς
837 2628 945 2682 ἀπὸ
961 2627 1054 2681 τοῦ
1079 2628 1337 2700 πονηροῦ.
1354 2649 1371 2682 ι
1403 2630 1519 2685 Οὐκ
1539 2625 1715 2697 εἶπεν,

107 2726 210 2776 ἀπ’)
241 2722 361 2775 τῶν
413 2720 680 2792 πονηρῶν
749 2718 1056 2792 ἀνθρώπων
1084 2737 1096 2750 ·
1134 2721 1195 2773 οὐ
1225 2721 1335 2793 γὰρ
1380 2724 1578 2776 ἐκεῖνοι
1603 2723 1717 2777 ἀδι-

107 2815 291 2868 κοῦσιν
333 2814 520 2885 ἡμᾶς,
564 2812 684 2866 ἀλλ’
727 2814 755 2865 6
787 2810 1047 2883 πονηρός.
1082 2831 1100 2862 ι
1142 2812 1266 2866 Ὅτι
1322 2812 1417 2867 σοῦ
1470 2815 1621 2867 ἔστιν
1682 2814 1715 2885 ή

113 2907 367 2976 βασιλεία
401 2908 507 2960 καὶ
537 2906 572 2975 ή
592 2904 826 2974 δύναμις
848 2906 1001 2974 καὶή
1029 2903 1158 2968 δόξα
1193 2905 1274 2969 εἰς
1323 2907 1451 2969 τοὺς
1483 2905 1714 2971 αἰῶνας,

115 3000 310 3069 Ἀμήν.
356 3018 374 3051 ι
402 2997 686 3069 Θαρσύνει
713 2998 861 3068 ἡμᾶς
894 2996 1147 3050 ἐνταῦθα.
1204 2996 1265 3049 El
1307 2998 1422 3068 γὰρ
1458 2996 1715 3067 βασιλεύς

109 3094 235 3151 ἐπι,
265 3092 369 3143 καὶ
392 3089 631 3152 δυνατὸς
660 3090 687 3141 6
719 3086 917 3157 Πατὴρ
948 3088 1041 3142 καὶ
1077 3086 1309 3153 ἔνδοξος,
1361 3089 1580 3151 πάντως
1620 3089 1717 3143 καὶ

109 3186 261 3250 ἠμῖς
296 3184 621 3254 νικήσομεν
668 3180 761 3233 τὸν
819 3180 1081 3251 πονηρὸν,
1136 3182 1230 3236 καὶ
1260 3179 1715 3254 δοξασθησόμεθα

109 3273 356 3345 ἱστερον.

178 3385 194 3417 ι
217 3367 351 3420 Ἐὰν
374 3364 492 3434 γὰρ
517 3364 695 3433 ἀφῆτε
722 3364 836 3427 τοῖς
861 3366 1173 3436 ἀνθρώποις
1194 3364 1266 3419 τὰ
1279 3362 1713 3436 παραπτώματα

107 3457 304 3519 αὐτῶν,
332 3456 552 3524 ἀφήσει
579 3455 675 3507 καὶ
713 3452 845 3523 ὑμῖν
870 3455 897 3506 6
922 3454 1109 3525 Πατὴρ
1138 3454 1296 3525 ὑμῶν
1317 3456 1346 3509 6
1369 3455 1642 3526 οὐράνιος.
1686 3474 1706 3508 ι

110 3548 267 3599 Πάλιν
295 3542 737 3615 ἀμνησικάκους
770 3546 920 3615 ἡμᾶς
974 3541 1115 3598 εἶναι
1159 3545 1431 3599 διδάσκει.
1495 3546 1713 3616 Ἀναμι-

109 3658 143 3709 μ
174 3641 338 3708 ἡσκει
374 3637 437 3690 δὲ
470 3637 629 3706 ἡμᾶς
651 3634 740 3688 τοῦ
771 3637 1008 3706 Πατρὸς,
1041 3638 1126 3691 ἵνα
1157 3637 1497 3707 αίδεσθῶμεν
1526 3640 1710 3705 αὐτὴν,

108 3733 194 3783 zz't
231 3732 315 3801 μὴ
358 3726 791 3800 ἐκθηριὼμεθα,
823 3729 1067 3784 τοιούτου
1096 3729 1285 3793 παῖδες
1302 3728 1477 3793 ὄντες.

176 3931 193 3963 ι
241 3913 383 3965 Ἐὰν
412 3910 475 3964 δὲ
516 3908 595 3980 μὴ
633 3907 813 3978 ἀφῆτε
844 3908 953 3971 τοῖς
985 3908 1298 3979 ἀνθρώποις
1319 3909 1387 3963 τά
1410 3911 1713 3979 παραπτώ-

110 4021 249 4071 ματα
281 4004 508 4066 αὐτῶν,
547 3999 672 4053 οὐδὲ
701 4000 731 4052 6
772 3999 959 4071 Πατὴρ
994 3980 1149 4071 ύμίῶν
1177 4002 1385 4074 ἀφήσει
1431 4003 1502 4055 τά
1535 4019 1712 4074 παρα-

108 4097 381 4166 πῑώματα
427 4090 615 4162 ὑμῶν.
661 4109 682 4144 ι
719 4090 884 4145 Οὐδὲν
918 4090 1059 4146 οὕτω
1094 4096 1243 4164 μισεῖ
1274 4096 1304 4147 6
1338 4095 1515 4165 πρᾶος
1553 4095 1707 4159 Θεὸς,

105 4191 168 4250 ὼς
194 4189 292 4259 τὴν
327 4186 631 4255 ὠμότητα.
914 4242 925 4245 ἢ

173 4298 191 4329 ‹
238 4280 428 4332 Ὅταν
454 4276 516 4328 δὲ
547 4274 867 4345 νηστεύητε,
898 4277 973 4347 μὴ
999 4276 1218 4345 γίνεσθε
1259 4277 1451 4348 ὥσπερ
1480 4281 1530 4333 οἱ
1581 4280 1711 4333 ὑπο-

106 4376 302 4440 κριταὶ,
333 4368 676 4439 σκυθρωποί
700 4384 715 4401 ο
740 4367 1060 4438 ἀφανίζουσι
1086 4371 1195 4442 γὰρ
1226 4370 1297 4424 τά
1321 4373 1591 4443 πρόσωπα
1616 4376 1711 4427 αύ-

106 4467 227 4528 τῷν,
280 4468 452 4525 ὅπως
513 4459 729 4530 φανῶσι
783 4461 896 4525 τοῖς
965 4462 1278 4533 ἀνθρώποις
1327 4465 1706 4536 νηστεύοντες.

1824 1987 1940 2051 alii,
1960 1987 2092 2043 facit
2113 1998 2166 2042 et
2195 1989 2349 2044 mihi.

1897 2077 2059 2134 Vens.
2108 2078 2196 2135 l3.
2230 2098 2248 2131 ι
2286 2077 2353 2133 Et
2380 2094 2446 2135 ne
2478 2078 2709 2136 inducas
2743 2095 2842 2136 nos
2874 2081 2926 2135 in
2972 2082 3351 2138 tentationem.
3400 2102 3420 2134 ι

1825 2171 2132 2230 Imbecillos
2172 2188 2362 2229 sumus
2399 2173 2675 2238 homines,
2710 2174 2833 2229 ideo
2890 2189 2996 2228 non
3030 2174 3297 2231 debemus
3325 2190 3425 2231 nos

1825 2268 1972 2337 ipsos
2009 2268 2063 2321 in
2112 2266 2447 2323 tentationes
2481 2264 2753 2334 injicere:
2810 2266 2908 2323 sed
2956 2268 3000 2323 si
3045 2268 3422 2337 inciderimus,

1823 2361 2094 2416 orandum
2134 2375 2203 2415 ne
2241 2360 2640 2415 absorbeamur
2674 2376 2702 2414 a
2736 2361 3054 2416 tentalione.
3115 2361 3425 2432 Absorptus

1822 2452 2049 2508 enimet
2096 2452 2294 2517 vietus,
2353 2451 2444 2507 ille
2484 2451 2536 2506 in
2591 2450 2921 2522 profundum
2979 2453 3298 2508 teutationis
3335 2454 3423 2508 in-

1824 2547 2018 2601 ductus
2052 2554 2155 2610 est,
2184 2553 2241 2599 at
2281 2558 2386 2600 non
2416 2545 2545 2600 item
2574 2545 2665 2615 qui
2693 2545 2906 2613 incidit,
2942 2556 2997 2602 et
3029 2546 3215 2601 vincit.
3256 2566 3273 2599 ι
3313 2550 3421 2604 Sed

1823 2637 1991 2691 libeia
2018 2652 2120 2692 nos
2145 2651 2175 2690 a
2203 2636 2345 2691 malo
2377 2656 2425 2690 ι.
2452 2635 2570 2691 Non
2602 2638 2762 2705 dixit,
2796 2652 2825 2691 a
2854 2637 3014 2694 malis
3050 2639 3366 2696 hominibus
3402 2657 3416 2694 :

1824 2745 1929 2784 non
1984 2730 2132 2784 enim
2184 2729 2261 2783 illi
2302 2744 2402 2785 nos
2438 2730 2635 2800 injuria
2688 2730 2950 2796 alliciunt,
2988 2732 3082 2787 sed
3124 2732 3420 2804 malignus.

1828 2841 1844 2873 ι
1878 2822 2147 2888 Quoniam
2180 2832 2332 2877 tuum
2361 2830 2446 2877 est
2478 2838 2732 2893 regnum,
2766 2834 2818 2877 et
2852 2824 3120 2892 potentia,
3163 2836 3218 2880 et
3248 2824 3420 2896 gloria

1822 2914 1875 2968 in
1901 2915 2121 2981 stecula,
2156 2917 2353 2969 Amen.
2400 2934 2417 2968 ι
2456 2916 2679 2970 Animal
2736 2931 2836 2971 nos
2868 2916 2971 2973 hoc
3003 2916 3142 2972 loco.
3185 2915 3322 2973 Nam
3371 2920 3419 2975 si

1822 3005 1934 3060 Rex
1969 3015 2073 3073 est,
2109 3016 2163 3062 et
2206 3016 2397 3077 potens
2425 3005 2586 3061 Pater
2630 3018 2685 3063 et
2730 3009 3020 3077 gloriosus,
3085 3012 3312 3069 omnino
3364 3024 3421 3070 et

1822 3111 1921 3151 nos
1953 3097 2233 3151 vincemus
2266 3097 2587 3168 malignum,
2619 3107 2670 3153 et
2698 3097 3129 3169 gloriﬁcabimur
3161 3105 3414 3173 pesthac.

1893 3359 2058 3416 Vens.
2104 3362 2194 3416 lt.
2262 3380 2279 3413 ι
2322 3361 2541 3418 Etenim
2608 3364 2653 3419 si
2708 3365 3036 3424 remiseritis
3103 3370 3420 3427 hominibus

1817 3453 2015 3508 delicta
2057 3469 2179 3519 sua,
2215 3456 2456 3511 remittet
2476 3456 2644 3511 etiam
2686 3458 2840 3513 vobis
2870 3457 3035 3515 Pater
3080 3471 3262 3517 vester
3306 3478 3423 3518 eoe-

1818 3545 1991 3601 lestis.
2028 3565 2046 3598 ι
2082 3548 2289 3603 lterum
2327 3563 2426 3604 nos
2449 3549 2611 3605 docet
2637 3564 2758 3606 esse
2781 3551 2990 3607 alienos
3021 3569 3053 3609 a
3089 3553 3405 3612 vindicandi

1818 3640 2141 3709 cupiditate.
2168 3640 2489 3697 Memoriam
2524 3651 2706 3698 autem
2734 3645 2901 3713 patris
2935 3646 3195 3713 inculcat,
3240 3659 3297 3703 ut
3333 3664 3420 3705 re-

1820 3747 2105 3803 vereamur
2147 3748 2271 3789 eum
2301 3751 2316 3792 :
2349 3742 2405 3790 et
2435 3750 2558 3790 eum
2599 3735 2719 3806 ejus
2760 3736 2931 3790 simus
2964 3737 3080 3805 lilii,
3116 3754 3223 3794 non
3256 3754 3419 3795 exas-

1817 3837 2093 3891 veremur.

1891 3910 2059 3968 Vens.
2088 3914 2173 3968 15.
2213 3933 2231 3963 ι
2288 3915 2443 3980 Quod
2475 3915 2521 3970 si
2555 3932 2661 3971 non
2720 3920 3046 3977 remiseritis
3100 3920 3419 3981 hominibus

1816 4006 2015 4061 delicta
2049 4022 2172 4071 sua,
2223 4022 2401 4077 neque
2431 4006 2594 4063 Pater
2630 4017 2813 4065 vester
2839 4012 3083 4066 remittet
3125 4013 3280 4069 vobis
3310 4015 3413 4071 cle-

1816 4101 1943 4154 lieta
1983 4110 2188 4155 vestra.
2230 4120 2247 4152 ι
2287 4100 2431 4156 Nihil
2469 4105 2619 4157 enim
2650 4102 2722 4157 ita
2780 4104 2894 4158 odit
2926 4104 3196 4177 benignus
3244 4105 3411 4173 Deus,

1817 4203 1867 4244 ιιι
1894 4194 2294 4249 crudelitatem.

1892 4283 2055 4339 γωδ.
2108 4286 2196 4340 ιιι.
2234 4304 2253 4335 ι
2323 4286 2493 4342 Porro
2529 4302 2651 4341 cum
2712 4289 3113 4359 jejunaveritis,
3178 4308 3245 4349 ne
3291 4294 3413 4349 sitis

1816 4379 1959 4433 sicut
2009 4378 2329 4449 hypocrita‘,
2366 4380 2622 4435 vultuosi.
2679 4381 2984 4437 Obscuram
3044 4383 3189 4438 enim
3244 4383 3415 4440 facies

1816 4488 1967 4535 snas,
2025 4484 2085 4525 ut
2134 4473 2424 4527 videantur
2478 4472 2792 4527 hominibus
2834 4474 3173 4542 jcjunantes.
3237 4477 3410 4530 Amen

114 4559 281 4628 Ἀμὴν
311 4556 471 4623 λέγω
510 4554 668 4622 ὑμῖν,
701 4554 785 4607 ὅτι
817 4553 1087 4624 ἀπέχουσι
1115 4556 1207 4610 τὸν
1228 4556 1420 4627 μισθὸν
1451 4558 1653 4612 αὐτῶν.
1682 4578 1700 4611 ι

1835 4566 1935 4620 lico
1971 4567 2146 4632 vobis,
2189 4567 2332 4635 quod
2384 4567 2588 4621 habent
2639 4568 2946 4621 mercedem
3005 4584 3182 4622 suam.
3239 4587 3257 4620 ι
3305 4566 3418 4624 Ol:-

113 4648 458 4717 'A;;aw:r;.t6;
515 4644 813 4717 προσώπου
860 4645 1010 4700 ἐστὶν
1048 4648 1083 4718 ή
1114 4647 1387 4719 ὼχρότης,
1426 4650 1553 4703 ὅταν
1607 4653 1709 4724 οὐχ

102 4737 203 4803 οἷός
244 4740 372 4795 ἐστί
428 4756 521 4802 τις
564 4738 851 4809 φαίνηται,
875 4736 1013 4806 ἀλλά
1056 4744 1426 4813 προσποιῆται
1479 4746 1710 4812 στυγνό-

104 4851 249 4903 τητα.

168 4946 185 4978 ι
227 4928 299 4981 Σὺ
340 4926 404 4979 δὲ
442 4924 751 4995 νηστεύων,
779 4923 1005 4995 ἄλειψαί
1044 4944 1139 4980 σου
1187 4928 1285 4998 τήν
1315 4927 1580 5000 κεφαλὴν,
1610 4933 1704 4984 καὶ

102 5036 149 5069 r.
178 5016 495 5089 πρόσωπόν
557 5032 651 5068 σου
680 5016 853 5086 νίψαι,
877 5018 1027 5082 ὅπως
1053 5020 1129 5092 μὴ
1158 5024 1335 5093 φανῇς
1366 5025 1478 5086 τοῖς
1496 5025 1708 5095 ἀνθρὼ-

106 5130 211 5175 ποις
229 5111 559 5181 νηστεύων,
579 5110 715 5161 ἀλλὰ
737 5109 814 5179 τῷ
838 5110 1009 5182 Πατρί
1035 5128 1129 5164 σου
1148 5112 1227 5183 τῷ
1257 5116 1316 5166 ὲν
1340 5115 1415 5184 τῷ
1442 5118 1701 5188 κρυπτῷ·

103 5208 179 5256 καὶ
206 5206 235 5256 6
273 5203 488 5272 Πατήρ
522 5218 622 5254 σου
656 5206 682 5255 6
710 5202 927 5272 βλέπων
958 5205 1015 5257 ἐν
1040 5205 1117 5274 τῷ
1143 5208 1395 5278 κρυπτῷ,
1430 5210 1703 5265 ἀποδώσει

103 5314 189 5351 πί,
216 5318 233 5348 ι
268 5299 339 5351 Οἱ
384 5295 623 5347 παλαιοὶ
660 5298 833 5365 χαρᾶς
867 5293 1013 5367 εἶχον
1041 5301 1268 5368 σημεῖον
1298 5300 1358 5353 τὸ
1382 5300 1703 5371 ἀλείφεσθαι

103 5392 251 5462 ἐλαίῳ
294 5390 454 5459 μετὰ
512 5387 577 5439 τὸ
628 5388 877 5455 λουτρὸνο
930 5390 1023 5443 καὶ
1067 5392 1133 5443 σὺ
1168 5388 1263 5445 οὖν
1310 5392 1454 5445 οὕτω
1498 5397 1705 5467 χαίρων

104 5484 299 5547 εει-δον.
340 5482 583 5535 Ἐλάιον
602 5480 663 5531 δὲ
680 5482 885 5533 νοεῖται
912 5484 1056 5554 καὶὴ
1080 5483 1441 5555 ἐλεημοσύνη.
1477 5490 1703 5560 Κεφαλὴ

161 5579 314 5645 ήμῶν
350 5579 381 5628 ὀ
435 5573 704 5642 Χριστὸς,
738 5572 798 5625 ὃν
843 5574 926 5625 δεῖ
974 5576 1220 5645 ἀλείφειν
1252 5580 1369 5643 ταῖς
1400 5581 1703 5650 ἐλεημοσύ-

104 5686 197 5730 ’.αις
219 5686 230 5697 ·
265 5669 367 5721 καὶ
406 5666 470 5717 τὸ
515 5666 842 5733 πρόσωπον,
879 5665 998 5735 ήτοι
1026 5668 1123 5730 τὰς
1148 5669 1455 5740 αἰσθήσεις,
1490 5674 1703 5729 νίπτειν

100 5760 171 5813 ἰια
198 5760 489 5831 δακρύων.

166 5873 178 5903 ι
227 5855 321 5923 Μὴ
367 5848 751 5922 θησαυρίζετε
800 5849 931 5918 ὑμῖν
957 5850 1265 5923 θησαυροὺς
1294 5855 1387 5907 ἐπὶ
1424 5857 1523 5928 τῆς
1572 5861 1696 5931 γῆς,

1820 4660 2070 4714 seuratio
2134 4661 2289 4715 l'acici
2345 4670 2427 4714 est
2456 4660 2675 4728 pallor:
2726 4663 2944 4729 quntth
2998 4662 3121 4731 quis
3172 4678 3278 4718 non
3331 4674 3416 4719 est

1814 4752 1992 4821 qualis
2028 4762 2273 4821 apparet,
2306 4754 2399 4807 sed
2420 4752 2963 4807 simulattristitiam.

1888 4930 2051 4985 Vens.
2099 4930 2187 4992 17,
2218 4929 2301 4983 l8.
2343 4949 2361 4981 ι
2402 4929 2479 4983 Tu
2514 4940 2695 4985 autem
2750 4930 3027 5000 jcjuuans,
3064 4948 3203 5004 tinge
3248 4945 3414 5003 caput

1817 5034 1990 5088 tuum,
2022 5035 2077 5077 et
2111 5025 2304 5078 faciem
2345 5036 2489 5077 tuam
2542 5024 2680 5086 lava,
2734 5039 2800 5077 ne
2826 5023 3064 5079 videaris
3096 5023 3414 5083 hominibus

1808 5118 2089 5186 jejunans,
2140 5118 2234 5169 sed
2266 5114 2416 5170 Patri
2461 5126 2554 5170 tuo
2589 5118 2680 5186 qui
2712 5125 2795 5169 est
2854 5116 2907 5169 in
2947 5116 3269 5175 abscondito
3303 5132 3316 5167 :
3357 5132 3413 5172 et

1812 5196 1976 5265 Pater
2007 5222 2130 5264 tuus
2157 5212 2248 5279 qui
2292 5209 2437 5263 videt
2480 5210 2531 5262 in
2584 5209 2927 5274 abscondito,
2980 5210 3168 5264 reddet
3228 5209 3345 5265 tibi.
3386 5228 3405 5261 ι

1812 5303 1983 5359 Prisci
2015 5304 2067 5357 in
2111 5303 2289 5373 gaudii
2324 5304 2541 5374 sigmnn
2587 5302 2881 5369 habebant,
2940 5302 3061 5356 oleo
3109 5304 3237 5373 ungi
3287 5317 3410 5373 post

1810 5396 2068 5451 lotionem
2096 5412 2108 5447 :
2134 5394 2241 5465 33
2281 5405 2332 5450 et
2374 5404 2429 5449 tu
2463 5410 2683 5465 quoque
2724 5395 2806 5449 sie
2843 5395 2998 5449 Imtus
3050 5410 3270 5465 appare.
3306 5396 3410 5451 Per

1809 5490 1992 5544 oleum
2025 5500 2205 5543 autem
2236 5498 2290 5543 et
2320 5488 2665 5559 eleemosyna
2719 5489 3066 5559 intelligitur.
3103 5490 3270 5543 Porro
3312 5508 3401 5546 ca-

1809 5590 1904 5647 put
1930 5591 2199 5642 nostrmn,
2228 5580 2331 5634 hoc
2358 5592 2462 5646 est,
2486 5580 2787 5646 Christum,
2818 5591 3035 5650 oportet
3061 5581 3401 5656 cleemosyna

1808 5674 1994 5743 inungi
2036 5692 2047 5727 :
2084 5672 2281 5726 faicem
2314 5683 2518 5736 autem,
2552 5672 2655 5727 hoc
2694 5682 2801 5737 est,
2852 5688 3099 5740 sensum,
3149 5673 3406 5745 lacrymis

1806 5766 2008 5820 luvare.

1881 5859 2047 5914 Vsus.
2084 5858 2171 5925 18,
2208 5859 2294 5914 l9.
2359 5877 2376 5909 ι
2432 5857 2507 5913 Ne
2556 5859 2943 5913 tliesuui'izeiis
2986 5861 3138 5917 vobis
3176 5861 3398 5917 thesau-
