4004 6408
681 388 812 454 βυτ

1557 370 2135 437 THEOPHYLACTI
2172 369 2585 436 BUl.GARl/E
2623 368 2860 428 ARCHI
2873 367 2982 427 ΕΡ.

3845 366 3952 432 208

694 516 797 555 sos
823 511 981 567 super
1009 505 1226 558 terram,
1256 491 1343 545 uhi
1374 501 1556 558 aerugo
1579 496 1630 541 et
1663 485 1808 539 tinea
1847 479 2144 550 corrumpit
2175 495 2186 530 :
2221 485 2270 530 ct

2379 475 2512 528 ὅπου
2555 474 2654 544 σὴς
2691 475 2785 529 καὶ
2821 472 3024 543 βρῶσις
3063 472 3360 542 ἀφανίζει·
3411 471 3504 527 καὶ
3542 472 3677 526 ὅπου
3712 469 3956 526 κλέπται

709 592 794 642 ubi
823 588 870 640 lu
883 601 966 640 res
991 585 1295 656 perfodiunt
1314 589 1367 635 ct
1391 579 1658 633 furantur.
1681 575 1896 629 Thcsau
1908 572 2071 626 rizatc
2089 578 2266 624 autem

705 682 856 735 Vobis
886 683 1161 734 thesauros
1202 676 1252 729 in
1301 672 1461 735 crelo,
1497 669 1584 722 uhi
1639 681 1812 736 neque
1859 677 2061 732 aerugo,
2096 672 2270 728 neque

707 773 851 825 tinea
886 767 1201 836 corrumpit,
1234 775 1286 817 et
1306 763 1395 817 ubi
1423 758 1569 813 fures
1600 773 1706 811 non
1733 753 2060 825 perfodiunt,
2086 761 2255 818 neque

708 865 972 918 furantur.
1011 878 1030 910 ι
1074 857 1362 923 POStquam
1395 850 1568 904 inanis
1599 847 1780 918 gloria:
1817 841 2064 898 morbum
2089 837 2266 908 eiecit,

708 961 1100 1020 consequenter
1141 949 1206 1002 de
1262 944 1441 1013 inopia
1485 941 1740 1011 loquitur.
1809 935 2067 990 Homines
2126 932 2267 984 cnim

710 1056 929 1114 propter
974 1056 1166 1095 vanam
1226 1038 1449 1106 gloriam
1500 1031 1666 1087 multa
1696 1027 1993 1099 pos:idcnt.
2021 1021 2271 1077 Ostendit

705 1150 864 1206 quam
898 1133 971 1187 sit
1007 1130 1196 1185 inutile
1228 1129 1510 1182 thesauros
1547 1122 1744 1176 habere
1799 1130 1963 1184 super
2019 1123 2216 1166 terram
2252 1124 2265 1161 :

707 1224 836 1292 quia
891 1235 1071 1288 aerugo
1101 1229 1152 1274 et
1190 1221 1330 1272 tinea
1382 1217 1729 1280 corrumpunt
1777 1208 1930 1262 cibos
1969 1217 2024 1260 et
2070 1211 2266 1265 vestcs,

707 1291 857 1368 turre
887 1319 1066 1366 autem
1101 1323 1291 1362 aurum
1323 1315 1376 1358 et
1421 1311 1721 1371 argentum.
1770 1295 1972 1351 Deinde
2027 1308 2096 1349 ne
2147 1291 2268 1361 quis

707 1407 852 1461 dicat
893 1403 940 1456 ei
971 1420 984 1455 :
1018 1401 1122 1455 Sed
1169 1413 1273 1452 non
1323 1395 1502 1452 omnia
1562 1391 1705 1445 furto
1757 1395 2008 1459 pereunt,
2073 1383 2266 1453 inquit.

703 1491 962 1560 Quamvis
989 1488 1121 1543 nihil
1141 1489 1332 1541 horum
1375 1484 1466 1545 sit,
1491 1488 1726 1535 attamen
1747 1481 1826 1533 sic
1853 1477 2126 1531 addictum
2151 1488 2272 1528 esse

699 1583 1012 1638 divitiarum
1072 1575 1444 1643 sollicitudini,
1496 1571 1766 1644 quomodo
1821 1585 1928 1624 non
1976 1567 2273 1622 miserum?

701 1676 822 1731 ideo
857 1673 1026 1732 dicit:

774 1849 938 1905 Vens.
967 1847 1159 1904 2l-25.
1208 1864 1226 1897 ι
1265 1844 1365 1902 Ubi
1407 1843 1549 1900 enim
1610 1849 1693 1896 est
1724 1839 2034 1894 thesaurus
2068 1844 2265 1898 vester,
2304 1819 2348 1874 Β

702 1941 774 1996 ibi
794 1943 898 1994 erit
924 1949 976 1994 et
1000 1953 1093 1997 cor
1114 1945 1374 1992 vestrum.
1398 1932 1642 1987 Lucerna
1668 1928 1912 1999 corporis
1937 1936 2021 1982 est
2041 1926 2266 1980 oculus:

701 2034 746 2086 si
781 2032 944 2103 igitur
974 2030 1162 2086 oculus
1208 2039 1332 2082 tuus
1372 2024 1600 2095 simplex
1634 2019 1818 2084 fuerit,
1857 2027 2027 2076 totum
2075 2030 2271 2084 corpus

701 2133 849 2176 tuum
901 2122 1130 2176 lucidum
1167 2120 1309 2174 erit:
1368 2117 1415 2170 si
1462 2124 1642 2168 autent
1706 2110 1895 2167 oculus
1943 2117 2068 2162 tuus
2097 2107 2269 2162 malus

697 2212 882 2278 fuerit,
913 2221 1079 2266 totum
1101 2223 1297 2279 corpus
1324 2216 1470 2262 tuum
1501 2205 1844 2260 tenebrosum
1868 2202 1995 2256 erit.
2028 2200 2083 2254 Si
2105 2199 2269 2270 igitur

695 2303 788 2361 lux
809 2317 924 2372 qua:
938 2304 990 2356 in
1005 2312 1053 2356 te
1070 2309 1173 2369 est,
1196 2297 1431 2353 tenebrae
1444 2305 1586 2362 sunt,
1607 2295 1843 2348 tenebrae
1856 2292 1982 2362 ipsa:
1998 2291 2261 2361 quantmh

695 2394 813 2449 Hoc
851 2393 1008 2458 dicit,
1049 2391 1190 2462 quod
1217 2390 1260 2443 si
1293 2387 1558 2455 adieceris
1586 2385 1824 2439 animum
1859 2397 2021 2452 apum
2052 2381 2269 2436 sollici-

699 2485 900 2552 tudini,
960 2483 1265 2539 exstinxisti
1319 2479 1626 2544 lucernam,
1684 2475 2052 2530 ohtcnebrasti
2123 2483 2268 2528 tuam

698 2574 960 2632 animam.
1000 2573 1153 2628 Sicut
1200 2571 1344 2626 enim
1377 2569 1567 2624 oculus
1615 2566 1660 2621 si
1700 2565 1949 2635 simplex,
2008 2565 2110 2618 hoc
2165 2572 2266 2627 est,

695 2681 862 2721 sanus
892 2663 1077 2730 fuerit,
1110 2661 1380 2717 illuminat
1405 2671 1638 2728 corpus:
1664 2657 1708 2711 si
1734 2669 1911 2710 autem
1938 2655 2132 2716 malus,
2170 2655 2271 2707 hoc

693 2766 779 2812 est
833 2753 1132 2818 morbidus,
1176 2747 1536 2805 ohlenebrat:
1572 2747 1643 2800 ita
1680 2755 1734 2800 et
1780 2759 1930 2800 mens
1964 2751 2270 2798 esca-catur

696 2864 808 2918 pra:
832 2847 1214 2903 sollicitudine.
1250 2843 1401 2910 Quod
1433 2841 1479 2895 si
1528 2853 1672 2895 mens
1696 2838 2053 2894 obtenebrata
2083 2837 2266 2906 fuerit,

689 2941 760 2994 ﬁt
792 2947 846 2993 et
871 2938 1049 2991 aiiima
1083 2935 1390 2998 tenebrosa,
1433 2941 1486 2986 et
1521 2930 1690 2999 multo
1725 2931 1895 3001 magis
1925 2945 2143 3001 corpus.

771 3027 932 3082 Vens.
954 3028 1087 3082 24.1
1113 3025 1301 3080 Nullus
1319 3030 1497 3094 potest
1515 3022 1723 3076 duobus
1743 3021 1976 3076 dominis
1991 3022 2214 3076 servire.
2244 3038 2263 3073 ι

696 3121 841 3173 Duos
867 3117 1114 3171 dominos
1147 3115 1283 3170 dicit
1309 3111 1580 3168 contraria
1609 3110 2006 3181 prmcipientes,
2039 3110 2269 3180 exempli

702 3209 898 3278 gratia,
931 3217 990 3261 ut
1039 3207 1179 3261 Dens
1233 3213 1288 3260 et
1328 3203 1614 3258 Hammon.
1651 3199 1762 3256 Nos
1792 3210 1973 3254 autem
2031 3199 2265 3255 facimus

699 3299 981 3354 dominum
1052 3308 1296 3354 nostrum
1358 3294 1652 3358 diabolum,
1692 3293 1833 3347 sicut
1899 3302 1953 3346 et
2022 3304 2263 3348 ventrem

698 3392 881 3446 deum.
924 3388 1123 3443 Natura
1148 3387 1292 3441 enim
1326 3395 1550 3439 estvere
1584 3382 1860 3445 Dominus,
1888 3383 2027 3438 Deus
2056 3425 2071 3441 .
2097 3398 2270 3437 mam-

697 3497 860 3536 mana
896 3491 1072 3534 autem
1108 3489 1188 3533 cst
1227 3478 1512 3549 iniustitia.
1561 3493 1581 3528 ι
1615 3476 1724 3528 Aut
1770 3474 1913 3528 enim
1946 3490 2109 3528 unum
2143 3475 2267 3530 odio

699 3571 917 3627 habebit
972 3579 1027 3624 et
1057 3569 1281 3623 alterum
1311 3567 1495 3634 diliget
1536 3581 1550 3620 :
1605 3575 1698 3619 aut
1730 3565 1818 3618 uni
1857 3565 2157 3621 adhaerebit
2213 3575 2270 3620 et

699 3664 929 3717 alterum
982 3669 1314 3716 contemnet.
1365 3657 1480 3712 Non
1524 3658 1748 3728 potestis
1811 3656 1920 3711 Deo
1966 3657 2171 3712 servire
2216 3666 2269 3710 ct

697 3769 1043 3811 mammonae.
1096 3770 1114 3804 ι
1153 3752 1313 3807 Vides
1344 3750 1485 3820 quod
1528 3765 1630 3804 non
1675 3757 1856 3818 potest
1902 3749 2053 3802 dives
2083 3757 2136 3801 et
2184 3750 2269 3800 in-

692 3848 875 3916 justus
913 3847 1019 3899 Dco
1073 3842 1306 3900 servit-el
1341 3841 1539 3911 Abjicit
1591 3842 1736 3897 enim
1773 3833 2082 3896 divitiarum
2116 3853 2271 3895 amor

698 3949 741 3993 a'
755 3939 883 3994 Dco.

775 4028 1058 4083 Vsas.25.
1115 4045 1146 4078 .t
1187 4027 1475 4096 Propterea
1536 4026 1656 4081 dico
1703 4025 1875 4088 vobis,
1936 4040 2001 4078 ne
2054 4021 2268 4078 solliciti

701 4121 817 4174 sitis
853 4121 1047 4173 aninue
1087 4128 1278 4172 vestra:
1325 4118 1452 4188 quid
1483 4118 1626 4172 esuri
1659 4115 1778 4173 sitis
1837 4125 1928 4169 aut
1985 4116 2202 4170 bibiturt
2254 4131 2266 4167 :

700 4223 876 4280 neque
905 4207 1118 4277 corpori
1170 4216 1353 4263 vestro
1405 4209 1602 4276 quibus
1664 4208 1997 4262 indumentis
2033 4207 2204 4261 usuri.
2246 4225 2265 4257 ι

701 4300 853 4367 Quod
883 4307 966 4354 est
1001 4301 1120 4362 hoc,
1154 4307 1436 4367 propterea
1462 4315 1474 4350 :
1504 4299 1549 4350 A
1575 4297 1682 4352 Deo
1701 4298 1820 4365 cjici
1854 4309 2072 4367 propter
2103 4298 2269 4365 epes?

701 4391 817 4446 Non
852 4389 1088 4444 comedit
1135 4399 1314 4444 autem
1377 4391 1576 4452 anima,
1642 4390 1954 4458 incorporea
1981 4390 2126 4442 enim
2163 4399 2267 4451 est,

2375 565 2718 637 διορύσσουσι
2772 570 2866 620 καὶ
2917 566 3230 619 κλέπτουσι.
3294 563 3663 635 Θησαυρῐζετε
3708 562 3766 616 δὲ
3821 563 3954 633 ὑμῖν

2376 660 2681 733 θησαυροὺς
2731 659 2791 712 ἐν
2821 657 3057 729 οὐρανῷ,
3102 659 3238 711 ὅπου
3272 655 3400 710 οὔτε
3452 656 3553 728 σὴς
3585 655 3709 709 οὔτε
3743 655 3957 727 βρῶσις

2373 747 2651 818 ἀφανίζει,
2685 748 2782 801 καὶ
2811 747 2947 800 ὅπου
2973 747 3201 800 κλέπται
3247 747 3308 799 οὐ
3372 745 3769 817 διορύσσουσιν,
3835 747 3957 800 ούδέ

2372 841 2726 894 κλέπτουσιν*
2759 839 2892 892 ὅπου
2925 838 3032 909 γάρ
3058 840 3204 891 ἐστιν
3244 840 3271 891 6
3297 837 3569 908 θησαυρὸς
3596 837 3775 908 ὑμῶν,
3839 838 3960 891 ἐκεῖ

2373 931 2526 984 ἐσται
2559 931 2654 984 καὶ
2679 931 2712 1001 ἡ
2743 928 2937 1001 καρδία
2963 929 3137 998 ὑμῶν.
3168 946 3198 986 ,ι
3245 929 3401 980 Ἐπεὶ
3428 928 3488 981 :6
3513 928 3610 998 τῆς
3645 926 3957 993 κενοδοξίας

2376 1021 2600 1087 ἐξέϐαλε
2638 1022 2876 1093 νόσημα,
2931 1021 3061 1090 περὶ
3116 1020 3505 1090 ἀκτημοσύνης
3553 1019 3740 1074 λοιπὸν
3773 1019 3954 1088 λέγει.

2372 1114 2438 1167 Ol
2463 1111 2572 1184 γὰρ
2611 1111 2888 1183 ἄνθρωποι
2918 1111 3005 1164 διὰ
3036 1109 3342 1176 κενοδοξίαν
3369 1110 3606 1163 κτῶνται
3650 1111 3720 1165 τᾶ
3749 1111 3953 1177 πλείω,

2372 1205 2616 1258 δείκνυσι
2646 1203 2703 1256 δέ
2733 1201 2828 1257 τοῦ
2874 1203 2967 1256 ἐπὶ
3002 1202 3103 1272 γῆς
3153 1200 3425 1272 θησαυροῦ
3456 1201 3520 1254 τὸ
3564 1202 3793 1273 ἀκερδές
3824 1219 3840 1260 τ
3877 1203 3959 1256 ὅτι

2375 1297 2476 1368 σὴς
2510 1296 2610 1367 μὲν
2645 1290 2985 1367 καῖβρῶσις
3015 1294 3267 1363 ἀφανίζει
3303 1293 3568 1366 βρώματα
3595 1295 3691 1348 καὶ⁵
3739 1296 3959 1366 ἱμάτια,

2374 1389 2604 1443 κλέπται
2632 1387 2710 1449 δέ,
2740 1386 2966 1461 χρυσίον
2998 1385 3393 1458 καὶάργύριον.
3426 1380 3561 1438 Εἶτα
3594 1384 3686 1438 ῐνα
3712 1385 3791 1457 μὴ
3823 1385 3963 1457 εἴπῃ

2372 1500 2454 1546 τις
2482 1479 2658 1551 αὐτῷ,
2695 1481 2774 1532 ὅτι
2805 1477 2953 1554 Ἀλλ’
2974 1480 3034 1531 οὑ
3063 1478 3262 1542 πάντες
3289 1479 3630 1541 κλέπτονται,
3663 1476 3858 1547 φησίνο
3894 1477 3960 1530 El

2374 1574 2468 1628 καὶ
2508 1572 2676 1644 μηδὲν
2700 1557 2909 1658 τούτων¹
2942 1569 3112 1634 ἐστὶν,
3149 1569 3268 1623 ἀλλ’
3293 1564 3389 1624 οὖν
3439 1585 3503 1637 γε
3547 1567 3680 1622 αὐτὸ
3709 1567 3874 1622 τοῦτο
3903 1569 3963 1620 :6

2373 1660 2766 1732 προσηλῶσθαί
2795 1677 2855 1713 σε
2887 1661 2953 1730 τῇ
2992 1659 3120 1729 περὶ⁵
3151 1658 3245 1712 τοῦ
3278 1659 3510 1713 πλούτου
3539 1657 3809 1732 μερίμνῃ,
3842 1659 3963 1720 πιτς

2372 1756 2472 1808 οὐκ
2510 1754 2720 1820 ἄθλίον;
2762 1753 2841 1806 διδ
2870 1751 3042 1820 λέγει’

2448 1866 2468 1897 ί
2501 1844 2678 1899 Ὅπου
2710 1843 2820 1915 γὰρ
2849 1844 2877 1896 6
2902 1842 3177 1916 θησαυρὸς
3205 1842 3382 1914 ὑμῶν,
3413 1842 3534 1896 ἐκεῖ
3557 1841 3652 1897 καὶ
3683 1843 3716 1914 ὴ
3753 1841 3962 1913 καρδία

2371 1936 2546 2008 ὑμῶν.
2593 1937 2650 1989 '0
2695 1934 2887 2008 λύχνος
2920 1936 3017 1990 τοῦ
3068 1936 3323 2007 σώματός
3365 1937 3514 1990 ἐστιν
3564 1936 3593 1988 6
3646 1935 3956 2006 ὀφθαλμός·

2368 2028 2466 2082 ἐὰν
2495 2023 2588 2083 οὖν
2613 2029 2642 2081 6
2666 2027 2942 2099 ὀφίὶαλμός
2980 2045 3075 2081 σου
3109 2025 3317 2094 ἁπλοῦς
3346 2021 3403 2100 ᾖ,
3431 2025 3638 2108 ﬂori-:6
3669 2026 3838 2098 σῶμά
3863 2043 3960 2079 σου

2371 2119 2628 2190 φωτεινόν
2658 2134 2674 2149 ⁸
2709 2119 2805 2174 ἐὰν
2837 2120 2893 2173 δὲ
2938 2120 2967 2173 6
2998 2119 3278 2191 ὀφθαλμός
3313 2136 3406 2173 σου
3438 2119 3678 2193 πονηρὸς
3720 2113 3780 2194 ᾗ,
3835 2118 3959 2171 ὅλον

2365 2211 2430 2263 τὸ
2457 2209 2620 2282 σῶμά
2650 2226 2745 2263 σου
2776 2209 3056 2264 σκοτεινὸν
3084 2209 3241 2264 ἔσται
3268 2226 3280 2238 ·
3332 2210 3383 2261 εί
3413 2205 3508 2265 οῦν
3533 2208 3595 2260 :6
3636 2207 3756 2278 φῶς
3807 2207 3872 2261 τὸ
3903 2210 3963 2260 ἐν

2371 2285 2676 2368 σοὶσκότος
2717 2301 2855 2363 ἐστὶ,
2884 2300 2946 2354 :6
2983 2301 3174 2363 σκότος
3215 2299 3418 2366 πόσον;
3484 2316 3505 2351 ι
3540 2298 3714 2352 Τοῦτό
3760 2315 3959 2369 φησιν,

2367 2395 2450 2449 δτι
2502 2395 2627 2449 Ἐὰν
2670 2393 3029 2466 προσηλὼσῃς
3051 2393 3140 2445 τὸν
3161 2391 3286 2446 νοῦν
3320 2409 3415 2446 σου
3438 2394 3502 2463 τῇ
3523 2391 3628 2444 τῶν
3651 2392 3963 2462 χρημάτων

2369 2486 2633 2555 φροντίδι,
2689 2485 2923 2548 ἔσϐεσας
2971 2485 3062 2538 τὸν
3095 2483 3310 2554 λύχνον,
3360 2483 3646 2546 ἐσκότισάς
3707 2499 3807 2535 σου
3860 2483 3963 2554 τὴν

2367 2575 2566 2647 ψυχήν.
2606 2575 2814 2645 Ὠσπερ
2842 2573 2950 2645 γὰρ
2991 2575 3020 2628 6
3069 2573 3349 2645 ὀφθαλμὸς
3392 2572 3620 2636 ἁπλοῦς,
3665 2573 3963 2627 τουτέστιν

2370 2668 2528 2738 ὑγιὴς
2563 2665 2658 2733 ὢν,
2685 2665 2909 2734 φωτίζει
2934 2664 2995 2718 τὸ
3027 2663 3211 2735 σῶμα,
3247 2665 3343 2718 ἐὰν
3370 2664 3426 2717 δὲ
3451 2663 3685 2736 πονηρὸς
3706 2659 3766 2736 ᾖ,
3796 2677 3963 2717 τουτ-

2370 2758 2486 2812 έστι
2535 2757 2793 2827 νοσώδης,
2834 2755 3100 2820 σκοτίξει,
3133 2754 3278 2809 οὕτω
3306 2756 3399 2810 xa‘t
3439 2758 3468 2810 6
3499 2755 3622 2819 νοῦς
3658 2755 3963 2826 τυφλοῦται

2369 2850 2473 2905 67:6
2502 2850 2600 2921 τῆς
2630 2849 2929 2922 φροντίδος.
2955 2847 3019 2904 Ei
3048 2849 3103 2903 δέ
3140 2852 3167 2904 6
3191 2847 3316 2912 νοῦς
3353 2849 3693 2920 σκοτισθείη,
3731 2850 3767 2920 ἠ
3804 2849 3963 2921 ψυχὴ

2372 2944 2560 3006 σκότος
2594 2944 2825 3011 γίνεται,
2859 2944 2953 2997 καὶ
2983 2941 3159 3008 πολλῷ
3191 2943 3392 3012 μᾶλλον
3432 2944 3492 2996 :6
3519 2942 3702 3011 σῶμα.

2449 3052 2469 3085 r
2510 3035 2698 3098 Οὐδεὶς
2744 3035 2968 3088 δύναται
3021 3035 3143 3088 δυσὶ
3173 3039 3385 3106 κυρίοις
3424 3034 3720 3091 δουλεύειν.
3767 3055 3786 3089 ι
3853 3038 3963 3092 Δύο

2373 3120 2596 3192 κυρίους
2634 3121 2781 3190 λέγει
2825 3123 2949 3185 τοὺς
2996 3123 3064 3176 τὰ
3130 3123 3351 3176 ἐναντία
3391 3125 3806 3189 ἐπιτάττοντας,
3846 3123 3963 3180 οἷον

2375 3213 2508 3267 Θεὸν
2563 3213 2658 3267 καὶ
2688 3214 3041 3283 Μαμμωνᾶν.
3094 3214 3287 3285 Ἡμεῖς
3333 3213 3392 3268 δὲ
3437 3215 3708 3286 ποιοῦμεν
3763 3218 3963 3289 κύριον

2369 3307 2530 3378 ἡμῶν
2579 3307 2670 3359 τὸν
2693 3306 2960 3373 διάϐολοντ
2991 3307 3181 3378 ὥσπερ
3235 3309 3329 3361 καὶ
3359 3309 3458 3379 τὴν
3506 3309 3714 3364 κοιλίαν
3795 3311 3925 3365 θεόν
3951 3329 3963 3343 ·

2370 3397 2527 3466 φύσει
2561 3385 2631 3449 ⁵δὲ
2682 3396 2777 3450 καὶ
2816 3396 3033 3468 ἀληθῶς
3077 3398 3304 3468 Κύριος,
3351 3401 3379 3452 6
3410 3399 3542 3463 Θεός
3566 3415 3581 3431 ⁸
3622 3402 3963 3470 Μαμμωνᾶς

2367 3491 2423 3544 δέ
2459 3491 2671 3561 ἐστινὴ
2715 3489 2922 3544 ἀδικία.
2965 3507 2983 3541 ι
3030 3489 3100 3544 Ἦ
3141 3491 3248 3561 γὰρ
3304 3491 3394 3544 τὸν
3432 3491 3529 3545 ἕνα
3559 3492 3812 3562 μισήσει,
3871 3496 3963 3547 καὶ

2368 3581 2458 3635 τὸν
2489 3581 2678 3651 ἐτερον
2707 3583 3004 3650 ἀγαπήσει,
3037 3582 3069 3652 ἢ
3098 3581 3192 3635 τοῦ
3225 3583 3344 3646 ἐνὸς
3369 3583 3677 3650 ἀνθέξεται,
3735 3585 3963 3638 καϊτοῦ

2371 3675 2558 3742 ἐτέρου
2611 3675 3037 3743 καταφρονήσει.
3095 3675 3168 3727 Ού
3227 3674 3457 3727 δύνασοε
3510 3673 3629 3744 Θεῷ
3682 3674 3963 3729 δουλεύειν

2373 3765 2461 3814 καὶ
2498 3765 2828 3832 μαμμωνᾷ.»
2886 3764 3032 3834 Ορᾷς
3057 3764 3135 3816 ὅτι
3159 3765 3258 3816 οὐκ
3281 3763 3395 3816 ἐστι
3419 3764 3644 3818 δυνατὸν
3675 3765 3768 3818 τὸν
3791 3769 3963 3821 πλού‹

2375 3870 2486 3906 σιον
2520 3855 2613 3907 καὶ
2648 3855 2833 3908 ἄδικον
2862 3853 2982 3924 Θεῷ
3007 3854 3318 3924 δουλεύειν;
3353 3855 3640 3911 Ἐκϐἁλλει
3687 3859 3803 3930 γὰρ
3852 3862 3963 3914 0.6-

2369 3945 2461 3998 τὸν
2486 3945 2516 4013 ή
2538 3943 2948 4015 φιλοχρηματία
2978 3944 3088 3998 ἀπὸ
3116 3944 3277 4014 Θεοῦ.

2449 4053 2467 4086 ι
2522 4036 2620 4088 Διὰ
2652 4035 2811 4089 τοῦτο
2861 4035 3005 4106 λέγω
3039 4037 3188 4106 ὑμῖν,
3255 4037 3332 4108 μὴ
3363 4041 3668 4110 μεριμνᾶτε
3703 4042 3773 4112 τῇ
3813 4041 3963 4114 ψυχῇ

2370 4127 2522 4196 ὑμῶν
2543 4128 2593 4180 τί
2625 4128 2836 4200 φάγητε
2864 4131 2961 4182 καὶ
2982 4129 3034 4182 τί
3070 4128 3256 4200 πίητε,
3286 4130 3421 4200 μηδὲ
3451 4131 3529 4202 τῷ
3554 4132 3770 4202 σώματι
3805 4135 3963 4204 ὑμῶν

2369 4218 2420 4272 τί
2453 4218 2772 4288 ἐνδύσησθε.
2817 4238 2836 4270 ι
2880 4221 2978 4274 Διὰ
3011 4220 3190 4287 τοῦτο,
3217 4225 3405 4288 ποῖον;
3443 4223 3542 4276 Διὰ
3578 4222 3639 4276 :6
3661 4223 3767 4277 ἀπὸ
3826 4225 3963 4279 Θεοῦ

2372 4310 2722 4364 ἐκϐάλλεσθαι
2771 4311 2876 4364 ὑπὸ
2906 4312 3015 4366 τῶν
3062 4313 3396 4383 χρημάτων*
3464 4316 3576 4386 Οὐχ
3634 4315 3859 4388 ἡψυχὴ
3914 4320 3963 4374 δέ

2371 4400 2564 4463 ἐσθίει,
2597 4402 2893 4473 ἀσώματον
2916 4402 3049 4473 γὰρ,
3079 4403 3215 4458 ἀλλὰ
3267 4405 3407 4459 κατὰ
3438 4410 3536 4475 τὴν
3563 4406 3747 4476 κοινὴν
3796 4411 3963 4480 συνή-

702 4483 796 4536 sed
829 4481 981 4549 juxta
1032 4493 1372 4534 communem
1416 4481 1862 4534 consuetudinem
1910 4481 2119 4534 locutus
2163 4489 2266 4532 est.

2378 4495 2528 4550 Bstav
2562 4495 2722 4550 τοῦτο
2757 4491 2897 4550 εἷπε.
2933 4499 3092 4551 Δοκεῖ
3130 4497 3240 4570 γὰρ
3270 4500 3304 4568 ἠ
3351 4499 3500 4570 ψυχὴ
3551 4498 3625 4570 μὴ
3662 4500 3963 4569 ἀνέχεσθαι

701 4572 929 4627 Videtur
965 4581 1143 4626 autem
1176 4573 1354 4625 anima
1390 4586 1494 4624 non
1533 4585 1692 4638 posse
1749 4586 1868 4624 esse
1918 4574 1970 4624 in
2022 4586 2269 4639 corpore,

705 4663 809 4716 nisi
834 4669 1089 4730 pascatur
1119 4674 1268 4714 caro.
1304 4659 1418 4711 Non
1448 4658 1690 4727 explodit
1717 4668 1895 4711 autem
1923 4661 2156 4726 operari,
2180 4659 2273 4712 sed

704 4753 913 4822 seipsos
943 4761 1084 4805 t0tos
1112 4750 1260 4804 curis
1289 4749 1502 4803 tradere
1563 4757 1615 4802 et
1652 4748 1921 4817 negligere
1954 4747 2140 4810 Deum,
2173 4751 2275 4802 hoc

702 4852 785 4897 est
809 4844 952 4912 quod
983 4841 1261 4912 prohibet,
1291 4840 1542 4910 quoniam
1575 4847 1626 4892 et
1653 4853 1812 4910 agros
1836 4838 2012 4894 colere
2039 4850 2269 4909 oportet,

700 4946 757 4989 et
790 4937 982 4988 anima:
1013 4947 1202 4989 curam
1237 4933 1464 4987 habere.
1507 4949 1526 4983 ι
1573 4929 1762 4986 Nonne
1785 4931 1961 4985 anima
1997 4932 2164 5000 pluris
2189 4943 2274 4986 est

703 5043 863 5096 quam
899 5028 1068 5090 cibus,
1098 5036 1150 5081 et
1183 5040 1380 5094 corpus
1396 5039 1557 5094 quam
1585 5024 2000 5078 indumentum?
2025 5022 2136 5077 lloc
2166 5034 2268 5088 est,

704 5120 794 5187 qui
831 5118 1004 5183 majus
1051 5116 1199 5170 dedit
1258 5130 1447 5183 nempe
1485 5115 1718 5169 animam
1763 5126 1818 5167 et
1856 5130 2050 5184 corpus
2093 5116 2269 5183 ipsum

705 5209 814 5281 34
863 5209 1138 5272 formavit,
1190 5222 1293 5261 non
1348 5207 1496 5261 dabit
1542 5217 1597 5261 et
1648 5206 1962 5261 alimentum
2020 5216 2075 5260 et
2120 5207 2272 5260 indu-

705 5303 979 5357 wcutum?

781 5395 941 5452 Vens.
980 5395 1068 5449 26.
1112 5413 1130 5447 ι
1170 5395 1409 5465 Aspicite
1440 5395 1507 5450 ad
1536 5394 1771 5450 volatilia
1813 5392 1959 5456 coeli,
2018 5392 2140 5462 quia
2167 5405 2270 5445 non

704 5502 913 5557 senuit,
939 5504 1112 5560 neque
1137 5499 1366 5556 metunt,
1385 5504 1558 5559 neque
1572 5497 1898 5560 congregant
1921 5485 1974 5540 in
1994 5487 2269 5549 horreum,

709 5597 760 5638 ct
796 5585 955 5639 Pater
993 5594 1168 5637 vester
1199 5582 1436 5638 cmlestis
1464 5583 1637 5651 pascit
1663 5595 1723 5636 ea
1750 5600 1763 5635 :
1793 5594 1968 5634 nonne
1997 5593 2092 5633 vos
2114 5577 2269 5647 longe

714 5676 1016 5748 prmcellitis
1069 5673 1197 5730 illa?
1233 5693 1251 5726 ι
1306 5673 1576 5731 Potuisset
1627 5674 1820 5729 aﬂ‘erre
1879 5673 1932 5728 in
1967 5670 2271 5740 exemplum

708 5768 919 5826 Heliam
958 5779 1011 5826 et
1053 5770 1341 5839 Joannem,
1398 5777 1453 5827 et
1504 5770 1755 5823 meminit
1799 5769 2020 5824 avium:
2077 5774 2133 5821 ut
2172 5778 2273 5818 nos

2376 4585 2514 4640 εῖναι
2547 4591 2602 4641 ἐν
2625 4589 2701 4657 τῷ
2745 4588 2981 4658 σώματι,
3033 4591 3193 4660 εἰμὴ
3236 4591 3492 4660 τρέφοιτο
3544 4593 3577 4661 ἡ
3627 4591 3786 4661 σάρξ.
3850 4595 3963 4646 Οὐκ

2379 4678 2632 4731 ἐκϐάλλει
2659 4680 2712 4731 δὲ
2744 4680 2803 4732 :6
2825 4680 3179 4750 ἐργάζεσθαι,
3210 4681 3348 4734 ἀλλὰ
3384 4681 3440 4733 :6
3468 4682 3547 4752 μὴ
3594 4682 3798 4736 διδόναι
3825 4684 3963 4750 ὅλως

2377 4771 2602 4834 ἑαυτοὺς
2647 4774 2768 4833 ταῖς
2809 4772 3078 4841 φροντίσι,
3138 4773 3233 4826 καὶ¹
3297 4774 3524 4844 ἀμελεῖν
3578 4774 3739 4841 Θεοῦ,
3799 4777 3963 4833 τοῦτα

2376 4862 2605 4915 κωλύει.
2667 4861 2820 4915 Ἐπεὶ
2876 4864 2969 4916 καὶ
3000 4867 3270 4933 γεωργεῖν
3320 4866 3422 4930 δεῖ,
3470 4865 3609 4918 ἀλλὰ
3644 4867 3738 4919 καὶ
3773 4865 3963 4939 ψυχῆς

2375 4954 2704 5025 φροντίζειν.
2745 4974 2762 5005 ι
2808 4955 2941 5024 Οὐχὶ
2976 4960 3007 5026 ὴ
3041 4957 3190 5026 ψυχὴ
3221 4956 3405 5008 πλεῖόν
3454 4958 3567 5009 ἐστι
3595 4956 3695 5027 τῆς
3720 4964 3963 5030 τροφῆςι

2374 5045 2468 5098 καὶ
2489 5044 2723 5116 τὸ,σῶμα
2751 5047 2842 5099 τοῦ
2865 5048 3161 5118 ἐνδύματος
3187 5048 3562 5115 ;›Τουτέστιν,
3594 5050 3656 5103 '0
3677 5051 3738 5105 :6
3763 5057 3963 5120 μεῖξον

2372 5136 2516 5200 δοὺς,
2546 5137 2644 5207 τὴν
2677 5139 2856 5209 ψυχὴν
2921 5143 3014 5192 καὶ
3043 5141 3104 5193 :6
3145 5141 3307 5212 σῶμα
3339 5141 3667 5208 διαπλάσας,
3703 5143 3764 5197 οὐ
3790 5145 3963 5204 δώσει

2373 5231 2468 5282 καιτ⁸
2503 5231 2707 5300 τροφὴν
2727 5235 2819 5284 καὶ
2851 5233 3162 5303 ἐνδύματα;

2451 5421 2468 5454 ι
2528 5403 2870 5474 Ἐμϐλέῲατε
2897 5405 2975 5468 είς
3005 5405 3071 5459 τὰ
3103 5407 3324 5462 πετεινὰ
3350 5407 3446 5461 τοῦ
3477 5408 3738 5478 ούρανοῦ,
3768 5411 3860 5466 ὅτι
3900 5417 3963 5468 οὗ

2376 5498 2718 5577 σπείρουσιν,
2764 5497 2883 5551 οὐδὲ
2933 5499 3264 5569 θερίζουσιν,
3315 5503 3435 5557 οὐδὲ
3499 5505 3837 5573 συνάγουσιν
3884 5514 3963 5575 εἰς

2377 5590 2679 5660 ἀποθήκας,
2741 5592 2832 5643 καὶ
2880 5593 2908 5643 6
2960 5592 3149 5664 Πατὴρ
3197 5595 3351 5663 ὑμῶν
3400 5599 3426 5649 6
3466 5597 3716 5668 οὐράνιος
3759 5601 3963 5669 τρέφει

2376 5680 2533 5732 αύτά.
2569 5681 2681 5748 Οὐχ
2718 5681 2873 5749 ὑμεῖς
2898 5682 3096 5751 μᾶλλον
3142 5685 3427 5753 διαφέρετε
3482 5689 3690 5752 αὑτῶνς
3724 5707 3743 5739 ι
3783 5693 3963 5745 Δυ·,ἀ‹

2385 5788 2541 5842 μενος
2567 5777 2929 5842 παρενεγκεῖν
2962 5777 3041 5838 εἰς
3073 5777 3422 5849 παράοειγμα
3449 5779 3538 5833 τὸν
3596 5779 3807 5844 Ἠλίαν,
3867 5784 3963 5836 τὸν
