4004 6404
669 343 771 408 211

1514 349 2092 411 THEOPHYLACTI
2136 349 2545 412 BULGARL‘E
2573 351 2930 414 ARCHIEP.

3823 345 3941 410 21-2

666 457 958 530 prehensio
1000 457 1149 513 utilis
1185 463 1289 522 est,
1331 456 1708 513 condemnatio
1741 466 1920 513 autem
1953 459 2213 528 probrosa

2342 479 2434 534 χος
2454 460 2547 514 ἐπὶ
2573 460 2868 532 ώφελείᾳ,.
2905 460 3074 523 ἐστὶν,
3114 459 3147 530 ή
3182 457 3238 512 δὲ
3270 457 3598 528 κατάκρισις
3655 458 3749 512 ἐπὶ
3784 459 3941 512 ὀνει⁴

659 562 716 608 ει
749 552 1036 623 despectus
1070 551 1263 624 plena:
1298 550 1380 606 vel
1432 551 1589 607 aliter
1632 552 1872 623 intellig‘e
1902 552 1970 606 de
2021 567 2086 608 eo
2121 555 2236 623 qui,

667 644 878 714 magnis
909 643 1143 714 peccatis
1174 642 1462 719 obnoxius,
1493 644 1786 712 opprobrat
1814 645 1970 711 alios,
1996 655 2049 698 et
2085 659 2236 700 com—

664 735 889 790 demnat
930 737 1106 798 minus
1154 735 1470 808 culpabiles,
1503 747 1556 792 et
1584 738 1636 792 in
1665 737 1748 792 his
1779 751 1896 806 qua:
1929 735 2069 791 Deus
2094 737 2237 806 judi-

661 837 882 884 caturus
911 836 1010 884 est.
1168 903 1172 905 ἤ

733 917 894 976 Vns.
924 919 1040 975 2-5.
1076 939 1094 973 ι
1129 920 1244 989 Quo
1266 921 1407 976 enim
1434 921 1926 992 judiciojudicatis,
1956 923 2232 994 iudicabi-

661 1011 794 1066 mini
826 1031 840 1068 :
883 1022 939 1068 et
967 1028 1072 1083 qua
1107 1028 1362 1069 mensura
1414 1015 1703 1083 metimini,
1733 1017 2024 1072 metiemur
2057 1018 2232 1070 vobis.

657 1101 795 1168 Quid
823 1114 1002 1159 autem
1041 1104 1191 1161 vides
1223 1105 1482 1162 festucam
1512 1122 1631 1176 qute
1659 1117 1742 1162 est
1775 1109 1829 1163 in
1858 1110 2016 1164 oculo
2052 1108 2234 1163 fratris

659 1194 756 1257 tui,
785 1196 992 1250 trabem
1043 1205 1220 1251 autem
1244 1205 1461 1266 quaeest
1489 1198 1539 1251 in
1564 1197 1720 1252 oculo
1767 1206 1860 1254 tuo
1903 1215 2008 1255 non
2043 1198 2235 1251 vides?

659 1285 767 1339 Aut
799 1287 1067 1355 quomodo
1095 1288 1243 1342 dices
1289 1284 1439 1341 fratri
1481 1294 1592 1355 tuo,
1631 1283 1761 1342 Sine
1811 1288 2024 1358 ejiciani
2065 1286 2232 1342 festu-

656 1389 776 1442 ram
835 1391 902 1431 ex
961 1375 1119 1433 oculo
1166 1384 1278 1442 tuo,
1333 1385 1388 1432 et
1420 1390 1554 1433 ecce
1616 1379 1763 1434 trabs
1801 1378 1853 1432 in
1905 1378 2058 1432 oculo
2105 1377 2232 1433 tuo?

660 1465 969 1534 llypocrita,
1017 1466 1150 1534 cjice
1196 1468 1428 1538 primum
1475 1470 1680 1524 trabem
1730 1485 1800 1524 ex
1841 1471 1995 1524 oculo
2034 1480 2144 1536 tuo,
2178 1480 2233 1525 et

656 1567 783 1609 tunc
827 1557 1032 1612 videbis
1083 1569 1142 1613 ut
1193 1559 1382 1628 ejicias
1427 1560 1692 1618 festucam
1743 1577 1810 1616 ex
1848 1563 2003 1618 oculo
2048 1562 2232 1618 fratris

655 1648 746 1703 tui.
785 1667 802 1700 ι
831 1648 1155 1720 Carpturum
1202 1651 1335 1708 alios
1368 1662 1584 1722 oportet
1628 1655 2034 1710 immaculatum
2085 1672 2226 1714 esse.

652 1738 784 1793 Nam
817 1741 1020 1796 habens
1051 1744 1254 1798 trabem
1290 1744 1342 1798 in
1376 1743 1532 1799 oculo
1570 1761 1689 1811 suo,
1729 1747 1828 1802 hoc
1855 1757 1940 1802 est
1974 1763 2227 1818 magnum

2347 554 2525 627 δισμῷ
2556 555 2650 608 καὶ
2680 552 3054 621 ἐξουδενώσει,
3098 549 3275 615 ἄλλως
3301 568 3362 605 τε
3390 553 3481 606 καὶ
3506 553 3633 605 ὅταν
3672 553 3818 622 ἔχων
3849 570 3943 614 τις

2349 647 2591 718 μεγάλας
2622 645 2920 718 ἁμαρτίας,
2951 643 3188 716 ὀνειδίζῃ
3228 644 3462 713 ἑτέροις,
3489 643 3585 700 καὶ
3621 645 3940 716 κατακρίνῃ

2343 739 2470 803 τοὺς
2489 738 2750 793 ἐλάττονα
2793 738 3036 807 ἔχοντας,
3063 735 3100 791 ἃ.
3121 738 3149 790 6
3176 734 3311 799 Θεὸς
3345 735 3530 807 μέλλει
3547 737 3782 808 κρίνειν.

2404 932 2441 984 ,ι
2493 915 2580 968 Ἑν
2603 906 2647 984 ᾧ
2676 914 2784 983 γάρ
2823 912 3064 985 κρίνετε,
3089 911 3426 985 κριθήσεσθε
3445 929 3460 944 ·
3481 912 3575 967 καὶ
3595 914 3651 967 ὲν
3669 906 3714 982 ᾧ
3743 913 3940 984 μέτρῳ

2346 1008 2618 1077 μετρεῖτε,
2657 1006 3062 1077 μετρηθήσεται
3094 1006 3246 1076 ὑμῖν.
3277 1005 3344 1059 Τί
3369 1004 3428 1059 δὲ
3459 1003 3684 1075 βλέπεις
3708 1005 3773 1058 τὸ
3797 1006 3940 1075 κάρ-

2343 1113 2441 1166 φος
2473 1099 2534 1149 τὸ
2570 1098 2628 1149 ὲν
2661 1096 2738 1167 τῷ
2771 1095 3040 1169 ὀφθαλμῷ
3082 1095 3180 1150 τοῦ
3210 1094 3444 1166 ἀδελφοῦ
3499 1112 3617 1162 σου,
3651 1098 3754 1166 τὴν
3778 1097 3840 1151 δὲ
3878 1099 3938 1148 ὲν

2341 1185 2423 1257 τῷ
2457 1185 2534 1257 σῷ
2586 1186 2850 1259 ὀφθαλμῷ
2886 1188 3045 1242 δοκὸν
3083 1189 3146 1242 οὐ
3181 1190 3503 1255 κατανοεῖς;
3545 1188 3578 1258 ἢ
3634 1188 3751 1252 πῶς
3785 1190 3937 1260 ἐρεῖς

2339 1279 2417 1355 τῷ
2448 1278 2664 1349 ἀδελφῷ
2701 1296 2820 1346 σου,
2855 1281 3028 1348 Ἄφες
3065 1281 3283 1336 ἐκϐάλω
3319 1280 3381 1334 τδ
3417 1280 3631 1352 κάρφος
3687 1281 3800 1335 ἀπὸ
3835 1281 3934 1334 τοῦ

2340 1370 2621 1442 ὀφθαλμοῦ
2652 1390 2772 1437 σου,
2799 1375 2891 1426 καὶ
2915 1374 3025 1428 ἰδοὺ
3047 1376 3078 1445 ή
3103 1375 3259 1437 δοκὸς
3291 1377 3350 1430 ὲν
3379 1374 3456 1446 τῷ
3497 1374 3768 1444 ὀφθαλμῷ
3792 1393 3892 1427 σου
3917 1391 3931 1440 ;

2350 1465 2676 1536 Ὑποκριτα,
2707 1464 2902 1519 ἔκϐαλε
2938 1467 3159 1537 πρῶτον
3187 1467 3288 1541 τὴν
3313 1468 3470 1522 δοκὸν
3504 1470 3566 1521 ἐκ
3589 1467 3681 1522 τοῦ
3717 1468 3934 1536 ὀφθαλ-

2341 1556 2442 1626 μοῦ
2473 1555 2591 1622 σοῦ,
2620 1557 2714 1610 καὶ
2755 1560 2876 1611 τότε
2910 1558 3222 1627 διαϐλέψεις
3259 1559 3510 1613 ἐκϐαλεῖν
3531 1559 3591 1612 τὸ
3620 1561 3838 1631 κάρφος
3866 1563 3932 1613 ἐκ

2335 1647 2430 1702 τοῦ
2471 1646 2754 1718 ὀφθαλμοῦ
2821 1646 2922 1722 τοῦ
2969 1647 3204 1716 ἀδελφοῦ
3261 1666 3378 1702 σου.
3420 1667 3438 1701 ι
3485 1650 3590 1701 Τὸν
3651 1649 3931 1717 μέλλοντα

2338 1741 2690 1812 ἐπιπλήττειν
2752 1740 2934 1805 ἄλλοις
2959 1742 3040 1795 δεῖ
3069 1741 3305 1812 ἄμωμον
3335 1737 3494 1796 εἶναι.
3531 1743 3594 1794 Εἰ
3624 1741 3734 1813 γὰρ
3758 1743 3929 1804 αὐτὸς

652 1831 878 1896 lignum,
916 1833 1122 1888 scilicet
1177 1843 1480 1904 peccatum,
1531 1847 1583 1889 et
1629 1837 2021 1906 reprehendens
2066 1838 2219 1892 alium

2336 1831 2498 1886 δοκὸν·
2525 1831 2666 1902 ἔχων
2700 1832 2756 1887 ὲν
2785 1832 2864 1903 τῷ
2915 1831 3200 1904 ὀφθαλμῷ,
3228 1831 3500 1896 τουτέστι,
3555 1833 3698 1903 μέγα
3739 1833 3926 1898 ξύλον,

656 1926 913 1978 festucam
979 1926 1286 1993 habentem,
1346 1926 1795 1996 impudentiorem
1863 1929 2011 1984 illum
2076 1928 2224 1986 facit.

652 2016 900 2070 Ostendit
924 2027 1099 2071 autem
1129 2019 1401 2085 Dominus,
1423 2022 1566 2088 quod
1600 2037 1825 2092 magnus
1850 2033 2100 2092 peccator
2125 2038 2230 2079 non

651 2117 828 2175 potest
869 2110 1004 2163 bene
1053 2111 1234 2166 videre
1267 2122 1543 2181 peccatum
1597 2112 1803 2169 fratris;
1848 2113 1981 2168 Nam
2017 2115 2107 2184 qui
2134 2115 2232 2168 ha-

661 2199 834 2253 buerit
892 2199 946 2254 in
1000 2199 1156 2256 oculo
1204 2202 1433 2268 trabem,
1490 2205 1762 2271 quomodo
1811 2206 1994 2260 videre
2048 2215 2227 2276 potest

649 2287 813 2341 :Iiillln
849 2289 1197 2343 mediocriter
1229 2289 1466 2344 malum?

723 2462 887 2518 Vens.
924 2463 975 2519 θ.
1008 2483 1025 2516 ι
1061 2465 1138 2522 Ne
1173 2467 1308 2522 dctis
1337 2477 1583 2524 sanctum
1611 2469 1858 2535 canibus,
1892 2485 2066 2541 neque
2096 2473 2226 2526 mit-

651 2555 784 2608 tatis
815 2557 1134 2624 margaritas
1162 2568 1369 2614 vestras
1395 2571 1518 2615 ante
1550 2574 1762 2631 porcos,
1800 2577 1866 2617 ne
1910 2563 2049 2618 forte
2094 2578 2226 2619 con-

645 2646 856 2700 rulcent
875 2661 968 2701 eas
984 2648 1205 2717 pedibus
1221 2651 1354 2715 suis,
1371 2659 1419 2705 et
1435 2653 1681 2706 conversi
1697 2653 2038 2724 disrumpant
2055 2669 2170 2710 vos.
2197 2674 2216 2706 ι

645 2739 820 2794 Canes
869 2749 994 2795 Sunt
1035 2741 1275 2797 infideles
1313 2761 1325 2798 :
1365 2745 1509 2813 porci
1547 2753 1748 2812 autem,
1783 2747 1968 2803 ﬁdeles
2001 2749 2218 2818 quidem

647 2843 798 2894 sunt,
839 2834 931 2887 sed
968 2835 1285 2888 lutulentatn
1341 2837 1506 2891 vitam
1545 2848 1790 2908 agentes.
1833 2839 2084 2911 Mysteria
2127 2843 2224 2912 igi-

649 2936 737 2978 tur
792 2926 1089 2983 incredulis
1136 2944 1238 2980 nnn
1272 2939 1396 2982 sunt
1436 2931 1731 2998 prodenda,
1785 2948 1959 3003 neque
2003 2934 2132 2988 clari
2171 2945 2223 2990 ct

650 3020 958 3088 margaritis
982 3021 1185 3076 similes
1206 3037 1487 3078 sermones
1521 3023 1589 3078 de
1625 3025 1888 3095 theologia
1927 3027 2220 3082 immundis

643 3113 1100 3169 communicandi.
1137 3112 1290 3168 Porci
1348 3116 1489 3170 enim
1546 3118 1889 3184 conculcant,
1930 3120 2044 3174 sive
2091 3135 2222 3174 c0n-

644 3212 889 3254 temnunt
927 3217 1045 3271 qum
1089 3204 1358 3267 dicuntur,
1393 3221 1555 3260 canes
1590 3217 1765 3262 autem
1790 3211 2037 3264 conversi
2072 3211 2215 3266 lacc-

642 3300 764 3345 raut
794 3307 893 3348 nos
946 3312 958 3346 :
997 3297 1137 3362 quntl
1171 3294 1412 3350 fecerunt
1442 3298 1766 3367 philosophi,
1795 3315 1914 3354 eum
1966 3303 2216 3356 audirent

641 3387 959 3441 crucifixum
1003 3387 1302 3445 Christum.
1341 3390 1647 3446 Dilacerant
1723 3406 1900 3448 autem
1964 3410 2061 3448 nos
2123 3411 2214 3448 ra-

642 3479 973 3545 tiocinando,
1047 3484 1374 3550 impossibile
1401 3501 1519 3542 esse
1551 3489 1884 3544 cavillantes.

710 3660 872 3716 Vens.
905 3662 954 3727 7,
983 3662 1034 3716 8.
1073 3682 1090 3714 ι
1132 3664 1318 3727 Potite,
1345 3677 1401 3720 et
1452 3667 1666 3722 dabitur
1723 3671 1873 3723 vobis
1914 3689 1925 3725 :
1965 3675 2212 3742 ψιαξιίιρ,

635 3766 690 3810 et
722 3755 1010 3810 invenietis
1046 3774 1057 3808 :
1088 3758 1314 3824 pulsate,
1368 3767 1423 3812 et
1476 3759 1754 3827 aperietur
1795 3763 1966 3817 vobis.
2025 3763 2214 3820 Omnis

636 3849 780 3903 enim
813 3850 902 3918 qui
940 3849 1090 3919 petit,
1135 3849 1330 3918 accipit
1366 3863 1460 3906 :et
1497 3853 1584 3921 qui
1615 3856 1827 3922 quaerit,
1865 3857 2070 3912 invenit
2107 3878 2120 3912 :
2161 3869 2215 3914 et

636 3942 866 4010 pulsanti
893 3943 1184 4013 aperietur.
1220 3962 1236 3994 ι
1267 3943 1558 4014 Imperavit
1579 3948 1733 4001 nobis
1765 3949 1814 4002 in
1843 3951 2213 4016 superioribus

635 4049 827 4100 magna
877 4045 929 4088 et
961 4035 1198 4088 dimi-ilia
1233 4055 1244 4089 :
1303 4038 1543 4092 ostendit
1577 4039 1740 4108 igitur
1795 4040 1898 4094 hoc
1933 4041 2049 4095 loco
2080 4057 2211 4111 quo-

637 4131 794 4180 modo
827 4129 1083 4194 imperata
1112 4129 1480 4197 perﬁciantur,
1525 4115 1715 4202 nempe
1737 4148 1830 4202 per
1861 4149 2049 4201 preces
2068 4151 2210 4191 con-

634 4219 830 4272 ιὶηυ.ιε.
871 4217 1044 4272 Petite
1100 4221 1270 4284 enim,
1305 4222 1590 4284 dixit,hoc
1650 4235 1751 4289 est,
1804 4242 2039 4296 semper.
2092 4227 2207 4282 Non

631 4308 772 4360 enim
828 4308 985 4372 dixit,
1036 4309 1232 4377 petatis
1256 4311 1446 4363 semel.
1491 4311 1692 4368 Deinde
1742 4323 1794 4368 et
1823 4315 2068 4386 exemplo
2110 4319 2211 4371 htt-

632 4415 790 4452 ωηιιο
813 4402 1096 4453 confirmat
1126 4403 1347 4456 dictum.

707 4491 867 4544 Vens.
899 4494 952 4554 9,
987 4495 1070 4546 10.
1115 4513 1131 4543 ι
1183 4497 1260 4548 An
1302 4497 1584 4564 quisquam
1616 4508 1700 4552 est
1728 4515 1794 4555 ex
1827 4502 1978 4557 vobis
2023 4503 2203 4568 homo,
2240 4533 2284 4588 υ

631 4601 791 4650 quem
825 4585 867 4636 si
905 4587 1116 4653 petierit
1140 4587 1282 4639 ﬁlius
1314 4589 1427 4655 ejus
1457 4605 1669 4657 panem,
1710 4593 1944 4659 lapidem
1975 4597 2201 4650 daturus

629 4678 698 4727 sit
727 4675 844 4728 illi?
879 4685 968 4729 aut
991 4677 1032 4729 si
1090 4678 1290 4745 piscem
1328 4681 1560 4745 petierit,
1593 4697 1716 4734 num
1777 4694 2080 4753 serpentem
2113 4685 2208 4740 ad-

630 4771 718 4820 det
744 4767 857 4835 illi?
904 4787 920 4817 ι
959 4767 1139 4821 Erudit
1167 4770 1264 4824 hoc
1306 4769 1421 4823 loco
1451 4775 1593 4838 quod
1622 4783 1832 4840 oportet
1860 4777 2207 4831 vehementer

629 4870 831 4927 petere,
883 4870 931 4913 ct
986 4861 1134 4914 utilia
1184 4872 1386 4931 petere.
1460 4864 1608 4919 Sicut
1637 4866 1781 4920 enim
1832 4882 1945 4933 vos,
2007 4869 2204 4937 inquit,

626 4949 869 5005 videntes
908 4950 1046 5005 filios
1099 4964 1307 5008 vestros
1355 4954 1504 5008 utilia
1533 4967 1733 5024 petere,
1778 4957 1887 5029 36
1917 4973 2108 5028 panem
2152 4969 2206 5016 et

627 5043 850 5106 piscem,
871 5043 1007 5096 datis
1038 5045 1214 5097 munia
1243 5059 1360 5113 quae
1384 5047 1669 5112 petierint;
1703 5048 1774 5102 ita
1805 5060 1857 5104 ct
1890 5065 1981 5106 vos
1999 5055 2202 5122 spitoa-

629 5130 698 5182 lia
733 5132 976 5200 quierite,
1009 5150 1112 5186 nun
1158 5135 1415 5190 cntnalia.

695 5311 858 5366 Vens.
899 5314 982 5368 Η.
1029 5333 1047 5366 ι
1087 5313 1141 5369 Si
1176 5315 1339 5386 igitur
1368 5331 1484 5383 vos,
1521 5334 1643 5372 cum
1677 5321 1796 5376 sitis
1841 5326 1987 5390 ntali,
2027 5332 2197 5384 nostis

625 5403 764 5456 dona
802 5405 940 5458 bona
998 5406 1129 5461 dare
1176 5407 1299 5462 filiis
1331 5410 1548 5474 vestris,
1585 5423 1788 5480 quanto
1839 5417 2008 5486 magis
2045 5418 2202 5473 Pater

627 5505 807 5548 vester
839 5499 925 5563 qui
970 5498 1020 5550 in
1050 5499 1201 5553 t'tBiiS
1231 5511 1334 5564 est,
1369 5503 1516 5554 dabit
1543 5505 1682 5558 bona
1715 5507 2021 5576 petentibus
2046 5514 2136 5564 se!
2178 5531 2192 5562 ›

624 5583 789 5640 .‘lalos
815 5589 1052 5642 ttotnidal
1089 5592 1332 5648 homines
1356 5595 1419 5647 ad
1451 5596 1615 5650 Deum
1664 5610 2028 5668 comparatos,
2065 5619 2196 5671 quo-

624 5695 763 5731 l‘.l.lm
796 5692 981 5732 natura
1014 5695 1197 5735 nostra
1227 5686 1360 5739 bona
1393 5698 1494 5748 est.
1532 5700 1712 5758 utpote
1738 5708 1766 5745 a
1801 5692 1906 5745 lico
1942 5696 2191 5748 CUll‘illl:

624 5770 893 5825 Voluntate
925 5784 1098 5828 autem
1131 5775 1254 5830 mali
1291 5794 1494 5834 sumus.

2336 1924 2456 1994 ἦτοι
2500 1923 2830 1996 ἁμάρτημα,
2883 1926 3258 1996 ἐπιμέμφεται
3288 1926 3433 1996 ἄλλῳ
3464 1927 3672 1996 κάρφος
3714 1926 3926 1997 ἔχοντι,

2335 2019 2754 2088 ἀναισχύντερον
2779 2019 2984 2072 ἐκεῖνον
3001 2018 3245 2086 εποίησε.
3276 2019 3525 2073 Δείκνυσι
3548 2021 3602 2072 δὲ
3631 2021 3658 2071 6
3685 2020 3924 2090 Κύριος,

2332 2111 2551 2164 ὄτιούδὲ
2579 2111 2806 2165 δύναται
2849 2111 2981 2165 ἰδεῖν
3016 2111 3194 2176 καλῶς
3219 2111 3282 2166 τὸ
3313 2112 3406 2166 τοῦ
3439 2112 3670 2180 ἀδελφοῦ
3727 2113 3924 2184 ἀμάρ-

2331 2220 2481 2272 τημα
2525 2204 2554 2255 6
2600 2202 2816 2273 μεγάλα
2860 2202 3199 2273 ἁμαρτάνων
3234 2220 3249 2236 ο
3276 2205 3305 2258 ὀ
3337 2203 3444 2275 γὰρ
3478 2204 3620 2273 ἔχων
3656 2205 3818 2257 δοκὸν
3863 2207 3924 2258 ὲν

2329 2293 2408 2365 τῷ
2429 2293 2719 2365 ὀφθαλμῷ,
2752 2294 2867 2358 πῶς
2899 2293 2963 2348 ἂν
2994 2294 3094 2348 ῐδοι
3125 2293 3286 2350 ἄλλον
3316 2296 3555 2368 μετρίως
3591 2295 3923 2366 βλαπτόμε-

2331 2403 2421 2440 νον
2443 2403 2456 2449 ;
3597 2464 3605 2471 .

2405 2498 2424 2532 ι
2457 2479 2550 2551 Μὴ
2595 2480 2730 2534 δῶτε
2757 2480 2817 2534 τὸ
2850 2481 3005 2549 ἅγιον
3038 2484 3150 2545 τοῖς
3181 2479 3330 2548 κυσὶ,
3375 2481 3512 2553 μηδὲ
3546 2481 3748 2552 βάλητε
3785 2481 3922 2544 τοὺς

2332 2572 2680 2642 μαργαρίτας
2711 2573 2864 2643 ὑμῶν
2914 2573 3226 2645 ἔμπροσθεν
3277 2573 3387 2627 τῶν
3432 2574 3653 2645 χοίρων,
3694 2573 3922 2644 μήποτε

2327 2668 2795 2735 καταπατήσωσιν
2851 2667 3051 2731 αὐτοὺς
3111 2670 3169 2722 ὲν
3217 2670 3330 2732 τοῖς
3367 2669 3526 2720 ποσὶν
3558 2666 3761 2729 αὐτῶν,
3819 2667 3920 2720 καὶ

2326 2755 2656 2828 στραφέντες
2686 2758 2923 2829 ῥήξωσιν
2953 2759 3119 2829 ὑμᾶς.
3155 2777 3173 2810 ι
3212 2760 3390 2818 Κύνες
3420 2761 3558 2812 εἰσὶν
3588 2759 3636 2811 οἰ
3661 2759 3918 2820 ἄπιστοι,

2323 2852 2496 2920 χοῖροι
2519 2851 2664 2915 δὲ,οἰ
2699 2852 2882 2904 πιστοὶ
2916 2852 3036 2921 μὲν,
3088 2851 3404 2923 βορϐορώδη
3435 2852 3492 2905 δὲ
3530 2851 3644 2920 βίον
3667 2851 3915 2920 ἔχοντες.

2323 2945 2416 2995 Δεῖ
2446 2942 2628 2996 τοίνυν
2665 2944 2732 2996 τὰ
2770 2945 3049 3016 μυστήρια
3113 2945 3188 3014 μὴ
3237 2945 3417 3013 λέγειν
3469 2947 3582 3006 τοῖς
3625 2944 3915 3007 ἀπίστοις,

2329 3036 2463 3106 μηδὲ
2496 3036 2620 3097 τοὺς
2648 3035 2935 3108 λαμπροὺς
2981 3039 3074 3090 καὶ
3105 3037 3486 3107 μαργαρώδεις
3522 3037 3714 3105 λόγους
3772 3038 3910 3098 τοὺς

2324 3128 2454 3197 περί
2485 3127 2762 3195 Θεολογίας
2816 3131 2926 3192 τοῖς
2958 3129 3289 3199 ἀκαθάρτοις
3321 3131 3369 3182 οἰ
3404 3130 3500 3198 μὲν
3545 3131 3655 3197 γὰρ
3705 3131 3914 3199 χοῖροι,

2327 3218 2752 3281 καταπατοῦσιν,
2784 3219 2902 3287 ἦτοι
2964 3218 3364 3288 καταφρονοῦσι
3405 3219 3514 3271 τῶν
3563 3217 3913 3286 λεγομένων,

2323 3311 2369 3360 οἰ
2404 3310 2458 3360 δὲ
2491 3308 2651 3371 κύνες
2700 3313 3033 3380 στραφέντες
3061 3311 3557 3382 διασπαράττουσιν
3589 3312 3734 3380 ἡμᾶς
3757 3327 3771 3342 °
3817 3307 3915 3364 οἷα

2323 3399 2569 3454 ποιοῐσιν
2591 3403 2646 3457 οἰ,
2673 3401 2951 3472 λεγόμενοι
2974 3402 3280 3472 φιλόσοφοι,
3313 3403 3443 3455 ὅταν
3477 3401 3788 3454 ἀκούσωσιν
3827 3403 3918 3454 ὃτι

2323 3490 2638 3561 ἐσταυρώθη
2683 3491 2835 3556 Θεὸς,
2877 3495 3282 3562 σπαράττουσιν
3328 3492 3476 3561 ήμᾶς
3511 3494 3623 3555 τοῖς
3653 3489 3918 3561 συλλογι-

2325 3584 2498 3648 σμοῖς,
2528 3582 2786 3635 ἀδύνατον
2809 3579 3124 3636 εἶναιτοῦτο
3160 3583 3526 3650 σοφιζόμενοι.

2400 3691 2418 3722 r
2451 3675 2682 3736 Αἰτεῖτε,
2719 3673 2814 3726 καὶ
2845 3673 3129 3744 δοθήσεται
3164 3674 3322 3742 ὑμῖν
3383 3671 3621 3741 ζητεῖτε.
3664 3672 3762 3724 καὶ
3814 3674 3918 3725 εὐ-

2322 3767 2520 3837 ρήσετε
2546 3782 2558 3794 ·
2592 3765 2840 3835 κρούετε,
2874 3769 2965 3819 καὶ
2999 3768 3354 3838 ἀνοιγήσεται
3387 3767 3516 3835 ὑμῖν
3541 3781 3553 3794 ·
3593 3766 3702 3828 πᾶς
3732 3763 3845 3834 γὰρ
3891 3770 3920 3819 ὀ

2323 3857 2487 3911 αἰτῶν
2541 3857 2828 3928 λαμϐάνει,
2881 3861 2977 3914 καὶ
3028 3862 3056 3913 ὀ
3109 3861 3288 3929 ζητῶν
3343 3860 3611 3928 εὑρίσκει,
3665 3859 3763 3912 καὶ
3828 3860 3921 3931 τῷ

2321 3950 2570 4021 κρούοντι
2599 3953 2971 4022 ἀνοιγήσεται.
3007 3972 3024 4004 ι
3074 3952 3369 4019 Ἐπέταξεν
3392 3955 3522 4024 ἡμῖν
3552 3954 3608 4006 ὲν
3628 3954 3741 4016 τοῖς
3774 3971 3918 4022 προ-

2319 4043 2541 4097 λαϐοῦσι
2586 4045 2798 4114 μεγάλα
2842 4047 2936 4098 καὶ
2966 4039 3204 4116 χαλεπά.
3239 4045 3521 4098 Δείκνυσιν
3545 4044 3636 4098 οὖν
3665 4044 3918 4098 ἐνταῦθα

2321 4139 2436 4199 πῶς
2492 4138 3021 4207 κατορθωθὴσονται,
3079 4140 3172 4190 καὶ
3204 4138 3286 4191 ὃτι
3322 4139 3410 4192 διὰ
3446 4137 3546 4206 τῆς
3581 4136 3748 4206 εὐχῆς
3800 4139 3914 4208 τῆς

2317 4229 2619 4297 διηνεκοῦς.
2652 4231 2862 4282 Αἰτεῖτε
2883 4230 3011 4300 γὰρ,
3044 4226 3219 4294 εἶπεν,
3249 4229 3367 4284 ἀντὶ
3421 4229 3514 4282 τοῦ
3558 4229 3664 4290 ἀεὶ,
3691 4229 3752 4282 οὐ
3794 4231 3916 4301 γὰρ

2318 4316 2496 4389 εἶπεν,
2536 4323 2844 4392 Αἰτήσασθε
2873 4323 3038 4386 ἅπαξ.
3081 4318 3211 4400 Εἶτα
3245 4323 3339 4376 καὶ
3372 4320 3479 4375 ἀπὸ
3497 4321 3915 4391 ύπώείγματος

2317 4413 2657 4484 ἀνθρωπίνου
2693 4415 2904 4484 βεϐαιοῖ
2933 4415 2990 4468 τὸ
3017 4415 3225 4485 λεχθέν.

2396 4521 2413 4554 ι
2441 4506 2508 4557 Ἢ
2541 4505 2628 4567 τίς
2662 4507 2809 4559 ἐστιν
2841 4507 3126 4577 ἄνθρωπος
3146 4507 3202 4572 ἐξ
3228 4507 3404 4574 ὑμῶν,
3435 4506 3493 4560 ὃν
3524 4508 3619 4560 ἐὰν
3641 4508 3848 4581 αἰτήσῃ
3880 4512 3913 4564 6

2317 4595 2427 4657 υίὸς
2467 4597 2632 4648 αὑτοῦ
2670 4599 2854 4668 ἄρτον,
2895 4601 2967 4669 μὴ
3003 4599 3150 4651 λίθον
3183 4599 3438 4652 ἐπιδώσει
3462 4599 3644 4668 αύτῷς
3678 4601 3772 4653 καὶ
3803 4602 3913 4656 ἐὰν

2317 4686 2468 4757 ἰχθῦν
2505 4689 2724 4761 αἰτήσῃ,
2759 4690 2835 4760 μὴ
2878 4691 3000 4758 ὅφιν
3053 4691 3310 4744 ἐπιδώσει
3360 4692 3545 4762 αὐτῷς
3584 4711 3600 4742 ι
3643 4693 3910 4750 Παιδεύει

2312 4778 2547 4832 ἐνταῦθα
2583 4781 2664 4834 ὅτι
2701 4782 2783 4833 δεῖ
2817 4783 2911 4834 κοιλ⁸
2947 4783 3195 4853 σφοδρῶς
3226 4785 3418 4845 αἰτεῖν,
3454 4785 3550 4837 καὶ
3586 4783 3654 4836 τὰ
3683 4788 3909 4855 συμφὲ-

2313 4888 2471 4940 ροντα
2508 4873 2700 4928 αἰτεῖν.
2739 4873 2926 4943 Ὑμεῖς
2943 4877 3073 4946 γὰρ,
3100 4877 3259 4946 φησὶ,
3295 4877 3521 4947 βλέπετε
3544 4879 3670 4941 τοὺς
3696 4879 3909 4944 παῖδας

2310 4965 2464 5035 ὑμῶν
2495 4966 2561 5018 τὰ
2588 4968 2866 5037 πρέποντα
2897 4969 3206 5032 αἰτοῦντας,
3251 4970 3414 5040 ἄρτον
3454 4973 3546 5023 καί
3581 4970 3756 5042 ἰχθῦν,
3802 4973 3908 5025 καὶ

2307 5060 2428 5114 τότε
2461 5059 2630 5112 δίδοτε
2690 5060 2873 5123 αὐτοῖς
2929 5060 3056 5114 ὅταν
3113 5062 3339 5115 τοιαῦτα
3392 5063 3628 5132 ζητῶσιν
3667 5079 3679 5092 ·
3717 5063 3904 5128 οὕτως

2304 5151 2396 5206 οὖν
2427 5151 2518 5204 καὶ
2553 5153 2710 5222 ὑμεῖς
2739 5152 2809 5204 τὰ
2856 5155 3210 5223 πνευματικὰ
3241 5153 3476 5223 ζητεῖτε,
3519 5155 3593 5224 μὴ
3626 5154 3695 5208 τὰ
3755 5172 3904 5225 σαρ-

2305 5246 2456 5297 κικά.

2386 5335 2479 5385 (Εἰ
2511 5331 2603 5386 οὖν
2629 5333 2789 5403 ὑμεῖς
2825 5338 3049 5405 πονηροὶ
3074 5337 3248 5399 ὄντες,
3267 5338 3442 5390 οἰδα-τε
3469 5338 3678 5406 δόματα
3709 5339 3905 5405 ἀγαθὰ

2303 5423 2500 5478 διδόναι
2554 5428 2667 5487 τοῖς
2704 5427 2914 5490 τέκνοις
2938 5429 3116 5497 ὑμῶν,
3150 5430 3300 5499 πόσῳ
3360 5429 3559 5498 μᾶλλον
3614 5432 3641 5483 6
3700 5433 3902 5507 Πατὴρ

2303 5515 2454 5585 ὑμῶν
2485 5519 2512 5568 ὀ
2559 5519 2616 5569 ἐν
2638 5519 2749 5580 τοῖς
2780 5518 3029 5586 οὐρανοῖς
3052 5519 3214 5574 δώσει
3265 5521 3445 5588 ἀγαθὰ
3474 5523 3588 5583 τοῖς
3639 5524 3904 5580 αἰτοῦσιν

2304 5609 2465 5661 αὐτόν
2493 5625 2504 5672 ;
2539 5612 2843 5680 »Πονηροὺς
2861 5613 3117 5683 ὀνομάζει
3148 5619 3272 5678 τοὺς
3298 5615 3638 5685 ἀνθρώπους,
3658 5617 3733 5680 ὡς
3759 5622 3904 5689 πρὶς

2301 5701 2390 5751 τὸν
2443 5701 2576 5752 Θεὸν
2624 5705 2932 5771 συγκρίνων
2967 5708 3187 5771 αὐτοὺς,
3253 5710 3374 5760 επεὶ
3429 5711 3458 5778 ἡ
3517 5712 3676 5776 φύσις
3730 5715 3904 5781 ἡμῶν

2306 5794 2485 5864 ἀγαθή
2518 5797 2684 5861 ἐστιν,
2727 5800 2799 5863 ώς
2835 5801 2969 5854 Θεοῦ
2993 5803 3409 5877 δημιούργημα,
3443 5809 3582 5863 κατά
3615 5810 3670 5863 δὲ
3701 5818 3904 5882 πριλαί-
3937 5859 3939 5862 -

2307 5904 2454 5956 ρεσιν
2487 5893 2921 5962 πονηρευόμεθα.
3937 5905 3939 5934 ¹

3935 6087 3937 6145 l
