4004 6410
101 334 197 403 213

718 336 1168 399 RNARRATIO
1210 336 1291 397 ΙΝ
1324 331 1712 397 EVANGELI

1844 348 1845 351 ‘
1872 328 2382 399 ΜΑΤΤιιι-Ειίξ-
2405 334 2569 394 CAP.
2610 332 2743 395 VII.

3288 328 3395 391 214

162 471 191 506 σ
218 449 417 507 Πάντα
444 416 552 505 οόν
594 450 702 506 ὅσα
747 450 816 507 ἂν
848 449 1039 525 θέλητε
1074 443 1163 506 ῖνά
1205 447 1437 504 ποιῶσιν
1489 445 1620 516 ὑμῖν
1653 442 1703 495 ei

1883 445 2049 503 Vsus.
2096 446 2185 502 l2.
2222 466 2240 500 ι
2286 447 2479 503 Omnia
2529 448 2698 519 igitur
2726 459 3070 517 quaecunque
3118 442 3398 500 volueritis

99 544 397 616 ἂνθρωποι,
429 542 541 599 καὶ
570 542 738 615 ὑμεῖς
767 546 974 599 ποιεῖτε
1008 544 1215 609 αὐτοῖς.
1252 534 1424 605 Οὗτος
1452 540 1563 611 γάρ
1583 539 1699 591 ἐστι

100 640 126 693 6
148 637 308 707 νόμος
342 636 450 689 καὶ
505 637 562 690 oi
598 637 903 709 προφῆται.
957 655 978 690 ι
1024 635 1298 706 Σύντομον
1326 634 1567 688 δείκνυσι
1602 629 1702 699 τὴν

101 733 173 796 εξ
196 729 412 802 ἀρετὴν
444 729 596 784 ὀδόν.
628 730 694 784 0i
723 728 831 803 γὰρ
878 728 1155 801 ἄνθρωποι
1182 730 1397 784 οῐκουεν
1434 725 1703 796 γινώσκο-

104 823 269 895 pnti-
296 822 454 879 δέον.
482 822 556 878 Εἰ
584 823 698 893 γὰρ
721 822 897 887 θέλεις
925 822 1362 892 εὐεργετείσθαι,
1398 819 1710 887 εὐεργέτει..

101 917 158 971 Εἰ
184 914 372 980 θὲλεις
409 912 751 985 ἀγαπᾶσθαι
784 915 937 986 παρὰ
970 914 1074 966 τῶν
1108 913 1343 985 ὲχθρῶν,
1392 910 1581 979 ἀγάπα
1612 907 1705 960 καὶ

104 1006 164 1061 σει
212 1006 347 1070 τοὺς
399 1005 669 1077 ἔχθρούς.
714 1008 828 1061 Καὶ
853 1007 962 1077 γὰρ
996 1008 1023 1060 ὁ
1054 1007 1216 1077 νόμος
1239 1004 1333 1058 τοῦ
1369 1003 1503 1058 Θεοῦ
1532 1003 1629 1056 καὶ
1655 1002 1705 1054 οἱ

104 1096 380 1166 προφῆται
416 1098 618 1150 ἐκεῖνα
661 1096 937 1166 λέγουσιν,
983 1095 1019 1151 ἃ
1050 1098 1144 1150 καὶ
1191 1100 1220 1149 ὀ
1260 1094 1491 1169 φυσικὸς
1541 1093 1704 1161 νόμος

106 1189 228 1258 ἡμῖν
254 1187 653 1244 διατάττεται.

173 1299 194 1332 ι
233 1279 546 1335 εἰσέλθετε
586 1280 677 1334 διὰ
708 1283 808 1349 τῆς
832 1281 1025 1348 στενῆς
1063 1278 1260 1349 πύλης,
1295 1278 1377 1331 ὅτι
1412 1276 1645 1330 πλατεῖα
1674 1276 1707 1345 ἡ

107 1373 265 1445 πύλη,
297 1374 399 1427 καὶ
435 1372 761 1445 εὐρύχωρος
794 1375 827 1443 ἠ
881 1373 995 1436 ὁδὸς
1046 1374 1079 1443 ή
1135 1373 1429 1439 ἀπάγουσα
1472 1372 1551 1431 εἰς
1610 1368 1710 1438 τὴν

108 1466 415 1527 ἀπώλειαν,
445 1466 548 1517 καὶ
581 1464 768 1517 πολλοί
798 1466 939 1517 εἰσιν
979 1466 1027 1517 οί
1080 1463 1459 1535 εἰσερχόμενοι
1509 1460 1578 1514 δι’
1606 1461 1707 1513 αύ-

108 1558 219 1625 τῆς.
271 1576 293 1609 ι
321 1556 541 1628 Στενὴν
590 1556 772 1627 πύλην
811 1556 961 1623 λέγει
1012 1556 1136 1619 τοὺς
1169 1556 1536 1625 πειρασμοὺς,
1582 1552 1712 1616 τούς

108 1666 161 1702 τε
209 1650 538 1715 ἑκουσίους,
582 1644 695 1703 οἷον
738 1650 992 1721 νηστείαν
1045 1648 1139 1702 καὶ
1194 1648 1378 1709 τᾶλλα,
1431 1648 1526 1700 καὶ
1586 1649 1713 1708 τοὺς

110 1742 425 1808 ἀκουσίους,
452 1738 573 1795 οἷον
597 1743 793 1812 δεσμὰ,
832 1740 1126 1809 διωγμούς.
1157 1742 1372 1812 Ὥσπερ
1400 1738 1494 1794 οὖν
1550 1739 1715 1791 πολύ-

110 1850 313 1905 σαρκος
359 1833 688 1905 ἄνθρωπος,
728 1835 762 1905 ἢ
812 1834 985 1886 πολλὰ
1021 1833 1330 1901 βαστάζων,
1393 1833 1453 1885 ού
1488 1833 1715 1885 δύναται

109 1924 189 1978 διὰ
225 1927 343 1996 τῆς.
402 1928 607 1995 στενῆς
637 1926 924 1990 εἰσελθεῖν,
962 1927 1134 1989 οὕτως
1184 1926 1306 1979 οὐδὲ
1358 1926 1635 1996 τρυφηλὺς
1681 1926 1714 1995 ἢ

112 2017 397 2081 πλούσιοςο
422 2016 518 2070 διὰ
555 2016 612 2069 δὲ
642 2016 742 2084 τῆς
774 2016 1046 2078 πλατείας.
1070 2018 1117 2068 οἱ
1154 2015 1390 2067 τοιοῦτοι
1441 2014 1716 2083 εἰσέρχονι

110 2130 217 2168 ται.
251 2109 546 2165 Δεικνύων
578 2109 634 2163 δὲ
663 2110 747 2163 ὃτι
794 2108 889 2162 καὶ
924 2110 955 2179 ἡ
993 2107 1329 2178 στενοχωρία
1376 2105 1719 2177 πρόσκαιρός

113 2205 248 2268 ἑστι,
274 2203 376 2258 καὶ
400 2205 438 2274 ἡ
472 2201 757 2271 πλατύτης
785 2200 1079 2271 παροδικὴ,
1114 2200 1291 2271 πύλην
1316 2202 1410 2252 καὶ
1444 2200 1564 2252 ὁδὸν
1590 2199 1719 2251 ἐκά-

114 2295 264 2349 λεσεο
292 2297 399 2367 τήν
422 2311 487 2348 τε
510 2296 622 2364 γὰρ
647 2294 844 2364 πύλην,
870 2296 985 2365 ἤτοι
1026 2296 1125 2363 τὴν
1157 2292 1553 2354 κακοπάθειαν,
1580 2309 1720 2359 παρ·

123 2391 344 2460 έρχεται
374 2391 405 2443 ὁ
446 2387 807 2455 κακοπαθῶν,
854 2390 947 2440 καὶ
976 2388 1077 2458 τὴν
1115 2387 1331 2458 τρυφὴν
1376 2387 1432 2440 δὲ
1490 2387 1564 2447 ὡς
1603 2386 1721 2438 ὁδὸν

119 2480 414 2553 παροδεύει
447 2482 479 2533 ὁ
500 2480 755 2551 τρυφῶν·
791 2480 915 2533 ἐπεὶ
941 2476 1034 2533 οὖν
1062 2481 1351 2550 ἀμφότερα
1378 2480 1720 2548 πρόσκαιρα,

118 2575 174 2628 τὸ
210 2578 479 2646 κρεῖττον
515 2574 786 2645 αἱρετέον.

246 2668 320 2723 Τί
356 2670 528 2739 στενὴ
559 2671 593 2739 ὴ
624 2669 790 2739 πύλη,
815 2670 910 2723 καὶ
934 2667 1267 2738 τεθλιμμένη
1306 2669 1339 2736 ἡ
1372 2668 1488 2731 ὁδὸς
1519 2670 1551 2736 ή
1582 2668 1723 2721 ἀπά-

122 2779 291 2830 γουσα
327 2765 409 2828 είς
442 2762 546 2834 τὴν
576 2762 755 2833 ζωὴν,
791 2762 887 2816 καὶ
913 2762 1083 2830 ὀλίγοι
1113 2762 1253 2815 εἰσὶν
1288 2762 1334 2814 oi
1370 2761 1721 2830 εὑρίσκοντες

122 2855 328 2925 αξιτὴνί
382 2875 401 2907 ι
441 2854 836 2923 Θαυμαστικόν
891 2856 1006 2906 ἐστι
1040 2854 1099 2905 τὸ
1126 2855 1211 2905 Τί.
1273 2853 1557 2921 Θαυμάζει
1592 2852 1721 2923 γὰρ,

128 2948 310 3016 βαϐαὶ,
370 2948 545 3000 πόσον
604 2948 721 3001 ἐστὶ
778 2948 975 3016 στενήι
1035 2946 1166 3010 Πῶς
1197 2942 1292 2999 οὖν
1349 2944 1584 3015 ἀλλαχοῦ
1640 2946 1724 2999 λέ-

128 3058 231 3109 γει·
264 3042 330 3095 Ὀ
358 3042 529 3109 ζυγός
562 3058 665 3111 μου
698 3040 969 3111 ὲλαφρός;
996 3039 1095 3094 Διὰ
1123 3040 1218 3105 τὰς
1245 3038 1546 3110 μελλούσας
1572 3040 1724 3092 ἀντι-

129 3135 325 3198 δόσεις.

199 3248 219 3279 ι
256 3225 580 3298 Προσέχετε
612 3224 670 3277 δὲ
700 3223 808 3278 ἀπὸ
838 3222 947 3276 τῶν
997 3223 1483 3295 ψευδοπροφητῶν,
1526 3223 1727 3286 οἵτινες

131 3321 382 3389 ἔρχονται
418 3320 561 3389 πρὸς
602 3318 745 3387 ὑμᾶς
772 3319 830 3370 ὲν
878 3316 1142 3387 ἐνδύμασι
1169 3315 1487 3387 προεάτων,
1524 3314 1728 3370 ἔσωθεν

131 3414 186 3466 δέ
225 3416 337 3469 είσι
386 3413 551 3466 λύκοι
593 3412 882 3481 ἅρπαγες*
927 3409 1036 3465 ἀπὸ
1087 3410 1195 3464 τῶν
1256 3410 1492 3480 καρπῶν
1547 3411 1728 3462 αὐτῶν

132 3506 512 3575 ἐπιγνώσεσθε
544 3504 799 3570 αὐτούς.»
828 3504 1131 3575 Πανοῦργοί
1155 3506 1261 3558 εἰσι
1285 3506 1379 3557 καὶ
1404 3502 1653 3556 ὲπιοέται
1680 3504 1729 3556 οἱ

133 3600 426 3669 αἱρετικοὶ,
456 3599 550 3653 διὰ
582 3597 742 3651 τοῦτο
765 3598 935 3666 λέγει,
962 3598 1289 3666 Προσέχετε.
1318 3596 1636 3666 Χρηστολογ
1649 3597 1731 3649 ίαν

134 3691 228 3760 μὲν
252 3693 369 3762 γὰρ
404 3690 831 3764 προϐάλλονται,
873 3691 968 3743 καὶ
1005 3690 1117 3761 βίον
1180 3690 1573 3760 ὑποκρίνονται
1637 3707 1731 3743 σε·

135 3786 284 3857 μνὺν,
316 3786 442 3840 ἀλλ’
504 3784 710 3838 ἔσωθεν
756 3788 874 3838 ἐστι
920 3784 982 3837 τὸ
1016 3784 1334 3853 ἄγκιστρον.
1369 3782 1615 3853 Ἔνδυμα
1675 3784 1732 3837 δὲ

134 3880 444 3952 προϐάτου,
528 3877 625 3931 καὶ
678 3878 712 3946 ὴ
777 3877 1043 3948 πραότης,
1097 3872 1243 3951 ᾗτινι
1296 3878 1534 3948 χρῶνταί
1592 3895 1735 3943 τινες

136 3970 617 4043 σχηματιζόμενα
677 3967 769 4022 διὰ
817 3968 880 4021 τὸ
942 3967 1261 4022 κολακεύειν
1292 3971 1388 4023 καὶ
1429 3970 1733 4041 ὲξαπατᾷν.

144 4064 275 4119 ’Δτοδ
304 4064 368 4118 δὲ
389 4061 490 4115 τοῦ
524 4059 745 4130 καρποῦ
784 4060 1168 4130 γνωρίζονται,
1206 4061 1481 4127 τουτέστι,
1508 4062 1617 4114 τῶν
1642 4061 1735 4133 ἔρ-

133 4176 241 4226 γων
269 4158 376 4211 καὶ
396 4154 497 4209 τοῦ
533 4152 672 4222 βίου.
709 4152 831 4206 Κᾶν
862 4154 972 4225 γὰρ
999 4154 1404 4224 ύποκρίνωνται
1439 4154 1576 4225 πρὸς
1612 4171 1735 4209 και-

137 4250 242 4320 ρὸν,
277 4247 429 4303 ἀλλὰ
456 4248 574 4308 τοῖς
608 4243 1338 4316 προσέχουσινιὲλὲγχονται.

206 4343 415 4413 ιΜήτι
478 4337 837 4405 συλλέγουσιν
902 4337 1012 4391 ἀπὸ
1043 4336 1297 4393 ἀκανθῶν
1344 4337 1645 4410 σταφυλὴν,
1703 4338 1736 4408 ἢ

134 4438 236 4491 ἀπὸ
257 4433 547 4506 τριϐόλων
572 4432 751 4499 uitta;
783 4431 939 4485 οὕτω
967 4433 1075 4485 πᾶν
1098 4433 1316 4504 δένδρον
1368 4433 1575 4502 ἀγαθὸν
1602 4451 1737 4503 καρ-

1806 548 1868 596 ut
1911 540 2118 595 faciant
2168 543 2320 596 Vobis
2360 542 2629 607 homines,
2663 549 2717 595 et
2769 553 2866 593 vos
2915 538 3076 593 facite
3122 537 3225 592 eis.
3275 537 3403 593 Haec

1805 637 1950 688 enim
1999 632 2231 696 est'lex,
2266 644 2317 689 et
2351 636 2646 703 prophetat.
2694 653 2711 686 ι
2756 633 2979 689 Brevem
3022 632 3088 686 ad
3144 631 3403 686 virtutem

1808 728 1953 781 viam
1988 728 2248 782 ostendit.
2279 727 2353 781 Ex
2383 728 2543 782 nobis
2576 727 2722 782 enim
2768 730 2972 782 scimus
3000 724 3129 794 quid
3165 723 3309 777 facto
3335 720 3407 776 sit

1809 836 1963 891 opus.
1996 820 2126 876 Nam
2160 821 2203 876 si
2230 821 2310 875 vis
2331 821 2590 876 beneﬁcia
2627 820 2899 890 accipere,
2938 815 3167 872 benefac
3198 835 3209 870 :
3248 814 3291 870 si
3325 815 3409 869 vis

1809 915 1960 985 diligi
1991 916 2060 970 ab
2084 915 2343 979 inimicis,
2386 915 2550 984 dilige
2584 924 2636 969 ιιι
2670 915 2836 968 etiam
2882 911 3155 966 inimicos.
3190 908 3403 963 Etenim

1811 1009 1894 1063 lex
1924 1008 2013 1062 Dei
2038 1018 2089 1063 et
2116 1009 2390 1079 prophetae
2419 1009 2508 1063 illa
2534 1008 2723 1063 dicunt
2754 1026 2765 1061 :
2800 1021 2919 1075 quae
2950 1014 3004 1059 et
3038 1002 3303 1057 naturalis
3322 1001 3407 1055 lex
3440 1020 3450 1026 -

1810 1115 2069 1172 prorupit.

1887 1288 2051 1343 Vens.
2090 1288 2179 1342 15.
2212 1306 2229 1339 ι
2294 1288 2514 1341 lutroite
2547 1300 2643 1355 per
2672 1292 2965 1354 augustam
3012 1288 3251 1349 portam,
3284 1276 3410 1346 quia

1815 1384 1920 1437 lata
1952 1392 2031 1436 cst
2057 1392 2207 1452 porta
2233 1390 2286 1438 et
2309 1383 2549 1449 spatiosa
2600 1381 2684 1433 via
2711 1394 2834 1448 quae
2852 1377 2999 1431 ducit
3019 1374 3083 1429 ad
3107 1373 3411 1433 interitum,

1816 1487 1869 1530 et
1903 1477 2052 1530 multi
2080 1485 2208 1530 sunt
2238 1476 2328 1544 qui
2353 1475 2735 1542 ingrediuntur
2765 1488 2860 1540 per
2875 1485 3015 1524 eam.
3060 1487 3077 1519 ι
3106 1468 3405 1535 Angustam

1820 1581 2031 1638 portam
2089 1579 2245 1623 vocat
2279 1568 2626 1629 tentationes,
2683 1576 2795 1620 tum
2830 1561 3192 1622 voluntarias,
3245 1558 3413 1613 velmi

1813 1662 2077 1731 jejunium
2113 1671 2166 1715 et
2202 1660 2304 1715 alia
2341 1677 2354 1716 :
2411 1671 2520 1714 tttnt
2555 1668 2753 1729 praeter
2790 1666 3041 1711 nostram
3080 1654 3415 1708 voluntatem

1820 1754 2161 1818 evenientcs,
2210 1762 2269 1806 ut
2300 1751 2536 1815 vincula,
2576 1748 3007 1820 persecutiones.
3047 1742 3417 1811 Quemadmo-

1822 1849 1946 1900 dum
1978 1859 2157 1899 autem
2187 1846 2590 1914 corpulentum,
2624 1843 2709 1897 vel
2740 1842 2973 1897 sarcinis
3001 1846 3283 1900 onustum,
3320 1849 3420 1904 per

1821 1945 2111 2005 anigustam
2157 1933 2364 2000 ingredi
2422 1934 2610 2004 nequit
2645 1951 2659 1987 :
2700 1934 2773 1987 ita
2822 1946 3000 1999 neque
3034 1928 3300 1982 delicatus
3332 1925 3417 1980 vel

1823 2029 1995 2090 dives,
2052 2043 2147 2096 per
2207 2028 2368 2081 latam
2419 2037 2603 2080 autem
2658 2024 2794 2080 tales
2854 2025 3082 2077 vadunt.
3141 2018 3417 2073 Caeterum

1822 2121 2119 2175 ostendens
2146 2124 2287 2191 quod
2316 2128 2371 2175 et
2411 2119 2659 2189 angustia
2695 2115 3029 2185 temporaria
3070 2114 3163 2175 sit,
3213 2120 3265 2167 et
3294 2109 3421 2165 lati-

1824 2212 1954 2266 tudo
1990 2212 2331 2273 transitoria,
2361 2221 2574 2280 portam
2618 2219 2671 2265 et
2715 2210 2855 2261 viam
2885 2203 3123 2261 vocavit.
3148 2202 3255 2258 Per
3288 2200 3425 2255 allii-

1824 2306 2059 2361 ctionem
2092 2306 2236 2360 enim
2263 2306 2355 2376 qui
2376 2303 2651 2375 afﬂigitur,
2681 2303 2837 2372 quasi
2860 2316 2953 2371 per
2973 2311 3184 2369 portam
3207 2295 3424 2358 transit,

1824 2408 1877 2453 ct
1910 2397 2172 2451 delicatus
2202 2411 2296 2464 per
2331 2395 2558 2450 delicias
2584 2394 2739 2464 quasi
2775 2407 2871 2461 per
2904 2393 3048 2447 viam
3084 2391 3420 2460 ingreditur:

1826 2499 1880 2545 et
1912 2490 2037 2558 quia
2069 2501 2299 2558 utraque
2333 2486 2692 2558 temporaria,
2720 2484 2954 2553 eligatur
2979 2497 3101 2553 quze
3137 2480 3349 2535 melior.

1902 2669 2065 2723 Vens.
2123 2668 2209 2722 14.
2244 2686 2261 2719 ι
2309 2666 2481 2734 Quam
2525 2676 2752 2734 augusta
2819 2673 2903 2719 est
2942 2672 3094 2733 porta
3130 2670 3184 2714 et
3238 2658 3425 2714 stricta

1831 2763 1915 2816 via
1957 2776 2077 2829 qttte
2110 2760 2261 2815 ducit
2308 2759 2373 2813 ad
2424 2759 2612 2821 vitam,
2648 2766 2701 2810 et
2732 2756 2889 2825 pauci
2922 2765 3049 2809 sunt
3080 2752 3425 2807 invenientes

1830 2853 1981 2907 eam!
2046 2870 2064 2903 ι
2138 2849 2475 2905 Admirativa
2521 2848 2692 2903 dictio
2724 2857 2831 2911 est,
2881 2841 3057 2913 Quid?
3105 2843 3430 2899 Admiratur

1831 2944 1999 3011 enim,
2042 2958 2214 3012 papae,
2250 2948 2412 3011 quam
2468 2940 2733 3012 angusta!
2785 2938 3071 3007 Quomodo
3104 2936 3271 3008 igitur
3301 2935 3428 2991 alibi

1833 3038 1988 3105 dicit,
2027 3035 2177 3094 Onus
2215 3051 2397 3092 meum
2449 3035 2604 3090 leve?
2649 3043 2872 3105 propter
2923 3032 3138 3087 futuras
3195 3028 3435 3083 rctribu»

1753 3155 1797 3213 ρ
1833 3131 2024 3185 tiones.

1906 3223 2072 3279 Vens.
2098 3222 2185 3284 15,
2219 3221 2305 3276 16.
2348 3240 2368 3272 ι
2400 3220 2676 3274 Attendite
2699 3228 2881 3275 autem
2905 3234 2935 3273 a
2954 3217 3103 3272 falsis
3128 3215 3428 3286 prophetis,

1833 3316 1925 3386 qui
1948 3316 2258 3368 veniuntad
2284 3328 2380 3368 vos
2408 3313 2461 3366 in
2501 3310 2845 3366 vestimentis
2868 3309 3074 3373 ovium,
3110 3310 3204 3362 sed
3238 3305 3436 3359 intrin—

1836 3425 1996 3465 secus
2037 3419 2164 3463 sunt
2201 3407 2312 3477 lupi
2362 3420 2612 3476 rapaces,
2645 3421 2673 3459 ιι
2710 3403 2978 3459 fructibus
3013 3417 3201 3457 eorum
3236 3414 3439 3470 cogno-

1836 3502 2003 3557 scetis
2028 3515 2139 3557 eos.
2178 3519 2197 3551 ι
2238 3497 2384 3553 Vafri
2409 3506 2537 3553 sunt
2563 3507 2616 3551 ct
2649 3497 2976 3564 impostores
3005 3492 3268 3557 haeretici,
3310 3506 3439 3561 pro-

1838 3607 2026 3666 pterea
2079 3594 2232 3660 dicit,
2271 3593 2557 3657 attendite,
2603 3593 2705 3645 hoc
2745 3598 2850 3655 est,
2894 3596 3105 3642 cavete.
3159 3584 3437 3640 Blandilo-

1837 3688 2113 3757 quentiam
2146 3686 2295 3742 enim
2335 3692 2663 3754 prietexunt,
2714 3691 2770 3736 et
2801 3682 2967 3736 vitam
3014 3678 3278 3735 simulant
3309 3692 3437 3732 san-

1840 3790 2005 3847 ctam,
2067 3779 2161 3835 sed
2209 3778 2538 3833 intrinsecus
2592 3776 2723 3831 latet
2778 3776 2995 3830 bamus.
3056 3772 3437 3827 Indumentum

1840 3885 2021 3928 autem
2054 3874 2172 3928 ovis
2195 3883 2279 3927 est
2312 3880 2365 3926 et
2390 3871 2775 3937 mansuetudo,
2806 3884 2971 3937 quam
3014 3878 3281 3937 usurpant
3308 3865 3437 3919 dum

1840 3964 2135 4019 adulantur
2155 3974 2209 4017 et
2229 3962 2525 4030 decipiunt.
2546 3965 2587 4015 A
2607 3961 2786 4016 fructu
2809 3970 2987 4015 autem
3010 3968 3442 4028 cognoscuntur,

1842 4056 1945 4110 boc
1976 4065 2082 4118 est,
2122 4054 2187 4108 ab
2220 4054 2477 4121 operibus
2499 4062 2554 4108 et
2586 4054 2717 4108 vita.
2762 4051 2899 4106 Nam
2942 4052 3072 4105 licet
3112 4050 3179 4106 ad
3231 4061 3443 4119 tempus

1843 4146 2123 4208 simulent,
2152 4144 2249 4200 sed
2272 4146 2577 4214 produntur
2609 4157 2866 4199 successu
2894 4142 3177 4211 temporis.

1918 4329 2087 4386 Vens.
2125 4330 2211 4396 16,
2242 4330 2330 4383 17.
2361 4348 2378 4379 ι
2415 4328 2667 4397 Nunquid
2694 4326 2958 4396 colligunt
2989 4339 3017 4377 a
3055 4323 3228 4394 spinis
3259 4338 3441 4384 uvam,

1846 4426 1986 4480 vela
2027 4424 2242 4479 tribulis
2283 4423 2457 4477 licus?
2504 4421 2593 4476 Sic
2619 4420 2797 4476 omnis
2844 4418 3007 4473 arbor
3044 4419 3183 4472 bona
3233 4416 3443 4471 fructus

137 4526 264 4590 ποὺς
301 4500 525 4583 aulai);
571 4524 757 4575 ποιεῖ·
805 4520 865 4574 τὸ
890 4520 947 4573 δὲ
970 4522 1181 4592 σαπρὸν
1210 4500 1431 4593 δένδρον
1483 4500 1724 4592 καρπούς

1848 4519 2017 4573 bonos
2074 4517 2251 4572 facit:
2317 4516 2480 4571 arbor
2534 4526 2714 4569 autem
2772 4515 2945 4585 putris
2998 4512 3209 4571 fructus
3270 4513 3444 4568 malos

139 4618 415 4688 πηνηροὺς
465 4616 635 4667 ποιεῖ.
677 4632 695 4665 ι
734 4612 1002 4668 Ἀκανθαι
1067 4614 1163 4668 καὶ
1223 4614 1461 4686 τρίὸολοί
1511 4616 1651 4671 εἰσιν
1682 4618 1735 4670 οι

139 4706 439 4781 ὑποκριταί
464 4722 479 4737 ο
522 4704 780 4770 ἄκανθαι,
818 4704 893 4770 ὡς
923 4706 1251 4778 πλήττοντες
1280 4706 1577 4780 λαθραίως,
1620 4709 1741 4779 τρί-

138 4800 277 4856 θολοι
322 4801 411 4864 δὲ,
456 4797 539 4861 ὡς
599 4795 901 4867 πανοῦργοι
956 4799 1052 4851 καὶ
1110 4799 1468 4871 πολύτροποι.
1525 4800 1741 4872 Σαπρὺν

136 4894 188 4946 δὶ
213 4894 477 4964 δένδρον,
533 4889 645 4953 πᾶς
668 4887 729 4943 δν
780 4889 946 4960 σήπει
985 4892 1014 4944 ὁ
1048 4891 1214 4961 ὑγρὸς
1255 4895 1350 4946 καὶ
1380 4890 1743 4963 ἐκλελυμένος

141 4983 270 5053 βίος.
810 5042 815 5046 .

208 5095 229 5128 ι
261 5076 344 5132 Οὐ
382 5075 625 5130 δύναται
652 5073 868 5145 δένδρον
906 5075 1109 5143 ἀγαθὸν
1153 5078 1404 5148 καρποὺς
1464 5081 1743 5149 πονηροὺς

141 5172 330 5233 ποιεῖν,
359 5166 492 5221 οὐδὲ
510 5164 730 5236 δένδρον
772 5166 977 5238 σαπρὸν
1002 5170 1249 5240 καρποὺς
1281 5170 1481 5235 καλοὺς
1498 5175 1693 5226 ποιεῖν.
1721 5191 1738 5224 ι

144 5263 280 5327 Ἕως
303 5254 375 5317 οὗ
407 5263 534 5315 ἐστι
567 5260 801 5330 σαπρὸν,
834 5261 895 5313 ού
917 5260 1162 5317 δύναταιο
1192 5263 1287 5318 ἐὰν
1320 5265 1377 5318 δὲ
1401 5264 1743 5337 μεταϐληθῇν

140 5356 384 5413 δύναται.
414 5356 572 5424 Ὅρα
628 5355 758 5424 γὰρ,
813 5355 895 5407 ὃτι
933 5355 1034 5409 οὐκ
1087 5354 1263 5423 εἶπεν,
1294 5357 1375 5411 Οὐ
1427 5359 1742 5429 δυνήσεται,

142 5450 243 5504 ἀλλ’
279 5452 371 5505 ὅτι
404 5450 467 5501 ὲν
505 5448 623 5516 ὅσῳ
655 5448 773 5500 ἐστὶ
814 5448 1045 5518 σαπρὸν,
1078 5450 1221 5505 καλὰ
1258 5452 1319 5506 οὐ
1355 5453 1541 5522 γεννᾷ.

208 5649 227 5683 ι
263 5631 391 5684 Πᾶν
410 5626 644 5696 δένδρον
681 5626 755 5696 μὴ
800 5626 986 5680 ποιοῦν
1016 5629 1229 5698 καρπὸν
1255 5630 1439 5692 καλὸν,
1467 5631 1739 5684 ἐκκόπτε-

143 5735 241 5787 ται,
272 5723 377 5774 χαί
413 5720 501 5781 εἰς
545 5717 659 5788 πῦρ
689 5717 962 5786 βάλλεται.
988 5720 1200 5790 Ἀραγε
1234 5722 1345 5775 ἀπὸ
1380 5721 1487 5775 τῶν
1516 5723 1748 5792 καρπῶν

134 5814 315 5869 ἀὐτῶν
338 5807 986 5881 ἑπιγνῶσεσθταύτούς.
1022 5831 1038 5862 ι
1076 5811 1262 5867 Ταῦτα
1287 5814 1421 5885 πρθις
1462 5814 1749 5882 Ἰουδαίους

1846 4610 1999 4665 facit.
2042 4630 2058 4659 ›
2096 4607 2278 4678 Spinte
2310 4619 2363 4662 et
2399 4608 2583 4662 tribuli
2623 4617 2751 4662 sunt
2784 4606 3102 4678 hypocrita).
3154 4606 3356 4674 Spiua',
3388 4612 3444 4660 ut

1849 4701 2061 4757 occulte
2091 4700 2441 4756 vulnerantes
2476 4718 2487 4755 :
2523 4699 2733 4762 tribuli,
2760 4708 2817 4751 ut
2858 4696 2993 4752 vafri
3047 4708 3101 4751 et
3136 4698 3441 4753 versatiles.

1849 4796 2029 4850 Arbor
2059 4805 2240 4850 autem
2297 4794 2495 4865 putris,
2526 4794 2709 4849 omnis
2747 4792 2838 4862 qui
2873 4792 3018 4846 molli
3082 4800 3137 4847 et
3181 4791 3445 4847 dissoluta

1849 4891 1959 4944 vita
1997 4890 2279 4959 putrescit.

1922 5065 2089 5122 Vens.
2116 5066 2205 5122 18.
2248 5085 2269 5120 ι
2312 5065 2426 5121 Non
2455 5076 2633 5137 potest
2661 5066 2825 5121 arbor
2850 5065 2989 5121 bona
3024 5066 3235 5121 fructus
3276 5065 3446 5119 malos

1809 5198 1822 5213 .
1857 5161 2058 5222 facere,
2101 5175 2279 5231 neque
2328 5162 2491 5215 arbor
2532 5160 2711 5229 putris
2768 5159 2981 5214 fructus
3024 5158 3197 5215 bonos
3228 5157 3336 5228 37
3372 5156 3450 5209 fa-

1852 5269 1994 5310 ecre.
2042 5272 2059 5304 ι
2095 5251 2364 5320 Quamdiu
2396 5263 2478 5306 est
2516 5252 2711 5321 putris,
2748 5266 2857 5305 non
2890 5259 3106 5321 potest;
3146 5248 3235 5303 ubi
3269 5260 3449 5305 autem

1853 5360 2116 5401 conversa
2157 5344 2341 5408 fuerit,
2384 5352 2581 5413 potest.
2607 5339 2743 5397 Vide
2769 5343 2913 5397 enim
2952 5342 3095 5410 quod
3138 5357 3245 5396 non
3294 5341 3449 5406 dixit,

1856 5440 1975 5495 Non
2018 5439 2259 5509 poterit:
2325 5439 2421 5494 sed
2480 5446 2751 5508 quatenus
2796 5446 2882 5491 est
2906 5435 3100 5505 putris,
3149 5435 3288 5490 bona
3344 5450 3449 5490 non

1855 5533 2016 5603 parit.

1932 5624 2098 5679 Vens.
2135 5624 2333 5689 19,20.
2364 5642 2381 5675 ι
2421 5622 2615 5679 Omnis
2642 5623 2807 5678 arbor
2834 5638 2939 5678 non
2974 5621 3184 5679 faciens
3216 5621 3452 5676 fructum

1856 5721 2080 5787 bonum,
2116 5718 2475 5781 exscinditur,
2506 5726 2559 5772 et
2583 5716 2637 5770 in
2672 5716 2849 5787 ignem
2884 5716 3140 5770 mittitur.
3168 5714 3364 5785 Utique
3391 5731 3452 5767 ex

1859 5811 2124 5868 fructibus
2156 5811 2395 5882 ipsorum
2432 5809 2740 5882 agnoscotis
2770 5822 2882 5877 eos,
2920 5828 2937 5861 ι
2966 5807 3061 5864 llis
3089 5807 3303 5864 iud-stus
3336 5822 3429 5875 per
