4004 6408
634 374 745 441 215

1474 384 2055 446 THEOPHYLACTI
2101 386 2510 449 BULGARI/E
2545 391 2902 455 ARCHZEP.

3765 388 3877 451 21‘

636 489 875 557 stringit,
909 505 1029 543 nam
1073 499 1124 544 et
1171 490 1405 548 Joanne;
1438 495 1562 549 talia
1616 496 1695 551 eis
1744 496 1976 553 diccbat.
2014 498 2192 552 Arbor

2310 500 2676 566 ἀποτείνεται,
2734 502 2881 555 καὶὸ
2934 500 3190 569 Ἰωάννης
3240 496 3351 567 γάρ
3411 496 3637 550 τοιαῦτα
3693 496 3894 551 αὐτοῖς

634 589 815 633 autem
870 580 1080 637 confert
1129 583 1419 650 hominem,
1449 600 1513 641 eo
1558 590 1699 656 quod
1733 598 1909 657 potest
1954 605 1982 644 a
2030 591 2202 646 sterili

630 681 855 740 peccato
888 674 941 727 in
976 674 1229 728 virtutem
1263 676 1454 731 inseri.

705 848 869 906 Vens.
903 853 991 908 2|.
1030 871 1048 905 ι
1090 852 1204 909 Non
1240 856 1418 910 omnis
1456 859 1547 925 qui
1584 857 1715 912 dicit
1747 859 1899 924 mihi,
1952 857 2199 924 Domine,

631 941 887 1008 Domine,
943 945 1167 1001 intrabit
1222 948 1277 1002 in
1328 963 1550 1015 regnum
1603 950 1907 1004 caelorum:
1964 951 2056 1005 sed
2104 952 2195 1019 qui

630 1034 757 1089 facit
804 1036 1134 1093 voluntatem
1195 1039 1373 1096 Patris
1426 1042 1551 1108 mei,
1603 1043 1691 1112 qui
1726 1042 1778 1096 in
1836 1042 1993 1098 cmlis
2041 1052 2143 1098 est.
2176 1060 2195 1097 ι

630 1125 744 1180 Hoc
794 1127 915 1183 loco
962 1131 1201 1185 ostendit
1258 1133 1498 1203 seipsum
1578 1132 1885 1199 Dominum,
1942 1136 2196 1201 dicendo,

630 1216 745 1272 Non
785 1220 960 1275 omnis
1010 1222 1103 1291 qui
1142 1222 1272 1276 dicit
1296 1223 1452 1288 mihi,
1492 1224 1734 1287 Domine,
1781 1225 2025 1291 Domine,
2076 1242 2201 1281 nam

626 1309 704 1363 ita
733 1324 790 1366 se
828 1321 880 1365 et
905 1311 1069 1365 Deum
1123 1314 1275 1368 dicit.
1326 1314 1492 1370 Docet
1542 1324 1723 1371 autem
1772 1332 1893 1382 nos,
1940 1318 1986 1373 si
2042 1320 2198 1374 fidem

634 1400 843 1470 absque
872 1402 1127 1470 operibus
1158 1403 1526 1470 habuerimus,
1551 1406 1681 1459 nihil
1709 1408 1865 1462 nobis
1908 1423 2027 1463 cam
2078 1424 2202 1478 pro-

631 1489 888 1547 futuram.
925 1490 1057 1545 Nam
1099 1493 1349 1559 dicendo,
1381 1494 1484 1561 Qui
1521 1495 1649 1551 facit
1706 1499 2055 1565 voluntatem,
2095 1516 2201 1554 non

627 1581 779 1646 dicit,
808 1582 894 1649 qui
920 1583 1085 1636 semel
1110 1583 1366 1651 facit,sed
1400 1588 1488 1655 qui
1515 1590 1769 1658 usquead
1803 1599 2027 1644 mortem
2054 1589 2201 1644 facit.

2302 591 2477 659 ἔλεγε.
2508 591 2720 663 Δένδρῳ
2752 592 2809 645 δὲ
2839 589 3126 654 ἀπεικάζει
3156 588 3247 641 τὸν
3287 587 3594 659 ἄνθρωπον,
3630 586 3765 641 διότι
3791 588 3893 642 δύ·

2303 704 2460 740 ναται
2516 684 2968 756 ὲγκεντρισθῆναι
2998 684 3106 737 ἀπὸ
3144 683 3244 753 τῆς
3296 682 3552 753 ἀκάρπου
3602 682 3895 753 ἁμαρτίας

2303 779 2383 840 εἰς
2418 778 2643 849 ἀρετήν.

2378 887 2397 920 ι
2437 869 2511 921 Ού
2530 870 2636 933 πᾶς
2660 869 2688 921 6
2707 867 2882 936 λέγων
2909 884 3020 938 μοι,
3052 864 3245 936 Κύριε,
3273 864 3477 936 Κύριε,
3510 864 3896 918 εἰσελεύσεται

2305 964 2383 1025 εἰς
2408 961 2505 1032 τὴν
2536 960 2812 1030 βασιλείαν
2841 961 2952 1014 τῶν
2981 960 3249 1031 οὐρανῶν,
3288 958 3405 1012 ἀλλ’
3440 961 3467 1011 6
3501 957 3667 1012 ποιῶν
3698 958 3758 1010 τὸ
3796 958 3892 1010 θέ-

2304 1054 2451 1123 λημα
2477 1053 2575 1106 τοῦ
2611 1052 2824 1123 Πατρός
2868 1071 2968 1123 μου
2996 1052 3091 1106 τοῦ
3128 1055 3185 1107 ὲν
3224 1052 3499 1123 οὐρανοῖς.
3542 1070 3559 1103 ι
3613 1050 3895 1103 Ἐνταῦθα

2304 1145 2669 1198 ἐπιδείκνυσιν
2689 1145 2878 1197 ἑαυτὸν
2914 1144 3137 1215 Κύριον,
3171 1146 3227 1198 ὲν
3250 1143 3325 1213 τῷ
3360 1145 3553 1196 εἰπεῖν·
3598 1143 3672 1195 Οὐ
3704 1143 3818 1203 πᾶς
3864 1143 3895 1196 6

2304 1236 2476 1301 λέγων
2526 1253 2637 1305 μοι,
2686 1235 2881 1307 Κύριε,
2929 1236 3126 1307 Κύριε,
3156 1235 3297 1289 ὥστε
3324 1235 3460 1288 Θεὸν
3494 1234 3686 1287 ἑαυτὸν
3706 1233 3892 1301 λέγει.

2303 1327 2543 1381 διδάσκει
2565 1328 2619 1379 δὲ
2652 1328 2800 1396 ἡμᾶς
2860 1329 2963 1391 ὅτι,
2990 1329 3084 1381 ἐὰν
3123 1329 3307 1381 πίστιν
3337 1329 3508 1398 χωρὶς
3539 1325 3718 1397 ἔργων
3742 1324 3897 1395 ἐχω-

2307 1436 2427 1486 μεν,
2460 1419 2614 1473 οὐδὲν
2662 1421 2725 1471 ὲκ
2752 1419 2947 1473 τούτου
2970 1419 3327 1489 ὠφελούμεθα
3363 1433 3377 1448 °
3410 1420 3438 1472 6
3474 1418 3585 1489 γάρ
3613 1417 3786 1472 ποιῶν
3831 1418 3898 1469 τὸ

2306 1512 2651 1583 θέλημα,οὖκ
2676 1507 2826 1565 εἶπεν
2864 1514 2890 1565 6
2958 1511 3106 1577 ἀπαξ
3138 1514 3391 1582 ποιήσας,
3422 1511 3535 1564 ἀλλ’
3566 1514 3591 1564 6
3626 1512 3751 1581 ἄχρι
3783 1510 3897 1562 θα-

2306 1605 2464 1658 νάτου
2492 1606 2679 1659 ποιῶν.
2713 1605 2819 1658 Kal
2842 1606 2942 1658 οὐκ
2976 1599 3123 1668 εἰπε,
3170 1605 3229 1657 τὸ
3262 1604 3475 1674 θέλημά
3514 1622 3641 1673 μου,
3675 1604 3761 1656 ἵνα
3813 1603 3896 1671 μὴ

626 1668 693 1721 Ει
728 1682 831 1723 non
855 1670 1009 1735 dixit,
1035 1673 1379 1730 Voluntatem
1404 1692 1601 1741 meam,
1634 1694 1699 1733 ne
1722 1678 2018 1735 offenderet
2041 1684 2192 1737 audi-

2310 1696 2635 1767 σκανδαλίσῃ
2668 1698 2790 1759 τοὺς
2822 1696 3137 1759 ἀκούοντας,
3164 1694 3323 1758 ἀλλὰ,
3368 1695 3465 1747 τοῦ
3512 1695 3724 1764 Πατρός
3754 1710 3893 1763 μου·

627 1771 792 1824 tores,
813 1759 1117 1825 sed,Patris
1135 1764 1259 1819 mei.
1292 1763 1521 1820 Omnino
1555 1778 1733 1823 autem
1766 1786 1869 1824 una
1900 1773 2192 1842 eademque

2307 1792 2521 1851 πάντως
2552 1789 2606 1842 δὲ
2629 1789 2685 1841 ἒν
2711 1789 2922 1859 θέλημα
2954 1788 3164 1858 πατρὸς
3191 1786 3287 1840 καὶ
3312 1785 3453 1851 υἰοῦ,
3480 1788 3575 1839 ἐὰν
3606 1787 3705 1839 οὐκ
3736 1784 3897 1838 ἐστιν

627 1852 874 1907 voluntas
904 1864 986 1908 est
1014 1856 1180 1923 patris
1206 1868 1258 1912 ct
1288 1858 1404 1923 filii,
1443 1860 1549 1914 nisi
1594 1863 1827 1932 degener
1862 1865 1932 1918 sit
1969 1865 2127 1920 ﬁlius.

701 1942 1108 2010 Vens.22,23.t
1129 1948 1277 2003 Multi
1297 1951 1471 2005 dicent
1493 1954 1621 2007 mihi
1644 1956 1693 2008 in
1711 1957 1794 2010 die
1819 1956 1903 2011 illa
1922 1974 1935 2009 :
1955 1956 2199 2024 Domine,

628 2034 874 2101 Domine,
894 2054 1069 2095 nonne
1105 2041 1155 2095 in
1180 2044 1395 2097 nomine
1441 2054 1529 2099 tuo
1572 2048 2030 2114 prophetavimus,
2065 2061 2116 2104 et
2150 2052 2200 2105 in

630 2129 842 2182 nomine
867 2138 955 2182 tuo
985 2130 1243 2186 dazmonia
1272 2134 1552 2201 cjecimus,
1577 2146 1629 2191 et
1650 2139 1700 2190 in
1727 2141 1943 2193 nomine
1972 2150 2062 2196 luo
2089 2143 2201 2194 vir-

627 2227 769 2275 tt‘tes
798 2222 989 2277 multas
1023 2222 1279 2279 fecimus?
1313 2228 1373 2280 Et
1402 2236 1526 2283 tunc
1558 2231 1855 2287 confitebor
1889 2236 1967 2289 eis
2001 2254 2013 2289 :
2051 2236 2200 2291 Nun-

627 2327 790 2379 quam
832 2317 1050 2383 cognovi
1098 2332 1213 2383 vos,
1248 2320 1557 2377 disceditea
1584 2340 1693 2388 me,
1735 2329 1968 2394 operarii
2007 2329 2202 2398 iniqui-

629 2404 776 2457 tatis.
812 2423 830 2456 ι
867 2404 1012 2461 Multi
1047 2423 1169 2463 cum
1202 2412 1497 2479 pradicare
1532 2416 1880 2485 incipiebant.
1911 2419 2195 2488 ejiciebant

624 2496 889 2552 daemonia
931 2510 1031 2555 :et
1076 2504 1324 2570 quamvis
1379 2506 1581 2576 indigni
1636 2519 1839 2575 essent,
1874 2526 1970 2581 per
2006 2529 2196 2569 nomen

624 2585 752 2639 Jesu
786 2588 1043 2660 fugabant
1074 2593 1363 2650 daemones.
1399 2595 1529 2651 Nam
1578 2602 1749 2668 gratia
1786 2603 1948 2655 etiam
1987 2619 2083 2673 per
2117 2606 2201 2660 in-

626 2679 817 2749 dignos
865 2682 1049 2737 efficax
1082 2695 1184 2749 est,
1236 2691 1377 2741 sicut
1435 2704 1530 2756 per
1584 2691 1830 2763 indignos
1888 2699 2200 2757 sacerdotes

626 2774 1037 2830 sanctificamur
1065 2796 1078 2830 :
1108 2788 1159 2831 ct
1188 2778 1356 2834 Judas
1391 2796 1604 2851 quoque
1646 2785 1798 2853 signa
1838 2786 1986 2852 fecit,
2016 2800 2069 2843 et
2107 2790 2197 2843 filii

629 2862 835 2921 Scevae.
869 2867 1018 2934 Quod
1054 2878 1231 2925 autem
1270 2872 1431 2937 dicit,
1466 2872 1750 2944 Nunquam
1802 2882 2039 2949 cognovi
2080 2898 2196 2948 vos,

630 2956 736 3011 hoc
770 2958 904 3024 vult,
942 2958 1125 3030 Neque
1160 2972 1307 3029 tunc,
1341 2967 1557 3033 quando
1598 2968 1857 3023 miracula
1894 2973 2195 3040 faciebatis,

625 3048 909 3116 diligebam
959 3066 1070 3106 vos.
1132 3051 1241 3108 Hoc
1299 3057 1442 3109 enim
1491 3056 1609 3113 loco
1673 3060 1905 3127 caritas,
1961 3066 2195 3135 cognitio

626 3139 841 3193 dicitur.

696 3234 861 3292 Vens.
896 3236 989 3301 24,
1018 3235 1110 3291 25.
1145 3258 1163 3289 ι
1199 3236 1386 3295 Omnis
1436 3241 1595 3312 igitur
1642 3244 1733 3313 qui
1780 3247 1929 3301 audit
1985 3264 2049 3303 ex
2104 3266 2191 3306 me

624 3340 904 3383 sermones
951 3329 1051 3383 hos
1110 3340 1165 3384 et
1218 3329 1349 3385 facit
1394 3347 1507 3395 eos,
1558 3336 1872 3392 assimilabo
1913 3353 2031 3391 eum
2077 3341 2192 3395 viro

624 3418 896 3485 prudenti,
922 3420 1011 3487 qui
1034 3420 1321 3476 aediﬁcavit
1350 3424 1566 3477 domum
1596 3441 1748 3480 suam
1779 3443 1941 3497 super
1962 3438 2189 3500 petram,

628 3517 682 3561 ct
704 3508 980 3565 descendit
1010 3512 1213 3581 pluvia,
1240 3522 1298 3567 et
1334 3525 1596 3570 venerunt
1625 3516 1865 3585 ﬂumina,
1916 3531 1970 3576 et
2026 3522 2191 3578 ﬂave-

624 3610 751 3653 runt
779 3605 924 3657 venti
958 3612 1012 3658 et
1056 3604 1326 3659 irruerunt
1356 3606 1407 3659 in
1440 3608 1656 3663 domum
1695 3611 1857 3676 illam,
1890 3625 1944 3669 et
1977 3632 2081 3669 non
2100 3631 2189 3671 ce-

624 3693 756 3747 cidit
792 3714 805 3749 :
840 3694 1055 3750 fundata
1104 3697 1246 3751 enim
1295 3706 1413 3752 erat
1455 3714 1612 3771 supra
1666 3715 1891 3773 petram.
1928 3727 1945 3759 ι
1974 3709 2193 3779 Absque

629 3783 742 3840 Deo
760 3787 930 3842 virtus
954 3790 1135 3857 perfici
1165 3789 1382 3860 nequit;
1413 3791 1635 3860 idcirco,
1660 3798 1851 3867 inquit,
1874 3800 2193 3855 assimilabo

623 3889 746 3930 eum
790 3878 911 3935 viro
958 3885 1235 3954 prudenti.
1270 3886 1432 3941 Petra
1463 3898 1642 3942 autem
1677 3900 1762 3944 est
1794 3890 2059 3959 Christus,
2082 3895 2193 3948 do-

623 3981 747 4021 mus
809 3978 987 4024 autem
1054 3974 1254 4030 anima.
1345 3977 1683 4050 Quicumque
1742 3981 1903 4051 igitur
1956 3985 2192 4039 animam

624 4073 776 4112 suam
808 4062 1117 4128 aedificabit,
1153 4070 1430 4135 operando
1483 4071 1736 4125 mandata
1786 4070 2011 4139 Christi,
2043 4076 2190 4131 illum

621 4164 795 4220 neque
824 4154 999 4220 pluvia
1020 4194 1035 4220 ,
1068 4156 1119 4211 id
1149 4166 1232 4212 est
1266 4160 1537 4226 diabolus,
1565 4166 1655 4232 qui
1683 4163 1747 4217 de
1774 4164 1911 4219 cmlo
1940 4165 2144 4223 decidit
2171 4185 2183 4221 :

621 4257 799 4309 neque
820 4242 1062 4311 ﬂumina,
1086 4247 1333 4305 homines
1354 4252 1561 4307 scilicet
1588 4253 1864 4320 ludentes,
1885 4256 1976 4325 qui
1998 4258 2065 4313 ab
2091 4260 2192 4315 hac

618 4334 798 4403 pluvia
824 4336 1246 4406 multiplicantur
1271 4359 1285 4397 :
1314 4357 1491 4411 neque
1524 4346 1691 4411 venti,
1722 4345 1823 4400 hoc
1854 4356 1937 4401 est
1966 4349 2192 4415 spiritus

621 4426 769 4492 mali,
798 4436 851 4481 et
897 4429 949 4481 in
986 4444 1217 4497 summa,
1260 4433 1589 4491 tentationes
1618 4449 1808 4493 omnes
1834 4438 1886 4493 si
1921 4438 2044 4496 talis
2070 4440 2188 4496 fue-

619 4515 711 4579 rit,
743 4526 997 4584 poterunt
1025 4521 1278 4587 dejicere.

692 4696 853 4752 Vsns.
876 4697 966 4764 26,
992 4699 1080 4753 27.
1119 4717 1136 4750 |
1170 4700 1232 4755 Et
1262 4702 1439 4757 omnis
1459 4704 1548 4771 qui
1572 4706 1771 4760 audita
1798 4722 1883 4762 me
1912 4723 2191 4767 sermones

616 4786 719 4841 hos
743 4795 931 4842 etnon
971 4788 1104 4843 facit
1135 4804 1252 4857 eos,
1288 4792 1679 4848 assimilabitur
1713 4798 1827 4851 viro
1864 4800 2060 4863 stulto,
2096 4804 2185 4872 qui

618 4880 886 4933 exstruxit
910 4879 1127 4935 domum
1158 4897 1307 4937 suam
1343 4899 1503 4953 super
1537 4900 1755 4942 arenam
1778 4930 1791 4955 ,
1823 4900 1879 4943 et
1908 4892 2189 4949 descendit

618 4968 821 5036 pluvia,
856 4980 911 5025 et
948 4983 1212 5028 venerunt
1245 4974 1489 5041 ﬂumina,
1524 4988 1577 5032 et
1625 4980 1972 5047 spiraverunt
2008 4988 2181 5053 venti,

630 5069 673 5115 tt
724 5061 1002 5115 irruerunt
1056 5063 1110 5116 in
1166 5063 1379 5119 domum
1434 5066 1601 5131 illam,
1637 5080 1688 5124 et
1727 5073 1944 5140 cecidit,
1977 5074 2185 5147 fuitque

648 5150 770 5205 uina
804 5151 920 5218 ejus
946 5167 1159 5221 magna.
1190 5171 1208 5204 ι
1234 5152 1349 5209 Non
1379 5156 1535 5224 dixit,
1562 5158 1888 5218 Assimilabo
1917 5181 2062 5232 eum,
2089 5170 2181 5223 sed

619 5256 715 5310 per
748 5242 983 5312 seipsum
1018 5245 1405 5302 assimilabitur
1431 5249 1595 5304 stulto
1623 5250 1710 5307 ille
1738 5255 1827 5323 qui
1857 5258 2028 5313 credit
2056 5262 2184 5328 qui-

616 5332 738 5385 dem
790 5349 893 5389 non
943 5346 1120 5393 autem
1182 5340 1592 5411 Operatur,38
1622 5343 1709 5398 hic
1757 5356 1839 5399 est
1886 5350 1973 5415 qui
2024 5367 2185 5421 super

616 5439 837 5478 arenam
885 5426 1117 5481 aediﬁcat
1165 5430 1429 5496 ignaviter
1460 5448 1691 5503 operans
1716 5451 1730 5491 :
1758 5448 2037 5507 propterea
2070 5455 2122 5496 et
2154 5458 2184 5497 a

618 5519 1003 5575 tentationibus
1035 5521 1283 5588 dejicitur
1313 5542 1324 5577 :
1358 5526 1534 5592 irruit,
1567 5527 1666 5583 hoc
1705 5540 1810 5597 est,
1844 5531 2086 5605 impingit
2134 5538 2185 5593 in

618 5622 739 5662 eum
772 5612 1017 5679 tentatio,
1041 5622 1096 5666 et
1122 5628 1311 5685 magna
1340 5617 1481 5671 cadit
1501 5618 1575 5689 (τι)
1600 5621 1775 5676 ruina.
1801 5621 1988 5681 Nullus
2006 5636 2184 5685 autem

694 5788 769 5859 (α)
798 5790 934 5848 Edit.
970 5794 1087 5849 Lut.
1123 5796 1316 5863 solum,
1345 5806 1391 5851 et
1418 5800 1577 5854 cadit.

2308 1882 2617 1952 ἀποστάτης
2649 1885 2675 1935 6
2702 1882 2837 1943 υἱός.

2384 1991 2401 2023 ‹
2445 1973 2635 2025 Πολλοὶ
2663 1972 2849 2041 ὲροῦσί
2883 1990 2973 2042 μοι
3024 1974 3081 2026 ἐν
3112 1970 3295 2043 ἐκείνῃ
3332 1974 3399 2041 τῇ
3435 1970 3645 2041 ἡμέρῳ
3680 1969 3893 2038 Κύριε,

2306 2064 2501 2135 Κύριε,
2534 2064 2595 2118 ού
2633 2064 2711 2133 τῷ
2747 2065 2823 2135 σῷ
2870 2066 3097 2132 ὀνόματι
3136 2062 3648 2134 προεφητεύσαμεν,
3684 2060 3781 2113 καὶ
3812 2061 3896 2132 τῷ

2307 2157 2381 2224 σῷ
2405 2157 2624 2225 ὀνόματι
2648 2155 2899 2226 δαιμόνια
2922 2154 3301 2224 ὲξεόάλλομεν,
3324 2154 3417 2207 καὶ
3450 2153 3525 2222 τῷ
3550 2151 3625 2222 σῷ
3652 2153 3895 2220 ὀνόματι

2301 2247 2558 2317 δυνάμεις
2585 2247 2784 2308 πολλάς
2833 2247 3209 2316 ὲποιήσαμενς
3252 2247 3360 2299 Καὶ
3383 2247 3503 2298 τότε
3562 2243 3896 2313 ὁμολογήσω

2304 2340 2506 2402 αὐτοῖς,
2551 2340 2632 2391 ὅτι
2662 2338 2933 2391 Οὐδέποτε
2970 2338 3143 2406 ἔγνων
3176 2337 3342 2407 ὑμᾶς,
3391 2336 3734 2405 ἀποχωρεῖτε
3789 2334 3894 2388 ἀπ’

2302 2429 2463 2499 ἐμοῦ,
2498 2430 2546 2482 οἰ
2582 2431 2941 2501 ἐργαζόμενοι
2970 2430 3069 2500 τὴν
3108 2430 3393 2500 ἀνομίαν.)
3424 2428 3615 2481 Πολλοί
3646 2429 3703 2479 ὲν
3737 2430 3892 2499 ἀρχῇ

2301 2522 2394 2575 τοῦ
2452 2523 2811 2592 κηρύγματος
2866 2520 3125 2585 ἐξὲὀαλον
3168 2521 3459 2591 δαιμόνια,
3512 2521 3606 2573 καὶ
3670 2518 3896 2584 ἀνάξιρι

2300 2614 2472 2676 ὄντες,
2513 2614 2601 2665 διὰ
2649 2614 2708 2665 1:6
2735 2613 2903 2682 ὄνομα
2943 2612 3037 2665 τοῦ
3068 2611 3242 2681 Ἰησοῦ
3292 2614 3604 2681 φευγόντων
3630 2612 3739 2666 τῶν
3766 2613 3894 2665 δαι-

2304 2705 2483 2774 μόνων
2508 2718 2520 2731 ·
2559 2704 2651 2757 καὶ
2678 2704 2785 2775 γὰρ
2819 2705 2850 2774 ἡ
2891 2705 3050 2774 χάρις
3076 2703 3170 2757 καὶ
3216 2703 3304 2769 διὰ
3336 2704 3444 2756 τῶν
3473 2703 3710 2768 ἀναξίων
3736 2705 3869 2773 ἐνερ

2302 2800 2409 2863 ¹γεῖ,
2445 2796 2520 2859 ὡς
2548 2797 2643 2849 καί
2667 2795 2754 2849 διὰ
2780 2796 2889 2849 τῶν
2920 2796 3155 2861 ἀναξίων
3176 2796 3369 2868 ἱερέων
3395 2797 3762 2865 ἀγιαζόμεθα,
3788 2811 3895 2851 και

2313 2891 2512 2953 Ἰούδας
2560 2890 2615 2943 δὲ
2681 2892 2883 2960 σημεῖα
2912 2890 3162 2961 ἐποίησε,
3200 2890 3295 2943 καὶ
3327 2889 3378 2941 οἰ
3415 2890 3525 2943 υίοὶ
3554 2888 3646 2941 τοῦ
3675 2891 3890 2944 Σκευᾶ.

2302 2981 2372 3031 Τὸ
2394 2980 2449 3032 δὲ
2504 2980 2771 3033 Οὐδέποτε
2796 2980 2967 3047 ἔγνων
2996 2980 3024 3032 ύ
3034 2981 3161 3049 μᾶς,
3187 2980 3308 3033 ἀντὶ
3337 2978 3454 3041 τοῦ,
3488 2978 3622 3031 Ούδὲ
3642 2980 3767 3031 τότε
3792 2979 3891 3032 ὅτε

2300 3072 2818 3143 ὲῢαυματουργεῖτε,
2839 3064 3072 3144 ἠγάπων
3096 3073 3261 3143 ὑμᾶς·
3271 3071 3483 3143 έγνῶσις
3504 3070 3608 3143 γὰρ
3630 3072 3665 3141 η
3688 3070 3895 3143 ἀγάπη

2222 3188 2263 3243 C
2298 3164 2513 3231 λέγεται
2544 3164 2798 3218 ἐνταῦθα.

2372 3274 2389 3306 ι
2430 3256 2541 3319 Πᾶς
2568 3255 2661 3309 οὖν
2688 3256 2836 3319 ὅστις
2872 3254 3061 3310 ἀκούει
3098 3272 3200 3323 μου
3230 3256 3356 3320 τοὺς
3383 3255 3579 3325 λόγους
3627 3254 3894 3327 τούτους,

2300 3350 2394 3402 καὶ
2441 3351 2587 3403 ποιεῖ
2621 3349 2841 3417 αὐτοὺς,
2896 3350 3151 3421 ὁμοιώσω
3204 3349 3366 3403 αὐτὸν
3402 3349 3556 3422 ἀνδρὶ
3608 3347 3891 3419 φρονίμῳ,

2294 3445 2441 3506 ὅστις
2484 3443 2803 3514 ᾠκοδόμησε
2837 3443 2937 3510 τὴν
2970 3443 3149 3496 οἰκίαν
3177 3442 3343 3496 αὐτοῦ
3371 3444 3463 3497 ἐπὶ
3500 3443 3599 3513 τὴν
3643 3443 3891 3513 πέτραν,

2295 3536 2388 3589 καὶ
2427 3536 2635 3607 κατέϐη
2671 3538 2704 3608 ἡ
2736 3536 2927 3606 βροχὴ,
2962 3538 3055 3591 καὶ
3082 3532 3246 3609 ἦλθον
3279 3538 3329 3591 οἱ
3374 3537 3632 3606 ποταμοὶ,
3659 3537 3755 3591 καὶ
3782 3537 3891 3590 ἐπ·

2294 3644 2486 3679 νευοαν
2530 3628 2580 3680 οἱ
2632 3627 2847 3697 ἄνεμοι,
2877 3630 2975 3681 καὶ
3020 3629 3362 3697 προσέπεσον
3394 3631 3461 3698 τῇ
3487 3626 3635 3697 οἰκίᾳ
3666 3627 3893 3699 ἐκείνῃ,

2294 3720 2388 3772 καὶ
2422 3721 2521 3772 ούκ
2563 3718 2749 3783 ἔπεσε,
2779 3718 3145 3789 τεθεμελίωτο
3181 3720 3289 3790 γὰρ
3319 3719 3411 3772 ἐπὶ
3440 3721 3539 3790 τὴν
3573 3719 3807 3790 πέτραν.
3857 3739 3878 3770 ι

2295 3810 2429 3863 Θεοό
2459 3812 2627 3881 χωρὶς
2655 3810 2716 3863 ού
2774 3810 2995 3864 δύηται
3058 3810 3227 3882 ἁρετὴ
3286 3810 3751 3881 κατορθωθῆναι,
3794 3811 3895 3865 διὰ

2294 3901 2452 3955 τοῦτό
2481 3919 2667 3972 φησιν,
2713 3902 2998 3971 Ὀμοιώαω
3024 3902 3187 3956 αὑτὸν
3212 3902 3366 3973 ἀνδρί
3399 3902 3670 3974 φρονίμῳ.
3692 3903 3895 3971 Πέτρα

2293 3994 2371 4059 δὲ,
2402 3997 2431 4047 6
2460 3996 2713 4064 Χριστός
2748 3993 2898 4048 οἰκία
2922 3995 3001 4061 δὲ,
3026 3996 3061 4065 ή
3088 3995 3256 4065 ψυχή.
3294 3996 3485 4057 Ὅστις
3518 3990 3613 4047 οὖν
3646 3994 3746 4064 τὴν
3770 3994 3890 4063 ψυ-

2294 4085 2395 4157 χὴν
2431 4085 2598 4140 αὐτοῦ
2630 4085 2978 4157 οἰκοδομήσει
3011 4088 3104 4139 ὲπί
3126 4089 3191 4158 τῇ
3242 4086 3481 4157 ἐργασίᾳ
3510 4085 3619 4138 τῶν
3642 4086 3892 4140 ὲντολῶν

2292 4174 2387 4227 τοῦ
2427 4175 2687 4245 Χριστοῦ,
2713 4175 2902 4228 τοῦτον
2922 4175 3046 4228 οὕτε
3074 4177 3107 4244 ἡ
3136 4174 3324 4246 βροχὴ,
3353 4178 3381 4227 6
3400 4175 3647 4238 διάϐολος
3703 4176 3889 4243 λέγω,

2293 4268 2322 4319 6
2354 4267 2412 4332 ἐξ
2437 4265 2670 4337 ούρανοῦ
2706 4265 2912 4329 πεσὼν,
2939 4264 3065 4319 οὔτε
3100 4268 3149 4319 οἰ
3176 4267 3434 4337 ποταμοὶ,
3463 4268 3511 4319 οἰ
3536 4268 3895 4341 ἐπηρεασταὶ

2294 4358 2597 4428 ἀνθρωττοι,
2634 4360 2682 4411 oi
2717 4359 2825 4413 ἀπὸ
2862 4358 2962 4428 τῆς
3000 4357 3257 4430 τοιαύτης
3300 4358 3501 4429 βροχῆς
3533 4358 3893 4431 πληθυνὸμε-

2295 4466 2393 4515 νοι,
2418 4448 2541 4502 οὔτε
2575 4451 2623 4502 οἰ
2655 4449 2867 4517 ἄνεμοι,
2898 4452 2967 4503 τὰ
2999 4450 3287 4521 πνεύματα
3316 4450 3417 4519 τῆς
3458 4453 3742 4521 πονηρίας,
3780 4456 3893 4509 καὶ

2217 4524 2268 4583 θ
2296 4541 2481 4605 ἁπλῶς
2506 4542 2779 4605 πάντες-οἰ
2804 4544 3125 4614 πειρασμοί,
3156 4546 3247 4596 τὸν
3264 4541 3579 4613 τοιοῦτονιού
3614 4543 3892 4601 δύνανται

2298 4633 2653 4689 καταϐαλεῖν.

2376 4742 2395 4777 ι
2427 4725 2538 4777 Καὶ
2570 4728 2678 4788 πᾶς
2728 4727 2756 4780 6
2805 4727 3020 4781 ἀκούων
3064 4745 3165 4797 μου
3199 4729 3325 4790 τοὺς
3371 4728 3567 4797 λόγους
3624 4730 3889 4799 τούτους,

2296 4815 2393 4869 καὶ
2445 4816 2519 4885 μὴ
2555 4816 2724 4869 ποιῶν
2781 4818 3001 4885 αὐτοὺς,
3034 4819 3429 4890 ὁμοιωθήσεται
3474 4822 3629 4892 ἀνδρὶ
3678 4826 3891 4895 μωρῷ,

2293 4908 2443 4970 ὅστις
2476 4906 2799 4978 ᾠκοδόμησε
2850 4910 2956 4981 τὴν
3010 4910 3189 4964 οἰκίαν
3213 4912 3378 4966 αὑτοῦ
3410 4914 3504 4967 ἐπὶ
3532 4915 3887 4988 τὴνάμμον.

2290 4998 2385 5051 καὶ
2410 4995 2617 5068 κατέϐη
2652 5000 2678 5069 ἡ
2718 4999 2910 5071 βροχὴ,
2976 5002 3070 5055 καὶ
3131 4998 3296 5072 ἦλθον
3357 5005 3405 5057 οἰ
3466 5006 3721 5075 ποταμοὶ.
3784 5010 3892 5063 καὶ

2295 5088 2564 5142 ἔπνευσαν
2579 5091 2626 5142 οἰ
2654 5090 2866 5160 ἄνεμοι,
2895 5093 2987 5145 καὶ
3010 5094 3358 5165 προσέκοψαν
3390 5098 3456 5165 τῇ
3488 5096 3637 5168 οἰκίᾳ
3663 5098 3889 5173 ἐκείνῃ,

2291 5178 2385 5230 καὶ
2411 5177 2599 5243 ἔπεσε,
2618 5180 2712 5233 καὶ
2750 5175 2816 5252 ἦν
2840 5182 2875 5252 ἢ
2901 5182 3123 5247 πτῶσις.
3153 5185 3326 5255 αὐτῆς
3356 5185 3629 5255 μεγάλη.)
3660 5189 3781 5243 Οὐκ
3802 5188 3889 5247 εἰ·

2290 5285 2413 5332 πεν,
2433 5268 2717 5337 Ὀμοιώσω
2731 5273 2914 5340 αὐτὸν,
2932 5274 3072 5339 ἀλλ’,
3086 5276 3518 5345 Ὀμοιωθήσεται
3533 5278 3626 5347 ἀφ’
3648 5281 3885 5350 ἑαυτοῦ,

2298 5360 2487 5431 μωρῷ,
2524 5363 2727 5427 ἐκεῖνος
2754 5366 2812 5429 ὃς
2838 5367 3084 5423 πιστεύει
3108 5369 3233 5438 μὲν,
3256 5370 3318 5422 οὔ
3347 5370 3582 5445 πράττει
3618 5372 3697 5425 δέ·
3716 5368 3889 5441 οὗτος

2293 5445 2387 5503 οὖν
2419 5452 2512 5506 ὲπί
2536 5452 2763 5523 ψάμμου
2809 5457 3007 5522 κτίζει,
3034 5459 3127 5511 ἐπὶ
3179 5459 3511 5531 σαθρότητος
3530 5460 3639 5513 τῶν
3667 5460 3733 5532 ἔρ
3748 5480 3883 5531 γιον.

2295 5541 2393 5595 Διά
2416 5543 2573 5597 τοῦτο
2609 5547 2701 5599 καί
2732 5547 2835 5601 ὑπὸ
2857 5548 2967 5603 τῶν
2999 5551 3321 5621 πειρασμῶν
3354 5550 3569 5605 πίπτει’
3602 5552 3735 5607 ὅταν
3766 5555 3887 5629 γὰρ

2296 5634 2603 5706 προσκόψῃ,
2640 5638 2905 5707 τούτέστι,
2953 5641 3307 5715 προσκρούσῃ
3352 5640 3501 5715 αὑτῷ
3540 5647 3885 5718 πειρασμὸς,
