4004 6408
539 414 648 482 €23

534 614 685 683 suos,
722 618 823 672 hoc
848 626 949 681 est,
972 614 1234 668 inﬁdeles.
1256 613 1311 664 Si
1343 621 1523 664 autem
1556 611 1632 664 illi
1664 625 1840 678 neque
1895 618 2102 675 patrem

535 710 764 780 sepelire
798 707 965 772 licuit,
996 721 1070 759 va:
1098 706 1179 758 liis
1224 704 1312 771 ιιιιί
1350 703 1705 756 monasticem
1768 698 1993 770 professi
2027 697 2094 751 ad

544 802 813 858 mundana
839 798 1212 868 regnediuntur
1240 794 1471 864 negotia.

622 893 789 947 Vens.
818 890 909 950 25.
940 888 1009 943 24
1045 908 1062 940 ι
1107 888 1313 941 Etcum
1364 894 1507 939 esset
1574 884 1848 955 ingressus
1908 882 2107 944 navim,

548 985 716 1039 secuti
753 988 876 1034 sunt
894 995 1013 1035 eum
1044 978 1289 1047 discipuli
1318 978 1423 1040 sui,
1450 986 1503 1029 et
1534 990 1657 1029 ecce
1684 984 1861 1028 motus
1886 988 2111 1041 magnus

544 1074 716 1130 factus
742 1082 821 1126 est
848 1073 900 1124 in
932 1070 1088 1135 mari,
1117 1072 1187 1122 ita
1218 1079 1271 1121 ut
1302 1069 1453 1121 navis
1506 1083 1533 1119 a
1565 1066 1815 1119 [luctibus
1863 1066 2111 1134 operire-

549 1174 635 1217 tur
670 1163 823 1230 :ipse
850 1176 978 1215 vero
1026 1161 1347 1213 dormiebat.
1383 1178 1401 1209 ι
1441 1156 1734 1226 Discipulos
1762 1157 1903 1211 solos
1932 1171 2116 1210 serva-

551 1255 630 1311 vit
660 1268 865 1317 secum,
901 1263 960 1306 ut
991 1251 1303 1304 miraculum
1334 1250 1598 1303 viderent.
1631 1247 1884 1300 Permisit
1933 1256 2110 1300 autem

539 1356 638 1401 eos
670 1350 986 1413 tempestate
1007 1343 1218 1411 agitari.
1251 1350 1306 1392 ut
1340 1341 1404 1393 ad
1440 1340 1766 1394 tentationes
1793 1352 2118 1392 exerceren-

542 1442 652 1501 tur,
682 1444 735 1490 et
762 1446 815 1489 ut
839 1450 935 1505 per
961 1434 1273 1488 miraculum
1315 1433 1521 1487 ﬁrmius
1553 1433 1857 1486 crederent.
1901 1429 2117 1483 Dormi-

543 1525 623 1593 vlt
647 1539 797 1587 vero,
824 1536 878 1578 ut
919 1526 1113 1578 timore
1141 1524 1367 1589 perculsi
1397 1538 1549 1577 suam
1573 1530 1927 1591 agnoscerent
1965 1517 2119 1572 inllr-

546 1614 803 1681 mitatem,
830 1624 882 1670 et
910 1630 1034 1668 eum
1057 1614 1403 1669 obsecrarent
1438 1633 1450 1667 :
1487 1623 1765 1683 pmpterea
1805 1612 1974 1668 dicit:

621 1788 786 1845 Vens.
822 1790 914 1856 25,
970 1788 1059 1843 26.
1107 1808 1126 1841 ι
1173 1789 1239 1844 Ει
1285 1790 1606 1845 accedentes
1670 1790 1916 1860 discipuli
1971 1790 2114 1859 ejus,

550 1880 918 1933 excitaverunt
941 1895 1085 1944 eum,
1124 1882 1365 1935 dicentes
1390 1901 1403 1936 :
1430 1882 1674 1944 Domine,
1702 1896 1855 1935 serva
1885 1897 2000 1945 nos,
2037 1896 2117 1951 pe-

551 1978 738 2026 rlmus.
769 1973 871 2044 41
920 1974 983 2027 Et
1034 1975 1165 2028 dicit
1184 1977 1261 2028 eis
1294 1994 1306 2029 :
1334 1975 1469 2041 Quid
1521 1978 1689 2031 timidi
1744 1976 1898 2041 estis,
1932 1992 2121 2046 parum

555 2065 817 2119 lidentes?
849 2084 868 2117 ι
904 2064 1029 2120 Non»
1072 2068 1378 2122 incredulos
1422 2068 1573 2131 dicit,
1607 2069 1701 2123 sed
1747 2084 1925 2138 parvze
1977 2068 2121 2122 ﬁdei.

550 2156 680 2211 Nam
709 2174 801 2227 per
832 2159 935 2213 hoc
966 2160 1106 2227 quod
1132 2161 1337 2225 dicunt,
1372 2162 1613 2226 Domine,
1635 2176 1789 2215 serva
1824 2178 1939 2225 nos,
1968 2160 2123 2215 [idem

552 2260 861 2304 monstrant
898 2268 910 2303 :
946 2251 1089 2318 quod
1124 2261 1303 2305 autem
1330 2251 1538 2316 dicunt,
1573 2254 1840 2319 perimus,
1876 2267 1980 2305 non
2040 2262 2123 2307 est

554 2340 699 2395 ﬁdei.
732 2340 823 2393 Illo
855 2341 997 2394 enim
1027 2342 1183 2395 simul
1213 2344 1501 2411 navigante
1530 2359 1634 2398 non
1686 2351 1803 2398 erat
1829 2342 2128 2398 formidan-

551 2433 696 2493 dum.
726 2430 859 2487 Vide
888 2440 1067 2486 autem
1107 2432 1275 2502 quod,
1331 2428 1665 2502 exprobrans
1700 2434 1779 2489 eis
1811 2444 1868 2488 ιιι
1901 2435 2124 2498 timidis,

561 2520 796 2574 ostendit
834 2520 1080 2574 timorem
1108 2520 1299 2575 afferre
1351 2522 1607 2589 pericula.
1640 2520 1844 2576 Idcirco
1894 2523 2129 2591 primum

552 2614 707 2667 sedat
751 2614 1108 2667 turbationem
1156 2615 1347 2667 aninue
1391 2613 1626 2678 illorum,
1675 2621 1731 2669 et
1776 2610 1905 2668 tu‘nc
1962 2612 2134 2667 solvit

556 2705 722 2759 etiam
753 2705 916 2757 maris
957 2714 1356 2764 tempestatem.

625 2790 791 2847 Vens.
820 2792 912 2859 26,
939 2792 1030 2846 27.
1063 2811 1080 2843 ι
1118 2792 1267 2847 Tunc
1300 2795 1589 2859 excitatus,
1616 2793 1912 2863 increpavit
1941 2799 2130 2849 ventos

557 2895 612 2939 et
643 2901 809 2949 mare,
835 2895 887 2938 et
942 2886 1085 2937 facta
1153 2894 1236 2938 est
1290 2887 1559 2940 serenitas
1608 2900 1840 2956 magna:
1879 2886 2134 2940 homines

557 2994 690 3034 vero
749 2980 1176 3043 admirabantur,
1206 2980 1447 3034 dicentes
1490 2997 1504 3033 :
1537 2979 1720 3047 Qualis
1742 2988 1828 3035 est
1872 2979 1979 3047 bic,
2009 2980 2137 3050 quia

558 3071 701 3127 venti
728 3082 783 3126 et
823 3087 977 3126 mare
1017 3071 1274 3126 obediunt
1307 3071 1394 3124 ei?
1431 3088 1449 3121 ›
1482 3071 1636 3138 Quod
1685 3070 1987 3136 videbatur,
2040 3070 2139 3125 bo-

557 3164 720 3221 tuinis
745 3172 882 3229 erat,
913 3178 1074 3233 Opera
1106 3170 1308 3227 autem,
1347 3162 1459 3218 Dei.

635 3338 801 3395 Vens.
832 3337 923 3393 28.
965 3357 982 3390 ι
1013 3337 1219 3393 Etcum
1250 3338 1487 3394 venisset
1520 3337 1586 3392 ad
1620 3339 1932 3396 ulteriorem
1962 3342 2135 3413 ripam

567 3432 620 3485 in
652 3431 920 3499 regionem
948 3428 1393 3499 Gergesenorum,
1419 3441 1774 3486 occurrerunt
1800 3434 1847 3486 ei
1892 3434 1999 3490 duo
2028 3435 2138 3490 dte-

566 3522 856 3575 nzoniaci.»
885 3520 1386 3576 Dubitantibnsillis
1409 3522 1461 3576 iu
1483 3523 1603 3575 navi
1632 3524 1811 3592 qualis
1839 3535 1987 3578 esset
2018 3527 2124 3592 liic,

568 3617 699 3681 qua
740 3614 881 3665 venti
914 3622 967 3665 et
1010 3628 1155 3667 mare
1220 3614 1477 3667 obediunt
1503 3613 1573 3681 ei,
1608 3614 1829 3669 veniunt
1869 3617 2138 3671 daemones

576 3714 873 3765 prazcones.
908 3699 1058 3767 Quod
1094 3701 1137 3754 si
1176 3710 1283 3755 tam
1316 3701 1529 3756 Marcus
1548 3718 1708 3772 quam
1744 3702 1918 3759 Lucas
1973 3722 2138 3761 unum

566 3790 767 3856 dicant,
818 3791 1103 3846 habentem
1148 3792 1411 3862 legionem
1451 3795 1518 3856 ",
1604 3795 2011 3867 intelligendum
2060 3806 2143 3852 est

528 3940 531 3943 _
570 3885 711 3951 quod
737 3897 873 3936 unus
893 3898 958 3937 ex
994 3885 1077 3938 liis
1105 3887 1315 3937 duobus
1341 3884 1503 3939 fuerit
1555 3885 1823 3954 insignior
1873 3884 2035 3940 forte.
2095 3886 2137 3939 Α

572 3976 751 4043 seipso
775 3984 949 4028 autem
974 3974 1038 4028 ad
1065 3975 1181 4029 illos
1213 3976 1327 4041 ivit,
1376 3991 1532 4031 nemo
1548 3978 1689 4031 enim
1722 3976 1839 4031 illos
1869 3975 2136 4030 adducere

565 4067 796 4121 audebat
841 4086 853 4121 :
906 4078 1029 4120 tam-
1060 4066 1307 4121 crudeles
1366 4076 1545 4120 erant.
1588 4084 1607 4117 ι
1666 4064 1708 4119 Ε
1772 4067 2134 4122 monumentis

565 4157 793 4225 egressi.
844 4158 971 4211 εδινί
1036 4158 1217 4221 nimis,
1282 4159 1352 4211 ita
1384 4168 1442 4210 ut
1483 4173 1637 4212 nemo
1666 4168 1848 4227 posset
1908 4161 2142 4215 transire

567 4249 823 4317 perviam
858 4248 1026 4301 illam.
1064 4266 1083 4299 ι
1107 4247 1163 4301 In
1212 4250 1571 4303 monumentis
1603 4252 1983 4305 versabantur.
2019 4252 2136 4306 Da:-

571 4355 758 4395 tnones
805 4343 996 4411 dogma
1050 4339 1322 4409 quoddam
1383 4340 1665 4396 instituere
1692 4342 1959 4409 volebant,
1988 4344 2133 4413 quod

569 4433 763 4503 quium
789 4443 1121 4487 mortuorum
1161 4432 1291 4486 [lant
1333 4433 1628 4499 daemones,
1665 4436 1805 4503 quod
1842 4451 1999 4489 nemo
2019 4450 2142 4490 cre-

1383 405 1970 469 ‘THEOPHYLACTI
2014 401 2423 463 BULGARI/E
2464 403 2824 466 ARCHIEP.

536 527 625 586 est
652 541 718 582 ex
743 540 806 580 eo
834 515 1152 595 ιιιιοιὶλᾶἰυίι,
1177 522 1304 576 Sine
1331 528 1567 572 mortuos
1603 518 1831 587 sepelire
1863 526 2101 570 mortuos
2127 566 2128 571 η

2240 515 2377 581 Αφες
2415 516 2540 577 τοὺς
2591 513 2817 583 νεκροὺς
2852 550 2867 574 ,

3664 381 3779 447 22L

2932 508 3216 571 τουτέστι,
3282 502 3410 565 τοὺς
3476 497 3747 559 ἀπίστους
3786 535 3804 558 ,

2219 605 2386 674 θάψαι
2443 607 2570 669 τοὺς
2622 602 2830 658 ἑαυτῶν
2871 600 3135 672 νεκρούς’·
3192 599 3241 651 εί
3295 596 3354 650 δέ
3402 594 3610 655 ἐκεῖνος
3672 587 3806 643 οὑδὲ

2214 693 2306 745 τὸν
2338 694 2552 763 πατέρα
2606 693 2772 760 θάψαι
2821 683 3340 758 συνεχωρήθη,οὑαί
3404 682 3516 744 τοῖς
3553 678 3692 750 μετὰ
3740 674 3809 729 τὸ

2215 784 2443 852 μονάσαι
2473 784 2552 847 είς
2606 782 2909 853 πράγματα
2950 778 3025 849 (ti)
3056 775 3470 846 στρεφομένοις.

2292 895 2310 926 ι
2357 877 2464 929 Kal
2500 875 2728 945 ἐμϐάντι
2762 872 2911 942 αὑτῷ
2937 872 3018 935 εἰς
3068 871 3130 923 τὸ
3162 869 3366 931 πλοῖον,
3422 861 3811 936 ἠκολούθησαν

2225 966 2376 1035 αὑτῷ
2406 968 2454 1019 οῖ
2504 967 2743 1037 μαθηταὶ
2780 964 2967 1028 αὑτοῦ,
2997 964 3089 1016 καὶ
3111 962 3220 1015 ίδοὺ
3247 959 3468 1029 σεισμὸς
3489 957 3658 1027 μέγας
3681 952 3813 1021 ἐγέ-

2230 1075 2352 1110 νετο
2373 1060 2429 1110 ἐν
2448 1061 2513 1127 τῇ
2540 1057 2806 1129 θαλάσσῃ.
2824 1056 2963 1109 ὥστε
3001 1054 3059 1107 τὸ
3088 1053 3270 1106 πλοῖον
3293 1050 3669 1104 καλύπτεσθαι
3698 1045 3813 1099 ὑπὸ

2218 1148 2330 1201 τῶν
2379 1149 2663 1219 κυμάτων,
2686 1149 2847 1211 αὑτὸς
2881 1148 2936 1201 δὲ
2960 1145 3271 1200 ἐκάθευδεν.
3319 1162 3335 1194 ι
3367 1142 3505 1203 Τοὺς
3554 1138 3816 1209 μαθητὰς

2220 1241 2411 1311 μόνους
2455 1241 2738 1311 κατέσχεν,
2778 1240 2917 1293 ὥστε
2974 1239 3102 1292 ίδεῖν
3134 1238 3194 1290 τὸ
3238 1235 3441 1304 θαῦμα.
3493 1230 3713 1300 Ἀφίησι
3754 1230 3815 1281 δὲ

2218 1332 2414 1394 αὑτοὺς
2465 1330 2921 1401 κλυδωνισθῆναι,
2959 1330 3045 1382 ῖνα
3097 1325 3453 1399 γυμνασθῶσι
3511 1322 3647 1393 πρὸς
3686 1337 3818 1372 πει-

2224 1424 2494 1493 ρασμοὺς,
2524 1422 2617 1476 καὶ
2670 1423 2759 1475 ἵνα
2806 1423 2895 1476 διὰ
2944 1421 3101 1475 τοῦτο
3128 1421 3190 1474 τὸ
3242 1419 3467 1488 σημεῖον
3496 1415 3587 1467 ἐπὶ
3622 1413 3816 1466 πλεῖον

2220 1513 2576 1569 πιστεύσωσι.
2641 1512 2915 1565 Καθεύδει
2959 1513 3036 1575 δὲ,
3069 1512 3144 1575 ὠς
3193 1510 3259 1565 ἂν
3310 1506 3643 1578 φοϐηθέντες
3687 1506 3817 1556 ἐπι-

2222 1603 2394 1673 γνῶσι
2428 1604 2525 1674 τὴν
2565 1604 2702 1658 [δίαν
2736 1602 3043 1671 ἀσθένειαν,
3079 1604 3174 1656 καὶ
3197 1599 3656 1672 παρακαλέσωσιν
3708 1597 3818 1651 αὑ-

2221 1693 2333 1747 τόνο
2367 1694 2447 1747 διό
2487 1710 2677 1762 φησιν’

2296 1788 2402 1840 Kal
2444 1786 2835 1857 προσελθόντες
2874 1788 2924 1839 οἱ
2966 1785 3204 1856 μαθηταὶ
3244 1784 3409 1840 αὑτοῦ
3452 1784 3680 1854 ήγειραν
3714 1781 3819 1833 αὑ-

2152 1846 2196 1907 Β
2227 1877 2335 1941 τὸν,
2357 1846 2628 1945 λέγοντεςι
2672 1846 2867 1947 Κύριε,
2902 1846 3075 1930 σῶσον
3098 1846 3280 1945 ἶὴμᾶς,
3307 1846 3681 1943 ἀπολλύμεθα.
3699 1872 3819 1925 Καὶ

2223 1970 2370 2037 λέγει
2398 1970 2609 2033 αὑτοῖς·
2642 1969 2707 2022 Τί
2728 1970 2891 2023 δειλοί
2944 1971 3087 2033 ἐστε,
3117 1969 3451 2036 ὀλιγόπιστοι
3477 1985 3492 2033 ;
3531 1967 3644 2019 Οὑκ
3678 1965 3817 2017 ἀπί-

2228 2076 2383 2122 στους
2408 2057 2579 2126 εἶπεν,
2620 2061 2736 2114 ἀλλ’
2756 2061 3154 2130 όλιγοπίστους⁶
3185 2060 3319 2113 καθὸ
3352 2060 3451 2129 μὲν
3482 2058 3591 2128 γὰρ
3623 2050 3808 2116 εἷπον,

2226 2148 2418 2218 Κύριε,
2442 2150 2616 2202 σῶσον
2631 2151 2799 2220 ἡμᾶς,
2822 2150 3006 2204 πίστιν
3025 2148 3412 2211 ἐνδείκνυνται,
3430 2149 3490 2201 τὸ
3505 2148 3582 2213 δὲ,
3617 2147 3823 2201 ’Δπολ-

2224 2239 2457 2309 λύμεθα,
2494 2241 2553 2292 οὑ
2579 2241 2835 2305 πίστεως.
2875 2242 3114 2295 Ἐκείνου
3146 2247 3255 2312 γὰρ
3281 2240 3676 2308 συμπλέοντος,
3712 2239 3822 2291 οὑκ

2227 2331 2331 2385 ἔδει
2359 2332 2606 2388 δεδιέναι.
2641 2335 2779 2405 Ὀρα
2815 2334 2872 2387 δὲ
2918 2333 3000 2387 ὃτι
3034 2334 3309 2401 ὀνειδίζων
3342 2334 3528 2394 αὑτοῖς
3564 2328 3639 2393 ὡς
3699 2329 3819 2382 δει-

2226 2422 2359 2487 λοῖς,
2392 2424 2666 2477 δείκνυσιν
2703 2424 2779 2487 ῶς
2826 2425 2860 2495 ἡ
2921 2424 3098 2477 δειλία
3154 2419 3306 2497 φέρει
3332 2424 3458 2486 τοὺς
3512 2420 3819 2482 κινδύνους.

2230 2512 2321 2565 Διὸ
2356 2513 2448 2566 καὶ
2474 2512 2692 2583 πρῶτον
2712 2512 2926 2575 παύσας
2957 2513 3048 2566 τὸν
3071 2513 3318 2583 χειμῶνα
3354 2513 3452 2581 τῆς
3500 2511 3681 2582 ψυχῆς
3718 2511 3823 2564 αὑ·

2230 2603 2358 2668 τῶν,
2394 2604 2517 2657 τότε
2548 2603 2663 2657 λύει
2698 2605 2792 2658 καὶ
2822 2605 2918 2659 τὸν
2951 2604 3055 2676 τῆς
3083 2604 3381 2674 θαλάσσης.

2307 2803 2328 2836 ι
2363 2785 2498 2838 Τότε
2529 2784 2794 2855 ἐγερθεὶς,
2822 2785 3125 2855 ἐπετίμησε
3150 2784 3263 2845 τοῖς
3308 2781 3536 2852 ἀνέμοις
3589 2782 3685 2836 καὶ
3740 2785 3812 2852 τῇ

2235 2875 2477 2947 θαλάσσῃ
2507 2893 2521 2906 ο
2549 2877 2642 2928 καὶ
2666 2875 2881 2942 ἐγένετο
2913 2873 3120 2943 γαλήνη
3161 2870 3395 2942 μεγάληι
3430 2871 3493 2924 Οἱ
3518 2870 3574 2923 δὲ
3598 2870 3819 2940 ἄνθρω-

2238 2985 2329 3021 ποι
2383 2966 2721 3038 ἐθαύμασαν,
2749 2966 3021 3034 λέγοντες·
3056 2964 3305 3027 Ποταπός
3360 2965 3509 3017 ἐστιν
3536 2955 3713 3027 οὗτος,
3739 2963 3827 3017 ὅτι

2238 3062 2334 3115 καὶ
2362 3062 2411 3113 οἱ
2468 3060 2660 3130 ἄνεμοι
2688 3060 2784 3113 καὶ
2808 3061 2841 3129 ἠ
2878 3058 3122 3112 θάλασσα
3183 3056 3549 3111 ὑπακούουσιν
3580 3055 3761 3126 αὑτῷ;
3798 3073 3820 3107 ι

2164 3183 2214 3243 C
2246 3154 2321 3206 Τὸ
2388 3153 2486 3222 μὲν
2552 3154 2663 3225 γὰρ
2734 3150 3037 3224 ὁρώμενον,
3065 3148 3356 3223 ἀνθρώπου
3386 3149 3494 3205 ’τὰ
3542 3149 3599 3203 δὲ
3657 3151 3828 3219 ἔργα,

2242 3244 2402 3299 Θεοῦ.

2338 3356 2357 3388 ι
2393 3336 2503 3390 Καὶ
2539 3335 2746 3389 ἐλθόντι
2769 3334 2915 3405 αὑτῷ
2950 3336 3030 3399 εἰς
3064 3334 3124 3389 τδ
3163 3333 3352 3406 πέραν,
3379 3334 3457 3397 είς
3490 3333 3588 3403 τὴν
3639 3331 3833 3404 χώραν

2235 3428 2343 3479 τῶν
2372 3426 2747 3498 Γεργεστινῶν,
2797 3426 3118 3496 ὑπήντησαν
3170 3424 3317 3495 αὑτῷ
3365 3424 3460 3480 δύο
3509 3424 3834 3495 δαιμονιζό-

2242 3535 2409 3589 μενοι.
2446 3536 2463 3571 ι
2504 3517 2625 3570 Τῶν
2641 3519 2698 3572 ἐν
2724 3516 2801 3588 τῷ
2832 3516 3000 3587 πλοίῳ
3017 3516 3383 3581 δισταξόντων
3402 3517 3649 3579 ποταπός
3676 3517 3834 3571 ἐστιν

2239 3602 2414 3672 οὗτος.
2445 3610 2526 3663 ὃτι
2553 3610 2646 3662 καὶ
2672 3610 2722 3661 οι
2755 3608 2950 3678 ἄνεμοι
2990 3610 3086 3662 καὶ
3114 3609 3149 3680 ὴ
3174 3608 3420 3663 θάλασσα
3444 3607 3833 3662 ὑπακούουσιν

2242 3702 2411 3772 αὑτῷ,
2439 3702 2753 3773 ἐρχονταιοῑ
2778 3701 3030 3770 δαίμονες
3060 3701 3315 3771 κήρυκες.
3344 3701 3427 3769 ίΕί
3458 3698 3514 3752 δὲ
3540 3700 3835 3770 ό’Μάρκος

2243 3795 2340 3849 καὶ
2369 3796 2395 3847 ό
2429 3794 2642 3855 Λουκᾶς
2688 3792 2788 3846 ἕνα
2816 3792 3037 3860 λέγουσι
3067 3793 3159 3847 τὸν
3183 3790 3281 3862 τὴν
3304 3791 3548 3860 λεγεῶνα
3601 3790 3827 3862 ἔχοντα,

2241 3887 2429 3955 νόησον
2475 3886 2555 3937 ὅτι
2597 3886 2803 3948 ἐκεῖνος
2832 3880 2912 3948 εἷς
2954 3879 3242 3955 ἧντούτων
3268 3882 3376 3936 τῶν
3426 3882 3521 3934 δύο
3576 3883 3605 3935 ό
3677 3882 3831 3952 τάχα

2242 3976 2643 4045 ἐπισημότερος
2675 3991 2688 4005 ο
2719 3974 2812 4043 ἀφ’
2867 3973 3063 4028 ἐαυτοῦ
3122 3974 3179 4028 δὲ
3208 3970 3339 4045 ἦλθε
3404 3972 3541 4044 πρὸς
3595 3972 3837 4038 αὐτοὺς,

2242 4066 2364 4118 ἐπεὶ
2388 4065 2651 4135 φοσεροὺς
2674 4064 2853 4130 ὄντας,
2872 4065 3049 4128 οὐδεὶς
3088 4065 3292 4135 ἐτόλμα
3322 4066 3703 4136 προσαγαγεῖν
3729 4064 3835 4117 αὑ-

2241 4156 2388 4219 τούς.
2415 4176 2433 4208 ι
2482 4157 2582 4210 Ἐκ
2601 4157 2710 4211 τῶν
2738 4156 3018 4227 μνημείων
3041 4154 3409 4229 ἐξερχόμενοι,
3444 4156 3671 4225 χαλεποὶ
3686 4154 3834 4223 λίαν,

2242 4248 2383 4301 ὥστε
2428 4246 2502 4318 μὴ
2537 4248 2744 4318 ἰσχύειν
2771 4249 2894 4301 τινὰ
2924 4247 3217 4319 παρελθεῖν
3242 4247 3330 4301 διὰ
3375 4249 3474 4316 τῆς
3501 4246 3623 4300 ὀδοῦ
3670 4247 3790 4301 ἐκεί
3811 4276 3833 4286 ο

2245 4356 2367 4408 νης.
2407 4358 2426 4392 ι
2480 4339 2567 4392 Ἐν
2596 4341 2707 4403 τοῖς
2747 4341 3039 4409 μνημείοις
3084 4338 3376 4409 διέτριϐον,
3412 4337 3591 4408 δόγμα
3653 4338 3840 4392 ἐνθεῖ-

2252 4447 2343 4483 ναι
2371 4430 2689 4501 βουλόμενοι
2718 4433 2765 4484 οἱ
2797 4430 3072 4500 δαίμονες,
3105 4430 3187 4483 ὅτι
3215 4431 3267 4482 ai
3292 4428 3461 4499 ψυχαὶ
3490 4420 3597 4483 τῶν
3628 4430 3842 4483 ἀποθα-

572 4524 703 4579 dere
762 4525 940 4579 debet.
989 4525 1181 4579 Anima
1230 4525 1373 4579 enim
1420 4540 1662 4594 egressa,
1695 4527 1750 4580 in
1786 4528 1987 4581 mundo
2013 4543 2118 4581 non

2250 4521 2451 4575 νόντων
2510 4522 2764 4590 δαίμονες
2817 4521 3078 4589 γίνονται.
3116 4521 3181 4573 Ὅ
3229 4520 3361 4591 μηδὲ
3394 4520 3667 4591 ἐννοήσειέ
3704 4537 3791 4585 τις
3822 4536 3838 4551 ‘

574 4623 742 4667 errat.
766 4632 784 4664 ι
813 4611 1086 4667 Justornnt
1112 4615 1254 4669 enim
1271 4614 1464 4668 animat
1491 4618 1540 4668 in
1564 4632 1722 4668 manu
1744 4616 1836 4671 Dei
1858 4627 1985 4671 sunt
2002 4617 2046 4649 ιδ
2072 4634 2085 4669 :
2117 4634 2135 4668 ι

574 4715 917 4773 peccatorum
947 4720 1078 4759 vero
1107 4714 1161 4760 et
1182 4706 1312 4773 ipsa:
1336 4706 1460 4759 hinc
1494 4705 1854 4771 abducuntur,
1878 4714 1936 4759 ut
1965 4707 2143 4760 anima

577 4795 761 4849 divitis
790 4796 853 4849 ¹⁶.

651 4970 804 5024 Vens.
845 4971 935 5025 99.
963 4990 983 5021 ι
1014 4969 1076 5024 Et
1096 4985 1222 5025 eece
1248 4971 1550 5025 clamabant
1573 4971 1814 5026 dicentes
1842 4990 1856 5026 :
1893 4972 2029 5038 Quid
2052 4988 2147 5027 no-

573 5063 659 5117 bis
679 5072 731 5116 et
766 5061 1031 5127 tibi,Jesu
1058 5062 1129 5115 illi
1165 5062 1298 5117 Dei?
1334 5062 1538 5117 Venisti
1592 5065 1695 5117 huc
1748 5075 1873 5119 ante
1923 5074 2138 5135 tempus

577 5165 638 5209 ut
688 5164 941 5222 torqueas
996 5154 1131 5208 nos?
1184 5172 1203 5204 ι
1252 5154 1388 5207 Ecce
1444 5154 1637 5207 Filium
1691 5154 1780 5208 Dei
1826 5157 2137 5225 praedicant,

579 5247 731 5317 prius
759 5245 1076 5299 confitentes
1101 5244 1429 5299 inimicitias.
1459 5244 1807 5299 Tormentum
1851 5258 2028 5301 autem
2088 5258 2143 5302 et

578 5336 876 5392 cruciatum
933 5344 1138 5405 putant,
1174 5336 1215 5390 si
1254 5351 1357 5389 non
1398 5336 1777 5404 permittantur
1826 5337 2013 5391 laedere
2044 5339 2139 5393 lto-

580 5426 771 5481 mines.
831 5424 980 5492 Quod
1020 5436 1197 5480 autem
1252 5426 1401 5492 dicit,
1430 5436 1557 5480 ante
1625 5436 1852 5495 tempus,
1909 5428 2145 5499 intelligo

2249 4614 2283 4684 ὴ
2308 4611 2453 4682 ψυχὴ
2480 4613 2589 4682 γὰρ
2618 4612 2930 4678 ἐξελθοῦσα,
2960 4614 3061 4666 οὑκ
3110 4614 3168 4667 ὲν
3193 4612 3269 4681 τῷ
3299 4612 3488 4681 κόσμῳ
3521 4611 3792 4665 πλανᾶται
3823 4629 3838 4644 ο

2251 4707 2308 4759 αἱ
2342 4706 2438 4774 μὲν
2462 4705 2565 4774 γὰρ
2590 4706 2699 4757 τῶν
2722 4705 2969 4767 δικαίων,
3000 4706 3058 4756 ἐν
3106 4706 3251 4774 χειρὶ
3306 4702 3443 4755 Θεοῦ
3485 4720 3498 4733 ·
3525 4705 3582 4756 αἱ
3626 4704 3683 4756 δὲ
3727 4707 3840 4757 τῶν

2251 4793 2617 4866 ἁμαρτωλῶν,
2651 4796 2745 4848 καὶ
2783 4795 2947 4848 αὑταὶ
2993 4794 3145 4847 ἐνθεν
3204 4793 3625 4863 ἀπάγονται,ὼς
3674 4796 3707 4866 ἡ
3741 4796 3838 4849 τοῦ

2259 4884 2519 4937 πλουσίου
2533 4925 2545 4938 .

2333 4994 2349 5025 ι
2380 4977 2488 5027 Καὶ
2523 4975 2631 5029 ἰδοὺ
2650 4975 3168 5047 ἐκραξανλέγοντες⁶
3206 4977 3271 5030 Τί
3295 4978 3427 5047 ἡμῖν
3460 4977 3555 5031 καὶ
3585 4979 3693 5043 σοι,
3732 4979 3842 5048 ἰη‹

2240 5064 2339 5119 σοῦ
2366 5067 2461 5119 Υίὲ
2491 5066 2586 5120 τοῦ
2617 5068 2751 5121 Θεοῦ
2777 5086 2791 5135 ;
2816 5064 2977 5139 ἦλθες
3000 5062 3101 5122 ὦδε
3148 5068 3255 5137 πρὸ
3281 5068 3476 5137 καιροῦ
3527 5068 3829 5139 βασανίσαι

2235 5159 2419 5227 mut;
2454 5177 2472 5210 ι
2518 5158 2648 5210 Ἰδοὺ
2685 5158 2813 5211 Υίὸν
2848 5158 2939 5213 τοῦ
2975 5157 3109 5211 Θεοῦ
3172 5158 3533 5228 κηρύσσουσι,
3564 5159 3836 5231 πρότερον

2235 5249 2629 5319 ὁμολογοῦντες
2692 5249 2793 5319 τὴν
2824 5248 3043 5319 ἔχθραν.
3080 5249 3317 5304 Βάσανον
3357 5250 3413 5304 δὲ
3469 5249 3731 5319 ἡγοῦνται
3782 5250 3847 5305 τὸ

2244 5340 2319 5410 μὴ
2350 5340 2749 5412 συγχωρεῖσθαι
2778 5340 2981 5393 ἀδικεῖν
3011 5342 3135 5403 τοὺς
3160 5340 3480 5412 ἀνθρώπους
3513 5358 3525 5372 °
3562 5342 3621 5394 τὸ
3652 5342 3708 5395 δὲ
3736 5343 3849 5413 πρὸ

2241 5432 2462 5503 καιροῦ,
2487 5434 2595 5485 νόει
2629 5434 2711 5486 ὅτι
2738 5432 2985 5505 ἐνόμιζον
3007 5433 3099 5487 τὸν
3129 5434 3365 5505 Χριστὸν
3392 5432 3467 5503 μὴ
3494 5432 3849 5503 ὑπομένοντα

643 5563 875 5621 “Marc.
902 5581 953 5631 v,
988 5566 1056 5631 9;
1097 5565 1225 5620 Luc.
1265 5582 1383 5632 vui,
1416 5567 1508 5633 56,
1585 5566 1629 5599 ¹⁵
1663 5566 1788 5639 Sap.
1830 5582 1909 5625 tu.
1944 5567 1995 5623 i.
2074 5570 2115 5600 "

2240 5586 2279 5626 ε.
2307 5589 2419 5639 xw,
2449 5574 2473 5625 ί
2510 5588 2663 5643 seqq.

1508 5709 1600 5769 Ex
1634 5707 1976 5773 collatione
2011 5709 2197 5773 codd.
2232 5714 2459 5777 Venet.
2494 5715 2558 5777 S.
2588 5713 2807 5778 Marci.

655 5825 735 5902 (6)
770 5828 1071 5900 Πράγματι
1102 5829 1349 5901 βιωτικά,
1392 5834 1507 5889 cod.
1540 5834 1627 5891 32.
