4004 6410
163 406 250 470 239
808 398 1260 465 ENARRATIO
1300 402 1382 463 IN
1415 397 1927 462 EVANGELIUM
1974 394 2361 455 MATTILEI.
2400 418 2466 430 ·-
2505 392 2664 452 C.\l‘.
2708 392 2811 451 IX.

3354 385 3460 451 230

207 536 221 566 ι
263 513 396 570 Τότε
436 516 849 587 προσέρχονται
886 513 1035 586 αύτῷ
1070 514 1122 567 οί
1176 510 1426 585 μαθηταὶ
1467 510 1745 572 Ἰωάννου,

1930 506 2095 561 Vnus.
2163 506 2251 560 H.
2313 523 2331 557 ι
2394 504 2547 558 'l'unc
2604 502 2873 558 accedunt
2912 500 2979 555 ad
3033 514 3156 554 eum
3212 497 3460 567 discipuli

142 612 401 673 λέγοντες
439 612 609 664 Διατί
660 612 824 682 ἡμεῖς
857 612 954 664 καὶ
1002 610 1053 663 οἱ
1082 609 1374 679 Φαρισαῖοι
1409 605 1751 676 νηστεύομεν

1888 601 2102 664 oannis,
2132 598 2375 653 dicentes
2407 613 2423 651 :
2457 595 2637 663 Quare
2658 611 2755 649 nos
2783 604 2838 648 et
2859 591 3120 648 Pharisaei
3150 590 3465 660 ji-jnnamus

146 700 309 764 πελλὶι.
335 702 386 755 οἱ
408 701 471 755 δὲ
503 700 754 773 μαθηταί
781 717 877 755 σου
908 700 970 755 οὐ
997 698 1391 772 νηστεύουσιν;
1430 716 1448 749 ι
1475 697 1540 749 Oi
1572 695 1752 766 μαθη-

143 798 216 849 ταὶ
257 796 545 865 Ἰωάννου,
605 794 936 865 φθονοῦντες
988 797 1057 866 τῇ
1109 793 1238 865 δόξῃ
1310 790 1409 846 τοῦ
1474 789 1747 863 Χριστοῦ,

1857 693 2197 762 frequenter,
2232 690 2481 759 discipuli
2512 699 2691 743 autem
2719 689 2793 742 lui
2824 701 2931 741 non
2955 684 3251 755 jejunant?
3282 703 3301 734 ι
3333 682 3453 738 Dis-

1858 788 2022 856 cipuli
2091 786 2319 841 Joannis
2350 784 2593 840 invident
2617 783 2802 855 gloria:
2832 780 3059 847 Christi,
3093 791 3146 835 et
3172 778 3468 848 reprehen-

143 889 453 956 ἐγκαλοῦσιν
508 888 664 961 αὐτῷ
715 889 792 960 μὴ
836 887 1187 959 νηστεύοντν
1229 886 1597 958 διηποροῦντο
1643 886 1754 955 γὰρ

1882 881 1993 935 lunt
2033 895 2156 935 cum
2202 895 2308 934 non
2339 877 2701 948 jejunantem.
2768 874 3105 930 Dubitabant
3156 872 3301 927 enim
3354 869 3468 927 for-

145 989 278 1047 ἴσως,
298 986 421 1049 πῶς
450 986 591 1039 ἄνευ
621 987 912 1055 ἀσκήσεως
933 982 1004 1037 τά
1031 982 1180 1053 πάθη
1209 983 1359 1053 νικᾷ,
1386 982 1525 1052 ὅπερ
1568 978 1756 1034 ’ῐωάν-

144 1096 222 1147 νηε
244 1078 339 1130 οὒκ
368 1077 611 1147 ἴσχυσεν
635 1092 648 1103 ·
682 1074 917 1145 ἠγνόουν
945 1074 1054 1144 γὰρ
1089 1073 1171 1127 ὅτι
1209 1072 1469 1143 Ἰωάννης
1501 1072 1603 1141 μὲν
1660 1070 1757 1125 ἄν·

146 1169 340 1238 Optem;
372 1167 565 1233 ψιλὸς,
605 1168 701 1219 καὶ
732 1162 794 1231 ἐξ
838 1165 1043 1237 ἀρετῆς
1078 1162 1295 1227 δίκαιος
1318 1180 1335 1195 ⁸
1384 1163 1627 1235 Χριστὸς
1672 1163 1753 1226 δὲ,

148 1262 467 1333 αζτοαρετὴ,
509 1262 585 1325 ὼς
608 1261 763 1324 Θεός.

213 1466 229 1497 ι
264 1443 439 1499 Εἶπεν
474 1443 577 1498 οὖν
602 1444 792 1506 αὐτοῖς
823 1444 851 1497 ὁ
899 1440 1134 1513 Ἰησοῦς·
1161 1442 1254 1512 Μὴ
1286 1441 1545 1496 δύνανται
1574 1444 1622 1495 οἱ
1650 1444 1760 1496 υἱοὶ

148 1540 225 1592 τοῦ
267 1540 579 1609 νυμφῶνος
623 1536 865 1598 πενθεῖν,
919 1537 1005 1607 ἐφ’
1054 1536 1182 1589 ὅσον
1233 1537 1351 1607 μετ’
1394 1536 1578 1590 αὐτῶν
1612 1538 1760 1589 ἐστιν

148 1633 469 1702 ὀνυμψίοςς
511 1628 866 1684 Ἐλεύσονται
904 1628 961 1681 δέ
988 1628 1194 1699 ἡμέραι
1222 1629 1355 1682 ὅταν
1402 1626 1626 1698 ἀπαρθῇ
1663 1626 1759 1679 ἀπ’

149 1725 309 1776 αὑτῶν
356 1726 388 1778 ὁ
429 1722 700 1791 νυμφίος,
737 1721 831 1773 καὶ
869 1720 992 1773 τότε
1040 1716 1458 1785 νηστεύσουσιν.
1502 1716 1758 1809 ιΧρρᾶς,

1862 985 2008 1030 tasse
2054 971 2332 1044 quomodo
2382 976 2627 1024 vinceret
2674 969 2881 1036 absque
2930 965 3178 1033 corporis
3227 964 3467 1034 castiga-

1862 1071 2010 1124 tione
2043 1065 2382 1127 affectiones,
2417 1061 2468 1116 id
2502 1060 2647 1131 quod
2676 1058 2921 1113 Joannes
2947 1073 3051 1112 non
3084 1056 3282 1126 potuit.
3311 1055 3469 1124 Igno-

1862 1161 2058 1215 rabant
2110 1157 2256 1211 enim
2305 1152 2448 1224 quod
2488 1151 2726 1207 Joannes
2772 1149 2936 1203 homo
2975 1158 3122 1203 esset
3165 1162 3357 1217 purus,
3410 1156 3465 1200 et

1863 1254 2067 1307 virtute
2093 1251 2294 1319 justus.
2325 1245 2583 1302 Christus
2619 1252 2799 1297 autem
2858 1232 3033 1295 virtus
3088 1239 3240 1309 ipsa,
3283 1248 3472 1307 utpote

1866 1345 2030 1401 Deus.

1946 1362 1975 1399 u
2015 1386 2030 1401 .

1940 1360 2102 1491 “satis.
2139 1433 2226 1490 15.
2262 1451 2281 1484 ι
2322 1429 2465 1485 Dixit
2490 1428 2656 1499 igitur
2686 1424 2793 1480 illis
2824 1422 3024 1478 Jesus:
3065 1418 3205 1474 Num
3240 1428 3471 1490 possunt

1868 1534 1960 1586 filii
1994 1529 2222 1585 thalami
2273 1527 2461 1595 lugere
2511 1522 2756 1594 quandiu
2802 1533 2926 1573 cum
2963 1517 3043 1572 eis
3074 1526 3158 1570 est
3198 1515 3471 1586 sponsus!

1868 1626 2103 1683 Venient
2137 1634 2320 1679 autem
2365 1621 2484 1677 dies
2525 1633 2648 1673 cum
2692 1614 2975 1670 auferetur
3008 1611 3075 1666 ab
3107 1611 3187 1665 eis
3212 1625 3469 1677 sponsus,

1864 1731 1920 1776 et
1974 1729 2103 1775 tunc
2154 1717 2503 1789 jejunabnnt.
2560 1731 2578 1764 ι
2652 1709 2922 1771 Ριαιεεηε,
2987 1704 3184 1774 inquit,
3239 1713 3469 1772 tempus,

150 1818 328 1887 φησιν,
364 1816 393 1868 ὁ
430 1814 641 1884 παρὼν
672 1812 889 1883 καιρὸς,
921 1810 1029 1873 ἕως
1074 1803 1136 1864 οὗ
1173 1809 1311 1880 μετὰ
1341 1808 1452 1861 τῶν
1501 1795 1761 1879 μαθητῶν

1882 1827 2084 1881 ,ειιψυε
2133 1809 2315 1881 gaudii
2367 1816 2472 1871 est,
2522 1804 2762 1875 quandiu
2822 1814 2950 1856 cum
2983 1795 3268 1866 discipulis
3324 1810 3468 1850 sum.

148 1872 266 1975 έιρι.
293 1872 571 1977 Νυμφίον
595 1902 707 1973 γὰρ
738 1872 934 1957 ἐαυτδν
961 1872 1241 1971 ὀνομάζει,
1273 1900 1349 1964 ὠς
1379 1872 1759 1972 ἁρμοζόμενον

1882 1907 2145 1977 Sponsum
2192 1902 2340 1959 enim
2388 1901 2629 1969 seipsum
2680 1906 2863 1959 vocat,
2909 1892 3054 1962 quod
3104 1896 3320 1958 cooptet
3369 1887 3471 1943 sibi

148 1998 311 2069 ἑαυτῷ
338 1999 450 2070 τὴν
502 1996 634 2049 νέαν
684 1994 1037 2065 συναγωγὴν,
1083 1991 1471 2064 ἀποθανούσης
1510 1994 1611 2063 τῆς
1652 2011 1760 2045 πα-

147 2090 322 2152 λαιᾶς·
354 2090 525 2152 υίοὺς
557 2088 612 2141 δὲ
641 2086 956 2157 νυμφῶνος,
989 2085 1115 2159 τοὺς
1175 2085 1534 2148 ἀποστόλους.
1566 2086 1763 2137 Ἔσται

147 2185 226 2241 οὖν
242 2185 469 2252 καιρὸς,
501 2181 696 2253 φησὶν,
722 2181 836 2247 ὅτε,
864 2178 999 2250 ἐμοῦ
1019 2178 1288 2243 παθόντος
1309 2180 1406 2234 καὶ
1422 2176 1764 2249 ἀναληφθέν-

148 2296 241 2342 ςος,
272 2277 682 2348 νηστεύσουσιν
728 2276 787 2328 ἐν
822 2272 969 2343 λιμῷ
1016 2274 1110 2327 καὶ
1138 2271 1268 2343 δίψῃ
1303 2271 1652 2342 διωκόμενοι.
1692 2270 1765 2324 Τὸ

150 2372 327 2435 ἀτελὲς
357 2372 421 2425 δέ
447 2370 565 2423 τῶν
600 2366 869 2440 μαθητῶν
892 2365 1179 2428 δεικνύων,
1215 2365 1439 2429 ἐπάγειν

216 2576 232 2607 ι
270 2556 472 2620 Οὐδεὶς
512 2554 572 2608 δέ
604 2552 897 2607 ἐπιϐάλλει
928 2552 1216 2623 νέπίὸλημα
1264 2552 1468 2621 ῥάκους
1511 2548 1763 2617 ἀγνάφου

94 2722 97 2729 ⁴
153 2650 231 2702 ἐπὶ
259 2650 472 2721 ἱματίῳ
497 2647 739 2720 παλαιῷ,
766 2648 913 2717 αἴρει
938 2649 1047 2717 γὰρ
1069 2648 1129 2700 τὸ
1154 2647 1431 2716 πλήρωμα
1457 2643 1626 2697 αὐτοῦ
1658 2643 1766 2695 ἀπὸ

152 2743 234 2798 τοῦ
264 2745 520 2816 ἱματίου,
562 2745 658 2798 καὶ
695 2745 883 2813 χεῖρον
920 2742 1129 2812 σχίσμα
1176 2741 1410 2809 γίνεται.
1452 2738 1587 2792 Οὐδὲ
1631 2737 1763 2807 βάλ-

154 2836 322 2888 λουσιν
366 2830 525 2887 οἶνον
560 2834 680 2886 νέον
713 2835 794 2895 είς
829 2832 1033 2895 ἀσκοὺς
1076 2831 1343 2894 παλαιούς
1369 2845 1384 2860 ⁸
1420 2830 1468 2882 εί
1505 2828 1561 2881 δὲ
1596 2828 1763 2898 μήγε,

160 2929 453 3000 ῥήγνυνται
478 2927 531 2980 οἱ
555 2925 742 2993 ἀσκοὶ,
772 2925 911 2978 καὶὸ
930 2921 1074 2987 οἶνος
1098 2925 1367 2994 ἐκχεῖται,
1397 2920 1491 2975 καὶ
1520 2921 1569 2973 οἱ
1603 2920 1767 2973 ἀσκοὶ

160 3023 507 3076 ἀπόλλυνται·
557 3021 699 3076 ἀλλὰ
744 3021 1037 3092 βάλλουσιν
1081 3015 1229 3073 οἶνον
1275 3020 1396 3072 νέον
1448 3019 1529 3079 είς
1562 3017 1768 3079 ἀσκοὺς

162 3118 394 3179 καινοὺς,
429 3114 531 3169 καὶ
556 3116 853 3186 ἀμφύτερα
886 3109 1542 3184 συντηροῦνται.›05πω,
1573 3112 1765 3180 φησὶν,

160 3210 202 3262 οἱ
231 3211 481 3281 μαθηταὶ
510 3208 806 3299 γεγόνασιν
838 3206 1078 3299 ισχυροὶ,
1118 3206 1257 3260 ἀλλὰ
1293 3202 1764 3273 συγκαταϐάσεως
1796 3240 1839 3299 c

161 3299 357 3353 δέονται
377 3316 395 3333 ο
430 3300 529 3354 καὶ
556 3298 617 3352 οὐ
643 3298 752 3369 χρὴ
770 3297 955 3368 ,βάρος
1014 3298 1199 3361 αὐτοῖς
1232 3294 1537 3349 ἐπιτιθέναι
1562 3295 1765 3346 ἐπιτα-

164 3392 403 3459 γμάτων.
434 3389 627 3443 Ταῦτα
647 3391 706 3444 δὲ
730 3390 909 3458 ἔλεγε,
933 3390 1202 3444 διδάσκων
1223 3390 1318 3444 καὶ
1340 3389 1468 3453 τοὺς
1492 3388 1768 3459 μαθητὰς,

167 3482 239 3536 ἶνα
256 3485 351 3538 καὶ
380 3483 569 3547 αὐτοὶ,
600 3484 734 3537 ὅταν
763 3481 1115 3553 μαθητεύωσι
1138 3482 1239 3553 τὴν
1265 3481 1617 3551 οἰκουμένην,
1647 3497 1774 3548 συγ-

166 3575 559 3628 καταϐαίνωσι.
606 3572 802 3639 Ῥάκος
849 3570 944 3629 οὖν
1003 3575 1245 3644 άγναφον
1294 3576 1328 3645 ὴ
1372 3574 1621 3645 νηστεία,
1679 3575 1774 3627 καὶ

166 3663 295 3733 οἶνος
327 3668 462 3732 νέος
485 3684 501 3699 ο
540 3668 758 3740 ἱμάτιον
805 3668 863 3722 δὲ
909 3668 1142 3722 παλαιὸν
1188 3668 1285 3721 καὶ
1326 3667 1512 3735 ἀσκοὶ,
1538 3669 1572 3738 ἡ
1605 3666 1774 3721 ἀσθέ-

167 3779 272 3815 νεια
297 3762 415 3815 τῶν
447 3759 735 3832 μαθητῶν.

233 3872 251 3905 ι
295 3852 491 3907 Ταῦτα
531 3852 700 3905 αὐτοῦ
752 3850 1043 3915 λαλοῦντος
1075 3852 1283 3919 αὐτοῖς,
1317 3853 1427 3908 ίδοὺ
1466 3854 1653 3926 ἄρχων
1686 3872 1771 3917 τις

169 3946 499 4018 προσεκύνει
523 3944 695 4015 αὐτῷ,
728 3945 906 4013 λέγων
925 3962 939 3979 ·
985 3945 1051 4000 Ἦ
1078 3946 1327 4018 θυγάτηρ
1365 3964 1467 4017 μου
1495 3949 1622 4019 ἄρτι
1652 3950 1771 4002 ἐτε-

168 4039 453 4110 λεύτησεν,
472 4037 614 4092 ἀλλὰ
631 4036 807 4092 ἐλθὼν
826 4038 1018 4102 ἐπίθες
1039 4038 1140 4110 τὴν
1163 4040 1325 4110 χεῖρά
1349 4056 1444 4093 σου
1469 4040 1555 4093 ἐπ’
1575 4040 1770 4111 αὐτὴν,

168 4134 252 4187 nl
279 4130 550 4202 ζήσεται·
606 4130 700 4182 καὶ
751 4127 1006 4200 ἐγερθεὶς
1051 4130 1079 4182 ὁ
1145 4129 1353 4200 Ἰησοῦς
1398 4129 1775 4202 ἠκολούθησεν

170 4223 329 4295 αὐτῷ,
360 4224 462 4277 καὶ
488 4222 539 4275 οἱ
574 4221 820 4294 μαθηταὶ⁵
844 4220 1033 4279 αὑτοῦ.
1073 4241 1091 4275 ι
1126 4223 1388 4276 Φαίνεται
1421 4224 1607 4276 πίστιν
1634 4222 1775 4293 έχων

170 4311 337 4383 οὗτος,
372 4318 423 4371 ει
460 4318 558 4370 καὶ
603 4314 679 4387 μὴ
714 4315 962 4387 μεγάλην
984 4331 999 4346 ’
1033 4317 1348 4388 παρακαλεῖ
1388 4317 1500 4387 γὰρ
1530 4316 1622 4369 τὸν
1667 4315 1776 4385 Ἰη-

174 4405 311 4475 adfui,
349 4409 479 4479 οὐχ).
509 4407 656 4479 λόγῳ
702 4408 851 4477 μόνῳ
894 4406 1096 4472 εἰπεῖν,
1132 4406 1273 4461 ἀλλὰ
1303 4409 1401 4461 καὶ
1451 4406 1650 4475 ἐλθεῖν,
1682 4408 1777 4461 καὶ

171 4502 261 4572 τὴν
286 4503 453 4572 χεῖρα
480 4496 777 4552 ἐπιθεῖναι.
803 4497 1269 4568 Τετελευτηκέναι
1296 4498 1355 4551 δὲ
1380 4497 1531 4565 λέγει
1554 4497 1653 4570 τὴν
1683 4497 1778 4552 θυ-

172 4594 396 4663 γατέρα,
425 4592 605 4646 καίτοι
639 4590 735 4645 τοῦ
778 4591 968 4644 Λουκᾶ
991 4556 1249 4659 λέγοντος
1298 4591 1377 4655 ὡς
1418 4556 1578 4644 οῦπω
1608 4556 1767 4644 ,τετε-

1889 4590 2079 4653 filiam,
2131 4581 2381 4653 quamvis
2422 4574 2566 4648 apud
2608 4571 2812 4635 Lucam
2846 4566 3062 4621 dicatur
3097 4556 3333 4668 nonduml

172 4684 458 4756 λεύτηκεν,
503 4681 537 4753 ἢ
581 4682 658 4747 ὡς
689 4682 1114 4754 στοχαζόμενος,
1166 4683 1253 4737 διὰ
1298 4683 1362 4737 τὸ
1407 4684 1466 4735 ἐν
1516 4684 1778 4754 ἐσχάταις

174 4779 468 4841 ἀναπνοαῖς
493 4776 669 4847 αὐτὴν
693 4777 944 4846 ἀφεῖναι,
999 4776 1031 4847 ἢ
1061 4773 1314 4841 αὐξάνων
1337 4775 1438 4848 τὴν
1464 4777 1773 4850 συμφορὰν,

175 4869 239 4933 di;
265 4874 348 4935 είς
376 4871 532 4923 ἔλεον
565 4868 796 4923 ἑλκύσαι
824 4868 915 4921 τὸν
947 4868 1206 4938 Χριστόν.

246 5080 262 5113 ι
294 5062 404 5116 Καὶ
441 5061 553 5116 (Bob
580 5061 718 5131 γυνὴ
747 5058 1123 5132 αἱμορροοῦσα
1155 5056 1368 5111 δώδεκα
1395 5056 1517 5126 ἐτη,
1545 5056 1776 5128 προσελ-

176 5154 337 5221 θοῦσα
387 5158 638 5226 ὄπισθεν,
680 5159 861 5230 ἥψατο
910 5156 1004 5211 τοῦ
1054 5155 1370 5229 κρασπέδου
1414 5153 1509 5208 τοῦ
1553 5154 1772 5225 ἱματίου

178 5248 352 5304 αὑτοῦ.
387 5251 584 5319 Ἔλεγε
609 5250 718 5322 γὰρ
748 5250 806 5304 ἐν
834 5251 1027 5320 ἑαυτῇ·
1061 5248 1190 5303 Ἐὰν
1228 5249 1392 5319 μόνον
1419 5247 1649 5317 ἅψωμαι
1676 5246 1771 5300 τοῦ

181 5343 386 5409 ἱματίου
415 5342 608 5407 αὐτοῦ,
634 5342 975 5414 σωθήσομαι.
1001 5342 1062 5395 '0
1087 5340 1144 5394 δέ
1181 5341 1388 5412 Ἰησοῦς
1412 5341 1772 5411 ἐπιστραφεὶς

179 5434 266 5486 καὶ
296 5436 419 5489 ἰδὼν
447 5435 644 5507 αὐτὴν,
667 5431 812 5490 εἴπεο
846 5436 1076 5507 Θάρσει,
1111 5436 1373 5506 θύγατερ,
1403 5434 1436 5506 ἡ
1464 5432 1643 5496 πίστις
1676 5450 1771 5485 σου

184 5524 378 5580 σέσωκέ
410 5545 505 5609 σε..
540 5528 650 5582 Καὶ
687 5526 868 5599 ἐσώθη
916 5530 948 5598 ἡ
989 5527 1128 5600 γυνὴ
1158 5528 1266 5581 ἀπὸ
1298 5528 1397 5599 τῆς
1431 5526 1581 5598 ὥρας
1619 5525 1766 5579 ἐκεί-

180 5637 285 5690 νης.
322 5642 340 5673 ι
385 5624 729 5695 Ἀκάθαρτος
760 5618 895 5677 οὖσα
924 5620 1013 5676 διὰ
1055 5623 1121 5675 τὰ
1154 5622 1349 5689 πάθος,
1399 5621 1459 5673 οὐ
1492 5620 1769 5693 προσῆλθε

182 5714 413 5785 φανερῶς
464 5717 498 5788 ὴ
544 5716 708 5786 γυνὴ,
745 5714 1123 5786 εὐλαϐουμένη
1170 5716 1366 5786 μήπως
1426 5716 1677 5787 κωλυθῇ·
1721 5716 1770 5768 ει

180 5810 263 5863 ναὶ
280 5812 493 5884 ἐνόμισε
514 5814 573 5868 δὲ
590 5812 904 5877 λανθάνειν,
928 5812 1071 5884 πλὴν
1090 5813 1324 5884 ἤλπισεν
1348 5812 1542 5881 ὑγείας
1562 5814 1767 5883 τυχεῖν,

183 5904 218 5953 ri
251 5903 404 5972 μόνον
434 5905 531 5961 τοῦ
567 5906 745 5979 ἄκρου
772 5904 865 5959 τοῦ
905 5905 1122 5977 ίματίου
1158 5906 1377 5976 ἅψεται.
1411 5907 1584 5961 Τοῦτο
1632 5908 1764 5976 γὰρ,

1868 2016 2060 2059 novam
2094 1996 2595 2068 congregationem,
2626 1997 2840 2045 mortua
2862 1984 3173 2050 veteri,hoc
3201 1992 3306 2045 est,
3340 1994 3471 2052 syn-

1868 2107 2058 2163 agoga.
2112 2090 2282 2146 Filios
2372 2095 2553 2141 autem
2625 2080 2876 2143 thalami,
2942 2074 3221 2146 apostolos
3290 2081 3470 2126 meat.

1868 2188 2109 2258 Tempus
2143 2185 2269 2251 erit,
2306 2181 2504 2251 inquit,
2541 2176 2757 2247 jejunii,
2792 2187 2915 2229 cum
2947 2184 3048 2242 ego
3072 2180 3265 2239 passus
3294 2166 3469 2227 fuero.

1868 2289 1923 2337 et
1969 2287 2281 2346 assumptus
2326 2276 2381 2329 in
2432 2270 2660 2327 cretum.
2705 2265 3039 2337 Jejunabunt
3084 2260 3227 2316 fame
3255 2268 3310 2315 et
3356 2260 3469 2321 siti,

1871 2371 2311 2445 persecutionem
2343 2367 2637 2436 patientes.
2672 2360 2925 2414 Ostendit
2957 2367 3136 2411 autem
3170 2368 3331 2425 quam
3369 2355 3474 2405 im-

1868 2466 2099 2539 perfecti
2129 2465 2241 2520 sint
2267 2458 2543 2529 discipuli,
2573 2466 2627 2510 et
2652 2454 2789 2509 dicit
2818 2471 2830 2507 :

1941 2559 2107 2614 Vens.
2150 2558 2235 2621 16,
2270 2557 2358 2609 17.
2407 2570 2426 2603 ι
2468 2550 2657 2604 Nullus
2699 2555 2881 2602 autem
2917 2540 3164 2597 immittit
3194 2552 3479 2592 assumen-

1873 2667 1983 2710 tunt
2024 2650 2187 2723 panni
2223 2649 2376 2704 rudis
2415 2645 2470 2699 in
2504 2653 2659 2698 veste
2701 2638 2875 2694 veteri
2914 2654 2926 2690 :
2976 2634 3117 2689 tollit
3155 2632 3300 2687 enim
3351 2645 3478 2695 snp-

1870 2748 2201 2818 plementum
2255 2742 2402 2796 illius
2464 2752 2494 2792 a
2545 2734 2899 2797 vestimento,
2950 2727 3061 2801 Μ.
3107 2724 3367 2797 priorque
3422 2723 3479 2774 fit

1873 2817 2119 2912 ruptura.
2150 2835 2338 2906 Neque
2376 2833 2597 2886 mittunt
2633 2829 2818 2881 vinum
2856 2836 3054 2877 novum
3102 2817 3155 2871 in
3192 2824 3343 2867 tttres
3382 2826 3476 2866 ve-

1875 2903 2019 2990 teres
2051 2954 2061 2986 :
2116 2903 2319 2998 alioqui
2374 2929 2701 2992 rumpuntur
2732 2928 2906 2980 utres,
2948 2920 3001 2967 et
3035 2910 3217 2961 vinum
3248 2903 3479 2961 effundi-

1874 3034 1984 3089 tur,
2020 3029 2074 3076 ct
2105 3030 2254 3074 utres
2302 3022 2576 3085 pereunt:
2626 3010 2720 3065 sed
2764 3010 2987 3061 mittunt
3042 3001 3226 3054 vinum
3274 3011 3474 3049 novum

1874 3116 1929 3169 in
1966 3124 2121 3167 utres
2147 3122 2341 3172 novos,
2380 3114 2430 3160 et
2470 3112 2705 3171 utraque
2729 3095 2891 3153 simul
2922 3100 3231 3149 servantur.
3272 3106 3290 3138 ι
3326 3084 3478 3139 Non.-

1875 3207 2029 3267 dum,
2064 3202 2261 3271 inquit,
2315 3197 2443 3249 facti
2492 3202 2621 3248 sunt
2663 3186 2915 3257 discipuli
2970 3181 3165 3244 fortes,
3210 3177 3304 3233 sed
3342 3189 3480 3243 opus

1881 3296 2083 3351 habent
2122 3267 2491 3359 indulgentia,
2538 3297 2714 3351 neque
2746 3278 2970 3347 gravius
3019 3272 3190 3327 moles
3224 3268 3349 3343 illis
3375 3267 3481 3321 im-

1882 3390 2129 3461 ponenda
2165 3382 2575 3439 mandatorum.
2615 3374 2744 3429 llaec
2785 3380 2967 3425 autent
3008 3366 3244 3430 diccbat,
3278 3362 3482 3415 docens

1881 3451 1937 3535 et
1972 3474 2289 3544 discipulos,
2325 3479 2381 3523 ut
2417 3476 2471 3521 et
2506 3464 2609 3533 ipsi
2640 3460 2854 3519 docturi
2883 3458 3095 3521 orbem,
3137 3451 3483 3521 indulgentes

1884 3574 2010 3627 sint.
2062 3568 2283 3621 Pannus
2339 3561 2483 3617 enim
2530 3555 2681 3612 rudis
2723 3552 2993 3623 jejunium
3045 3555 3153 3612 est,
3198 3553 3253 3600 et
3295 3544 3481 3597 vinum

1884 3680 2083 3720 novum
2132 3680 2145 3716 :
2203 3658 2372 3712 vestis
2422 3662 2605 3707 autem
2667 3657 2817 3703 vetus
2854 3652 2909 3702 et
2960 3653 3136 3707 utres,
3190 3636 3483 3693 infirmitas

1884 3755 2299 3824 discipulorum.

1959 3847 2123 3901 Vsus.
2169 3841 2255 3905 18,
2299 3840 2387 3892 1...
2430 3856 2450 3889 ι
2498 3843 2630 3890 cum
2671 3832 2785 3887 lucc
2833 3827 2937 3882 illis
2971 3824 3309 3893 loqueretur,
3352 3833 3482 3873 ecce

1887 3942 2139 4009 princeps
2191 3933 2409 4005 quidam
2445 3927 2673 3983 accessit
2730 3932 2786 3980 et
2820 3919 3068 3975 adoravit
3100 3930 3224 3971 eum
3253 3914 3437 3967 dicens
3465 3930 3479 3964 :

1887 4035 2023 4089 Filia
2062 4046 2178 4085 mea
2242 4026 2402 4081 modo
2433 4020 2692 4079 defuncta
2745 4024 2869 4081 est;
2899 4012 2991 4068 sed
3034 4012 3193 4073 veni,
3240 4014 3294 4061 et
3342 4020 3482 4073 pone

1891 4144 2111 4184 manum
2153 4134 2299 4179 tuam
2343 4133 2510 4189 super
2539 4129 2684 4179 eam,
2729 4120 2787 4166 et
2816 4109 2983 4163 vivet.
3021 4103 3366 4171 Surgensque
3394 4095 3485 4152 Je-

1888 4238 1980 4277 sus
2010 4227 2233 4283 secutus
2255 4224 2338 4269 est
2361 4226 2484 4267 eum
2522 4217 2579 4263 et
2616 4201 2863 4273 discipuli
2891 4200 3030 4270 ejus.
3080 4214 3099 4248 ›
3126 4193 3353 4247 Videtur
3392 4189 3483 4243 ille

1892 4314 2050 4369 fidem
2082 4311 2303 4373 habere,
2325 4305 2576 4376 quamvis
2600 4314 2707 4353 non
2741 4308 3016 4365 magnam.
3047 4287 3314 4343 Obsecrat
3338 4282 3481 4336 enim

1888 4405 2096 4468 Jesum,
2126 4414 2233 4455 non
2265 4371 2324 4451 ut
2344 4371 2530 4447 solum
2546 4390 2773 4444 verbum
2799 4386 2965 4448 dicat,
2992 4378 3087 4435 sed
3112 4385 3167 4429 et
3194 4382 3254 4427 ut
3278 4371 3479 4433 veniat,

1889 4504 1941 4551 et
1977 4506 2198 4549 manum
2258 4490 2527 4556 imponat.
2575 4478 2895 4533 Defunctum
2946 4478 3127 4541 autem
3175 4476 3297 4519 esse
3348 4460 3483 4514 dicit

3387 4553 3480 4605 tle-

1888 4684 2092 4745 fnncta,
2124 4678 2257 4732 dicit
2288 4683 2471 4728 autem
2522 4666 2671 4723 velut
2723 4660 3057 4731 conjectans,
3091 4665 3157 4707 eo
3196 4644 3338 4745 quod
3389 4656 3476 4696 re-

1887 4737 2121 4846 liqnerat
2155 4784 2275 4824 eam
2311 4768 2423 4837 jam
2462 4770 2771 4819 extremnm
2808 4750 3153 4808 exhalantem
3198 4737 3478 4838 spiritum,

1886 4828 1971 4922 vel
2017 4876 2075 4921 ut
2104 4876 2311 4932 augens
2355 4854 2749 4914 calamitatem,
2792 4858 2900 4916 quo
2938 4840 3006 4895 ad
3046 4828 3473 4891 misericordiam

1887 4966 2211 5035 provocaret
2240 4954 2545 5010 Christum.
3369 5015 3381 5026 .
3431 5013 3442 5025 .

1958 5056 2125 5111 Vsus.
2181 5048 2373 5103 20-22.
2422 5062 2441 5097 ι
2501 5042 2568 5098 Ει
2608 5051 2737 5094 ecce
2784 5030 2983 5089 mulier
3035 5038 3156 5096 qua:
3193 5028 3476 5111 sanguinis

1886 5144 2154 5221 profluvio
2204 5140 2545 5196 laboraverat
2605 5130 2768 5185 annis
2816 5120 3126 5181 duodecim,
3155 5108 3395 5221 accessit.
3442 5117 3474 5158 ε

1886 5202 2059 5312 ἷθτςο,
2094 5226 2165 5295 et
2193 5235 2369 5305 tetigit
2414 5229 2683 5286 fimbriam
2735 5214 3039 5278 vestimenti
3071 5210 3225 5279 ejus;
3260 5202 3477 5258 dicebat

1884 5341 2027 5393 enim
2052 5338 2201 5389 intra
2237 5329 2593 5397 semetipsam
2630 5341 2643 5377 :
2680 5321 2735 5376 Si
2766 5324 2980 5372 tantum
3007 5308 3232 5377 tetigero
3266 5310 3472 5352 vestem

1882 5437 2023 5503 ejus,
2074 5431 2222 5485 salva
2270 5441 2385 5481 ero.
2437 5422 2598 5479 Jesus
2632 5426 2814 5472 autem
2854 5417 3187 5465 conversus,
3235 5405 3293 5451 ut
3326 5395 3474 5503 ’vidit

1850 5526 1853 5529 λ
1884 5486 2051 5589 illam,
2083 5525 2213 5579 dixit
2240 5540 2254 5576 :
2283 5517 2529 5581 Confide,
2564 5513 2698 5576 ﬁlia,
2729 5508 2863 5563 fides
2889 5513 2977 5557 tua
3012 5496 3215 5555 salvam
3248 5486 3475 5589 tie-feeit.

1887 5623 1947 5677 Et
1999 5582 2145 5675 salva
2186 5617 2325 5669 facta
2382 5611 2483 5666 fuit
2533 5605 2733 5663 mulier
2765 5616 2830 5655 ex
2874 5599 3007 5653 liora
3051 5591 3163 5647 illa.
3208 5605 3228 5641 ι
3278 5582 3474 5639 Mulier

1881 5719 1997 5773 haec
2029 5713 2289 5784 quoniam
2334 5708 2404 5762 ob
2441 5705 2691 5760 morbum
2745 5691 3025 5753 immunda
3056 5693 3195 5749 erat,
3232 5694 3340 5735 non
3382 5691 3474 5731 ac-

1880 5775 2060 5866 cessit.
2095 5805 2406 5869 manifeste,
2440 5800 2614 5855 verita
2662 5810 2731 5852 ne
2775 5792 2917 5847 forte
2956 5802 3065 5860 quo
3096 5790 3255 5857 pacto
3285 5775 3473 5848 prohi-

1880 5909 2122 5959 bcrctur.
2161 5899 2421 5967 Quamvis
2464 5905 2641 5951 autem
2693 5890 2915 5963 putabat
2965 5903 3024 5945 se
3062 5899 3227 5960 posse
3276 5885 3469 5947 latere,
