  <div class='ocr_page' id='page_1' title='image "/cluster/home/n/w/nwhite01/storage/ocr_20150623/123/ien.35556001659978/123.png"; bbox 0 0 4004 6410; ppageno 0'>
   <div class='ocr_carea' id='block_1_1' title="bbox 595 355 694 421">
    <p class='ocr_par' dir='ltr' id='par_1_1' title="bbox 595 355 694 421">
     <span class='ocr_line' id='line_1_1' title="bbox 595 355 694 421; baseline 0.01 -1"><span class='ocrx_word' id='word_1_1' title='bbox 595 355 694 421; x_wconf 73' lang='grc'><strong>931</strong></span> 
     </span>
    </p>
   </div>
   <div class='ocr_carea' id='block_1_2' title="bbox 1457 351 2920 417">
    <p class='ocr_par' dir='ltr' id='par_1_2' title="bbox 1457 351 2920 417">
     <span class='ocr_line' id='line_1_2' title="bbox 1457 351 2920 417; baseline -0.002 0"><span class='ocrx_word' id='word_1_2' title='bbox 1457 353 2048 417; x_wconf 80' lang='lat' dir='ltr'><strong>THEOPHYLACTI</strong></span> <span class='ocrx_word' id='word_1_3' title='bbox 2101 352 2518 415; x_wconf 66' lang='lat' dir='ltr'><strong>BULGARHS</strong></span> <span class='ocrx_word' id='word_1_4' title='bbox 2560 351 2920 414; x_wconf 78' lang='lat' dir='ltr'><strong>ARCHIEP.</strong></span> 
     </span>
    </p>
   </div>
   <div class='ocr_carea' id='block_1_3' title="bbox 3793 351 3904 417">
    <p class='ocr_par' dir='ltr' id='par_1_3' title="bbox 3793 351 3904 417">
     <span class='ocr_line' id='line_1_3' title="bbox 3793 351 3904 417; baseline -0.036 0"><span class='ocrx_word' id='word_1_5' title='bbox 3793 351 3904 417; x_wconf 74' lang='grc'><strong>232</strong></span> 
     </span>
    </p>
   </div>
   <div class='ocr_carea' id='block_1_4' title="bbox 592 459 2155 537">
    <p class='ocr_par' dir='ltr' id='par_1_4' title="bbox 592 465 2155 537">
     <span class='ocr_line' id='line_1_4' title="bbox 592 465 2155 537; baseline -0.003 -15"><span class='ocrx_word' id='word_1_6' title='bbox 592 477 974 523; x_wconf 86' lang='lat' dir='ltr'><strong>verumtamen</strong></span> <span class='ocrx_word' id='word_1_7' title='bbox 1010 465 1246 537; x_wconf 63' lang='lat' dir='ltr'><strong>speravit</strong></span> <span class='ocrx_word' id='word_1_8' title='bbox 1279 479 1337 520; x_wconf 90' lang='lat' dir='ltr'><strong>se</strong></span> <span class='ocrx_word' id='word_1_9' title='bbox 1381 465 1676 520; x_wconf 74' lang='lat' dir='ltr'><strong>sanitatem</strong></span> <span class='ocrx_word' id='word_1_10' title='bbox 1713 471 2155 530; x_wconf 50' lang='lat' dir='ltr'><strong>assecuturanys</strong></span> 
     </span>
    </p>
   </div>
   <div class='ocr_carea' id='block_1_5' title="bbox 2271 459 3905 537">
    <p class='ocr_par' dir='ltr' id='par_1_5' title="bbox 2293 459 3905 536">
     <span class='ocr_line' id='line_1_5' title="bbox 2293 459 3905 536; baseline 0.002 -24"><span class='ocrx_word' id='word_1_11' title='bbox 2293 461 2354 513; x_wconf 81' lang='grc' dir='ltr'>τὺ</span> <span class='ocrx_word' id='word_1_12' title='bbox 2392 461 2730 532; x_wconf 75' lang='grc' dir='ltr'>κράσπεδονο</span> <span class='ocrx_word' id='word_1_13' title='bbox 2759 461 2876 515; x_wconf 75' lang='grc' dir='ltr'>ἀλλ’</span> <span class='ocrx_word' id='word_1_14' title='bbox 2907 460 2936 514; x_wconf 95' lang='lat'><strong>6</strong></span> <span class='ocrx_word' id='word_1_15' title='bbox 2962 459 3155 532; x_wconf 81' lang='grc' dir='ltr'>Σωτὴρ</span> <span class='ocrx_word' id='word_1_16' title='bbox 3189 464 3417 534; x_wconf 77' lang='grc' dir='ltr'>φανεροτ</span> <span class='ocrx_word' id='word_1_17' title='bbox 3444 462 3618 534; x_wconf 75' lang='grc' dir='ltr'>αὐτήν</span> <span class='ocrx_word' id='word_1_18' title='bbox 3641 479 3652 492; x_wconf 82' lang='grc'><em>’</em></span> <span class='ocrx_word' id='word_1_19' title='bbox 3691 464 3795 536; x_wconf 76' lang='grc' dir='ltr'><strong>οὐχ</strong></span> <span class='ocrx_word' id='word_1_20' title='bbox 3823 466 3905 518; x_wconf 75' lang='grc' dir='ltr'>ὡς</span> 
     </span>
    </p>
   </div>
   <div class='ocr_carea' id='block_1_6' title="bbox 588 558 2180 626">
    <p class='ocr_par' dir='ltr' id='par_1_6' title="bbox 588 558 2180 626">
     <span class='ocr_line' id='line_1_6' title="bbox 588 558 2180 626; baseline -0.003 -12"><span class='ocrx_word' id='word_1_21' title='bbox 588 571 795 620; x_wconf 86' lang='lat' dir='ltr'><strong>tantum</strong></span> <span class='ocrx_word' id='word_1_22' title='bbox 830 576 1097 614; x_wconf 87' lang='lat' dir='ltr'><strong>summam</strong></span> <span class='ocrx_word' id='word_1_23' title='bbox 1142 559 1260 626; x_wconf 85' lang='lat' dir='ltr'><strong>ejus</strong></span> <span class='ocrx_word' id='word_1_24' title='bbox 1293 569 1495 612; x_wconf 81' lang='lat' dir='ltr'><strong>vestem</strong></span> <span class='ocrx_word' id='word_1_25' title='bbox 1531 558 1897 625; x_wconf 83' lang='lat' dir='ltr'><strong>contingeret,</strong></span> <span class='ocrx_word' id='word_1_26' title='bbox 1927 571 2047 626; x_wconf 62' lang='lat' dir='ltr'><strong>quas</strong></span> <span class='ocrx_word' id='word_1_27' title='bbox 2081 570 2180 626; x_wconf 90' lang='lat' dir='ltr'><strong>per</strong></span> 
     </span>
    </p>
   </div>
   <div class='ocr_carea' id='block_1_7' title="bbox 587 648 2180 720">
    <p class='ocr_par' dir='ltr' id='par_1_7' title="bbox 587 648 2180 720">
     <span class='ocr_line' id='line_1_7' title="bbox 587 648 2180 720; baseline -0.004 -13"><span class='ocrx_word' id='word_1_28' title='bbox 587 653 854 707; x_wconf 79' lang='lat' dir='ltr'><strong>ﬁmbriam</strong></span> <span class='ocrx_word' id='word_1_29' title='bbox 896 649 1256 720; x_wconf 77' lang='lat' dir='ltr'><strong>signiﬁcatur.</strong></span> <span class='ocrx_word' id='word_1_30' title='bbox 1290 653 1359 703; x_wconf 86' lang='lat' dir='ltr'><strong>At</strong></span> <span class='ocrx_word' id='word_1_31' title='bbox 1399 648 1650 703; x_wconf 74' lang='lat' dir='ltr'><strong>Salvator</strong></span> <span class='ocrx_word' id='word_1_32' title='bbox 1684 650 1870 718; x_wconf 87' lang='lat' dir='ltr'><strong>prodit</strong></span> <span class='ocrx_word' id='word_1_33' title='bbox 1894 664 2037 712; x_wconf 90' lang='lat' dir='ltr'><strong>eam,</strong></span> <span class='ocrx_word' id='word_1_34' title='bbox 2075 663 2180 702; x_wconf 91' lang='lat' dir='ltr'><strong>non</strong></span> 
     </span>
    </p>
   </div>
   <div class='ocr_carea' id='block_1_8' title="bbox 585 742 2179 810">
    <p class='ocr_par' dir='ltr' id='par_1_8' title="bbox 585 742 2179 810">
     <span class='ocr_line' id='line_1_8' title="bbox 585 742 2179 810; baseline 0 -16"><span class='ocrx_word' id='word_1_35' title='bbox 585 753 642 796; x_wconf 91' lang='lat' dir='ltr'><strong>ut</strong></span> <span class='ocrx_word' id='word_1_36' title='bbox 695 759 884 798; x_wconf 83' lang='lat' dir='ltr'><strong>amans</strong></span> <span class='ocrx_word' id='word_1_37' title='bbox 923 745 1129 810; x_wconf 39' lang='lat' dir='ltr'><strong>gloriae,</strong></span> <span class='ocrx_word' id='word_1_38' title='bbox 1179 744 1273 796; x_wconf 89' lang='lat' dir='ltr'><strong>sed</strong></span> <span class='ocrx_word' id='word_1_39' title='bbox 1317 753 1374 795; x_wconf 83' lang='lat' dir='ltr'><strong>ut</strong></span> <span class='ocrx_word' id='word_1_40' title='bbox 1426 742 1584 795; x_wconf 82' lang='lat' dir='ltr'><strong>ﬁdem</strong></span> <span class='ocrx_word' id='word_1_41' title='bbox 1626 743 1770 797; x_wconf 89' lang='lat' dir='ltr'><strong>illius</strong></span> <span class='ocrx_word' id='word_1_42' title='bbox 1825 743 1893 797; x_wconf 84' lang='lat' dir='ltr'><strong>ad</strong></span> <span class='ocrx_word' id='word_1_43' title='bbox 1941 751 2179 795; x_wconf 87' lang='lat' dir='ltr'><strong>nostram</strong></span> 
     </span>
    </p>
   </div>
   <div class='ocr_carea' id='block_1_9' title="bbox 584 834 2180 897">
    <p class='ocr_par' dir='ltr' id='par_1_9' title="bbox 584 834 2180 897">
     <span class='ocr_line' id='line_1_9' title="bbox 584 834 2180 897; baseline 0.001 -12"><span class='ocrx_word' id='word_1_44' title='bbox 584 835 868 888; x_wconf 85' lang='lat' dir='ltr'><strong>utilitatem</strong></span> <span class='ocrx_word' id='word_1_45' title='bbox 898 836 1220 897; x_wconf 83' lang='lat' dir='ltr'><strong>declararet,</strong></span> <span class='ocrx_word' id='word_1_46' title='bbox 1251 845 1304 890; x_wconf 89' lang='lat' dir='ltr'><strong>et</strong></span> <span class='ocrx_word' id='word_1_47' title='bbox 1331 845 1386 887; x_wconf 89' lang='lat' dir='ltr'><strong>ut</strong></span> <span class='ocrx_word' id='word_1_48' title='bbox 1419 836 1470 889; x_wconf 94' lang='lat' dir='ltr'><strong>in</strong></span> <span class='ocrx_word' id='word_1_49' title='bbox 1503 834 1605 890; x_wconf 86' lang='lat' dir='ltr'><strong>ﬁde</strong></span> <span class='ocrx_word' id='word_1_50' title='bbox 1630 836 1994 889; x_wconf 89' lang='lat' dir='ltr'><strong>roboraretur</strong></span> <span class='ocrx_word' id='word_1_51' title='bbox 2018 835 2180 888; x_wconf 88' lang='lat' dir='ltr'><strong>etiam</strong></span> 
     </span>
    </p>
   </div>
   <div class='ocr_carea' id='block_1_10' title="bbox 582 925 2181 995">
    <p class='ocr_par' dir='ltr' id='par_1_10' title="bbox 582 925 2181 995">
     <span class='ocr_line' id='line_1_10' title="bbox 582 925 2181 995; baseline 0.001 -19"><span class='ocrx_word' id='word_1_52' title='bbox 582 926 1060 995; x_wconf 74' lang='lat' dir='ltr'><strong>arcbisyuagngus.</strong></span> <span class='ocrx_word' id='word_1_53' title='bbox 1101 925 1326 979; x_wconf 55' lang='lat' dir='ltr'><strong>Cmiliile</strong></span> <span class='ocrx_word' id='word_1_54' title='bbox 1372 939 1550 979; x_wconf 85' lang='lat' dir='ltr'><strong>autem</strong></span> <span class='ocrx_word' id='word_1_55' title='bbox 1602 926 1731 979; x_wconf 90' lang='lat' dir='ltr'><strong>dicit</strong></span> <span class='ocrx_word' id='word_1_56' title='bbox 1781 925 1851 988; x_wconf 88' lang='lat' dir='ltr'><strong>ei,</strong></span> <span class='ocrx_word' id='word_1_57' title='bbox 1901 940 1965 980; x_wconf 89' lang='lat' dir='ltr'><strong>eo</strong></span> <span class='ocrx_word' id='word_1_58' title='bbox 2038 925 2181 994; x_wconf 88' lang='lat' dir='ltr'><strong>quod</strong></span> 
     </span>
    </p>
   </div>
   <div class='ocr_carea' id='block_1_11' title="bbox 583 1015 2185 1086">
    <p class='ocr_par' dir='ltr' id='par_1_11' title="bbox 583 1015 2185 1086">
     <span class='ocr_line' id='line_1_11' title="bbox 583 1015 2185 1086; baseline 0.002 -22"><span class='ocrx_word' id='word_1_59' title='bbox 583 1015 768 1069; x_wconf 83' lang='lat' dir='ltr'><strong>timida</strong></span> <span class='ocrx_word' id='word_1_60' title='bbox 825 1024 990 1078; x_wconf 87' lang='lat' dir='ltr'><strong>erat,</strong></span> <span class='ocrx_word' id='word_1_61' title='bbox 1044 1019 1170 1086; x_wconf 86' lang='lat' dir='ltr'><strong>quia</strong></span> <span class='ocrx_word' id='word_1_62' title='bbox 1230 1017 1413 1072; x_wconf 85' lang='lat' dir='ltr'><strong>furtim</strong></span> <span class='ocrx_word' id='word_1_63' title='bbox 1472 1018 1672 1071; x_wconf 84' lang='lat' dir='ltr'><strong>donum</strong></span> <span class='ocrx_word' id='word_1_64' title='bbox 1749 1026 2060 1086; x_wconf 85' lang='lat' dir='ltr'><strong>acceperat.</strong></span> <span class='ocrx_word' id='word_1_65' title='bbox 2115 1015 2185 1069; x_wconf 79' lang='lat' dir='ltr'><strong>Et</strong></span> 
     </span>
    </p>
   </div>
   <div class='ocr_carea' id='block_1_12' title="bbox 580 1105 2175 1177">
    <p class='ocr_par' dir='ltr' id='par_1_12' title="bbox 580 1105 2175 1177">
     <span class='ocr_line' id='line_1_12' title="bbox 580 1105 2175 1177; baseline 0.002 -18"><span class='ocrx_word' id='word_1_66' title='bbox 580 1105 742 1160; x_wconf 90' lang='lat' dir='ltr'><strong>ﬁliam</strong></span> <span class='ocrx_word' id='word_1_67' title='bbox 775 1116 953 1171; x_wconf 84' lang='lat' dir='ltr'><strong>vocat,</strong></span> <span class='ocrx_word' id='word_1_68' title='bbox 1000 1119 1058 1164; x_wconf 89' lang='lat' dir='ltr'><strong>ut</strong></span> <span class='ocrx_word' id='word_1_69' title='bbox 1107 1108 1345 1162; x_wconf 87' lang='lat' dir='ltr'><strong>ﬁdelem.</strong></span> <span class='ocrx_word' id='word_1_70' title='bbox 1399 1108 1654 1162; x_wconf 76' lang='lat' dir='ltr'><strong>Ostendit</strong></span> <span class='ocrx_word' id='word_1_71' title='bbox 1701 1107 1830 1161; x_wconf 85' lang='lat' dir='ltr'><strong>item</strong></span> <span class='ocrx_word' id='word_1_72' title='bbox 1867 1111 2012 1177; x_wconf 89' lang='lat' dir='ltr'><strong>quod</strong></span> <span class='ocrx_word' id='word_1_73' title='bbox 2068 1107 2175 1162; x_wconf 84' lang='lat' dir='ltr'><strong>nisi</strong></span> 
     </span>
    </p>
   </div>
   <div class='ocr_carea' id='block_1_13' title="bbox 580 1197 2224 1270">
    <p class='ocr_par' dir='ltr' id='par_1_13' title="bbox 580 1197 2224 1270">
     <span class='ocr_line' id='line_1_13' title="bbox 580 1197 2224 1270; baseline 0.002 -19"><span class='ocrx_word' id='word_1_74' title='bbox 580 1197 859 1254; x_wconf 85' lang='lat' dir='ltr'><strong>habuisset</strong></span> <span class='ocrx_word' id='word_1_75' title='bbox 901 1201 1082 1264; x_wconf 85' lang='lat' dir='ltr'><strong>ﬁdem,</strong></span> <span class='ocrx_word' id='word_1_76' title='bbox 1119 1200 1434 1268; x_wconf 87' lang='lat' dir='ltr'><strong>neutiquam</strong></span> <span class='ocrx_word' id='word_1_77' title='bbox 1492 1200 1787 1270; x_wconf 88' lang='lat' dir='ltr'><strong>recepisset</strong></span> <span class='ocrx_word' id='word_1_78' title='bbox 1823 1200 2173 1269; x_wconf 84' lang='lat' dir='ltr'><strong>beneﬁcium,</strong></span> <span class='ocrx_word' id='word_1_79' title='bbox 2216 1230 2224 1237; x_wconf 72' lang='grc'><strong>›</strong></span> 
     </span>
    </p>
   </div>
   <div class='ocr_carea' id='block_1_14' title="bbox 577 1290 2172 1359">
    <p class='ocr_par' dir='ltr' id='par_1_14' title="bbox 577 1290 2172 1359">
     <span class='ocr_line' id='line_1_14' title="bbox 577 1290 2172 1359; baseline 0.003 -17"><span class='ocrx_word' id='word_1_80' title='bbox 577 1291 828 1357; x_wconf 80' lang='lat' dir='ltr'><strong>quamvis</strong></span> <span class='ocrx_word' id='word_1_81' title='bbox 872 1303 1093 1346; x_wconf 90' lang='lat' dir='ltr'><strong>sanctas</strong></span> <span class='ocrx_word' id='word_1_82' title='bbox 1158 1291 1474 1359; x_wconf 74' lang='lat' dir='ltr'><strong>contigisset</strong></span> <span class='ocrx_word' id='word_1_83' title='bbox 1510 1298 1710 1345; x_wconf 81' lang='lat' dir='ltr'><strong>vestes.</strong></span> <span class='ocrx_word' id='word_1_84' title='bbox 1758 1290 1956 1345; x_wconf 88' lang='lat' dir='ltr'><strong>Dicunt</strong></span> <span class='ocrx_word' id='word_1_85' title='bbox 1979 1301 2172 1347; x_wconf 68' lang='lat' dir='ltr'><strong>autem</strong></span> 
     </span>
    </p>
   </div>
   <div class='ocr_carea' id='block_1_15' title="bbox 576 1379 2171 1451">
    <p class='ocr_par' dir='ltr' id='par_1_15' title="bbox 576 1379 2171 1451">
     <span class='ocr_line' id='line_1_15' title="bbox 576 1379 2171 1451; baseline 0.008 -26"><span class='ocrx_word' id='word_1_86' title='bbox 576 1380 718 1446; x_wconf 86' lang='lat' dir='ltr'><strong>quod</strong></span> <span class='ocrx_word' id='word_1_87' title='bbox 767 1389 996 1434; x_wconf 86' lang='lat' dir='ltr'><strong>statuam</strong></span> <span class='ocrx_word' id='word_1_88' title='bbox 1051 1379 1362 1435; x_wconf 82' lang='lat' dir='ltr'><strong>Servatoris</strong></span> <span class='ocrx_word' id='word_1_89' title='bbox 1404 1381 1632 1446; x_wconf 80' lang='lat' dir='ltr'><strong>fecerit,</strong></span> <span class='ocrx_word' id='word_1_90' title='bbox 1671 1380 1738 1435; x_wconf 89' lang='lat' dir='ltr'><strong>ad</strong></span> <span class='ocrx_word' id='word_1_91' title='bbox 1787 1380 1944 1450; x_wconf 85' lang='lat' dir='ltr'><strong>cujus</strong></span> <span class='ocrx_word' id='word_1_92' title='bbox 2007 1383 2171 1451; x_wconf 86' lang='lat' dir='ltr'><strong>pedes</strong></span> 
     </span>
    </p>
   </div>
   <div class='ocr_carea' id='block_1_16' title="bbox 2285 551 3903 630">
    <p class='ocr_par' dir='ltr' id='par_1_16' title="bbox 2285 551 3903 630">
     <span class='ocr_line' id='line_1_16' title="bbox 2285 551 3903 630; baseline 0.003 -26"><span class='ocrx_word' id='word_1_93' title='bbox 2285 551 2446 622; x_wconf 81' lang='grc' dir='ltr'>δόξης</span> <span class='ocrx_word' id='word_1_94' title='bbox 2496 554 2660 624; x_wconf 85' lang='grc' dir='ltr'>ὲρῶν,</span> <span class='ocrx_word' id='word_1_95' title='bbox 2709 553 2823 607; x_wconf 76' lang='grc' dir='ltr'>ἀλλ’</span> <span class='ocrx_word' id='word_1_96' title='bbox 2864 555 2949 607; x_wconf 85' lang='grc' dir='ltr'><strong>ἵνα</strong></span> <span class='ocrx_word' id='word_1_97' title='bbox 2988 553 3088 625; x_wconf 83' lang='grc' dir='ltr'><strong>τήν</strong></span> <span class='ocrx_word' id='word_1_98' title='bbox 3128 555 3314 608; x_wconf 89' lang='grc' dir='ltr'>πίστιν</span> <span class='ocrx_word' id='word_1_99' title='bbox 3353 556 3524 626; x_wconf 77' lang='grc' dir='ltr'>αὐτῆς</span> <span class='ocrx_word' id='word_1_100' title='bbox 3560 556 3713 630; x_wconf 76' lang='grc' dir='ltr'>δείξῃ</span> <span class='ocrx_word' id='word_1_101' title='bbox 3752 559 3903 627; x_wconf 81' lang='grc' dir='ltr'>πρὸς</span> 
     </span>
    </p>
   </div>
   <div class='ocr_carea' id='block_1_17' title="bbox 2281 643 3902 720">
    <p class='ocr_par' dir='ltr' id='par_1_17' title="bbox 2281 643 3902 720">
     <span class='ocr_line' id='line_1_17' title="bbox 2281 643 3902 720; baseline 0.005 -24"><span class='ocrx_word' id='word_1_102' title='bbox 2281 643 2557 713; x_wconf 82' lang='grc' dir='ltr'>ὠφέλειαν</span> <span class='ocrx_word' id='word_1_103' title='bbox 2580 646 2763 716; x_wconf 84' lang='grc' dir='ltr'>ήμῶν,</span> <span class='ocrx_word' id='word_1_104' title='bbox 2798 647 2893 699; x_wconf 79' lang='grc' dir='ltr'>καὶ</span> <span class='ocrx_word' id='word_1_105' title='bbox 2918 646 3004 701; x_wconf 72' lang='grc' dir='ltr'>ἵνα</span> <span class='ocrx_word' id='word_1_106' title='bbox 3033 647 3284 718; x_wconf 84' lang='grc' dir='ltr'>πιστωθῄ</span> <span class='ocrx_word' id='word_1_107' title='bbox 3313 649 3408 702; x_wconf 78' lang='grc' dir='ltr'><strong>καὶ</strong></span> <span class='ocrx_word' id='word_1_108' title='bbox 3433 647 3462 700; x_wconf 97' lang='lat'><strong>6</strong></span> <span class='ocrx_word' id='word_1_109' title='bbox 3496 650 3902 720; x_wconf 85' lang='grc' dir='ltr'>ἀρχισυνάγω-</span> 
     </span>
    </p>
   </div>
   <div class='ocr_carea' id='block_1_18' title="bbox 2282 730 3902 813">
    <p class='ocr_par' dir='ltr' id='par_1_18' title="bbox 2282 730 3902 813">
     <span class='ocr_line' id='line_1_18' title="bbox 2282 730 3902 813; baseline 0.003 -22"><span class='ocrx_word' id='word_1_110' title='bbox 2282 754 2398 807; x_wconf 78' lang='grc' dir='ltr'>γος.</span> <span class='ocrx_word' id='word_1_111' title='bbox 2420 739 2624 810; x_wconf 79' lang='grc' dir='ltr'><strong>Θάρσει</strong></span> <span class='ocrx_word' id='word_1_112' title='bbox 2651 739 2734 804; x_wconf 83' lang='grc' dir='ltr'><strong>δὲ,</strong></span> <span class='ocrx_word' id='word_1_113' title='bbox 2757 738 2906 808; x_wconf 80' lang='grc' dir='ltr'>λέγει</span> <span class='ocrx_word' id='word_1_114' title='bbox 2931 741 3093 812; x_wconf 83' lang='grc' dir='ltr'>αὐτῇ,</span> <span class='ocrx_word' id='word_1_115' title='bbox 3113 741 3249 794; x_wconf 85' lang='grc' dir='ltr'><strong>διότι</strong></span> <span class='ocrx_word' id='word_1_116' title='bbox 3275 741 3519 812; x_wconf 78' lang='grc' dir='ltr'>ἐφοϐήθη</span> <span class='ocrx_word' id='word_1_117' title='bbox 3543 730 3624 806; x_wconf 66' lang='grc' dir='ltr'><strong>ιὡς</strong></span> <span class='ocrx_word' id='word_1_118' title='bbox 3641 743 3902 813; x_wconf 75' lang='grc' dir='ltr'><strong>κλέψασα</strong></span> 
     </span>
    </p>
   </div>
   <div class='ocr_carea' id='block_1_19' title="bbox 2280 830 3898 906">
    <p class='ocr_par' dir='ltr' id='par_1_19' title="bbox 2280 830 3898 906">
     <span class='ocr_line' id='line_1_19' title="bbox 2280 830 3898 906; baseline 0.004 -23"><span class='ocrx_word' id='word_1_119' title='bbox 2280 830 2382 901; x_wconf 86' lang='grc' dir='ltr'><strong>τὴν</strong></span> <span class='ocrx_word' id='word_1_120' title='bbox 2435 831 2668 900; x_wconf 84' lang='grc' dir='ltr'>δωρεὰν,</span> <span class='ocrx_word' id='word_1_121' title='bbox 2717 831 2813 884; x_wconf 77' lang='grc' dir='ltr'>καὶ</span> <span class='ocrx_word' id='word_1_122' title='bbox 2860 831 3138 903; x_wconf 78' lang='grc' dir='ltr'><strong>θυγατέρα</strong></span> <span class='ocrx_word' id='word_1_123' title='bbox 3193 833 3251 886; x_wconf 83' lang='grc' dir='ltr'>δὲ</span> <span class='ocrx_word' id='word_1_124' title='bbox 3302 837 3483 901; x_wconf 88' lang='grc' dir='ltr'>καλεῖ,</span> <span class='ocrx_word' id='word_1_125' title='bbox 3540 833 3616 898; x_wconf 83' lang='grc' dir='ltr'>ὡς</span> <span class='ocrx_word' id='word_1_126' title='bbox 3664 837 3898 906; x_wconf 86' lang='grc' dir='ltr'>πιστήν.</span> 
     </span>
    </p>
   </div>
   <div class='ocr_carea' id='block_1_20' title="bbox 2284 923 3901 998">
    <p class='ocr_par' dir='ltr' id='par_1_20' title="bbox 2284 923 3901 998">
     <span class='ocr_line' id='line_1_20' title="bbox 2284 923 3901 998; baseline 0.005 -23"><span class='ocrx_word' id='word_1_127' title='bbox 2284 923 2537 976; x_wconf 86' lang='grc' dir='ltr'>Δείκνυσι</span> <span class='ocrx_word' id='word_1_128' title='bbox 2565 923 2622 976; x_wconf 82' lang='grc' dir='ltr'>δὲ</span> <span class='ocrx_word' id='word_1_129' title='bbox 2652 925 2760 990; x_wconf 84' lang='grc' dir='ltr'>ὅτι,</span> <span class='ocrx_word' id='word_1_130' title='bbox 2795 924 2892 977; x_wconf 74' lang='grc' dir='ltr'><strong>ἐὰν</strong></span> <span class='ocrx_word' id='word_1_131' title='bbox 2935 925 3011 996; x_wconf 78' lang='grc' dir='ltr'>μὴ</span> <span class='ocrx_word' id='word_1_132' title='bbox 3047 928 3233 981; x_wconf 88' lang='grc' dir='ltr'>πίστιν</span> <span class='ocrx_word' id='word_1_133' title='bbox 3278 929 3655 998; x_wconf 80' lang='grc' dir='ltr'><strong>προσήγαγεν,</strong></span> <span class='ocrx_word' id='word_1_134' title='bbox 3689 928 3792 982; x_wconf 85' lang='grc' dir='ltr'><strong>οὐκ</strong></span> <span class='ocrx_word' id='word_1_135' title='bbox 3829 927 3901 983; x_wconf 76' lang='grc' dir='ltr'><strong>ἄν</strong></span> 
     </span>
    </p>
   </div>
   <div class='ocr_carea' id='block_1_21' title="bbox 2280 1015 3899 1092">
    <p class='ocr_par' dir='ltr' id='par_1_21' title="bbox 2280 1015 3899 1092">
     <span class='ocr_line' id='line_1_21' title="bbox 2280 1015 3899 1092; baseline 0.006 -24"><span class='ocrx_word' id='word_1_136' title='bbox 2280 1015 2444 1068; x_wconf 73' lang='grc' dir='ltr'>ἔλαϐε</span> <span class='ocrx_word' id='word_1_137' title='bbox 2471 1015 2570 1085; x_wconf 80' lang='grc' dir='ltr'>τὴν</span> <span class='ocrx_word' id='word_1_138' title='bbox 2609 1016 2793 1086; x_wconf 75' lang='grc' dir='ltr'>χάριν,</span> <span class='ocrx_word' id='word_1_139' title='bbox 2832 1016 2937 1070; x_wconf 81' lang='grc' dir='ltr'>κᾶν</span> <span class='ocrx_word' id='word_1_140' title='bbox 2963 1017 3033 1070; x_wconf 86' lang='grc' dir='ltr'>τὰ</span> <span class='ocrx_word' id='word_1_141' title='bbox 3069 1017 3270 1088; x_wconf 16' lang='grc' dir='ltr'>ἱμάτια,</span> <span class='ocrx_word' id='word_1_142' title='bbox 3296 1019 3430 1088; x_wconf 81' lang='grc' dir='ltr'>ᾶγια</span> <span class='ocrx_word' id='word_1_143' title='bbox 3461 1016 3625 1092; x_wconf 83' lang='grc' dir='ltr'>ἦσαν.</span> <span class='ocrx_word' id='word_1_144' title='bbox 3650 1023 3899 1092; x_wconf 76' lang='grc' dir='ltr'><strong>Λέγουσι</strong></span> 
     </span>
    </p>
   </div>
   <div class='ocr_carea' id='block_1_22' title="bbox 2278 1107 3897 1182">
    <p class='ocr_par' dir='ltr' id='par_1_22' title="bbox 2278 1107 3897 1182">
     <span class='ocr_line' id='line_1_22' title="bbox 2278 1107 3897 1182; baseline 0.006 -22"><span class='ocrx_word' id='word_1_145' title='bbox 2278 1107 2334 1160; x_wconf 85' lang='grc' dir='ltr'>δὲ</span> <span class='ocrx_word' id='word_1_146' title='bbox 2369 1107 2446 1169; x_wconf 81' lang='grc' dir='ltr'><strong>ὼς</strong></span> <span class='ocrx_word' id='word_1_147' title='bbox 2496 1107 2793 1179; x_wconf 76' lang='grc' dir='ltr'><strong>ἀνδριάντα</strong></span> <span class='ocrx_word' id='word_1_148' title='bbox 2844 1108 2986 1180; x_wconf 79' lang='grc' dir='ltr'>αὕτη</span> <span class='ocrx_word' id='word_1_149' title='bbox 3019 1110 3112 1164; x_wconf 87' lang='grc' dir='ltr'><strong>τοῦ</strong></span> <span class='ocrx_word' id='word_1_150' title='bbox 3153 1111 3414 1182; x_wconf 85' lang='grc' dir='ltr'><strong>Σωτῆρος</strong></span> <span class='ocrx_word' id='word_1_151' title='bbox 3453 1114 3780 1182; x_wconf 77' lang='grc' dir='ltr'><strong>εἰργάσατο,</strong></span> <span class='ocrx_word' id='word_1_152' title='bbox 3831 1112 3897 1170; x_wconf 78' lang='grc' dir='ltr'>οὗ</span> 
     </span>
    </p>
   </div>
   <div class='ocr_carea' id='block_1_23' title="bbox 2276 1201 3898 1280">
    <p class='ocr_par' dir='ltr' id='par_1_23' title="bbox 2276 1201 3898 1280">
     <span class='ocr_line' id='line_1_23' title="bbox 2276 1201 3898 1280; baseline 0.006 -28"><span class='ocrx_word' id='word_1_153' title='bbox 2276 1201 2431 1271; x_wconf 83' lang='grc' dir='ltr'>παρὰ</span> <span class='ocrx_word' id='word_1_154' title='bbox 2461 1201 2590 1265; x_wconf 82' lang='grc' dir='ltr'>τοὺς</span> <span class='ocrx_word' id='word_1_155' title='bbox 2618 1203 2788 1266; x_wconf 87' lang='grc' dir='ltr'>πόδας</span> <span class='ocrx_word' id='word_1_156' title='bbox 2817 1202 3015 1272; x_wconf 75' lang='grc' dir='ltr'>ἐφύετο</span> <span class='ocrx_word' id='word_1_157' title='bbox 3064 1203 3270 1275; x_wconf 78' lang='grc' dir='ltr'><strong>βοτάνη</strong></span> <span class='ocrx_word' id='word_1_158' title='bbox 3297 1209 3418 1270; x_wconf 82' lang='grc' dir='ltr'>ταῖς</span> <span class='ocrx_word' id='word_1_159' title='bbox 3449 1207 3898 1280; x_wconf 80' lang='grc' dir='ltr'>αἱμορροούσαις</span> 
     </span>
    </p>
   </div>
   <div class='ocr_carea' id='block_1_24' title="bbox 2277 1292 3897 1370">
    <p class='ocr_par' dir='ltr' id='par_1_24' title="bbox 2277 1292 3897 1370">
     <span class='ocr_line' id='line_1_24' title="bbox 2277 1292 3897 1370; baseline 0.007 -25"><span class='ocrx_word' id='word_1_160' title='bbox 2277 1292 2573 1365; x_wconf 82' lang='grc' dir='ltr'>βοήθοῦσα,</span> <span class='ocrx_word' id='word_1_161' title='bbox 2622 1294 2684 1348; x_wconf 86' lang='grc' dir='ltr'><strong>ὃν</strong></span> <span class='ocrx_word' id='word_1_162' title='bbox 2714 1297 2770 1349; x_wconf 76' lang='grc' dir='ltr'>ἐν</span> <span class='ocrx_word' id='word_1_163' title='bbox 2810 1298 2924 1360; x_wconf 83' lang='grc' dir='ltr'>τοῖς</span> <span class='ocrx_word' id='word_1_164' title='bbox 2973 1296 3271 1352; x_wconf 87' lang='grc' dir='ltr'>Ἰουλιανοῦ</span> <span class='ocrx_word' id='word_1_165' title='bbox 3313 1299 3530 1370; x_wconf 83' lang='grc' dir='ltr'>χρόνοις</span> <span class='ocrx_word' id='word_1_166' title='bbox 3571 1301 3619 1355; x_wconf 77' lang='lat' dir='ltr'><strong>oi</strong></span> <span class='ocrx_word' id='word_1_167' title='bbox 3666 1302 3897 1368; x_wconf 76' lang='grc' dir='ltr'>ἀσεϐεῖς</span> 
     </span>
    </p>
   </div>
   <div class='ocr_carea' id='block_1_25' title="bbox 2276 1385 2631 1456">
    <p class='ocr_par' dir='ltr' id='par_1_25' title="bbox 2276 1385 2631 1456">
     <span class='ocr_line' id='line_1_25' title="bbox 2276 1385 2631 1456; baseline 0.006 -18"><span class='ocrx_word' id='word_1_168' title='bbox 2276 1385 2631 1456; x_wconf 81' lang='grc' dir='ltr'>συνέτριψαν.</span> 
     </span>
    </p>
   </div>
   <div class='ocr_carea' id='block_1_26' title="bbox 551 1470 3892 1559">
    <p class='ocr_par' dir='ltr' id='par_1_26' title="bbox 551 1470 3892 1559">
     <span class='ocr_line' id='line_1_26' title="bbox 551 1470 3892 1559; baseline 0.005 -34"><span class='ocrx_word' id='word_1_169' title='bbox 551 1471 896 1525; x_wconf 82' lang='lat' dir='ltr'><strong>.uascebatiii</strong></span> <span class='ocrx_word' id='word_1_170' title='bbox 973 1470 1137 1525; x_wconf 88' lang='lat' dir='ltr'><strong>herba</strong></span> <span class='ocrx_word' id='word_1_171' title='bbox 1181 1486 1300 1540; x_wconf 65' lang='lat' dir='ltr'><strong>quae</strong></span> <span class='ocrx_word' id='word_1_172' title='bbox 1373 1470 1639 1541; x_wconf 78' lang='lat' dir='ltr'><strong>proﬂuvio</strong></span> <span class='ocrx_word' id='word_1_173' title='bbox 1707 1471 1988 1544; x_wconf 75' lang='lat' dir='ltr'><strong>sanguinis</strong></span> <span class='ocrx_word' id='word_1_174' title='bbox 2055 1473 2429 1532; x_wconf 83' lang='lat' dir='ltr'><strong>laborantibus</strong></span> <span class='ocrx_word' id='word_1_175' title='bbox 2479 1479 2792 1547; x_wconf 91' lang='lat' dir='ltr'><strong>medeatur,</strong></span> <span class='ocrx_word' id='word_1_176' title='bbox 2847 1494 3010 1550; x_wconf 92' lang='lat' dir='ltr'><strong>quam</strong></span> <span class='ocrx_word' id='word_1_177' title='bbox 3061 1478 3263 1537; x_wconf 84' lang='lat' dir='ltr'><strong>Juliani</strong></span> <span class='ocrx_word' id='word_1_178' title='bbox 3318 1484 3658 1554; x_wconf 89' lang='lat' dir='ltr'><strong>temporibus</strong></span> <span class='ocrx_word' id='word_1_179' title='bbox 3728 1485 3892 1559; x_wconf 84' lang='lat' dir='ltr'><strong>impii</strong></span> 
     </span>
    </p>
   </div>
   <div class='ocr_carea' id='block_1_27' title="bbox 573 1562 966 1617">
    <p class='ocr_par' dir='ltr' id='par_1_27' title="bbox 573 1562 966 1617">
     <span class='ocr_line' id='line_1_27' title="bbox 573 1562 966 1617; baseline 0 0"><span class='ocrx_word' id='word_1_180' title='bbox 573 1562 966 1617; x_wconf 85' lang='lat' dir='ltr'><strong>cmiii-iveruni.</strong></span> 
     </span>
    </p>
   </div>
   <div class='ocr_carea' id='block_1_28' title="bbox 648 1651 2164 1715">
    <p class='ocr_par' dir='ltr' id='par_1_28' title="bbox 648 1651 2164 1715">
     <span class='ocr_line' id='line_1_28' title="bbox 648 1651 2164 1715; baseline 0.005 -9"><span class='ocrx_word' id='word_1_181' title='bbox 648 1651 809 1707; x_wconf 76' lang='lat' dir='ltr'><strong>Vens.</strong></span> <span class='ocrx_word' id='word_1_182' title='bbox 845 1653 937 1715; x_wconf 75' lang='grc'><strong>25,</strong></span> <span class='ocrx_word' id='word_1_183' title='bbox 967 1654 1061 1707; x_wconf 64' lang='grc' dir='ltr'>Ἠ.</span> <span class='ocrx_word' id='word_1_184' title='bbox 1097 1673 1115 1706; x_wconf 80' lang='grc' dir='ltr'><strong>ι</strong></span> <span class='ocrx_word' id='word_1_185' title='bbox 1147 1653 1364 1710; x_wconf 87' lang='lat' dir='ltr'><strong>Etcum</strong></span> <span class='ocrx_word' id='word_1_186' title='bbox 1393 1657 1634 1714; x_wconf 85' lang='lat' dir='ltr'><strong>venisset</strong></span> <span class='ocrx_word' id='word_1_187' title='bbox 1667 1655 1826 1714; x_wconf 81' lang='lat' dir='ltr'><strong>Jesus</strong></span> <span class='ocrx_word' id='word_1_188' title='bbox 1855 1657 1908 1712; x_wconf 94' lang='lat' dir='ltr'><strong>in</strong></span> <span class='ocrx_word' id='word_1_189' title='bbox 1942 1658 2164 1714; x_wconf 90' lang='lat' dir='ltr'><strong>domum</strong></span> 
     </span>
    </p>
   </div>
   <div class='ocr_carea' id='block_1_29' title="bbox 2356 1661 3887 1749">
    <p class='ocr_par' dir='ltr' id='par_1_29' title="bbox 2356 1661 3887 1749">
     <span class='ocr_line' id='line_1_29' title="bbox 2356 1661 3887 1749; baseline 0.014 -36"><span class='ocrx_word' id='word_1_190' title='bbox 2356 1681 2376 1713; x_wconf 73' lang='grc' dir='ltr'><strong>ε</strong></span> <span class='ocrx_word' id='word_1_191' title='bbox 2408 1661 2520 1714; x_wconf 78' lang='grc' dir='ltr'><strong>Καὶ</strong></span> <span class='ocrx_word' id='word_1_192' title='bbox 2551 1662 2724 1717; x_wconf 76' lang='grc' dir='ltr'>ἐλθὼν</span> <span class='ocrx_word' id='word_1_193' title='bbox 2752 1665 2781 1717; x_wconf 87' lang='lat'><strong>6</strong></span> <span class='ocrx_word' id='word_1_194' title='bbox 2806 1665 3016 1737; x_wconf 81' lang='grc' dir='ltr'>Ἰησοῦς</span> <span class='ocrx_word' id='word_1_195' title='bbox 3033 1668 3229 1741; x_wconf 62' lang='grc' dir='ltr'>είς-ι’,ν</span> <span class='ocrx_word' id='word_1_196' title='bbox 3257 1671 3441 1727; x_wconf 81' lang='grc' dir='ltr'>οἰκίαν</span> <span class='ocrx_word' id='word_1_197' title='bbox 3474 1673 3566 1728; x_wconf 79' lang='grc' dir='ltr'>τοῦ</span> <span class='ocrx_word' id='word_1_198' title='bbox 3595 1675 3887 1749; x_wconf 75' lang='grc' dir='ltr'>ἄρχοντος,</span> 
     </span>
    </p>
   </div>
   <div class='ocr_carea' id='block_1_30' title="bbox 573 1745 2155 1842">
    <p class='ocr_par' dir='ltr' id='par_1_30' title="bbox 573 1745 2155 1815">
     <span class='ocr_line' id='line_1_30' title="bbox 573 1745 2155 1815; baseline 0.006 -20"><span class='ocrx_word' id='word_1_199' title='bbox 573 1745 853 1815; x_wconf 73' lang='lat' dir='ltr'><strong>principis,</strong></span> <span class='ocrx_word' id='word_1_200' title='bbox 901 1756 956 1801; x_wconf 91' lang='lat' dir='ltr'><strong>et</strong></span> <span class='ocrx_word' id='word_1_201' title='bbox 1005 1747 1229 1804; x_wconf 85' lang='lat' dir='ltr'><strong>vidisset</strong></span> <span class='ocrx_word' id='word_1_202' title='bbox 1279 1749 1532 1806; x_wconf 87' lang='lat' dir='ltr'><strong>tibicines</strong></span> <span class='ocrx_word' id='word_1_203' title='bbox 1576 1760 1633 1806; x_wconf 85' lang='lat' dir='ltr'><strong>et</strong></span> <span class='ocrx_word' id='word_1_204' title='bbox 1699 1754 1912 1807; x_wconf 89' lang='lat' dir='ltr'><strong>turbam</strong></span> <span class='ocrx_word' id='word_1_205' title='bbox 1966 1753 2155 1806; x_wconf 90' lang='lat' dir='ltr'><strong>tumul-</strong></span> 
     </span>
    </p>
   </div>
   <div class='ocr_carea' id='block_1_31' title="bbox 2271 1745 3888 1842">
    <p class='ocr_par' dir='ltr' id='par_1_31' title="bbox 2275 1745 3888 1842">
     <span class='ocr_line' id='line_1_31' title="bbox 2275 1745 3888 1842; baseline 0.011 -34"><span class='ocrx_word' id='word_1_206' title='bbox 2275 1757 2370 1809; x_wconf 88' lang='grc' dir='ltr'><strong>καί</strong></span> <span class='ocrx_word' id='word_1_207' title='bbox 2407 1755 2532 1810; x_wconf 72' lang='grc' dir='ltr'><strong>ἰδὼν</strong></span> <span class='ocrx_word' id='word_1_208' title='bbox 2570 1759 2696 1822; x_wconf 82' lang='grc' dir='ltr'>τοὺς</span> <span class='ocrx_word' id='word_1_209' title='bbox 2725 1760 2989 1832; x_wconf 78' lang='grc' dir='ltr'>αὐλητὰς,</span> <span class='ocrx_word' id='word_1_210' title='bbox 3016 1765 3110 1816; x_wconf 78' lang='grc' dir='ltr'><strong>καὶ</strong></span> <span class='ocrx_word' id='word_1_211' title='bbox 3145 1765 3238 1818; x_wconf 79' lang='grc' dir='ltr'>τὸν</span> <span class='ocrx_word' id='word_1_212' title='bbox 3263 1765 3422 1837; x_wconf 77' lang='grc' dir='ltr'>ὄχλον</span> <span class='ocrx_word' id='word_1_213' title='bbox 3451 1745 3888 1842; x_wconf 69' lang='grc' dir='ltr'>θορυϐούμενον,</span> 
     </span>
    </p>
   </div>
   <div class='ocr_carea' id='block_1_32' title="bbox 576 1839 2170 1909">
    <p class='ocr_par' dir='ltr' id='par_1_32' title="bbox 576 1839 2170 1909">
     <span class='ocr_line' id='line_1_32' title="bbox 576 1839 2170 1909; baseline 0.007 -19"><span class='ocrx_word' id='word_1_214' title='bbox 576 1848 837 1902; x_wconf 75' lang='lat' dir='ltr'><strong>titantem,</strong></span> <span class='ocrx_word' id='word_1_215' title='bbox 876 1839 1007 1894; x_wconf 80' lang='lat' dir='ltr'><strong>dicit</strong></span> <span class='ocrx_word' id='word_1_216' title='bbox 1042 1839 1149 1896; x_wconf 81' lang='lat' dir='ltr'><strong>illis</strong></span> <span class='ocrx_word' id='word_1_217' title='bbox 1180 1857 1194 1895; x_wconf 92' lang='lat'><strong>:</strong></span> <span class='ocrx_word' id='word_1_218' title='bbox 1231 1840 1501 1909; x_wconf 85' lang='lat' dir='ltr'><strong>Secedite,</strong></span> <span class='ocrx_word' id='word_1_219' title='bbox 1535 1839 1642 1899; x_wconf 81' lang='lat' dir='ltr'><strong>non</strong></span> <span class='ocrx_word' id='word_1_220' title='bbox 1673 1845 1817 1900; x_wconf 90' lang='lat' dir='ltr'><strong>enim</strong></span> <span class='ocrx_word' id='word_1_221' title='bbox 1856 1853 2066 1900; x_wconf 87' lang='lat' dir='ltr'><strong>mortua</strong></span> <span class='ocrx_word' id='word_1_222' title='bbox 2086 1857 2170 1903; x_wconf 90' lang='lat' dir='ltr'><strong>est</strong></span> 
     </span>
    </p>
   </div>
   <div class='ocr_carea' id='block_1_33' title="bbox 572 1929 2156 1996">
    <p class='ocr_par' dir='ltr' id='par_1_33' title="bbox 572 1929 2156 1996">
     <span class='ocr_line' id='line_1_33' title="bbox 572 1929 2156 1996; baseline 0.006 -15"><span class='ocrx_word' id='word_1_223' title='bbox 572 1929 1000 1996; x_wconf 76' lang='lat' dir='ltr'><strong>adulescentula,</strong></span> <span class='ocrx_word' id='word_1_224' title='bbox 1039 1933 1132 1987; x_wconf 90' lang='lat' dir='ltr'><strong>sed</strong></span> <span class='ocrx_word' id='word_1_225' title='bbox 1174 1933 1398 1990; x_wconf 88' lang='lat' dir='ltr'><strong>dormit.</strong></span> <span class='ocrx_word' id='word_1_226' title='bbox 1443 1934 1510 1989; x_wconf 88' lang='lat' dir='ltr'><strong>Et</strong></span> <span class='ocrx_word' id='word_1_227' title='bbox 1557 1935 1881 1992; x_wconf 83' lang='lat' dir='ltr'><strong>deridebant</strong></span> <span class='ocrx_word' id='word_1_228' title='bbox 1912 1938 2086 1993; x_wconf 93' lang='lat' dir='ltr'><strong>illum.</strong></span> <span class='ocrx_word' id='word_1_229' title='bbox 2137 1957 2156 1991; x_wconf 72' lang='grc' dir='ltr'>ι</span> 
     </span>
    </p>
   </div>
   <div class='ocr_carea' id='block_1_34' title="bbox 571 2018 2170 2095">
    <p class='ocr_par' dir='ltr' id='par_1_34' title="bbox 571 2018 2170 2095">
     <span class='ocr_line' id='line_1_34' title="bbox 571 2018 2170 2095; baseline 0.012 -26"><span class='ocrx_word' id='word_1_230' title='bbox 571 2018 840 2085; x_wconf 88' lang='lat' dir='ltr'><strong>Quoniam</strong></span> <span class='ocrx_word' id='word_1_231' title='bbox 893 2024 1133 2076; x_wconf 91' lang='lat' dir='ltr'><strong>nondum</strong></span> <span class='ocrx_word' id='word_1_232' title='bbox 1187 2031 1353 2095; x_wconf 80' lang='lat' dir='ltr'><strong>nupta</strong></span> <span class='ocrx_word' id='word_1_233' title='bbox 1415 2035 1555 2094; x_wconf 89' lang='lat' dir='ltr'><strong>erat,</strong></span> <span class='ocrx_word' id='word_1_234' title='bbox 1597 2027 1867 2085; x_wconf 80' lang='lat' dir='ltr'><strong>deﬂebant</strong></span> <span class='ocrx_word' id='word_1_235' title='bbox 1909 2045 2027 2085; x_wconf 88' lang='lat' dir='ltr'><strong>eam</strong></span> <span class='ocrx_word' id='word_1_236' title='bbox 2069 2048 2170 2087; x_wconf 58' lang='lat' dir='ltr'><strong>nue</strong></span> 
     </span>
    </p>
   </div>
   <div class='ocr_carea' id='block_1_35' title="bbox 570 2111 2164 2190">
    <p class='ocr_par' dir='ltr' id='par_1_35' title="bbox 570 2111 2164 2190">
     <span class='ocr_line' id='line_1_35' title="bbox 570 2111 2164 2190; baseline 0.01 -25"><span class='ocrx_word' id='word_1_237' title='bbox 570 2111 827 2180; x_wconf 79' lang='lat' dir='ltr'><strong>ptialibus</strong></span> <span class='ocrx_word' id='word_1_238' title='bbox 885 2113 1053 2177; x_wconf 63' lang='lat' dir='ltr'><strong>tibi-is.</strong></span> <span class='ocrx_word' id='word_1_239' title='bbox 1111 2119 1409 2189; x_wconf 86' lang='lat' dir='ltr'><strong>secundum</strong></span> <span class='ocrx_word' id='word_1_240' title='bbox 1467 2119 1642 2190; x_wconf 80' lang='lat' dir='ltr'><strong>legem</strong></span> <span class='ocrx_word' id='word_1_241' title='bbox 1720 2123 1824 2178; x_wconf 88' lang='lat' dir='ltr'><strong>hoc</strong></span> <span class='ocrx_word' id='word_1_242' title='bbox 1877 2123 2164 2182; x_wconf 84' lang='lat' dir='ltr'><strong>facientes.</strong></span> 
     </span>
    </p>
   </div>
   <div class='ocr_carea' id='block_1_36' title="bbox 571 2203 2167 2286">
    <p class='ocr_par' dir='ltr' id='par_1_36' title="bbox 571 2203 2167 2286">
     <span class='ocr_line' id='line_1_36' title="bbox 571 2203 2167 2286; baseline 0.01 -28"><span class='ocrx_word' id='word_1_243' title='bbox 571 2203 822 2260; x_wconf 88' lang='lat' dir='ltr'><strong>Dormire</strong></span> <span class='ocrx_word' id='word_1_244' title='bbox 863 2217 1044 2261; x_wconf 88' lang='lat' dir='ltr'><strong>autem</strong></span> <span class='ocrx_word' id='word_1_245' title='bbox 1082 2208 1220 2264; x_wconf 86' lang='lat' dir='ltr'><strong>dicit</strong></span> <span class='ocrx_word' id='word_1_246' title='bbox 1267 2211 1437 2278; x_wconf 86' lang='lat' dir='ltr'><strong>illam,</strong></span> <span class='ocrx_word' id='word_1_247' title='bbox 1475 2227 1542 2269; x_wconf 92' lang='lat' dir='ltr'><strong>eo</strong></span> <span class='ocrx_word' id='word_1_248' title='bbox 1572 2215 1716 2284; x_wconf 85' lang='lat' dir='ltr'><strong>quod</strong></span> <span class='ocrx_word' id='word_1_249' title='bbox 1745 2216 1886 2286; x_wconf 85' lang='lat' dir='ltr'><strong>apud</strong></span> <span class='ocrx_word' id='word_1_250' title='bbox 1929 2233 1988 2273; x_wconf 88' lang='lat' dir='ltr'><strong>se</strong></span> <span class='ocrx_word' id='word_1_251' title='bbox 2018 2235 2167 2275; x_wconf 90' lang='lat' dir='ltr'><strong>mors</strong></span> 
     </span>
    </p>
   </div>
   <div class='ocr_carea' id='block_1_37' title="bbox 580 2303 2168 2369">
    <p class='ocr_par' dir='ltr' id='par_1_37' title="bbox 580 2303 2168 2369">
     <span class='ocr_line' id='line_1_37' title="bbox 580 2303 2168 2369; baseline 0.011 -18"><span class='ocrx_word' id='word_1_252' title='bbox 580 2311 808 2353; x_wconf 85' lang='lat' dir='ltr'><strong>somnus</strong></span> <span class='ocrx_word' id='word_1_253' title='bbox 847 2313 993 2356; x_wconf 88' lang='lat' dir='ltr'><strong>esset</strong></span> <span class='ocrx_word' id='word_1_254' title='bbox 1025 2318 1040 2355; x_wconf 90' lang='lat'><strong>:</strong></span> <span class='ocrx_word' id='word_1_255' title='bbox 1087 2303 1304 2359; x_wconf 85' lang='lat' dir='ltr'><strong>valebat</strong></span> <span class='ocrx_word' id='word_1_256' title='bbox 1350 2306 1496 2362; x_wconf 89' lang='lat' dir='ltr'><strong>enim</strong></span> <span class='ocrx_word' id='word_1_257' title='bbox 1545 2306 1710 2364; x_wconf 77' lang='lat' dir='ltr'><strong>facile</strong></span> <span class='ocrx_word' id='word_1_258' title='bbox 1741 2311 2031 2367; x_wconf 78' lang='lat' dir='ltr'><strong>suscitare.</strong></span> <span class='ocrx_word' id='word_1_259' title='bbox 2065 2311 2168 2369; x_wconf 81' lang='lat' dir='ltr'><strong>Ce-</strong></span> 
     </span>
    </p>
   </div>
   <div class='ocr_carea' id='block_1_38' title="bbox 574 2393 2170 2464">
    <p class='ocr_par' dir='ltr' id='par_1_38' title="bbox 574 2393 2170 2464">
     <span class='ocr_line' id='line_1_38' title="bbox 574 2393 2170 2464; baseline 0.014 -23"><span class='ocrx_word' id='word_1_260' title='bbox 574 2400 747 2444; x_wconf 90' lang='lat' dir='ltr'><strong>terum</strong></span> <span class='ocrx_word' id='word_1_261' title='bbox 781 2393 924 2460; x_wconf 84' lang='lat' dir='ltr'><strong>quod</strong></span> <span class='ocrx_word' id='word_1_262' title='bbox 949 2395 1263 2453; x_wconf 85' lang='lat' dir='ltr'><strong>deriserunt</strong></span> <span class='ocrx_word' id='word_1_263' title='bbox 1290 2413 1439 2464; x_wconf 87' lang='lat' dir='ltr'><strong>eum.</strong></span> <span class='ocrx_word' id='word_1_264' title='bbox 1473 2415 1540 2456; x_wconf 87' lang='lat' dir='ltr'><strong>ne</strong></span> <span class='ocrx_word' id='word_1_265' title='bbox 1577 2401 1832 2458; x_wconf 89' lang='lat' dir='ltr'><strong>mireris:</strong></span> <span class='ocrx_word' id='word_1_266' title='bbox 1861 2420 1987 2460; x_wconf 90' lang='lat' dir='ltr'><strong>nam</strong></span> <span class='ocrx_word' id='word_1_267' title='bbox 2019 2408 2170 2463; x_wconf 85' lang='lat' dir='ltr'><strong>testi-</strong></span> 
     </span>
    </p>
   </div>
   <div class='ocr_carea' id='block_1_39' title="bbox 573 2482 2166 2564">
    <p class='ocr_par' dir='ltr' id='par_1_39' title="bbox 573 2482 2166 2564">
     <span class='ocr_line' id='line_1_39' title="bbox 573 2482 2166 2564; baseline 0.015 -32"><span class='ocrx_word' id='word_1_268' title='bbox 573 2482 810 2536; x_wconf 89' lang='lat' dir='ltr'><strong>monium</strong></span> <span class='ocrx_word' id='word_1_269' title='bbox 856 2485 1089 2552; x_wconf 85' lang='lat' dir='ltr'><strong>amplius</strong></span> <span class='ocrx_word' id='word_1_270' title='bbox 1137 2487 1268 2543; x_wconf 83' lang='lat' dir='ltr'><strong>dant</strong></span> <span class='ocrx_word' id='word_1_271' title='bbox 1312 2491 1599 2558; x_wconf 89' lang='lat' dir='ltr'><strong>miraculo,</strong></span> <span class='ocrx_word' id='word_1_272' title='bbox 1633 2496 1778 2564; x_wconf 87' lang='lat' dir='ltr'><strong>quod</strong></span> <span class='ocrx_word' id='word_1_273' title='bbox 1829 2512 1956 2553; x_wconf 90' lang='lat' dir='ltr'><strong>vere</strong></span> <span class='ocrx_word' id='word_1_274' title='bbox 2013 2515 2166 2556; x_wconf 87' lang='lat' dir='ltr'><strong>mor-</strong></span> 
     </span>
    </p>
   </div>
   <div class='ocr_carea' id='block_1_40' title="bbox 568 2575 2162 2659">
    <p class='ocr_par' dir='ltr' id='par_1_40' title="bbox 568 2575 2162 2659">
     <span class='ocr_line' id='line_1_40' title="bbox 568 2575 2162 2659; baseline 0.018 -37"><span class='ocrx_word' id='word_1_275' title='bbox 568 2579 717 2626; x_wconf 89' lang='lat' dir='ltr'><strong>tuam</strong></span> <span class='ocrx_word' id='word_1_276' title='bbox 755 2575 1053 2631; x_wconf 82' lang='lat' dir='ltr'><strong>siiscitarit.</strong></span> <span class='ocrx_word' id='word_1_277' title='bbox 1089 2577 1167 2634; x_wconf 87' lang='lat' dir='ltr'><strong>Ne</strong></span> <span class='ocrx_word' id='word_1_278' title='bbox 1197 2582 1320 2651; x_wconf 89' lang='lat' dir='ltr'><strong>quis</strong></span> <span class='ocrx_word' id='word_1_279' title='bbox 1355 2584 1501 2638; x_wconf 87' lang='lat' dir='ltr'><strong>enim</strong></span> <span class='ocrx_word' id='word_1_280' title='bbox 1546 2585 1756 2642; x_wconf 88' lang='lat' dir='ltr'><strong>diceret</strong></span> <span class='ocrx_word' id='word_1_281' title='bbox 1799 2590 1944 2659; x_wconf 88' lang='lat' dir='ltr'><strong>quod</strong></span> <span class='ocrx_word' id='word_1_282' title='bbox 1979 2593 2034 2648; x_wconf 90' lang='lat' dir='ltr'><strong>in</strong></span> <span class='ocrx_word' id='word_1_283' title='bbox 2063 2608 2162 2649; x_wconf 81' lang='lat' dir='ltr'><strong>ex-</strong></span> 
     </span>
    </p>
   </div>
   <div class='ocr_carea' id='block_1_41' title="bbox 565 2670 2160 2757">
    <p class='ocr_par' dir='ltr' id='par_1_41' title="bbox 565 2670 2160 2757">
     <span class='ocr_line' id='line_1_41' title="bbox 565 2670 2160 2757; baseline 0.016 -38"><span class='ocrx_word' id='word_1_284' title='bbox 565 2678 723 2720; x_wconf 89' lang='lat' dir='ltr'><strong>cessu</strong></span> <span class='ocrx_word' id='word_1_285' title='bbox 759 2670 993 2737; x_wconf 89' lang='lat' dir='ltr'><strong>quodam</strong></span> <span class='ocrx_word' id='word_1_286' title='bbox 1037 2680 1206 2741; x_wconf 77' lang='lat' dir='ltr'><strong>esSet,</strong></span> <span class='ocrx_word' id='word_1_287' title='bbox 1243 2675 1448 2733; x_wconf 87' lang='lat' dir='ltr'><strong>ideirco</strong></span> <span class='ocrx_word' id='word_1_288' title='bbox 1479 2676 1532 2733; x_wconf 93' lang='lat' dir='ltr'><strong>in</strong></span> <span class='ocrx_word' id='word_1_289' title='bbox 1583 2678 1836 2738; x_wconf 75' lang='lat' dir='ltr'><strong>confesso</strong></span> <span class='ocrx_word' id='word_1_290' title='bbox 1868 2695 1987 2740; x_wconf 90' lang='lat' dir='ltr'><strong>erat</strong></span> <span class='ocrx_word' id='word_1_291' title='bbox 2019 2688 2160 2757; x_wconf 86' lang='lat' dir='ltr'><strong>apud</strong></span> 
     </span>
    </p>
   </div>
   <div class='ocr_carea' id='block_1_42' title="bbox 565 2760 1286 2833">
    <p class='ocr_par' dir='ltr' id='par_1_42' title="bbox 565 2760 1286 2833">
     <span class='ocr_line' id='line_1_42' title="bbox 565 2760 1286 2833; baseline 0.021 -27"><span class='ocrx_word' id='word_1_292' title='bbox 565 2770 757 2813; x_wconf 72' lang='lat' dir='ltr'><strong>omnes</strong></span> <span class='ocrx_word' id='word_1_293' title='bbox 790 2760 906 2829; x_wconf 86' lang='lat' dir='ltr'><strong>ejus</strong></span> <span class='ocrx_word' id='word_1_294' title='bbox 942 2777 1107 2818; x_wconf 69' lang='lat' dir='ltr'><strong>u&#39;ors.</strong></span> <span class='ocrx_word' id='word_1_295' title='bbox 1284 2831 1286 2833; x_wconf 17' lang='grc' dir='ltr'>ν</span> 
     </span>
    </p>
   </div>
   <div class='ocr_carea' id='block_1_43' title="bbox 642 2847 2157 2940">
    <p class='ocr_par' dir='ltr' id='par_1_43' title="bbox 642 2847 2157 2940">
     <span class='ocr_line' id='line_1_43' title="bbox 642 2847 2157 2940; baseline 0.018 -39"><span class='ocrx_word' id='word_1_296' title='bbox 642 2847 805 2906; x_wconf 68' lang='lat' dir='ltr'><strong>Vens.</strong></span> <span class='ocrx_word' id='word_1_297' title='bbox 837 2850 928 2917; x_wconf 75' lang='lat'><strong>25,</strong></span> <span class='ocrx_word' id='word_1_298' title='bbox 964 2852 1054 2909; x_wconf 74' lang='lat'><strong>26.</strong></span> <span class='ocrx_word' id='word_1_299' title='bbox 1093 2873 1112 2907; x_wconf 76' lang='grc' dir='ltr'><strong>ι</strong></span> <span class='ocrx_word' id='word_1_300' title='bbox 1157 2855 1258 2913; x_wconf 92' lang='lat' dir='ltr'><strong>Ubi</strong></span> <span class='ocrx_word' id='word_1_301' title='bbox 1298 2858 1406 2932; x_wconf 64' lang='grc'><strong>45</strong></span> <span class='ocrx_word' id='word_1_302' title='bbox 1441 2874 1620 2922; x_wconf 87' lang='lat' dir='ltr'><strong>autent</strong></span> <span class='ocrx_word' id='word_1_303' title='bbox 1663 2869 1833 2940; x_wconf 79' lang='lat' dir='ltr'><strong>ejecta</strong></span> <span class='ocrx_word' id='word_1_304' title='bbox 1861 2881 1942 2928; x_wconf 85' lang='lat' dir='ltr'><strong>est</strong></span> <span class='ocrx_word' id='word_1_305' title='bbox 1977 2873 2157 2937; x_wconf 86' lang='lat' dir='ltr'><strong>turba.</strong></span> 
     </span>
    </p>
   </div>
   <div class='ocr_carea' id='block_1_44' title="bbox 564 2936 2159 3020">
    <p class='ocr_par' dir='ltr' id='par_1_44' title="bbox 564 2936 2159 3020">
     <span class='ocr_line' id='line_1_44' title="bbox 564 2936 2159 3020; baseline 0.019 -30"><span class='ocrx_word' id='word_1_306' title='bbox 564 2936 845 3008; x_wconf 84' lang='lat' dir='ltr'><strong>ingressus</strong></span> <span class='ocrx_word' id='word_1_307' title='bbox 875 2952 978 3008; x_wconf 88' lang='lat' dir='ltr'><strong>est,</strong></span> <span class='ocrx_word' id='word_1_308' title='bbox 1023 2955 1075 2999; x_wconf 91' lang='lat' dir='ltr'><strong>et</strong></span> <span class='ocrx_word' id='word_1_309' title='bbox 1113 2950 1285 3004; x_wconf 90' lang='lat' dir='ltr'><strong>tenuit</strong></span> <span class='ocrx_word' id='word_1_310' title='bbox 1321 2968 1540 3010; x_wconf 90' lang='lat' dir='ltr'><strong>manum</strong></span> <span class='ocrx_word' id='word_1_311' title='bbox 1588 2959 1736 3016; x_wconf 88' lang='lat' dir='ltr'><strong>illius</strong></span> <span class='ocrx_word' id='word_1_312' title='bbox 1767 2980 1781 3017; x_wconf 88' lang='lat'><strong>:</strong></span> <span class='ocrx_word' id='word_1_313' title='bbox 1824 2975 1877 3018; x_wconf 90' lang='lat' dir='ltr'><strong>et</strong></span> <span class='ocrx_word' id='word_1_314' title='bbox 1917 2966 2159 3020; x_wconf 82' lang='lat' dir='ltr'><strong>surrexit</strong></span> 
     </span>
    </p>
   </div>
   <div class='ocr_carea' id='block_1_45' title="bbox 566 3029 2158 3112">
    <p class='ocr_par' dir='ltr' id='par_1_45' title="bbox 566 3029 2158 3112">
     <span class='ocr_line' id='line_1_45' title="bbox 566 3029 2158 3112; baseline 0.02 -31"><span class='ocrx_word' id='word_1_315' title='bbox 566 3029 995 3091; x_wconf 84' lang='lat' dir='ltr'><strong>ailolescentula.</strong></span> <span class='ocrx_word' id='word_1_316' title='bbox 1030 3035 1094 3091; x_wconf 87' lang='lat' dir='ltr'><strong>Et</strong></span> <span class='ocrx_word' id='word_1_317' title='bbox 1122 3046 1399 3098; x_wconf 87' lang='lat' dir='ltr'><strong>emanavit</strong></span> <span class='ocrx_word' id='word_1_318' title='bbox 1427 3046 1569 3104; x_wconf 85' lang='lat' dir='ltr'><strong>fama</strong></span> <span class='ocrx_word' id='word_1_319' title='bbox 1615 3052 1704 3105; x_wconf 91' lang='lat' dir='ltr'><strong>illa</strong></span> <span class='ocrx_word' id='word_1_320' title='bbox 1752 3054 1803 3107; x_wconf 92' lang='lat' dir='ltr'><strong>in</strong></span> <span class='ocrx_word' id='word_1_321' title='bbox 1841 3063 2008 3110; x_wconf 86' lang='lat' dir='ltr'><strong>totain</strong></span> <span class='ocrx_word' id='word_1_322' title='bbox 2048 3067 2158 3112; x_wconf 88' lang='lat' dir='ltr'><strong>ter-</strong></span> 
     </span>
    </p>
   </div>
   <div class='ocr_carea' id='block_1_46' title="bbox 2273 1849 3889 1936">
    <p class='ocr_par' dir='ltr' id='par_1_46' title="bbox 2273 1849 3889 1936">
     <span class='ocr_line' id='line_1_46' title="bbox 2273 1849 3889 1936; baseline 0.012 -34"><span class='ocrx_word' id='word_1_323' title='bbox 2273 1849 2424 1918; x_wconf 82' lang='grc' dir='ltr'>λέγει</span> <span class='ocrx_word' id='word_1_324' title='bbox 2455 1851 2664 1916; x_wconf 79' lang='grc' dir='ltr'>αὐτοῖς’</span> <span class='ocrx_word' id='word_1_325' title='bbox 2697 1854 3091 1926; x_wconf 82' lang='grc' dir='ltr'><strong>Ἀναχωρεῖτε,</strong></span> <span class='ocrx_word' id='word_1_326' title='bbox 3125 1858 3187 1910; x_wconf 85' lang='grc' dir='ltr'><strong>ού</strong></span> <span class='ocrx_word' id='word_1_327' title='bbox 3220 1859 3332 1931; x_wconf 85' lang='grc' dir='ltr'><strong>γὰρ</strong></span> <span class='ocrx_word' id='word_1_328' title='bbox 3365 1861 3608 1918; x_wconf 76' lang='grc' dir='ltr'>ἀπέθανε</span> <span class='ocrx_word' id='word_1_329' title='bbox 3629 1864 3690 1918; x_wconf 78' lang='grc' dir='ltr'><strong>τὸ</strong></span> <span class='ocrx_word' id='word_1_330' title='bbox 3720 1867 3889 1936; x_wconf 78' lang='grc' dir='ltr'>κοράο</span> 
     </span>
    </p>
   </div>
   <div class='ocr_carea' id='block_1_47' title="bbox 2274 1943 3885 2030">
    <p class='ocr_par' dir='ltr' id='par_1_47' title="bbox 2274 1943 3885 2030">
     <span class='ocr_line' id='line_1_47' title="bbox 2274 1943 3885 2030; baseline 0.012 -37"><span class='ocrx_word' id='word_1_331' title='bbox 2274 1956 2412 2008; x_wconf 87' lang='grc' dir='ltr'>σιον,</span> <span class='ocrx_word' id='word_1_332' title='bbox 2446 1943 2583 1997; x_wconf 81' lang='grc' dir='ltr'>ἀλλὰ</span> <span class='ocrx_word' id='word_1_333' title='bbox 2617 1944 2894 2001; x_wconf 82' lang='grc' dir='ltr'>καθεύδει.</span> <span class='ocrx_word' id='word_1_334' title='bbox 2917 1949 3029 2001; x_wconf 73' lang='grc' dir='ltr'><strong>Καὶ</strong></span> <span class='ocrx_word' id='word_1_335' title='bbox 3054 1951 3369 2020; x_wconf 82' lang='grc' dir='ltr'><strong>κατεγέλων</strong></span> <span class='ocrx_word' id='word_1_336' title='bbox 3401 1953 3626 2009; x_wconf 73' lang='grc' dir='ltr'>αὐτοῦ.»</span> <span class='ocrx_word' id='word_1_337' title='bbox 3651 1956 3885 2030; x_wconf 70' lang='grc' dir='ltr'>Ἐπειδὴ</span> 
     </span>
    </p>
   </div>
   <div class='ocr_carea' id='block_1_48' title="bbox 2271 2032 3884 2124">
    <p class='ocr_par' dir='ltr' id='par_1_48' title="bbox 2271 2032 3884 2124">
     <span class='ocr_line' id='line_1_48' title="bbox 2271 2032 3884 2124; baseline 0.012 -37"><span class='ocrx_word' id='word_1_338' title='bbox 2271 2033 2486 2105; x_wconf 78' lang='grc' dir='ltr'>ἄγαμος</span> <span class='ocrx_word' id='word_1_339' title='bbox 2504 2032 2594 2107; x_wconf 81' lang='grc' dir='ltr'>ἦν,</span> <span class='ocrx_word' id='word_1_340' title='bbox 2620 2037 2758 2108; x_wconf 78' lang='grc' dir='ltr'>μετὰ</span> <span class='ocrx_word' id='word_1_341' title='bbox 2777 2038 2887 2092; x_wconf 84' lang='grc' dir='ltr'>τῶν</span> <span class='ocrx_word' id='word_1_342' title='bbox 2904 2043 3161 2112; x_wconf 83' lang='grc' dir='ltr'>γαμικῶν</span> <span class='ocrx_word' id='word_1_343' title='bbox 3184 2044 3365 2100; x_wconf 80' lang='grc' dir='ltr'>αὐλῶν</span> <span class='ocrx_word' id='word_1_344' title='bbox 3390 2049 3562 2120; x_wconf 78' lang='grc' dir='ltr'>αὐτὴν</span> <span class='ocrx_word' id='word_1_345' title='bbox 3584 2050 3884 2124; x_wconf 76' lang='grc' dir='ltr'>ἐθρήνουν,</span> 
     </span>
    </p>
   </div>
   <div class='ocr_carea' id='block_1_49' title="bbox 2271 2128 3884 2214">
    <p class='ocr_par' dir='ltr' id='par_1_49' title="bbox 2271 2128 3884 2214">
     <span class='ocr_line' id='line_1_49' title="bbox 2271 2128 3884 2214; baseline 0.014 -35"><span class='ocrx_word' id='word_1_346' title='bbox 2271 2128 2423 2203; x_wconf 81' lang='grc' dir='ltr'>παρᾴ</span> <span class='ocrx_word' id='word_1_347' title='bbox 2454 2129 2547 2181; x_wconf 68' lang='grc' dir='ltr'>τὶν</span> <span class='ocrx_word' id='word_1_348' title='bbox 2573 2130 2740 2200; x_wconf 87' lang='grc' dir='ltr'>νόμον</span> <span class='ocrx_word' id='word_1_349' title='bbox 2769 2131 2929 2185; x_wconf 80' lang='grc' dir='ltr'>τοῦτο</span> <span class='ocrx_word' id='word_1_350' title='bbox 2961 2133 3247 2201; x_wconf 81' lang='grc' dir='ltr'>ποιοῦντες</span> <span class='ocrx_word' id='word_1_351' title='bbox 3266 2154 3282 2170; x_wconf 77' lang='grc' dir='ltr'>ο</span> <span class='ocrx_word' id='word_1_352' title='bbox 3317 2141 3608 2196; x_wconf 82' lang='grc' dir='ltr'>καθεύδειν</span> <span class='ocrx_word' id='word_1_353' title='bbox 3631 2144 3690 2197; x_wconf 80' lang='grc' dir='ltr'>δὲ</span> <span class='ocrx_word' id='word_1_354' title='bbox 3724 2145 3884 2214; x_wconf 79' lang='grc' dir='ltr'>λέγει</span> 
     </span>
    </p>
   </div>
   <div class='ocr_carea' id='block_1_50' title="bbox 2268 2220 3887 2310">
    <p class='ocr_par' dir='ltr' id='par_1_50' title="bbox 2268 2220 3887 2310">
     <span class='ocr_line' id='line_1_50' title="bbox 2268 2220 3887 2310; baseline 0.011 -37"><span class='ocrx_word' id='word_1_355' title='bbox 2268 2220 2462 2291; x_wconf 77' lang='grc' dir='ltr'>αὐτὴν,</span> <span class='ocrx_word' id='word_1_356' title='bbox 2485 2221 2620 2276; x_wconf 85' lang='grc' dir='ltr'>διότι</span> <span class='ocrx_word' id='word_1_357' title='bbox 2642 2224 2774 2295; x_wconf 89' lang='grc' dir='ltr'>παρ’</span> <span class='ocrx_word' id='word_1_358' title='bbox 2798 2225 2948 2297; x_wconf 85' lang='grc' dir='ltr'>αύτῷ</span> <span class='ocrx_word' id='word_1_359' title='bbox 2969 2230 2995 2280; x_wconf 89' lang='lat'><strong>6</strong></span> <span class='ocrx_word' id='word_1_360' title='bbox 3019 2227 3252 2295; x_wconf 86' lang='grc' dir='ltr'>θάνατος</span> <span class='ocrx_word' id='word_1_361' title='bbox 3272 2230 3442 2297; x_wconf 81' lang='grc' dir='ltr'>ὕπνος</span> <span class='ocrx_word' id='word_1_362' title='bbox 3465 2229 3555 2306; x_wconf 86' lang='grc' dir='ltr'><strong>ἦν,</strong></span> <span class='ocrx_word' id='word_1_363' title='bbox 3583 2236 3887 2310; x_wconf 73' lang='grc' dir='ltr'><strong>δυναμένῳ</strong></span> 
     </span>
    </p>
   </div>
   <div class='ocr_carea' id='block_1_51' title="bbox 2267 2310 3885 2402">
    <p class='ocr_par' dir='ltr' id='par_1_51' title="bbox 2267 2310 3885 2402">
     <span class='ocr_line' id='line_1_51' title="bbox 2267 2310 3885 2402; baseline 0.014 -40"><span class='ocrx_word' id='word_1_364' title='bbox 2267 2310 2512 2376; x_wconf 82' lang='grc' dir='ltr'>εὐκόλως</span> <span class='ocrx_word' id='word_1_365' title='bbox 2556 2313 2888 2385; x_wconf 77' lang='grc' dir='ltr'>ἀναστῆσαι.</span> <span class='ocrx_word' id='word_1_366' title='bbox 2942 2317 3005 2371; x_wconf 82' lang='lat' dir='ltr'><strong>Ei</strong></span> <span class='ocrx_word' id='word_1_367' title='bbox 3055 2319 3115 2373; x_wconf 84' lang='grc' dir='ltr'>δὲ</span> <span class='ocrx_word' id='word_1_368' title='bbox 3145 2322 3526 2393; x_wconf 78' lang='grc' dir='ltr'>καταγελῶσιν</span> <span class='ocrx_word' id='word_1_369' title='bbox 3575 2329 3768 2397; x_wconf 82' lang='grc' dir='ltr'>αὑτοῦ,</span> <span class='ocrx_word' id='word_1_370' title='bbox 3802 2329 3885 2402; x_wconf 80' lang='grc' dir='ltr'>μὴ</span> 
     </span>
    </p>
   </div>
   <div class='ocr_carea' id='block_1_52' title="bbox 2267 2404 3884 2489">
    <p class='ocr_par' dir='ltr' id='par_1_52' title="bbox 2267 2404 3884 2489">
     <span class='ocr_line' id='line_1_52' title="bbox 2267 2404 3884 2489; baseline 0.011 -32"><span class='ocrx_word' id='word_1_371' title='bbox 2267 2404 2588 2478; x_wconf 71' lang='grc' dir='ltr'>θαυμάσῃςο</span> <span class='ocrx_word' id='word_1_372' title='bbox 2629 2409 2970 2481; x_wconf 84' lang='grc' dir='ltr'>μαρτυροῦσι</span> <span class='ocrx_word' id='word_1_373' title='bbox 3004 2412 3114 2482; x_wconf 78' lang='grc' dir='ltr'><strong>γὰρ</strong></span> <span class='ocrx_word' id='word_1_374' title='bbox 3149 2413 3353 2483; x_wconf 82' lang='grc' dir='ltr'>μᾶλλον</span> <span class='ocrx_word' id='word_1_375' title='bbox 3384 2415 3464 2487; x_wconf 85' lang='grc' dir='ltr'>τῷ</span> <span class='ocrx_word' id='word_1_376' title='bbox 3495 2416 3760 2489; x_wconf 85' lang='grc' dir='ltr'>θαύματι,</span> <span class='ocrx_word' id='word_1_377' title='bbox 3800 2421 3884 2484; x_wconf 80' lang='grc' dir='ltr'><strong>ὡς</strong></span> 
     </span>
    </p>
   </div>
   <div class='ocr_carea' id='block_1_53' title="bbox 2265 2498 3884 2586">
    <p class='ocr_par' dir='ltr' id='par_1_53' title="bbox 2265 2498 3884 2586">
     <span class='ocr_line' id='line_1_53' title="bbox 2265 2498 3884 2586; baseline 0.014 -36"><span class='ocrx_word' id='word_1_378' title='bbox 2265 2499 2472 2568; x_wconf 82' lang='grc' dir='ltr'>νεκράν</span> <span class='ocrx_word' id='word_1_379' title='bbox 2501 2499 2580 2571; x_wconf 84' lang='grc' dir='ltr'><strong>τῷ</strong></span> <span class='ocrx_word' id='word_1_380' title='bbox 2619 2502 2738 2554; x_wconf 79' lang='grc' dir='ltr'>ὄντι</span> <span class='ocrx_word' id='word_1_381' title='bbox 2770 2498 3217 2575; x_wconf 76' lang='grc' dir='ltr'>ἀναστήσαντοςο</span> <span class='ocrx_word' id='word_1_382' title='bbox 3249 2506 3337 2561; x_wconf 74' lang='grc' dir='ltr'>ἵνα</span> <span class='ocrx_word' id='word_1_383' title='bbox 3368 2509 3477 2580; x_wconf 81' lang='grc' dir='ltr'><strong>γάρ</strong></span> <span class='ocrx_word' id='word_1_384' title='bbox 3519 2511 3687 2582; x_wconf 78' lang='grc' dir='ltr'>μήτις</span> <span class='ocrx_word' id='word_1_385' title='bbox 3738 2512 3884 2586; x_wconf 80' lang='grc' dir='ltr'>λέγῃ</span> 
     </span>
    </p>
   </div>
   <div class='ocr_carea' id='block_1_54' title="bbox 2264 2590 3885 2680">
    <p class='ocr_par' dir='ltr' id='par_1_54' title="bbox 2264 2590 3885 2680">
     <span class='ocr_line' id='line_1_54' title="bbox 2264 2590 3885 2680; baseline 0.012 -38"><span class='ocrx_word' id='word_1_386' title='bbox 2264 2590 2349 2643; x_wconf 86' lang='grc' dir='ltr'>ὅτι</span> <span class='ocrx_word' id='word_1_387' title='bbox 2399 2592 2634 2663; x_wconf 80' lang='grc' dir='ltr'>κάτοχος</span> <span class='ocrx_word' id='word_1_388' title='bbox 2681 2593 2920 2663; x_wconf 69' lang='grc' dir='ltr'>ἐγένετο,</span> <span class='ocrx_word' id='word_1_389' title='bbox 2971 2596 3064 2651; x_wconf 77' lang='grc' dir='ltr'>διὰ</span> <span class='ocrx_word' id='word_1_390' title='bbox 3117 2597 3279 2653; x_wconf 75' lang='grc' dir='ltr'>τοῦτο</span> <span class='ocrx_word' id='word_1_391' title='bbox 3333 2599 3667 2677; x_wconf 79' lang='grc' dir='ltr'>ὡμολογήθη</span> <span class='ocrx_word' id='word_1_392' title='bbox 3718 2607 3885 2680; x_wconf 67' lang='grc' dir='ltr'>παρὰ</span> 
     </span>
    </p>
   </div>
   <div class='ocr_carea' id='block_1_55' title="bbox 2265 2683 2833 2743">
    <p class='ocr_par' dir='ltr' id='par_1_55' title="bbox 2265 2683 2833 2743">
     <span class='ocr_line' id='line_1_55' title="bbox 2265 2683 2833 2743; baseline 0.012 -7"><span class='ocrx_word' id='word_1_393' title='bbox 2265 2683 2487 2738; x_wconf 81' lang='grc' dir='ltr'>πάντων</span> <span class='ocrx_word' id='word_1_394' title='bbox 2516 2685 2833 2743; x_wconf 81' lang='grc' dir='ltr'>ἀποθανεῖν.</span> 
     </span>
    </p>
   </div>
   <div class='ocr_carea' id='block_1_56' title="bbox 2343 2869 3879 2958">
    <p class='ocr_par' dir='ltr' id='par_1_56' title="bbox 2343 2869 3879 2958">
     <span class='ocr_line' id='line_1_56' title="bbox 2343 2869 3879 2958; baseline 0.013 -36"><span class='ocrx_word' id='word_1_395' title='bbox 2343 2888 2362 2922; x_wconf 76' lang='grc' dir='ltr'><strong>ι</strong></span> <span class='ocrx_word' id='word_1_396' title='bbox 2401 2869 2534 2926; x_wconf 83' lang='grc' dir='ltr'><strong>Ὀτε</strong></span> <span class='ocrx_word' id='word_1_397' title='bbox 2574 2871 2632 2926; x_wconf 82' lang='grc' dir='ltr'>δὲ</span> <span class='ocrx_word' id='word_1_398' title='bbox 2677 2872 2945 2949; x_wconf 78' lang='grc' dir='ltr'>ἐξεϐλήθη</span> <span class='ocrx_word' id='word_1_399' title='bbox 2979 2879 3009 2932; x_wconf 87' lang='lat'><strong>6</strong></span> <span class='ocrx_word' id='word_1_400' title='bbox 3058 2878 3240 2951; x_wconf 76' lang='grc' dir='ltr'>ὄχλος,</span> <span class='ocrx_word' id='word_1_401' title='bbox 3293 2881 3558 2937; x_wconf 78' lang='grc' dir='ltr'>εἰσελθὼν</span> <span class='ocrx_word' id='word_1_402' title='bbox 3595 2885 3879 2958; x_wconf 78' lang='grc' dir='ltr'>ἐκράτησε</span> 
     </span>
    </p>
   </div>
   <div class='ocr_carea' id='block_1_57' title="bbox 2262 2962 3883 3051">
    <p class='ocr_par' dir='ltr' id='par_1_57' title="bbox 2262 2962 3883 3051">
     <span class='ocr_line' id='line_1_57' title="bbox 2262 2962 3883 3051; baseline 0.012 -37"><span class='ocrx_word' id='word_1_403' title='bbox 2262 2962 2364 3032; x_wconf 83' lang='grc' dir='ltr'><strong>τῆς</strong></span> <span class='ocrx_word' id='word_1_404' title='bbox 2395 2967 2578 3037; x_wconf 86' lang='grc' dir='ltr'>χειρὸς</span> <span class='ocrx_word' id='word_1_405' title='bbox 2603 2966 2797 3037; x_wconf 82' lang='grc' dir='ltr'>αὐτῆς,</span> <span class='ocrx_word' id='word_1_406' title='bbox 2826 2971 2921 3023; x_wconf 74' lang='grc' dir='ltr'>καὶ</span> <span class='ocrx_word' id='word_1_407' title='bbox 2948 2970 3158 3042; x_wconf 84' lang='grc' dir='ltr'><strong>ἠγέρθη</strong></span> <span class='ocrx_word' id='word_1_408' title='bbox 3184 2975 3244 3026; x_wconf 83' lang='grc' dir='ltr'>τὸ</span> <span class='ocrx_word' id='word_1_409' title='bbox 3272 2975 3558 3048; x_wconf 83' lang='grc' dir='ltr'>κοράσιον,</span> <span class='ocrx_word' id='word_1_410' title='bbox 3591 2978 3688 3031; x_wconf 74' lang='grc' dir='ltr'><strong>καὶ</strong></span> <span class='ocrx_word' id='word_1_411' title='bbox 3709 2979 3883 3051; x_wconf 73' lang='grc' dir='ltr'>ἐξῆλ-</span> 
     </span>
    </p>
   </div>
   <div class='ocr_carea' id='block_1_58' title="bbox 2264 3054 3880 3140">
    <p class='ocr_par' dir='ltr' id='par_1_58' title="bbox 2264 3054 3880 3140">
     <span class='ocr_line' id='line_1_58' title="bbox 2264 3054 3880 3140; baseline 0.014 -34"><span class='ocrx_word' id='word_1_412' title='bbox 2264 3054 2415 3126; x_wconf 89' lang='grc' dir='ltr'>θενή</span> <span class='ocrx_word' id='word_1_413' title='bbox 2448 3058 2774 3130; x_wconf 79' lang='grc' dir='ltr'>φήμηαῦτη</span> <span class='ocrx_word' id='word_1_414' title='bbox 2808 3063 2889 3125; x_wconf 88' lang='grc' dir='ltr'><strong>είς</strong></span> <span class='ocrx_word' id='word_1_415' title='bbox 2912 3063 3044 3135; x_wconf 83' lang='grc' dir='ltr'>ὅλην</span> <span class='ocrx_word' id='word_1_416' title='bbox 3069 3065 3171 3137; x_wconf 82' lang='grc' dir='ltr'><strong>τὴν</strong></span> <span class='ocrx_word' id='word_1_417' title='bbox 3209 3067 3316 3136; x_wconf 80' lang='grc' dir='ltr'>γῆν</span> <span class='ocrx_word' id='word_1_418' title='bbox 3351 3069 3594 3140; x_wconf 82' lang='grc' dir='ltr'>ἐκείνην.</span> <span class='ocrx_word' id='word_1_419' title='bbox 3631 3090 3651 3123; x_wconf 75' lang='grc' dir='ltr'>ι</span> <span class='ocrx_word' id='word_1_420' title='bbox 3696 3073 3880 3128; x_wconf 87' lang='grc' dir='ltr'>Ἔνθα</span> 
     </span>
    </p>
   </div>
   <div class='ocr_carea' id='block_1_59' title="bbox 565 3124 2155 3236">
    <p class='ocr_par' dir='ltr' id='par_1_59' title="bbox 565 3124 2155 3219">
     <span class='ocr_line' id='line_1_59' title="bbox 565 3124 2155 3219; baseline 0.019 -44"><span class='ocrx_word' id='word_1_421' title='bbox 565 3137 678 3177; x_wconf 86' lang='lat' dir='ltr'><strong>raiu</strong></span> <span class='ocrx_word' id='word_1_422' title='bbox 711 3124 879 3179; x_wconf 90' lang='lat' dir='ltr'><strong>illam.</strong></span> <span class='ocrx_word' id='word_1_423' title='bbox 926 3147 944 3179; x_wconf 73' lang='grc' dir='ltr'>ι</span> <span class='ocrx_word' id='word_1_424' title='bbox 985 3128 1085 3185; x_wconf 88' lang='lat' dir='ltr'><strong>Ubi</strong></span> <span class='ocrx_word' id='word_1_425' title='bbox 1118 3135 1271 3189; x_wconf 85' lang='lat' dir='ltr'><strong>turba</strong></span> <span class='ocrx_word' id='word_1_426' title='bbox 1300 3147 1380 3192; x_wconf 88' lang='lat' dir='ltr'><strong>est</strong></span> <span class='ocrx_word' id='word_1_427' title='bbox 1407 3148 1461 3195; x_wconf 89' lang='lat' dir='ltr'><strong>et</strong></span> <span class='ocrx_word' id='word_1_428' title='bbox 1489 3145 1858 3212; x_wconf 89' lang='lat' dir='ltr'><strong>tumultuatio,</strong></span> <span class='ocrx_word' id='word_1_429' title='bbox 1897 3164 2002 3204; x_wconf 91' lang='lat' dir='ltr'><strong>non</strong></span> <span class='ocrx_word' id='word_1_430' title='bbox 2031 3164 2155 3219; x_wconf 82' lang='lat' dir='ltr'><strong>ope-</strong></span> 
     </span>
    </p>
   </div>
   <div class='ocr_carea' id='block_1_60' title="bbox 2271 3124 3873 3236">
    <p class='ocr_par' dir='ltr' id='par_1_60' title="bbox 2271 3124 3873 3236">
     <span class='ocr_line' id='line_1_60' title="bbox 2271 3124 3873 3236; baseline 0.013 -36"><span class='ocrx_word' id='word_1_431' title='bbox 2271 3124 2420 3218; x_wconf 77' lang='grc' dir='ltr'>ὗχλος</span> <span class='ocrx_word' id='word_1_432' title='bbox 2577 3124 3008 3225; x_wconf 52' lang='grc' dir='ltr'>περισπασμὸς,’</span> <span class='ocrx_word' id='word_1_433' title='bbox 3027 3158 3089 3211; x_wconf 89' lang='grc' dir='ltr'><strong>ού</strong></span> <span class='ocrx_word' id='word_1_434' title='bbox 3118 3124 3538 3234; x_wconf 69' lang='grc' dir='ltr'>θαυματουργεί</span> <span class='ocrx_word' id='word_1_435' title='bbox 3559 3165 3588 3216; x_wconf 92' lang='lat'><strong>6</strong></span> <span class='ocrx_word' id='word_1_436' title='bbox 3629 3165 3873 3236; x_wconf 83' lang='grc' dir='ltr'>Ἰησοῦς.</span> 
     </span>
    </p>
   </div>
   <div class='ocr_carea' id='block_1_61' title="bbox 563 3218 2156 3306">
    <p class='ocr_par' dir='ltr' id='par_1_61' title="bbox 563 3218 2156 3306">
     <span class='ocr_line' id='line_1_61' title="bbox 563 3218 2156 3306; baseline 0.019 -41"><span class='ocrx_word' id='word_1_437' title='bbox 563 3221 714 3268; x_wconf 90' lang='lat' dir='ltr'><strong>ratur</strong></span> <span class='ocrx_word' id='word_1_438' title='bbox 755 3218 1021 3274; x_wconf 78' lang='lat' dir='ltr'><strong>miracula</strong></span> <span class='ocrx_word' id='word_1_439' title='bbox 1063 3219 1245 3281; x_wconf 83' lang='lat' dir='ltr'><strong>Jesus.</strong></span> <span class='ocrx_word' id='word_1_440' title='bbox 1283 3224 1457 3285; x_wconf 90' lang='lat' dir='ltr'><strong>Tenet</strong></span> <span class='ocrx_word' id='word_1_441' title='bbox 1500 3244 1680 3288; x_wconf 89' lang='lat' dir='ltr'><strong>autem</strong></span> <span class='ocrx_word' id='word_1_442' title='bbox 1717 3252 1955 3306; x_wconf 89' lang='lat' dir='ltr'><strong>manum,</strong></span> <span class='ocrx_word' id='word_1_443' title='bbox 1986 3241 2156 3295; x_wconf 86' lang='lat' dir='ltr'><strong>virtu-</strong></span> 
     </span>
    </p>
   </div>
   <div class='ocr_carea' id='block_1_62' title="bbox 564 3305 2153 3397">
    <p class='ocr_par' dir='ltr' id='par_1_62' title="bbox 564 3305 2153 3397">
     <span class='ocr_line' id='line_1_62' title="bbox 564 3305 2153 3397; baseline 0.02 -42"><span class='ocrx_word' id='word_1_444' title='bbox 564 3311 670 3357; x_wconf 89' lang='lat' dir='ltr'><strong>tem</strong></span> <span class='ocrx_word' id='word_1_445' title='bbox 724 3305 795 3360; x_wconf 94' lang='lat' dir='ltr'><strong>illi</strong></span> <span class='ocrx_word' id='word_1_446' title='bbox 831 3307 987 3366; x_wconf 87' lang='lat' dir='ltr'><strong>dans.</strong></span> <span class='ocrx_word' id='word_1_447' title='bbox 1039 3309 1105 3366; x_wconf 85' lang='lat' dir='ltr'><strong>Ei</strong></span> <span class='ocrx_word' id='word_1_448' title='bbox 1152 3322 1233 3379; x_wconf 89' lang='lat' dir='ltr'><strong>tu,</strong></span> <span class='ocrx_word' id='word_1_449' title='bbox 1287 3318 1332 3372; x_wconf 88' lang='lat' dir='ltr'><strong>si</strong></span> <span class='ocrx_word' id='word_1_450' title='bbox 1384 3331 1636 3379; x_wconf 88' lang='lat' dir='ltr'><strong>mortuus</strong></span> <span class='ocrx_word' id='word_1_451' title='bbox 1679 3324 1850 3383; x_wconf 88' lang='lat' dir='ltr'><strong>fueris</strong></span> <span class='ocrx_word' id='word_1_452' title='bbox 1892 3305 2153 3397; x_wconf 87' lang='lat' dir='ltr'><strong>peccatis,</strong></span> 
     </span>
    </p>
   </div>
   <div class='ocr_carea' id='block_1_63' title="bbox 559 3397 2153 3484">
    <p class='ocr_par' dir='ltr' id='par_1_63' title="bbox 559 3397 2153 3484">
     <span class='ocr_line' id='line_1_63' title="bbox 559 3397 2153 3484; baseline 0.019 -40"><span class='ocrx_word' id='word_1_453' title='bbox 559 3397 693 3446; x_wconf 87' lang='lat' dir='ltr'><strong>tunc</strong></span> <span class='ocrx_word' id='word_1_454' title='bbox 724 3407 912 3464; x_wconf 79' lang='lat' dir='ltr'><strong>surges</strong></span> <span class='ocrx_word' id='word_1_455' title='bbox 947 3401 1164 3467; x_wconf 83' lang='lat' dir='ltr'><strong>quando</strong></span> <span class='ocrx_word' id='word_1_456' title='bbox 1206 3406 1582 3474; x_wconf 88' lang='lat' dir='ltr'><strong>apprehendet</strong></span> <span class='ocrx_word' id='word_1_457' title='bbox 1614 3427 1838 3468; x_wconf 90' lang='lat' dir='ltr'><strong>manum</strong></span> <span class='ocrx_word' id='word_1_458' title='bbox 1875 3425 2044 3484; x_wconf 89' lang='lat' dir='ltr'><strong>tuam,</strong></span> <span class='ocrx_word' id='word_1_459' title='bbox 2079 3421 2153 3475; x_wconf 90' lang='lat' dir='ltr'><strong>ita</strong></span> 
     </span>
    </p>
   </div>
   <div class='ocr_carea' id='block_1_64' title="bbox 561 3490 2150 3569">
    <p class='ocr_par' dir='ltr' id='par_1_64' title="bbox 561 3490 2150 3569">
     <span class='ocr_line' id='line_1_64' title="bbox 561 3490 2150 3569; baseline 0.021 -33"><span class='ocrx_word' id='word_1_460' title='bbox 561 3495 618 3538; x_wconf 94' lang='lat' dir='ltr'><strong>iit</strong></span> <span class='ocrx_word' id='word_1_461' title='bbox 647 3490 888 3554; x_wconf 88' lang='lat' dir='ltr'><strong>opereris</strong></span> <span class='ocrx_word' id='word_1_462' title='bbox 935 3491 1109 3560; x_wconf 87' lang='lat' dir='ltr'><strong>ejecta</strong></span> <span class='ocrx_word' id='word_1_463' title='bbox 1150 3498 1329 3564; x_wconf 89' lang='lat' dir='ltr'><strong>turba,</strong></span> <span class='ocrx_word' id='word_1_464' title='bbox 1370 3510 1426 3555; x_wconf 89' lang='lat' dir='ltr'><strong>et</strong></span> <span class='ocrx_word' id='word_1_465' title='bbox 1470 3505 1895 3564; x_wconf 90' lang='lat' dir='ltr'><strong>tumultuatione</strong></span> <span class='ocrx_word' id='word_1_466' title='bbox 1939 3512 2150 3569; x_wconf 88' lang='lat' dir='ltr'><strong>sedata.</strong></span> 
     </span>
    </p>
   </div>
   <div class='ocr_carea' id='block_1_65' title="bbox 629 3595 2150 3692">
    <p class='ocr_par' dir='ltr' id='par_1_65' title="bbox 629 3595 2150 3692">
     <span class='ocr_line' id='line_1_65' title="bbox 629 3595 2150 3692; baseline 0.02 -43"><span class='ocrx_word' id='word_1_467' title='bbox 629 3595 797 3653; x_wconf 70' lang='lat' dir='ltr'><strong>Vens.</strong></span> <span class='ocrx_word' id='word_1_468' title='bbox 851 3600 942 3656; x_wconf 76' lang='lat'><strong>‘27.</strong></span> <span class='ocrx_word' id='word_1_469' title='bbox 997 3622 1016 3655; x_wconf 77' lang='grc' dir='ltr'>ι</span> <span class='ocrx_word' id='word_1_470' title='bbox 1060 3603 1125 3659; x_wconf 87' lang='lat' dir='ltr'><strong>Et</strong></span> <span class='ocrx_word' id='word_1_471' title='bbox 1173 3622 1294 3662; x_wconf 89' lang='lat' dir='ltr'><strong>cum</strong></span> <span class='ocrx_word' id='word_1_472' title='bbox 1355 3611 1700 3671; x_wconf 88' lang='lat' dir='ltr'><strong>discessisset</strong></span> <span class='ocrx_word' id='word_1_473' title='bbox 1760 3619 1906 3677; x_wconf 90' lang='lat' dir='ltr'><strong>illiue</strong></span> <span class='ocrx_word' id='word_1_474' title='bbox 1965 3623 2150 3692; x_wconf 88' lang='lat' dir='ltr'><strong>Jesus,</strong></span> 
     </span>
    </p>
   </div>
   <div class='ocr_carea' id='block_1_66' title="bbox 558 3689 2149 3783">
    <p class='ocr_par' dir='ltr' id='par_1_66' title="bbox 558 3689 2149 3783">
     <span class='ocr_line' id='line_1_66' title="bbox 558 3689 2149 3783; baseline 0.021 -44"><span class='ocrx_word' id='word_1_475' title='bbox 558 3689 730 3741; x_wconf 88' lang='lat' dir='ltr'><strong>secuti</strong></span> <span class='ocrx_word' id='word_1_476' title='bbox 764 3700 890 3744; x_wconf 90' lang='lat' dir='ltr'><strong>sunt</strong></span> <span class='ocrx_word' id='word_1_477' title='bbox 924 3694 1074 3748; x_wconf 91' lang='lat' dir='ltr'><strong>illum</strong></span> <span class='ocrx_word' id='word_1_478' title='bbox 1118 3698 1224 3751; x_wconf 91' lang='lat' dir='ltr'><strong>duo</strong></span> <span class='ocrx_word' id='word_1_479' title='bbox 1257 3702 1409 3767; x_wconf 75' lang='lat' dir='ltr'><strong>cmci,</strong></span> <span class='ocrx_word' id='word_1_480' title='bbox 1442 3703 1744 3762; x_wconf 88' lang='lat' dir='ltr'><strong>clamantes</strong></span> <span class='ocrx_word' id='word_1_481' title='bbox 1797 3721 1852 3766; x_wconf 91' lang='lat' dir='ltr'><strong>et</strong></span> <span class='ocrx_word' id='word_1_482' title='bbox 1887 3714 2149 3783; x_wconf 87' lang='lat' dir='ltr'><strong>dicentes,</strong></span> 
     </span>
    </p>
   </div>
   <div class='ocr_carea' id='block_1_67' title="bbox 558 3778 2147 3877">
    <p class='ocr_par' dir='ltr' id='par_1_67' title="bbox 558 3778 2147 3877">
     <span class='ocr_line' id='line_1_67' title="bbox 558 3778 2147 3877; baseline 0.022 -47"><span class='ocrx_word' id='word_1_483' title='bbox 558 3778 812 3836; x_wconf 76' lang='lat' dir='ltr'><strong>Miserere</strong></span> <span class='ocrx_word' id='word_1_484' title='bbox 845 3787 1039 3852; x_wconf 88' lang='lat' dir='ltr'><strong>nostri,</strong></span> <span class='ocrx_word' id='word_1_485' title='bbox 1074 3789 1171 3870; x_wconf 89' lang='lat' dir='ltr'><strong>Fili</strong></span> <span class='ocrx_word' id='word_1_486' title='bbox 1205 3789 1393 3849; x_wconf 89' lang='lat' dir='ltr'><strong>David.</strong></span> <span class='ocrx_word' id='word_1_487' title='bbox 1427 3813 1447 3847; x_wconf 73' lang='grc' dir='ltr'>ι</span> <span class='ocrx_word' id='word_1_488' title='bbox 1472 3795 1609 3853; x_wconf 72' lang='grc' dir='ltr'><strong>(Ξωοί</strong></span> <span class='ocrx_word' id='word_1_489' title='bbox 1643 3810 1700 3853; x_wconf 89' lang='lat' dir='ltr'><strong>ut</strong></span> <span class='ocrx_word' id='word_1_490' title='bbox 1730 3801 1840 3858; x_wconf 92' lang='lat' dir='ltr'><strong>Deo</strong></span> <span class='ocrx_word' id='word_1_491' title='bbox 1873 3778 2147 3877; x_wconf 77' lang='lat' dir='ltr'><strong>dicebant,</strong></span> 
     </span>
    </p>
   </div>
   <div class='ocr_carea' id='block_1_68' title="bbox 558 3866 2144 3956">
    <p class='ocr_par' dir='ltr' id='par_1_68' title="bbox 558 3866 2144 3956">
     <span class='ocr_line' id='line_1_68' title="bbox 558 3866 2144 3956; baseline 0.023 -38"><span class='ocrx_word' id='word_1_492' title='bbox 558 3867 854 3925; x_wconf 82' lang='lat' dir='ltr'><strong>Miserere:</strong></span> <span class='ocrx_word' id='word_1_493' title='bbox 907 3885 962 3928; x_wconf 90' lang='lat' dir='ltr'><strong>iit</strong></span> <span class='ocrx_word' id='word_1_494' title='bbox 1005 3866 1205 3932; x_wconf 90' lang='lat' dir='ltr'><strong>bomini</strong></span> <span class='ocrx_word' id='word_1_495' title='bbox 1268 3894 1447 3939; x_wconf 85' lang='lat' dir='ltr'><strong>autent</strong></span> <span class='ocrx_word' id='word_1_496' title='bbox 1488 3890 1765 3956; x_wconf 86' lang='lat' dir='ltr'><strong>dicebant,</strong></span> <span class='ocrx_word' id='word_1_497' title='bbox 1802 3879 1904 3950; x_wconf 78' lang='lat' dir='ltr'><strong>Fili</strong></span> <span class='ocrx_word' id='word_1_498' title='bbox 1957 3866 2144 3956; x_wconf 64' lang='lat' dir='ltr'><strong>David.</strong></span> 
     </span>
    </p>
   </div>
   <div class='ocr_carea' id='block_1_69' title="bbox 555 3959 2146 4046">
    <p class='ocr_par' dir='ltr' id='par_1_69' title="bbox 555 3959 2146 4046">
     <span class='ocr_line' id='line_1_69' title="bbox 555 3959 2146 4046; baseline 0.021 -34"><span class='ocrx_word' id='word_1_499' title='bbox 555 3959 781 4016; x_wconf 81' lang='lat' dir='ltr'><strong>Celebre</strong></span> <span class='ocrx_word' id='word_1_500' title='bbox 823 3969 965 4018; x_wconf 87' lang='lat' dir='ltr'><strong>enim</strong></span> <span class='ocrx_word' id='word_1_501' title='bbox 997 3979 1116 4023; x_wconf 83' lang='lat' dir='ltr'><strong>erat</strong></span> <span class='ocrx_word' id='word_1_502' title='bbox 1153 3975 1292 4040; x_wconf 87' lang='lat' dir='ltr'><strong>apud</strong></span> <span class='ocrx_word' id='word_1_503' title='bbox 1322 3972 1559 4044; x_wconf 74' lang='lat' dir='ltr'><strong>Judmos,</strong></span> <span class='ocrx_word' id='word_1_504' title='bbox 1595 3981 1843 4039; x_wconf 85' lang='lat' dir='ltr'><strong>Messiaui</strong></span> <span class='ocrx_word' id='word_1_505' title='bbox 1878 4001 1908 4040; x_wconf 90' lang='lat' dir='ltr'><strong>e</strong></span> <span class='ocrx_word' id='word_1_506' title='bbox 1939 3991 2146 4046; x_wconf 75' lang='lat' dir='ltr'><strong>semine</strong></span> 
     </span>
    </p>
   </div>
   <div class='ocr_carea' id='block_1_70' title="bbox 558 4053 1067 4117">
    <p class='ocr_par' dir='ltr' id='par_1_70' title="bbox 558 4053 1067 4117">
     <span class='ocr_line' id='line_1_70' title="bbox 558 4053 1067 4117; baseline 0.024 -12"><span class='ocrx_word' id='word_1_507' title='bbox 558 4053 720 4108; x_wconf 84' lang='lat' dir='ltr'><strong>David</strong></span> <span class='ocrx_word' id='word_1_508' title='bbox 756 4071 1067 4117; x_wconf 87' lang='lat' dir='ltr'><strong>venturum.</strong></span> 
     </span>
    </p>
   </div>
   <div class='ocr_carea' id='block_1_71' title="bbox 626 4166 2146 4257">
    <p class='ocr_par' dir='ltr' id='par_1_71' title="bbox 626 4166 2146 4257">
     <span class='ocr_line' id='line_1_71' title="bbox 626 4166 2146 4257; baseline 0.02 -38"><span class='ocrx_word' id='word_1_509' title='bbox 626 4166 794 4222; x_wconf 73' lang='lat' dir='ltr'><strong>Vens.</strong></span> <span class='ocrx_word' id='word_1_510' title='bbox 829 4169 919 4223; x_wconf 67' lang='lat'><strong>28.</strong></span> <span class='ocrx_word' id='word_1_511' title='bbox 969 4191 986 4223; x_wconf 78' lang='grc' dir='ltr'><strong>ι</strong></span> <span class='ocrx_word' id='word_1_512' title='bbox 1027 4175 1096 4228; x_wconf 87' lang='lat' dir='ltr'><strong>At</strong></span> <span class='ocrx_word' id='word_1_513' title='bbox 1139 4192 1261 4231; x_wconf 90' lang='lat' dir='ltr'><strong>cum</strong></span> <span class='ocrx_word' id='word_1_514' title='bbox 1311 4182 1549 4238; x_wconf 87' lang='lat' dir='ltr'><strong>venisset</strong></span> <span class='ocrx_word' id='word_1_515' title='bbox 1595 4187 1646 4240; x_wconf 91' lang='lat' dir='ltr'><strong>in</strong></span> <span class='ocrx_word' id='word_1_516' title='bbox 1683 4189 1846 4257; x_wconf 70' lang='lat' dir='ltr'><strong>aedes,</strong></span> <span class='ocrx_word' id='word_1_517' title='bbox 1893 4193 2146 4252; x_wconf 89' lang='lat' dir='ltr'><strong>adierunt</strong></span> 
     </span>
    </p>
   </div>
   <div class='ocr_carea' id='block_1_72' title="bbox 553 4256 2145 4355">
    <p class='ocr_par' dir='ltr' id='par_1_72' title="bbox 553 4256 2145 4355">
     <span class='ocr_line' id='line_1_72' title="bbox 553 4256 2145 4355; baseline 0.021 -45"><span class='ocrx_word' id='word_1_518' title='bbox 553 4256 701 4311; x_wconf 91' lang='lat' dir='ltr'><strong>illum</strong></span> <span class='ocrx_word' id='word_1_519' title='bbox 744 4263 892 4317; x_wconf 67' lang='lat' dir='ltr'><strong>ca&#39;ci.</strong></span> <span class='ocrx_word' id='word_1_520' title='bbox 928 4265 992 4316; x_wconf 77' lang='lat' dir='ltr'><strong>Et</strong></span> <span class='ocrx_word' id='word_1_521' title='bbox 1031 4266 1162 4320; x_wconf 91' lang='lat' dir='ltr'><strong>dicit</strong></span> <span class='ocrx_word' id='word_1_522' title='bbox 1203 4270 1309 4325; x_wconf 81' lang='lat' dir='ltr'><strong>illis</strong></span> <span class='ocrx_word' id='word_1_523' title='bbox 1345 4271 1500 4328; x_wconf 85' lang='lat' dir='ltr'><strong>Jesus</strong></span> <span class='ocrx_word' id='word_1_524' title='bbox 1532 4277 1799 4335; x_wconf 86' lang='lat' dir='ltr'><strong>:Creditis</strong></span> <span class='ocrx_word' id='word_1_525' title='bbox 1829 4256 1972 4351; x_wconf 83' lang='lat' dir='ltr'><strong>quod</strong></span> <span class='ocrx_word' id='word_1_526' title='bbox 2017 4303 2145 4355; x_wconf 58' lang='lat' dir='ltr'><strong>posc</strong></span> 
     </span>
    </p>
   </div>
   <div class='ocr_carea' id='block_1_73' title="bbox 554 4349 2144 4435">
    <p class='ocr_par' dir='ltr' id='par_1_73' title="bbox 554 4349 2144 4435">
     <span class='ocr_line' id='line_1_73' title="bbox 554 4349 2144 4435; baseline 0.021 -36"><span class='ocrx_word' id='word_1_527' title='bbox 554 4349 654 4399; x_wconf 85' lang='lat' dir='ltr'><strong>sim</strong></span> <span class='ocrx_word' id='word_1_528' title='bbox 682 4351 783 4402; x_wconf 91' lang='lat' dir='ltr'><strong>lioe</strong></span> <span class='ocrx_word' id='word_1_529' title='bbox 818 4351 1036 4408; x_wconf 81' lang='lat' dir='ltr'><strong>facere?</strong></span> <span class='ocrx_word' id='word_1_530' title='bbox 1064 4359 1251 4414; x_wconf 88' lang='lat' dir='ltr'><strong>dicunt</strong></span> <span class='ocrx_word' id='word_1_531' title='bbox 1289 4361 1363 4415; x_wconf 87' lang='lat' dir='ltr'><strong>illi</strong></span> <span class='ocrx_word' id='word_1_532' title='bbox 1391 4382 1404 4418; x_wconf 90' lang='lat'>:</span> <span class='ocrx_word' id='word_1_533' title='bbox 1441 4365 1639 4435; x_wconf 82' lang='lat' dir='ltr'><strong>Etiam,</strong></span> <span class='ocrx_word' id='word_1_534' title='bbox 1681 4349 1924 4431; x_wconf 81' lang='lat' dir='ltr'><strong>Domine.</strong></span> <span class='ocrx_word' id='word_1_535' title='bbox 1961 4397 1979 4430; x_wconf 73' lang='grc' dir='ltr'>ι</span> <span class='ocrx_word' id='word_1_536' title='bbox 2009 4349 2144 4433; x_wconf 67' lang='lat' dir='ltr'><strong>&#39;i’ra-</strong></span> 
     </span>
    </p>
   </div>
   <div class='ocr_carea' id='block_1_74' title="bbox 551 4440 2140 4529">
    <p class='ocr_par' dir='ltr' id='par_1_74' title="bbox 551 4440 2140 4529">
     <span class='ocr_line' id='line_1_74' title="bbox 551 4440 2140 4529; baseline 0.025 -38"><span class='ocrx_word' id='word_1_537' title='bbox 551 4440 628 4491; x_wconf 92' lang='lat' dir='ltr'><strong>bit</strong></span> <span class='ocrx_word' id='word_1_538' title='bbox 659 4456 841 4496; x_wconf 88' lang='lat' dir='ltr'><strong>secum</strong></span> <span class='ocrx_word' id='word_1_539' title='bbox 875 4460 1047 4502; x_wconf 72' lang='lat' dir='ltr'><strong>caeeos</strong></span> <span class='ocrx_word' id='word_1_540' title='bbox 1075 4465 1248 4520; x_wconf 88' lang='lat' dir='ltr'><strong>usque</strong></span> <span class='ocrx_word' id='word_1_541' title='bbox 1276 4455 1328 4509; x_wconf 92' lang='lat' dir='ltr'><strong>iu</strong></span> <span class='ocrx_word' id='word_1_542' title='bbox 1375 4457 1617 4529; x_wconf 90' lang='lat' dir='ltr'><strong>domum,</strong></span> <span class='ocrx_word' id='word_1_543' title='bbox 1662 4475 1720 4518; x_wconf 91' lang='lat' dir='ltr'><strong>ut</strong></span> <span class='ocrx_word' id='word_1_544' title='bbox 1752 4481 2020 4526; x_wconf 88' lang='lat' dir='ltr'><strong>monstret</strong></span> <span class='ocrx_word' id='word_1_545' title='bbox 2051 4489 2140 4529; x_wconf 85' lang='lat' dir='ltr'><strong>so-</strong></span> 
     </span>
    </p>
   </div>
   <div class='ocr_carea' id='block_1_75' title="bbox 549 4530 2136 4619">
    <p class='ocr_par' dir='ltr' id='par_1_75' title="bbox 549 4530 2136 4619">
     <span class='ocr_line' id='line_1_75' title="bbox 549 4530 2136 4619; baseline 0.025 -40"><span class='ocrx_word' id='word_1_546' title='bbox 549 4530 716 4584; x_wconf 77' lang='lat' dir='ltr'><strong>liilam&#39;</strong></span> <span class='ocrx_word' id='word_1_547' title='bbox 747 4532 960 4588; x_wconf 83' lang='lat' dir='ltr'><strong>illorum</strong></span> <span class='ocrx_word' id='word_1_548' title='bbox 1013 4539 1195 4608; x_wconf 82' lang='lat' dir='ltr'><strong>fidem,</strong></span> <span class='ocrx_word' id='word_1_549' title='bbox 1233 4555 1282 4598; x_wconf 92' lang='lat' dir='ltr'><strong>et</strong></span> <span class='ocrx_word' id='word_1_550' title='bbox 1331 4552 1656 4608; x_wconf 83' lang='lat' dir='ltr'><strong>condemnet</strong></span> <span class='ocrx_word' id='word_1_551' title='bbox 1683 4553 1915 4615; x_wconf 61' lang='lat' dir='ltr'><strong>Judazos.</strong></span> <span class='ocrx_word' id='word_1_552' title='bbox 1961 4559 2136 4619; x_wconf 84' lang='lat' dir='ltr'><strong>Inter-</strong></span> 
     </span>
    </p>
   </div>
   <div class='ocr_carea' id='block_1_76' title="bbox 549 4631 2134 4711">
    <p class='ocr_par' dir='ltr' id='par_1_76' title="bbox 549 4631 2134 4711">
     <span class='ocr_line' id='line_1_76' title="bbox 549 4631 2134 4711; baseline 0.025 -40"><span class='ocrx_word' id='word_1_553' title='bbox 549 4631 704 4691; x_wconf 78' lang='lat' dir='ltr'><strong>rugat</strong></span> <span class='ocrx_word' id='word_1_554' title='bbox 731 4635 908 4680; x_wconf 84' lang='lat' dir='ltr'><strong>autem</strong></span> <span class='ocrx_word' id='word_1_555' title='bbox 945 4643 1039 4685; x_wconf 86' lang='lat' dir='ltr'><strong>eos</strong></span> <span class='ocrx_word' id='word_1_556' title='bbox 1065 4648 1134 4687; x_wconf 84' lang='lat' dir='ltr'><strong>an</strong></span> <span class='ocrx_word' id='word_1_557' title='bbox 1165 4638 1414 4708; x_wconf 87' lang='lat' dir='ltr'><strong>credant,</strong></span> <span class='ocrx_word' id='word_1_558' title='bbox 1446 4645 1737 4703; x_wconf 87' lang='lat' dir='ltr'><strong>ostendens</strong></span> <span class='ocrx_word' id='word_1_559' title='bbox 1768 4648 1927 4705; x_wconf 86' lang='lat' dir='ltr'><strong>ﬁdem</strong></span> <span class='ocrx_word' id='word_1_560' title='bbox 1955 4664 2134 4711; x_wconf 87' lang='lat' dir='ltr'><strong>omnia</strong></span> 
     </span>
    </p>
   </div>
   <div class='ocr_carea' id='block_1_77' title="bbox 548 4713 831 4780">
    <p class='ocr_par' dir='ltr' id='par_1_77' title="bbox 548 4713 831 4780">
     <span class='ocr_line' id='line_1_77' title="bbox 548 4713 831 4780; baseline 0.039 -20"><span class='ocrx_word' id='word_1_561' title='bbox 548 4713 831 4780; x_wconf 77' lang='lat' dir='ltr'><strong>perlicere.</strong></span> 
     </span>
    </p>
   </div>
   <div class='ocr_carea' id='block_1_78' title="bbox 625 4828 2137 4928">
    <p class='ocr_par' dir='ltr' id='par_1_78' title="bbox 625 4828 2137 4928">
     <span class='ocr_line' id='line_1_78' title="bbox 625 4828 2137 4928; baseline 0.024 -46"><span class='ocrx_word' id='word_1_562' title='bbox 625 4828 785 4886; x_wconf 77' lang='lat' dir='ltr'><strong>Vens.</strong></span> <span class='ocrx_word' id='word_1_563' title='bbox 819 4833 910 4898; x_wconf 72' lang='lat'><strong>29,</strong></span> <span class='ocrx_word' id='word_1_564' title='bbox 948 4838 1040 4905; x_wconf 78' lang='lat'><strong>30,</strong></span> <span class='ocrx_word' id='word_1_565' title='bbox 1087 4860 1107 4893; x_wconf 82' lang='grc' dir='ltr'>ι</span> <span class='ocrx_word' id='word_1_566' title='bbox 1145 4841 1299 4901; x_wconf 86' lang='lat' dir='ltr'><strong>Tunc</strong></span> <span class='ocrx_word' id='word_1_567' title='bbox 1344 4848 1515 4919; x_wconf 84' lang='lat' dir='ltr'><strong>tetigit</strong></span> <span class='ocrx_word' id='word_1_568' title='bbox 1557 4853 1741 4911; x_wconf 89' lang='lat' dir='ltr'><strong>oculos</strong></span> <span class='ocrx_word' id='word_1_569' title='bbox 1776 4857 2007 4928; x_wconf 89' lang='lat' dir='ltr'><strong>illorum,</strong></span> <span class='ocrx_word' id='word_1_570' title='bbox 2058 4866 2137 4919; x_wconf 89' lang='lat' dir='ltr'><strong>di-</strong></span> 
     </span>
    </p>
   </div>
   <div class='ocr_carea' id='block_1_79' title="bbox 548 4926 2135 5024">
    <p class='ocr_par' dir='ltr' id='par_1_79' title="bbox 548 4926 2135 5024">
     <span class='ocr_line' id='line_1_79' title="bbox 548 4926 2135 5024; baseline 0.025 -51"><span class='ocrx_word' id='word_1_571' title='bbox 548 4938 675 4977; x_wconf 84' lang='lat' dir='ltr'><strong>cens</strong></span> <span class='ocrx_word' id='word_1_572' title='bbox 711 4943 726 4979; x_wconf 91' lang='lat'><strong>:</strong></span> <span class='ocrx_word' id='word_1_573' title='bbox 761 4926 1066 4986; x_wconf 89' lang='lat' dir='ltr'><strong>Secundum</strong></span> <span class='ocrx_word' id='word_1_574' title='bbox 1102 4946 1336 4992; x_wconf 81' lang='lat' dir='ltr'><strong>vestram</strong></span> <span class='ocrx_word' id='word_1_575' title='bbox 1365 4940 1524 4996; x_wconf 88' lang='lat' dir='ltr'><strong>ﬁdem</strong></span> <span class='ocrx_word' id='word_1_576' title='bbox 1553 4943 1648 5000; x_wconf 87' lang='lat' dir='ltr'><strong>ﬁat</strong></span> <span class='ocrx_word' id='word_1_577' title='bbox 1679 4949 1848 5005; x_wconf 82' lang='lat' dir='ltr'><strong>vobis.</strong></span> <span class='ocrx_word' id='word_1_578' title='bbox 1880 4952 1944 5006; x_wconf 86' lang='lat' dir='ltr'><strong>Et</strong></span> <span class='ocrx_word' id='word_1_579' title='bbox 1963 4926 2135 5024; x_wconf 83' lang='lat' dir='ltr'><strong>aperti</strong></span> 
     </span>
    </p>
   </div>
   <div class='ocr_carea' id='block_1_80' title="bbox 545 5017 2136 5109">
    <p class='ocr_par' dir='ltr' id='par_1_80' title="bbox 545 5017 2136 5109">
     <span class='ocr_line' id='line_1_80' title="bbox 545 5017 2136 5109; baseline 0.026 -45"><span class='ocrx_word' id='word_1_580' title='bbox 545 5025 672 5067; x_wconf 86' lang='lat' dir='ltr'><strong>sunt</strong></span> <span class='ocrx_word' id='word_1_581' title='bbox 716 5017 926 5074; x_wconf 88' lang='lat' dir='ltr'><strong>illorum</strong></span> <span class='ocrx_word' id='word_1_582' title='bbox 983 5027 1145 5080; x_wconf 89' lang='lat' dir='ltr'><strong>oculi.</strong></span> <span class='ocrx_word' id='word_1_583' title='bbox 1191 5049 1209 5080; x_wconf 76' lang='grc' dir='ltr'>ι</span> <span class='ocrx_word' id='word_1_584' title='bbox 1266 5030 1322 5084; x_wconf 86' lang='grc' dir='ltr'>1η</span> <span class='ocrx_word' id='word_1_585' title='bbox 1374 5035 1531 5087; x_wconf 88' lang='lat' dir='ltr'><strong>domo</strong></span> <span class='ocrx_word' id='word_1_586' title='bbox 1580 5043 1809 5095; x_wconf 89' lang='lat' dir='ltr'><strong>seorsim</strong></span> <span class='ocrx_word' id='word_1_587' title='bbox 1862 5059 2038 5109; x_wconf 87' lang='lat' dir='ltr'><strong>curat,</strong></span> <span class='ocrx_word' id='word_1_588' title='bbox 2077 5059 2136 5105; x_wconf 91' lang='lat' dir='ltr'><strong>ut</strong></span> 
     </span>
    </p>
   </div>
   <div class='ocr_carea' id='block_1_81' title="bbox 547 5104 2134 5196">
    <p class='ocr_par' dir='ltr' id='par_1_81' title="bbox 547 5104 2134 5196">
     <span class='ocr_line' id='line_1_81' title="bbox 547 5104 2134 5196; baseline 0.026 -42"><span class='ocrx_word' id='word_1_589' title='bbox 547 5104 748 5159; x_wconf 85' lang='lat' dir='ltr'><strong>vitetur</strong></span> <span class='ocrx_word' id='word_1_590' title='bbox 782 5109 959 5170; x_wconf 75' lang='lat' dir='ltr'><strong>inanis</strong></span> <span class='ocrx_word' id='word_1_591' title='bbox 999 5118 1187 5186; x_wconf 80' lang='lat' dir='ltr'><strong>gloria.</strong></span> <span class='ocrx_word' id='word_1_592' title='bbox 1221 5122 1326 5177; x_wconf 89' lang='lat' dir='ltr'><strong>Per</strong></span> <span class='ocrx_word' id='word_1_593' title='bbox 1358 5129 1543 5182; x_wconf 86' lang='lat' dir='ltr'><strong>omnia</strong></span> <span class='ocrx_word' id='word_1_594' title='bbox 1575 5131 1719 5185; x_wconf 88' lang='lat' dir='ltr'><strong>enim</strong></span> <span class='ocrx_word' id='word_1_595' title='bbox 1757 5136 1915 5191; x_wconf 84' lang='lat' dir='ltr'><strong>docet</strong></span> <span class='ocrx_word' id='word_1_596' title='bbox 1949 5143 2134 5196; x_wconf 72' lang='lat' dir='ltr'><strong>lllOtie-</strong></span> 
     </span>
    </p>
   </div>
   <div class='ocr_carea' id='block_1_82' title="bbox 547 5194 1429 5272">
    <p class='ocr_par' dir='ltr' id='par_1_82' title="bbox 547 5194 1429 5272">
     <span class='ocr_line' id='line_1_82' title="bbox 547 5194 1429 5272; baseline 0.031 -26"><span class='ocrx_word' id='word_1_597' title='bbox 547 5194 706 5250; x_wconf 88' lang='lat' dir='ltr'><strong>stiam</strong></span> <span class='ocrx_word' id='word_1_598' title='bbox 733 5210 782 5252; x_wconf 90' lang='lat' dir='ltr'><strong>et</strong></span> <span class='ocrx_word' id='word_1_599' title='bbox 819 5203 1173 5265; x_wconf 83' lang='lat' dir='ltr'><strong>humilitatem</strong></span> <span class='ocrx_word' id='word_1_600' title='bbox 1213 5217 1429 5272; x_wconf 86' lang='lat' dir='ltr'><strong>mentis.</strong></span> 
     </span>
    </p>
   </div>
   <div class='ocr_carea' id='block_1_83' title="bbox 622 5309 2130 5414">
    <p class='ocr_par' dir='ltr' id='par_1_83' title="bbox 622 5309 2130 5414">
     <span class='ocr_line' id='line_1_83' title="bbox 622 5309 2130 5414; baseline 0.028 -53"><span class='ocrx_word' id='word_1_601' title='bbox 622 5309 785 5365; x_wconf 73' lang='lat' dir='ltr'><strong>Vatis.</strong></span> <span class='ocrx_word' id='word_1_602' title='bbox 819 5314 905 5377; x_wconf 79' lang='lat'><strong>50,</strong></span> <span class='ocrx_word' id='word_1_603' title='bbox 952 5319 1039 5374; x_wconf 80' lang='lat' dir='ltr'><strong>5i.</strong></span> <span class='ocrx_word' id='word_1_604' title='bbox 1087 5341 1104 5373; x_wconf 79' lang='grc' dir='ltr'>ι</span> <span class='ocrx_word' id='word_1_605' title='bbox 1145 5326 1212 5378; x_wconf 83' lang='grc' dir='ltr'>Ει</span> <span class='ocrx_word' id='word_1_606' title='bbox 1249 5328 1630 5389; x_wconf 73' lang='lat' dir='ltr'><strong>Interminatus</strong></span> <span class='ocrx_word' id='word_1_607' title='bbox 1677 5350 1759 5393; x_wconf 91' lang='lat' dir='ltr'><strong>est</strong></span> <span class='ocrx_word' id='word_1_608' title='bbox 1801 5342 1909 5397; x_wconf 92' lang='lat' dir='ltr'><strong>illis</strong></span> <span class='ocrx_word' id='word_1_609' title='bbox 1953 5344 2130 5414; x_wconf 87' lang='lat' dir='ltr'><strong>Jesus,</strong></span> 
     </span>
    </p>
   </div>
   <div class='ocr_carea' id='block_1_84' title="bbox 544 5400 2130 5504">
    <p class='ocr_par' dir='ltr' id='par_1_84' title="bbox 544 5400 2130 5504">
     <span class='ocr_line' id='line_1_84' title="bbox 544 5400 2130 5504; baseline 0.029 -54"><span class='ocrx_word' id='word_1_610' title='bbox 544 5400 771 5457; x_wconf 85' lang='lat' dir='ltr'><strong>dicens:</strong></span> <span class='ocrx_word' id='word_1_611' title='bbox 810 5407 992 5464; x_wconf 80' lang='lat' dir='ltr'><strong>Videte</strong></span> <span class='ocrx_word' id='word_1_612' title='bbox 1035 5430 1101 5467; x_wconf 90' lang='lat' dir='ltr'><strong>ne</strong></span> <span class='ocrx_word' id='word_1_613' title='bbox 1134 5425 1256 5482; x_wconf 80' lang='lat' dir='ltr'><strong>quis</strong></span> <span class='ocrx_word' id='word_1_614' title='bbox 1287 5424 1441 5476; x_wconf 76' lang='lat' dir='ltr'><strong>sciat.</strong></span> <span class='ocrx_word' id='word_1_615' title='bbox 1495 5427 1568 5480; x_wconf 92' lang='lat' dir='ltr'><strong>Illi</strong></span> <span class='ocrx_word' id='word_1_616' title='bbox 1606 5443 1784 5484; x_wconf 90' lang='lat' dir='ltr'><strong>autem</strong></span> <span class='ocrx_word' id='word_1_617' title='bbox 1835 5447 1890 5488; x_wconf 92' lang='lat' dir='ltr'><strong>ut</strong></span> <span class='ocrx_word' id='word_1_618' title='bbox 1924 5443 2130 5504; x_wconf 73' lang='lat' dir='ltr'><strong>egressi</strong></span> 
     </span>
    </p>
   </div>
   <div class='ocr_carea' id='block_1_85' title="bbox 548 5497 2130 5588">
    <p class='ocr_par' dir='ltr' id='par_1_85' title="bbox 548 5497 2130 5588">
     <span class='ocr_line' id='line_1_85' title="bbox 548 5497 2130 5588; baseline 0.028 -44"><span class='ocrx_word' id='word_1_619' title='bbox 548 5505 693 5557; x_wconf 85' lang='lat' dir='ltr'><strong>sunt,</strong></span> <span class='ocrx_word' id='word_1_620' title='bbox 725 5497 1142 5560; x_wconf 66' lang='lat' dir='ltr'><strong>iliﬂziiiiaverttiit</strong></span> <span class='ocrx_word' id='word_1_621' title='bbox 1177 5511 1326 5566; x_wconf 89' lang='lat' dir='ltr'><strong>illum</strong></span> <span class='ocrx_word' id='word_1_622' title='bbox 1355 5515 1405 5567; x_wconf 90' lang='lat' dir='ltr'><strong>in</strong></span> <span class='ocrx_word' id='word_1_623' title='bbox 1439 5527 1548 5572; x_wconf 82' lang='lat' dir='ltr'><strong>leta</strong></span> <span class='ocrx_word' id='word_1_624' title='bbox 1587 5533 1725 5577; x_wconf 83' lang='lat' dir='ltr'><strong>terra</strong></span> <span class='ocrx_word' id='word_1_625' title='bbox 1762 5526 1872 5584; x_wconf 83' lang='lat' dir='ltr'><strong>illa.</strong></span> <span class='ocrx_word' id='word_1_626' title='bbox 1917 5549 1934 5579; x_wconf 69' lang='grc' dir='ltr'>ι</span> <span class='ocrx_word' id='word_1_627' title='bbox 1973 5532 2130 5588; x_wconf 81' lang='lat' dir='ltr'><strong>Vides</strong></span> 
     </span>
    </p>
   </div>
   <div class='ocr_carea' id='block_1_86' title="bbox 545 5591 2130 5677">
    <p class='ocr_par' dir='ltr' id='par_1_86' title="bbox 545 5591 2130 5677">
     <span class='ocr_line' id='line_1_86' title="bbox 545 5591 2130 5677; baseline 0.026 -42"><span class='ocrx_word' id='word_1_628' title='bbox 545 5591 810 5653; x_wconf 77' lang='lat' dir='ltr'><strong>quomodo</strong></span> <span class='ocrx_word' id='word_1_629' title='bbox 852 5592 1046 5648; x_wconf 80' lang='lat' dir='ltr'><strong>fastum</strong></span> <span class='ocrx_word' id='word_1_630' title='bbox 1103 5599 1345 5668; x_wconf 77' lang='lat' dir='ltr'><strong>fugerit?</strong></span> <span class='ocrx_word' id='word_1_631' title='bbox 1404 5607 1481 5659; x_wconf 86' lang='lat' dir='ltr'><strong>Illi</strong></span> <span class='ocrx_word' id='word_1_632' title='bbox 1527 5626 1652 5665; x_wconf 86' lang='lat' dir='ltr'><strong>vero</strong></span> <span class='ocrx_word' id='word_1_633' title='bbox 1696 5631 1800 5669; x_wconf 92' lang='lat' dir='ltr'><strong>non</strong></span> <span class='ocrx_word' id='word_1_634' title='bbox 1840 5629 1895 5671; x_wconf 91' lang='lat' dir='ltr'><strong>iit</strong></span> <span class='ocrx_word' id='word_1_635' title='bbox 1947 5621 2130 5677; x_wconf 89' lang='lat' dir='ltr'><strong>inobe-</strong></span> 
     </span>
    </p>
   </div>
   <div class='ocr_carea' id='block_1_87' title="bbox 542 5674 2126 5770">
    <p class='ocr_par' dir='ltr' id='par_1_87' title="bbox 542 5674 2126 5770">
     <span class='ocr_line' id='line_1_87' title="bbox 542 5674 2126 5770; baseline 0.026 -45"><span class='ocrx_word' id='word_1_636' title='bbox 542 5674 768 5742; x_wconf 65' lang='lat' dir='ltr'><strong>iliieutcs,</strong></span> <span class='ocrx_word' id='word_1_637' title='bbox 803 5685 892 5735; x_wconf 74' lang='lat' dir='ltr'><strong>sed</strong></span> <span class='ocrx_word' id='word_1_638' title='bbox 928 5694 981 5737; x_wconf 86' lang='lat' dir='ltr'><strong>ut</strong></span> <span class='ocrx_word' id='word_1_639' title='bbox 1012 5694 1173 5755; x_wconf 68' lang='lat' dir='ltr'><strong>grati,</strong></span> <span class='ocrx_word' id='word_1_640' title='bbox 1200 5693 1631 5764; x_wconf 75' lang='lat' dir='ltr'><strong>divulgavei&#39;uiit.</strong></span> <span class='ocrx_word' id='word_1_641' title='bbox 1669 5703 1927 5770; x_wconf 70' lang='lat' dir='ltr'><strong>Quamvis</strong></span> <span class='ocrx_word' id='word_1_642' title='bbox 1948 5724 2126 5766; x_wconf 80' lang='lat' dir='ltr'><strong>autem</strong></span> 
     </span>
    </p>
   </div>
   <div class='ocr_carea' id='block_1_88' title="bbox 543 5764 2125 5870">
    <p class='ocr_par' dir='ltr' id='par_1_88' title="bbox 543 5764 2125 5870">
     <span class='ocr_line' id='line_1_88' title="bbox 543 5764 2125 5870; baseline 0.028 -55"><span class='ocrx_word' id='word_1_643' title='bbox 543 5764 733 5824; x_wconf 66' lang='lat' dir='ltr'><strong>alicubi</strong></span> <span class='ocrx_word' id='word_1_644' title='bbox 784 5772 963 5830; x_wconf 79' lang='lat' dir='ltr'><strong>dicere</strong></span> <span class='ocrx_word' id='word_1_645' title='bbox 997 5780 1224 5852; x_wconf 80' lang='lat' dir='ltr'><strong>videtur,</strong></span> <span class='ocrx_word' id='word_1_646' title='bbox 1266 5787 1383 5853; x_wconf 71' lang='lat' dir='ltr'><strong>Abi,</strong></span> <span class='ocrx_word' id='word_1_647' title='bbox 1434 5801 1485 5844; x_wconf 87' lang='lat' dir='ltr'><strong>et</strong></span> <span class='ocrx_word' id='word_1_648' title='bbox 1526 5810 1684 5847; x_wconf 76' lang='lat' dir='ltr'><strong>naria</strong></span> <span class='ocrx_word' id='word_1_649' title='bbox 1720 5798 1946 5867; x_wconf 65' lang='lat' dir='ltr'><strong>gloriam</strong></span> <span class='ocrx_word' id='word_1_650' title='bbox 2009 5804 2125 5870; x_wconf 86' lang='lat' dir='ltr'><strong>Dei,</strong></span> 
     </span>
    </p>
   </div>
   <div class='ocr_carea' id='block_1_89' title="bbox 2167 4511 2220 4571">
    <p class='ocr_par' dir='ltr' id='par_1_89' title="bbox 2167 4511 2220 4571">
     <span class='ocr_line' id='line_1_89' title="bbox 2167 4511 2220 4571; baseline 0 0"><span class='ocrx_word' id='word_1_651' title='bbox 2167 4511 2220 4571; x_wconf 92' lang='lat' dir='ltr'><strong>D</strong></span> 
     </span>
    </p>
   </div>
   <div class='ocr_carea' id='block_1_90' title="bbox 2261 3240 3874 3326">
    <p class='ocr_par' dir='ltr' id='par_1_90' title="bbox 2261 3240 3874 3326">
     <span class='ocr_line' id='line_1_90' title="bbox 2261 3240 3874 3326; baseline 0.015 -35"><span class='ocrx_word' id='word_1_652' title='bbox 2261 3240 2471 3312; x_wconf 86' lang='grc' dir='ltr'>Κρατεῖ</span> <span class='ocrx_word' id='word_1_653' title='bbox 2492 3242 2547 3294; x_wconf 83' lang='grc' dir='ltr'>δὲ</span> <span class='ocrx_word' id='word_1_654' title='bbox 2580 3244 2679 3312; x_wconf 82' lang='grc' dir='ltr'>τῆς</span> <span class='ocrx_word' id='word_1_655' title='bbox 2710 3246 2917 3318; x_wconf 78' lang='grc' dir='ltr'>χειρὸς,</span> <span class='ocrx_word' id='word_1_656' title='bbox 2963 3248 3202 3315; x_wconf 72' lang='grc' dir='ltr'>ἐντιθεὶς</span> <span class='ocrx_word' id='word_1_657' title='bbox 3244 3252 3480 3325; x_wconf 85' lang='grc' dir='ltr'>δύναμιν</span> <span class='ocrx_word' id='word_1_658' title='bbox 3503 3271 3520 3288; x_wconf 76' lang='grc'><strong><em>⁸</em></strong></span> <span class='ocrx_word' id='word_1_659' title='bbox 3553 3257 3648 3311; x_wconf 78' lang='grc' dir='ltr'>καὶ</span> <span class='ocrx_word' id='word_1_660' title='bbox 3686 3259 3753 3311; x_wconf 81' lang='grc' dir='ltr'><strong>σὺ</strong></span> <span class='ocrx_word' id='word_1_661' title='bbox 3787 3260 3874 3326; x_wconf 82' lang='grc' dir='ltr'><strong>δὲ,</strong></span> 
     </span>
    </p>
   </div>
   <div class='ocr_carea' id='block_1_91' title="bbox 2261 3331 3874 3422">
    <p class='ocr_par' dir='ltr' id='par_1_91' title="bbox 2261 3331 3874 3422">
     <span class='ocr_line' id='line_1_91' title="bbox 2261 3331 3874 3422; baseline 0.013 -39"><span class='ocrx_word' id='word_1_662' title='bbox 2261 3331 2356 3384; x_wconf 81' lang='grc' dir='ltr'><strong>ἐὰν</strong></span> <span class='ocrx_word' id='word_1_663' title='bbox 2399 3333 2684 3405; x_wconf 77' lang='grc' dir='ltr'>νεκρωθῇς</span> <span class='ocrx_word' id='word_1_664' title='bbox 2727 3340 2851 3401; x_wconf 84' lang='grc' dir='ltr'>ταῖς</span> <span class='ocrx_word' id='word_1_665' title='bbox 2908 3339 3229 3411; x_wconf 55' lang='grc' dir='ltr'>ἁμαρτίαι,</span> <span class='ocrx_word' id='word_1_666' title='bbox 3281 3344 3394 3398; x_wconf 81' lang='grc' dir='ltr'>τότε</span> <span class='ocrx_word' id='word_1_667' title='bbox 3442 3347 3726 3422; x_wconf 81' lang='grc' dir='ltr'><strong>ἀναστήσῃ</strong></span> <span class='ocrx_word' id='word_1_668' title='bbox 3776 3351 3874 3405; x_wconf 81' lang='grc' dir='ltr'>ὅτε</span> 
     </span>
    </p>
   </div>
   <div class='ocr_carea' id='block_1_92' title="bbox 2259 3425 3872 3515">
    <p class='ocr_par' dir='ltr' id='par_1_92' title="bbox 2259 3425 3872 3515">
     <span class='ocr_line' id='line_1_92' title="bbox 2259 3425 3872 3515; baseline 0.016 -41"><span class='ocrx_word' id='word_1_669' title='bbox 2259 3425 2529 3494; x_wconf 85' lang='grc' dir='ltr'>κρατήσει</span> <span class='ocrx_word' id='word_1_670' title='bbox 2565 3443 2658 3478; x_wconf 78' lang='grc' dir='ltr'><strong>σου</strong></span> <span class='ocrx_word' id='word_1_671' title='bbox 2691 3427 2792 3496; x_wconf 82' lang='grc' dir='ltr'><strong>τῆς</strong></span> <span class='ocrx_word' id='word_1_672' title='bbox 2845 3433 3033 3502; x_wconf 82' lang='grc' dir='ltr'>χειρὸς</span> <span class='ocrx_word' id='word_1_673' title='bbox 3064 3434 3163 3505; x_wconf 85' lang='grc' dir='ltr'><strong>τῆς</strong></span> <span class='ocrx_word' id='word_1_674' title='bbox 3195 3439 3536 3510; x_wconf 84' lang='grc' dir='ltr'>πρακτικῆς,</span> <span class='ocrx_word' id='word_1_675' title='bbox 3565 3441 3660 3496; x_wconf 79' lang='grc' dir='ltr'><strong>τὸν</strong></span> <span class='ocrx_word' id='word_1_676' title='bbox 3703 3443 3872 3515; x_wconf 80' lang='grc' dir='ltr'>δχλον</span> 
     </span>
    </p>
   </div>
   <div class='ocr_carea' id='block_1_93' title="bbox 2257 3518 3190 3592">
    <p class='ocr_par' dir='ltr' id='par_1_93' title="bbox 2257 3518 3190 3592">
     <span class='ocr_line' id='line_1_93' title="bbox 2257 3518 3190 3592; baseline 0.014 -23"><span class='ocrx_word' id='word_1_677' title='bbox 2257 3518 2350 3570; x_wconf 75' lang='grc' dir='ltr'><strong>καὶ</strong></span> <span class='ocrx_word' id='word_1_678' title='bbox 2379 3519 2471 3571; x_wconf 85' lang='grc' dir='ltr'>τὸν</span> <span class='ocrx_word' id='word_1_679' title='bbox 2501 3523 2891 3592; x_wconf 73' lang='grc' dir='ltr'>περισπασμὸν</span> <span class='ocrx_word' id='word_1_680' title='bbox 2918 3526 3190 3584; x_wconf 76' lang='grc' dir='ltr'>ἐκϐαλών.</span> 
     </span>
    </p>
   </div>
   <div class='ocr_carea' id='block_1_94' title="bbox 2334 3633 3870 3724">
    <p class='ocr_par' dir='ltr' id='par_1_94' title="bbox 2334 3633 3870 3724">
     <span class='ocr_line' id='line_1_94' title="bbox 2334 3633 3870 3724; baseline 0.016 -41"><span class='ocrx_word' id='word_1_681' title='bbox 2334 3651 2351 3683; x_wconf 83' lang='grc' dir='ltr'>ι</span> <span class='ocrx_word' id='word_1_682' title='bbox 2387 3633 2493 3685; x_wconf 74' lang='grc' dir='ltr'><strong>Καὶ</strong></span> <span class='ocrx_word' id='word_1_683' title='bbox 2527 3634 2836 3704; x_wconf 82' lang='grc' dir='ltr'>παράγοντι</span> <span class='ocrx_word' id='word_1_684' title='bbox 2869 3639 3084 3692; x_wconf 81' lang='grc' dir='ltr'>ἐκεῖθεν</span> <span class='ocrx_word' id='word_1_685' title='bbox 3117 3639 3196 3713; x_wconf 82' lang='grc' dir='ltr'>τῷ</span> <span class='ocrx_word' id='word_1_686' title='bbox 3239 3643 3438 3716; x_wconf 80' lang='grc' dir='ltr'>Ἰησοῦ,</span> <span class='ocrx_word' id='word_1_687' title='bbox 3480 3649 3870 3724; x_wconf 82' lang='grc' dir='ltr'>ἠκολούθησαν</span> 
     </span>
    </p>
   </div>
   <div class='ocr_carea' id='block_1_95' title="bbox 2255 3724 3869 3816">
    <p class='ocr_par' dir='ltr' id='par_1_95' title="bbox 2255 3724 3869 3816">
     <span class='ocr_line' id='line_1_95' title="bbox 2255 3724 3869 3816; baseline 0.016 -40"><span class='ocrx_word' id='word_1_688' title='bbox 2255 3724 2406 3792; x_wconf 73' lang='grc' dir='ltr'>αὐτῷ</span> <span class='ocrx_word' id='word_1_689' title='bbox 2448 3724 2542 3776; x_wconf 88' lang='grc' dir='ltr'>δύο</span> <span class='ocrx_word' id='word_1_690' title='bbox 2574 3727 2783 3794; x_wconf 71' lang='grc' dir='ltr'>τυφλοὶ,</span> <span class='ocrx_word' id='word_1_691' title='bbox 2819 3731 3117 3800; x_wconf 76' lang='grc' dir='ltr'>κράζοντες</span> <span class='ocrx_word' id='word_1_692' title='bbox 3152 3735 3249 3789; x_wconf 69' lang='grc' dir='ltr'><strong>καὶ</strong></span> <span class='ocrx_word' id='word_1_693' title='bbox 3277 3737 3550 3804; x_wconf 81' lang='grc' dir='ltr'>λέγοντες·</span> <span class='ocrx_word' id='word_1_694' title='bbox 3602 3743 3869 3816; x_wconf 80' lang='grc' dir='ltr'>Ἐλέησον</span> 
     </span>
    </p>
   </div>
   <div class='ocr_carea' id='block_1_96' title="bbox 2253 3815 3866 3907">
    <p class='ocr_par' dir='ltr' id='par_1_96' title="bbox 2253 3815 3866 3907">
     <span class='ocr_line' id='line_1_96' title="bbox 2253 3815 3866 3907; baseline 0.019 -44"><span class='ocrx_word' id='word_1_695' title='bbox 2253 3815 2422 3883; x_wconf 76' lang='grc' dir='ltr'>ἡμᾶς,</span> <span class='ocrx_word' id='word_1_696' title='bbox 2453 3816 2549 3871; x_wconf 84' lang='grc' dir='ltr'>Υίὲ</span> <span class='ocrx_word' id='word_1_697' title='bbox 2581 3822 2767 3874; x_wconf 76' lang='grc' dir='ltr'>Δαυϊό.</span> <span class='ocrx_word' id='word_1_698' title='bbox 2795 3840 2812 3872; x_wconf 74' lang='lat' dir='ltr'><strong>i</strong></span> <span class='ocrx_word' id='word_1_699' title='bbox 2844 3824 2907 3876; x_wconf 82' lang='grc' dir='ltr'>Οί</span> <span class='ocrx_word' id='word_1_700' title='bbox 2927 3825 3116 3895; x_wconf 78' lang='grc' dir='ltr'>τυφλοὶ</span> <span class='ocrx_word' id='word_1_701' title='bbox 3145 3827 3221 3891; x_wconf 85' lang='grc' dir='ltr'><strong>ὡς</strong></span> <span class='ocrx_word' id='word_1_702' title='bbox 3254 3831 3350 3883; x_wconf 70' lang='grc' dir='ltr'><strong>αὲν</strong></span> <span class='ocrx_word' id='word_1_703' title='bbox 3376 3833 3497 3906; x_wconf 80' lang='grc' dir='ltr'>Θεῷ</span> <span class='ocrx_word' id='word_1_704' title='bbox 3541 3835 3728 3906; x_wconf 77' lang='grc' dir='ltr'>ἔλεγον</span> <span class='ocrx_word' id='word_1_705' title='bbox 3775 3842 3866 3907; x_wconf 79' lang='grc' dir='ltr'>τὸ,</span> 
     </span>
    </p>
   </div>
   <div class='ocr_carea' id='block_1_97' title="bbox 2253 3904 3866 3996">
    <p class='ocr_par' dir='ltr' id='par_1_97' title="bbox 2253 3904 3866 3996">
     <span class='ocr_line' id='line_1_97' title="bbox 2253 3904 3866 3996; baseline 0.019 -39"><span class='ocrx_word' id='word_1_706' title='bbox 2253 3904 2628 3977; x_wconf 82' lang='grc' dir='ltr'>Ἐλέησον·ὡς</span> <span class='ocrx_word' id='word_1_707' title='bbox 2660 3911 2716 3963; x_wconf 85' lang='grc' dir='ltr'>δὲ</span> <span class='ocrx_word' id='word_1_708' title='bbox 2740 3912 3017 3986; x_wconf 82' lang='grc' dir='ltr'>ἀνθρώπῳ</span> <span class='ocrx_word' id='word_1_709' title='bbox 3059 3918 3138 3980; x_wconf 68' lang='grc' dir='ltr'><strong>τι,</strong></span> <span class='ocrx_word' id='word_1_710' title='bbox 3171 3919 3263 3972; x_wconf 85' lang='grc' dir='ltr'><strong>Υἱὲ</strong></span> <span class='ocrx_word' id='word_1_711' title='bbox 3291 3904 3475 3977; x_wconf 57' lang='lat' dir='ltr'><strong>suis;</strong></span> <span class='ocrx_word' id='word_1_712' title='bbox 3513 3904 3866 3996; x_wconf 71' lang='grc' dir='ltr'>Ἐθρυλλεῑτο</span> 
     </span>
    </p>
   </div>
   <div class='ocr_carea' id='block_1_98' title="bbox 2250 3999 3865 4095">
    <p class='ocr_par' dir='ltr' id='par_1_98' title="bbox 2250 3999 3865 4095">
     <span class='ocr_line' id='line_1_98' title="bbox 2250 3999 3865 4095; baseline 0.019 -49"><span class='ocrx_word' id='word_1_713' title='bbox 2250 3999 2359 4069; x_wconf 65' lang='grc' dir='ltr'><strong>γὰρ</strong></span> <span class='ocrx_word' id='word_1_714' title='bbox 2390 4001 2540 4069; x_wconf 68' lang='grc' dir='ltr'>π),ρὰ</span> <span class='ocrx_word' id='word_1_715' title='bbox 2568 4005 2677 4065; x_wconf 82' lang='grc' dir='ltr'>τοῖς</span> <span class='ocrx_word' id='word_1_716' title='bbox 2721 4002 2999 4070; x_wconf 81' lang='grc' dir='ltr'>Ἰουδαίοις</span> <span class='ocrx_word' id='word_1_717' title='bbox 3040 4008 3115 4073; x_wconf 84' lang='grc' dir='ltr'>ὡς</span> <span class='ocrx_word' id='word_1_718' title='bbox 3150 4011 3176 4062; x_wconf 87' lang='lat'><strong>6</strong></span> <span class='ocrx_word' id='word_1_719' title='bbox 3209 4013 3454 4080; x_wconf 76' lang='grc' dir='ltr'>Μεσσίας</span> <span class='ocrx_word' id='word_1_720' title='bbox 3492 4018 3557 4070; x_wconf 81' lang='grc' dir='ltr'>ἐκ</span> <span class='ocrx_word' id='word_1_721' title='bbox 3597 4022 3865 4095; x_wconf 81' lang='grc' dir='ltr'>σπέρμα-</span> 
     </span>
    </p>
   </div>
   <div class='ocr_carea' id='block_1_99' title="bbox 2248 4091 2881 4153">
    <p class='ocr_par' dir='ltr' id='par_1_99' title="bbox 2248 4091 2881 4153">
     <span class='ocr_line' id='line_1_99' title="bbox 2248 4091 2881 4153; baseline 0.014 -13"><span class='ocrx_word' id='word_1_722' title='bbox 2248 4106 2342 4153; x_wconf 85' lang='grc' dir='ltr'>τος</span> <span class='ocrx_word' id='word_1_723' title='bbox 2372 4091 2538 4144; x_wconf 79' lang='grc' dir='ltr'>Δαυῖδ</span> <span class='ocrx_word' id='word_1_724' title='bbox 2578 4092 2697 4146; x_wconf 82' lang='grc' dir='ltr'>ὲλεύ</span> <span class='ocrx_word' id='word_1_725' title='bbox 2709 4111 2881 4150; x_wconf 87' lang='grc' dir='ltr'>σεται.</span> 
     </span>
    </p>
   </div>
   <div class='ocr_carea' id='block_1_100' title="bbox 2327 4207 3862 4300">
    <p class='ocr_par' dir='ltr' id='par_1_100' title="bbox 2327 4207 3862 4300">
     <span class='ocr_line' id='line_1_100' title="bbox 2327 4207 3862 4300; baseline 0.02 -45"><span class='ocrx_word' id='word_1_726' title='bbox 2327 4224 2345 4255; x_wconf 75' lang='grc' dir='ltr'><strong>ι</strong></span> <span class='ocrx_word' id='word_1_727' title='bbox 2396 4207 2636 4261; x_wconf 85' lang='grc' dir='ltr'>Ἐλθόντι</span> <span class='ocrx_word' id='word_1_728' title='bbox 2677 4209 2733 4262; x_wconf 79' lang='grc' dir='ltr'>δὲ</span> <span class='ocrx_word' id='word_1_729' title='bbox 2764 4211 2843 4274; x_wconf 84' lang='grc' dir='ltr'><strong>είς</strong></span> <span class='ocrx_word' id='word_1_730' title='bbox 2879 4213 2978 4282; x_wconf 82' lang='grc' dir='ltr'>τὴν</span> <span class='ocrx_word' id='word_1_731' title='bbox 3014 4215 3214 4281; x_wconf 84' lang='grc' dir='ltr'>οἰκίαν,</span> <span class='ocrx_word' id='word_1_732' title='bbox 3262 4223 3570 4291; x_wconf 78' lang='grc' dir='ltr'>προσῆλθον</span> <span class='ocrx_word' id='word_1_733' title='bbox 3614 4228 3769 4300; x_wconf 83' lang='grc' dir='ltr'>αὐτῷ</span> <span class='ocrx_word' id='word_1_734' title='bbox 3808 4235 3862 4286; x_wconf 75' lang='grc' dir='ltr'>οἱ</span> 
     </span>
    </p>
   </div>
   <div class='ocr_carea' id='block_1_101' title="bbox 2248 4297 3862 4379">
    <p class='ocr_par' dir='ltr' id='par_1_101' title="bbox 2248 4297 3862 4379">
     <span class='ocr_line' id='line_1_101' title="bbox 2248 4297 3862 4379; baseline 0.019 -32"><span class='ocrx_word' id='word_1_735' title='bbox 2248 4297 2463 4365; x_wconf 81' lang='grc' dir='ltr'>τυφλοί.</span> <span class='ocrx_word' id='word_1_736' title='bbox 2499 4300 2607 4352; x_wconf 75' lang='grc' dir='ltr'><strong>Καὶ</strong></span> <span class='ocrx_word' id='word_1_737' title='bbox 2657 4300 2805 4367; x_wconf 77' lang='grc' dir='ltr'>λέγει</span> <span class='ocrx_word' id='word_1_738' title='bbox 2836 4305 3018 4366; x_wconf 76' lang='grc' dir='ltr'>αὐτοῖς</span> <span class='ocrx_word' id='word_1_739' title='bbox 3064 4308 3092 4359; x_wconf 89' lang='lat'><strong>6</strong></span> <span class='ocrx_word' id='word_1_740' title='bbox 3124 4309 3338 4379; x_wconf 77' lang='grc' dir='ltr'>Ἰησοῦς</span> <span class='ocrx_word' id='word_1_741' title='bbox 3363 4330 3376 4344; x_wconf 77' lang='grc' dir='ltr'><strong>ο</strong></span> <span class='ocrx_word' id='word_1_742' title='bbox 3423 4316 3720 4372; x_wconf 70' lang='grc' dir='ltr'>Πιστεύετε</span> <span class='ocrx_word' id='word_1_743' title='bbox 3773 4326 3862 4378; x_wconf 80' lang='grc' dir='ltr'>ὅτι</span> 
     </span>
    </p>
   </div>
   <div class='ocr_carea' id='block_1_102' title="bbox 2247 4386 3854 4483">
    <p class='ocr_par' dir='ltr' id='par_1_102' title="bbox 2247 4386 3854 4483">
     <span class='ocr_line' id='line_1_102' title="bbox 2247 4386 3854 4483; baseline 0.019 -45"><span class='ocrx_word' id='word_1_744' title='bbox 2247 4386 2483 4458; x_wconf 77' lang='grc' dir='ltr'>δύναμαι</span> <span class='ocrx_word' id='word_1_745' title='bbox 2509 4389 2668 4445; x_wconf 77' lang='grc' dir='ltr'>τοῦτο</span> <span class='ocrx_word' id='word_1_746' title='bbox 2689 4394 2943 4465; x_wconf 56' lang='grc' dir='ltr'>ποιῆσαιη</span> <span class='ocrx_word' id='word_1_747' title='bbox 2967 4399 3234 4467; x_wconf 79' lang='grc' dir='ltr'>Λέγουσιν</span> <span class='ocrx_word' id='word_1_748' title='bbox 3259 4405 3432 4476; x_wconf 78' lang='grc' dir='ltr'>αὐτῷ·</span> <span class='ocrx_word' id='word_1_749' title='bbox 3457 4409 3589 4474; x_wconf 78' lang='grc' dir='ltr'>Ναὶ,</span> <span class='ocrx_word' id='word_1_750' title='bbox 3616 4411 3854 4483; x_wconf 76' lang='grc' dir='ltr'>Κύριε.)</span> 
     </span>
    </p>
   </div>
   <div class='ocr_carea' id='block_1_103' title="bbox 2248 4481 3861 4583">
    <p class='ocr_par' dir='ltr' id='par_1_103' title="bbox 2248 4481 3861 4583">
     <span class='ocr_line' id='line_1_103' title="bbox 2248 4481 3861 4583; baseline 0.019 -51"><span class='ocrx_word' id='word_1_751' title='bbox 2248 4481 2521 4552; x_wconf 81' lang='grc' dir='ltr'>Παρέλκει</span> <span class='ocrx_word' id='word_1_752' title='bbox 2546 4487 2672 4549; x_wconf 77' lang='grc' dir='ltr'>τοὺς</span> <span class='ocrx_word' id='word_1_753' title='bbox 2697 4489 2934 4557; x_wconf 75' lang='grc' dir='ltr'>τυφλοὺς</span> <span class='ocrx_word' id='word_1_754' title='bbox 2958 4492 3084 4562; x_wconf 82' lang='grc' dir='ltr'>ἄχρι</span> <span class='ocrx_word' id='word_1_755' title='bbox 3115 4494 3213 4548; x_wconf 76' lang='grc' dir='ltr'>καὶ</span> <span class='ocrx_word' id='word_1_756' title='bbox 3239 4500 3339 4568; x_wconf 83' lang='grc' dir='ltr'><strong>τῆς</strong></span> <span class='ocrx_word' id='word_1_757' title='bbox 3361 4502 3560 4569; x_wconf 81' lang='grc' dir='ltr'>οἰκίας,</span> <span class='ocrx_word' id='word_1_758' title='bbox 3588 4506 3674 4559; x_wconf 83' lang='grc' dir='ltr'><strong>ἵνα</strong></span> <span class='ocrx_word' id='word_1_759' title='bbox 3698 4481 3861 4583; x_wconf 81' lang='grc' dir='ltr'>δείξῃ</span> 
     </span>
    </p>
   </div>
   <div class='ocr_carea' id='block_1_104' title="bbox 2248 4571 3859 4668">
    <p class='ocr_par' dir='ltr' id='par_1_104' title="bbox 2248 4571 3859 4668">
     <span class='ocr_line' id='line_1_104' title="bbox 2248 4571 3859 4668; baseline 0.021 -47"><span class='ocrx_word' id='word_1_760' title='bbox 2248 4571 2348 4642; x_wconf 83' lang='grc' dir='ltr'>τὴν</span> <span class='ocrx_word' id='word_1_761' title='bbox 2391 4574 2655 4644; x_wconf 77' lang='grc' dir='ltr'>ἐπίμονον</span> <span class='ocrx_word' id='word_1_762' title='bbox 2702 4580 2884 4634; x_wconf 79' lang='grc' dir='ltr'>αὐτῶν</span> <span class='ocrx_word' id='word_1_763' title='bbox 2941 4585 3151 4650; x_wconf 82' lang='grc' dir='ltr'>πίστιν,</span> <span class='ocrx_word' id='word_1_764' title='bbox 3205 4590 3300 4642; x_wconf 80' lang='grc' dir='ltr'><strong>καὶ</strong></span> <span class='ocrx_word' id='word_1_765' title='bbox 3355 4602 3663 4668; x_wconf 79' lang='grc' dir='ltr'>κατακρίνῃ</span> <span class='ocrx_word' id='word_1_766' title='bbox 3722 4605 3859 4666; x_wconf 68' lang='grc' dir='ltr'>τοὺς</span> 
     </span>
    </p>
   </div>
   <div class='ocr_carea' id='block_1_105' title="bbox 2248 4662 3856 4760">
    <p class='ocr_par' dir='ltr' id='par_1_105' title="bbox 2248 4662 3856 4760">
     <span class='ocr_line' id='line_1_105' title="bbox 2248 4662 3856 4760; baseline 0.021 -47"><span class='ocrx_word' id='word_1_767' title='bbox 2248 4662 2562 4727; x_wconf 82' lang='grc' dir='ltr'>Ἰουδαίους.</span> <span class='ocrx_word' id='word_1_768' title='bbox 2595 4667 2807 4741; x_wconf 76' lang='grc' dir='ltr'>Ἐρωτᾷ</span> <span class='ocrx_word' id='word_1_769' title='bbox 2834 4672 2889 4724; x_wconf 84' lang='grc' dir='ltr'>δὲ</span> <span class='ocrx_word' id='word_1_770' title='bbox 2934 4674 3133 4740; x_wconf 81' lang='grc' dir='ltr'>αὐτοὺς</span> <span class='ocrx_word' id='word_1_771' title='bbox 3168 4681 3216 4732; x_wconf 85' lang='grc' dir='ltr'><strong>εί</strong></span> <span class='ocrx_word' id='word_1_772' title='bbox 3246 4683 3595 4753; x_wconf 81' lang='grc' dir='ltr'>πιστεύουσι,</span> <span class='ocrx_word' id='word_1_773' title='bbox 3628 4688 3856 4760; x_wconf 81' lang='grc' dir='ltr'>δεικνὺς</span> 
     </span>
    </p>
   </div>
   <div class='ocr_carea' id='block_1_106' title="bbox 2246 4754 3127 4838">
    <p class='ocr_par' dir='ltr' id='par_1_106' title="bbox 2246 4754 3127 4838">
     <span class='ocr_line' id='line_1_106' title="bbox 2246 4754 3127 4838; baseline 0.018 -32"><span class='ocrx_word' id='word_1_774' title='bbox 2246 4754 2328 4807; x_wconf 84' lang='grc' dir='ltr'><strong>ὅτι</strong></span> <span class='ocrx_word' id='word_1_775' title='bbox 2355 4756 2530 4810; x_wconf 84' lang='grc' dir='ltr'>πάντα</span> <span class='ocrx_word' id='word_1_776' title='bbox 2561 4761 2593 4829; x_wconf 87' lang='grc' dir='ltr'><strong>ή</strong></span> <span class='ocrx_word' id='word_1_777' title='bbox 2629 4762 2812 4828; x_wconf 77' lang='grc' dir='ltr'>πίστις</span> <span class='ocrx_word' id='word_1_778' title='bbox 2847 4769 3127 4838; x_wconf 70' lang='grc' dir='ltr'>κατορθοῖ.</span> 
     </span>
    </p>
   </div>
   <div class='ocr_carea' id='block_1_107' title="bbox 2337 4873 3856 4964">
    <p class='ocr_par' dir='ltr' id='par_1_107' title="bbox 2337 4873 3856 4964">
     <span class='ocr_line' id='line_1_107' title="bbox 2337 4873 3856 4964; baseline 0.022 -42"><span class='ocrx_word' id='word_1_779' title='bbox 2337 4891 2354 4922; x_wconf 77' lang='grc' dir='ltr'><strong>ι</strong></span> <span class='ocrx_word' id='word_1_780' title='bbox 2398 4873 2532 4926; x_wconf 84' lang='grc' dir='ltr'>Τότε</span> <span class='ocrx_word' id='word_1_781' title='bbox 2558 4875 2740 4944; x_wconf 68' lang='grc' dir='ltr'>ἥψατο</span> <span class='ocrx_word' id='word_1_782' title='bbox 2769 4879 2877 4933; x_wconf 64' lang='grc' dir='ltr'>τῶν</span> <span class='ocrx_word' id='word_1_783' title='bbox 2908 4883 3207 4954; x_wconf 77' lang='grc' dir='ltr'>ὀφθαλμῶν</span> <span class='ocrx_word' id='word_1_784' title='bbox 3237 4889 3440 4954; x_wconf 79' lang='grc' dir='ltr'>αὐτῶν,</span> <span class='ocrx_word' id='word_1_785' title='bbox 3461 4893 3656 4964; x_wconf 87' lang='grc' dir='ltr'>λέγων·</span> <span class='ocrx_word' id='word_1_786' title='bbox 3689 4900 3856 4957; x_wconf 70' lang='grc' dir='ltr'><strong>Κατὰ</strong></span> 
     </span>
    </p>
   </div>
   <div class='ocr_carea' id='block_1_108' title="bbox 2246 4963 3856 5060">
    <p class='ocr_par' dir='ltr' id='par_1_108' title="bbox 2246 4963 3856 5060">
     <span class='ocr_line' id='line_1_108' title="bbox 2246 4963 3856 5060; baseline 0.022 -48"><span class='ocrx_word' id='word_1_787' title='bbox 2246 4963 2344 5030; x_wconf 82' lang='grc' dir='ltr'>τὴν</span> <span class='ocrx_word' id='word_1_788' title='bbox 2391 4966 2571 5021; x_wconf 83' lang='grc' dir='ltr'>πίστιν</span> <span class='ocrx_word' id='word_1_789' title='bbox 2609 4970 2762 5037; x_wconf 81' lang='grc' dir='ltr'>ὑμῶν</span> <span class='ocrx_word' id='word_1_790' title='bbox 2805 4973 3093 5046; x_wconf 84' lang='grc' dir='ltr'>γενηθήτω</span> <span class='ocrx_word' id='word_1_791' title='bbox 3143 4979 3296 5049; x_wconf 81' lang='grc' dir='ltr'>ὑμῖν.</span> <span class='ocrx_word' id='word_1_792' title='bbox 3332 4984 3441 5038; x_wconf 79' lang='grc' dir='ltr'><strong>Καὶ</strong></span> <span class='ocrx_word' id='word_1_793' title='bbox 3486 4987 3856 5060; x_wconf 80' lang='grc' dir='ltr'>ἀνεῴχθησαν</span> 
     </span>
    </p>
   </div>
   <div class='ocr_carea' id='block_1_109' title="bbox 2246 5056 3854 5145">
    <p class='ocr_par' dir='ltr' id='par_1_109' title="bbox 2246 5056 3854 5145">
     <span class='ocr_line' id='line_1_109' title="bbox 2246 5056 3854 5145; baseline 0.024 -41"><span class='ocrx_word' id='word_1_794' title='bbox 2246 5056 2426 5109; x_wconf 79' lang='grc' dir='ltr'>αὐτῶν</span> <span class='ocrx_word' id='word_1_795' title='bbox 2455 5060 2503 5110; x_wconf 77' lang='lat' dir='ltr'><strong>oi</strong></span> <span class='ocrx_word' id='word_1_796' title='bbox 2533 5061 2824 5132; x_wconf 69' lang='grc' dir='ltr'>ὀφθαλμοί.</span> <span class='ocrx_word' id='word_1_797' title='bbox 2862 5086 2878 5115; x_wconf 72' lang='grc' dir='ltr'>ι</span> <span class='ocrx_word' id='word_1_798' title='bbox 2929 5065 3020 5122; x_wconf 87' lang='grc' dir='ltr'>Ἐν</span> <span class='ocrx_word' id='word_1_799' title='bbox 3055 5073 3204 5139; x_wconf 75' lang='grc' dir='ltr'>οἰκίᾳ</span> <span class='ocrx_word' id='word_1_800' title='bbox 3251 5074 3552 5145; x_wconf 86' lang='grc' dir='ltr'>θεραπεύει</span> <span class='ocrx_word' id='word_1_801' title='bbox 3603 5086 3699 5137; x_wconf 79' lang='grc' dir='ltr'><strong>καὶ</strong></span> <span class='ocrx_word' id='word_1_802' title='bbox 3726 5093 3854 5142; x_wconf 86' lang='grc' dir='ltr'>κατ’</span> 
     </span>
    </p>
   </div>
   <div class='ocr_carea' id='block_1_110' title="bbox 2248 5145 3852 5250">
    <p class='ocr_par' dir='ltr' id='par_1_110' title="bbox 2248 5145 3852 5250">
     <span class='ocr_line' id='line_1_110' title="bbox 2248 5145 3852 5250; baseline 0.024 -54"><span class='ocrx_word' id='word_1_803' title='bbox 2248 5145 2404 5212; x_wconf 85' lang='grc' dir='ltr'>ἰδίαν,</span> <span class='ocrx_word' id='word_1_804' title='bbox 2432 5149 2519 5202; x_wconf 75' lang='grc' dir='ltr'><strong>διὰ</strong></span> <span class='ocrx_word' id='word_1_805' title='bbox 2552 5153 2611 5205; x_wconf 80' lang='grc' dir='ltr'>τὸ</span> <span class='ocrx_word' id='word_1_806' title='bbox 2637 5156 2978 5224; x_wconf 82' lang='grc' dir='ltr'>ἀφιλόδοξον.</span> <span class='ocrx_word' id='word_1_807' title='bbox 3012 5164 3302 5236; x_wconf 84' lang='grc' dir='ltr'>Πανταχοῠ</span> <span class='ocrx_word' id='word_1_808' title='bbox 3336 5171 3447 5240; x_wconf 77' lang='grc' dir='ltr'><strong>γὰρ</strong></span> <span class='ocrx_word' id='word_1_809' title='bbox 3476 5190 3852 5250; x_wconf 80' lang='grc' dir='ltr'>ταπεινοφρο-</span> 
     </span>
    </p>
   </div>
   <div class='ocr_carea' id='block_1_111' title="bbox 2244 5239 2645 5298">
    <p class='ocr_par' dir='ltr' id='par_1_111' title="bbox 2244 5239 2645 5298">
     <span class='ocr_line' id='line_1_111' title="bbox 2244 5239 2645 5298; baseline 0.02 -9"><span class='ocrx_word' id='word_1_810' title='bbox 2244 5240 2355 5291; x_wconf 88' lang='grc' dir='ltr'>νεῖν</span> <span class='ocrx_word' id='word_1_811' title='bbox 2383 5239 2645 5298; x_wconf 88' lang='grc' dir='ltr'>διδάσκει.</span> 
     </span>
    </p>
   </div>
   <div class='ocr_carea' id='block_1_112' title="bbox 2322 5355 3848 5455">
    <p class='ocr_par' dir='ltr' id='par_1_112' title="bbox 2322 5355 3848 5455">
     <span class='ocr_line' id='line_1_112' title="bbox 2322 5355 3848 5455; baseline 0.024 -51"><span class='ocrx_word' id='word_1_812' title='bbox 2322 5372 2338 5403; x_wconf 81' lang='grc' dir='ltr'><strong>ι</strong></span> <span class='ocrx_word' id='word_1_813' title='bbox 2391 5355 2501 5408; x_wconf 76' lang='grc' dir='ltr'><strong>Καὶ</strong></span> <span class='ocrx_word' id='word_1_814' title='bbox 2565 5359 2969 5432; x_wconf 73' lang='grc' dir='ltr'>ἐνεϐριμήσατο</span> <span class='ocrx_word' id='word_1_815' title='bbox 3036 5369 3221 5436; x_wconf 83' lang='grc' dir='ltr'>αὐτοῖς</span> <span class='ocrx_word' id='word_1_816' title='bbox 3273 5374 3301 5426; x_wconf 90' lang='lat'><strong>6</strong></span> <span class='ocrx_word' id='word_1_817' title='bbox 3357 5377 3590 5448; x_wconf 81' lang='grc' dir='ltr'>Ἰησοῦς,</span> <span class='ocrx_word' id='word_1_818' title='bbox 3642 5381 3848 5455; x_wconf 77' lang='grc' dir='ltr'>λέγων’</span> 
     </span>
    </p>
   </div>
   <div class='ocr_carea' id='block_1_113' title="bbox 2257 5444 3848 5550">
    <p class='ocr_par' dir='ltr' id='par_1_113' title="bbox 2257 5444 3848 5550">
     <span class='ocr_line' id='line_1_113' title="bbox 2257 5444 3848 5550; baseline 0.023 -53"><span class='ocrx_word' id='word_1_819' title='bbox 2257 5444 2450 5516; x_wconf 77' lang='grc' dir='ltr'>Ὁρᾶτε</span> <span class='ocrx_word' id='word_1_820' title='bbox 2498 5450 2687 5518; x_wconf 72' lang='grc' dir='ltr'>μηδεὶς</span> <span class='ocrx_word' id='word_1_821' title='bbox 2721 5459 3061 5521; x_wconf 80' lang='grc' dir='ltr'>γινωσκέτω.</span> <span class='ocrx_word' id='word_1_822' title='bbox 3096 5465 3162 5515; x_wconf 79' lang='grc' dir='ltr'><strong>υἱ</strong></span> <span class='ocrx_word' id='word_1_823' title='bbox 3216 5466 3272 5519; x_wconf 83' lang='grc' dir='ltr'>δὲ</span> <span class='ocrx_word' id='word_1_824' title='bbox 3307 5444 3615 5537; x_wconf 78' lang='grc' dir='ltr'>ἐξελθόντες</span> <span class='ocrx_word' id='word_1_825' title='bbox 3654 5444 3848 5550; x_wconf 71' lang='grc' dir='ltr'>διεφή-</span> 
     </span>
    </p>
   </div>
   <div class='ocr_carea' id='block_1_114' title="bbox 2247 5543 3841 5639">
    <p class='ocr_par' dir='ltr' id='par_1_114' title="bbox 2247 5543 3841 5639">
     <span class='ocr_line' id='line_1_114' title="bbox 2247 5543 3841 5639; baseline 0.023 -49"><span class='ocrx_word' id='word_1_826' title='bbox 2247 5556 2410 5607; x_wconf 86' lang='grc' dir='ltr'>μισαν</span> <span class='ocrx_word' id='word_1_827' title='bbox 2446 5543 2608 5595; x_wconf 84' lang='grc' dir='ltr'>αὑτὸν</span> <span class='ocrx_word' id='word_1_828' title='bbox 2634 5547 2690 5597; x_wconf 81' lang='grc' dir='ltr'><strong>ὲν</strong></span> <span class='ocrx_word' id='word_1_829' title='bbox 2714 5547 2808 5618; x_wconf 79' lang='grc' dir='ltr'><strong>ὅλῃ</strong></span> <span class='ocrx_word' id='word_1_830' title='bbox 2831 5553 2896 5620; x_wconf 82' lang='grc' dir='ltr'>τῇ</span> <span class='ocrx_word' id='word_1_831' title='bbox 2926 5555 2994 5621; x_wconf 81' lang='grc' dir='ltr'>γῇ</span> <span class='ocrx_word' id='word_1_832' title='bbox 3030 5556 3238 5628; x_wconf 76' lang='grc' dir='ltr'>ἐκείνῃ.</span> <span class='ocrx_word' id='word_1_833' title='bbox 3265 5578 3281 5610; x_wconf 78' lang='lat' dir='ltr'><strong>i</strong></span> <span class='ocrx_word' id='word_1_834' title='bbox 3327 5561 3489 5634; x_wconf 78' lang='grc' dir='ltr'>Ὁρᾷς</span> <span class='ocrx_word' id='word_1_835' title='bbox 3507 5566 3567 5618; x_wconf 89' lang='grc' dir='ltr'>τὸ</span> <span class='ocrx_word' id='word_1_836' title='bbox 3598 5568 3841 5639; x_wconf 54' lang='lat' dir='ltr'><strong>attagen;</strong></span> 
     </span>
    </p>
   </div>
   <div class='ocr_carea' id='block_1_115' title="bbox 2255 5633 3847 5739">
    <p class='ocr_par' dir='ltr' id='par_1_115' title="bbox 2255 5633 3847 5739">
     <span class='ocr_line' id='line_1_115' title="bbox 2255 5633 3847 5739; baseline 0.049 -57"><span class='ocrx_word' id='word_1_837' title='bbox 2255 5633 2484 5688; x_wconf 86' lang='grc' dir='ltr'>Ἐκεῖνοι</span> <span class='ocrx_word' id='word_1_838' title='bbox 2532 5637 2610 5704; x_wconf 81' lang='grc' dir='ltr'><strong>δὲ,</strong></span> <span class='ocrx_word' id='word_1_839' title='bbox 2671 5641 2768 5710; x_wconf 73' lang='grc' dir='ltr'>οὐχ</span> <span class='ocrx_word' id='word_1_840' title='bbox 2816 5645 2888 5706; x_wconf 75' lang='grc' dir='ltr'><strong>ὡς</strong></span> <span class='ocrx_word' id='word_1_841' title='bbox 2928 5648 3308 5720; x_wconf 46' lang='lat' dir='ltr'><strong>animi-“75;!</strong></span> <span class='ocrx_word' id='word_1_842' title='bbox 3352 5659 3468 5711; x_wconf 49' lang='grc' dir='ltr'>ἀλλ’</span> <span class='ocrx_word' id='word_1_843' title='bbox 3500 5661 3576 5725; x_wconf 58' lang='grc' dir='ltr'><strong>ὡς</strong></span> <span class='ocrx_word' id='word_1_844' title='bbox 3619 5668 3847 5739; x_wconf 43' lang='lat' dir='ltr'><strong>salap-</strong></span> 
     </span>
    </p>
   </div>
   <div class='ocr_carea' id='block_1_116' title="bbox 2243 5725 3838 5828">
    <p class='ocr_par' dir='ltr' id='par_1_116' title="bbox 2243 5725 3838 5828">
     <span class='ocr_line' id='line_1_116' title="bbox 2243 5725 3838 5828; baseline 0.026 -54"><span class='ocrx_word' id='word_1_845' title='bbox 2243 5725 2491 5790; x_wconf 78' lang='grc' dir='ltr'>στοῦντες</span> <span class='ocrx_word' id='word_1_846' title='bbox 2525 5730 2876 5802; x_wconf 68' lang='grc' dir='ltr'>διεφήμισαν.</span> <span class='ocrx_word' id='word_1_847' title='bbox 2905 5738 2964 5790; x_wconf 76' lang='grc' dir='ltr'><strong>Εἰ</strong></span> <span class='ocrx_word' id='word_1_848' title='bbox 2984 5739 3037 5791; x_wconf 68' lang='lat'><strong>6‘:</strong></span> <span class='ocrx_word' id='word_1_849' title='bbox 3068 5743 3304 5815; x_wconf 76' lang='grc' dir='ltr'>ἀλλαχοῦ</span> <span class='ocrx_word' id='word_1_850' title='bbox 3331 5754 3602 5819; x_wconf 63' lang='grc' dir='ltr'>φαίνεται,</span> <span class='ocrx_word' id='word_1_851' title='bbox 3625 5758 3804 5828; x_wconf 76' lang='grc' dir='ltr'>λέγων</span> <span class='ocrx_word' id='word_1_852' title='bbox 3826 5780 3838 5792; x_wconf 91' lang='grc'><strong>·</strong></span> 
     </span>
    </p>
   </div>
   <div class='ocr_carea' id='block_1_117' title="bbox 2246 5813 3841 5911">
    <p class='ocr_par' dir='ltr' id='par_1_117' title="bbox 2246 5813 3841 5911">
     <span class='ocr_line' id='line_1_117' title="bbox 2246 5813 3841 5911; baseline 0.028 -47"><span class='ocrx_word' id='word_1_853' title='bbox 2246 5813 2507 5881; x_wconf 68' lang='grc' dir='ltr'>Ἃπελθε,</span> <span class='ocrx_word' id='word_1_854' title='bbox 2533 5821 2624 5872; x_wconf 54' lang='grc' dir='ltr'>καὶ</span> <span class='ocrx_word' id='word_1_855' title='bbox 2659 5823 2852 5891; x_wconf 73' lang='grc' dir='ltr'>διηγοῦ</span> <span class='ocrx_word' id='word_1_856' title='bbox 2892 5827 2986 5897; x_wconf 77' lang='grc' dir='ltr'>τὴν</span> <span class='ocrx_word' id='word_1_857' title='bbox 3008 5829 3163 5898; x_wconf 69' lang='grc' dir='ltr'>δόξαν</span> <span class='ocrx_word' id='word_1_858' title='bbox 3194 5839 3286 5892; x_wconf 75' lang='grc' dir='ltr'><strong>τιιὺ</strong></span> <span class='ocrx_word' id='word_1_859' title='bbox 3321 5842 3476 5911; x_wconf 75' lang='grc' dir='ltr'>Θεοῦ,</span> <span class='ocrx_word' id='word_1_860' title='bbox 3507 5848 3660 5901; x_wconf 63' lang='grc' dir='ltr'>οὐδὲν</span> <span class='ocrx_word' id='word_1_861' title='bbox 3684 5855 3841 5906; x_wconf 65' lang='lat' dir='ltr'><strong>iveri-</strong></span> 
     </span>
    </p>
   </div>
  </div>
