4004 6408
669 450 773 510 £39

1535 443 2115 504 THEOPHYLACTI
2159 441 2571 502 BULGARIE
2612 439 2970 500 ARCHIEP.

3782 440 3897 505 ειο

669 572 887 626 serpens
923 559 974 610 iu
1003 565 1226 622 angusto
1248 553 1474 622 quodam
1511 553 1768 607 foramine
1795 553 2204 620 cireumstriugit

2317 549 2408 602 καὶ
2431 549 2859 618 διεξερχόμενος,
2885 547 3174 601 ἀποδύεται
3196 546 3256 599 τὸ
3279 548 3506 602 παλαιὸν
3528 549 3729 621 δέρμα,
3746 551 3898 607 οὕτω

665 667 745 713 se,
766 658 816 702 et
845 646 1111 700 transiens
1140 643 1328 712 pellem
1363 653 1589 696 veterem
1619 644 1913 713 eupoliat:
1945 642 2018 696 ita
2039 653 2094 697 et
2121 658 2216 695 nos

665 757 760 809 per
798 748 1078 807 augustam
1112 737 1248 788 viam
1299 736 1709 800 incetlamus,ut
1765 745 1996 789 veterem
2050 749 2215 788 exua-

665 844 783 882 mus
810 822 1494 881 hominem.Verumtamen
1538 821 1659 890 quia
1696 833 1749 872 et
1800 834 2019 887 serpens
2068 821 2215 872 noci-

666 933 761 971 vus
795 925 894 980 est,
914 915 1067 982 jubet
1099 929 1196 966 nos
1225 912 1493 981 simplices
1534 927 1671 974 esse,
1701 915 1798 966 boc
1829 921 1931 975 est,
1957 912 2211 974 sincerus,

661 1020 710 1060 et
741 1007 943 1074 absque
973 1005 1190 1068 malitia,
1219 1004 1531 1072 nullumque
1579 1002 1929 1068 oﬂendentes,
1955 1007 2093 1058 sicut
2127 1019 2213 1057 Cu-

657 1100 851 1152 lumba:
880 1116 893 1150 :
923 1097 1021 1151 illa:
1063 1097 1202 1149 enim
1259 1110 1379 1150 cum
1441 1094 1758 1148 auferuntur
1815 1097 1893 1149 eis
1943 1095 2127 1157 fastus,
2160 1103 2212 1147 et

657 1190 1079 1259 persecutionem
1118 1188 1410 1257 patiuntur,
1443 1203 1626 1241 rursus
1678 1189 1742 1240 ad
1795 1187 2038 1241 dominos
2085 1204 2211 1242 suos

656 1289 1015 1334 revertuntur.
1043 1279 1170 1332 Esto
1214 1278 1377 1346 igitur
1419 1279 1652 1346 prudens
1702 1278 1857 1344 sicuti
1885 1280 2209 1346 serpens,ita

657 1385 712 1425 ut
748 1387 811 1426 ne
843 1369 1232 1424 deridearisob
1268 1369 1431 1421 vitam
1475 1368 1541 1421 ab
1583 1368 1719 1429 aliis,
1749 1370 1841 1422 sed
1893 1369 2068 1421 omnia
2121 1379 2206 1422 tua

651 1467 785 1517 citra
819 1463 988 1516 labem
1021 1459 1283 1528 perlieias.
1315 1459 1450 1529 Erga
1482 1460 1612 1512 alios
1645 1469 1820 1511 autem
1858 1475 1924 1513 ne
1960 1460 2066 1512 illis
2107 1475 2208 1511 no-

653 1570 799 1614 ceas,
839 1554 912 1608 sis
949 1549 1089 1604 velut
1122 1549 1390 1613 columba,
1430 1553 1528 1604 hoe
1563 1561 1664 1611 est,
1695 1549 2003 1618 neutiquam
2057 1551 2206 1603 mali-

653 1661 810 1712 gnus.

731 1739 886 1791 Vens.
933 1736 1016 1799 Π,
1082 1734 1164 1788 l8.
1221 1753 1236 1784 ι
1279 1733 1473 1787 Cavete
1508 1741 1684 1785 autem
1746 1733 1810 1784 ab
1868 1733 2200 1796 hominibus,

655 1826 864 1879 tradent
893 1829 1033 1878 enim
1065 1841 1158 1878 vos
1185 1827 1233 1877 in
1286 1825 1535 1888 concilia,
1559 1833 1612 1876 ct
1648 1824 1697 1876 in
1739 1824 2026 1893 synagOgis
2091 1826 2204 1877 suis

2320 643 2413 694 καὶ
2444 643 2598 710 ἡμεῖς
2617 640 2704 692 διὰ
2728 645 2824 709 τῆς
2853 640 3040 709 στενῆς
3069 639 3189 692 ὁδοῦ
3218 639 3510 705 ὁδεύοντες,
3543 643 3631 695 τὸν
3658 644 3895 704 παλαιὸν

2319 732 2674 801 ἁποδυώμεθα
2707 730 3010 800 ἄνθρωπον.
3057 731 3208 782 Ἐπεὶ
3233 731 3288 783 δέ
3318 731 3346 782 6
3380 731 3501 798 ὄφις
3535 733 3626 784 καὶ
3657 732 3896 802 βλαπτι-

2317 825 2408 886 κός
2438 826 2576 888 ἐστι,
2637 823 2850 875 κελεύει
2885 825 3030 892 ἡμᾶς
3060 823 3350 892 ἀκεραίους
3383 819 3544 888 εἶναι,
3585 827 3895 887 τουτέστιν,

2314 915 2519 978 ἁπλοῦς
2579 923 2671 969 καὶ
2730 916 3036 985 ἀπονήρους
3080 915 3173 968 καὶ
3227 917 3301 983 μὴ
3337 914 3690 983 βλαπτικοὺς,
3718 918 3795 981 ὼς
3838 921 3895 972 al

2314 1008 2632 1078 περιστεραί
2653 1026 2665 1037 ·
2704 1003 2865 1062 αὑται
2896 1008 3025 1076 γὰρ,
3051 1010 3145 1060 καὶ
3190 1006 3591 1075 ἀφαιρούμεναι
3621 1011 3688 1062 τὰ
3716 1011 3894 1065 τέκνα

2313 1101 2406 1150 καὶ
2431 1099 2780 1168 διωκόμεναι,
2841 1093 2993 1161 αὖθις
3049 1099 3543 1168 ἐπανακὰμπτουσι
3594 1100 3730 1170 πρὸς
3757 1105 3894 1164 τοὺς

2309 1190 2594 1252 δεσπότας.
2633 1191 2763 1242 Ἐσο
2789 1186 2880 1242 οὖν
2912 1191 3172 1258 φρόνιμος
3226 1190 3298 1252 ὡς
3329 1189 3471 1257 ὄφις,
3515 1189 3655 1243 ὥστε
3680 1191 3757 1261 μὴ
3794 1207 3894 1258 γε-

2309 1282 2500 1334 λᾶσθαι
2527 1284 2581 1333 ἐν
2605 1282 2681 1351 τῷ
2707 1281 2826 1351 βίῳ,
2854 1281 2986 1333 ἀλλὰ
3016 1283 3197 1332 πάντα
3231 1283 3297 1332 τὰ
3332 1281 3474 1333 κατὰ
3511 1281 3570 1332 σέ
3609 1282 3893 1350 ἀμώμητα

2309 1369 2631 1422 διατιθέναι·
2662 1371 2795 1438 πρὸς
2848 1369 2902 1421 δὲ
2951 1369 3009 1420 τὸ
3041 1370 3300 1438 βλάπτειν
3347 1369 3591 1438 ἐτέρους,
3623 1368 3713 1422 ἔσο
3749 1370 3892 1422 ὡσεὶ

2313 1460 2627 1528 περιστερὰ,
2654 1461 2956 1523 τουτέστιν,
3001 1459 3295 1528 ἀπόνηρος.

2383 1749 2398 1779 ι
2443 1729 2742 1799 Προσέχετε
2773 1730 2828 1782 δέ
2853 1731 2948 1782 ἀπ’
2989 1731 3096 1783 τῶν
3136 1731 3458 1802 ἀνθρώπων,
3495 1735 3888 1805 παραδώσουσι

2307 1823 2415 1892 γὰρ
2449 1823 2590 1892 ὑμᾶς
2626 1826 2701 1886 είς
2735 1827 3006 1894 συνέδρια,
3039 1827 3132 1879 καὶ
3159 1829 3216 1879 ἐν
3246 1833 3365 1891 ταῖς
3415 1833 3754 1897 συναγωγαῖς
3785 1833 3889 1882 αὑ-

653 1916 990 1983 flagellabunt
1049 1931 1172 1978 vos,
1221 1923 1272 1968 et
1315 1916 1379 1966 ad
1434 1914 1598 1966 dutzcs
1643 1922 1696 1967 et
1743 1927 1893 1984 reges
1943 1913 2204 1968 ducemini

2314 1915 2416 1967 τῶν
2445 1915 2882 1983 μαστιγώσουσιν
2935 1916 3101 1984 ὑμᾶς,
3153 1919 3246 1968 καὶ
3272 1919 3363 1970 ἐπὶ
3391 1919 3663 1988 ἡγεμόνας
3698 1919 3754 1970 δέ
3788 1922 3889 1971 καὶ

650 2017 865 2078 pt-Opter
918 2023 1025 2070 me,
1056 2008 1107 2061 in
1159 2006 1520 2060 testimonium
1586 2005 1714 2074 ipsis
1767 2021 1829 2060 ac
1883 2004 2152 2073 gentibus.
2183 2024 2201 2056 ›

653 2100 810 2153 Vides
842 2099 942 2152 hoc
969 2113 1086 2152 esse
1118 2097 1414 2164 prudentis,
1447 2111 1657 2159 cavere,
1677 2107 1730 2148 et
1761 2112 1864 2151 non
1895 2097 2021 2150 dare
2048 2111 2208 2150 occa-

650 2192 856 2244 sionem
917 2189 1211 2241 voleutibus
1274 2188 1662 2256 persequi,sed
1713 2192 2001 2254 prudenter
2051 2200 2207 2255 agere

651 2295 738 2336 res
773 2289 1004 2334 nostras.
1034 2279 1088 2332 Si
1121 2277 1400 2348 pecuniam
1431 2277 1659 2331 voluerit
1697 2278 1787 2345 qui
1842 2277 2207 2346 persequitur,

650 2374 692 2424 si
724 2374 1006 2436 honorem,
1035 2371 1098 2423 da
1135 2380 1190 2423 ut
1226 2384 1293 2423 ne
1313 2369 1658 2423 occasionem
1692 2369 1883 2423 habeat
1916 2387 1927 2422 :
1957 2368 1999 2422 si
2027 2379 2203 2423 autem

652 2465 807 2518 tidem
843 2463 1037 2526 aufert,
1070 2461 1275 2516 custodi
1308 2471 1455 2513 tuum
1492 2459 1806 2529 caput.Non
1838 2467 2019 2513 autem
2047 2459 2206 2513 disci-

649 2554 802 2621 pulos
834 2553 1096 2606 missmus
1123 2559 1239 2603 erat
1271 2552 1337 2604 ad
1367 2547 1580 2606 Judaeos
1610 2551 1805 2614 solum,
1829 2552 1921 2604 sed
1953 2550 2111 2604 etiam
2139 2548 2205 2601 ad

648 2652 832 2709 gentes
863 2659 878 2693 :
905 2641 1106 2694 idcirco
1134 2639 1263 2693 dicit
1285 2657 1300 2694 :
1319 2638 1377 2692 In
1405 2641 1766 2693 testimonium
1797 2638 1925 2708 ipsis
1952 2649 2004 2692 et
2034 2639 2208 2707 genti-

649 2740 774 2797 bus,
806 2733 909 2787 boc
939 2742 1046 2798 est,
1067 2731 1118 2785 in
1144 2739 1323 2785 notam
1354 2738 1406 2784 et
1435 2730 1484 2782 in
1518 2729 1987 2800 reprehensionem
2020 2743 2203 2783 eorum

646 2825 734 2893 qui
766 2838 867 2876 non
895 2824 1136 2876 credunt.

721 3001 886 3056 Vens.
919 2999 1112 3064 l9,20.
1143 3017 1161 3050 ι
1208 2999 1275 3052 At
1321 3015 1442 3053 cum
1493 2998 1806 3052 tradiderint
1847 2997 1958 3068 49
1997 3015 2108 3062 vos,
2142 3013 2207 3051 ne

646 3099 762 3149 sitis
788 3097 998 3152 solliciti
1039 3094 1305 3164 quomodo
1336 3100 1429 3145 aut
1458 3092 1583 3159 quid
1622 3092 1947 3159 loquamini;
1995 3091 2205 3144 dabitur

645 3189 788 3239 enim
811 3187 961 3239 vobis
1004 3185 1056 3239 in
1106 3184 1192 3237 illa
1234 3185 1361 3236 hora
1408 3183 1532 3250 quid
1572 3181 1884 3251 loquamini.
1912 3179 2026 3235 Non
2062 3181 2203 3236 enim

647 3289 744 3329 vos
786 3276 920 3330 estis
970 3274 1042 3327 illi
1091 3275 1390 3342 loquentes,
1430 3273 1521 3324 sed
1554 3271 1788 3339 Spiritus
1833 3269 2008 3325 Patris
2043 3270 2203 3323 vestri

643 3367 734 3436 qui
804 3365 1038 3434 loquitur
1096 3365 1150 3418 in
1223 3364 1396 3418 vobis.
1445 3383 1462 3414 ι
1518 3362 1594 3418 Ne
1642 3364 1821 3418 dicant
1863 3379 1876 3416 :
1921 3360 2198 3427 Quomodo

645 3457 974 3524 persuadere
1025 3455 1316 3523 poterimus
1375 3454 1551 3506 idiotze.
1606 3453 1866 3519 sapientia
1915 3451 2200 3520 praeditos?

639 3549 792 3617 jubet
819 3545 1069 3599 ﬁduciam
1124 3543 1343 3606 habere,
1370 3555 1423 3598 et
1454 3544 1868 3598 sollicitudinem
1897 3544 2194 3612 deponere:

647 3653 770 3692 nam
889 3651 1011 3691 cum
1082 3635 1220 3689 inter
1299 3634 1484 3689 ﬁdeles
1567 3649 1871 3688 sermonem
1966 3632 2198 3687 habituri

643 3743 850 3790 sumus,
893 3729 1107 3795 dignum
1153 3734 1234 3779 est
1291 3735 1348 3779 ut
1402 3724 1856 3794 praemeditemur,
1911 3733 1965 3778 et
2021 3725 2195 3790 parati

644 3823 815 3873 simus
881 3819 945 3870 ad
1025 3815 1414 3880 defensionem,
1471 3815 1927 3885 quemadmodum
1997 3814 2191 3868 Petrus

643 3912 894 3966 admonet
928 3911 990 3962 ".
1025 3910 1167 3963 inter
1199 3910 1383 3962 turbas
1433 3918 1608 3962 autem
1647 3916 1700 3961 et
1731 3921 1882 3976 reges
1927 3905 2200 3960 insanien-

644 4013 724 4055 tes
774 4014 928 4054 suum
981 4001 1245 4067 promittit
1279 4001 1463 4065 tobur,
1489 4013 1557 4052 ne
1619 3997 1922 4051 timeamus.
1945 3994 2196 4049 Nostrum

642 4100 725 4142 est
788 4091 932 4142 enim
967 4090 1209 4143 confiteri
1242 4113 1253 4142 ;
1287 4090 1558 4157 sapienter
1613 4099 1790 4141 autem
1854 4088 2196 4156 respondere,

645 4179 758 4232 Dei.
784 4178 851 4231 Et
873 4193 938 4232 ne
970 4178 1260 4246 suspiceris
1297 4177 1593 4229 naturalem
1632 4189 1754 4229 ease
1785 4175 1837 4228 in
1863 4173 2200 4229 defendendo

646 4269 985 4333 industriam,
1021 4268 1241 4337 inquit:
1289 4265 1401 4320 Non
1431 4281 1526 4323 vos
1583 4267 1886 4333 loquimini,
1932 4268 2025 4321 sed
2084 4266 2202 4336 Spi-

648 4359 801 4412 ritus.

715 4445 877 4502 Vens.
905 4445 993 4503 21.
1030 4463 1047 4496 ι
1085 4445 1283 4499 Tradet
1308 4456 1486 4499 autem
1508 4444 1673 4498 frater
1709 4445 1930 4499 fratrem
1963 4445 2014 4499 in
2048 4460 2195 4500 mor-

647 4549 772 4602 tem,
819 4547 874 4590 et
934 4546 1085 4606 pater
1125 4537 1314 4598 lilium,
1371 4545 1423 4590 et
1475 4537 1752 4606 insut'gent
1809 4535 1900 4588 filii
1945 4537 2199 4590 adversus

646 4637 917 4692 parentes,
946 4640 999 4679 et
1025 4633 1194 4678 morte
1223 4623 1457 4677 afﬁcient
1481 4639 1590 4678 eos.
1636 4643 1654 4674 ι
1683 4625 1929 4678 Praedicit
1951 4627 2027 4679 eis
2044 4641 2205 4680 even-
2239 4661 2281 4716 υ

649 4729 788 4777 tura,
811 4731 878 4768 ne
915 4715 1200 4767 turbentur
1230 4729 1348 4767 eum
1381 4712 1696 4768 acciderint.
1736 4713 1984 4769 Ostendit
2022 4727 2199 4769 autem

647 4817 697 4859 et
733 4807 1130 4874 praedicationis
1159 4807 1289 4866 vim,
1320 4809 1585 4874 quomodo
1608 4818 1852 4861 naturam
1879 4807 2048 4877 ipsam
2071 4824 2203 4862 con-

648 4907 884 4948 temnere
936 4895 1119 4948 faciat.
1155 4895 1250 4949 llic
1296 4897 1439 4950 enim
1489 4897 1938 4951 Cbristianismus
1990 4909 2094 4962 est,
2150 4909 2203 4952 et

648 4987 922 5039 insaniant
967 4985 1175 5040 illorum
1209 4986 1426 5041 interim
1464 4987 1789 5054 manifestat,
1840 4992 1980 5058 quod
2029 5005 2201 5059 neque

651 5076 1000 5130 familiaribus
1031 5089 1271 5144 parcunt.

730 5167 886 5222 Vens.
936 5169 1028 5224 ‘22.
1089 5188 1104 5220 ι
1155 5171 1218 5224 Ει
1269 5173 1421 5226 eritis
1473 5171 1594 5226 odio
1645 5171 1810 5227 habiti
1858 5173 1926 5226 ab
1953 5174 2200 5228 omnibus

649 5269 866 5324 propter
919 5273 1107 5312 nomen
1161 5276 1356 5315 meum.
1396 5261 1493 5328 Qui
1553 5272 1728 5316 autem
1775 5265 2200 5332 perseveraverit

648 5363 814 5413 usque
843 5347 893 5399 in
926 5347 1108 5410 finem,
1140 5348 1224 5402 ltic
1257 5351 1435 5405 salvus
1468 5353 1593 5405 erit.
1639 5370 1656 5402 ι
1691 5353 1770 5404 Ab
1800 5353 2068 5416 omnibus,
2100 5353 2200 5406 boc

646 5448 743 5497 t'rl,
777 5453 806 5489 a
837 5438 1034 5492 multis.
1065 5438 1179 5493 Non
1207 5441 1347 5493 enim
1388 5456 1573 5497 omnes
1614 5440 1733 5498 illos
1761 5445 1883 5496 odio
1914 5460 2199 5512 perseque-

647 5532 839 5580 tmttur
883 5547 894 5580 :
931 5546 1050 5582 nam
1103 5532 1344 5585 nonnulli
1394 5544 1446 5587 et
1503 5535 1658 5588 fidem
1705 5548 2043 5602 acceperant.
2095 5536 2193 5601 Qui

644 5633 820 5671 autem
857 5636 1022 5688 usque
1054 5623 1105 5675 itt
1134 5626 1290 5677 linem
1329 5629 1770 5694 perseveraverit,
1804 5640 1854 5679 et
1883 5644 1986 5681 non
2022 5630 2193 5683 solum

646 5713 927 5773 ιιιι·ορριιι,
971 5712 1053 5765 ille
1078 5723 1291 5767 adorna:
1327 5715 1442 5767 vita:
1480 5719 1745 5788 particeps
1780 5722 1900 5771 erit.

714 5826 757 5855 “
793 5827 812 5879 Ι
848 5826 991 5884 Pctr.
1027 5846 1106 5884 ιιι.

2311 2006 2543 2076 βασιλεῖς
2573 2007 2873 2077 ἀχθήσεσθε
2915 2008 3099 2058 ἕνεκεν
3147 2008 3301 2076 ἐμοῦ,
3337 2012 3414 2069 είς
3451 2011 3751 2081 μαρτύριον
3780 2010 3880 2060 αὑ-

2309 2099 2421 2158 τοῖς
2451 2100 2540 2148 καὶ
2570 2102 2680 2159 τοῖς
2708 2097 2932 2148 ἔθνεσιν.
2973 2115 2990 2146 ι
3046 2097 3227 2167 Ὁρᾷς,
3275 2099 3430 2151 τοῦτό
3467 2101 3584 2150 ἐστι
3609 2100 3667 2152 τὸ
3695 2100 3890 2169 φρόνι-

2311 2205 2408 2256 μον
2439 2182 2595 2251 εῖναι,
2630 2189 2688 2239 τὸ
2713 2188 2998 2258 προσέχειν
3039 2187 3130 2239 καὶ
3166 2190 3237 2256 μὴ
3263 2188 3460 2240 διδόναι
3487 2190 3741 2259 ἀφορμὴν
3772 2193 3888 2253 τοῖς

2308 2278 2521 2331 θέλουσι
2579 2278 2802 2341 Θλίόειν,
2864 2277 2996 2331 ἀλλὰ
3051 2283 3328 2346 φρονίμως
3378 2279 3596 2330 διοικεῖν
3631 2279 3700 2332 τὰ
3756 2277 3887 2332 καθ’

2308 2370 2562 2430 ἑαυτούς·
2596 2368 2661 2421 ἂν
2701 2371 2957 2439 χρήματα
2989 2369 3116 2437 οέλῃ
3159 2371 3184 2420 6
3211 2367 3441 2434 διώκων,
3477 2369 3542 2427 ἂν
3573 2368 3761 2439 τιμὴν,
3794 2370 3887 2431 δὸς

2309 2461 2392 2512 ἴνα
2425 2459 2500 2528 μὴ
2527 2460 2623 2530 ἔχῃ
2650 2461 2938 2529 ἀφορμήνο
2982 2461 3046 2512 ἂν
3099 2459 3155 2510 δὲ
3196 2459 3289 2528 τὴν
3321 2459 3504 2510 πίστιν
3556 2453 3889 2529 ἀφαιρῆται,

2308 2549 2540 2618 φύλαττέ
2598 2567 2690 2602 σου
2734 2550 2832 2616 τὴν
2879 2550 3140 2618 κεφαλήν.
3175 2550 3250 2600 Οὑ
3285 2549 3444 2616 μόνον
3473 2546 3532 2600 δὲ
3566 2548 3701 2616 πρὸς
3753 2550 3892 2600 ἰου-

2306 2641 2486 2702 δαίους
2515 2641 2756 2707 πέμπειν
2787 2638 2968 2708 μέλλει
2993 2640 3118 2702 τοὺς
3149 2637 3420 2708 μαθητὰς,
3455 2637 3588 2692 ἀλλὰ
3616 2638 3711 2690 καὶ
3742 2640 3888 2709 πρὸς

2303 2733 2374 2784 τὰ
2404 2731 2551 2800 ἔθνη,
2577 2731 2654 2782 διὸ
2683 2732 2773 2783 καὶ
2795 2730 2965 2797 λέγει,
2994 2732 3086 2793 Είς
3118 2730 3416 2800 μαρτύριον
3445 2730 3628 2790 αὑτοῖς
3651 2729 3890 2792 καὶτοῖς

2307 2822 2507 2886 ἔθνεσι,
2538 2821 2812 2874 τουτέστιν
2846 2823 2924 2881 είς
2965 2824 3183 2888 ἔλεγχον
3234 2821 3412 2873 αὑτῶν
3466 2820 3540 2890 μὴ
3594 2821 3890 2876 mssa-adv-

2305 2934 2433 2972 των.
3725 2905 3734 2910 Δ

2383 3027 2399 3057 ι
2434 3008 2597 3060 Ὅταν
2630 3007 2685 3059 δέ
2715 3007 3082 3074 παραδιδῶσιν
3140 3009 3306 3078 ὑμᾶς,
3369 3008 3444 3078 μὴ
3504 3006 3889 3078 μεριμνήσητε

2307 3098 2422 3160 πῶς
2453 3099 2484 3167 ἢ
2519 3099 2569 3150 τί
2619 3099 2910 3168 λαλήσητε,
2970 3099 3255 3170 δοθήσεται
3305 3100 3412 3169 γὰρ
3443 3100 3570 3168 ὑμῖν
3603 3102 3660 3151 ἐν
3695 3101 3896 3172 ἐκείνῃ

2304 3190 2369 3258 τῇ
2399 3188 2517 3259 ὥρᾳ
2537 3189 2588 3241 τί
2620 3187 2911 3258 λαλήσητε.
2951 3191 3021 3242 Οὑ
3061 3191 3168 3260 γὰρ
3201 3191 3358 3259 ὑμεῖς
3389 3192 3512 3243 ἐστε
3559 3191 3607 3242 οἱ
3657 3190 3892 3242 λαλοῦν-

2304 3295 2418 3344 τες,
2457 3279 2592 3332 ἀλλὰ
2629 3280 2686 3332 τὸ
2711 3279 2935 3349 Πνεῦμα
2982 3280 3074 3332 τοῦ
3116 3282 3328 3351 Πατρος
3361 3281 3535 3351 ὑμῶν,
3571 3280 3629 3332 τὸ
3685 3280 3894 3332 λαλοῦν

2306 3371 2364 3421 ἐν
2394 3371 2543 3438 ὑμῖν.
2602 3387 2620 3420 ι
2668 3370 2787 3422 Ἷνα
2844 3370 2919 3439 μὴ
2954 3369 3170 3433 εἴπωσι,
3209 3373 3317 3423 Kal
3377 3371 3488 3433 πῶς
3541 3372 3891 3439 δυνησόμεθα

2305 3463 2485 3513 πεῖσαι
2515 3461 2710 3529 σοφοὺς
2737 3461 2940 3514 ἰδιῶται
2968 3461 3154 3528 ὄντες;
3205 3462 3414 3516 κελεύει
3474 3463 3722 3534 ὂαρῤεῖν,
3783 3466 3885 3515 καὶ

2311 3551 2384 3620 μὴ
2429 3554 2699 3622 μεριμνᾷν
2734 3568 2745 3580 ·
2782 3555 2910 3604 ὅταν
2947 3553 3043 3620 μὲν
3075 3554 3183 3622 γὰρ
3235 3554 3522 3622 μέλλωμεν
3552 3553 3760 3622 μεταξὺ
3795 3569 3882 3604 mw

2310 3642 2449 3694 στῶν
2475 3642 2837 3711 διαλέγεσθαι,
2889 3644 2968 3696 δεῖ
3023 3647 3166 3712 ἡμᾶς
3218 3645 3578 3715 προμελετᾷν,
3613 3646 3706 3697 καὶ
3741 3647 3892 3697 ἐτοί-

2309 3750 2440 3802 μους
2465 3730 2599 3786 εἶναι
2631 3735 2766 3803 πρὸς
2795 3734 3111 3801 ἀπολογίαν,
3161 3736 3236 3796 ὡς
3269 3737 3296 3787 6
3327 3734 3528 3803 Πέτρος
3583 3739 3890 3806 παραινεῖ·

2308 3825 2509 3893 μεταξὺ
2533 3825 2588 3877 δὲ
2617 3825 2787 3894 ὄχλων
2817 3826 2908 3878 καὶ
2943 3825 3203 3895 βασιλέων
3238 3829 3602 3896 μαινομέηων,
3629 3827 3726 3894 τὴν
3751 3827 3894 3877 ἐαυ-

2304 3914 2396 3966 τοῦ
2423 3916 2761 3985 ὑπισχνεῖται
2803 3917 2976 3986 ἰσχὺν,
3039 3917 3124 3969 ἵνα
3178 3915 3253 3986 μὴ
3284 3915 3610 3986 φοϐηθῶμεν
3635 3934 3649 3947 ο
3686 3917 3751 3968 τὸ
3782 3918 3894 3985 μὲν

2304 4004 2414 4075 γὰρ
2442 4007 2744 4075 ὁμολογεῖν,
2773 4007 3041 4076 ἡμέτερον
3063 4023 3076 4035 ο
3105 4006 3164 4058 τὸ
3179 4006 3235 4058 δέ
3258 4006 3437 4074 σοφῶς
3467 4007 3893 4074 ἀπολογεῖσθαι,

2305 4096 2460 4150 Θεοῦ.
2496 4097 2603 4150 Kal
2627 4099 2713 4150 ἵνα
2745 4098 2819 4168 μὴ
2851 4097 3126 4168 ὑπολάϐῃς
3157 4099 3236 4151 ὅτι
3273 4099 3474 4168 φυσική
3503 4101 3650 4152 ἐστιν
3677 4100 3708 4168 ἡ
3744 4102 3894 4168 πρὸς

2306 4188 2402 4252 τὰς
2431 4189 2722 4257 ἀπολογίας
2754 4189 3144 4258 ἐπιτηδειότης,
3197 4191 3381 4258 φησὶν,
3416 4190 3527 4258 Οὑχ
3577 4189 3738 4259 ὑμεῖς
3784 4191 3893 4241 λα-

2306 4281 2470 4343 λεῖτε,
2507 4281 2639 4332 ἀλλὰ
2669 4281 2728 4331 τὸ
2765 4279 3003 4349 Πνεῦμα.

2382 4472 2400 4504 ι
2447 4454 2764 4524 Παραδώσει
2803 4457 2857 4509 δὲ
2887 4456 3114 4526 ἀδελφὸς
3148 4454 3375 4524 ἀδελφὸν
3406 4457 3484 4519 είς
3509 4456 3762 4521 Θάνατον,
3793 4463 3897 4512 καὶ

2309 4546 2490 4615 πατὴρ
2515 4545 2724 4600 τέκνον.
2747 4548 2852 4599 Kal
2880 4548 3350 4618 ἐπαναστήσονται
3370 4548 3533 4600 τέκνα
3565 4549 3656 4600 ἐπὶ
3679 4553 3898 4614 γονεῖς,

2307 4635 2397 4688 καὶ
2429 4635 2829 4688 (θανατώσουσιν
2853 4638 3066 4700 αὑτούς.
3102 4657 3118 4688 ›
3151 4639 3410 4707 ιΙρολέγει
3434 4639 3616 4701 αὑτοῖς
3649 4639 3716 4691 τὰ
3748 4657 3900 4711 συμ-

2308 4727 2606 4798 6ησόμενα,
2651 4729 2736 4780 ἵνα
2771 4731 2900 4783 ὅταν
2937 4733 3224 4796 γένωνται,
3263 4730 3338 4800 μὴ
3373 4729 3748 4800 Θορυὸηθῶσι·
3777 4733 3900 4784 δεί-

2308 4806 2558 4872 κνυσῖδέ
2606 4821 2700 4873 καὶ
2731 4821 2829 4892 τὴν
2887 4821 2980 4874 τοῦ
3039 4823 3394 4892 κηρύγματος
3449 4823 3702 4889 δύναμιν,
3769 4826 3902 4889 πῶς

2307 4913 2452 4962 ποιεῖ
2479 4915 2838 4982 καταφρονεῖν
2882 4914 2981 4982 τῆς
3016 4915 3257 4983 φύσεως·
3296 4913 3532 4976 τοιοῦτος
3562 4915 3669 4985 γὰρ
3692 4915 3719 4966 6
3750 4916 3900 4987 Χρι-

2312 5002 2626 5071 στιανισμὸς
2648 5021 2661 5033 θ
2694 5003 2828 5056 ἀλλὰ
2858 5007 2949 5056 καὶ
2978 5006 3075 5075 τὴν
3103 5007 3302 5073 μανίαν
3335 5006 3560 5058 ἐκείνων
3601 5007 3896 5076 ἐμφαίνει,

2308 5096 2389 5146 ὄτι
2420 5095 2537 5147 οὑδέ
2563 5095 2668 5148 τῶν
2702 5096 3044 5149 οἰκειοτάτων
3085 5098 3384 5165 φείσονται.

2384 5205 2401 5236 ι
2444 5188 2550 5240 Καὶ
2579 5186 2766 5239 ἔσεσθε
2801 5190 3116 5258 μισούμενοι
3144 5190 3250 5242 ὑπὸ
3280 5191 3495 5244 πάντων
3517 5192 3607 5245 διὰ
3626 5194 3685 5248 τὸ
3711 5195 3903 5266 ὄνομά

2306 5294 2405 5345 μου
2427 5295 2439 5307 ο
2469 5280 2496 5330 6
2527 5279 2582 5331 δέ
2627 5279 2924 5347 ὑπομείνας
2976 5283 3052 5344 είς
3087 5282 3256 5345 τέλος,
3287 5278 3438 5346 οὗτος
3491 5285 3824 5356 σωθήσεται.
3876 5313 3896 5344 ›

2306 5368 2377 5418 T6
2406 5367 2509 5418 ὑπὸ
2537 5367 2773 5430 πάντων,
2810 5369 2930 5421 ἀντὶ
2963 5371 3077 5432 τοῦ,
3108 5371 3213 5423 ὑπὸ
3244 5374 3474 5431 πολλῶν.
3499 5377 3574 5429 Οὑ
3604 5381 3712 5446 γὰρ
3749 5381 3905 5433 πάν-

2305 5474 2392 5517 τες
2425 5457 2648 5526 ἐμίσουν
2675 5459 2894 5520 αὑτούς.
2928 5455 3105 5514 Ἦσαν
3135 5461 3243 5532 γὰρ
3272 5464 3363 5516 καὶ
3392 5465 3443 5515 oi.
3496 5467 3903 5538 παραδεξάμε-

2305 5565 2382 5599 νοι
2405 5549 2502 5615 τὴν
2528 5547 2741 5600 πίστινσ
2776 5551 2802 5600 6
2830 5549 2884 5601 δέ
2935 5548 3060 5619 ἄχρι
3088 5552 3277 5613 τέλους
3319 5553 3643 5622 ὑπομεῐνας,
3677 5559 3776 5610 καὶ
3814 5564 3910 5632 μὴ

2307 5640 2363 5689 ἐν
2392 5642 2456 5708 τῇ
2485 5641 2623 5708 ἀρχῇ
2655 5640 2835 5708 μόνον,
2862 5641 3064 5703 ἐκεῖνος
3092 5642 3190 5710 τῆς
3220 5644 3440 5697 αἰωνίου
3473 5647 3686 5713 μεθέξει
3713 5648 3832 5719 ζωῆ
