4004 6414
150 363 235 426 Ξέὲ
790 366 1231 427 ENARRATIU
1261 364 1341 424 IN
1372 359 1746 424 EVANGELI

1865 358 1869 416 ί
1914 354 2298 416 ΜΑῚῚῚΙΕΙ.
2328 379 2402 390 -
2435 355 2590 414 CAP.
2632 351 2736 413 ΧΓ.

3306 346 3418 408 Si?

215 499 231 530 ι
271 481 448 532 Ὅταν
473 479 528 532 δὲ
555 478 829 532 διώκωσιν
859 481 1001 549 ὑμᾶς
1021 483 1078 533 ἐν
1105 483 1170 549 τῇ
1201 480 1353 531 πόλει
1388 477 1580 546 ταύτῃ,
1599 471 1731 544 φεύ-

1910 473 2074 527 Vens.
2110 473 2199 528 23.
2248 492 2265 524 ι
2303 471 2438 528 Cum
2473 481 2652 524 autem
2691 483 2785 523 vos
2814 465 3013 520 fuerint
3054 466 3321 534 persecuti
3363 467 3418 519 in

148 591 260 640 τετε
290 578 374 638 εἰς
406 573 510 643 τὴν
543 571 735 639 ἄλλην.
787 574 961 644 Ἀμὴν
995 574 1140 640 λέγω
1182 573 1332 641 ὑμῖν,
1388 573 1449 624 ού
1487 570 1560 639 μὴ
1583 568 1734 621 τελέ-

151 684 268 736 σητε
303 667 408 728 τὰς
443 666 629 728 πόλεις
653 665 747 719 τοῦ
791 666 1008 735 Ἰσραὴλ
1036 665 1142 729 ἕως
1173 665 1239 718 ἂν
1265 665 1394 735 ἔλθῃ
1426 665 1454 718 6
1479 662 1607 726 Υἱὸς
1635 660 1729 715 τοῦ

149 755 458 824 ἀνθρώπου.
511 773 530 804 ι
572 755 655 807 Τὰ
688 755 788 824 μὲν
812 755 926 808 ἄνω
953 753 1209 822 ρηθέντα,
1245 751 1477 823 φοϐερκέι.
1509 745 1621 802 οἷον
1647 749 1728 812 τὸ,

150 846 582 916 Παραδώσουσιν
641 846 812 913 ὑμᾶς,
853 844 945 898 καὶ
988 845 1070 909 τὸ,
1105 842 1334 896 Ἐσεσθε
1388 840 1728 911 μισούμενοι,

148 941 264 1005 περὶ
289 937 409 990 τῶν
445 937 588 1006 μετὰ
617 937 720 1008 τὴν
759 936 1052 1006 ’Δνάληψιν
1087 931 1521 1004 συμϐησομένων
1546 926 1687 1001 ἦσαν
1715 945 1730 960 ·

156 1033 208 1084 τὸ
237 1031 295 1082 δέ
323 1030 427 1081 νῦν
463 1031 783 1100 λεγόμενον,
811 1029 940 1098 περὶ
967 1027 1075 1081 τῶν
1104 1027 1210 1097 πρὸ
1233 1026 1325 1079 τοῦ
1364 1023 1622 1094 σταυροῦ.
1656 1021 1730 1076 Οὐ

148 1122 213 1189 μὴ
231 1121 347 1190 γὰρ
377 1122 643 1190 τελέσητε
682 1122 782 1184 τὰς
802 1121 985 1183 πόλεις
1013 1119 1107 1172 τοῦ
1147 1118 1365 1188 Ἰσραὴλ
1387 1116 1730 1184 διωκόμενοι,

145 1213 230 1264 ναὶ
248 1213 423 1276 εὐθὺς
455 1213 758 1282 ἐλεύσομαι
790 1213 929 1282 πρὸς
961 1212 1122 1281 ὑμᾶς.
1158 1210 1389 1264 Κελεύει
1425 1208 1481 1262 δὲ
1509 1207 1734 1275 φεύγειν

143 1305 538 1371 διωκομένους.
606 1304 680 1357 Τὸ
709 1305 816 1374 γάρ
865 1303 1146 1372 προδήλως
1179 1301 1390 1372 ῥίπτειν
1419 1299 1612 1354 ἑαυτὸν
1653 1302 1734 1362 εἰς

147 1396 413 1461 κίνδυνον,
460 1397 558 1449 καὶ
601 1397 774 1449 αἴτιον
820 1394 1065 1462 γίνεσθαι
1096 1393 1474 1464 κατακρίσεως
1503 1393 1616 1454 τοῖς
1641 1408 1736 1459 (po-

144 1493 383 1555 νευταῖς,
417 1491 518 1542 καὶ
549 1488 782 1559 ζημιοῦν
817 1490 944 1551 τοὺς
978 1487 1267 1558 μέλλοντας
1299 1485 1624 1556 ὠφελεῖσθαι
1648 1485 1734 1539 διὰ

145 1579 229 1632 τοῦ
271 1579 666 1648 κηρύγματος,
695 1577 1001 1632 διαϐολικόν
1035 1578 1151 1631 ἐστι
1179 1594 1192 1607 ·
1228 1577 1290 1629 τὸ
1325 1575 1456 1645 γοῦν
1496 1575 1642 1637 Ἕως
1670 1574 1736 1628 ἂν

146 1669 268 1742 non
320 1672 352 1722 6
383 1670 518 1732 Tib;
567 1668 662 1722 τοῦ
704 1667 1019 1740 ἀνθρώπου,
1053 1668 1126 1738 μὴ
1167 1667 1426 1735 περὶτῆς
1477 1664 1738 1735 δευτέρας

147 1759 459 1830 παρουσίας
491 1759 695 1831 νοήσῃς
717 1799 732 1822 ,
773 1758 912 1812 ἀλλὰ
952 1757 1082 1827 περὶ
1114 1756 1212 1826 τῆς
1243 1755 1348 1826 πρὸ
1377 1754 1471 1808 τοῦ
1500 1753 1736 1826 σταυροῦ

1835 571 2059 624 civitate
2093 568 2216 631 hac,
2248 567 2414 636 fugite
2445 565 2498 618 in
2529 564 2705 618 aliam.
2745 563 2915 616 Amen
2947 559 3066 612 dico
3104 559 3280 619 vobis,
3311 574 3416 612 neu

1835 661 2343 735 perambulaveritis
2388 673 2578 714 omnes
2609 656 2858 712 civitates
2893 652 3076 713 lsrael,
3110 652 3281 705 donec
3313 665 3412 703 ve-

1837 759 1949 812 niat
1985 756 2154 810 Filius
2189 752 2444 808 hominis.
2481 771 2498 801 ι
2533 748 2662 815 Quae
2695 763 2858 816 supra
2895 744 3037 799 dicta
3074 754 3219 805 sunt,
3253 742 3414 796 terri-

1836 850 2171 904 bilia-erant
2209 865 2220 899 :
2261 855 2318 899 ut
2353 845 2496 912 quod
2537 841 2754 896 tradent
2787 853 2904 902 vos,
2945 848 2998 890 et
3055 836 3210 890 eritis
3263 833 3412 893 odio,

1835 953 1957 1012 post
1999 939 2118 1008 ejus
2167 937 2550 992 Ascensiouem
2606 933 2784 988 futura
2815 937 3016 986 erant:
3059 926 3202 996 quod
3239 935 3419 979 autem

1838 1046 2001 1098 nunc,
2032 1029 2228 1085 dicitur
2260 1028 2324 1082 de
2365 1026 2450 1081 his
2506 1041 2627 1096 quae
2662 1034 2786 1077 ante
2812 1036 3051 1078 erucem.
3101 1018 3220 1073 Non
3271 1017 3416 1071 enim

1837 1121 2344 1193 perambulaveritis
2373 1120 2622 1175 civitates
2645 1117 2812 1173 Israel
2843 1115 2894 1171 in
2922 1111 3415 1184 persccutionihus,

1836 1224 1891 1272 et
1940 1217 2123 1271 statim
2173 1213 2386 1269 veniam
2419 1213 2486 1267 ad
2521 1226 2636 1267 vos.
2672 1207 2836 1264 Jubet
2888 1215 3068 1260 autem
3111 1203 3299 1272 fugere
3333 1219 3426 1256 eos

1837 1308 1929 1380 qui
1963 1316 2383 1378 persequuntur.
2428 1303 2716 1357 Enimvero
2758 1311 2962 1355 temere
3021 1311 3080 1351 se
3126 1295 3178 1349 in
3214 1295 3431 1362 pericu-

1840 1401 1949 1454 lum
1977 1399 2222 1468 injicere,
2257 1404 2312 1451 et
2339 1406 2616 1450 auctorem
2658 1392 2771 1446 fieri
2817 1387 3288 1445 condemnatiouis
3327 1386 3428 1440 ho-

1841 1492 2076 1558 micidis,
2115 1498 2171 1556 et
2203 1491 2400 1545 damno
2431 1501 2550 1542 esse
2600 1486 2687 1542 his
2714 1483 2912 1555 quibus
2951 1497 3045 1552 per
3081 1479 3430 1551 pnedicatiu-

1843 1600 1962 1639 nem
1996 1583 2253 1652 prodesse
2291 1589 2529 1652 poterat,
2555 1578 2884 1633 diabolicum
2913 1585 3015 1630 est.
3050 1575 3230 1628 Donec
3259 1573 3439 1627 veniat

1841 1674 2012 1730 Filius
2044 1674 2299 1734 hominis,
2350 1688 2454 1727 non
2486 1673 2553 1727 de
2592 1671 2831 1725 secundo
2877 1670 3110 1722 adventu
3138 1665 3433 1736 intelligas.

1846 1768 1939 1822 sed
1967 1767 2034 1822 de
2062 1775 2330 1822 conventu
2362 1774 2419 1819 et
2457 1763 2825 1818 consolatione
2856 1771 2982 1815 ante
3011 1773 3255 1815 crucem.
3288 1756 3438 1810 Missi

149 1852 444 1914 συνουσίας
471 1852 572 1905 καὶ
615 1850 988 1921 παραμυθίας.
1035 1848 1454 1911 Ἀποσταλέντες
1503 1849 1614 1919 γὰρ
1649 1847 1742 1902 καὶ

1865 1862 1991 1915 enim
2038 1861 2104 1914 ad
2135 1857 2567 1929 praedicandum,
2604 1856 2801 1910 iterum
2845 1855 2910 1908 ad
2951 1852 3227 1907 Christum
3261 1849 3438 1905 redie-

149 1945 517 2012 κηρύξαντες,
537 1944 716 2010 ,πάλιν
736 1942 1165 2014 ὑπεστράφησαν
1195 1942 1332 2011 πρὸς
1367 1942 1459 1994 τὸν
1482 1942 1739 2013 Χριστὸν,

147 2039 235 2088 καὶ
265 2037 521 2107 συνῆσαν
543 2037 710 2107 αύτῷ.

214 2149 233 2178 ι
283 2129 409 2181 Οὐκ
460 2127 579 2181 ἐστι
639 2127 889 2204 μαθητὴς
941 2127 1080 2197 ὑπὲρ
1107 2127 1199 2180 τὸν
1244 2124 1586 2186 διδάσκαλον,
1619 2121 1742 2176 οὐδὲ

145 2218 328 2282 δοῦλος
363 2219 514 2289 ὑπὲρ
542 2218 635 2271 τὸν
664 2218 855 2288 κύριον
901 2218 1096 2270 αὐτοῦ·
1129 2216 1365 2288 ἀρκετὸν
1409 2214 1488 2285 τῷ
1523 2214 1742 2284 μαθητῇ

149 2312 232 2365 ἵνα
253 2310 495 2381 γένηται
528 2311 604 2374 ὼς
633 2313 662 2364 6
692 2310 1012 2373 διδάσκαλος
1049 2310 1239 2371 αὑτοῦ,
1265 2309 1360 2362 καὶ
1386 2312 1412 2361 6
1445 2307 1635 2370 δοῦλος
1667 2306 1745 2371 ὡς

149 2404 400 2474 όκύριος
447 2402 642 2458 αὐτοῦ.
673 2421 691 2454 ι
731 2402 982 2456 Διδάσκει
1027 2402 1261 2454 ἐνταῦθα
1301 2399 1592 2470 ἀνέχεσθαι
1638 2397 1744 2452 τῶν

151 2495 391 2565 ῦὸρεων.
449 2495 514 2547 El
545 2495 655 2563 γὰρ
715 2493 828 2563 ἐγὼ
877 2495 905 2546 6
961 2493 1278 2555 διδάσκαλος
1332 2495 1426 2546 καὶ
1477 2493 1766 2562 δεσπότης-

152 2589 493 2657 ήνεσχόμην,
537 2585 720 2656 πολλῷ
787 2585 991 2654 μᾶλλον
1024 2586 1182 2654 ὑμεῖς
1243 2587 1291 2638 oi
1327 2584 1590 2654 'ttaOmal.
1653 2583 1748 2635 καὶ

152 2679 351 2732 εούλοι.
412 2679 659 2750 Ἐρωτᾷς
683 2678 739 2731 δὲ
767 2677 887 2740 πῶς
920 2695 1053 2746 φησι
1081 2678 1164 2741 τὸ,
1192 2677 1307 2729 Οὐκ
1357 2677 1471 2728 ἔστι
1501 2675 1749 2746 μαθητὴς

153 2771 289 2842 ὑπὲρ
323 2771 426 2823 τὸν
464 2769 811 2833 διδάσκαλον,
851 2770 986 2823 ὅπου
1017 2785 1080 2836 γε
1117 2768 1346 2830 πολλοὺς
1401 2766 1621 2838 ὁρῶμεν
1653 2784 1750 2835 μαι

155 2864 324 2932 Οητὰς
347 2862 645 2934 κρείττους
663 2862 772 2915 τῶν
792 2860 1166 2926 διδασκάλων;
1199 2859 1357 2914 Μάθε
1390 2857 1482 2911 οὖν
1513 2859 1614 2914 ὅτι.
1646 2858 1751 2920 ἓως

156 2952 216 3004 ἂν
243 2946 350 3006 ὦσι
387 2952 658 3023 μαθηταὶ,
694 2951 954 3014 ἐλάττους
996 2951 1103 3004 είσὶ
1137 2951 1246 3004 τῶν
1272 2949 1629 3014 διδασκάλων,
1657 2949 1752 3002 ἐὰν

155 3037 205 3090 6‘s
239 3039 536 3109 κρείττους
562 3039 853 3106 γένωνται,
893 3039 993 3091 ούκ
1021 3039 1100 3092 ἔτι
1130 3039 1315 3092 λοιπόν
1355 3041 1460 3091 εἰσι
1485 3040 1751 3110 μαθηταὶ,

1852 1963 1999 2018 runt,
2034 1960 2087 2008 et
2117 1966 2239 2007 cum
2275 1965 2341 2004 co
2373 1947 2680 2004 conversati
2715 1954 2862 2001 sunt.

1925 2137 2088 2191 Vnus.
2122 2133 2214 2188 ‘24.
2256 2150 2273 2184 ι
2314 2130 2432 2187 Non
2467 2141 2549 2186 est
2589 2127 2891 2198 discipulus
2938 2140 3098 2196 supra
3144 2135 3444 2195 praecepto-

1852 2242 1988 2292 rem,
2027 2238 2203 2293 neque
2241 2237 2436 2278 servus
2482 2235 2644 2291 supra
2671 2219 2951 2273 dominum
3005 2233 3160 2271 suum
3191 2233 3204 2269 :
3242 2216 3446 2270 sullicit

1853 2319 1996 2373 enim
2027 2304 2297 2386 discipulo
2322 2323 2384 2368 ut
2403 2313 2474 2368 sit
2502 2313 2642 2368 sicut
2663 2318 2968 2381 praeceptor
2995 2323 3147 2374 suus,
3171 2316 3225 2362 et
3253 2322 3447 2362 servus

1851 2409 1992 2466 sicut
2053 2408 2304 2463 dominus
2337 2420 2485 2460 suus.
2521 2423 2538 2454 ι
2579 2404 2747 2458 Docet
2772 2402 2874 2456 hoc
2920 2402 3035 2455 loco
3065 2397 3317 2454 ferendas
3366 2401 3449 2452 iu-

1849 2501 2041 2567 jurias.
2076 2499 2208 2553 Nam
2239 2497 2283 2552 si
2324 2511 2422 2568 ego
2455 2505 2758 2566 praeceptor
2790 2504 2843 2547 et
2876 2491 3138 2546 Dominus
3186 2489 3441 2548 sustinui,

1857 2592 2026 2646 multo
2055 2591 2229 2659 magis
2264 2603 2359 2642 vos
2394 2586 2641 2656 discipuli
2677 2595 2731 2640 et
2777 2585 2940 2639 servi.
2991 2581 3303 2650 Interrogas
3345 2595 3446 2631 au-

1858 2697 1964 2737 tem
1997 2682 2266 2752 quomodo
2302 2678 2459 2742 dicit,
2493 2675 2608 2732 Non
2638 2686 2721 2731 est
2755 2675 3051 2744 discipulus
3106 2689 3266 2742 supra
3303 2689 3445 2741 prm-

1855 2785 2152 2845 ceptorem,
2204 2787 2327 2828 cum
2375 2771 2654 2825 videamus
2697 2768 2894 2822 multos
2959 2765 3255 2835 discipulos
3309 2780 3448 2831 prae-

1858 2869 2168 2939 ceptoribus
2213 2865 2540 2920 antecellere
2564 2864 2586 2916 ?
2611 2861 2852 2931 lntellige
2885 2859 3049 2930 igitur
3083 2858 3228 2928 quod
3272 2858 3445 2910 donec

1861 2962 2060 3019 fuerint
2088 2958 2362 3030 discipuli,
2400 2959 2639 3010 minores
2673 2954 2780 3025 50
2813 2961 2974 3008 erunt
3002 2949 3446 3020 przec'cptoribus.

1862 3051 2003 3121 quod
2032 3054 2073 3106 si
2102 3049 2514 3121 prmstantiores
2544 3047 2764 3111 fuerint,
2802 3059 2910 3098 non
2940 3051 3102 3097 erunt
3140 3041 3251 3111 jam
3282 3040 3448 3094 disci-

157 3126 346 3198 ὦσπερ
377 3128 477 3181 καὶ
501 3130 527 3180 6
553 3127 758 3192 δοῦλος,
789 3128 895 3192 ἓως
926 3127 991 3181 ἂν
1072 3129 1278 3196 δοῦλος,
1300 3130 1400 3183 οὐκ
1432 3129 1580 3184 ἐστιν
1615 3132 1753 3204 ὑπὲρ

1865 3143 1972 3212 puli
2009 3160 2022 3197 :
2056 3141 2515 3212 quemadmodum
2544 3147 2600 3192 et
2621 3151 2820 3192 servus
2850 3133 3095 3204 quandiu
3132 3143 3214 3193 est
3239 3146 3452 3195 servus,

159 3219 245 3271 τὸν
271 3221 470 3290 κύριον
505 3219 698 3276 αὐτοῦ.
1581 3279 1583 3284 ,

231 3331 251 3363 ι
288 3313 350 3366 Εἰ
379 3312 476 3365 τὸν
538 3312 927 3385 οἰκοδεσπότην
996 3315 1325 3381 Βεελζεσοὺλ
1380 3319 1752 3384 ἀπεκάλεσαν,

163 3403 310 3474 πόσῳ
348 3403 562 3472 μᾶλλον
593 3406 721 3468 τοὺς
751 3407 1029 3468 οἰκιακοὺς
1049 3408 1248 3474 αὐτοῦ;
1309 3409 1401 3480 Μὴ
1459 3407 1552 3464 οὖν
1584 3412 1756 3482 c9061;-

163 3494 289 3564 θῆτε
342 3496 593 3558 αὐτοὺς,
627 3497 783 3549 οὐδὲν
811 3498 918 3570 γάρ
967 3499 1084 3552 ἐστι
1129 3501 1552 3572 κεκαλυμμένον
1605 3503 1633 3555 6
1658 3506 1760 3559 οὐκ

163 3585 720 3655 ἀποκαλυφθήσεται,
748 3588 842 3640 καὶ
869 3589 1107 3657 κρυπτὸν
1128 3589 1156 3642 6
1196 3591 1256 3642 οὐ
1295 3592 1700 3664 γνωσθήσεται.
1737 3617 1754 3648 ι

166 3678 626 3748 Παραμυθείσθε,
663 3679 852 3750 φησιν,
887 3680 995 3735 ἀπὺ
1024 3682 1132 3734 τῶν
1155 3683 1307 3752 ἐμῶν
1333 3700 1347 3714 ο
1411 3687 1461 3737 εἰ
1503 3688 1613 3758 γὰρ
1661 3689 1761 3758 ἐμὲ

167 3772 405 3842 ἄρχοντα
437 3771 551 3824 ’τῶν
581 3771 876 3842 δαιμονίων
908 3775 1196 3841 ἐκάλεσαν,
1242 3775 1296 3827 τί
1335 3776 1510 3832 δεινὸν
1539 3783 1586 3832 εἰ
1619 3781 1762 3851 ὑμᾶς

163 3865 484 3920 διαϐαλοῦσι
513 3866 642 3927 τοὺς
670 3865 904 3928 οἰκείους
923 3867 1045 3936 ἐμοί
1071 3885 1086 3931 ;
1113 3869 1410 3932 Οίκιακοὺς
1432 3871 1542 3942 γὰρ
1569 3875 1766 3938 αὐτοὺς

166 3963 452 4015 ἐκάλεσεν.
486 3960 630 4015 Ἀλλ’
660 3961 721 4014 ού
753 3960 995 4029 δούλους,
1016 3963 1116 4032 τὴν
1148 3964 1283 4034 πρὸς
1315 3967 1516 4030 αὐτοὺς
1550 3969 1767 4033 δεικνὺς

167 4055 504 4124 οἰκειότητα.
559 4052 722 4106 Ἀλλὰ
746 4052 1022 4125 θαρρεῖτε.
1053 4057 1126 4108 Οὐ
1158 4057 1266 4127 γὰρ
1317 4059 1351 4129 ἡ
1381 4059 1612 4128 ἀλήθεια
1638 4079 1768 4130 συγ-

169 4145 535 4217 κρυόἡσεται,
563 4144 680 4196 ἀλλ’
706 4145 734 4196 6
761 4144 954 4214 χρόνος
989 4146 1152 4212 δείξει
1196 4150 1291 4202 καὶ
1312 4149 1412 4220 τὴν
1445 4151 1601 4222 ὑμῶν
1633 4155 1766 4224 ἁρε-

171 4239 288 4310 τὴν,
315 4239 415 4292 καὶ
441 4236 543 4308 τὴν
576 4236 686 4290 τῶν
713 4237 1113 4294 διαὸαλλόντων
1163 4241 1388 4306 κακίαν,
1419 4243 1482 4295 οὐ
1514 4246 1621 4316 γάρ
1653 4249 1768 4303 ἐστι

173 4332 415 4401 κρυπτὴν
444 4331 473 4382 6
501 4329 564 4382 ού
594 4329 1005 4400 γνωσθήσεται·
1039 4331 1181 4385 ὥστε
1201 4333 1252 4386 εί
1277 4333 1371 4388 καὶ
1397 4334 1766 4404 διαϐαλοῦσιν,

172 4423 281 4476 631'
324 4420 564 4491 ὕστερον
593 4418 912 4490 γνωριοῦσικ
948 4419 1113 4489 ὑμᾶς.

245 4635 264 4666 ι
300 4617 367 4670 ’0
390 4615 544 4680 λέγω
571 4615 698 4681 ὑμῖν
728 4614 785 4665 ἐν
811 4614 876 4683 τῇ
918 4612 1128 4683 σκοτίᾳ,
1170 4610 1360 4664 εἴπατε
1407 4609 1465 4663 ἐν
1498 4609 1576 4680 τῷ
1609 4611 1769 4679 φωτί.

176 4707 330 4760 Καὶό
359 4708 444 4768 εἰς
477 4705 538 4757 τὸ
578 4703 671 4766 οὓς
693 4703 945 4766 ἀκούετε,
1000 4702 1277 4774 κηρύξατε
1318 4702 1410 4754 ἐπὶ
1445 4701 1556 4754 τῶν
1588 4704 1771 4774 δωμά-

177 4813 298 4851 των.
329 4815 348 4847 ι
391 4795 600 4862 Ἀπερ,
637 4795 793 4862 φησὶ,
835 4792 1020 4862 μόνοις
1051 4792 1180 4860 ὑμῖν
1237 4783 1414 4855 εἶπον,
1462 4791 1558 4843 καὶ
1587 4792 1644 4844 ἐν
1693 4794 1773 4846 ἐνὶ

177 4891 344 4957 τόπῳ,
373 4885 540 4939 τοῦτο
574 4885 684 4955 γάρ
719 4886 833 4938 ἐστι
857 4884 919 4937 τὸ
941 4883 1076 4954 πρὸς
1110 4883 1170 4936 τὸ
1209 4879 1302 4945 οὖς
1330 4883 1424 4936 καὶ
1453 4885 1510 4938 ἐν
1543 4886 1608 4954 τῇ
1641 4901 1770 4939 σκο-

178 4978 458 5047 τίᾳ,μετα
511 4976 830 5048 παρρησίας
881 4975 1127 5041 διδάξατε
1181 4974 1274 5028 καὶ
1341 4973 1768 5045 μεγαλοφὼνωςς

180 5071 315 5123 ὣστε
342 5068 560 5131 πάντας
597 5067 818 5128 ἀκούειν
868 5066 1042 5136 ὑμῶν.
1079 5063 1238 5119 Ἑπεὶ
1291 5065 1347 5118 δέ
1378 5069 1444 5136 τῇ
1485 5069 1771 5140 παρρησίᾳ

181 5163 397 5215 ἕπονται
421 5161 520 5214 καὶ
551 5157 807 5221 κίνδυνοι,
840 5159 1038 5226 ἐπάγει
1073 5175 1086 5189 °

252 5273 270 5305 ι
315 5254 426 5307 Καὶ
485 5250 558 5320 μὴ
599 5250 873 5322 φοϐηθῆτε
928 5251 1037 5305 ἀπὸ
1087 5252 1196 5305 τῶν
1243 5251 1679 5308 ἀποκτεινόντων
1710 5255 1772 5308 τὺ

187 5346 357 5412 σῶμα,
391 5344 494 5410 τὴν
536 5343 596 5395 δέ
620 5341 804 5413 ψυχὴν
835 5342 909 5412 μὴ
941 5342 1255 5412 δυναμένων
1289 5344 1632 5412 ἀποκτεῖναι,
1670 5363 1770 5415 φοι

187 5437 378 5506 δήθητε
409 5437 466 5490 δὲ
499 5435 704 5505 μᾶλλον
733 5434 825 5486 τὸν
850 5433 1146 5503 δυνάμενον
1165 5436 1257 5488 καὶ
1285 5435 1462 5508 ψυχὴν
1483 5436 1579 5489 καὶ
1610 5437 1775 5507 σῶμα

187 5529 446 5582 ἀπολέσαι
475 5529 532 5579 ἐν
551 5528 767 5599 γεέννῃ.
788 5545 804 5578 ι
839 5526 1090 5580 Διδάσκει
1119 5529 1214 5580 καὶ
1233 5526 1467 5582 θανάτου
1495 5547 1769 5599 καταφρο-

189 5621 289 5670 νεῖν
311 5635 326 5649 ·
368 5618 727 5688 φοϐερωτέρα
753 5617 884 5686 γὰρ,
919 5620 1105 5686 φησὶν,
1142 5621 1174 5689 ἡ
1203 5621 1260 5671 ἐν
1301 5620 1496 5692 γεέννῃ
1516 5621 1769 5684 κόλασις·

189 5711 229 5759 ’.ἱ
265 5711 356 5778 μὲν
395 5713 506 5783 γὰρ
562 5709 924 5773 θανατοῦντες
991 5710 1157 5780 μόνης
1241 5711 1443 5782 σαρκὸς
1492 5713 1772 5766 ποιοῦνται

197 5804 408 5873 ξὀρὶιν,
450 5804 543 5871 τὴν
573 5803 628 5854 δὲ
661 5801 842 5872 ’ζυχὴν
892 5803 1049 5873 τυχθιν
1083 5805 1172 5856 καὶ
1201 5804 1616 5873 εὐεργετοῦσιν·
1660 5807 1685 5858 ὁ
1717 5805 1774 5858 δὲ

1860 3251 1966 3290 non
1998 3237 2103 3289 erit
2127 3248 2289 3303 supra
2325 3233 2602 3287 dominum
2631 3244 2812 3287 suum.

1933 3327 2096 3382 Vens.
2125 3327 2214 3390 25,
2257 3325 2347 3380 26.
2385 3345 2403 3375 ι
2447 3323 2504 3379 Si
2565 3325 2741 3396 ipsum
2799 3322 3250 3394 patremfamilias
3292 3335 3453 3373 voca-

1861 3428 2057 3473 verunt
2088 3416 2418 3480 Beelzebub,
2464 3425 2666 3484 quanto
2704 3414 2875 3483 magis
2907 3413 3238 3469 domesticos
3262 3411 3406 3464 illius
3435 3409 3460 3462 τ

1862 3509 1940 3563 Ne
1969 3509 2136 3580 igitur
2165 3507 2400 3562 timeatis
2423 3519 2518 3561 eos
2549 3520 2562 3556 :
2600 3505 2735 3570 nihil
2764 3505 2912 3559 enim
2939 3514 3024 3559 est
3051 3513 3282 3566 tectum,
3310 3501 3456 3568 quod

1867 3619 1971 3658 non
2011 3602 2082 3656 sit
2121 3598 2475 3669 retegendum
2507 3615 2522 3652 :
2553 3607 2606 3652 et
2636 3596 2767 3650 nihil
2815 3594 3089 3651 occultum
3125 3595 3257 3664 qttin
3297 3593 3458 3667 futu—

1867 3709 1983 3748 rum
2018 3701 2076 3746 ut
2109 3692 2335 3747 sciatur.
2370 3709 2388 3741 ι
2430 3688 2893 3753 Consolationem,
2933 3686 3129 3755 inquit,
3163 3686 3398 3758 accipite
3431 3703 3459 3739 a
3503 3748 3511 3758 ν

1869 3798 1975 3837 me.
2011 3782 2066 3836 Si
2117 3780 2262 3836 enim
2304 3794 2392 3833 me
2425 3777 2725 3848 principem
2780 3776 3169 3832 dtemoniorum
3227 3791 3458 3831 meave-

1870 3883 2016 3938 runt,
2048 3873 2178 3942 quid
2207 3887 2368 3943 grave
2393 3872 2436 3926 si
2471 3878 2524 3926 et
2551 3885 2650 3926 vos
2677 3869 2977 3924 familiares
3017 3883 3165 3923 meos
3197 3866 3462 3924 c0uviciis

1873 3976 2056 4022 laxent
2084 3967 2116 4020 ?-
2141 3965 2480 4021 Domesticos
2529 3964 2742 4020 vocavit
2773 4003 2786 4025 ,
2855 3979 2959 4018 non
3013 3975 3197 4017 autem
3250 3976 3459 4021 servos,

1871 4075 2025 4115 suam
2059 4073 2188 4129 erga
2221 4058 2339 4114 illos
2366 4058 2654 4113 declarans
2696 4057 3148 4112 familiaritatem.
3191 4054 3296 4110 Sed
3328 4070 3459 4109 ron-

1873 4147 2044 4214 iidite,
2076 4147 2282 4203 veritas
2321 4161 2426 4202 non
2483 4147 2865 4211 occultabitur,
2905 4147 2998 4201 sed
3060 4157 3272 4216 tempus
3312 4160 3467 4199 reve-

1876 4237 2087 4292 labitet
2113 4245 2350 4292 vestram
2386 4238 2668 4303 virtutem,
2719 4246 2771 4293 et
2815 4237 3245 4292 conviciatorum
3302 4226 3461 4288 man-

1877 4330 2028 4384 tiam.
2063 4329 2207 4385 Nihil
2238 4329 2382 4385 enim
2414 4337 2500 4384 est
2545 4327 2844 4395 occultum,
2880 4329 3021 4397 quod
3077 4344 3181 4382 non
3230 4328 3460 4383 sciatur.

1876 4421 2029 4477 Licet
2083 4420 2247 4491 igitur
2297 4436 2442 4475 nunc
2503 4421 2832 4485 traducaut,
2879 4428 3059 4475 tamen
3131 4431 3318 4490 postea
3370 4435 3479 4474 vos.

1805 4520 1849 4575 ι)
1877 4514 2042 4568 etiam
2074 4512 2251 4567 claros
2285 4511 2532 4568 reddent.

1952 4606 2113 4661 Vsus.
2145 4607 2236 4663 27.
2279 4624 2297 4658 ι
2335 4605 2486 4673 Quod
2515 4606 2636 4662 dico
2663 4606 2817 4663 vobis
2847 4608 2898 4662 in
2940 4608 3198 4680 tenebris,
3229 4610 3332 4664 hoc
3377 4612 3465 4664 di-

1874 4701 1980 4755 cite
2021 4699 2074 4753 in
2108 4699 2226 4753 luce
2258 4715 2272 4752 :
2301 4708 2356 4752 et
2380 4699 2522 4768 quod
2554 4699 2606 4753 in
2658 4715 2849 4754 aurem
2896 4701 3117 4765 auditis,
3171 4701 3467 4770 praedicate

1876 4792 1927 4845 in
1967 4792 2144 4846 tectis.
2197 4808 2216 4841 ι
2258 4787 2314 4843 ld
2336 4791 2478 4858 quod
2511 4803 2758 4845 seorsum
2807 4790 2917 4844 diti
2974 4791 3146 4854 vobis,
3186 4803 3241 4846 et
3277 4793 3464 4846 inuno

1872 4885 2014 4947 loco,
2050 4886 2152 4938 hoc
2179 4897 2264 4938 est
2284 4883 2524 4948 enim,in
2556 4897 2741 4938 aurem
2794 4892 2849 4937 et
2886 4882 3230 4951 intenebris,
3297 4884 3468 4940 ﬁden-

1876 4989 1958 5033 ter
1996 4979 2186 5033 docete
2240 4985 2296 5029 et
2329 4989 2528 5046 magna
2562 4989 2716 5042 voce,
2771 4974 2844 5029 ita
2876 4983 2936 5030 ut
2984 4990 3174 5031 omnes
3225 4992 3322 5033 vos
3371 4994 3465 5031 au-

1875 5071 2046 5124 diant.
2089 5067 2224 5135 Quia
2285 5075 2466 5122 autem
2520 5067 2733 5123 dicendi
2785 5068 3098 5122 libertatem
3143 5079 3192 5123 et
3230 5069 3465 5138 pericula

1874 5169 2201 5228 sequuntur,
2235 5157 2418 5213 subdit
2457 5177 2469 5212 :

1948 5252 2112 5308 Vens.
2141 5252 2234 5309 28.
2278 5271 2296 5306 ι
2338 5252 2405 5307 Ει
2465 5267 2531 5309 ue
2585 5252 2818 5308 timeatis
2853 5253 2921 5307 ab
2955 5251 3041 5308 his
3071 5253 3160 5321 qui
3211 5255 3468 5309 occidunt

1879 5359 2114 5412 corpus,
2171 5345 2412 5400 animam
2465 5351 2648 5399 autem
2706 5357 2815 5398 non
2866 5353 3096 5414 possunt
3165 5346 3464 5400 occidere:

1879 5437 2064 5492 timete
2086 5449 2266 5491 autem
2307 5437 2479 5506 magis
2519 5450 2642 5490 eum
2676 5435 2766 5505 qui
2815 5443 2996 5504 potest
3021 5445 3076 5490 et
3119 5437 3361 5490 animam
3416 5446 3468 5490 et

1875 5543 2073 5598 corpus
2108 5529 2336 5598 perdere
2384 5527 2435 5580 in
2485 5527 2806 5598 gehennam.
2874 5548 2890 5579 ι
2931 5526 3097 5582 Docet
3134 5537 3187 5582 et
3235 5537 3464 5583 mortem

1878 5620 2347 5675 routemnemlaut.
2383 5617 2705 5673 Terribilius
2750 5619 2932 5683 enim,
2959 5619 3159 5690 inquit,
3203 5620 3466 5689 gehennae

1879 5711 2199 5780 supplicium
2243 5720 2348 5766 cst.
2383 5709 2486 5775 Qui
2532 5710 2674 5764 enim
2708 5710 2985 5772 occidunt,
3035 5710 3210 5765 solum
3269 5726 3469 5780 corpus

1883 5806 2166 5861 destruunt
2200 5845 2211 5868 ,

2282 5806 2474 5859 auium:
2535 5813 2714 5858 autem
2782 5802 3028 5859 fortassis
3099 5803 3446 5861 bcncfncluut
