4004 6418
160 331 256 396 273

814 333 1269 394 ENARRATIO
1300 335 1380 394 ΙΝ
1425 331 1934 394 EVANGELIUM
1972 336 2363 400 MATTHAZL
2402 361 2468 371 --
2495 338 2656 400 CAP.
2699 338 2844 400 XII.

3358 341 3462 406 274

159 444 240 495 δεῖ
264 439 518 494 ἐνταῦθα
569 440 740 510 ἡμᾶς,
789 442 871 495 ὅτι
919 445 1010 497 καὶ
1046 444 1188 513 ὑπὲρ
1238 444 1332 497 τοῦ
1378 445 1550 516 ἀργοῦ
1604 445 1736 513 λὸγο⁴

1871 445 2064 501 Terret
2100 449 2186 504 hic
2223 465 2340 515 nos,
2375 451 2632 520 quoniam
2664 461 2717 506 et
2748 467 2846 520 pro
2875 453 3054 510 otloso
3080 453 3248 509 verbo
3289 458 3463 518 ratio-

154 533 400 604 διὶισομεν
427 532 628 600 λόγον,
656 535 934 601 τουτέστι,
962 536 1056 588 τοῦ
1079 536 1330 605 ψευδοῦς,
1365 538 1458 592 τοῦ
1495 556 1764 607 συκοφαν-

155 626 324 689 rma-3,
352 626 386 695 ἢ
413 627 522 679 καὶ
545 627 642 678 τοῦ
671 629 910 680 ἀτάκτου
937 630 1028 682 καὶ
1057 629 1397 698 γελοιώδους.
1423 627 1554 685 Εἶτα
1578 633 1762 701 τίθησι

153 715 474 785 μαρτυρίαν
502 718 614 770 ἀπὸ
649 717 749 786 τῆς
774 718 1018 788 Γραφῆς,
1059 720 1144 773 ἵνα
1178 721 1254 792 μὴ
1281 722 1406 794 δόξῃ
1438 724 1616 777 οἰκεῖα
1639 741 1762 778 τινα

147 808 322 874 Ηγειν
354 825 370 837 ·
410 827 429 860 ι
457 809 559 862 Ἐκ
579 809 692 862 τῶν
721 811 898 881 λόγων
924 830 1014 866 σου
1043 813 1402 888 δικαιωθήσῃ,
1433 816 1528 869 καὶ
1559 817 1623 870 ἐκ
1653 817 1762 872 τῶν

145 899 314 967 λόγων
346 918 448 953 σου
478 902 955 977 καταδικασθήσῃ.
999 924 1017 956 ι

211 1007 228 1039 ι
271 990 422 1043 Τότε
455 991 854 1064 ἀπεκρίθησαν
904 1012 1047 1060 τινες
1091 996 1200 1051 τῶν
1236 1000 1616 1070 γραμματέων
1664 1003 1760 1056 καὶ

136 1081 484 1151 Φαρισαίων,
525 1083 814 1150 λέγοντες·
849 1087 1173 1156 Διδάσκαλε,
1213 1090 1453 1163 θέλομεν
1500 1097 1608 1149 ἀπὸ
1661 1096 1756 1150 σοῦ

137 1179 367 1245 σημεῖον
425 1177 586 1232 ἰδεῖν.
640 1199 658 1230 ι
698 1180 1007 1251 Θαυμάζων
1038 1185 1066 1237 6
1114 1185 1534 1259 εὐαγγελιστὴς,
1580 1207 1755 1261 προσ-

135 1267 298 1334 ἑθηκε
353 1268 445 1330 τὸ,
502 1269 652 1322 τότε.
691 1271 821 1324 Ὅτε
859 1273 966 1344 γὰρ
1010 1274 1354 1346 ὑποταγῆναι
1406 1279 1515 1332 ἔδει
1566 1281 1654 1335 διὰ
1686 1281 1756 1336 τὰ

133 1360 542 1427 προγεγονότα
587 1359 869 1429 θαύματα,
925 1365 1047 1418 τότε
1096 1370 1325 1438 σημεῖον
1379 1370 1656 1426 αίτοῦσιψ
1696 1373 1755 1439 ἐξ

128 1450 372 1520 οὖρανοῦ
404 1450 466 1503 δὲ
504 1450 760 1505 θέλουσιν
801 1454 931 1506 ίδεῖν
977 1460 1226 1528 σημεῖον,
1266 1459 1340 1524 ὡς
1377 1461 1537 1526 ἄλλος
1590 1465 1754 1534 εὐαγ-

127 1543 397 1613 γελιστὴς
445 1544 626 1612 λέγει.
681 1547 932 1600 Ἐδόκουν
971 1551 1100 1621 γὰρ,
1151 1553 1230 1606 ὅτι
1262 1555 1328 1608 τὰ
1375 1557 1468 1610 ἐπὶ
1517 1559 1615 1627 τῆς
1651 1560 1753 1630 γῆς

125 1636 420 1704 θαύματα,
481 1637 598 1690 ἀπὸ
652 1638 753 1705 τῆς
801 1640 894 1692 τοῦ
947 1643 1193 1696 διαϐόλου
1248 1646 1534 1717 δυνάμεως
1572 1644 1749 1704 ’ποιεῖ’

124 1730 552 1800 κοσμοκράτωρ
577 1732 689 1799 γὰρ
735 1733 760 1784 6
785 1733 1052 1798 διαδολος.
1097 1737 1162 1789 ΤΞ
1205 1735 1299 1791 οὖν
1326 1741 1353 1790 6
1381 1741 1606 1812 Σωτήρ;

197 1841 217 1871 ι
271 1823 337 1874 Ὁ
366 1823 453 1888 δὲ,
484 1824 816 1894 ἀποκριθεὶς
860 1822 1010 1879 εἶπεν
1043 1829 1229 1894 αὐτοῖς
1263 1848 1276 1860 ·
1322 1833 1490 1886 Γενεὰ
1534 1838 1748 1905 πονηρά
1782 1811 1823 1865 Β

125 1915 222 1965 καὶ
260 1915 542 1984 μοιχαλὶς
579 1919 811 1996 σημεῖον·
856 1917 1125 1990 ἐπιζητεῖ,
1177 1924 1271 1976 καὶ
1309 1929 1536 1995 σημεῖον
1565 1929 1625 1981 οὐ
1664 1929 1748 1982 δο-

117 2006 354 2074 θήσεται
393 2007 570 2075 αὐτῇ,
607 2009 658 2058 εί
681 2006 755 2076 μὴ
779 2008 840 2059 τὸ
871 2013 1098 2079 σημεῖον
1137 2013 1293 2067 Ἰωνᾶ
1309 2015 1405 2066 τοῦ
1435 2020 1741 2088 προφήτου.

117 2099 338 2168 Ὠσπερ
371 2099 493 2167 γὰρ
531 2093 600 2168 ἦν
650 2099 835 2163 Ἰωνᾶς
870 2103 926 2153 ἐν
946 2105 1010 2172 τῇ
1039 2105 1215 2177 κοιλίᾳ
1249 2107 1344 2160 τοῦ
1377 2111 1575 2179 κήτους
1597 2115 1746 2182 τρεῖς

121 2192 348 2259 ἡμέρας
415 2192 519 2244 καὶ
555 2194 706 2260 τρεῖς
746 2193 967 2260 νύκτας,
1001 2195 1174 2262 οὕτως
1223 2199 1378 2252 ἔσται
1433 2204 1525 2255 καὶ
1558 2205 1586 2256 6
1615 2204 1743 2269 Υἱὸς

113 2283 204 2334 τοῦ
245 2284 576 2355 ἀνθρώπου
620 2287 679 2336 ὲν
719 2289 788 2356 τῇ
826 2287 1025 2361 καρδίᾳ
1077 2290 1179 2361 τῆς
1213 2291 1319 2362 γῆς
1347 2298 1495 2365 τρεῖς
1531 2297 1743 2368 ἡμέρας

113 2379 204 2428 καὶ
263 2379 437 2448 τρεῖς
499 2376 732 2440 νύκτας.
777 2398 794 2431 r
843 2381 1092 2453 Πονηρὰν
1146 2383 1248 2452 μὲν
1296 2388 1491 2454 γενεὰν
1542 2391 1743 2455 αὐτοὺς

113 2470 287 2532 καλεῖ,
326 2470 415 2532 ὡς
449 2470 815 2538 ἐπηρεαστὰς
869 2473 964 2526 καὶ
1009 2475 1282 2547 δολερούς.
1321 2480 1629 2550 Μοιχαλίδα
1660 2483 1738 2552 δὲ,

109 2562 178 2622 ὡς
211 2561 662 2629 ἀφισταμένους
693 2563 802 2616 ἀπὸ
829 2563 922 2616 τοῦ
955 2565 1109 2632 Θεοῦ,
1147 2570 1238 2621 καὶ
1285 2568 1506 2640 δαίμοσι
1535 2573 1740 2627 κολλω·

116 2651 338 2718 μένους.
401 2652 654 2719 Σημεῖον
683 2653 741 2705 δὲ
773 2654 923 2722 λέγει
955 2657 1054 2727 τὴν
1106 2660 1408 2714 ἀνάστασιν
1442 2664 1631 2732 αὑτοῦ,
1663 2667 1739 2730 ὡς

111 2743 438 2811 παράδοξον
461 2761 476 2773 ⁸
525 2747 588 2797 ὲν
621 2749 726 2816 γὰρ
764 2749 828 2817 τῇ
863 2748 1060 2820 καρδίᾳ
1107 2751 1209 2820 τῆς
1264 2753 1388 2824 γῆς,
1423 2754 1503 2825 τῷ
1552 2774 1736 2811 κατω-

105 2837 250 2889 τάτω
284 2838 452 2903 λέγω
484 2837 669 2907 τόπῳ,
707 2837 784 2908 τῷ
812 2838 912 2912 ᾅδῃ
934 2840 1178 2911 δηλονότι
1207 2845 1476 2912 καταϐὰς,
1505 2850 1737 2920 τριήμε-

108 2944 194 2995 pe;
254 2929 520 2996 ἀνέστη·
578 2931 679 2992 τὰς
741 2934 890 3002 τρεῖς
943 2934 1000 2986 δὲ
1056 2935 1270 3007 ἡμέρας
1308 2941 1405 2992 καὶ
1452 2939 1552 3003 τὰς
1585 2947 1736 3012 τρεῖς

108 3021 342 3084 νζκτας,
411 3022 535 3074 ἀπὸ
592 3024 795 3093 μέρους
852 3026 1044 3095 νόησον
1103 3029 1198 3082 καὶ
1253 3029 1330 3101 μὴ
1378 3031 1727 3105 ὁλοκλήρους,

1869 552 1994 589 "CIII
2029 539 2209 593 daturi
2245 555 2452 605 sumus,
2493 541 2595 595 hoc
2627 549 2736 605 est,
2772 557 2870 612 pro
2907 544 3217 610 mendacio,
3249 545 3462 600 calum-

1869 630 1981 695 nia,
2017 639 2110 684 aut
2149 631 2312 684 etiam
2348 645 2447 700 pro
2479 631 2806 687 inordinatis
2846 643 2900 688 et
2945 634 3213 691 ridiculis.
3257 633 3464 692 Deinde

1868 721 2017 790 ponit
2041 723 2407 777 testimonium
2434 737 2500 778 ex
2527 722 2828 792 Scriptura,
2872 740 2941 780 ne
2971 725 3221 782 videatur
3237 729 3459 800 propria

1865 814 2064 867 dicere.
2095 811 2173 867 Ex
2197 815 2548 870 sermonibus
2582 816 2692 871 tuis
2711 815 3125 885 justiﬂcaberis,
3166 829 3222 875 et
3250 835 3316 875 ex
3342 835 3460 878 ser-

1866 906 2120 962 monibus
2154 904 2261 960 tuis
2288 908 2770 972 condemnaberis.

1935 996 2100 1051 \‘zas.
2142 996 2231 1053 38.
2270 993 2424 1053 Tunc
2457 1001 2859 1064 responderunt
2891 1001 3113 1071 quidam
3145 1016 3210 1057 ex
3259 1003 3461 1059 scribis

1861 1102 1916 1144 et
1946 1089 2260 1157 Pharisais,
2286 1092 2529 1147 dicentes
2554 1109 2569 1148 :
2600 1091 3154 1164 Megistenvolumus
3189 1097 3253 1149 ad
3298 1105 3350 1151 te
3379 1096 3459 1152 si-

1861 1193 2025 1246 gnum
2051 1179 2254 1235 videre.
2282 1197 2302 1231 ›
2325 1179 2616 1237 Admirans
2643 1184 2978 1254 evangelista
2998 1187 3270 1255 apposuit,
3302 1197 3448 1244 tunc.

1861 1268 1995 1324 Cum
2067 1274 2212 1326 enim
2260 1271 2483 1328 obedire
2537 1274 2662 1330 illos
2707 1285 2986 1346 oporteret
3033 1287 3253 1349 propter
3297 1282 3457 1350 signa

1857 1364 2243 1433 prtecedentia,
2279 1374 2406 1420 tunc
2449 1366 2662 1437 signum
2713 1378 2926 1437 petunt.
2973 1369 3049 1424 De
3089 1370 3231 1426 caelo
3269 1379 3451 1426 autem

1858 1457 2048 1512 volunt
2088 1457 2303 1528 signum
2336 1459 2525 1515 videre
2555 1461 2699 1516 sicut
2737 1461 2878 1516 alius
2914 1463 3251 1532 evangelista
3284 1464 3451 1521 dicit:

1858 1553 2119 1620 putabant
2152 1553 2297 1607 enim
2342 1554 2485 1622 quod
2527 1554 2679 1625 signa
2721 1571 2885 1624 super
2922 1566 3123 1610 terram
3185 1565 3455 1626 potestate

1855 1643 2059 1699 diaboli
2107 1645 2351 1700 faceret:
2400 1645 2587 1701 mundi
2635 1647 2779 1700 enim
2825 1658 3006 1704 rector
3041 1658 3122 1704 est
3182 1649 3450 1704 diabolus.

1860 1736 1997 1802 Quid
2033 1737 2198 1806 igitur
2219 1737 2289 1791 ad
2317 1737 2432 1792 haec
2463 1737 2753 1792 Salvator?

1930 1828 2091 1884 Vsus.
2126 1829 2216 1896 59,
2247 1829 2336 1885 40.
2371 1849 2390 1881 ‹
2433 1833 2499 1884 At
2539 1832 2625 1886 ille
2657 1835 2997 1901 respondens
3026 1835 3162 1889 dixit
3187 1836 3314 1892 illis:
3340 1836 3450 1892 Ge-

1853 1925 2066 1977 neratio
2099 1939 2264 1992 prava
2297 1933 2352 1979 et
2382 1924 2625 1980 adultera
2651 1925 2865 1995 signum
2895 1929 3112 1995 qurerit,
3146 1939 3193 1983 et
3233 1934 3452 1998 signum

1852 2029 1958 2068 non
1991 2016 2211 2069 dabitur
2239 2015 2337 2081 illi,
2373 2017 2473 2071 nisi
2502 2017 2715 2086 signum
2746 2016 2896 2071 Jonze
2926 2020 3420 2087 prepltctw.Qnmn

1850 2108 2144 2162 admodum
2181 2110 2326 2163 enim
2385 2107 2486 2163 fuit
2536 2107 2702 2164 JOuas
2765 2110 2816 2164 in
2864 2120 3055 2164 ventre
3105 2113 3210 2166 ceti
3273 2113 3449 2167 tribus

1849 2201 2039 2256 diebus
2069 2216 2132 2257 ac
2164 2203 2338 2256 tribus
2365 2202 2644 2268 noctibus,
2678 2203 2762 2258 sic
2797 2204 2903 2257 erit
2931 2203 3099 2262 Filius
3130 2204 3367 2261 hominis
3393 2209 3448 2260 in

1847 2295 2012 2350 corde
2056 2305 2216 2351 terrm
2250 2295 2425 2352 tribus
2447 2296 2638 2351 diebus
2664 2307 2718 2351 et
2744 2298 2914 2350 tribus
2936 2297 3209 2354 noctibus.
3248 2318 3264 2352 ι
3309 2299 3448 2354 Pra-

1849 2402 1966 2440 vatn
2013 2388 2419 2457 generationem
2479 2397 2636 2443 vocat
2677 2403 2794 2454 eos,
2829 2389 2953 2455 quia
2990 2392 3177 2444 dolose
3230 2407 3448 2460 semper

1847 2480 2163 2535 tentabant:
2211 2479 2512 2535 adulteram
2561 2490 2767 2545 autem,
2816 2483 2946 2552 quia
2987 2484 3371 2542 desciscebattt
3415 2503 3443 2543 a

1852 2571 1978 2637 Deo,
2022 2582 2076 2625 et
2104 2571 2455 2626 adhzerebant
2491 2572 2848 2629 daemonibus.
2888 2574 3116 2646 Signum
3149 2587 3329 2632 autem
3359 2578 3447 2632 di-

1845 2665 1921 2720 cit
1946 2663 2407 2719 resurrectionem
2425 2677 2603 2727 suam,
2629 2671 2688 2718 ut
2711 2667 3110 2722 admirabilem.
3134 2666 3440 2741 Postquam

1843 2759 1987 2812 enim
2011 2757 2066 2810 in
2091 2771 2187 2812 cor
2212 2765 2393 2820 terrae,
2425 2756 2478 2809 in
2516 2756 2764 2811 intimum
2791 2758 3018 2831 inquam
3050 2761 3248 2828 locum,
3277 2764 3449 2819 infcr-

1843 2867 1970 2906 num
2018 2850 2251 2915 scilicet,
2297 2850 2599 2916 descendit,
2625 2852 2782 2907 tertio
2819 2853 2908 2908 die
2948 2855 3268 2909 resurrexit.
3305 2857 3442 2912 Tres

1843 2948 2022 2993 autem
2057 2939 2176 2995 dies
2211 2947 2265 2994 et
2306 2945 2419 2995 tres
2449 2948 2639 2995 noctes
2666 2956 2694 2994 a
2722 2951 2877 3011 parte
2905 2942 3199 3015 intelligas,
3233 2957 3290 3000 et
3329 2963 3434 3001 non

1841 3033 2100 3100 integras.
2134 3031 2383 3090 Mortuus
2414 3033 2559 3088 enim
2591 3041 2678 3089 est
2705 3033 2758 3088 in
2800 3033 3121 3101 Parasceve,
3170 3051 3289 3106 qua
3320 3040 3438 3109 ipsa

114 3115 398 3168 Ἀπέθανε
461 3115 575 3185 μὲν
601 3116 714 3188 γὰρ
748 3120 814 3188 τῇ
852 3126 1197 3193 παρασκευῇ,
1237 3124 1339 3190 μία
1365 3125 1504 3197 αὕτη
1549 3129 1736 3200 ἡμέρα

1850 3140 1948 3180 una
1973 3125 2090 3180 dies
2111 3133 2228 3180 est:
2262 3134 2318 3180 et
2359 3134 2606 3182 mortuus
2631 3124 2736 3181 fuit
2758 3124 3020 3189 Sabbato.
3055 3142 3183 3183 ecce
3234 3139 3287 3183 et
3331 3131 3440 3186 alia

103 3202 188 3276 ἦν’
228 3209 331 3260 καὶ
367 3205 456 3275 τῷ
507 3207 782 3278 Σαϐϐάτῳ
817 3215 1029 3282 νεκρὸς,
1080 3215 1186 3272 ίδοὺ
1220 3220 1317 3270 καὶ
1351 3219 1486 3290 ἄλλη
1516 3221 1724 3293 ἡμέρα·

103 3300 192 3351 καὶ
219 3301 254 3369 ἡ
287 3299 402 3363 νὺξ
434 3300 496 3352 δὲ
531 3300 634 3370 τῆς
685 3303 992 3371 Κυριακῆς,
1030 3305 1108 3359 ἔτι
1143 3310 1336 3381 νεκρὸν
1391 3313 1554 3367 αὑτὸν
1600 3333 1732 3369 κατ-

103 3393 282 3447 έλαϐε.
317 3393 480 3464 Τρία
509 3388 610 3445 οὖν
640 3395 1012 3466 ήμερονύκτια
1043 3400 1150 3454 ἀπὸ
1183 3405 1384 3472 μέρους
1427 3407 1729 3477 ἀριθμοῦν-

101 3501 209 3539 ται.
259 3485 441 3539 Ἐπεὶ
473 3485 580 3537 καὶ
614 3485 788 3551 οὕτως
816 3480 1089 3562 ἑίώθαμεν
1145 3495 1411 3561 πολλάκις
1446 3500 1725 3570 ἀριθμεῖν.

169 3598 186 3628 ‹
233 3577 491 3649 Ἀνδρες
549 3578 834 3632 Νινευῖται
883 3584 1285 3656 ἀναστήσονται
1337 3592 1394 3643 ἐν
1432 3594 1496 3662 τῇ
1548 3595 1728 3662 κρίσει

100 3670 235 3735 μετὰ
271 3670 383 3739 τῆς
420 3669 636 3736 γενεᾶς
671 3670 891 3741 ταύτης,
929 3675 1025 3726 καὶ
1069 3679 1496 3749 κατακρινοῦσιν
1533 3683 1727 3756 αὐτὴν,

95 3762 169 3812 ὅτι
235 3760 612 3831 μετενόησαν
682 3764 762 3823 εἰς
810 3763 870 3814 τὸ
918 3767 1184 3837 κήρυγμα
1250 3771 1427 3838 Ἰωνᾶ,
1475 3775 1571 3827 καὶ
1617 3777 1726 3831 ίδοὺ

97 3860 280 3911 πλεῖον
315 3859 499 3910 Ἰωνᾶ
525 3851 654 3909 ὦδε.
701 3876 718 3907 ι
767 3859 827 3910 ’0
864 3863 960 3929 μὲν
1003 3863 1211 3928 Ἰωνᾶς,
1245 3869 1398 3935 φησὶ,
1449 3872 1588 3938 μετὰ
1628 3872 1728 3939 τὴν

96 3953 150 4002 ἐκ
191 3950 293 4004 τοῦ
333 3952 564 4017 κήτους
621 3949 819 4017 ἔξοδον,
867 3955 1111 4024 κηρύξας
1155 3961 1480 4032 ἐπιστεύθηο
1524 3964 1636 4031 ἐγὼ
1671 3963 1728 4018 δὲ

91 4044 208 4097 οὐδὲ
245 4044 407 4113 μετὰ
444 4042 552 4112 τὴν
579 4043 881 4100 ἀνάστασιν
912 4049 1041 4117 ὑμῖν
1070 4051 1529 4124 πιστευθήσομαι.
1565 4057 1728 4112 Ὅθεν

95 4139 180 4188 21':
215 4135 737 4204 κατακριθήσεσθε
772 4139 875 4192 ὑπὸ
910 4141 1017 4193 τῶν
1048 4143 1353 4199 Νινευῖτῶν
1390 4150 1724 4203 πιστευσάν-

93 4246 190 4281 των
223 4229 308 4298 τῷ
338 4228 538 4298 δούλῳ
580 4245 684 4298 μου
728 4230 884 4301 Ἰωνᾷ
909 4237 1081 4304 χωρὶς
1123 4241 1392 4307 σημείων,
1429 4243 1725 4298 καὶταῦτα

92 4321 405 4392 Βαρϐάρων
451 4321 656 4372 ὄντων·
698 4322 854 4392 ὑμεῖς
886 4327 936 4378 οἱ
969 4331 1278 4400 προφήταις
1305 4335 1724 4408 συντεθραμμέ-

92 4430 184 4476 νοι,
218 4415 274 4466 οἱ
311 4414 547 4481 σημεῖα
601 4412 824 4480 ἰδόντες,
866 4417 941 4487 μὴ
989 4423 1322 4478 πιστεύσατε
1375 4429 1500 4498 ἐμοὶ
1524 4431 1602 4501 τῷ
1633 4432 1722 4485 δε-

1832 3224 1988 3280 dies:
2022 3236 2129 3278 nox
2160 3229 2341 3276 autem
2368 3220 2665 3277 Dominicae
2714 3223 2893 3294 ipsum
2944 3225 3126 3282 adhuc
3159 3238 3438 3283 mortuum

1835 3315 2221 3389 apprehendit.
2265 3313 2401 3372 Tres
2430 3315 2596 3386 igitur
2622 3317 2739 3373 dies
2769 3328 2825 3374 et
2855 3327 3045 3375 noctes
3073 3336 3100 3374 a
3134 3331 3287 3390 parte
3336 3339 3438 3378 nu-

1835 3419 2141 3475 merantur,
2177 3409 2303 3478 quia
2335 3417 2391 3464 et
2423 3409 2502 3463 sic
2532 3424 2678 3480 saepe
2701 3425 2992 3466 numerare
3026 3415 3436 3471 consuevimus.

1907 3593 2072 3650 Vsus.
2101 3595 2193 3649 41.
2226 3612 2244 3646 ι
2269 3593 2386 3649 Viri
2437 3593 2687 3650 Ninivita:
2729 3606 2955 3666 surgent
2986 3597 3039 3652 in
3080 3598 3287 3669 judicio
3309 3615 3431 3654 cum

1835 3689 2193 3756 generatione
2232 3688 2357 3752 hac,
2392 3695 2447 3740 et
2488 3688 2938 3743 condemnabunt
2973 3704 3118 3756 eam,
3151 3691 3295 3760 quod
3328 3692 3433 3762 ipsi

1835 3781 2210 3848 ιιωιιίιριιιίοιιι
2236 3780 2449 3850 egerint
2467 3780 2532 3834 ad
2553 3780 2996 3849 praedicationem
3014 3781 3200 3838 Jonas:
3231 3791 3286 3839 et
3306 3798 3436 3840 ecce

1835 3874 1951 3941 plus
2006 3889 2166 3940 quam
2216 3870 2386 3927 Jonas
2435 3881 2519 3928 est
2576 3871 2680 3927 hoc
2730 3872 2871 3927 loco.
2911 3891 2930 3925 ι
2977 3871 3311 3945 Postquam,
3349 3876 3437 3930 in-

1834 3965 1975 4033 quit,
2003 3964 2169 4018 Jonas
2191 3965 2323 4018 exiit
2352 3979 2380 4018 a
2410 3977 2553 4032 ceto,
2578 3975 2634 4020 et
2665 3966 3004 4036 praedicavit,
3040 3969 3429 4024 crediderunt:

1832 4059 1887 4112 in
1928 4075 2012 4113 me
2047 4069 2251 4124 autem,
2288 4061 2451 4115 etiam
2481 4076 2601 4116 cum
2646 4077 2941 4119 surrexere
2965 4105 2979 4130 ,
3013 4078 3119 4118 non
3169 4064 3432 4120 credetis.

1833 4149 1986 4205 Unde
2052 4161 2107 4205 et
2159 4153 2657 4209 condcmnabimini
2712 4171 2740 4209 a
2800 4156 3078 4223 Ninivitis,
3153 4160 3244 4228 qui
3308 4173 3434 4215 cre—
3526 4173 3532 4181 '

1829 4242 2094 4298 didcrunt
2165 4261 2322 4299 servo
2386 4262 2504 4300 tneo
2597 4246 2746 4302 Iona!
2832 4248 3041 4319 absque
3126 4250 3428 4317 miraculis,

1830 4339 2079 4405 quamvis
2145 4337 2370 4394 Βωὺωί
2421 4338 2662 4395 fuerint:
2703 4358 2800 4398 vos
2822 4354 3006 4399 autem
3057 4346 3258 4401 assueti
3303 4361 3433 4416 pro-

1829 4429 2028 4497 phetis,
2053 4429 2183 4486 visis
2213 4432 2406 4502 signis,
2440 4449 2546 4487 non
2567 4436 2791 4489 creditis
2823 4436 2955 4491 mihi
2990 4438 3253 4495 Domino:
3285 4441 3431 4512 quod

89 4504 283 4571 στῇ.
326 4503 523 4556 Τοῦτο
585 4503 695 4573 γὰρ
746 4508 999 4578 σημαίνει
1044 4511 1126 4577 τὸ,
1163 4516 1272 4569 Καὶ
1322 4517 1456 4572 ἰδοὺ
1503 4521 1721 4576 πλεῖον

1850 4523 2119 4593 ιίεηὶίίοοι,
2160 4525 2380 4581 dicens:
2411 4527 2477 4578 Et
2508 4542 2624 4580 ecce
2648 4527 2766 4596 plus
2790 4529 2930 4583 Jona
2953 4529 3050 4587 hoc
3080 4532 3217 4587 loco.

89 4596 252 4653 Ἰωνᾶ
278 4592 434 4651 ὦδε.

150 4709 169 4739 ι
217 4690 563 4742 Βασίλισσα
597 4686 773 4741 Νότου
804 4691 1162 4763 ἐγερθήσεται
1185 4699 1244 4750 ὲν
1266 4702 1330 4771 τῇ
1360 4703 1543 4772 ,κρίσει
1582 4707 1721 4774 μετά

88 4783 174 4848 τῆς
215 4784 444 4851 γενεᾶς
477 4781 719 4852 ταύτης,
744 4787 838 4838 καὶ
870 4794 1195 4860 κατακρινεῖ
1224 4795 1420 4866 αὐτὴν,
1447 4799 1531 4852 ὅτι
1557 4796 1721 4872 ἦλθεν

86 4883 136 4927 éz
163 4877 279 4930 τῶν
317 4874 611 4946 περάτων
645 4875 745 4944 τῆς
776 4880 882 4950 γῆς
923 4881 1157 4936 ἀκοῦσαι
1185 4886 1285 4958 τὴν
1331 4889 1526 4960 σοφίαν
1557 4893 1720 4946 Σολο-

85 4968 326 5029 ῖ.ὧντος·
385 4965 496 5020 καὶ
535 4966 657 5018 ίδοὺ
691 4966 873 5021 πλεῖον
905 4971 1252 5042 Σολομῶντος
1283 4971 1405 5033 ὦδε.
1447 5001 1464 5030 ι
1520 4983 1584 5035 Ἠ
1616 4985 1715 5053 μὲν

84 5058 406 5125 ξχςίλεςπα,
449 5058 628 5128 φησι,
666 5060 942 5129 μακρόθεν
986 5059 1140 5133 ἦλθε,
1183 5071 1362 5123 καίτοι
1387 5075 1522 5144 γυνὴ
1550 5076 1713 5128 ἀσθε-

85 5154 162 5219 νὴς
190 5153 362 5215 οὖσα,
403 5151 505 5202 ἶνα
546 5149 684 5218 περὶ
719 5149 952 5222 δένδρων
986 5159 1080 5210 καὶ
1123 5157 1296 5222 ξύλων
1339 5169 1432 5218 καὶ
1465 5170 1712 5235 φυσικῶν

90 5261 227 5298 κρυ,
250 5245 518 5314 ἀκούσῃ,
568 5241 768 5312 ’Υμεῖς
797 5243 873 5308 δὲ,
907 5249 1002 5302 καὶ
1018 5250 1241 5307 ἐλθόντα
1276 5273 1343 5322 με
1369 5261 1506 5328 πρὸς
1541 5261 1708 5332 ὑμᾶς,

85 5339 162 5389 αὶ
188 5342 515 5412 ἀπόρρητα
551 5335 814 5404 λέγοντα,
844 5339 944 5393 οὐκ
969 5342 1238 5407 ἐδέξασθε.

149 5452 163 5483 ι
195 5433 378 5488 Ὅταν
415 5431 484 5484 δὲ
522 5421 595 5482 τδ
625 5429 937 5500 ἀκάθαρτον
974 5435 1194 5507 πνεῦμα
1243 5441 1436 5513 ἐξέλθῃ
1469 5446 1578 5499 ἀπὸ
1610 5447 1704 5500 τοῦ

1905 4709 2065 4765 Vens.
2092 4711 2182 4765 42.
2224 4730 2242 4763 ι
2292 4712 2497 4782 Regina
2535 4715 2718 4769 Austri
2768 4718 3098 4774 excitabitur
3129 4720 3180 4773 in
3217 4720 3427 4790 judicio

1826 4819 1947 4858 cum
1997 4804 2348 4873 generatione
2401 4805 2602 4871 ltac,et
2639 4809 3028 4864 condemnabit
3088 4826 3244 4865 eam:
3295 4813 3422 4883 quia

1825 4895 2026 4950 venita
2067 4895 2267 4952 ﬁnibus
2292 4904 2453 4952 terra:
2481 4909 2539 4953 ut
2566 4901 2781 4956 audiret
2808 4903 3133 4971 sapientiam
3172 4902 3424 4960 Salomo-

1827 4990 1950 5055 nis;
1987 5001 2041 5043 et
2102 5005 2229 5045 ecce
2261 4991 2382 5060 plus
2414 5008 2576 5062 quam
2611 4995 2866 5050 Salomon
2929 4996 3031 5051 hoc
3071 4997 3209 5053 loco.
3251 5017 3270 5050 ι
3310 4997 3422 5053 Re-

1822 5079 1971 5146 gina,
2002 5081 2249 5148 inquit,a
2302 5081 2461 5148 longe
2521 5084 2687 5148 venit,
2731 5086 2982 5153 quamvis
3043 5095 3201 5141 esset‘
3225 5085 3421 5142 mulier

1825 5173 2062 5232 inﬁrma.
2091 5182 2147 5224 ut
2168 5172 2234 5226 de
2261 5173 2549 5228 arboribus
2577 5182 2630 5229 et
2664 5175 2822 5244 lignis
2849 5188 2901 5231 et
2928 5177 3267 5233 naturalibus
3293 5179 3417 5248 qui-

1823 5265 2047 5318 busdam
2078 5266 2331 5320 audiret:
2361 5282 2455 5321 vos
2498 5277 2676 5321 autem
2704 5285 2810 5335 me,
2833 5271 2942 5340 63
2967 5285 3086 5324 cum
3105 5272 3170 5326 ad
3197 5286 3289 5327 vos
3320 5287 3418 5326 ve-

1818 5357 1991 5411 nerim
2032 5365 2084 5411 et
2107 5372 2306 5411 arcana
2335 5358 2587 5424 dixerim,
2621 5375 2725 5414 non
2756 5362 3091 5431 suscepistis.

1891 5449 2056 5504 Vens.
2103 5450 2296 5504 45-45.
2346 5469 2364 5502 ‹
2412 5451 2548 5506 Cum
2596 5463 2774 5508 autem
2836 5454 3151 5510 immundus
3189 5453 3414 5524 spiritus

1113 5598 1204 5661 Ex
1240 5599 1589 5664 collatione
1626 5604 1815 5665 codd.
1852 5605 2077 5667 Venet.
2112 5608 2173 5669 S.
2211 5608 2434 5670 Marci.

87 5723 337 5796 ριοςεάαι,
384 5719 508 5796 Sed
547 5718 604 5772 εἰ
636 5719 758 5796 quia
801 5717 967 5796 boum
997 5721 1499 5796 frdtratlt'ﬁcationem
1553 5729 1698 5796 ﬁdei,

91 5801 134 5843 tu
157 5794 232 5846 det
282 5793 545 5863 gratiam
586 5787 958 5844 audientibus.
984 5790 1165 5848 Nolite
1196 5787 1510 5855 contristare
1531 5787 1704 5870 δρῶν-ἰξ-

1810 5741 1918 5811 ρ-ιηι
1973 5744 2215 5786 sanctum
2253 5731 2386 5811 Dei;
2441 5748 2550 5804 quo
2584 5734 2713 5804 quid
2774 5735 2971 5807 pejus“
3007 5750 3130 5794 esse
3186 5740 3412 5811 pateat?

1818 5801 2008 5859 Terret
2063 5819 2241 5858 autem
2307 5805 2392 5861 hic
2441 5801 2561 5872 tios,
2602 5801 2760 5862 ietc.
