4004 6414
601 305 712 368 279

1475 304 2053 370 THEOPII‘YLACTJ‘
2083 303 2505 369 .BULGARIE
2555 308 2907 369 ARCHIEI’.

3710 303 3850 386 ese

601 426 736 481 opus
759 410 895 482 ejus,
918 425 1092 480 neque
1122 411 1350 480 proticit,
1383 411 1837 468 sollicitudinibus
1866 413 2160 482 prohiben-

2279 419 2468 478 ποιεῖν,
2497 417 2614 469 ἀλλ’
2645 420 2794 487 ὅμως
2834 417 2933 468 οὐκ
2982 416 3199 481 αὐξάιει
3224 417 3255 486 ἡ
3285 415 3480 487 πρᾶξις
3514 411 3676 485 αὕτη,
3725 417 3850 470 οὐδὲ

605 505 767 558 tibus.

677 593 836 648 Vns.
880 594 932 658 7,
970 595 1020 649 8.
1071 612 1094 645 ι
1133 595 1250 650 Alia
1302 609 1430 649 vero
1483 596 1794 651 ceciderunt
1852 597 1906 651 in
1969 610 2163 653 terram

601 685 816 750 bonam,
847 694 900 740 et
949 686 1210 741 dederunt
1242 686 1501 753 fructum,
1531 687 1619 742 ille
1663 689 1876 757 quidem
1925 701 2161 756 centum,

600 773 738 830 alius
781 787 956 830 autem
1011 777 1316 848 sexaginta,
1347 777 1486 832 alius
1532 793 1663 832 vero
1698 779 1936 849 triginta.
1977 800 1996 831 ι
2031 781 2165 836 Tres

597 877 780 934 partes
808 869 1032 922 seminis
1059 871 1357 937 perierunt,
1382 879 1436 922 et
1459 876 1652 937 Quarta
1681 871 1795 925 sola
1825 883 2036 927 servata
2060 884 2161 927 est.

605 959 765 1015 Pauci
793 961 934 1014 enim
967 969 1092 1015 sunt
1122 962 1210 1029 qui
1241 961 1544 1014 salvantur.
1567 959 1759 1015 Postea
1787 976 1918 1015 vero
1950 962 2166 1017 dicitde

606 1062 749 1106 terra
781 1053 947 1116 bona,
976 1053 1099 1106 data
1148 1051 1302 1107 nobis
1352 1052 1684 1122 poenitentia:
1733 1066 1849 1122 spe.
1885 1050 1980 1108 Est
2018 1053 2162 1120 enim

599 1142 875 1210 possibile,
905 1143 1068 1198 etiam
1103 1143 1145 1197 si
1180 1143 1301 1212 quis
1337 1153 1557 1211 petrosa
1593 1154 1734 1197 terra
1765 1145 1862 1208 sit,
1890 1154 1985 1198 aut
2009 1143 2162 1213 juxta

601 1233 770 1299 viam,
800 1234 883 1290 vel
927 1235 1162 1303 spinosa,
1195 1251 1319 1289 eum
1369 1235 1482 1290 ﬁeri
1539 1244 1732 1291 terram
1785 1237 2000 1292 bonam.
2046 1234 2162 1291 Non

601 1326 742 1379 enim
782 1326 1044 1396 aequalem
1092 1328 1322 1382 fructum
1369 1328 1550 1382 lerunt
1593 1343 1782 1383 omnes
1821 1329 1910 1398 qui
1941 1331 2162 1384 verbum

601 1414 902 1482 suscipiunt
930 1433 943 1468 :
975 1417 1070 1471 sed
1100 1415 1238 1470 alius
1271 1417 1484 1486 quidem
1517 1419 1846 1489 centuplum,
1873 1420 2009 1476 forte
2035 1436 2166 1490 pau-

603 1513 863 1572 pertatem
895 1507 1184 1576 perfectam
1217 1509 1420 1565 habens
1444 1522 1494 1565 et
1521 1526 1786 1566 summam
1817 1512 2164 1567 exercitatio-

605 1612 746 1651 nem.
781 1598 930 1654 Alius
965 1609 1142 1654 autem
1166 1603 1597 1673 sexagecuplum,
1626 1615 1685 1657 ut
1721 1605 1988 1659 emnobita
2026 1603 2166 1660 forte

603 1689 914 1753 monachus,
940 1699 992 1744 et
1007 1692 1178 1746 adhuc
1205 1707 1454 1762 operans.
1474 1695 1626 1750 Alius
1639 1711 1766 1751 vero
1793 1699 2163 1767 trigecuplum,

601 1788 658 1833 ut
687 1785 776 1849 qui
811 1782 1065 1838 honestas
1099 1785 1313 1853 nuptias
1342 1787 1557 1858 delegit,
1590 1797 1644 1842 et
1674 1789 1926 1844 virtutem
1955 1805 2052 1858 pro
2087 1793 2162 1845 vi-

601 1871 681 1925 rili
705 1873 1057 1942 amplexatur.
1085 1876 1218 1932 Vide
1242 1886 1418 1932 autem
1448 1879 1539 1935 Dei
1565 1881 1876 1948 bonitatem,
1897 1886 2165 1953 quomodo

602 1983 790 2022 omnes
839 1971 1083 2040 suscipit,
1109 1980 1164 2026 et
1215 1989 1404 2045 magna
1439 1985 1490 2029 et
1544 1978 1841 2033 mediocria
1889 1988 1942 2035 et
1999 1995 2162 2049 parva

602 2059 856 2115 colentes.

673 2150 833 2208 Vens.
864 2156 916 2208 9.
953 2174 971 2206 ι
1013 2156 1112 2222 Qui
1160 2157 1319 2212 habet
1364 2173 1522 2214 aures
1578 2162 1873 2230 audiendi,
1901 2166 2102 2220 audiat.
2141 2187 2158 2216 ι

599 2239 900 2298 Manilestat
925 2245 1064 2313 quod
1087 2245 1200 2300 hare
1223 2247 1576 2316 spiritualiter
1602 2254 1943 2325 intelligenda
1967 2258 2077 2313 sint
2100 2259 2166 2312 ah

599 2335 683 2388 his
704 2335 792 2404 qui
817 2336 1124 2404 spirituales
1158 2353 1315 2392 aures
1345 2341 1536 2395 animae
1563 2342 1782 2397 habent.
1811 2345 1958 2400 Multi
1984 2358 2163 2401 autem

601 2440 759 2478 aures
807 2426 1028 2489 habent,
1073 2428 1168 2479 sed
1200 2444 1303 2482 non
1333 2429 1398 2481 ad
1445 2431 1769 2485 audiendum
1805 2451 1820 2499 ;
1885 2443 2163 2502 propterea

598 2517 779 2571 subdit
813 2535 824 2570 :
861 2517 962 2584 Qui
999 2517 1160 2572 habet
1191 2533 1349 2573 aures
1394 2521 1672 2584 audiendi,
1702 2523 1789 2577 ille
1826 2525 2028 2577 audiat.

669 2606 1065 2673 Vens.10,l“2.
1117 2629 1136 2660 ι
1185 2609 1250 2664 Et
1304 2627 1426 2666 cum
1477 2615 1850 2670 accessissent.
1896 2618 2164 2688 discipuli,

597 2698 850 2755 dixerunt
895 2700 1005 2756 illi:
1065 2699 1242 2767 Quare
1293 2701 1346 2754 in
1401 2702 1671 2772 parabolis
1728 2704 1966 2774 loqueris
2024 2709 2168 2765 illis?

598 2788 719 2862 Ipse
747 2801 926 2846 autem
952 2792 1284 2861 respondens
1313 2789 1449 2846 dixit
1481 2793 1587 2848 illis
1615 2813 1629 2848 :
1660 2793 1826 2851 Vobis
1863 2799 2047 2854 datum
2083 2810 2164 2855 est

598 2889 743 2943 scire
772 2901 968 2942 arcana
1000 2887 1150 2954 regni
1180 2885 1462 2952 caelorum,
1491 2888 1596 2942 illis
1628 2899 1808 2944 autem
1839 2906 1947 2946 non
1981 2893 2163 2949 datum

598 2989 702 3034 est.
730 2979 968 3047 Quisque
997 2979 1140 3032 enim
1167 2979 1350 3044 habet,
1401 2980 1622 3035 dabitur
1672 2982 1771 3047 illi,
1815 2991 1870 3037 et
1917 2985 2168 3040 reddetur

601 3071 1011 3126 abundantior:
1050 3071 1294 3141 quisquis
1343 3086 1521 3128 autem
1580 3091 1685 3129 non
1756 3075 1951 3140 habet,
2000 3080 2159 3133 etiam
2190 3107 2230 3159 L-

601 3161 730 3216 illud
750 3164 889 3229 quod
915 3161 1098 3223 habet,
1123 3161 1338 3215 tolletur
1367 3164 1433 3215 ah
1465 3177 1547 3217 eo.
1582 3184 1600 3216 ι
1636 3163 1891 3220 Videntes
1915 3167 2161 3236 discipuli

601 3268 850 3322 magnam
884 3252 934 3305 in
957 3252 1040 3305 his
1055 3267 1174 3321 quae
1205 3269 1231 3306 a
1252 3249 1471 3308 Christo
1490 3254 1828 3319 dicebantur,
1862 3259 2167 3313 obscurita-

602 3357 710 3398 tem
739 3363 751 3398 :
782 3353 841 3397 ut
873 3359 1190 3397 communes
1225 3343 1583 3399 multitudinis
1627 3357 2008 3413 procuratores
2061 3365 2166 3402 ac-

601 3435 799 3487 cedunt
847 3435 1264 3499 interrogantes.
1297 3434 1364 3486 Al
1419 3434 1508 3489 ille
1564 3435 1736 3488 dicit:
1773 3436 1936 3491 Vobis
1982 3438 2164 3493 datum

601 3537 685 3579 est
717 3527 854 3578 scire
888 3525 1142 3589 mysteria
1171 3567 1184 3590 ,
1223 3525 1326 3580 hoc
1373 3535 1476 3590 est,
1505 3527 1630 3596 quia
1673 3528 1882 3582 habetis
1921 3530 2170 3584 alacrita-

600 3627 708 3671 tetn
759 3627 811 3670 et
843 3618 1100 3680 studium,
1136 3618 1317 3671 datum
1352 3629 1436 3672 est
1486 3620 1635 3674 vobis
1662 3637 1676 3676 :
1704 3621 1808 3675 illis
1855 3632 2032 3675 autem
2067 3639 2168 3676 non

603 3709 982 3762 adhibentibus
1013 3709 1273 3773 Studium,
1299 3726 1402 3763 non
1433 3720 1514 3763 est
1544 3711 1749 3764 datum.
1780 3712 1874 3766 ille
1902 3713 2046 3766 enim
2079 3730 2168 3768 ac-

603 3800 752 3869 cipit,
785 3800 871 3868 qui
905 3801 1117 3869 quaerit.
1169 3799 1403 3865 Qdmrite
1433 3803 1602 3866 enim,
1636 3803 1830 3872 inquit,
1864 3814 1918 3858 et
1952 3804 2167 3857 dabitur

606 3896 775 3949 vobis.
807 3894 938 3949 Vide
971 3895 1096 3950 item
1125 3898 1394 3964 quomodo
1423 3900 1523 3951 hoc
1553 3897 1670 3952 loco
1697 3901 2008 3968 parabolam
2037 3902 2170 3954 dixit

603 3984 842 4047 Jesus,et
858 3985 1104 4054 discipuli
1119 3986 1214 4040 soli
1235 3987 1324 4056 qui
1345 3987 1809 4059 interrogaveram
1825 4001 2167 4058 acceperunt.

609 4076 758 4129 Unde
798 4077 935 4129 bene
973 4077 1226 4140 diximus,
1254 4078 1527 4133 adhibenti
1571 4081 1806 4134 studium
1837 4087 2019 4135 datum
2054 4098 2173 4138 esse

611 4171 833 4224 scientia
868 4172 1320 4225 abundantiorem
1348 4170 1463 4224 fieri
1497 4189 1508 4223 :
1542 4171 1609 4225 ab
1633 4185 1696 4225 eo
1730 4181 1908 4226 autem
1941 4174 2031 4242 qui
2064 4189 2170 4227 non

609 4263 767 4316 habet
810 4265 1065 4326 studium,
1117 4279 1219 4318 nec
1279 4273 1516 4317 mentem
1576 4264 1808 4332 dignam,
1843 4273 1899 4317 ut
1942 4281 2039 4333 par
2066 4277 2169 4330 est,

609 4354 841 4418 :ulhihct,
868 4356 1030 4410 etiam
1085 4356 1193 4410 tolli
1245 4357 1386 4423 quod
1422 4356 1620 4410 habere
1653 4356 1864 4410 videtur
1891 4372 1905 4410 :
1933 4358 2035 4412 hoc
2069 4367 2173 4423 est,

2273 507 2593 575 προκόπτει,
2632 506 2946 576 κωλυομένη
2977 507 3079 557 ὑπὸ
3107 506 3215 557 τῶν
3244 506 3548 576 μεριμνῶν.

2343 619 2370 650 ι’
2407 599 2575 652 Ἀλλα
2619 601 2675 651 δὲ
2723 600 2919 652 ἔπεσεν
2958 597 3049 650 ἐπὶ
3099 598 3197 666 τὴν
3243 597 3347 666 γῆν
3376 599 3476 668 τὴν
3505 598 3674 666 καλήν
3699 614 3712 626 ⁸
3752 599 3849 649 καὶ

2265 695 2436 748 ἐδίδου
2488 693 2769 760 καρπὸν,ὂ
2801 693 2899 762 μὲν
2959 690 3227 752 ὲκατδν,ὃ
3278 691 3334 743 δὲ
3383 690 3665 757 ἐξήκοντα,
3699 689 3726 742 ὃ
3792 689 3852 741 δὲ

2266 785 2587 854 τριάκοντα.
2625 802 2642 834 ι
2681 782 2761 836 Τὰ
2797 783 2922 850 τρία
2960 782 3104 850 μέρη
3147 779 3241 831 τοῦ
3293 778 3492 847 σπόρου
3545 778 3851 839 ἀπώλοντο,

2269 876 2455 929 καὶτὸ
2497 874 2758 941 τέταρτον
2807 872 2983 940 ἐσώθη
3040 871 3232 940 μόνον’
3270 870 3446 936 ὀλίγοι
3490 870 3598 938 γάρ
3627 869 3768 920 εἰσιν
3804 869 3856 919 oi

2267 963 2600 1031 σωζόμενον
2634 963 2859 1032 ὕστερον
2894 961 2951 1014 δὲ
2975 961 3120 1026 λέγει
3156 961 3283 1028 περῖ
3318 963 3415 1030 τῆς
3441 960 3541 1028 γῆς
3583 960 3683 1028 τῆς
3714 962 3860 1018 ἀγα-

2265 1054 2384 1126 θῆς,
2410 1055 2584 1118 διδοὺς
2619 1057 2748 1125 ημῖν
2772 1054 3060 1124 μετανοίας
3093 1051 3282 1106 ἐλπίδα
3306 1068 3318 1081 ’
3351 1051 3465 1103 ἔστι
3489 1052 3596 1121 γὰρ
3625 1051 3858 1104 δυνατὸν

2267 1147 2369 1201 κᾶν
2419 1147 2704 1216 πετρώδης
2754 1148 2838 1214 είη
2897 1163 3016 1208 τις,
3069 1144 3172 1197 κᾶν
3220 1145 3371 1214 παρὰ
3409 1144 3509 1212 τὴν
3561 1143 3698 1206 ὁδὸν,
3747 1141 3857 1194 κᾶν

2265 1239 2677 1309 ἀκανθοφορῶν,
2725 1239 2828 1307 γῆν
2856 1238 3066 1308 ἀγαθὴν
3106 1236 3359 1305 γενέσθαι
3395 1236 3578 1294 αὐτόν.
3629 1237 3702 1289 Οὐ
3743 1235 3858 1305 μὴν

2266 1332 2460 1400 ὲπίσης
2495 1329 2909 1399 καρποφοροῦσι
2944 1331 3147 1391 πάντες
3166 1329 3218 1381 ol.
3233 1329 3520 1399 δεξάμενοι
3554 1330 3852 1396 τὸνλόγον·

2265 1422 2380 1474 ἀλλ’
2410 1423 2438 1473 ὁ
2482 1423 2578 1489 μὲν
2617 1405 2620 1408 ’
2653 1421 2868 1484 ἑκατὸν,
2926 1422 3088 1490 τυχὸν
3122 1424 3149 1474 ὁ
3183 1420 3578 1492 ἁκτημοσύνην
3631 1420 3860 1474 τελείαν

2267 1515 2406 1585 ἔχων
2455 1517 2548 1568 καὶ
2593 1515 2770 1584 ἄκραν
2837 1513 3107 1582 ἄσκησιν·
3140 1515 3168 1566 ὁ
3210 1513 3266 1566 δὲ
3305 1513 3589 1582 ἑξήκοντα,
3625 1515 3652 1565 ό
3679 1529 3862 1565 κοινο-

2267 1607 2455 1670 ϐιακδς
2479 1608 2638 1676 τυχὸν
2673 1607 2901 1676 μοναχὸς
2959 1605 3047 1659 καὶ
3083 1607 3164 1657 ἔτι
3199 1606 3501 1674 πρακτικός
3521 1621 3533 1632 ·
3563 1608 3592 1658 δ
3612 1605 3667 1657 δὲ
3696 1604 3863 1674 τριάο

2271 1717 2454 1763 κοντα,
2493 1701 2520 1751 ὁ
2543 1699 2720 1766 γάμον
2747 1697 2942 1765 σεμνὸν
2983 1694 3256 1764 ἑλόμενος,
3299 1698 3391 1749 καὶ
3421 1697 3518 1758 τὰς
3547 1695 3746 1764 ἀρετὰς
3779 1695 3861 1758 ὡς

2273 1793 2504 1861 ἐγχωρεῖ
2569 1788 2868 1850 σπουδαίως
2925 1788 3346 1857 μετερχόμενος.
3414 1789 3555 1856 Ὅρα
3601 1788 3658 1840 δὲ
3713 1786 3860 1840 Θεοῦ

2272 1884 2633 1954 χρηστότητα,
2689 1881 2807 1942 πῶς
2862 1879 3067 1942 πάντας
3121 1880 3214 1932 καὶ
3258 1879 3386 1941 τοὺς
3415 1880 3481 1932 τὰ
3515 1878 3724 1948 μεγάλα
3759 1878 3862 1931 καὶ

2269 1980 2396 2039 τοὺς
2428 1975 2494 2030 τὰ
2526 1960 2686 2045 ¹μέσα
2736 1974 2830 2027 καὶ
2873 1972 2998 2035 τοὺς
3044 1970 3112 2024 τὰ
3147 1971 3320 2040 μικρὰ
3369 1969 3729 2040 ἐνεργοῦντας
3772 1969 3858 2016 δὲ-

2270 2087 2444 2142 χεται.

2350 2179 2366 2210 ι
2421 2157 2484 2212 '0
2528 2157 2668 2228 ἔχων
2717 2151 2832 2208 ῶτα
2875 2153 3118 2219 ἀκούειν,
3173 2150 3437 2203 ἀκουέτω.
3479 2168 3496 2200 ι
3541 2148 3720 2218 Δηλοῖ,
3767 2147 3860 2200 ὁτι

2270 2249 2658 2323 πνευματικῶς
2694 2249 2771 2302 δεῖ
2801 2249 3060 2319 νοηθῆναι
3092 2246 3265 2298 ταῦτα
3293 2244 3442 2314 παρὰ
3467 2242 3574 2294 τῶν
3599 2243 3664 2294 τὰ
3689 2256 3860 2294 πνευ-

2275 2345 2482 2416 ματικὰ
2515 2344 2652 2397 ὠτία
2682 2340 3062 2412 κεκτημένων.
3103 2337 3294 2390 Πολλοὶ
3327 2337 3383 2388 δὲ
3415 2329 3530 2387 ὦτα
3560 2335 3656 2404 μὲν
3691 2334 3860 2402 ἔχου-

2273 2456 2382 2504 σιν,
2426 2437 2541 2492 ἀλλ’
2577 2439 2676 2489 οὐκ
2719 2438 2801 2498 είς
2833 2434 2893 2486 τὸ
2940 2431 3161 2485 ἀκούειν
3184 2449 3198 2462 ·
3228 2431 3315 2484 διὰ
3347 2428 3507 2482 τοῦτο
3545 2423 3636 2480 οὖν
3682 2443 3862 2496 προσ-

2271 2531 2434 2600 έθηκε
2455 2531 2538 2595 τὸ,
2567 2529 2623 2581 '0
2645 2528 2782 2597 ἔχων
2796 2520 2906 2578 ὧτα
2923 2525 3000 2588 είς
3017 2523 3077 2576 τὸ
3095 2525 3335 2586 ἀκούειν,
3356 2521 3559 2582 ἐκεῖνος
3579 2519 3856 2573 ἀκουέτω.

2351 2641 2367 2672 ι
2405 2622 2515 2675 Καὶ
2573 2618 2961 2687 προσελθόντες
3007 2618 3056 2667 οξ
3114 2614 3384 2683 μαθηταὶ,
3460 2608 3612 2664 εἶπον
3663 2609 3858 2681 αὐτῷ·

2272 2695 2427 2768 Διάτί
2456 2714 2513 2764 ὲν
2545 2709 2883 2781 παραϐολαῖς
2935 2705 3120 2767 λαλεῖς
3149 2706 3368 2770 αὑτοῖς;
3413 2703 3470 2757 '0
3499 2702 3577 2766 δὲ,
3613 2703 3862 2771 ἀποκρι-

2271 2807 2380 2868 θεὶς
2399 2800 2552 2858 εἶπεν
2580 2803 2781 2865 αὐτοῖς,
2801 2801 2883 2852 ὅτι
2921 2797 3082 2866 Ὑμῖν
3104 2795 3309 2850 δέδοται
3331 2794 3530 2864 γνῶναι
3551 2793 3618 2846 τὰ
3642 2794 3861 2862 μυστήο

2273 2917 2360 2966 ρια
2415 2898 2511 2965 τῆς
2573 2893 2849 2964 βασιλείας
2908 2890 3018 2943 τῶν
3079 2886 3359 2959 οὐρανῶν,
3417 2887 3644 2948 ἐκείνοις
3683 2884 3739 2938 δὲ
3788 2885 3859 2936 οὐ

2272 2991 2503 3042 δέδοται.
2545 2988 2731 3048 Ὅστις
2770 2986 2876 3053 γὰρ
2914 2983 3027 3052 ἔχει
3050 3022 3064 3046 ,
3116 2981 3404 3051 δοθήσεται
3439 2978 3589 3047 αὑτῷ
3620 2979 3716 3030 καὶ
3748 2994 3859 3028 πε-

2275 3081 2690 3154 ρισσευθήσεται
2711 3093 2722 3106 ·
2754 3078 2901 3139 ὅστις
2927 3076 2982 3127 δὲ
3011 3075 3112 3127 οὐκ
3146 3073 3281 3142 ἔχει,
3336 3071 3429 3124 καὶ
3458 3072 3485 3121 ὃ
3514 3071 3628 3140 ἔχει
3673 3068 3860 3138 ἀρθή-

2276 3193 2425 3228 σεται
2455 3173 2548 3227 ἁπ’
2592 3169 2781 3224 αὑτοῦ.
2823 3190 2840 3223 ι
2897 3167 3162 3239 Ὀρῶντες
3210 3168 3257 3218 oi
3297 3163 3537 3234 μαθηταὶ
3580 3163 3862 3232 ἀσάφειαν

2275 3263 2473 3330 πολλὴν
2522 3261 2578 3311 ἐν
2622 3263 2732 3318 τοῖς
2792 3258 2896 3309 ὑπὸ
2953 3254 3042 3308 τοῦ
3084 3252 3322 3325 Χριστοῦ
3379 3251 3729 3319 λεγομένοις,
3776 3250 3860 3312 ὼς

2273 3357 2440 3408 κοινοὶ
2462 3352 2756 3422 κηδεμόνες
2781 3349 2872 3401 τοῦ
2903 3346 3142 3416 πλήθους
3175 3346 3569 3415 προσέρχονται.
3599 3342 3865 3412 ἐρωτῶν-

2271 3465 2380 3509 τες·
2419 3447 2475 3498 '0
2503 3445 2557 3497 δέ
2590 3459 2780 3512 φησιν’
2820 3441 2980 3512 Ὑμῖν
3005 3438 3211 3490 δέδοται
3234 3438 3434 3504 γνῶναι
3461 3436 3524 3488 τὰ
3549 3436 3862 3505 μυστήρια,

2273 3539 2571 3598 τουτέστιν,
2608 3533 2794 3601 ἐπειδὴ
2824 3532 2975 3600 ἔχετε
2997 3529 3309 3600 προθυμίαν
3340 3528 3432 3580 καὶ
3469 3528 3729 3596 σπυδῆν,
3763 3528 3863 3580 δέ-

2271 3633 2420 3681 δοται
2470 3625 2634 3694 ὑμῖν·
2690 3623 2919 3679 ὲκείνοις
2964 3619 3042 3684 δὲ,
3097 3619 3170 3687 μὴ
3224 3619 3408 3686 ἔχουσι
3469 3617 3726 3685 σπουδὴν,
3792 3619 3862 3670 οὐ

2271 3721 2496 3773 δέδοται..
2547 3715 2785 3776 Ἐκεῖνος
2831 3713 2939 3780 γὰρ
2991 3710 3277 3775 λαμὸάνει,
3315 3711 3340 3760 ό
3372 3708 3571 3778 ζητῶν.
3627 3710 3861 3778 Ζητεῖτε

2272 3812 2400 3879 γὰρ,
2435 3808 2586 3876 φησί,
2641 3805 2732 3857 καὶ
2763 3802 3226 3873 δοθήσεταιὈμῖν.
3275 3799 3377 3852 Ἴδε
3417 3799 3548 3866 γοῦν
3591 3799 3709 3863 πῶς
3764 3802 3861 3853 ὲν-

2273 3900 2446 3954 ταῦθα
2476 3895 2593 3949 εἷπε
2634 3897 2730 3966 μὲν
2759 3895 2785 3944 ὁ
2815 3894 3017 3962 Κύριος
3047 3892 3144 3962 τὴν
3180 3891 3516 3962 παραϐολὴν,
3547 3893 3698 3960 μόνοι
3725 3893 3780 3944 δὲ
3806 3896 3861 3945 οἱ

2280 3991 2517 4060 μαθηταὶ
2551 3988 2883 4058 ζητήσαντες
2925 3985 3132 4037 ἔλαϐον.
3188 3985 3352 4035 Ὥστε
3392 3983 3570 4044 καλῶς
3600 3986 3863 4052 είπομεν,

2274 4084 2354 4134 ὅτι
2404 4081 2480 4150 τῷ
2521 4080 2696 4148 ἔχοντι
2755 4077 3021 4148 σπουδὴν,
3074 4075 3267 4145 ἐκείνῳ
3314 4075 3516 4127 δίδοται
3556 4079 3588 4144 η
3625 4077 3862 4143 γνῶσις,

2278 4177 2369 4226 καὶ
2424 4172 2824 4241 περισσεύεται.
2874 4170 2964 4239 Τῷ
3005 4168 3062 4220 δὲ
3115 4167 3188 4239 μὴ
3245 4167 3422 4236 ἔχοντι
3471 4168 3708 4238 σπουδὴν
3763 4172 3863 4222 καὶ

2276 4267 2499 4334 γνώμην
2526 4263 2700 4328 ἀξίαν,
2728 4264 2819 4315 καὶ
2837 4264 2864 4315 ὃ
2884 4262 3029 4314 δοκεῖ
3059 4262 3203 4331 ἔχειν
3222 4260 3519 4329 ἀρθήσεται
3542 4259 3636 4313 ἀπ’
3657 4260 3860 4314 αὐτοῦ·

2283 4356 2546 4420 τουτέστι,
2571 4354 2674 4406 κᾶν
2709 4354 2906 4422 μικρόν
2927 4369 3046 4404 τινα
3077 4351 3348 4420 σπινθῆρα
3380 4352 3478 4423 ἔχῃ
3501 4351 3591 4403 τοῦ
3615 4353 3860 4419 ἀγαθοῦ,

608 4447 766 4497 etiam
801 4447 843 4497 si
879 4460 1095 4513 parvam
1133 4446 1416 4513 quamdam
1453 4447 1575 4500 boni
1607 4447 1898 4500 scintillam
1941 4449 2166 4516 habeat,

2283 4449 2528 4501 σϐέννυσι
2579 4449 2672 4500 καὶ
2719 4446 2934 4509 τοῦτον,
2989 4445 3064 4514 μὴ
3105 4443 3360 4510 ἐκφυσῶν
3411 4447 3571 4499 αὑτὸν
3615 4446 3704 4500 διὰ
3756 4450 3860 4500 τοῦ

610 4548 660 4587 et
692 4551 807 4590 cam
841 4551 942 4590 non
964 4540 1160 4590 excitet
1187 4547 1242 4590 et
1271 4539 1524 4592 accendat
1558 4553 1652 4607 per
1671 4539 1913 4606 spiritum
1933 4552 1987 4592 et
2013 4542 2174 4609 spiri-

611 4629 773 4681 tualia
806 4643 964 4696 Opera
1001 4631 1292 4698 exsﬁngni.

680 4717 842 4772 Vens.
875 4717 960 4772 f5.
995 4738 1013 4768 ι
1050 4719 1338 4791 Propterea
1368 4735 1463 4790 per
1493 4724 1774 4791 parabolas
1806 4725 1998 4794 loquor
2030 4726 2133 4780 illis
2159 4769 2172 4793 ,

612 4810 734 4876 quia
753 4810 997 4864 videntes
1029 4826 1132 4863 non
1166 4811 1367 4875 vident,
1398 4821 1451 4866 ct
1482 4815 1762 4869 audientes
1795 4832 1897 4869 non
1926 4818 2173 4884 audiunt,

614 4915 784 4969 neque
816 4903 1134 4971 intelligunt.
1170 4928 1187 4954 ›
1223 4907 1469 4960 Attende.
1506 4905 1603 4962 ilic
1632 4909 1774 4961 enim
1807 4909 1966 4962 solvit
1995 4926 2173 4979 quaes-

614 4995 810 5047 tionem
843 4995 1140 5048 dicentium
1175 4999 1313 5063 quod
1345 5015 1371 5049 ιι
1405 5009 1592 5051 natura
1627 5010 1679 5053 et
1706 5019 1732 5053 ει
1764 5002 1870 5054 Deo
1899 5004 2018 5055 ntali
2052 5015 2177 5057 sunt

614 5087 846 5150 quidam.
868 5085 1187 5150 Dixitenitn,
1215 5089 1482 5158 inquiunt,
1508 5092 1782 5146 Christus:
1817 5093 1976 5148 Vobis
1995 5098 2173 5150 datum

615 5185 696 5227 est
717 5192 869 5230 nosse
892 5193 1110 5243 arcana,
1142 5179 1339 5236 Judaeis
1362 5194 1539 5234 autem
1575 5201 1676 5234 nun
1703 5195 1782 5237 est
1805 5187 2006 5240 datum.
2042 5187 2177 5241 Dici-

618 5281 734 5319 mus
794 5280 920 5333 ergo
961 5271 1024 5322 ad
1081 5270 1202 5324 illos
1257 5287 1378 5323 cum
1435 5272 1561 5338 Deo,
1595 5274 1851 5339 dicentes,
1894 5276 2004 5345 66
2037 5277 2176 5343 quod

619 5358 756 5412 Deus
786 5371 975 5413 omnes
1007 5361 1166 5415 iaciat
1193 5363 1493 5434 intelligere
1528 5372 1717 5417 natura
1749 5377 2009 5434 quantum
2046 5381 2178 5435 opus

619 5458 718 5501 est.
749 5450 974 5506 Omnem
1012 5454 1150 5505 enim
1189 5454 1457 5510 hominem
1495 5456 1760 5510 illuminat
1796 5460 2095 5512 venientem
2128 5461 2177 5513 in

611 5539 758 5592 hunc
793 5545 1043 5596 mundum
1067 5543 1427 5601 “‘J'oluutas
1450 5557 1629 5603 autem
1655 5558 1835 5603 nostra
1861 5552 2180 5606 obtencbrat

693 5725 1098 5790 ¹”.1.›;ιιι.ι,ΐ).

2281 4542 2588 4608 πνεύματος
2637 4542 2728 4591 καὶ
2791 4540 2898 4590 τῶν
2947 4541 3333 4607 πνευματικῶν
3374 4543 3570 4612 ἔργων,
3612 4540 3706 4592 καὶ
3755 4543 3863 4597 ἀν-

2280 4636 2485 4688 ἁτε-των.

2355 4751 2371 4780 ι
2417 4728 2515 4780 Διὰ
2541 4727 2696 4779 τοῦτο
2725 4727 2782 4778 ἐν
2814 4725 3149 4795 παραϐολαῖς
3181 4725 3364 4789 αὐτοῖς
3418 4722 3585 4789 λαλῶ,
3609 4724 3692 4778 ὅτι
3727 4725 3865 4794 βλέ-

2282 4839 2469 4884 ποντες
2505 4822 2564 4872 οὐ
2595 4821 2870 4889 βλέπουσι,
2923 4820 3014 4871 καὶ
3044 4817 3334 4879 ἀκούοντες
3384 4818 3484 4870 οὐκ
3538 4817 3865 4882 ἀκούουσιν,

2278 4914 2396 4964 οὐδὲ
2449 4910 2737 4962 συνιοῦσιν.
2783 4911 3041 4977 Πρόσεχε.
3108 4906 3388 4959 Ἐντεῦθεν
3417 4906 3524 4973 γὰρ
3570 4905 3760 4956 λύεται
3802 4910 3870 4957 τό

2280 5003 2495 5071 ζήτημα
2550 5003 2655 5052 τῶν
2699 5001 2965 5066 λεγόντων
2993 5001 3073 5050 ὅτι
3203 4997 3414 5061 ζύσεως
3443 4996 3537 5049 καὶ
3573 4996 3676 5047 ἀπ’)
3714 4997 3865 5048 θεοῦ

2278 5094 2419 5157 τινες
2458 5096 2559 5146 είσι
2590 5094 2766 5145 κακοί.
2806 5089 2938 5144 Eine
2967 5097 3096 5163 γρρ,
3126 5094 3275 5160 φασὶ,
3310 5094 3443 5144 καὶὸ
3480 5091 3735 5159 Χριστὸς,
3775 5094 3867 5145 δτι

2291 5186 2448 5255 Ὑμῖν
2484 5187 2687 5238 ὄέδνιται
2727 5185 2928 5253 γνῶναι
2963 5186 3026 5236 τὰ
3069 5187 3363 5255 μυστήρια,
3406 5183 3672 5245 Ἰουδαίοις
3703 5185 3762 5236 δὲ
3796 5188 3865 5238 οὐ

2281 5279 2507 5332 δέδοται.
2552 5282 2794 5347 Λέγομεν
2830 5274 2920 5331 οὖν
2955 5280 3090 5346 πρὸς
3137 5278 3261 5338 τοὺς
3309 5275 3534 5328 τοιαῦτα
3569 5275 3865 5346 λέγοντας,

2285 5373 2378 5422 σὺν
2411 5371 2549 5439 Θεῷ,
2586 5372 2666 5422 ὅτι
2703 5373 2729 5422 ὁ
2758 5370 2855 5439 μὲν
2887 5371 3020 5433 Θεὸς
3052 5370 3260 5430 πάντας
3293 5370 3435 5419 ποιεῖ
3477 5369 3617 5419 νοεῖν
3649 5367 3708 5418 τὸ
3736 5369 3870 5422 δέον

2284 5462 2545 5529 φυσικῶς.
2602 5464 2782 5515 Πάντα
2819 5463 2923 5531 γὰρ
2968 5462 3252 5530 ἄνθρωπον
3290 5460 3511 5528 ςωτίζει
3558 5459 3869 5530 ἐρχόμενον

2285 5560 2358 5616 εἰς
2411 5558 2499 5607 τὶν
2543 5558 2759 5626 κόσμον·
2820 5559 2849 5606 i-
2917 5556 2972 5608 δὲ
3017 5555 3330 5626 προαίρεσις
3398 5549 3553 5620 ἡμῶν
3613 5551 3869 5617 "mna"
