4004 6424
174 323 268 393 2M

789 329 1243 393 ENARRATIO
1275 328 1356 393 ΙΝ
1400 331 1645 394 EVANG
1657 331 1751 393 ΕΙ.

1871 334 1900 393 ι1
1944 332 2334 394 ΜΑΤΤΗἉΕΙ.
2362 357 2424 367 -
2456 334 2621 399 CAP.
2651 334 2826 395 XIII.

3360 333 3472 400 282

176 445 343 515 ἡμᾶς.
389 444 570 497 Τοῦτο
601 440 696 498 οὖν
745 445 839 498 καὶ
869 443 1104 499 ἐνταῦθα
1156 445 1433 516 δηλοῦται.
1467 446 1607 515 Φησὶ
1635 447 1757 516 γὰρ,

1876 432 2000 503 nos.
2067 447 2179 503 lloc
2235 447 2405 519 igitur
2471 457 2525 504 et
2574 449 2628 508 in
2682 448 2789 501 iste
2855 444 2977 501 loco
3056 445 3463 503 manifestatur.

172 535 251 586 ὅτι
282 534 597 597 Βλέποντες
648 535 917 603 φυσικῶς,
976 535 1277 601 τουτέστιν,
1325 537 1429 588 ὑπὸ
1481 534 1575 589 τοῦ
1630 535 1768 589 Θεοῦ

177 623 688 695 δημιουργηθέντες
734 628 875 680 νοεῖν
897 669 910 691 ,
944 627 1006 679 οὐ
1037 627 1293 698 βλέπουσι
1345 629 1770 699 προαιρετικῶς·

178 719 266 772 καὶ
318 720 663 786 ἀκούοντες,
714 706 1000 785 τουτέστι,
1064 722 1310 789 φυσικῶς
1345 720 1450 773 ύπὺ
1489 720 1583 774 τοῦ
1634 719 1771 773 Θεοῦ

174 810 724 884 δημιουργηθέντες,
775 810 916 866 ὥστε
961 812 1181 866 ἀκούειν
1233 814 1327 868 καὶ
1375 814 1637 878 συνιέναι,
1672 815 1772 866 οὐκ

175 904 504 969 ἁκούουσιν,
555 905 677 958 οὐδὲ
738 906 986 958 συνιᾶσιν
1025 904 1133 959 ἀπὸ
1181 905 1576 977 προαιρέσεως.
1638 905 1771 958 Εἰπὲ

175 995 283 1062 γαρ
319 1013 449 1064 μοι,
512 997 616 1049 οὐκ
669 995 901 1051 ἔϐλεπον
943 998 1010 1051 τά
1056 996 1308 1066 θαύματα
1346 996 1442 1050 τοῦ
1491 995 1768 1068 Χριστοῦ;

176 1086 302 1149 Ναὶ,
334 1088 459 1140 ἀλλ’
491 1089 713 1144 ἐποίουν
740 1090 973 1153 ἑαυτοὺς
1006 1088 1260 1158 τυφλοὺς,
1300 1090 1392 1143 καὶ
1427 1088 1770 1159 κατηγόρουν

172 1178 369 1232 αὐτοῦ.
400 1180 584 1234 Τοῦτο
616 1182 746 1250 γοῦν
796 1184 915 1235 ἑστι
944 1184 1026 1249 τὸ,
1082 1182 1371 1253 βλέποντες
1396 1184 1456 1236 οὐ
1486 1182 1767 1253 βλέπουσι.

172 1273 428 1343 ηαράγει
461 1276 647 1330 τοίνυν
676 1279 769 1330 καὶ
799 1275 891 1330 τὸν
920 1278 1207 1348 προφήτην
1235 1272 1517 1346 μάρτυρα.

241 1385 262 1416 ι
301 1367 421 1419 Καὶ
453 1367 868 1439 ἀναπληροῦται
902 1370 1143 1439 αύτοῖςή
1172 1371 1485 1439 πφφητεία
1520 1369 1766 1433 Ἡσαΐου,

166 1456 196 1522 ἡ
233 1455 486 1524 λέγουσα
508 1474 523 1489 ’
552 1458 715 1527 ’Δκοῇ
746 1459 1030 1525 ἀκούσετε,
1071 1459 1163 1512 καὶ
1198 1458 1257 1511 οὗ
1293 1459 1366 1528 μὴ
1405 1458 1621 1527 συνῆτε,
1676 1459 1769 1510 καὶ

166 1548 473 1618 βλέποντες
495 1552 743 1620 βλέψετε,
774 1554 870 1606 καὶ
901 1555 963 1605 ού
994 1552 1067 1623 μὴ
1098 1553 1267 1621 ίδητε.
1314 1551 1623 1622 Ἐπαχύνθη
1659 1552 1768 1621 γὰρ

164 1642 444 1714 ήκαρδία
482 1642 579 1697 τοῦ
627 1644 758 1698 λαοῦ
814 1644 1033 1710 τούτου,
1071 1646 1165 1698 καὶ
1220 1647 1334 1709 τοῖς
1390 1645 1495 1698 ὠσὶ
1554 1646 1768 1717 βαρέως

164 1736 441 1801 ἥκουσαν,
506 1739 596 1790 καὶ
640 1738 761 1799 τοὺς
814 1738 1126 1807 ὀφθαλμοὺς
1185 1739 1363 1792 αὐτῶν
1414 1738 1763 1808 ἐκάμμυσαν,

164 1832 388 1897 μήποτε
426 1829 585 1881 ἴδωσι
621 1832 732 1891 τοῖς
774 1829 1095 1899 ὀφθαλμοῖς,
1136 1834 1228 1883 καὶ
1278 1833 1391 1891 τοῖς
1435 1833 1570 1885 ὠσὶν
1603 1832 1767 1886 ἀκού-
1802 1819 1840 1871 Β

161 1936 325 1983 σωσι,
364 1922 463 1975 καὶ
495 1924 561 1992 τῇ
594 1921 787 1994 καρδίᾳ
820 1924 1045 1991 συνῶσι,
1083 1926 1175 1977 καὶ
1223 1925 1626 1995 ἐπιστρέψωσι,
1671 1927 1765 1977 καὶ

162 2013 418 2085 ῐάσωμαι
482 2015 706 2079 αὐτούς.
748 2034 765 2066 ι
820 2016 985 2087 Ὁρᾷς
1039 2018 1090 2069 τί
1137 2035 1303 2088 φησιν
1354 2018 1762 2089 ήπροφητεία;

160 2104 312 2170 Ὅτι,
351 2106 417 2157 ού
445 2106 538 2159 διὰ
578 2105 735 2159 τοῦτο
762 2108 821 2159 οὐ
856 2106 932 2176 μὴ
959 2107 1173 2177 συνῆτε,
1202 2110 1280 2162 ὅτι
1312 2112 1544 2179 παχεῖαν
1576 2109 1765 2161 ἔκτισα

159 2200 259 2266 τὴν
295 2200 549 2269 καρδίαν
579 2201 756 2269 ὑμῶν,
792 2202 906 2253 ἀλλ’
937 2203 1017 2256 ὅτι
1046 2203 1349 2273 ἐπαχύνθη,
1383 2205 1553 2275 λεπτὴ
1580 2204 1765 2273 δηλον-

158 2290 233 2342 ότι
292 2291 578 2360 πρότερον
632 2286 805 2346 οὖσαι
855 2294 916 2346 τὸ
959 2293 1071 2363 γὰρ
1113 2295 1511 2365 παχυνόμενον,
1565 2296 1763 2349 λεπτὸν

159 2383 443 2453 πρότερον
475 2380 569 2453 ἦν.
631 2386 1001 2458 Παχυνθείσης
1055 2387 1112 2441 δὲ
1161 2389 1388 2457 ταύτης,
1441 2387 1585 2441 οὕτω
1636 2391 1762 2452 τοὺς

156 2476 485 2546 ὀφθαλμοὺς
511 2477 692 2531 αὐτῶν
722 2480 1073 2550 ἐκάμμυσαν.
1109 2480 1220 2533 Ούκ
1247 2478 1371 2533 εἷπε
1393 2480 1447 2533 δὲ
1470 2481 1549 2533 ὅτι
1588 2480 1761 2549 ἐκάμ-

159 2588 335 2637 μυσεν
374 2573 402 2624 ὁ
437 2570 578 2633 Θεὸς
610 2573 735 2636 τοὺς
764 2572 1080 2644 ὀφθαλμοὺς
1121 2575 1323 2640 αὐτῶν,
1356 2574 1472 2627 ἀλλ’
1505 2577 1590 2629 ὅτι
1617 2577 1763 2627 ὲκεί-

155 2677 229 2713 νοι
264 2662 334 2713 ἐκ
384 2660 789 2732 προαιρέσεως.
824 2664 996 2718 Τοῦτο
1022 2665 1078 2717 δὲ
1111 2665 1397 2736 ἐποίησαν,
1451 2669 1636 2736 φησὶν,
1672 2670 1760 2723 ἵνα

158 2752 229 2821 μὴ
272 2752 669 2823 ἐπιστρέφουσι
712 2755 805 2808 καὶ
852 2755 1090 2824 ῑάσωμαι
1135 2755 1365 2819 αὐτούς’
1417 2756 1759 2823 ὲθελοκάκως

154 2842 258 2908 γὰρ
346 2841 706 2897 ἐσπούδασαν
779 2842 1143 2913 ἀθεράπευτοι
1204 2845 1297 2897 καὶ
1368 2844 1756 2916 ἀνεπίστροφοι

155 2937 337 3004 μεῖναι
347 2976 363 2989 .

223 3048 243 3081 σ
300 3020 503 3099 ’Υμῶν
541 3031 598 3084 εὲ
647 3032 912 3104 μακάριοι
943 3036 992 3087 οἱ
1025 3036 1318 3107 ὀφθαλμοὶ,
1354 3040 1433 3090 ὅτι
1468 3036 1753 3106 βλέπουσι,

154 3126 239 3177 καὶ
270 3125 345 3178 τὲ
367 3119 489 3178 ὦτα
522 3126 697 3194 ὑμῶν,
728 3128 809 3180 ὅτι
838 3128 1044 3181 ἀκούει.
1088 3131 1260 3201 Ἀμὴν
1290 3132 1397 3202 γὰρ
1426 3132 1569 3200 λέγω
1604 3133 1750 3201 ὑμῖν,

152 3219 226 3270 ὅτι
262 3219 463 3272 πολλοὶ
494 3221 773 3289 προφῆται
807 3221 901 3275 καὶ
946 3221 1142 3275 δίκαιοι
1178 3224 1536 3293 ἐπεθύμησαν
1567 3223 1751 3278 ἰδεῖνά

156 3311 412 3376 βλέπετε,
455 3309 555 3363 καὶ
581 3311 681 3363 οὐκ
712 3305 877 3372 εἶδον,
916 3314 1011 3365 καὶ
1047 3313 1281 3369 ἀκοῦσαι
1306 3314 1342 3369 ἀ
1370 3316 1623 3383 ἀκούετε,
1658 3318 1750 3369 καὶ

153 3404 246 3457 οὐκ
286 3406 570 3475 ἤκουσαν.
611 3424 632 3458 ι
671 3406 781 3458 Καὶ
822 3408 872 3459 οῖ
901 3407 1153 3477 αἰσθητοὶ
1195 3409 1295 3479 μὲν
1336 3410 1608 3481 ὀφθαλμοί¹
1644 3411 1751 3463 τῶν

153 3497 477 3550 ἀποστόλων
514 3498 610 3549 καὶ
641 3496 708 3550 τὰ
739 3490 854 3551 ὦτα
890 3498 1163 3569 μακάρια·
1205 3500 1345 3571 πλὴν
1375 3502 1510 3556 ἀλλά
1551 3502 1753 3573 μᾶλλον

152 3594 193 3641 οἱ
223 3590 457 3660 ψυχικοὶ
494 3588 769 3658 ὀφθαλμοὶ
810 3590 904 3642 καὶ
933 3590 1003 3642 τὰ
1049 3586 1164 3645 ὦτα
1199 3592 1555 3663 μακαρισμοῦ
1599 3593 1749 3659 ἀξια,

152 3687 224 3737 ὅτι
276 3683 508 3752 ἐπέγνω
554 3684 648 3735 τὸν
690 3684 949 3753 Χριστόν.
989 3686 1239 3754 Προτιμᾷ
1282 3685 1339 3738 δὲ
1372 3685 1597 3748 τούτους
1619 3685 1753 3739 ⁹’τῶν

154 3779 479 3850 προφητῶν,
515 3778 650 3831 διότι
683 3779 778 3832 καὶ
808 3781 1135 3849 σωματικῶς
1165 3775 1307 3834 εἶδον
1330 3774 1477 3835 οὗτοι
1508 3780 1598 3832 τὸν
1621 3780 1755 3849 Χρι-

156 3872 296 3938 στὸν,
329 3874 543 3926 ἐκεῖνοι
570 3871 649 3937 δὲ,
687 3872 890 3940 νοερῶς
927 3872 1120 3943 μόνον’
1152 3874 1289 3927 ἀλλᾶ
1318 3875 1411 3927 καὶ
1441 3876 1525 3927 ὅτι
1555 3876 1754 3926 ἐκεῖνοι

153 3967 207 4018 οὐ
256 3965 549 4020 τοσούτων
604 3964 927 4036 μυστηρίων
976 3967 1067 4021 καθι
1122 3968 1381 4038 τοιαύτης
1440 3966 1755 4037 ἠξιώθησαν

152 4059 440 4125 γνώσεως,
474 4059 614 4126 ὅσης
640 4050 787 4111 οὗτοι
810 4073 824 4088 ·
864 4058 1006 4111 γατά
1035 4057 1129 4111 δύο
1158 4054 1251 4112 οὖν
1291 4060 1619 4129 ὑπερέχουσι
1647 4059 1756 4112 τῶν

155 4152 458 4223 προφητῶν
507 4153 557 4203 οἱ
597 4149 923 4217 ἀπόστολοι,
970 4152 1069 4203 καὶ
1141 4151 1281 4204 κατά
1327 4153 1389 4203 τὸ
1425 4152 1755 4222 σωματικῶς

157 4245 304 4309 ἰδεῖν,
356 4245 458 4298 καὶ
509 4242 654 4295 κατά
692 4244 753 4294 τὸ
789 4243 1310 4314 πνευματικώτερον
1366 4244 1641 4314 μυηθῆναι
1687 4247 1757 4300 τά

154 4339 288 4394 θεῖα,
322 4335 631 4407 Σαφηνίζει
671 4334 765 4387 οὖν
791 4336 890 4404 τὴν
928 4336 1244 4407 παραϐολὴν
1292 4339 1406 4400 τοῖς
1462 4338 1752 4407 μαθηταῖς,

153 4432 322 4498 ibme
342 4448 358 4462 ⁹

1879 538 2022 594 Dicit
2086 541 2230 594 enim
2293 540 2439 609 quod
2505 540 2751 594 videntes
2821 547 3039 601 natura,
3103 539 3205 592 hoc
3264 548 3369 602 est,
3438 554 3466 593 ει

1879 630 1987 684 Deo
2016 628 2165 693 facti,
2195 641 2252 686 ut
2284 640 2477 684 natura
2521 629 2825 700 intelligere
2869 629 3103 698 possint,
3136 644 3240 682 nou
3283 632 3469 684 vident

1878 720 2203 785 voluntarie,
2245 728 2300 773 et
2326 720 2632 785 audientes,
2664 722 2766 774 hoc
2795 728 2901 782 est,
2938 719 3266 773 naturaliter
3297 732 3326 771 a
3360 719 3471 773 Deo

1878 814 1952 867 ita
1984 813 2137 880 facti,
2167 823 2227 867 ut
2258 816 2449 868 audire
2476 824 2531 869 et
2583 814 2885 883 intelligere
2909 823 3137 883 queant,
3170 828 3274 866 non
3306 813 3465 868 nudi-

1877 915 1972 958 unt
2037 918 2209 975 neque
2280 904 2590 975 intelligunt
2649 914 2871 972 propter
2946 904 3308 958 voluntatem.
3372 903 3469 955 Dic

1876 998 2048 1065 enim,
2107 1014 2313 1067 quasi),
2340 1014 2409 1051 an
2446 1012 2550 1051 non
2600 996 2858 1050 videbant
2905 995 3168 1050 miracula
3222 996 3473 1049 Christi?

1876 1091 2127 1147 Profecto
2155 1090 2290 1147 :'sed
2340 1089 2612 1145 faciebant
2657 1090 2868 1159 seipsos
2892 1103 3086 1152 caecos,
3114 1098 3169 1142 et
3201 1088 3466 1143 laxabant

1874 1198 2019 1239 etim.
2068 1181 2182 1239 Hoc
2214 1197 2344 1253 ergo
2390 1194 2497 1249 est,
2531 1182 2775 1237 videntes
2818 1197 2923 1235 nou
2955 1180 3167 1235 vident.
3231 1182 3469 1235 Adtlucit

1875 1278 2040 1346 igitur
2064 1286 2116 1331 et
2139 1276 2460 1346 prophetam
2501 1285 2713 1329 testem.

1947 1368 2114 1424 Vens.
2146 1369 2235 1434 14,
2290 1370 2375 1425 15.
2419 1387 2436 1419 ι
2479 1369 2545 1423 Ει
2594 1368 2850 1438 impletur
2898 1367 2952 1422 in
3003 1366 3111 1422 illis
3175 1365 3465 1436 praphetia

1875 1463 2029 1517 Isaia:
2066 1479 2186 1533 qua:
2207 1463 2373 1518 dicit:
2408 1462 2649 1517 Auribus
2681 1461 2937 1524 audietis,
2961 1470 3015 1516 et
3046 1475 3150 1515 non
3181 1460 3461 1527 intellige-

1874 1558 1986 1613 tis:
2020 1566 2074 1611 et
2108 1556 2355 1610 videntes
2398 1555 2668 1619 videbitis,
2698 1564 2753 1608 et
2793 1570 2898 1608 non
2950 1553 3210 1609 cernetis.
3250 1552 3464 1605 literas-

1872 1659 2049 1706 Satutn
2099 1659 2184 1704 est
2231 1650 2377 1702 enim
2420 1664 2517 1703 eor
2564 1647 2744 1716 populi
2792 1646 2975 1713 huius,
3001 1656 3055 1701 et
3085 1646 3312 1699 auribus
3339 1660 3463 1714 gra-

1875 1748 2015 1799 viter
2057 1744 2369 1806 audierunt,
2420 1754 2475 1797 et
2521 1742 2706 1796 oculos
2762 1757 2890 1797 suos
2944 1741 3316 1803 occluserunt,
3370 1756 3463 1793 ne-

1870 1838 2089 1904 quando
2143 1835 2390 1889 viderent
2451 1834 2663 1897 oculis,
2702 1843 2756 1889 et
2812 1833 3037 1887 auribus
3092 1832 3348 1887 audirent
3406 1841 3460 1885 ct

1870 1931 2033 1982 corde
2055 1928 2438 1997 intelligerent,
2464 1936 2939 1991 eteonvertautur,
2969 1933 3020 1979 et
3044 1940 3230 1977 sanem
3274 1925 3411 1977 illos.
3438 1942 3456 1975 ι

1870 2021 2033 2076 Vides
2067 2021 2195 2089 quid
2230 2022 2373 2075 dicat
2412 2018 2746 2090 prophetia?
2779 2033 3061 2087 pr0pterea
3101 2033 3206 2073 non
3250 2016 3464 2070 intelli—

1868 2116 2027 2180 getis,
2062 2128 2165 2166 non
2201 2111 2339 2179 quod
2391 2126 2639 2164 crassum
2695 2110 2995 2165 creaverim
3049 2124 3144 2163 cor
3194 2116 3460 2170 vestrum,

1868 2193 1960 2260 sed
2007 2205 2150 2274 quod
2197 2205 2559 2257 inerassatum
2592 2203 2683 2265 sit,
2712 2204 2854 2271 quod
2912 2210 3069 2256 antea
3108 2199 3460 2256 manifestum

1866 2307 1949 2351 est
2012 2295 2207 2351 subtile
2265 2296 2453 2350 fuisse.
2507 2296 2658 2361 Quod
2712 2296 2857 2349 enirn
2914 2296 3272 2361 incrassatnr,
3312 2295 3464 2361 prius

1865 2401 2025 2444 tenue
2048 2387 2145 2442 fuit
2176 2406 2188 2441 :
2220 2389 2528 2442 incrassato
2586 2396 2766 2442 autem
2817 2388 2926 2453 illo,
2964 2387 3042 2441 sic
3092 2386 3277 2441 oculos
3333 2401 3462 2441 suos

1865 2481 2216 2536 occluserunt
2244 2499 2258 2534 :
2291 2497 2399 2535 non
2440 2480 2579 2533 dixit
2610 2482 2753 2550 quod
2802 2481 3098 2534 occ-luserit
3142 2479 3332 2533 oculos
3363 2494 3455 2531 en-

1865 2589 1984 2626 rum
2023 2574 2186 2636 Deus,
2224 2572 2314 2625 sed
2353 2571 2427 2625 illi
2468 2586 2566 2624 sua
2604 2572 2901 2624 voluntate.
2938 2570 3069 2623 Illud
3107 2569 3250 2623 enim
3314 2566 3458 2623 fece-

1865 2675 2022 2731 runt,
2054 2664 2264 2732 inquit,
2312 2678 2379 2720 ne
2408 2673 2822 2728 convertantur,
2852 2674 2904 2717 et
2943 2677 3132 2715 sanem
3174 2661 3313 2713 illos.
3349 2659 3458 2712 Sua

1861 2753 2010 2808 enim
2044 2754 2250 2807 malitia
2298 2769 2519 2824 operam
2544 2752 2811 2808 dederunt
2841 2763 2899 2807 ut
2933 2752 3259 2807 incurahiles
3307 2758 3361 2807 et
3392 2752 3457 2805 ad

1861 2845 2278 2901 conversionem
2314 2846 2480 2917 inepti
2514 2846 2730 2901 tierent.

1936 3034 2099 3087 Vens.
2134 3032 2223 3098 16,
2260 3031 2347 3086 17.
2378 3052 2397 3084 ι
2435 3032 2617 3089 Vestri
2642 3046 2772 3088 vero
2799 3033 2941 3087 beati
2976 3044 3105 3089 sunt
3137 3032 3299 3100 oeuli,
3332 3034 3456 3103 quia

1867 3126 2085 3191 vident;
2115 3135 2169 3180 et
2199 3142 2357 3182 aures
2385 3136 2601 3192 vesti-aa,
2628 3130 2751 3195 quia
2782 3127 3028 3180 audiunt.
3057 3128 3229 3180 Amen
3259 3126 3458 3196 quippe

1858 3216 1979 3271 dico
2008 3217 2184 3280 vobis,
2227 3217 2371 3286 quod
2408 3217 2565 3271 multi
2604 3218 2883 3286 propheta:
2918 3228 2971 3271 et
3004 3217 3133 3286 justi
3172 3217 3457 3272 desidera-

1859 3319 2053 3365 verunt
2078 3309 2266 3363 videre
2292 3324 2413 3378 quae
2446 3308 2665 3376 videtis,
2700 3319 2753 3365 et
2798 3324 2904 3364 non
2948 3312 3201 3365 viderunt
3229 3329 3240 3364 :
3270 3320 3324 3365 ct
3360 3326 3459 3364 au—

1858 3403 1977 3457 dire
2015 3416 2135 3471 quae
2174 3402 2398 3465 auditis,
2427 3409 2481 3455 et
2519 3416 2626 3454 non
2663 3401 2979 3457 audierunt.
3020 3421 3037 3453 ι
3076 3401 3139 3454 Ει
3170 3403 3458 3457 sensibiles

1858 3499 2078 3567 quidem
2107 3497 2479 3567 apostolorum
2504 3496 2645 3550 oeuli
2674 3506 2729 3551 et
2752 3512 2912 3552 aures
2944 3498 3137 3560 beatae,
3168 3497 3262 3552 sed
3287 3498 3457 3553 multo

1859 3592 2032 3659 magis
2089 3588 2400 3659 spirituales
2467 3588 2608 3642 oculi
2663 3600 2828 3659 atque
2887 3605 3052 3646 aures
3112 3589 3458 3645 beatitudine

1858 3685 2034 3753 digna:
2082 3683 2227 3753 quod
2284 3693 2622 3751 agnoverunt
2671 3683 2978 3738 Christum.
3011 3682 3237 3739 Praefert
3272 3694 3457 3738 autem

1860 3780 1979 3835 illos
2019 3781 2319 3850 prophetis,
2352 3796 2418 3834 eo
2450 3782 2595 3848 quod
2660 3780 2711 3834 Ιιί
2761 3780 3043 3836 Christum
3101 3781 3462 3851 corporaliter

1860 3875 2131 3935 viderunt,
2160 3872 2235 3927 illi
2276 3874 2590 3927 mentaliter
2614 3883 2849 3937 tantum,
2874 3874 2968 3928 sed
2996 3884 3051 3929 et
3078 3875 3223 3944 quod
3244 3874 3319 3927 illi
3353 3890 3458 3927 non

1861 3964 2097 4019 assecuti
2134 3963 2357 4017 fuerunt
2385 3972 2535 4017 tanta
2571 3964 2833 4033 mysteria
2882 3972 2938 4017 et
2986 3964 3147 4017 talem
3202 3965 3455 4018 umitiam

1860 4065 2123 4127 quantum
2153 4058 2209 4111 ii.
2238 4057 2293 4111 lu
2342 4056 2554 4113 duobus
2598 4058 2742 4111 enim
2793 4057 3177 4128 praecellebant
3215 4059 3453 4127 prophe-

1865 4160 1945 4203 tas
1968 4147 2227 4216 apnstoli,
2252 4158 2306 4201 et
2340 4148 2699 4217 corporaliter
2733 4148 2983 4214 vivendo,
3013 4157 3068 4203 et
3098 4148 3273 4217 magis
3296 4149 3458 4218 spiri-

1863 4241 2084 4297 tualiter
2110 4240 2459 4311 intelligendo
2492 4240 2698 4294 divina.
2728 4239 3044 4295 Manifestat
3076 4240 3244 4311 igitur
3296 4256 3456 4309 para-

1860 4335 2038 4389 bolam
2073 4334 2379 4404 discipulis,
2413 4334 2601 4388 dicens
2650 4354 2661 4387 :

1939 4421 2368 4487 Vsus.18,19.
2428 4442 2445 4474 ι
2504 4421 2609 4478 Vos
2666 4424 2832 4493 igitur
2898 4425 3080 4481 audite
3139 4423 3454 4495 parabolatn

221 4542 239 4573 ι
296 4523 499 4592 Ὑμεῖς
531 4521 625 4575 οὖν
658 4521 934 4575 ἀκούσατε
962 4523 1061 4593 τὴν
1093 4521 1414 4593 παραϐολὴν
1446 4522 1539 4575 τοῦ
1591 4524 1744 4576 σπεί-

1871 4518 2197 4571 seminantis.
2230 4517 2364 4573 Cum
2418 4520 2544 4588 quis
2575 4521 2815 4573 audierit
2850 4535 3159 4574 sermonem
3196 4522 3369 4590 regni,
3403 4532 3457 4575 et

155 4632 362 4683 ροντος.
413 4615 633 4678 Παντὸς
664 4614 957 4679 ἀκούοντος
984 4616 1075 4669 τὸν
1101 4616 1258 4684 λόγον
1289 4617 1387 4687 τῆς
1444 4615 1743 4684 βασιλείας,

152 4710 236 4757 καὶ
268 4707 349 4775 μὴ
382 4707 690 4770 συνιέντος,
725 4706 942 4775 ἔρχεται
973 4708 1000 4759 ὁ
1030 4708 1263 4778 πονηρὸς
1293 4710 1388 4762 καὶ
1420 4709 1659 4779 ἁρπάζει
1689 4710 1747 4761 τὸ

150 4797 507 4868 ἐσπαρμένον
532 4797 591 4849 ὲν
612 4799 678 4866 τῇ
715 4797 910 4868 καρδίᾳ
935 4797 1123 4861 αὑτοῦ,
1160 4790 1322 4862 οὗτός
1362 4801 1510 4852 ἐστιν
1540 4802 1568 4851 ὁ
1595 4799 1746 4869 παρὰ

149 4894 240 4959 τὴν
266 4891 397 4944 ὁδον
430 4890 688 4959 σπαρείς.
731 4908 748 4940 ι
780 4891 1157 4961 Προτρέπεται
1200 4893 1348 4961 ἡμᾶς
1374 4894 1452 4954 εἰς
1480 4893 1540 4945 τὸ
1572 4894 1747 4945 συνιέ‹

151 5003 230 5035 ναι
261 4986 377 5037 τῶν
411 4984 732 5052 λεγομένων
782 4984 934 5053 παρὰ
972 4983 1079 5037 τῶν
1127 4985 1511 5049 διδασκόντων,
1549 4987 1635 5037 ἵνα
1671 4986 1745 5055 μὴ

154 5081 237 5127 καὶ
267 5077 443 5145 ἡμεῖς
469 5075 651 5142 ὅμοιοι
684 5068 835 5143 ὦμεν
866 5077 978 5137 τοῖς
1021 5075 1173 5145 παρά
1201 5077 1299 5145 τὴν
1330 5077 1479 5129 ὁδόν·
1534 5079 1745 5152 μήποτε

153 5169 219 5227 δὲ,
254 5168 382 5220 ἐπεὶ
415 5168 536 5229 ὁδός
586 5169 735 5219 ἐστιν
762 5168 790 5219 ὀ
819 5168 1072 5236 Χριστὸς,
1109 5169 1264 5237 παρά
1310 5169 1409 5239 τὴν
1454 5170 1571 5221 ὁδόν
1607 5171 1747 5221 εἰσιν

153 5264 196 5312 οἱ
233 5262 342 5326 ἔξω
376 5259 475 5313 τοῦ
525 5260 791 5330 Χριστοῦ.
825 5261 888 5314 υἱ
920 5263 1020 5314 οὐκ
1054 5264 1195 5315 εἰσὶν
1222 5264 1280 5313 ὲν
1312 5266 1378 5333 τῇ
1429 5264 1556 5333 ὀδῷ,
1609 5263 1747 5317 ἀλλὰ

158 5352 434 5422 παρεκτὸς
465 5352 569 5421 τῆς
600 5352 742 5405 ὀδοῦ.

223 5466 238 5495 ι
292 5448 356 5498 Ὀ
382 5446 441 5497 δὲ
474 5447 571 5497 ὲπὶ
595 5446 664 5497 τά
694 5445 947 5515 πετρώδη
975 5448 1228 5517 σπαρεὶς,
1252 5440 1404 5511 οὗτος
1433 5452 1579 5502 ἐστιν
1608 5454 1634 5502 ὁ
1657 5452 1743 5503 τὸν

158 5538 301 5604 Myrr;
358 5538 580 5601 ἀκούων
640 5538 732 5589 καὶ
788 5536 947 5596 εὐθὺς
1016 5540 1154 5591 μετὰ
1212 5542 1387 5611 χαρᾶς
1446 5540 1739 5610 λαμϐάνων

1854 4626 1960 4664 non
1987 4611 2345 4677 intellexerit,
2376 4614 2525 4666 vadit
2557 4614 2826 4683 malignus
2846 4613 2954 4681 ille,
2982 4624 3035 4669 et
3058 4614 3449 4685 rapitinsitum

1857 4703 1909 4756 in
1940 4717 2037 4757 cor
2078 4707 2210 4771 ejus.
2244 4703 2345 4757 llic.
2373 4714 2456 4759 est
2489 4706 2579 4772 qui
2608 4706 2764 4772 juxta
2796 4707 2936 4759 viam
2960 4707 3263 4761 setniuatus
3287 4716 3390 4761 cat.
3429 4726 3447 4759 ι

1858 4798 2204 4851 Adhortatur
2257 4814 2355 4851 nos
2398 4798 2465 4851 ad
2521 4798 2940 4867 intelligendum
2981 4813 3101 4865 quae
3136 4798 3391 4852 dicuntur
3421 4814 3449 4852 a

1857 4889 2205 4955 docentibus,
2232 4904 2298 4943 nc
2331 4900 2386 4943 et
2424 4906 2522 4943 nos
2558 4890 2764 4943 similes
2808 4891 3003 4944 fiamus
3036 4891 3120 4943 his
3158 4891 3247 4959 qui
3292 4890 3447 4957 juxta

1860 4984 2021 5035 viam.
2051 4980 2308 5035 Fortasse
2354 4992 2533 5034 autem
2566 4982 2689 5048 quia
2725 4982 2807 5034 via
2841 4992 2921 5035 est
2954 4982 3207 5036 Christus
3232 4981 3331 5052 (τι),
3358 4983 3449 5051 qui

1852 5090 2009 5130 secus
2051 5073 2191 5127 viain
2221 5081 2367 5139 sunt,
2398 5076 2449 5129 hi
2477 5085 2629 5127 extra
2657 5075 2935 5129 Christum
2968 5083 3117 5139 sunt,
3154 5090 3259 5128 non
3302 5075 3446 5128 enim

1850 5176 1978 5221 sunt
2006 5165 2061 5219 in
2086 5166 2193 5229 via,
2222 5166 2314 5220 sed
2346 5176 2496 5219 extra
2530 5166 2694 5221 viam.

1922 5448 2085 5501 Vens.
2114 5447 2206 5510 ΞΟ,
2232 5449 2315 5502 ΞΙ.
2358 5466 2376 5499 ι
2424 5452 2491 5503 At
2532 5451 2620 5519 qui
2689 5452 2739 5503 in
2782 5461 2995 5519 petrosa
3027 5466 3210 5506 semen
3240 5454 3443 5523 jactum

1851 5554 2159 5612 exceperat,
2212 5545 2297 5597 hic
2323 5556 2405 5597 est
2443 5544 2531 5616 qui
2565 5562 2872 5600 scrtuouetu
2904 5546 3072 5611 audit,
3104 5564 3163 5601 ac
3198 5546 3444 5614 protinus

220 5786 291 5842 (α)
330 5778 480 5834 ειιιι.
511 5776 637 5832 Lut.
669 5779 755 5846 qui
788 5789 937 5832 extra
983 5781 1250 5833 Christum
1298 5795 1439 5837 sunt.
1468 5782 1517 5834 lu
1550 5784 1739 5837 (ξιξερο

1872 5796 1991 5839 etur
2023 5786 2225 5854 aliquid
2260 5791 2466 5843 deesse.
