4004 6416
628 307 744 375 233

1514 301 2095 367 ΤΗΕΟΡΗΪΕΑΕΤΙ
2136 298 2551 363 BULGARUE
2593 297 2955 361 ARCHIEP.

3752 299 3871 364 ων

626 436 751 475 cum
766 418 956 490 gaudio
974 418 1162 487 arripit
1179 432 1299 472 eum
1318 434 1331 471 :
1356 430 1460 471 nun
1481 418 1640 477 habet
1663 429 1839 471 autem
1861 418 2097 470 radicem
2132 414 2184 468 in

2304 414 2474 478 ιύτὸν,
2511 414 2609 467 οὐκ
2636 412 2748 483 εχει
2779 412 2833 466 δὲ
2859 413 3018 481 ῥίζαν
3045 410 3102 464 ἂν
3127 410 3330 481 ἑαυτῷ,
3366 410 3504 466 ἀλλὰ
3532 413 3870 483 πρόσκαιρός

628 513 832 576 seipse,
860 508 954 563 sed
989 507 1349 576 temporarius
1379 517 1483 562 est.
1522 527 1539 558 ι
1572 508 1740 562 Porro
1776 523 1895 562 cum
1932 507 2187 561 inciderit

627 600 1023 670 persecutioch
1050 599 1264 655 amictio
1288 609 1506 669 propter
1532 614 1855 664 sermonem,
1880 601 2060 654 statim
2077 600 2185 670 67

626 691 934 754 utl‘enditttr.
962 688 1220 753 Aﬂlietio,
1251 692 1449 759 inquit.
1480 693 1603 761 quia
1621 690 1773 747 multi
1808 710 1835 745 ιι
1871 693 2188 760 parentibus

626 783 709 835 vel
770 781 889 835 aliis
942 781 1221 836 infortunii
1278 780 1500 847 amicti,
1551 782 1731 837 statim
1790 781 2186 851 lilasphemant.

626 870 934 923 Persecutio
963 881 1142 925 autem
1188 873 1317 927 dicit
1355 880 1579 943 propter
1623 886 1720 927 eos
1749 872 1947 939 quibus
1977 872 2186 943 tyranni

625 962 837 1015 molesti
865 972 1010 1016 sunt.

701 1052 976 1107 Vsn5.22.
1019 1074 1039 1106 ε
1081 1054 1147 1107 At
1174 1055 1263 1122 qui
1312 1054 1363 1107 in
1408 1054 1592 1123 spinas
1641 1070 1827 1111 semen
1877 1064 2187 1130 exceperat,

626 1138 711 1194 hic
739 1151 822 1195 est
858 1143 947 1209 qui
983 1143 1205 1196 verbum
1258 1144 1429 1208 audit,
1456 1152 1511 1199 et
1540 1160 1667 1198 cura
1709 1146 1887 1199 saeculi
1948 1146 2105 1216 hujus
2136 1156 2189 1201 et

626 1230 871 1298 deceptio
895 1232 1199 1286 divitiarum
1220 1232 1444 1287 suil‘ocat
1474 1236 1716 1300 verbum,
1743 1245 1797 1290 et
1826 1236 2024 1291 sterilis
2052 1238 2128 1291 lit.
2164 1259 2184 1291 ι

627 1319 741 1375 Nan
774 1323 928 1389 dixit,
963 1324 1221 1381 Saeculum
1252 1326 1351 1381 hoc
1378 1324 1635 1388 suﬂocat.
1664 1329 1757 1381 sed
1781 1326 1921 1382 Cura
1964 1331 2143 1384 StBCUIi
2171 1349 2185 1386 :

627 1428 800 1483 neque
825 1414 1152 1479 Divitizc,sed
1175 1418 1418 1488 deceptio
1454 1420 1782 1475 divitiarum.
1811 1421 2014 1475 Divitia:
2042 1423 2187 1477 enim

627 1507 839 1572 quando
888 1506 1289 1578 disperguntur,
1344 1525 1449 1565 non
1502 1510 1787 1576 sutIocant,
1815 1513 1907 1566 sed
1942 1529 2189 1569 crescere

630 1596 832 1649 faciunt
863 1598 1103 1652 verbum.
1140 1599 1317 1668 Spinze
1355 1610 1562 1665 autem,
1597 1618 1747 1657 cura:
1768 1613 1823 1657 et
1866 1604 2092 1666 delici.c.
2123 1621 2189 1661 eo

626 1691 767 1755 quod
808 1688 982 1759 ignem
1015 1694 1456 1761 concupiscentiae
1481 1702 1537 1749 et
1581 1696 1838 1765 gehennae
1861 1698 2185 1753 accendunt.

637 1777 697 1830 Et
726 1780 1031 1848 sicutspiua
1057 1795 1208 1837 acuta
1236 1784 1286 1837 in
1324 1800 1519 1854 corpus
1555 1795 1821 1856 penetrat.
1842 1797 1896 1843 et
1930 1790 2036 1844 vix-
2063 1806 2186 1844 era-
2222 1778 2260 1830 Β

628 1871 875 1925 dicatur:
909 1875 987 1928 sic
1046 1886 1097 1930 et
1149 1876 1351 1932 deliciae
1393 1879 1784 1937 invaleseentes
1840 1882 1895 1936 iu
1946 1884 2185 1939 animum

630 1961 1022 2033 ingrediuntur,
1058 1969 1214 2026 etvix
1248 1971 1612 2027 eradicantur.

702 2238 857 2296 Vens.
885 2243 977 2298 25.
1007 2258 1026 2294 ι
1067 2243 1333 2299 Caeterum
1360 2246 1447 2314 qui
1471 2247 1521 2300 in
1556 2255 1752 2302 terram
1790 2249 1983 2304 bonam
2027 2266 2159 2306 exce

625 2332 699 2398 pit
730 2346 937 2398 semen,
968 2333 1053 2387 hic
1082 2342 1163 2387 est
1204 2335 1292 2401 qui
1326 2337 1549 2390 verbum
1606 2339 1753 2392 audit
1808 2350 1861 2394 et
1911 2342 2185 2410 intelligit.

627 2423 720 2488 qui
782 2424 1010 2492 denique
1041 2423 1272 2479 fructum
1312 2427 1484 2480 reddit
1514 2440 1568 2482 et
1617 2429 1765 2495 facit,
1799 2431 1935 2486 alius
1972 2434 2187 2501 quidem

626 2514 1106 2578 centuplum,alius
1136 2531 1263 2572 vero
1280 2522 1714 2590 sexagecuplum,
1734 2523 1870 2577 alius
1891 2535 2069 2577 autem
2094 2526 2190 2577 tri-

624 2606 925 2671 gceuplum.
956 2626 975 2658 ι
1015 2606 1184 2663 Varia
1210 2611 1422 2665 virtutis
1446 2615 1656 2681 species
1686 2624 1832 2679 sunt,
1850 2617 1985 2677 varii
2011 2625 2065 2673 et
2096 2618 2188 2687 qui

626 2697 928 2761 proﬁciunt.
965 2698 1095 2753 Vide
1130 2710 1305 2755 autem
1328 2704 1572 2759 ordinem
1607 2708 1659 2759 in
1683 2709 1959 2775 parabola.
1996 2708 2182 2779 Opor-

629 2797 701 2840 ιρι
726 2788 865 2842 enim
901 2805 999 2844 nos
1045 2792 1275 2859 primum
1306 2794 1493 2849 audire
1536 2811 1838 2852 sermonem
1900 2809 1956 2855 et
1994 2801 2189 2855 intelli-

629 2893 757 2943 gere
786 2894 852 2932 ne
874 2882 1043 2935 simus
1070 2879 1209 2936 sicut
1238 2885 1330 2953 qui
1355 2886 1509 2955 juxta
1539 2887 1701 2942 viam.
1731 2889 1933 2949 Deinde
1963 2892 2189 2947 ﬁrmiter

632 2972 863 3027 retinere
916 2976 1055 3043 quod
1107 2976 1351 3031 auditum
1406 2989 1538 3035 est:
1593 2992 1852 3052 praeterea
1909 3000 2016 3040 non
2070 3001 2189 3042 esse

630 3070 899 3135 amatores
925 3080 1106 3132 opum.
1143 3067 1281 3131 Quid
1326 3070 1467 3124 enim
1504 3074 1768 3139 proderit,
1797 3074 1842 3127 si
1870 3074 2093 3131 audiero
2136 3086 2191 3131 et

568 3158 571 3161 ‘
632 3144 923 3216 retinuere,
955 3161 1008 3206 et
1033 3156 1537 3216 divitiarumamore
1566 3162 1844 3219 suﬂ'ocor?

704 3241 1061 3299 ans.‘24-30.
1096 3265 1115 3298 ‹
1144 3242 1319 3301 Aliam
1352 3252 1658 3319 parabolam
1679 3256 1956 3325 proposuit
1987 3257 2090 3323 eis,
2111 3259 2196 3313 di-

633 3344 790 3399 cens:
821 3332 1224 3392 Similel'actnm
1244 3349 1326 3395 est
1345 3354 1563 3409 regnum
1584 3344 1845 3399 emlorum
1876 3347 2078 3402 homini
2104 3364 2192 3403 se—

632 3422 854 3476 minanti
874 3424 1073 3480 bonum
1098 3442 1281 3484 semen
1299 3430 1351 3484 in
1379 3447 1507 3499 agro
1522 3448 1656 3501 suo;
1686 3438 1779 3491 sed
1805 3437 2196 3496 dormientibus

632 3514 935 3571 hominibus
968 3520 1113 3574 venit
1148 3520 1288 3577 illius
1318 3524 1565 3581 inimicus
1587 3529 1948 3584 etseminavit
1985 3534 2194 3587 zizania

628 3604 773 3659 inter
807 3607 1063 3676 triticum,
1118 3610 1373 3680 abiitque.
1417 3612 1549 3667 Cum
1605 3628 1785 3672 autem
1840 3622 2199 3689 germinasset

632 3696 819 3764 herba,
843 3709 897 3755 et
924 3700 1153 3757 fructum
1185 3702 1420 3771 fecisset,
1464 3714 1587 3761 tunc
1610 3723 2037 3778 apparueruntet
2055 3716 2199 3769 ziza-

633 3790 745 3845 nia.
766 3792 1094 3848 Accedentes
1119 3786 1297 3849 autém
1332 3796 1473 3850 servi
1509 3798 1909 3864 patrisfamilias
1948 3805 2200 3859 dixerunt

636 3882 759 3936 illi:
806 3881 1054 3949 Domine,
1087 3900 1264 3942 nonne
1308 3886 1506 3940 bonum
1540 3903 1724 3943 semen
1782 3894 2083 3950 setninaras
2144 3896 2195 3949 in

638 3983 727 4025 tuo
761 3975 923 4041 agro?
953 3977 1092 4029 unde
1121 3976 1457 4045 igiturhabet
1485 3978 1691 4035 zizania
1720 3980 1742 4033 ?
1769 3979 1861 4035 ille
1902 3998 2028 4036 vero
2060 3986 2197 4040 dixit

638 4068 744 4123 illis
776 4068 1065 4123 :lnimicus
1093 4073 1252 4126 homo
1278 4073 1377 4126 hoc
1395 4073 1537 4126 fecit.
1572 4072 1722 4127 Servi
1743 4084 1917 4127 autem
1948 4075 2200 4130 dixerunt

637 4159 711 4212 illi
748 4178 759 4212 :
801 4158 895 4214 Vis
924 4161 1084 4229 igitur
1125 4162 1398 4228 abeamus,
1430 4174 1483 4218 et
1526 4165 1837 4235 colligamus
1885 4166 1984 4221 ea?
2014 4170 2081 4221 At
2111 4169 2200 4225 ille

638 4252 769 4303 dixit
807 4250 966 4304 :Non
999 4270 1011 4305 :
1044 4267 1110 4305 ne
1159 4254 1281 4307 dum
1321 4255 1573 4324 colligitis
1622 4256 1863 4323 zizania,
1915 4262 2198 4316 eradicetis

637 4338 794 4391 simul
837 4354 955 4393 cum
1006 4340 1109 4394 illis
1140 4351 1192 4395 et
1228 4343 1463 4397 triticum
1495 4346 1695 4401 :sinite
1725 4346 1925 4413 pariter
1954 4364 2198 4407 crescere

2290 506 2429 558 ἑστι.
2478 525 2499 556 ι
2542 505 2845 574 Γενομένης
2890 504 2949 555 δὲ
2994 502 3224 571 θλίψεως
3266 502 3298 571 ἢ
3344 502 3587 572 διωγμοῦ
3631 502 3713 555 διὰ
3773 505 3869 554 τὸν

2289 598 2469 665 λόγον,
2511 596 2671 660 εὐθὺς
2725 595 3164 659 σκανδαλίζεται.
3210 594 3457 663 Θλίψεως
3504 592 3689 658 εἶπεν,
3743 594 3868 647 ἐπεὶ

2292 689 2477 742 πολλοὶ
2526 688 2634 741 ὑπὸ
2677 685 2943 756 γονέωνῆ
2983 684 3160 739 ἄλλων
3193 684 3491 755 συμφορῶν
3531 685 3867 755 θλιϐόμενοι.

2290 781 2451 844 εὐθὺς
2486 779 2908 849 βλασφημοῦσιο
2960 776 3201 848 διωγμοῦ
3236 776 3313 840 δὲ,
3353 776 3444 831 διὰ
3473 776 3599 841 τοὺς
3627 778 3721 830 ἐπὶ
3759 775 3870 829 τών

2290 874 2573 944 τυράννων
2612 890 2687 926 πα
2695 871 3087 941 ραπίπτοντας.

2368 1076 2387 1109 ι
2437 1056 2493 1109 ’0
2527 1055 2587 1107 δὲ
2629 1057 2708 1117 είς
2752 1057 2849 1116 τάς
2890 1052 3131 1117 ἀκάνθας
3172 1054 3423 1125 σπαρεὶς,
3446 1046 3605 1117 οὗτός
3648 1054 3794 1107 ἔστιν
3834 1056 3867 1105 6

2292 1148 2383 1201 τὸν
2405 1147 2566 1215 λόγον
2601 1146 2836 1209 ἀκούων,
2863 1147 2957 1199 καὶ
2988 1148 3020 1219 ἡ
3054 1146 3292 1217 μέριμνα
3318 1145 3413 1199 τοῦ
3442 1147 3640 1209 αἰῶνος
3675 1147 3871 1200 τούτου

2294 1242 2387 1296 καὶ
2437 1242 2470 1309 ή
2533 1239 2716 1308 ἀπάτη
2764 1238 2857 1290 τοῦ
2906 1238 3141 1291 πλούτου
3204 1238 3501 1308 συμπνίγει
3553 1236 3642 1289 τὸν
3685 1236 3872 1299 λόγον,

2294 1332 2388 1386 καὶ
2409 1334 2653 1398 ἄκαρπος
2690 1329 2917 1397 γίνεται.
2962 1347 2979 1379 t
3015 1329 3128 1382 Ούκ
3149 1323 3320 1392 εἷπεν,
3343 1329 3425 1380 ὅτι
3461 1328 3520 1380 '0
3542 1328 3674 1380 αίὼν
3711 1321 3874 1388 οὗτος

2297 1420 2736 1493 συμπνίγει,άλλ’
2764 1421 2828 1473 Ἠ
2853 1421 3090 1491 μέριμνα
3119 1420 3212 1471 τοῦ
3244 1419 3436 1482 αίῶνος
3458 1437 3472 1449 ·
3493 1419 3613 1471 οὐδὲ
3646 1418 3675 1471 6
3708 1417 3876 1470 πλοῦ-

2291 1532 2405 1577 τος,
2461 1513 2575 1566 ἀλλ’
2603 1515 2665 1567 Ἡ
2695 1512 2876 1582 ἀπάτη
2938 1512 3032 1564 τοῦ
3066 1511 3318 1565 πλούτου.
3372 1511 3430 1563 '0
3470 1510 3694 1574 πλοῦτος
3760 1510 3877 1581 γὰρ

2293 1606 2416 1659 ὅταν
2465 1605 2811 1675 σκορπισθῇ,
2862 1602 2921 1655 οὺ
2980 1602 3319 1671 συμπνίγει,
3388 1600 3505 1653 ἀλλ’
3566 1599 3722 1664 αῦξτι
3780 1602 3879 1652 τὸν

2295 1699 2449 1766 λόγον
2476 1714 2489 1728 ο
2515 1696 2750 1763 ἄκανθαι
2772 1696 2851 1760 δὲ,
2884 1696 2941 1749 αἱ
2971 1695 3236 1766 μέριμναι
3269 1694 3363 1745 καὶ
3386 1695 3442 1746 αἱ
3478 1694 3701 1761 τρυφαὶ,
3734 1693 3878 1753 διότι

2298 1791 2357 1844 τὸ
2402 1790 2511 1860 πῦρ
2544 1789 2639 1842 καὶ
2692 1788 2750 1840 τὸ
2792 1788 2891 1857 τῆς
2930 1785 3224 1855 ἐπιθυμίας
3286 1784 3473 1837 καὶτὸ
3516 1785 3613 1853 τῆς
3646 1787 3881 1853 γεέννης

2300 1882 2623 1934 ἀνάπτουσι.
2678 1879 2786 1930 Καὶ
2814 1876 3002 1947 ὥσπερ
3038 1878 3073 1945 ἡ
3108 1874 3319 1928 ἄκανθα
3349 1874 3496 1938 ὀξεῖα
3544 1870 3699 1941 οὖσα,
3749 1877 3877 1928 τίσ-

2304 1973 2455 2025 δύνει
2500 1974 2579 2034 είς
2640 1971 2698 2023 τὸ
2739 1970 2921 2039 σῶμα,
2973 1969 3066 2021 καὶ
3119 1967 3272 2039 μόλις
3328 1966 3669 2031 ἐκϐάλλεται,
3730 1966 3881 2021 οὕτω

2298 2066 2393 2119 καὶ
2448 2064 2716 2135 ήτρυφὴ,
2763 2062 2856 2116 ἐὰν
2913 2060 3089 2130 ψυχῆς
3152 2060 3427 2130 κρατήσῃ,
3466 2057 3719 2125 είσδύνει,
3779 2064 3880 2114 καὶ

2300 2158 2454 2228 μόλις
2507 2154 2837 2226 δκριζοῦται.

2378 2268 2395 2299 ι
2449 2249 2507 2300 '0
2557 2248 2611 2300 δὲ
2636 2248 2731 2299 ἐπὶ
2768 2246 2867 2314 τὴν
2916 2245 3017 2315 γῆν
3054 2243 3152 2313 τὴν
3202 2242 3370 2313 καλὴν
3424 2241 3679 2312 σπαρεὶς,
3716 2235 3881 2304 οὗτός

2300 2342 2445 2393 ἑστιν
2473 2344 2499 2392 6
2524 2340 2616 2391 τὸν
2645 2338 2801 2405 λόγον
2834 2336 3046 2390 ἀκούων
3078 2336 3171 2389 καὶ
3216 2334 3434 2399 συνιὼν,
3463 2334 3519 2395 ὃς
3550 2332 3613 2401 δὴ
3664 2349 3882 2404 καρπο-

2303 2434 2458 2500 φορεῖ
2486 2431 2575 2485 καλ⁵
2630 2431 2795 2491 ποιεῖ,
2827 2430 2854 2481 6
2893 2428 2990 2497 μὲν
3042 2426 3256 2489 ἑκατὸν,
3289 2427 3317 2477 6
3348 2424 3404 2478 δὲ
3434 2422 3723 2495 ἑξήκοντα,
3758 2425 3787 2475 6
3819 2423 3884 2475 δὲ

2301 2525 2613 2594 τριάκοντα.
2656 2541 2673 2575 t
2712 2522 2955 2589 Διάφορα
2990 2519 3059 2572 τὰ
3100 2520 3201 2587 τῆς
3232 2517 3433 2588 ἀρετῆς
3474 2516 3886 2586 εῖδη,διάφοροι

2303 2614 2398 2667 καὶ
2421 2615 2469 2665 οἱ
2508 2612 2924 2683 προκόπτοντες.
2968 2611 3107 2680 Ὅρα
3137 2610 3214 2673 δὲ,
3240 2611 3320 2663 ὅτι
3348 2608 3502 2672 τάξις
3542 2609 3689 2659 ἐστὶν
3718 2608 3776 2659 ὲν
3808 2610 3885 2677 τῇ

2301 2704 2607 2776 παραδολῇ.
2640 2706 2731 2757 Δεῖ
2766 2704 2871 2773 γὰρ
2918 2704 3067 2772 ἡμᾶς
3098 2702 3317 2773 πρῶτον
3364 2698 3465 2771 μὲν
3500 2699 3732 2753 άκοῦσαι
3782 2700 3885 2752 τὸν

2301 2797 2457 2866 λόγον
2501 2798 2595 2849 καὶ
2631 2795 2890 2857 συνιέναι,
2917 2795 3003 2847 ἴνα
3059 2796 3133 2863 μὴ
3182 2788 3329 2863 ὦμεν
3358 2792 3430 2853 ώς
3478 2792 3527 2845 oi
3567 2792 3717 2861 παρὰ
3777 2790 3887 2860 τὴν

2303 2888 2441 2943 όδόν.
2473 2890 2704 2941 Ἔπειτα
2736 2890 3030 2955 κατασχεῖν
3061 2885 3291 2954 έδραίως
3330 2884 3388 2935 τὸ
3415 2881 3703 2937 ἀκουσθέν.
3743 2878 3892 2935 Εἶτα

2310 2982 2383 3053 μὴ
2422 2982 2862 3051 φιλοχρημάτους
2907 2976 3067 3032 εἶναι.
3094 2978 3158 3030 Τί
3191 2979 3299 3046 γάρ
3321 2977 3520 3045 ὄφελος
3553 2978 3603 3028 εί
3657 2976 3892 3031 ἀκούσω

2305 3074 2401 3128 καὶ
2427 3074 2704 3143 κατάσχω,
2731 3074 2835 3125 ὑπὸ
2862 3071 2919 3124 δὲ
2943 3069 3375 3140 φιλοχρηματίας
3392 3067 3702 3141 συμπνίξω;

2374 3276 2392 3309 ι
2439 3257 2644 3327 Ἀλλην
2700 3254 3017 3325 παραϐολὴν
3075 3252 3388 3322 παρέθηκεν
3423 3253 3627 3317 αυτοῖς,
3655 3251 3833 3320 λέγων
3865 3268 3891 3285 ο

2305 3346 2635 3419 Ὦμοιώθηή
2671 3345 2918 3416 βασιλεία
2961 3344 3069 3396 τῶν
3112 3343 3359 3413 οὐρανῶν
3403 3342 3677 3414 ἀνθρώπῳ
3710 3344 3899 3413 ,σπεί-

2301 3456 2451 3509 ραντι
2483 3438 2643 3489 καλὸν
2675 3436 2893 3505 σπέρμα
2914 3436 2970 3487 ὲν
2992 3434 3066 3502 τῷ
3087 3432 3244 3502 ἀγρῷ
3270 3432 3457 3497 αὑτοῦ,
3492 3435 3549 3483 ἐν
3564 3434 3621 3485 δὲ
3644 3434 3721 3503 τῷ
3744 3434 3899 3487 καθ-

2297 3530 2470 3583 εύδειν
2507 3530 2633 3590 τοὺς
2679 3526 3023 3598 ἀνθρώπους,
3063 3522 3227 3595 ἦλθεν
3257 3525 3425 3577 αὐτοῦ
3474 3528 3503 3579 6
3527 3525 3745 3596 ἐχθρὸς,
3792 3531 3901 3581 καὶ

2300 3622 2524 3693 ἔσπειρε
2560 3620 2774 3684 ζιζάνια
2814 3620 2917 3672 άνὰ
2955 3619 3119 3686 μέσον
3142 3619 3236 3671 τοῦ
3278 3620 3449 3683 σίτου,
3482 3620 3576 3672 καὶ
3614 3619 3899 3685 ἀπῆλθεν.

2303 3716 2432 3769 Ὅτε
2479 3714 2537 3766 δὲ
2594 3712 2925 3781 ὲόλάστησεν
2954 3713 2982 3763 ὁ
3025 3712 3217 3782 χόρτος
3255 3711 3350 3765 καὶ
3394 3710 3606 3781 καρπὸν
3633 3711 3898 3780 ἐποίησε,

2300 3806 2421 3861 τότε
2485 3808 2659 3875 ἐφάνη
2704 3808 2796 3858 καὶ
2852 3804 2923 3857 τὰ
2982 3803 3223 3868 ζιζάνια.
3268 3803 3668 3873 Προσελθόντες
3721 3804 3783 3856 δὲ
3844 3808 3900 3858 οἱ

2299 3897 2471 3950 δοῦλοι
2517 3897 2611 3949 τοῦ
2661 3896 3063 3961 οἰκοδεσπότου,
3112 3891 3264 3947 εἷπον
3295 3886 3481 3965 αὐτῷ·
3517 3895 3715 3964 Κύριε,
3765 3898 3903 3966 οὐχὶ

2302 3989 2465 4041 καλὸν
2516 3990 2737 4057 σπέρμα
2790 3988 3055 4056 ἔσπειρας
3108 3988 3163 4040 ἐν
3222 3986 3299 4055 τῷ
3348 3988 3425 4055 σῷ
3481 3987 3677 4056 ἀγρῷ;
3713 3988 3905 4043 Πόθεν

2300 4079 2392 4131 οὖν
2424 4078 2535 4147 ἔχει
2559 4080 2626 4130 τὰ
2650 4078 2860 4141 ζιζάνια
2886 4096 2901 4141 ;
2944 4078 3001 4130 Ὀ
3030 4077 3084 4129 δὲ
3114 4078 3215 4147 ἔφη
3246 4078 3430 4142 αὐτοῖς
3454 4095 3468 4108 '
3499 4077 3729 4149 Ἐχθρὸς
3791 4082 3903 4135 ἄν..

2304 4170 2689 4239 θρωποςτοῦτο
2729 4170 3001 4237 ἐποίησεν.
3036 4172 3097 4222 Oi
3150 4170 3206 4221 δὲ
3244 4171 3419 4225 δοῦλοι
3483 4167 3637 4225 εἷπον
3693 4175 3888 4245 αὐτῷ*

2304 4264 2488 4325 Θέλεις
2511 4262 2605 4314 οὖν
2644 4262 2971 4325 ἀπελθόντες
2998 4262 3341 4331 συλλέξωμεν
3368 4266 3539 4331 αὑτά,
3578 4264 3637 4317 '0
3664 4265 3725 4318 δὲ
3758 4268 3903 4339 ἔφη’

2302 4353 2401 4407 Οὖ·
2432 4356 2644 4424 μήποτε
2671 4355 3026 4419 συλλέγοντες
3051 4358 3120 4407 τά
3146 4356 3382 4421 ζιζάνια,
3404 4356 3742 4427 ἐκριζώσητε
3769 4361 3907 4429 ἅμα

636 4438 862 4497 utraque
921 4446 1087 4498 usque
1132 4433 1199 4487 ad
1254 4449 1506 4500 messem,
1540 4446 1592 4490 et
1639 4439 1691 4491 in
1735 4448 1976 4508 tempore
2008 4442 2195 4496 messis

2305 4442 2486 4503 αὐτοῖς
2513 4442 2601 4494 τὸν
2623 4446 2998 4514 σῖτον.Ἀφετε
3023 4441 3113 4497 οὖν
3137 4445 3563 4510 συναυξάνεσθαι
3590 4450 3813 4516 άμφότε
3825 4470 3904 4521 pg

639 4522 810 4573 dicam
866 4524 1191 4577 messoribus
1244 4540 1258 4578 :
1303 4524 1549 4593 Colligite
1607 4529 1838 4595 primum
1892 4532 2195 4599 zizania,el

2312 4533 2471 4601 μέχρι
2498 4532 2590 4585 τοῦ
2623 4533 2907 4603 θερισμοῦ,
2935 4537 3029 4588 καὶ
3058 4537 3113 4590 ὲν
3154 4537 3231 4605 τῷ
3261 4536 3440 4607 καιρῷ
3475 4538 3567 4591 τοῦ
3615 4538 3907 4611 θερισμοῦ

638 4611 887 4679 colligute
923 4614 975 4665 in
1038 4614 1321 4669 fasciculos
1351 4619 1415 4671 ad
1463 4621 1889 4675 comburi-udum
1952 4639 2011 4678 ea
2042 4666 2055 4690 ,
2107 4628 2203 4681 tri-

640 4704 802 4755 ticum
848 4719 971 4757 vero
1020 4720 1339 4775 congregate
1394 4710 1446 4763 in
1505 4711 1759 4766 horreum
1818 4728 2023 4771 meum.
2078 4737 2097 4768 ι
2146 4719 2203 4773 In

641 4794 800 4862 priori
864 4795 1112 4863 parabola
1176 4799 1337 4865 dixit,
1399 4812 1646 4870 quartam
1713 4815 1917 4873 partem
1980 4808 2204 4862 seminis

640 4890 831 4942 cadere
868 4892 917 4941 in
954 4900 1147 4943 terram
1205 4894 1420 4961 bonum;
1460 4897 1512 4950 ir.
1572 4898 1675 4951 hac
1721 4910 1902 4956 autem
1943 4904 2202 4968 ostendit,

641 4980 989 5048 quod,nequc
1025 4982 1152 5035 illud
1188 4983 1359 5049 ipsum
1406 5002 1586 5041 semen
1619 4994 1757 5059 quod
1789 4993 1841 5046 in
1876 5003 2075 5049 terram
2111 4997 2206 5051 bo-

646 5085 764 5121 nam
802 5072 1027 5135 cecidit,
1061 5072 1431 5142 incorruptum
1490 5078 1628 5130 sinat
1668 5081 1858 5145 hostis,
1903 5085 2030 5137 dum
2102 5102 2201 5141 nos

640 5164 937 5241 dormimus
971 5176 1023 5218 et
1085 5168 1259 5235 ignavi
1296 5185 1501 5223 sumus.
1534 5173 1673 5238 Ager
1707 5179 1905 5231 ctenim
1972 5179 2202 5236 Mundus

644 5265 745 5316 est,
784 5255 859 5307 vel
893 5256 1123 5322 cujusvis
1171 5262 1367 5315 anima.
1402 5261 1568 5316 Porro
1598 5264 1844 5323 Christus
1876 5280 1957 5325 est
1988 5274 2079 5341 qui
2113 5288 2200 5328 se-

648 5344 883 5397 minavit.
920 5346 1118 5400 Bonum
1176 5365 1378 5415 semen,
1414 5354 1537 5409 boni
1576 5356 1821 5413 homines
1854 5362 1935 5415 vel
1990 5365 2198 5433 cogita-

644 5436 837 5489 tiones.
896 5438 1135 5505 Zizania,
1188 5442 1417 5499 haereses
1467 5448 1549 5501 vel
1602 5451 1757 5505 malae
1822 5454 2199 5522 cogitationes.

644 5524 747 5589 Qui
781 5543 905 5581 vero
954 5532 1185 5586 seminat
1245 5539 1378 5602 tunc,
1425 5538 1690 5597 diabolus.
1748 5547 1818 5598 At
1878 5548 2202 5604 dormientes

650 5618 910 5684 homines,
936 5624 1035 5692 qui
1060 5636 1274 5695 propter
1306 5629 1568 5696 ignaviam
1612 5651 1762 5690 suam
1811 5638 1987 5693 locum
2038 5642 2201 5695 dede-7

655 5719 771 5763 runt
832 5712 1093 5771 bcercticis
1131 5721 1206 5772 vel
1244 5721 1398 5776 mulis
1432 5725 1883 5794 cogitationibus;
1916 5734 2055 5786 servi
2106 5749 2201 5786 au-

2310 4625 2421 4693 ὲρῶ
2476 4628 2589 4687 τοῖς
2610 4624 2905 4694 θερισταῖς·
2943 4626 3235 4690 Συλλέξατε
3270 4629 3485 4698 πρῶτον
3516 4630 3585 4682 τά
3643 4628 3907 4699 ζιζάνια,

2308 4715 2401 4765 καὶ
2452 4716 2651 4786 δήσατε
2688 4716 2826 4769 αὐτὰ
2867 4720 2944 4781 εἰς
3004 4718 3210 4787 δέσμας
3244 4720 3382 4790 πρὸς
3445 4720 3505 4773 τὸ
3537 4725 3910 4779 κατακαῦσαι

2308 4808 2469 4869 αὐτὰ,
2522 4809 2612 4859 τὸν
2645 4809 2703 4860 δὲ
2760 4812 2904 4861 σῖτον
2938 4810 3275 4878 συναγάγετε
3324 4813 3405 4874 είς
3456 4812 3556 4883 τὴν
3594 4814 3912 4887 ἀποθήκην

2310 4899 2435 4968 μου.
2492 4920 2509 4950 ι
2595 4901 2681 4951 Ἐν
2729 4904 2793 4971 τῇ
2856 4901 3095 4972 προτέρᾳ
3151 4904 3437 4974 παραϐολῇ
3489 4900 3611 4957 εἷπε
3675 4907 3737 4959 τὸ
3813 4911 3915 4962 τέ-

2307 5007 2502 5058 ταρτον
2558 4992 2721 5061 μέρος
2766 4989 2861 5043 τοῦ
2913 4992 3112 5061 σπόρου
3146 4995 3332 5043 πεσεῖν
3385 4995 3465 5056 εἰς
3517 4992 3616 5064 τὴν
3650 4994 3759 5061 γῆν
3792 4997 3911 5065 τὴν

2308 5082 2535 5151 ἀγαθὴν,
2568 5085 2625 5133 ἐν
2656 5083 2710 5133 δὲ
2741 5086 2805 5152 τῇ
2857 5084 3105 5154 παρούσῃ
3155 5084 3446 5149 δείκνυσιν,
3481 5085 3563 5137 ὅτι
3602 5085 3728 5138 οὐδὲ
3758 5089 3915 5141 αὐτὸ

2307 5178 2481 5228 έκεῖνο
2512 5178 2569 5229 τὸ
2605 5177 2768 5231 πεσὸν
2802 5180 2881 5239 είς
2897 5176 2995 5247 τὴν
3021 5177 3123 5246 γῆν
3152 5177 3250 5245 τὴν
3283 5178 3519 5243 ἀγαθὴν,
3557 5177 3914 5249 ἀδιάφθορον

2307 5273 2489 5323 εῐασεν
2536 5273 2564 5322 6
2617 5270 2827 5341 ἐχθρὸς,
2880 5270 2970 5323 διὰ
3026 5272 3085 5324 τὸ
3147 5272 3429 5325 καθεύδειν
3474 5274 3566 5326 καὶ
3613 5272 3913 5344 ῥᾳθυμεῖν

2308 5363 2472 5432 ἡμᾶς.
2512 5364 2706 5433 Ἀγρὸς
2739 5362 2853 5426 οὖν,
2888 5366 2915 5415 ὁ
2961 5365 3181 5434 κόσμος,
3219 5366 3251 5431 ἢ
3282 5369 3314 5436 ἡ
3353 5367 3581 5419 ἑκάστου
3610 5366 3787 5435 ψυχή.
3843 5370 3913 5419 Ὀ

2310 5454 2560 5523 στείρας,
2586 5457 2611 5507 6
2642 5455 2903 5521 Χριστός.
2936 5455 3113 5508 Καλὸν
3160 5456 3405 5527 σπέρμα,
3435 5459 3483 5509 οἱ
3533 5456 3735 5523 ἀγαθοὶ
3793 5461 3905 5509 ἄνα

2308 5544 2570 5615 θρώποιῆ
2603 5547 2872 5616 λογισμοί.
2905 5548 3148 5613 Ζιξάνια,
3183 5552 3236 5602 αἱ
3265 5550 3501 5617 αἱρέσεις
3546 5550 3577 5619 ἢ
3614 5549 3663 5600 oi
3714 5566 3912 5620 πονη-

2311 5642 2393 5710 ροὶ
2414 5641 2682 5711 λογισμοί.
2732 5643 2787 5696 '0
2814 5644 3041 5714 σπείρας
3070 5646 3127 5698 δὲ
3157 5646 3351 5710 ταῦτα,
3384 5648 3410 5699 ὁ
3440 5646 3704 5708 διάϐολος.
3732 5648 3912 5702 Καθ-

2308 5733 2546 5799 εύδοντες
2574 5735 2628 5787 δὲ
2660 5736 2957 5805 ἅνθρωποι,
2987 5742 3033 5791 ot
3066 5737 3151 5793 δίά
3181 5740 3455 5811 ρᾳθυμίαν
3501 5742 3686 5810 χώραν
3711 5740 3914 5797 διδόν-
