4004 6418
533 331 636 396 237

1418 336 1999 401 THEOPHYLACTI
2039 338 2453 399 BULGARI/E
2491 335 2859 399 ARCHIEP.

3676 330 3791 393 288

536 461 632 514 per
664 447 944 502 mulierem
985 460 1135 510 vero,
1165 447 1396 500 animam
1426 463 1543 518 quae
1582 449 2025 519 praedicationem
2060 452 2104 505 in

2216 450 2314 520 τὴν
2362 450 2424 504 τὸ
2465 451 2728 523 κήρυγμα
2778 445 3214 516 κατακρύψασαν
3272 447 3331 499 ἐν
3414 443 3617 508 πάσαις
3669 446 3793 507 ταῖς

533 540 781 593 ornatibus
835 541 950 593 suis
1025 538 1368 594 facultatibus
1412 543 1686 606 recondit,
1745 544 2100 610 commiscet,

536 629 820 683 fermentat
841 670 856 693 ,
888 645 1052 696 seque
1079 639 1240 682 totam
1266 645 1365 700 per
1389 630 1533 685 illam
1579 633 1900 687 sanctificat.
1932 632 2104 702 Opor-

537 731 613 775 tet
632 724 772 776 enim
807 737 904 775 nos
947 720 1170 775 omnino
1202 723 1515 778 fermentari
1547 735 1600 778 et
1623 726 1995 780 transformari
2051 729 2102 779 i’n

533 815 732 867 divina.
785 813 897 886 69
954 813 1091 870 ῡίιςίι
1145 817 1289 870 enim
1321 855 1336 880 ,
1392 819 1560 872 donec
1626 817 1979 874 fermentetur
2032 828 2108 874 to-

534 917 665 957 tum.

603 997 764 1052 Vens.
807 998 896 1061 54,
938 1000 1034 1056 35.
1073 1019 1091 1052 ι
1117 999 1242 1054 Haec
1273 1001 1455 1055 omnia
1483 1002 1696 1058 locutus
1725 1012 1805 1057 est
1830 1002 1988 1058 Jesus
2011 1018 2104 1072 per

531 1089 814 1159 parabolas
839 1093 904 1143 ad
935 1091 1144 1157 turbas,
1173 1101 1224 1145 et
1249 1091 1368 1147 sine
1399 1096 1676 1160 parabolis
1718 1096 1853 1150 nihil
1890 1097 2105 1150 locutus

530 1189 614 1233 est
639 1179 758 1238 illis.
793 1191 850 1236 ut
879 1184 1240 1254 compleretur
1260 1186 1400 1253 quod
1430 1187 1630 1240 dictum
1657 1187 1834 1242 fuerat
1863 1205 1958 1258 per
1979 1204 2105 1258 pro-

531 1277 743 1342 phetam
763 1278 852 1345 qui
883 1278 956 1329 ait
984 1277 1274 1348 :Aperiam
1301 1278 1350 1332 in
1377 1278 1646 1347 parabolis
1661 1294 1720 1333 os
1749 1296 1947 1344 meum,
1977 1296 2104 1334 eru-

533 1366 690 1418 ctabo
726 1366 1041 1421 abscondita
1073 1382 1102 1420 a
1131 1368 1519 1423 constitutione
1551 1369 1755 1424 mundi.
1805 1390 1821 1422 ι
1877 1371 2107 1425 Addueit

530 1458 839 1524 prophetam
862 1460 1238 1528 praedicentem
1269 1461 1544 1529 quomodo
1569 1461 1826 1516 docturus
1863 1463 2096 1518 eratJe-

529 1565 642 1613 sus,
669 1561 724 1604 et
753 1552 802 1603 iu
857 1551 1145 1619 parabolis,
1173 1566 1238 1606 ne
1271 1563 1323 1605 tu
1355 1562 1510 1622 putes
1532 1554 1807 1609 Christum
1831 1555 2104 1610 invenisse

529 1656 724 1694 novum
748 1646 1029 1711 quemdam
1065 1644 1291 1699 docendi
1325 1649 1561 1701 modum.
1591 1646 1862 1702 Particula
1924 1658 2102 1701 autem

530 1729 748 1798 Ut,uon
795 1743 876 1787 est
925 1751 1121 1798 causze,
1145 1739 1236 1791 sed
1286 1748 1508 1793 eventus
1560 1740 1941 1808 signifieativa.
1973 1739 2093 1794 Non

531 1826 672 1877 (‘llitlt
709 1827 892 1878 docuit
921 1842 987 1881 eo
1019 1827 1175 1882 modo
1209 1827 1363 1883 Jesns
1391 1841 1442 1882 ut
1471 1831 1755 1899 impleatur
1783 1831 2100 1899 prephetia:

531 1916 624 1967 sed
660 1917 783 1983 quia
822 1917 936 1984 ipse
973 1933 1068 1988 per
1107 1921 1394 1987 parabolas
1425 1921 1628 1984 docuit,
1661 1937 1724 1975 ex
1754 1921 1950 1975 effectu
2004 1923 2103 1975 im-

527 2009 670 2079 pleta
699 2019 779 2065 est
839 2012 891 2064 in
931 2011 1048 2080 ipso
1102 2012 1407 2082 prophetia.
1454 2015 1667 2084 Absque
1713 2025 1891 2069 autem
1934 2031 2101 2085 gpara-

527 2101 648 2155 bola
703 2118 808 2156 non
844 2104 1162 2172 loquebatur
1207 2107 1307 2167 eis,
1346 2117 1470 2160 tunc
1525 2107 1744 2160 solum:
1801 2123 1903 2161 non
1960 2109 2101 2160 enim

527 2184 743 2262 semper
786 2196 838 2247 in
891 2196 1166 2263 parabolis
1217 2197 1561 2267 loquebatur.
1597 2199 1874 2254 Eructavit
1923 2209 2100 2253 autem

527 2286 788 2340 Dominus
848 2302 966 2356 quae
1031 2289 1348 2342 abscondita
1423 2298 1576 2342 erant
1628 2305 1656 2342 a
1717 2292 2103 2345 constitutione

529 2380 734 2433 mundi.
765 2379 881 2447 ipse
915 2380 1059 2433 enim
1087 2381 1456 2435 manifestavit
1490 2383 1650 2436 nobis
1683 2384 1939 2450 mysteria
1985 2396 2104 2450 qua:

527 2469 580 2522 in
617 2470 766 2523 caelis
793 2479 938 2524 sunt.

598 2561 762 2618 Vens.
787 2561 874 2617 36.
919 2582 937 2614 ι
977 2563 1128 2617 Τυιιο
1160 2564 1360 2618 relictis
1397 2565 1571 2618 tmbis
1618 2566 1765 2620 venit
1802 2567 1853 2618 in
1879 2567 2101 2619 deruunt

534 2655 711 2709 Iesus.
746 2674 763 2705 ι
804 2654 954 2709 Tunc
984 2656 1203 2724 reliquit
1247 2657 1450 2716 turbas.
1500 2673 1621 2710 cum
1657 2657 1792 2711 nihil
1822 2659 2105 2726 prodesset

535 2745 803 2799 doctrina.
846 2746 966 2814 Ipse
1009 2746 1152 2800 enim
1209 2747 1259 2800 in
1317 2747 1584 2814 parabolis
1647 2747 1998 2815 loquebatur,
2047 2758 2104 2802 ut

527 2851 648 2890 eum
693 2837 1088 2907 interregarent
1127 2854 1140 2889 :
1188 2851 1376 2892 contra
1425 2839 1498 2890 illi
1549 2854 1651 2892 non
1691 2841 1975 2903 curabant,
2011 2857 2104 2894 ne-

527 2942 631 2992 que
672 2928 880 2981 discere
906 2929 1241 2994 qumrebant,
1278 2931 1416 2983 unde
1464 2929 1530 2983 ab
1564 2945 1628 2984 eo
1664 2931 1854 2986 merito
1917 2932 2091 2986 relicti

526 3028 676 3071 sunt.
719 3037 736 3069 ι
777 3019 840 3071 Ει
883 3029 1227 3073 accesserunt
1280 3021 1346 3074 ad
1385 3037 1506 3074 eum
1554 3021 1799 3090 discipuli
1858 3039 1994 3090 e;ns,
2022 3026 2102 3076 tli-

528 3123 758 3163 centes:
795 3109 886 3163 Dic
946 3111 1100 3164 nobis
1139 3112 1442 3179 parabolain
1495 3114 1828 3168 zizaniorum
1891 3115 2026 3183 agri.
2081 3135 2096 3164 ι

529 3201 605 3255 De
638 3203 739 3256 hac
769 3202 880 3257 Sola
910 3213 1123 3272 rogant,
1151 3203 1268 3256 alia:
1300 3205 1695 3260 manifestiores
1725 3207 1803 3260 eis
1843 3207 2101 3261 vitleban-
2130 3242 2174 3303 C

530 3305 635 3348 tur.
679 3296 899 3349 Zizanla
927 3307 1106 3350 autem
1143 3298 1422 3362 dicuntur,
1454 3315 1572 3369 qum
1607 3300 1747 3353 inter
1783 3302 1960 3372 fruges
1984 3303 2103 3368 pul-

529 3389 698 3443 lulant
763 3391 928 3443 etiam
991 3393 1211 3452 nociva.
1268 3403 1459 3462 utpote
1521 3394 1728 3459 lolium,
1780 3395 1938 3459 vicia,
1989 3398 2103 3450 bro-

531 3483 715 3546 mium,
751 3491 801 3535 et
838 3492 1051 3538 caetera.

603 3663 762 3719 Vens.
817 3665 1002 3720 37-42.
1057 3684 1076 3715 ι
1152 3666 1223 3719 At
1267 3665 1356 3720 ille
1385 3668 1716 3734 respondens
1766 3666 1909 3721 dixit
1950 3666 2101 3721 illis:

533 3755 633 3821 Qui
696 3758 926 3812 seminat
975 3758 1175 3812 bonam
1225 3773 1432 3821 semen,
1466 3766 1548 3812 est
1594 3757 1764 3814 Filius
1815 3760 2100 3813 hominis:

531 3864 658 3917 ager
703 3859 903 3910 autem,
958 3860 1041 3903 est
1099 3849 1352 3904 mundus.
1401 3848 1571 3906 Porro
1623 3851 1826 3904 bonum
1891 3867 2098 3917 semen,

531 3942 658 3989 sunt
688 3937 774 3988 lilii
813 3936 962 4004 regni
992 3953 1005 3990 :
1034 3939 1240 3991 zizania
1278 3953 1427 4001 vero,
1451 3949 1576 3993 sunt
1610 3940 1703 3993 lilii
1751 3940 1892 3996 illius
1921 3941 2043 3995 mali
2089 3960 2100 3995 :

531 4027 780 4081 inimicus
811 4030 899 4097 qui
930 4031 1163 4083 seminat
1188 4046 1272 4096 ea,
1309 4039 1390 4084 est
1411 4030 1657 4085 diabolus
1690 4050 1703 4086 :
1736 4032 1928 4086 messis
1953 4047 2101 4098 vero,

529 4119 921 4172 consummatio
959 4121 1140 4174 saeculi
1197 4131 1320 4175 est:
1353 4135 1623 4175 messores
1690 4131 1868 4176 autem
1928 4123 2104 4191 angeli

530 4219 676 4260 sunt.
701 4209 856 4260 Sicut
893 4211 1054 4276 igitur
1079 4211 1403 4279 colliguntur
1457 4212 1690 4276 zizania,
1719 4224 1777 4266 et
1816 4213 1925 4283 igni
1951 4229 2105 4268 corn-

531 4297 840 4352 bnruutur:
875 4299 955 4353 sic
979 4303 1082 4353 erit
1113 4300 1164 4353 in
1190 4303 1658 4357 consummatione
1705 4304 1882 4358 sreculi
1927 4305 2102 4374 hujus.

533 4390 706 4445 lllittct
749 4392 918 4446 Filius
965 4392 1201 4447 hominis
1252 4394 1470 4463 angelos
1500 4410 1651 4462 suos,
1683 4405 1738 4450 et
1784 4397 2038 4466 colligent
2078 4413 2108 4452 e

537 4499 701 4554 regno
743 4485 887 4539 illius
925 4487 1106 4540 omnia
1154 4485 1498 4552 oﬂ‘endicula,
1535 4498 1588 4542 et
1616 4504 1709 4544 eos
1744 4490 1833 4559 qui
1889 4499 2107 4558 patrant

2204 543 2375 611 αὐτῆς
2434 542 2722 610 δυνάμεσι,
2757 539 2850 592 καὶ
2913 537 3439 608 συνανακραθεῖσαν,
3483 535 3575 589 καὶ
3606 535 3797 604 ζυμω-

2207 633 2411 697 θεῖσαν,
2447 633 2538 684 καὶ
2593 631 2947 699 ἁγιασθεῖσαν
2981 627 3073 680 ὑπ’
3125 626 3290 680 αὑτοῦ
3351 627 3478 697 ὅλην
3505 643 3519 657 ·
3555 625 3635 677 δεῖ
3682 625 3798 692 γὰρ

2207 727 2355 794 ἡμᾶς
2393 727 2548 786 ὅλους
2601 723 2907 792 ζυμοῦσθαι
2937 721 3030 774 καὶ
3085 720 3503 790 μεταποιεῖσθαι
3563 718 3700 787 πρὸς
3735 717 3799 769 τὸ

2208 817 2497 886 θειότερον.
2533 815 2669 884 Φησὶ
2703 814 2834 884 γὰρ,
2863 814 2970 876 ἕως
3017 807 3077 866 οὗ
3119 811 3378 883 ἐζυμώθη
3405 813 3544 864 ὅλον.

2285 1021 2302 1050 ι
2343 999 2534 1052 Ταῦτα
2557 1001 2735 1053 πάντα
2769 999 3030 1067 ἐλάλησεν
3061 999 3089 1050 6
3127 997 3336 1068 Ἰησοῦς
3365 999 3422 1049 ὲν
3453 995 3803 1068 παραϐολαῖς

2207 1093 2317 1155 τοῖς
2341 1091 2544 1161 ὄχλοις,
2579 1093 2670 1161 καὶ
2702 1092 2870 1162 χωρὶς
2902 1088 3222 1160 παραϐολῆς
3243 1089 3344 1141 οὐκ
3368 1088 3548 1141 ἐλάλει
3587 1087 3801 1148 αὐτοῖς,

2206 1185 2353 1246 ὅπως
2379 1183 2640 1254 πληρωθῇ
2669 1183 2729 1235 τὸ
2748 1182 2910 1252 ῥηθὲν
2942 1182 3031 1234 διὰ
3061 1180 3155 1234 τοῦ
3179 1181 3488 1251 προφήτου,
3513 1179 3794 1246 λέγοντος·

2223 1277 2438 1341 Ἀνοίξω
2473 1279 2529 1329 ὲν
2553 1276 2886 1347 παραϐολαῖς
2915 1277 2976 1328 τὸ
3003 1275 3174 1345 στόμα
3212 1291 3334 1344 μου,
3367 1271 3663 1344 ἐρεύξομαι
3706 1285 3808 1326 κι-

2208 1370 2505 1442 κρυμμὲνα
2561 1371 2669 1423 ἀπὸ
2718 1371 3024 1440 καταϐολῆς
3079 1369 3308 1438 κόσμου.
3347 1385 3365 1418 ι
3416 1367 3665 1436 Παραγει
3707 1361 3808 1416 τὸν

2210 1465 2496 1534 προφήτην
2534 1463 3050 1534 προαναφωνοῦντα,
3083 1460 3199 1526 πῶς
3225 1461 3417 1532 ἔμελλε
3459 1459 3740 1512 διδάσκειν
3776 1455 3808 1508 ὁ

2209 1556 2443 1626 Ἰησοῦς,
2472 1559 2564 1609 καὶ
2605 1559 2686 1610 ὅτι
2719 1558 2777 1608 ὲν
2800 1555 3162 1626 παραϐολαῖς,
3197 1555 3285 1606 ἵνα
3315 1552 3391 1624 μὴ
3439 1551 3669 1621 νομίσῃς
3705 1551 3800 1614 σὺ,

2215 1649 2297 1701 ὅτι
2334 1649 2360 1700 6
2389 1648 2624 1718 Χριστὸς
2653 1649 2837 1702 καινόν
2851 1665 2972 1701 τινα
2991 1645 3342 1708 διδασκαλίας
3367 1640 3803 1714 τρόπονέξεῦρε.

2208 1742 2279 1794 Τὸ
2323 1742 2402 1805 δὲ,
2455 1742 2666 1807 Ὅπως,
2701 1741 2775 1812 μὴ
2800 1735 3176 1809 αίτιολογικῶς
3215 1739 3408 1811 λάϐῃς,
3440 1737 3558 1790 ἀλλ’
3586 1737 3650 1787 ὲκ
3699 1734 3808 1804 τῆς

2209 1837 2489 1900 ἐκϐάσεως
2521 1837 2612 1890 τοῦ
2643 1837 2993 1906 πράγματος.
3033 1837 3107 1888 Οὐ
3141 1835 3246 1905 γὰρ
3282 1835 3564 1887 ἐδίδασκεν
3595 1834 3621 1884 6
3657 1831 3802 1900 Χρι-

2212 1929 2334 1992 στδς
2395 1931 2846 1997 τοιουτοτρόπως,
2898 1929 2984 1980 ἵνα
3049 1927 3310 1996 πληρωθῇ
3379 1927 3410 1995 ἡ
3466 1923 3808 1995 προφητεία,

2208 2022 2343 2074 ἀλλὰ
2377 2022 2510 2074 διότι
2533 2022 2807 2073 ἐδίδασκεν
2835 2022 2890 2080 ὲν
2926 2019 3283 2090 παραϐολαῖς,
3318 2019 3376 2082 se
3408 2017 3794 2085 ἀποτελέσμα-

2209 2131 2299 2174 τος
2331 2115 2645 2180 εὑρῐσκεται
2667 2113 2752 2164 ἐπ’
2785 2111 2932 2180 αὐτῷ
2960 2110 3248 2180 πληρωθὲν
3285 2111 3344 2162 τὸ
3366 2109 3457 2162 τοῦ
3491 2108 3803 2179 προφήτου.

2205 2207 2388 2276 Χωρὶς
2424 2206 2480 2259 δὲ
2512 2206 2825 2276 παραϐολῆς
2853 2206 2953 2258 οὐκ
2993 2204 3173 2257 ἐλάλει
3202 2203 3406 2262 αὐτοῖς,
3431 2201 3554 2252 τότε
3603 2199 3796 2268 μόνον·

2206 2301 2265 2353 οῦ
2297 2299 2407 2369 γὰρ
2437 2299 2500 2366 δὴ
2536 2300 2849 2351 πάντοτε-ὲν
2876 2297 3210 2366 παραϐολαῖς
3242 2295 3448 2347 ἐλάλει.
3503 2289 3814 2361 Ἠρεύξατο

2207 2391 2261 2443 δὲ
2305 2392 2331 2442 6
2371 2390 2574 2460 Κύριος
2625 2389 2659 2443 ὃ.
2694 2389 3029 2459 ἐκρύπτοντο
3064 2387 3171 2440 ἀπὸ
3211 2384 3513 2454 καταϐολῆς
3568 2381 3805 2451 κόσμου.

2208 2483 2380 2545 Αὐτὸς
2401 2483 2507 2552 γὰρ
2537 2475 2876 2550 ἐφανέρωσεν
2901 2483 3036 2550 ἡμῖν
3060 2479 3129 2532 τὰ
3151 2480 3206 2531 ὲν
3223 2479 3470 2548 οὐρανοῖς
3503 2476 3808 2546 μυστήρια.

2304 2595 2320 2627 ι
2359 2575 2494 2628 Τότε
2529 2575 2690 2644 ἀφεὶς
2740 2577 2865 2636 τοὺς
2913 2574 3125 2643 ὄχλους,
3161 2567 3326 2642 ἦλθεν
3378 2571 3458 2633 είς
3488 2571 3586 2637 τὴν
3625 2570 3812 2620 οἰκίαν

2206 2671 2235 2722 6
2286 2671 2512 2737 Ἰησοῦς.
2568 2691 2585 2720 ι
2655 2667 2861 2737 ’Λφῆκε
2920 2668 3046 2729 τοὺς
3087 2666 3277 2735 ὄχλους
3324 2666 3465 2727 τότε,
3528 2664 3614 2714 ὅτε
3648 2662 3814 2714 οὐδὲν

2213 2759 2522 2828 ὠφελοῦντο
2555 2759 2664 2812 ἀπὸ
2714 2757 2806 2826 τῆς
2839 2757 3211 2818 διδασκαλίας.
3250 2755 3419 2817 Αὐτὸς
3456 2755 3553 2824 μὲν
3584 2754 3693 2823 γὰρ
3739 2757 3801 2805 ἐν

2207 2850 2551 2920 παραϐολαῖς
2595 2850 2800 2917 ἔλεγεν,
2833 2849 2907 2912 ὠς
2948 2848 3014 2902 ἂν
3044 2850 3392 2918 ἐρωτήσωσιν
3433 2846 3620 2898 αὐτόν·
3653 2847 3814 2897 ἐκεῖ-

2205 2942 2364 2994 νοιδὲ
2396 2943 2455 2994 οὐ
2507 2943 2893 3010 φροντίσαντες
2941 2940 3159 3003 τούτου,
3193 2939 3313 2991 οὐδὲ
3365 2937 3698 3010 ζητήσαντές
3756 2953 3815 2990 τι

2211 3032 2424 3100 μαθεῖν,
2467 3033 2688 3094 εἰκότως
2725 3032 2976 3099 ἀφίενται
3029 3031 3158 3102 παρ’
3199 3029 3384 3083 αὑτοῦ,
3429 3048 3447 3081 ι
3487 3030 3597 3082 Καὶ
3627 3045 3815 3098 προσ-

2204 3120 2364 3190 ῆλθον
2413 3121 2560 3188 αὐτῷ
2606 3124 2655 3173 οἱ
2713 3121 2954 3191 μαθηταὶ
3001 3119 3189 3183 αὑτοῦ,
3228 3121 3508 3188 λέγοντες·
3579 3119 3807 3190 Φράσον

2208 3214 2340 3281 ἡμῖν
2376 3214 2474 3283 τὴν
2533 3213 2848 3284 παραϐολὴν
2919 3214 3029 3266 τῶν
3081 3212 3338 3277 ζιζανίων
3401 3214 3494 3266 τοῦ
3541 3211 3738 3282 ἀγροῦ.
3775 3231 3806 3265 1

2210 3306 2346 3375 napi.
2373 3307 2575 3376 ταύτης
2613 3307 2780 3376 μόνης
2813 3307 3116 3377 ἐρωτῶσιν,
3153 3309 3228 3368 ὡς
3261 3307 3368 3360 τῶν
3401 3306 3578 3360 ἄλλων
3629 3323 3811 3374 σαφε-

2210 3400 2417 3468 στέρων
2466 3399 2834 3468 νομιζομένων
2878 3399 3086 3461 αὐτοῖς.
3123 3400 3347 3463 Ζιζάνια
3392 3399 3448 3452 δέ
3482 3400 3592 3452 εἰσι
3620 3398 3819 3454 πάντα

2208 3493 2276 3544 τὰ
2311 3492 2386 3563 τῷ
2441 3493 2575 3561 σίτῳ
2620 3492 2962 3562 ἐπιφυόμενα
3004 3491 3302 3562 φθαρτικὰ,
3365 3488 3520 3562 αἷρα,
3587 3489 3817 3561 ὄροϐος,

2211 3580 2475 3653 βρὼμιον,
2521 3583 2616 3636 καὶ
2652 3583 2836 3636 τᾶλλα.

2283 3695 2302 3727 ι
2355 3677 2413 3728 '0
2456 3677 2510 3728 δὲ
2542 3675 2862 3746 ἀποκριθεὶς
2888 3672 3041 3729 εἶπεν
3087 3678 3293 3738 αὐτοῖς.
3335 3677 3391 3729 Ὀ
3444 3676 3686 3746 σπείρων
3749 3676 3822 3729 τδ

2208 3768 2372 3820 καλὸν
2432 3767 2656 3837 σπέρμα
2705 3769 2851 3821 ἐστὶν
2893 3771 2920 3821 6
2980 3769 3108 3832 Υίὸς
3157 3769 3250 3822 τοῦ
3301 3769 3591 3836 ἀνθρώπου
3626 3786 3638 3798 ”
3674 3770 3822 3824 ὁεδδ

2207 3860 2375 3932 ἀγρὸς
2419 3862 2566 3914 ἐστίν
2609 3863 2636 3914 6
2673 3861 2896 3930 κόσμος.
2939 3864 3012 3915 Τὸ
3057 3863 3112 3916 δὲ
3169 3863 3332 3916 καλὸν
3395 3864 3637 3933 σπέρμα,
3665 3858 3823 3917 οῦτοι

2208 3956 2346 4007 εἰσιν
2376 3956 2426 4007 οἱ
2466 3956 2571 4006 υίολ
2613 3959 2709 4025 τῆς
2751 3955 3052 4024 βασιλείας.
3086 3958 3165 4010 Τὰ
3215 3957 3272 4010 δὲ
3302 3957 3545 4024 ζιζάνια,
3579 3957 3723 4011 εἰσὶν
3762 3960 3820 4011 οἱ

2208 4046 2316 4097 υἱοὶ
2339 4046 2433 4098 τοῦ
2479 4047 2739 4116 πονηροῦο
2766 4050 2792 4100 6
2815 4048 2869 4100 δὲ
2891 4049 3080 4118 ἐχθρὸς
3109 4052 3135 4102 6
3167 4050 3396 4119 σπείρας
3421 4050 3580 4115 αὐτὰ,
3608 4048 3762 4102 ἐστὶν
3790 4055 3823 4105 ὁ

2211 4135 2478 4198 διάϐολος·
2503 4138 2531 4188 6
2556 4137 2613 4189 δὲ
2643 4137 2902 4210 θερισμὸς
2937 4142 2968 4211 ἡ
3000 4141 3282 4194 συντέλεια
3301 4141 3393 4194 τοῦ
3426 4142 3621 4205 αἰῶνός
3635 4145 3816 4196 ἐστιν·

2210 4228 2256 4278 οἱ
2283 4227 2337 4280 δὲ
2371 4227 2613 4298 θερισταὶ
2645 4232 2695 4282 οί
2744 4232 2965 4301 ἄγγελοί
3008 4236 3165 4288 εἰσιν.
3202 4237 3412 4300 Ὥσπερ
3469 4233 3560 4289 οὖν
3615 4238 3820 4292 συλλέ-

2215 4334 2373 4385 γεται
2407 4319 2475 4371 τὰ
2526 4319 2744 4384 ζιζάνια
2798 4324 2892 4376 καὶ
2918 4326 3050 4396 πυρὶ
3091 4327 3328 4389 καίεται,
3361 4325 3536 4392 οὕτως
3560 4329 3715 4383 ἔσται
3749 4332 3819 4384 ἐν

2210 4414 2274 4482 τῇ
2311 4412 2595 4484 συντελείᾳ
2645 4415 2739 4469 τοῦ
2778 4418 2977 4480 αίῶνος
3012 4422 3204 4471 τούτου
3238 4433 3252 4448 ⁸
3285 4420 3583 4474 ἀποστελεῖ
3610 4423 3638 4473 6
3673 4423 3814 4489 Υἱὸς

2211 4502 2306 4555 τοῦ
2333 4504 2627 4575 ἀνθρώπου
2651 4509 2777 4569 τοὺς
2809 4509 3076 4576 ἀγγέλους
3102 4511 3292 4573 αὑτοῦ,
3329 4515 3421 4565 καὶ
3455 4514 3823 4578 συλλέξουσιν

534 4575 901 4645 iniquitatem,
933 4593 994 4633 ac
1028 4577 1246 4631 mittent
1273 4578 1393 4632 illos
1425 4580 1476 4631 in
1515 4579 1786 4633 caminum
1825 4581 1999 4643 ignis:
2035 4582 2104 4636 ibi

2218 4597 2282 4649 ἐκ
2339 4599 2437 4666 τῆς
2491 4599 2765 4666 βασιλείας
2817 4603 2982 4654 αὑτοῦ
3029 4602 3206 4655 πάντα
3252 4604 3323 4656 τὰ
3369 4604 3666 4670 σκάνδαλα,
3713 4611 3823 4662 καὶ

532 4671 636 4723 erit
691 4671 952 4738 ploratus,
1013 4671 1322 4740 stridorque
1387 4672 1648 4725 dentium.
1693 4692 1711 4724 ι
1772 4673 1944 4743 Supra
1993 4677 2106 4731 haec

534 4759 675 4812 dicta
731 4765 898 4821 sunt,
941 4773 1061 4827 quae
1116 4760 1203 4813 hic
1262 4761 1510 4816 dicenda.
1565 4761 1892 4820 Dicebamus
1961 4767 2105 4820 enim

534 4854 673 4921 quod
703 4857 768 4907 de
799 4854 1093 4908 haeresibus
1119 4856 1370 4924 accipiat,
1403 4872 1522 4926 qua:
1558 4861 1945 4925 permittuntur
1986 4877 2109 4918 esse

536 4959 705 5013 usque
737 4946 802 4998 ad
835 4950 1363 5001 consummationem
1409 4949 1611 5003 saeculi.
1643 4951 1777 5006 Nam
1810 4955 1857 5007 si
1888 4956 2109 5009 exscin-

535 5037 784 5092 deremus
811 5051 864 5092 et
910 5040 1290 5094 oecideremus
1335 5041 1641 5109 hazretieos,
1680 5046 1978 5101 seditiones
2016 5047 2109 5099 lle-

539 5139 658 5180 t'ent
705 5139 753 5181 et
799 5141 1027 5197 pagum;
1066 5142 1119 5184 et
1181 5131 1320 5187 forte
1373 5135 1536 5187 etiam
1571 5136 1720 5190 multi
1768 5136 2002 5192 ﬁdelium
2054 5141 2106 5193 in

537 5218 892 5273 seditionibus
924 5224 1162 5290 perirent
1194 5240 1207 5277 :
1249 5226 1506 5292 quoniam
1561 5237 1615 5281 et
1643 5227 1843 5283 Paulus
1883 5243 1934 5285 et
1971 5233 2108 5286 latro

540 5311 842 5364 habuerunt
885 5314 1012 5366 olim
1070 5315 1274 5370 zizania
1339 5319 1653 5388 priusquam
1721 5325 2100 5378 crediderunt:

539 5411 643 5448 non
671 5409 886 5451 exsecta
922 5413 1099 5453 autent
1135 5415 1260 5458 sunt
1298 5416 1421 5460 tunc
1447 5419 1670 5477 propter
1704 5411 1937 5464 futuram
1989 5414 2102 5467 fru-

540 5505 583 5554 gs
607 5502 678 5540 m.
705 5486 894 5543 Postea
929 5503 1107 5547 autem
1147 5497 1377 5551 fructum
1413 5502 1854 5556 attuleruutDeo.
1886 5502 2107 5560 Zizarda

544 5591 666 5630 vero
699 5583 930 5647 Spiritus
957 5589 1124 5641 sancti
1151 5591 1271 5658 igne
1298 5597 1574 5647 combusta
1627 5604 1750 5648 sunt
1787 5608 1837 5652 et
1873 5599 2103 5657 fervore.

540 5673 723 5739 αὐτοῖς
779 5681 942 5740 σῖτον,
987 5682 1213 5751 ὕστερον
1241 5684 1347 5754 γὰρ
1376 5687 1832 5759 ὲκαρποφόρησαν

538 5767 908 5825 κατέκαυσαν.

2214 4687 2338 4748 τοὺς
2361 4687 2651 4752 ποιοῦντας
2685 4690 2782 4760 τὴν
2820 4693 3077 4762 ἀνομίαν,
3112 4696 3206 4748 καὶ
3226 4694 3479 4764 βαλοῦσιν
3505 4697 3704 4760 αὐτοὺς
3730 4702 3823 4764 εἰς

2212 4779 2310 4852 τὴν
2355 4782 2583 4853 κάμινον
2615 4785 2706 4838 τοῦ
2756 4789 2925 4858 πυρός
2957 4804 2971 4820 ο
3007 4790 3124 4841 ἐκεῖ
3160 4789 3312 4843 ἔσται
3343 4793 3371 4844 6
3401 4791 3680 4863 κλαυθμὸς
3715 4797 3822 4851 καὶ

2212 4872 2240 4924 6
2265 4871 2507 4942 βρυγμὸς
2539 4875 2646 4928 τῶν
2690 4877 2940 4933 ὀδόντων.
2980 4899 2997 4931 ι
3032 4881 3174 4934 "(ha
3223 4881 3328 4935 ἔδει
3367 4884 3624 4954 ῥηθῆναι,
3663 4888 3819 4941 ἀνω-

2214 4965 2358 5032 τέρω
2393 4965 2631 5035 εἴρηται.
2676 4969 2921 5040 Εἴπομεν
2959 4975 3068 5045 γὰρ
3112 4976 3194 5030 ὅτι
3236 4978 3365 5046 περὶ
3402 4977 3510 5031 τῶν
3537 4979 3819 5050 αἱρέσεων

2217 5055 2454 5109 ἐνταῦθα
2509 5059 2891 5130 διαλαμϐάνει,
2934 5066 3136 5130 αἵτινες
3188 5069 3600 5141 συγχωροῦνται
3661 5067 3816 5128 εἶναι

2222 5146 2348 5216 ἄχρι
2415 5153 2512 5220 τῆς
2583 5156 2912 5219 συντελείας.
2982 5160 3040 5211 Εἰ
3096 5162 3204 5232 γὰρ
3265 5162 3588 5232 φονεύοιμεν
3673 5168 3816 5231 τοὺς

2221 5241 2532 5310 αἱρετικοὺς
2589 5249 2682 5300 καὶ
2727 5250 3113 5323 ὲκκόπτοιμεν,
3163 5257 3384 5321 στάσεις
3433 5260 3652 5313 ἔσονται
3709 5264 3819 5317 καὶ

2225 5331 2415 5399 μάχαι,
2452 5335 2544 5387 καὶ
2584 5339 2722 5408 τάχα
2753 5344 2848 5393 καὶ
2887 5345 2994 5396 τῶν
3026 5349 3233 5399 πιστῶν
3287 5350 3466 5402 πολλοὶ
3500 5350 3819 5426 διαφθαρή-

2225 5438 2405 5477 σονται
2436 5428 2492 5477 ὲν
2535 5432 2654 5493 ταῖς
2706 5433 2984 5488 στάσεσινο
3016 5438 3152 5491 ἀλλὰ
3202 5441 3294 5493 καὶ
3330 5442 3356 5492 6
3408 5442 3617 5506 Παῦλος
3656 5448 3756 5500 καὶ
3785 5451 3818 5502 6

2219 5512 2422 5586 λῃστὴς
2452 5519 2665 5585 ζιζάνια
2697 5521 2841 5593 εἶχον
2875 5531 3004 5598 πρὶν
3059 5533 3092 5602 ἢ
3136 5535 3448 5588 πιστεῦσαν
3482 5539 3581 5591 οὐκ
3611 5539 3812 5604 €567.6-

2221 5623 2401 5677 πησαν
2456 5610 2550 5667 οῦν
2602 5619 2745 5682 τότε,
2777 5621 2864 5674 διὰ
2919 5624 3008 5676 τὸν
3067 5625 3328 5695 μέλλοντα
3381 5630 3681 5701 βλαστῆσαι
3749 5636 3816 5690 ὲν

1863 5692 1936 5762 τῷ
1967 5695 2116 5762 θεῷ’
2164 5699 2230 5750 τά
2300 5703 2355 5754 δὲ
2399 5705 2632 5775 ζιζάνια,
2667 5711 2741 5780 τῷ
2779 5716 2909 5786 πυρὶ
2974 5718 3064 5770 τοῦ
3101 5719 3413 5791 Πνεύματος
3438 5725 3528 5776 καὶ
3563 5727 3628 5796 τῇ
3654 5723 3812 5790 “est
