4004 6430
285 505 306 540 t
341 484 484 538 τότε
516 483 568 536 οῖ
593 481 794 535 δίκαιοι
831 476 1204 549 ικλάμψουσιν
1232 475 1306 538 ῶς
1335 475 1364 527 ό
1416 473 1568 544 ἣλιος
1640 473 1697 523 ὲν
1733 473 1799 541 τῇ
1835 476 1880 527 Λ

204 579 462 653 βασιλείᾳ
504 576 601 632 τοῦ
632 573 848 644 Ηατρδς
899 571 1079 628 αὐτῶν
1102 587 1115 599 ’
1153 571 1180 621 6
1210 568 1350 639 ἔχων
1391 561 1506 620 ὦτα
1563 565 1805 628 ἀκούειν,

201 674 476 731 ἀκουέτω.
513 689 534 722 ι
581 669 742 724 Ἐπεὶ.
772 670 802 722 ό
856 666 1006 736 ἥλιος
1049 664 1198 716 δοκεῖ
1241 663 1376 731 ἡμῖν
1411 660 1633 710 πάντων
1694 655 1805 708 τῶν

199 765 457 833 ἀστέρων
498 759 912 832 λαμπρότατος,
973 755 1060 808 διὰ
1116 752 1274 806 τοῦτο
1331 748 1613 820 συγκρίνει
1671 746 1808 815 πρὸς

201 861 298 914 τὸν
337 855 493 927 ἥλιον
535 854 638 926 τὴν
681 852 790 905 τῶν
818 848 1042 904 δικαίων
1077 844 1462 915 λαμπρότητα.
1524 840 1679 894 Ἐπεὶ
1715 840 1808 892 καὶ

204 951 346 1022 ῦπὶρ
370 951 467 1003 τὸν
512 947 667 1018 ἥλιον
697 943 974 1016 λάμψουσι
994 957 1008 970 ·
1037 941 1247 1012 μήποτε
1297 938 1353 990 δὲ
1392 936 1584 1003 ἐπειδὴ
1617 933 1807 996 Ἥλιος

198 1039 555 1110 δικαιοσύνης
602 1037 753 1090 ἐστὶν
810 1037 838 1089 6
893 1031 1147 1101 Χριστὸς,
1180 1029 1303 1081 τότε
1339 1029 1389 1080 οἱ
1455 1027 1658 1078 δίκαιοι
1714 1027 1807 1078 ὲκ-

202 1131 520 1204 λάμψουσιν
579 1127 656 1191 ὡς
706 1127 734 1178 6
787 1113 1436 1194 Χριστόςσ-ἐσονταιγὰρ
1486 1117 1583 1170 καὶ
1645 1114 1804 1168 αὐτοὶ

204 1225 349 1280 θεοί.

277 1381 299 1413 t
346 1359 522 1414 Πάλιν
547 1355 707 1425 ὁμοία
739 1350 887 1406 ἐστὶν
915 1351 947 1420 ἠ
976 1347 1224 1417 βασιλεία
1263 1343 1373 1398 τῶν
1401 1341 1654 1413 οὐρανῶν
1698 1340 1798 1410 θη-

200 1449 399 1522 σαυρῷ
447 1442 824 1517 κεκρυμμένῳ
860 1442 917 1493 ὲν
959 1437 1136 1509 ἀγρῷ,
1169 1437 1230 1490 6v
1273 1433 1462 1505 εὑρὼν
1510 1431 1801 1510 ἄνθρωπος

200 1541 442 1616 Ικρυψε.
463 1541 558 1594 καὶ
581 1538 691 1616 άπὸ
713 1535 814 1604 τῆς
835 1533 1012 1604 χαρᾶς
1036 1530 1200 1585 αὐτοῦ
1232 1528 1458 1595 ὑπάγει,
1489 1525 1669 1579 πάντα
1693 1525 1796 1576 ὅσα

198 1614 322 1708 ἔχει
345 1633 543 1698 πωλεῖ,
583 1614 677 1683 καὶ
703 1625 965 1698 ἀγοράζει
1003 1625 1093 1678 τὸν
1125 1621 1293 1692 ἀγρὸν
1327 1621 1558 1673 ἐκεῖνον.
1605 1614 1800 1708 ’Δγρδς

195 1703 494 1798 όηκόσμος,
522 1720 794 1794 θησαυρὸς
836 1719 899 1772 τὸ
947 1719 1209 1788 κήρυγμα
1253 1714 1348 1766 καὶ
1378 1713 1410 1780 ἠ
1439 1709 1644 1778 γνῶσις
1702 1703 1798 1759 τοῦ

196 1815 472 1892 Χριστοῦ.
509 1814 835 1885 Κέκρυπται
865 1811 922 1865 δὲ
965 1813 1023 1863 έν
1064 1808 1142 1878 τῷ
1196 1807 1408 1875 κόσμῳ.
1433 1801 1635 1870 Σοφίαν
1661 1799 1795 1892 γὰρ,

840 361 1307 428 ENARBATIO'
1331 361 1413 422 IN
1456 356 1793 422 EVANGEI

1906 358 1962 420 M
2010 351 2398 422 MATTHAU.
2429 353 2677 418 -CAP.
2720 357 2895 418 XIII.

3399 361 3509 426 200

1994 467 2154 523 Vens.
2200 469 2289 523 45.
2333 486 2352 520 ι
2387 466 2556 536 [Tunc
2599 466 2734 534 justi
2781 465 3064 539 fulgebunt
3111 466 3255 524 sicut
3311 471 3388 524 sol
3444 478 3494 526 tu

1913 578 2080 633 regno
2107 560 2284 632 Patris
2309 559 2415 615 sui.
2437 559 2539 627 Qui
2559 560 2720 614 habet
2750 575 2911 614 aures
2943 560 3218 628 audiendi,
3241 564 3444 618 audiat.
3485 585 3505 616 ι

1914 656 2183 722 Quoniam
2211 655 2293 709 sol
2328 654 2539 707 videtur
2573 654 2731 708 nobis
2790 654 3047 710 omnibus
3079 657 3258 710 stellis
3292 657 3506 728 fulgen-

1915 751 2043 815 tior,
2082 759 2374 820 propterea
2396 759 2676 817 comparat
2700 749 2809 819 7o
2833 747 2934 803 soli
2969 748 3241 816 iustorum
3273 749 3501 806 clarita-

1913 852 2041 896 tem.
2067 840 2201 895 Nam
2223 850 2279 896 et
2309 855 2472 905 super
2502 840 2671 895 solem
2703 840 3006 909 fulgebunt,
3032 840 3267 916 fortasse
3297 849 3506 903 autem,

1910 936 2035 1004 quia
2079 934 2172 989 Sol
2201 935 2430 1005 justitize
2456 933 2729 988 Christus.
2756 932 3065 1002 Tuncjusti
3134 932 3421 1004 fulgebunt
3452 945 3510 988 ut

1909 1030 2181 1085 Christus.
2221 1028 2396 1084 Erunt
2426 1029 2573 1084 enim
2609 1038 2664 1083 et
2692 1027 2796 1099 ipsi
2831 1028 2927 1084 dii.

1976 1348 2145 1404 Vens.
2171 1347 2263 1404 ιι.
2304 1361 2560 1425 clternm
2610 1347 2792 1401 simile
2823 1353 2907 1401 est
2955 1360 3183 1416 regnum
3235 1347 3502 1404 caelorum

1906 1444 2164 1497 thesauro
2203 1442 2258 1494 in
2305 1455 2436 1509 agro
2461 1440 2801 1504 abscondito,
2857 1454 3016 1508 quem
3075 1440 3242 1493 horno
3274 1442 3363 1509 qui
3420 1442 3501 1494 in-

1904 1537 2072 1596 venit.
2139 1534 2444 1596 abscondit,
2490 1542 2544 1586 ct
2605 1547 2714 1599 ιιι-ω
2785 1531 2984 1601 gaudio
3033 1531 3180 1587 illius
3247 1534 3393 1586 vadit
3450 1545 3508 1588 et

1902 1627 2086 1680 vendit
2147 1627 2400 1682 universa
2480 1640 2602 1695 qme
2662 1625 2874 1690 habet,
2962 1633 3019 1680 et
3095 1625 3230 1679 emit
3309 1641 3500 1693 agrum

1901 1719 2077 1774 illum.
2137 1737 2156 1770 ι
2216 1720 2383 1790 Ager,
2451 1717 2690 1772 mundus
2747 1732 2762 1770 :
2827 1717 3134 1780 thesaurus,
3191 1718 3503 1787 praedicatio

1900 1822 1954 1866 et
1978 1811 2212 1867 scientia
2251 1810 2480 1867 Christi.
2524 1810 2786 1865 Occultus
2828 1819 2913 1863 est
2954 1820 3135 1863 autem
3168 1810 3222 1862 in
3270 1811 3494 1864 mundo.

198 1891 381 1978 φησιν
407 1903 440 1957 6
492 1902 727 1967 Παῦλος,
755 1899 1100 1972 κηρύττομεν
1137 1897 1236 1964 τὴν
1267 1891 1793 1962 ἀποκεκρυμμένην·

1907 1901 2250 1973 Sapientiam
2287 1903 2457 1965 enim,
2502 1900 2681 1969 inquit
2731 1903 2950 1964 Paulus,
2982 1903 3342 1970 praedicamus
3371 1905 3500 1956 alis-

195 2004 227 2057 6
277 1999 343 2054 δδ
372 1997 561 2068 ζητῶν
591 1997 690 2068 τὴν
732 1995 826 2047 τοῦ
879 1992 1012 2047 Θεοῦ
1062 1991 1287 2059 γνῶσιν,
1317 1987 1564 2058 εὑρίσκει
1605 1987 1796 2056 αὑτήνο

193 2095 295 2149 καὶ
335 2094 520 2146 πάντα
564 2091 663 2143 ὅσα
702 2087 852 2159 ἔχει,
912 2085 1022 2139 εἴτε
1077 2084 1324 2153 δόγματα
1373 2082 1650 2152 ἑλληνικά,
1689 2080 1800 2132 εἴτε

192 2187 308 2258 ἤθη
360 2161 658 2255 πονηρὰη
690 2181 798 2234 εἴτε
849 2179 1143 2250 χρήματα,
1199 2180 1381 2244 ῥίπτει
1417 2174 1643 2235 εὐθέως,
1705 2172 1800 2226 καὶ

195 2275 474 2348 ἀγοράζει
502 2273 594 2326 τὸν
621 2272 815 2344 ἀγρὸν.
879 2269 1131 2322 τουτέστι
1159 2309 1172 2329 ,
1198 2267 1290 2319 τὸν
1342 2266 1546 2336 κόσμον
1566 2283 1578 2295 ·
1611 2264 1798 2334 κτῆμα

192 2373 309 2440 γὰρ
366 2368 500 2420 ἴδιον
540 2367 654 2435 ἔχει
685 2364 778 2423 τδν
825 2361 1048 2430 κόσμον,
1089 2362 1117 2412 6
1152 2358 1249 2428 τὴν
1282 2357 1482 2426 γνῶσιν
1524 2355 1618 2410 τοῦ
1664 2357 1798 2425 Χριο

193 2461 331 2516 στοῦ
367 2461 530 2531 ἔχων·
562 2458 713 2513 οὐδὲν
753 2455 863 2524 γὰρ
899 2454 1058 2524 ἔχων,
1087 2455 1154 2505 τὰ
1184 2454 1360 2506 πάντα
1403 2450 1647 2522 κατέχει,
1703 2451 1798 2502 καὶ

190 2555 366 2609 δοῦλα
413 2555 530 2624 ἔχει
559 2551 628 2603 τὰ
656 2551 922 2619 στοιχεῖα,
952 2547 1256 2600 ἐπιτάττων
1283 2545 1466 2606 αὐτοῖς
1497 2543 1571 2605 ὡς
1606 2543 1634 2594 6
1686 2544 1796 2610 Ἰη-

195 2646 357 2711 σοῦς,
389 2646 469 2707 ὡς
494 2643 721 2710 Μωσῆς.

270 2781 291 2815 ε
348 2759 523 2815 Πάλιν
570 2757 735 2828 ὁμοία
784 2755 934 2808 ἐστὶν
986 2754 1018 2824 ἡ
1083 2751 1330 2822 βασιλεία
1387 2750 1495 2804 τῶν
1548 2748 1795 2820 οὐρανῶν

518 2849 749 2920 ἐμπόρῳ
799 2845 1052 2916 ζητοῦντι
1108 2844 1307 2904 καλοὺς
1341 2841 1704 2913 μαργαρίτας,
1735 2839 1796 2902 ὃς

189 2945 379 3018 εὑρὼν
403 2944 504 2996 ἕνα
532 2941 831 3010 πολύτιμον
859 2939 1225 3009 μαργαρίτην,
1250 2935 1506 2990 ἀπελθὼν
1537 2936 1794 3004 πέπρακε

192 3039 380 3093 πάντα
416 3038 524 3090 ὅσα
553 3030 692 3104 είχε,
715 3035 811 3086 καὶ
857 3032 1132 3102 ἠγόρασεν
1181 3029 1367 3083 αὐτόν.
1401 3047 1418 3080 ι
1451 3027 1731 3095 Θάλασσα,
1766 3029 1794 3082 6

194 3130 395 3202 παρὼν
426 3128 564 3198 βίος.
599 3129 899 3197 Ἔμποροι,
925 3127 975 3178 ot
1008 3125 1095 3178 διὰ
1112 3123 1304 3177 τούτου
1340 3123 1680 3193 διερχόμενοι
1699 3121 1794 3175 καὶ

191 3223 498 3297 ζητοῦντες
551 3220 756 3290 γνῶσίν
788 3236 909 3273 τινα
949 3208 1148 3288 εὖρεῖν.
1181 3217 1372 3270 Πολλοὶ
1416 3217 1514 3287 μὲν
1549 3215 1645 3268 οῦν
1702 3215 1789 3268 δο-

1905 1997 2202 2051 conditam.
2257 1996 2520 2062 Quzerens
2566 2005 2746 2048 autem
2804 1993 3087 2048 scientiam
3134 1995 3247 2059 Dei,
3296 1995 3502 2048 invenit

1904 2104 2024 2163 eam
2059 2108 2071 2143 :
2107 2097 2155 2140 et
2197 2087 2379 2143 omnia
2425 2102 2544 2157 qua:
2571 2085 2755 2148 habet,
2799 2085 2914 2137 sive
2951 2085 3170 2154 gentilia
3222 2084 3500 2153 dogmata,

1903 2181 2020 2236 sive
2057 2181 2230 2236 malos
2277 2195 2482 2244 mores,
2519 2180 2636 2234 sive
2677 2178 2919 2242 divitias,
2957 2178 3142 2246 abjicit
3203 2178 3412 2236 statim,
3446 2192 3502 2230 et

1905 2278 2089 2331 vendit
2127 2291 2337 2346 agrum,
2374 2275 2426 2329 id
2458 2285 2563 2339 est,
2601 2273 2884 2327 mundum.
2910 2270 3044 2325 Nam
3070 2273 3162 2342 qui
3203 2271 3496 2325 scientiam

1903 2372 2068 2426 habet
2094 2371 2322 2434 Christi,
2351 2372 2752 2439 possessionem
2800 2369 3077 2439 propriam
3134 2368 3299 2422 habet
3345 2384 3502 2420 mun-

1901 2468 2022 2519 dam
2058 2481 2074 2530 ;
2113 2465 2245 2518 nihil
2280 2463 2422 2518 enim
2454 2465 2681 2528 habens,
2739 2463 2921 2516 onittia
2975 2462 3232 2529 possidet,
3277 2471 3330 2515 et
3389 2461 3498 2515 elc-

1902 2558 2080 2603 menta
2115 2550 2164 2604 ei
2187 2551 2454 2614 serviunt,
2484 2559 2538 2603 et
2567 2550 2796 2618 imperat
2827 2548 2954 2611 illis,
2987 2550 3128 2602 sicut
3158 2560 3214 2602 et
3243 2545 3401 2601 Jesus
3442 2561 3498 2598 et

1902 2641 2137 2713 Moyses.

1982 2756 2146 2811 Vens.
2191 2756 2281 2820 45,
2319 2755 2410 2811 16.
2448 2773 2466 2807 t
2498 2755 2696 2809 lterum
2719 2754 2896 2809 simile
2928 2765 3012 2807 est
3063 2770 3287 2822 regnum
3324 2755 3497 2808 eteiu-

1900 2863 2019 2902 rum
2053 2847 2257 2901 homini
2286 2847 2610 2921 negotiatori
2649 2847 2912 2916 quaerenti
2946 2846 3115 2900 bonas
3143 2848 3493 2914 margaritas,

1899 2942 1991 3011 qui
2066 2957 2188 2995 cum
2261 2925 2470 2995 invenit
2531 2956 2695 2994 unam
2759 2941 3053 3008 pretiosam
3100 2941 3494 3012 margaritam,

1905 3033 2096 3088 abiens
2127 3033 2369 3086 vendidit
2398 3032 2582 3085 omnia
2613 3046 2734 3100 quae
2758 3031 3087 3100 possidebat,
3124 3040 3178 3084 et
3223 3027 3497 3086 mercatus

1894 3135 1980 3180 est
2003 3124 2170 3178 illam.
2208 3143 2226 3175 ι
2263 3123 2411 3177 Mare
2435 3131 2520 3178 est
2553 3137 2793 3192 praesens
2819 3123 2950 3175 vita.
2976 3120 3373 3191 Negmiatores,
3403 3123 3494 3190 qui

1898 3233 1996 3288 per
2040 3220 2176 3271 hanc
2199 3216 2479 3270 ambulant
2501 3224 2555 3269 et
2588 3224 2839 3284 quaerunt
2881 3214 3167 3268 scientiam
3202 3215 3492 3278 quamdam

191 3318 358 3372 κοῦσι
393 3315 762 3386 μαργαρῖται,
800 3311 855 3363 αί
903 3310 1014 3363 τῶν
1042 3309 1255 3363 πολλῶν
1287 3307 1469 3378 σοφῶν
1502 3305 1682 3372 δόξαιο
1710 3300 1791 3369 εἷς

1902 3313 2162 3366 invenire.
2197 3310 2377 3365 Multa:
2401 3310 2546 3362 enim
2579 3309 2911 3377 margaritae,
2943 3307 3239 3360 multorum
3282 3307 3496 3376 sapien-

190 3409 246 3464 ει
274 3420 303 3463 ο
353 3407 680 3474 πολύτιμος.
729 3403 845 3457 Μία
883 3402 991 3472 γὰρ
1042 3404 1076 3472 ἡ
1131 3401 1379 3471 ἀλήθεια,
1417 3401 1536 3470 ἥτις
1566 3397 1714 3452 ἐστὶν
1761 3401 1790 3451 6

191 3500 453 3574 Χριστός.
517 3497 729 3565 Ὠσπερ
768 3494 861 3549 οὖν
891 3497 918 3548 ό
945 3492 1290 3565 μαργαρίτης
1322 3493 1618 3562 ἱστορεῖται
1663 3507 1789 3557 γεν-

196 3596 392 3653 νᾶσθαι
425 3598 487 3647 ὲν
521 3591 757 3660 ὀστρέῳ,
792 3584 945 3658 ᾧπερ
1002 3587 1276 3654 ἀνοίγοντι
1302 3587 1410 3658 τὰς,
1434 3585 1665 3654 πτύχας,
1707 3586 1790 3636 ὲν-

193 3691 428 3760 σκήπτει
459 3685 745 3754 άστραπίγ
780 3677 900 3733 εἶτα
944 3680 1106 3733 πάλιν
1139 3678 1518 3747 συγκλείοντας
1559 3676 1788 3740 ταύτας,

191 3775 253 3827 ἑκ
288 3774 390 3843 τῆς
421 3769 724 3842 ἀστραπῆς
775 3768 869 3820 καλ⁷
902 3766 998 3836 τῆς
1031 3765 1225 3838 δρόσου
1280 3764 1720 3834 συλλαμϐάνεται
1761 3765 1790 3816 6

194 3863 572 3936 μαργαρίτης,
611 3862 706 3914 καὶ
743 3860 830 3912 διὰ
883 3857 1038 3911 τοῦτο
1070 3855 1394 3918 λευκότατός
1428 3859 1596 3908 ἐστιν·
1629 3853 1776 3906 οὕτω

192 3957 286 4010 καὶ
320 3957 350 4007 6
391 3953 635 4025 Χριστὸς
666 3952 724 4002 ὲν
756 3951 822 4017 τῇ
849 3948 1106 4017 Παρθένῳ
1137 3943 1442 4014 συνελήφθη
1474 3944 1532 4009 ἐξ
1584 3944 1789 4011 ἀστρα-

194 4053 297 4121 πῆς
326 4055 429 4121 τῆς
463 4045 698 4109 ἄνωθεν,
728 4043 820 4096 τοῦ
857 4043 1012 4109 ἁγίου
1045 4039 1380 4108 Πνεύματος·
1421 4040 1514 4089 καὶ
1536 4035 1726 4106 ὥσπερ
1761 4037 1789 4088 ό

199 4141 556 4213 μαργαρίτην
604 4135 762 4206 ἔχων,
804 4132 1063 4194 πολλάκις
1089 4131 1338 4199 κατέχων
1375 4125 1566 4179 τοῦτον
1600 4128 1657 4176 ἐν
1717 4128 1785 4196 τῇ

191 4236 351 4305 χειρὶ,
389 4231 562 4293 αὑτός
599 4229 697 4297 μὲν
739 4221 847 4278 οἶδε
884 4225 1048 4276 πόσον
1097 4223 1329 4276 πλοῦτον
1376 4220 1510 4291 ἔχει,
1550 4218 1698 4272 ἄλλοι
1731 4217 1787 4269 δὲ

189 4324 503 4392 ἀγνοοῦσιν·
544 4319 693 4372 οὕτω
748 4319 841 4370 καὶ
873 4316 933 4368 τὸ
964 4319 1226 4385 κήρυγμα
1287 4316 1344 4366 ἐν
1384 4315 1497 4376 τοῖς
1555 4312 1786 4379 ἀφανέσι

192 4417 279 4469 καὶ
305 4413 560 4468 εὐτελέσι
589 4410 915 4481 κρύπτεται.
946 4409 1035 4458 ~ta!
1069 4404 1160 4458 οὖν
1194 4405 1382 4459 τοῦτον
1421 4405 1514 4456 τὸν
1574 4419 1790 4474 μαργα-

191 4507 343 4578 ρίτην
370 4503 638 4566 κτᾶσθαι,
671 4502 850 4553 πάντα
875 4500 1133 4562 διδόντας.

263 4643 281 4675 ι
347 4622 526 4674 Πάλιν
574 4617 740 4686 ὁμοία
800 4616 1007 4684 ἐστίνὴ
1063 4613 1312 4684 βασιλεία
1380 4613 1486 4667 τῶν
1540 4617 1784 4687 οὐρανῶν

1899 3413 2008 3457 tum
2041 3403 2349 3473 opiniones.
2387 3399 2504 3454 Una
2569 3410 2747 3454 autem
2792 3401 3053 3469 pretiosa,
3088 3413 3194 3452 una
3239 3408 3322 3452 est
3354 3400 3496 3454 veri-

1895 3508 2002 3564 tas,
2035 3512 2153 3566 qua:
2180 3496 2392 3550 scilicet
2437 3494 2690 3548 Christus
2723 3503 2827 3548 est.
2860 3492 3028 3562 Igitur
3056 3493 3197 3545 sicut
3245 3491 3309 3544 de
3350 3507 3496 3544 mar-

1893 3591 2068 3659 garita
2115 3589 2349 3643 traditur
2389 3588 2533 3655 quod
2582 3587 2632 3637 in
2685 3586 2893 3639 conclia
2941 3593 3224 3646 nascatur,
3264 3598 3383 3651 quae
3434 3599 3492 3634 se

1894 3681 2071 3751 aperit
2129 3679 2654 3750 tempore'lulgoris,
2704 3688 2758 3731 et
2802 3677 2925 3730 dein
2990 3677 3189 3729 iterum
3237 3675 3438 3729 claudit
3478 3717 3488 3727 .

1895 3775 2204 3842 concipitur
2237 3776 2420 3842 itaque
2446 3781 2557 3826 tum
2586 3787 2653 3827 ex
2681 3770 2891 3840 fulgore
2918 3779 2969 3824 et
3000 3785 3142 3835 rore,
3180 3777 3493 3838 pr0pterea-

1893 3882 1998 3936 que
2026 3865 2253 3920 candida
2285 3844 2368 3920 est
2399 3882 2412 3917 ε
2449 3864 2526 3918 sic
2571 3873 2624 3916 et
2651 3863 2898 3917 Christus
2936 3863 2988 3915 in
3025 3859 3244 3927 Virgine
3290 3874 3490 3913 concc-

1893 3968 2082 4026 ceptus
2111 3966 2211 4024 est,
2242 3973 2304 4012 ex
2332 3972 2563 4025 superno
2596 3955 2806 4025 fulgore
2844 3996 2858 4020 ,
2887 3954 3120 4026 Spiritus
3151 3953 3322 4008 sancti
3348 3955 3495 4006 scili-

1893 4051 2090 4105 cet.Et
2149 4052 2288 4104 sicut
2340 4043 2483 4119 saepe
2541 4049 2888 4117 margaritam
2945 4057 3135 4100 tenens
3187 4045 3239 4097 in
3305 4059 3491 4106 manu,

1895 4145 2005 4213 ipse
2029 4145 2130 4197 st-it
2154 4151 2386 4211 quantas
2411 4142 2609 4195 haheat
2628 4140 2866 4202 divitias,
2891 4139 2975 4192 alii
2995 4147 3172 4192 autem
3198 4136 3492 4206 ignorant:

1895 4235 1964 4287 ita
2002 4245 2055 4287 et
2093 4234 2404 4301 praedicatio
2431 4233 2480 4284 in
2518 4229 2770 4284 obscuris
2801 4227 3215 4291 etsimplicihus
3248 4227 3488 4279 abscon-

1894 4329 2006 4381 dita
2041 4335 2144 4381 est.
2173 4327 2338 4381 Docet
2369 4325 2534 4396 igitur
2567 4336 2626 4379 ut
2656 4323 2798 4378 datis
2827 4320 3082 4376 omnibus
3130 4320 3483 4390 margaritam

1894 4422 2031 4473 lianc
2052 4419 2450 4488 possideamus.

1969 4619 2132 4674 Vens.
2164 4619 2354 4673 47-50.
2390 4638 2407 4670 t
2456 4617 2654 4673 lterum
2696 4617 2875 4673 simile
2918 4627 2999 4674 est
3053 4633 3276 4688 regnum
3312 4618 3484 4673 cmlo-

189 4720 398 4788 σαγήνῃ
438 4714 708 4785 βληθείσῃ
748 4713 827 4772 εἰς
890 4710 990 4780 τὴν
1033 4711 1309 4762 θάλασσαν
1351 4711 1445 4761 καὶ
1483 4712 1545 4762 ὲκ
1589 4713 1786 4775 παντὸς

1902 4730 2012 4766 rum
2061 4728 2297 4784 sagense,
2328 4729 2450 4783 quae
2483 4709 2534 4766 in
2573 4728 2720 4767 mare
2753 4713 2919 4766 missa
2971 4728 3038 4766 ex
3078 4711 3223 4766 omni
3283 4727 3487 4781 genere

186 4811 370 4877 γένους
388 4803 821 4873 συναγωγούσῃ,
841 4803 907 4872 ῆν
930 4802 1018 4854 ὅτε
1041 4800 1334 4870 ἐπληρώθη
1355 4801 1790 4864 ἀναϐιϐάσαντες

186 4901 278 4955 ἐπὶ
307 4901 400 4955 τὸν
425 4895 706 4966 αἰγιαλὸν,
738 4894 831 4946 καὶ
859 4893 1202 4955 καθίσαντες,
1234 4893 1522 4956 συνέλεξαν
1548 4893 1613 4945 τὰ
1647 4893 1788 4946 καλά

186 4993 266 5056 είς
291 4994 519 5062 ἀγγεῖα,
551 4987 622 5040 τά
681 4986 737 5040 δὲ
778 4984 962 5055 σαπρὰ
1007 4983 1111 5048 ἔξω
1156 4982 1346 5037 ἔϐαλον
1377 5001 1391 5016 ο
1427 4984 1598 5047 οὕτως
1634 4985 1788 5038 ἔσται

187 5085 244 5137 ἐν
273 5081 662 5156 τῇσυντελεία
696 5077 791 5130 τοῦ
839 5079 1054 5140 αἰῶνος.
1113 5075 1526 5140 Ἐξελεύσονται
1583 5080 1630 5130 oi
1681 5078 1784 5145 ἆγ-

188 5179 352 5243 γελοι,
382 5177 482 5228 καλ⁸
537 5171 826 5240 ἀφοριοῦσι
863 5171 986 5234 τοὺς
1029 5173 1299 5240 πονηροὺς
1341 5173 1406 5224 ἐκ
1461 5171 1629 5240 μέσου
1675 5171 1785 5224 τῶν

187 5268 428 5333 δικαίων,
488 5266 587 5318 καὶ
626 5263 876 5334 βαλοῦσιν
923 5265 1119 5326 αὐτοὺς
1149 5263 1228 5325 εἰς
1262 5265 1359 5334 τὴν
1407 5264 1638 5331 κάμινον
1685 5263 1778 5317 τοῦ

189 5361 374 5431 πυρός’
410 5360 535 5414 ὲκεῖ
586 5357 741 5410 ἔσται
793 5359 821 5410 6
867 5357 1145 5425 κλαυθμὸς
1199 5357 1294 5409 καὶ
1323 5359 1350 5408 6
1394 5357 1642 5426 βρυγμὸς
1672 5357 1780 5408 τῶν

186 5453 431 5506 ὀδόντων.
475 5471 493 5503 ι
524 5450 740 5520 Φοϐερὰ
763 5449 898 5517 αῦτη
923 5448 1281 5518 ἡπαραϐολή-
1312 5449 1551 5502 δείκνυσι
1571 5452 1678 5521 γάρ
1695 5451 1778 5503 ὅτι

189 5546 289 5599 κᾶν
321 5545 700 5613 πιστεύωμεν,
741 5542 816 5612 μὴ
841 5543 1052 5613 ἔχωμεν
1093 5543 1148 5595 δὲ
1184 5543 1297 5611 βίον
1340 5544 1562 5610 ἀγαθὸν,
1596 5547 1674 5608 είς
1720 5544 1780 5595 τὸ

188 5637 296 5705 πῦρ
318 5635 672 5709 ριφησόμεθα
695 5652 707 5665 ·
739 5637 946 5706 σαγήνη
986 5636 1083 5704 μὲν
1119 5637 1224 5705 γὰρ
1257 5637 1286 5705 ἡ
1314 5636 1635 5689 διδασκαλία
1668 5637 1777 5689 τῶν

186 5729 378 5783 ἀλιέων
418 5728 763 5792 ἀποστόλων,
796 5729 829 5798 ἡ
862 5728 1075 5796 ὲπλάκη
1118 5727 1225 5778 ἀπό
1268 5743 1324 5778 τε
1386 5731 1629 5798 σημείων
1683 5732 1774 5782 καὶ

193 5821 507 5894 μαρτυριῶν
553 5821 936 5893 προφητικῶν.
979 5823 1042 5873 Ἀ
1086 5819 1194 5890 γὰρ
1238 5819 1515 5875 ἐδίδασκον
1555 5823 1770 5876 0167:6-

275 6317 292 6323 ...

1888 4807 2260 4875 congregavit,
2295 4823 2459 4876 qnam
2501 4815 2559 4859 ut
2615 4805 2830 4872 impleta
2868 4804 3062 4858 inisset
3110 4804 3475 4858 Sttbdttcetttes

1887 4899 1952 4951 ad
1990 4899 2164 4963 littus,
2193 4911 2248 4954 et
2298 4900 2552 4953 sedentes
2603 4898 2937 4968 collegerunt
3005 4912 3118 4968 pta:
3162 4900 3297 4951 bona
3334 4909 3479 4961 sunt,

1885 4996 1940 5049 in
1972 5009 2099 5047 vasa
2129 5011 2142 5046 :
2182 5008 2302 5061 qua:
2339 5006 2468 5047 vero
2523 4991 2686 5057 mala,
2717 4991 2864 5046 foras
2915 4993 3219 5060 ejecernnt.
3251 4990 3343 5044 Sic
3372 4995 3481 5044 erit

1891 5088 1941 5141 in
1980 5085 2449 5141 consummatione
2478 5087 2682 5138 smcuti.
2747 5083 2985 5138 Exibunt
3014 5085 3212 5152 angeli,
3240 5094 3294 5138 et
3323 5099 3480 5152 sepa-

1887 5181 2083 5233 rabnnt
2117 5179 2284 5231 malos
2327 5178 2390 5231 de.
2426 5179 2604 5232 medio
2627 5178 2919 5242 iustorum,
2945 5187 3000 5232 et
3044 5177 3259 5231 mittent
3293 5193 3387 5230 eos
3429 5178 3480 5230 in

1891 5271 2162 5324 caminum
2193 5271 2352 5338 ignis,
2387 5271 2455 5324 ibi
2491 5272 2593 5323 erit
2630 5269 2787 5322 ﬂetus
2819 5278 2872 5323 ct
2899 5269 3103 5323 stridor
3150 5271 3420 5322 dentium.
3459 5288 3474 5319 ι

1891 5362 2179 5416 Terribilis
2213 5373 2295 5415 est
2333 5363 2447 5417 haec
2491 5362 2746 5432 parabola
2778 5380 2792 5427 ;
2842 5362 3080 5415 ostendit
3113 5363 3256 5414 enim
3309 5362 3478 5430 quod,

1889 5453 2012 5507 licet
2059 5457 2366 5520 credamus,
2404 5469 2507 5507 non
2581 5455 2874 5508 habeamus
2929 5465 3110 5506 autem
3155 5452 3321 5505 vitam
3383 5455 3486 5505 lio-

1891 5563 2039 5610 nant,
2079 5547 2134 5600 in
2189 5549 2368 5615 ignem
2414 5545 2786 5615 projiciemnr.
2843 5544 3056 5616 Sageua
3122 5547 3341 5612 quidem
3395 5554 3480 5598 est

1887 5642 2130 5694 det-trina
2191 5642 2522 5709 piscatorum
2560 5641 2949 5706 apostolorum,
2985 5655 3105 5710 quae
3144 5656 3210 5692 ex
3248 5642 3482 5691 miracu-

1885 5733 1949 5785 lis
2003 5741 2056 5785 et
2110 5733 2437 5784 testimoniis
2487 5733 2869 5800 prOphetarum
2905 5746 3153 5785 connexa
3212 5740 3312 5784 εει.
3348 5732 3481 5796 Quae

1883 5825 2027 5879 enim
2081 5824 2351 5880 docebant
2411 5825 2661 5894 apostoli,
2727 5825 3017 5882 [irruebant
3077 5824 3373 5887 miraculis,
3428 5832 3482 5874 ct
