4004 6472
510 427 615 491 £91

1352 412 1658 479 THEOPH
1670 409 1931 473 YIACTl
1988 405 2085 465 ΕΠ
2097 403 2404 463 LGARIE
2443 401 2803 462 ARCHIEP.

3653 389 3780 454 992

507 543 886 612 prophetarum
934 534 1176 589 vocibus.
1224 527 1349 583 Nam
1382 527 1544 595 igitur
1584 538 1783 593 sageua
1814 534 1879 612 es
1931 518 2076 573 omni

2210 519 2383 580 ’τολοι,
2428 514 2708 569 ἐϐεϐαίουν
2759 516 2869 577 τοῖς
2914 530 2971 565 τε
3030 512 3297 580 θαύμασι,
3343 509 3436 564 καὶ
3491 510 3612 571 ταῖς
3654 509 3778 561 τῶν

508 611 705 704 genere
760 624 1150 697 congregavit,
1200 618 1491 679 Barbaros,
1552 615 1789 677 Graecos,
1841 611 2077 673 Iudaeos,

508 724 841 781 meretrices.
873 716 1212 786 publicanos,
1235 710 1498 764 latrones.
1523 708 1747 773 Quando
1778 718 1958 759 autem
1979 705 2082 758 im-

509 816 652 883 pleta
680 810 859 875 fuerit,
902 810 1001 863 hoc
1035 816 1141 871 est,
1174 800 1641 857 consummabitur
1669 798 1921 860 mundus,
1952 806 2082 855 tunc

494 907 597 974 ,ψιὶ
630 898 909 970 ἱεῖςιῃοιια
946 898 1166 961 fuerint,
1189 897 1587 952 discernentur.
1631 887 1765 943 Nam
1798 888 1928 943 licet
1967 901 2085 941 cre-

509 992 821 1051 tliJerintus.
876 989 1083 1043 inventi
1117 987 1219 1057 71
1254 996 1434 1039 autem
1501 981 1765 1036 fuerimus
1810 979 1957 1043 mali,
1990 978 2086 1032 ab-

509 1085 767 1149 iiciemnr.
802 1080 902 1147 Qui
927 1087 1103 1133 autem
1138 1092 1241 1130 non
1297 1075 1459 1138 tales,
1496 1073 1550 1128 in
1590 1086 1723 1125 vasa
1778 1072 2083 1137 mittentur,

508 1185 710 1228 acterna
744 1170 1089 1225 tabernacula
1113 1169 1251 1223 dico.
1278 1165 1450 1221 Omne
1467 1172 1647 1218 autem
1679 1176 1838 1232 opus,
1858 1161 1971 1215 sive
1990 1159 2086 1214 bo-

509 1280 662 1326 num,
691 1264 806 1317 sive
843 1261 1060 1321 malum,
1102 1260 1250 1313 cibus
1290 1257 1486 1311 dicitur
1518 1268 1640 1310 esse
1667 1255 1881 1307 animae.
1915 1250 2089 1304 liabet

510 1360 653 1411 enim
674 1358 850 1409 anima
868 1351 1171 1422 spirituales
1182 1352 1389 1404 dentes.
1410 1347 1748 1421 Tttncautem
1766 1345 1943 1399 anima
1962 1342 2089 1396 stri-

515 1446 658 1500 derit
696 1446 818 1509 illis,
858 1446 959 1497 hoc
999 1454 1101 1505 est,
1144 1440 1456 1509 operativas
1496 1437 1880 1492 suasvirtutcs
1904 1441 2089 1487 conte-

512 1547 594 1592 ret
618 1551 682 1591 eo
710 1538 851 1605 quod
884 1535 997 1588 lucc
1033 1533 1246 1587 fecerit.

582 1717 744 1771 Vens.
781 1717 871 1777 5l,
897 1714 984 1769 52.
1024 1734 1042 1761 ε
1070 1713 1210 1767 Dicit
1245 1712 1349 1767 illis
1378 1711 1569 1775 Jesus;
1606 1707 1953 1763 intellexistis
1981 1708 2093 1760 lia-c

514 1808 742 1863 omnia?
778 1806 976 1861 Dicunt
1026 1806 1102 1859 illi
1140 1806 1378 1871 :Etiam,
1418 1803 1663 1859 Domine.
1711 1801 1782 1854 At
1826 1799 1913 1854 ille
1958 1798 2095 1852 dixit

519 1903 623 1957 illis
648 1919 662 1957 :
689 1900 975 1966 Propterea
1000 1900 1175 1953 omnis
1198 1898 1379 1953 scriba
1423 1896 1613 1950 doctus
1634 1895 1700 1948 ad
1731 1907 1953 1964 regnum
1983 1904 2094 1945 coa-

496 1996 722 2055 ‘lorum,
775 1989 967 2046 similis
1007 1999 1091 2043 est
1130 1988 1530 2057 patrifamilias,
1579 1988 1667 2056 qui
1713 1984 1983 2054 depromit
2030 1980 2095 2036 de

520 2084 773 2137 thesauro
818 2095 917 2134 suo
964 2094 1102 2133 nova
1148 2090 1204 2133 et
1255 2088 1459 2132 vetera.
1514 2100 1532 2129 ι
1578 2076 1769 2132 Vidisti
1824 2066 2097 2144 quomodo

517 2174 791 2242 parabolae
839 2171 1159 2226 attentiores
1188 2184 1285 2224 eos
1317 2168 1589 2223 fecerint?
1621 2166 1760 2223 Ecce
1803 2167 1967 2236 igitur
2002 2169 2093 2235 qui

517 2266 650 2320 alias
703 2262 1037 2331 insipientes,
1090 2272 1146 2314 et
1196 2247 1457 2328 imperiti,
1502 2256 1818 2326 intelligunt
1870 2270 1933 2311 ea
1973 2270 2097 2324 quae

514 2357 732 2426 oblique
786 2356 955 2410 dicta.
1007 2353 1162 2410 Unde
1216 2352 1441 2407 laudans
1486 2365 1580 2405 eos
1622 2348 1894 2411 Salvator,
1940 2347 2093 2409 dicit,

515 2449 705 2506 Omnis
756 2450 966 2512 scriba,
1033 2458 1139 2503 etc.
1198 2446 1424 2501 Scribas
1467 2444 1613 2498 enim
1672 2449 1828 2498 vocat
1880 2456 1993 2504 eos,
2038 2447 2099 2493 ut

515 2543 706 2598 doctos
755 2541 808 2594 in
839 2540 978 2609 lege,
1010 2549 1066 2593 et
1102 2538 1225 2592 licet
1268 2537 1408 2590 docti
1456 2545 1642 2589 essent
1690 2533 1745 2588 in
1798 2532 1935 2602 lege,
1991 2546 2097 2586 non

519 2638 836 2687 manserunt
864 2640 1041 2684 tamen
1070 2630 1122 2682 in
1150 2628 1288 2699 lege,
1314 2627 1411 2683 sed
1433 2626 1577 2681 docti
1596 2632 1732 2681 sunt
1761 2625 1826 2679 ad
1850 2639 2096 2694 regnum,

516 2724 619 2778 ltoc
648 2734 754 2786 est,
796 2721 997 2776 Christi
1033 2719 1353 2783 scientiam,
1387 2726 1443 2773 et
1478 2727 1705 2788 possunt
1746 2716 1992 2789 proferre
2035 2730 2100 2771 ea

510 2831 635 2885 qum
663 2830 725 2869 ex
760 2828 897 2869 novo
931 2824 985 2868 et
1016 2826 1135 2881 qua
1164 2827 1233 2867 ex
1259 2811 1454 2865 veteri.
1488 2808 1890 2865 Paterfamilias
1918 2792 2094 2878 igitur
2134 2800 2139 2803 ’

511 2909 765 2965 Christus
790 2920 847 2962 ut
873 2910 1049 2963 dives.
1083 2909 1141 2961 lo
1173 2907 1291 2976 ipso
1316 2905 1459 2960 enim
1493 2902 1738 2958 thesauri
1773 2912 1901 2958 sunt
1932 2902 2100 2956 scien-

517 3006 631 3066 tim,
663 3004 752 3069 qui
801 3016 938 3053 nova
980 3000 1205 3061 docens,
1229 3012 1293 3053 ex
1338 2997 1507 3050 veteri
1544 2992 1906 3064 subiungebat
1951 2994 2102 3049 testi-

522 3095 702 3148 monia
741 3110 754 3145 :
781 3094 1012 3161 exempli
1043 3092 1213 3163 gratia
1246 3091 1479 3152 dixerat,
1509 3090 1612 3144 Pro
1642 3090 1817 3144 otioso
1852 3101 2104 3143 sermone

2182 607 2477 679 προφητῶν
2499 609 2725 674 φωναῖς.
2753 605 2901 675 Αὕτη
2932 607 3110 658 τοίνυν
3137 606 3171 675 ὴ
3206 604 3438 673 σαγήνῃ,
3462 591 3526 659 εκ
3560 601 3722 655 nave?
3740 617 3778 663 ς

2183 700 2369 767 γένους
2400 699 2683 765 συνέλαϐε,
2726 698 3068 768 Βαρϐάρους,
3106 695 3398 765 Ἕλληνας,
3451 693 3772 756 Ἰουδαίους.

2185 794 2413 863 πόρνας,
2442 793 2707 856 τελώνας,
2734 793 2955 863 λῃστάς.
2995 792 3121 842 Ὅτε
3147 790 3207 843 δὲ
3254 787 3575 858 ἐπληρώθη.
3605 802 3777 841 τουτο

2184 889 2359 949 ἐστιν.
2390 887 2519 939 ὅταν
2551 885 2875 955 συντελεσθῇ
2919 885 2947 937 ό
2978 883 3203 952 κόσμος,
3232 881 3356 935 τότε
3381 880 3437 935 οἱ
3469 881 3529 935 ὲν
3571 882 3641 951 τῇ
3668 895 3779 934 σα·

2186 979 2333 1051 γήνῃ
2379 978 2769 1049 διακρίνονται.
2820 976 2942 1030 Κᾶν
2975 977 3080 1043 γὰρ
3132 972 3557 1041 ἐπιστεύσαμεν,
3611 971 3781 1040 εὕρε-

2188 1072 2372 1141 θῶμεν
2398 1071 2456 1124 δὲ
2479 1071 2701 1142 σαπροὶ,
2734 1068 3041 1139 ῥιπτόμεθα
3069 1087 3081 1103 ν
3110 1068 3162 1119 oi
3201 1066 3260 1120 δὲ
3290 1065 3366 1136 μὴ
3406 1063 3659 1132 τοιοῦτοι,
3690 1063 3784 1124 είς

2189 1164 2387 1230 ἀγγεῖα
2415 1162 2722 1231 βάλλονται,
2742 1161 2885 1228 λέγω
2905 1160 2969 1231 δὴ
2985 1160 3083 1222 τὰς
3099 1158 3354 1220 αἰωνίους
3372 1157 3596 1228 σκηνάς.
3612 1156 3783 1209 Πᾶσα.

2189 1257 2246 1309 δὲ
2270 1255 2471 1326 πρᾶξις
2502 1255 2848 1338 εἴτεὰγαθὴ,
2874 1255 2983 1307 εἴτε
3036 1252 3269 1323 πονηρὰ,
3299 1250 3496 1339 βρῶμα
3546 1250 3783 1318 λέγεται

2190 1341 2331 1395 εἶναι
2361 1347 2459 1414 τῆς
2500 1343 2701 1413 ψυχῆς,
2738 1343 2891 1415 Ἔχει
2924 1344 3032 1414 γὰρ
3074 1344 3291 1405 ὀδόντας
3324 1341 3551 1411 νοητοὺς
3584 1342 3670 1395 καὶ
3741 1342 3783 1411 ἡ

2188 1435 2359 1508 ψυχή.
2401 1436 2537 1489 Τότε
2574 1434 2669 1489 οὖν
2718 1436 2753 1508 ὴ
2788 1435 2939 1507 ψυχὴ
2984 1434 3175 1508 βρύκει
3222 1434 3467 1500 τούτους,
3498 1435 3618 1494 ἦτοι
3671 1433 3787 1495 τὰς

2193 1529 2507 1599 πρακτικὰς
2556 1528 2730 1597 αὐτῆς
2804 1528 3066 1597 δυνάμεις
3132 1526 3555 1599 συντριϐομένη,
3632 1525 3785 1579 διότι

2189 1620 2419 1675 τοιαῦτα
2449 1620 2707 1691 ἔπραξεν.

2285 1729 2304 1762 ι
2370 1712 2534 1779 Λέγει
2606 1714 2791 1777 αὐτοῖς
2852 1715 2881 1765 ὁ
2944 1711 3191 1782 Ἱησοῦς’
3242 1710 3529 1783 Συνήκατε
3600 1709 3789 1765 ταῦτα

2197 1805 2375 1857 πάντα
2400 1820 2415 1868 ;
2442 1792 2669 1869 Λέγουσι
2701 1802 2852 1873 αὐτῷ
2879 1820 2890 1830 ·
2922 1802 3053 1865 Ναὶ,
3084 1802 3279 1873 Κύριε.
3325 1801 3384 1854 ὐ
3412 1801 3469 1854 δὲ
3496 1798 3649 1855 εἶπεν
3679 1802 3789 1855 αὑ-

2198 1900 2307 1958 τοῖς
2340 1912 2354 1925 ο
2382 1896 2479 1972 Διὰ
2520 1894 2678 1948 τοῦτο
2728 1895 2835 1958 πᾶς
2888 1894 3251 1970 γραμματεὺς
3300 1892 3664 1964 μαθητευθεὶς
3699 1895 3789 1952 είς

2198 1986 2295 2057 τὴν
2324 1985 2605 2053 βασιλείαν
2638 1985 2747 2037 τῶν
2785 1985 3057 2055 οὐρανῶν,
3101 1985 3287 2054 ὅμοιός
3316 1986 3465 2037 ἐστιν
3494 1982 3789 2056 ἀνθρώπῳ

2199 2078 2573 2151 οἰκοδεσπότῃ,
2603 2080 2751 2141 ὅστις
2786 2077 3043 2132 exeam.
3072 2078 3137 2129 ὲκ
3159 2075 3252 2129 τοῦ
3293 2076 3573 2147 θησαυροῦ
3608 2076 3787 2129 αὐτοῦ

2202 2170 2364 2223 καινὰ
2396 2171 2493 2223 καὶ
2534 2170 2760 2227 παλαιά.
2806 2189 2823 2221 ι
2860 2166 3016 2233 Εἶδες
3039 2167 3157 2232 πῶς
3182 2171 3240 2221 al
3265 2168 3575 2238 παραδολαὶ
3605 2186 3793 2238 προσ-

2199 2263 2592 2334 εκτικωτὲρους
2630 2262 2829 2324 αὐτοὺς
2861 2261 3162 2330 Emineant;
3194 2260 3324 2315 Ἰδοὺ
3365 2259 3496 2328 γοῦν
3525 2262 3575 2313 οί
3602 2260 3793 2323 ἄλλως

2200 2356 2419 2424 ἀνόητοι
2444 2355 2538 2408 καὶ
2558 2353 2815 2423 ἀμαθεῖς,
2840 2354 3081 2424 συνῆκαν
3098 2354 3166 2407 τὰ
3186 2354 3462 2418 δυσκόλως
3488 2354 3791 2424 εἰρημένα.

2204 2448 2366 2501 Ὅθεν
2420 2446 2657 2500 ἐπαινῶν
2696 2446 2892 2510 αὐτοὺς
2944 2447 2974 2499 ό
3028 2446 3243 2516 Σωτὴρ,
3302 2446 3491 2516 φησὶν,
3540 2448 3622 2498 ὅτι
3666 2447 3795 2510 Πᾶς

2202 2540 2589 2611 γραμματεὺς,
2624 2538 2815 2592 καὶτὰ
2864 2538 3014 2608 ἑξῆς.
3058 2538 3434 2608 Γραμματέας
3475 2539 3584 2607 γὰρ
3632 2537 3797 2605 λέγει

2202 2633 2418 2694 αὐτοὺς,
2466 2631 2542 2694 ὠς
2600 2630 2952 2700 νομομαθεῖς,
3000 2630 3115 2683 ἀλλ’
3176 2632 3226 2684 εί
3279 2632 3376 2683 καὶ
3448 2630 3795 2700 νομομαθεῖς

2202 2719 2364 2795 ἦσαν,
2401 2724 2502 2776 οὐκ
2531 2723 2897 2793 ἑναπέμειναν
2924 2722 3003 2793 τῷ
3030 2706 3203 2794 νόμῳ.
3234 2722 3355 2776 ἀλλ’
3402 2721 3799 2793 ιμαθητεύθη-

2206 2833 2304 2867 σαν
2335 2818 2416 2879 εἰς
2450 2815 2548 2885 τὴν
2582 2814 2881 2885 βασιλείαν,
2928 2816 3227 2880 τουτέστιν,
3269 2817 3349 2879 είς
3390 2815 3489 2886 τὴν
3520 2815 3615 2869 τοῦ
3645 2816 3798 2885 Χρι-

2205 2906 2334 2959 στοῦ
2376 2907 2602 2974 γνῶσιν,
2658 2907 2754 2961 καὶ
2802 2907 3061 2961 δύνανται
3118 2908 3421 2977 προφέρειν
3468 2908 3537 2962 τά
3588 2924 3648 2961 τι
3683 2908 3802 2977 τῆς

2204 2999 2397 3067 καινῆς
2434 3000 2528 3051 καὶ
2576 2998 2677 3067 τῆς
2738 2998 2996 3062 παλαῖας.
3035 2998 3438 3068 Οίκοδισπότης
3470 2993 3563 3052 οὖν
3588 3000 3617 3053 ό
3645 2999 3800 3069 Χρι-

2208 3089 2352 3153 στὸς,
2383 3089 2458 3153 ὡς
2484 3089 2760 3154 πλούσιος.
2808 3091 2897 3145 Ἐν
2926 3091 3074 3163 αὐτῷ
3104 3091 3215 3163 γὰρ
3244 3093 3290 3144 οἱ
3319 3092 3419 3161 τῆς
3463 3092 3653 3161 σοφίας
3683 3091 3798 3163 θη-

526 3184 791 3239 rationem
822 3185 1038 3248 reddes,
1069 3183 1171 3238 hoc
1200 3183 1344 3237 enim
1380 3197 1575 3236 novum
1614 3198 1628 3236 :
1670 3180 1874 3235 Deinde
1898 3177 2100 3232 addidit

2215 3180 2426 3250 σαυροί.
2470 3182 2568 3242 Ὃς
2614 3180 2682 3233 τὰ
2713 3181 2876 3235 καινὰ
2906 3180 3199 3247 διδάσκων,
3248 3177 3352 3234 εἶθ’
3398 3180 3573 3246 οὕτως
3620 3182 3803 3253 ἔφερε

528 3274 921 3331 testimonium.
963 3272 1041 3327 Ex
1090 3272 1431 3329 sermonibus
1483 3274 1632 3327 enim
1685 3274 1792 3326 tuis
1836 3269 2102 3340 justifies-

523 3366 691 3429 beris,
734 3376 789 3420 et
828 3364 1297 3427 condemnaberis,
1328 3363 1430 3417 boc
1462 3371 1634 3417 vetus.
1667 3360 1722 3415 In
1760 3362 1862 3416 hoc
1895 3359 2102 3416 similes

523 3455 774 3525 apostoli,
829 3456 1004 3524 qualis
1063 3453 1281 3510 Paulus.
1343 3454 1674 3517 lmitatores,
1735 3454 1945 3523 inquit,
1993 3456 2099 3508 mei

524 3557 726 3615 estote,
761 3549 903 3604 sicut
927 3557 981 3602 et
1010 3563 1108 3617 ego
1144 3546 1345 3602 Christi
1375 3547 1437 3601 ".

602 3819 763 3875 Vens.
792 3820 890 3887 5'5,
918 3819 1008 3874 54.
1056 3838 1074 3869 ι
1105 3817 1170 3871 Et
1222 3821 1420 3873 factum
1473 3830 1576 3885 est,
1623 3829 1683 3872 ut
1735 3834 1856 3873 cum
1900 3820 2109 3875 ﬁnisset

526 3911 683 3968 .lcsus
727 3912 1009 3981 parabolas
1063 3914 1185 3976 itas,
1235 3911 1610 3981 digrederetur
1664 3911 1835 3966 illinc.
1873 3911 1940 3966 Et
1982 3922 2104 3967 cum

528 4005 769 4059 venisset
793 4006 843 4058 in
872 4004 1100 4075 patriam
1136 4019 1311 4069 suam,
1344 4004 1571 4059 docebat
1602 4018 1697 4057 eos
1748 4004 1803 4058 in
1833 4006 2106 4073 synagoga

532 4097 767 4153 illorum.
803 4114 823 4146 ι
886 4094 994 4150 Has
1038 4097 1171 4151 dixit
1219 4095 1521 4164 parabolas,
1569 4097 1827 4165 quoniam
1875 4106 1931 4149 et
1976 4094 2109 4149 alias

532 4189 691 4256 paulo
720 4198 841 4257 post
875 4188 1115 4243 dicturus
1147 4198 1285 4242 erat.
1318 4172 1538 4261 Transit
1570 4204 1772 4255 autem,
1805 4199 1865 4244 ut
1893 4200 1949 4244 et
1982 4189 2102 4243 aliis

531 4298 625 4337 sita
657 4282 938 4352 prmseutia
968 4280 1155 4351 prosit.
1186 4279 1424 4334 Patriam
1453 4291 1629 4336 autem
1664 4282 1808 4337 illius
1838 4281 2109 4336 Nazaretit

540 4373 780 4442 intelligo
813 4391 826 4427 :
864 4388 993 4427 nam
1041 4374 1091 4426 in
1137 4373 1238 4427 ista
1280 4374 1541 4429 educatus
1579 4384 1682 4428 est.
1730 4372 2000 4431 Caeterum
2056 4375 2109 4429 in

536 4480 807 4537 synagoga
833 4465 987 4519 docet
1033 4463 1243 4533 publice
1283 4474 1339 4519 et
1365 4465 1553 4531 libere,
1592 4479 1658 4519 ne
1702 4467 1887 4523 dicere
1924 4476 2106 4536 postea

536 4560 745 4627 possint
778 4558 916 4625 quod
948 4559 1191 4626 quaedam
1216 4571 1244 4609 a
1272 4557 1389 4627 lege
1418 4558 1631 4614 diversa
1661 4560 1927 4614 docuerit.

613 4735 776 4789 Vens.
822 4736 1012 4789 54-57.
1066 4756 1084 4786 ‹
1136 4735 1211 4788 lta
1256 4746 1308 4792 ut
1362 4750 1658 4805 stuperent,
1708 4755 1769 4793 ac
1817 4740 2103 4796 dicerent.

545 4826 692 4880 Unde
719 4826 841 4879 huic
869 4826 1135 4894 sapientia
1165 4825 1279 4880 haec
1314 4838 1368 4880 et
1410 4828 1676 4883 virtutes?
1700 4845 1880 4885 nonne
1911 4833 1998 4887 hic
2030 4842 2113 4889 est

542 4919 631 4970 ille
686 4917 821 4970 fabri
869 4917 1259 4975 ﬁlius?nonne
1294 4928 1466 4971 mater
1506 4922 1626 4988 ejus
1656 4935 1881 4976 vocatur
1920 4923 2110 4990 Maria,

542 5018 595 5059 ct
625 5004 818 5059 fratres
852 5006 971 5074 ejus
1001 5005 1235 5061 Jacobus
1262 5048 1277 5071 ,
1316 5019 1369 5060 et
1396 5007 1570 5075 loses,
1598 5019 1650 5064 et
1682 5009 1889 5077 Simon,
1929 5022 1982 5067 et
2022 5012 2114 5067 Ju-

545 5099 639 5149 das
663 5098 684 5148 ?
706 5110 759 5151 et
786 5114 999 5155 sorores
1026 5100 1142 5169 ejus
1175 5117 1356 5155 nonne
1394 5117 1584 5156 omnes
1626 5106 1765 5171 apud
1802 5120 1900 5160 nos
1946 5107 2117 5161 sunt?

548 5186 702 5241 Unde
740 5190 903 5257 igitur
933 5191 1055 5244 huic
1091 5192 1203 5246 haec
1233 5194 1414 5246 omnia
1444 5193 1465 5245 ?
1494 5205 1547 5247 et
1588 5194 1996 5251 oHendebantur
2024 5215 2116 5252 su—

547 5297 641 5347 per
672 5295 754 5333 co.
794 5300 811 5331 ι
846 5282 1156 5350 lusipientes
1189 5296 1347 5339 erant
1380 5285 1685 5353 Nazareni;
1728 5291 2117 5346 existimabant

546 5372 686 5425 enim
740 5374 1128 5443 ignobilitatem
1186 5386 1240 5430 ct
1298 5380 1689 5432 obscuritatem
1740 5382 2000 5449 majorum
2063 5385 2115 5435 iu

549 5480 709 5517 causa
738 5480 857 5519 esse
884 5482 993 5535 quo
1032 5469 1206 5522 minus
1234 5473 1353 5537 quis
1388 5472 1495 5524 Deo
1536 5474 1769 5539 placeat.
1813 5471 1940 5526 Esto
1975 5477 2117 5527 enim

549 5559 687 5621 quod
734 5558 950 5623 ltnmilis
982 5560 1139 5613 homo
1185 5561 1346 5617 fuerit
1387 5562 1564 5629 Jesus,
1598 5584 1663 5619 au
1710 5584 1814 5623 nou
1857 5580 1909 5618 et
1941 5568 2119 5621 Deus?

549 5649 684 5710 Quid
724 5651 966 5704 obstaret
1022 5668 1268 5723 magnum
1322 5657 1468 5712 illum
1532 5660 1582 5712 in
1637 5662 1916 5715 miraculis
1966 5661 2124 5715 fieri?
2229 5669 2321 5731 λδς
2361 5666 2427 5739 ἦν

626 5829 666 5863 ⁸⁵
696 5831 855 5890 lCor.
893 5854 965 5903 IV,
1011 5840 1090 5892 l6.

2206 3272 2515 3342 μαρτυρίας
2550 3272 2657 3324 ἀπὸ
2698 3274 2799 3343 τῆς
2848 3275 3109 3340 παλαιᾶς,
3172 3268 3283 3328 οἷον
3330 3269 3503 3337 εἶπεν,
3563 3275 3645 3328 ὅτι
3695 3278 3805 3330 καὶ

2206 3364 2345 3433 ὑπὲρ
2374 3363 2545 3433 ἀργοῦ
2578 3364 2738 3432 λόγου
2773 3363 3105 3437 εὐθυνθήσῃ,
3136 3366 3298 3419 τοῦτο
3326 3366 3387 3419 τδ
3412 3367 3618 3421 καινόν.
3650 3363 3799 3421 Εἶτα.

2204 3456 2451 3522 ἐπήγαγε
2485 3454 2813 3525 μαρτυρίαν.
2845 3453 2941 3508 Ἐκ
2971 3455 3081 3527 γὰρ
3110 3456 3219 3513 τῶν
3237 3455 3413 3526 λόγων
3438 3473 3533 3509 σου
3564 3457 3799 3511 δικαιω-

2207 3545 2371 3616 θήσῃ.
2410 3548 2505 3600 καὶ
2534 3545 2943 3619 κατακριθήστι,
2978 3549 3137 3602 τοῦτο
3190 3549 3250 3602 τὸ
3296 3549 3549 3603 παλαιόν.
3601 3550 3806 3621 Τούτῳ

2205 3639 2336 3702 γοῦν
2368 3638 2544 3707 ὅμοιοι
2595 3639 2645 3690 ot
2705 3640 3021 3703 ἀπόστολοι,
3071 3637 3181 3704 οἷος
3222 3641 3251 3694 ό
3287 3640 3522 3705 Παῦλος,
3567 3643 3748 3711 λέγων
3782 3661 3799 3675 ·

2209 3730 2457 3799 Μιμηταί
2493 3747 2595 3799 μου
2629 3730 2863 3797 γίνεσθε,
2893 3730 3071 3792 καθὼς
3105 3734 3262 3801 κάγὼ
3287 3734 3547 3803 Χριστοῦ.

2286 3841 2303 3871 ι
2340 3822 2450 3875 Καὶ
2472 3821 2689 3890 ἐγένετο
2718 3824 2807 3876 ὅτε
2843 3823 3092 3877 ἐτέλεσεν
3115 3827 3144 3877 ό
3180 3824 3389 3895 Ἰησοῦς
3420 3826 3518 3889 τὰς
3546 3827 3810 3898 παραδο-

2210 3911 2304 3974 λὰς
2350 3914 2574 3977 ταύτας,
2614 3912 2851 3984 μετῆρεν
2902 3916 3134 3970 ἐκεῖθεν.
3189 3918 3299 3970 Καὶ
3360 3917 3532 3971 ὲλθὼν
3580 3921 3659 3981 εἰς
3694 3920 3806 3989 τὴν

2212 4005 2447 4076 πατρίδα
2481 4005 2672 4072 αὑτοῦ,
2706 4005 2985 4060 ἐδίδασκεν
3027 4009 3225 4073 αὐτοὺς
3270 4011 3329 4062 ὲν
3378 4013 3445 4080 τῇ
3500 4018 3806 4083 συναγωγῇ

2211 4097 2409 4150 αὐτῶν.
2452 4116 2471 4146 ι
2513 4098 2728 4161 Ταύτας
2785 4096 2907 4152 εἷπε
2948 4099 3045 4162 τὰς
3084 4102 3427 4171 παραϐολὰς,
3464 4104 3652 4175 ἐπειδὴ
3702 4108 3812 4159 καὶ

2212 4186 2377 4248 ἄλλας
2436 4186 2551 4256 μετ’
2589 4189 2769 4255 ὀλίγον
2803 4190 2987 4259 μέλλει
3030 4191 3196 4261 ἐρεῖν.
3228 4193 3560 4246 Μεταδαίνει
3592 4195 3670 4259 δὲ,
3710 4196 3731 4249 ἱ
3768 4216 3809 4249 α

2215 4283 2307 4333 καὶ
2340 4280 2534 4343 ἄλλους
2581 4281 2838 4354 ὠφελήσῃ
2879 4286 2945 4354 τῇ
2992 4284 3272 4355 παρουσία
3325 4285 3515 4340 αὑτοῦ.
3554 4289 3809 4357 Ιιατρίδα

2213 4372 2269 4425 δὲ
2296 4373 2488 4438 αὑτοῦ,
2518 4374 2617 4444 τὴν
2646 4374 2900 4446 Ναζαρὲτ
2960 4374 3073 4429 νόει
3100 4392 3115 4407 ο
3147 4378 3205 4429 ὲν
3237 4376 3379 4448 αὐτῇ
3410 4377 3519 4450 γὰρ
3558 4381 3807 4451 ἐτράφη.

2227 4465 2315 4519 Ἐν
2335 4468 2400 4536 τῇ
2442 4469 2730 4537 συναγωγῇ
2753 4467 2811 4521 δὲ
2830 4467 3091 4533 διδάσκει,
3116 4470 3175 4522 ὲν
3204 4469 3369 4539 κοινῷ
3391 4472 3487 4523 καὶ
3515 4475 3813 4544 ιιταρῤησίᾳ⁵

2221 4556 2415 4626 λόγων,
2452 4557 2539 4611 ἵνα
2574 4558 2650 4629 μὴ
2676 4558 2876 4628 ἔχωσιν
2909 4558 3136 4631 ὕστερον
3165 4561 3365 4629 λόγων,
3390 4563 3475 4619 ὅτι
3508 4568 3814 4636 παράνομά

2219 4667 2346 4702 τινα
2376 4650 2674 4703 ιδίδασκεν.
3282 4655 3287 4661 ’

2294 4763 2313 4795 ι
2345 4746 2509 4797 Ὥστε
2550 4745 2951 4816 ὲκπλήττεσθαι
2985 4748 3202 4812 αὐτοὺς,
3232 4750 3328 4803 καὶ
3364 4751 3547 4820 λέγειν
3571 4770 3584 4781 ·
3632 4753 3817 4807 [idem

2218 4838 2454 4909 τούτῳή
2503 4839 2667 4907 σοφία
2719 4838 2859 4911 αῦτη
2921 4842 3017 4895 καὶ
3083 4844 3141 4895 at
3181 4843 3476 4913 δυνάμειςς
3516 4846 3625 4915 Οὐχ
3648 4840 3817 4912 οὗτιὶς

2222 4932 2369 4982 ἔστιν
2389 4932 2417 4982 ό
2445 4929 2538 4985 τοῦ
2561 4930 2814 4997 τέκτονος
2838 4934 2952 4996 υἱός
2978 4951 2992 4999 ;
3023 4935 3135 5005 Οὐχ
3166 4936 3201 5004 ἡ
3242 4939 3424 5007 μήτηρ
3449 4939 3612 4991 αὑτοῦ
3644 4939 3821 5007 λέγε-

2220 5038 2309 5073 ται
2348 5021 2599 5091 Μαριὰμ.
2658 5024 2754 5077 καὶ
2796 5025 2845 5078 oi
2890 5024 3113 5093 ἀδελφοὶ
3150 5026 3317 5079 αὑτοῦ
3386 5030 3670 5093 Ἰἀκωεος,
3710 5035 3822 5087 καὶ

2234 5114 2436 5181 Ἰωσῆς,
2492 5119 2586 5171 καὶ
2642 5118 2845 5186 Σίμων,
2879 5120 2972 5171 καὶ
3019 5119 3253 5185 Ἰούδας;
3316 5123 3424 5173 Καὶ
3472 5125 3527 5174 at
3574 5123 3812 5193 ἀδελφαὶ

2222 5206 2385 5258 αὐτοῦ
2421 5208 2543 5276 οὐχὶ
2568 5210 2739 5261 πᾶσαι
2770 5210 2905 5277 πρὸς
2949 5212 3093 5278 ἡμᾶς
3118 5213 3224 5263 εἰσι
3251 5228 3264 5276 ;
3301 5212 3473 5264 Πόθεν
3510 5210 3603 5267 οὖν
3628 5218 3815 5285 τούτῳ

2224 5299 2397 5351 ταῦτα
2420 5301 2625 5364 πάντας
2661 5302 2768 5353 Καὶ
2797 5302 3245 5367 ἐσκανδαλίζοντο
3266 5306 3322 5356 ὲν
3358 5305 3523 5375 αὐτῷ.
3558 5326 3573 5357 ι
3616 5308 3819 5375 Ἀνόη-

2226 5408 2307 5442 τοι
2333 5392 2484 5454 ὅντες
2529 5380 2577 5444 oi
2610 5392 2950 5464 Ναζαρηνοὶ,
3007 5394 3257 5464 ἐνόμιζον
3308 5396 3390 5448 ὅτι
3436 5400 3469 5466 ἡ
3514 5398 3815 5464 δυσγένεια

2230 5486 2322 5536 καὶ
2355 5488 2385 5553 ἡ
2416 5486 2661 5538 εὐτέλεια
2690 5487 2795 5539 τῶν
2826 5488 3128 5557 προγόνων,
3163 5488 3391 5557 βλάπτει
3423 5492 3543 5542 τινὰ
3580 5494 3711 5561 πρὸς
3752 5496 3821 5546 τὸ

2230 5578 2593 5647 εὐαρεστῆσαι
2624 5576 2703 5647 τῷ
2732 5577 2873 5647 Θεῷ.
2919 5578 3102 5631 Ἔστω
3130 5581 3259 5648 γὰρ,
3284 5580 3364 5633 ὅτι
3394 5581 3683 5653 ἄνθρωπος
3717 5583 3818 5651 ψε-

2468 5673 2494 5721 ὁ
2553 5669 2783 5741 Ἰησοῦς,
2844 5672 2956 5723 ἀλλ’
2997 5672 3116 5739 οὐχὶ
3158 5671 3325 5735 Θεός’
3405 5677 3454 5726 τί
3503 5676 3821 5739 ἐπαεπῶιξεν
