4004 6414
612 436 719 500 299
1446 415 2021 482 THEOPHYLACTI
2056 409 2467 474 BULGARUE
2492 402 2853 467 ARCHIEP.
3748 388 3867 452 300

612 558 701 605 rat
730 554 786 603 et
822 545 1019 616 pisces,
1048 550 1104 597 ut
1135 536 1382 595 ostendat
1408 533 1549 606 quod
1581 534 1697 605 ipse
1731 532 1802 587 sit
1828 532 1920 602 qui
1973 540 2175 587 terram
2206 580 2209 589 λ

2329 543 2362 579 τι
2394 523 2557 585 αὐτός
2579 522 2731 573 ἐστιν
2780 519 2809 570 6
2839 517 2941 585 γῆς
2988 512 3082 565 καὶ
3144 507 3429 580 Θαλάσσης
3483 505 3863 577 Δημιουργδς,

611 649 665 693 et
692 651 842 692 mare
867 630 1185 693 condiderit,
1215 634 1270 681 et
1294 639 1481 681 omnes
1512 622 1643 688 cibi,
1666 621 1862 691 quibus
1882 620 2174 683 vescimur,

2329 619 2382 671 αὶ
2432 617 2513 669 ὅτι
2562 614 2597 668 ἀ
2641 610 2763 667 καθ’
2822 609 3063 676 ἑκάστην
3093 602 3387 673 ,ἑσθίομεη
3418 597 3588 654 αὐτοῦ
3624 597 3869 661 διδόντος

715 729 830 798 ipso
862 722 1016 779 nobis
1048 692 1263 781 dentur.
1294 728 1347 773 et
1380 730 1478 785 per
1508 717 1685 784 ipsum
1726 702 2175 781 multiplicemur.

2329 711 2557 779 τθίομεν,
2612 706 2705 759 καὶ
2748 702 2840 757 ὑπ’
2894 698 3061 755 αὑτοῦ
3099 696 3504 766 πληθύνονται·
3556 694 3616 745 ἐν
3663 692 3867 761 ἐρήμῳ

621 783 883 875 Cael-erum
919 815 972 868 in
1020 814 1235 866 deserto
1264 808 1323 863 iit
1368 783 1712 868 miraculum,
1757 819 1822 858 ne
1851 802 1973 871 quis
2004 800 2180 867 opine-

2329 805 2429 857 z'rb
2480 798 2691 870 θαῦμα.
2720 797 2794 860 ὡς
2827 795 2893 849 ἂν
2934 792 3022 873 μὴ
3051 789 3247 865 νομίσῃ
3288 806 3403 854 τις,
3451 788 3533 843 ὅτι
3565 788 3630 839 ϋι
3652 783 3869 845 πόλεως

616 920 704 964 tur
744 922 773 960 e
810 904 1031 959 civitate
1058 900 1237 954 vicina
1270 907 1481 966 emptos
1503 909 1705 965 panes,
1737 888 2180 957 multitudinith

2329 898 2529 958 είτονος
2591 892 2833 963 ἠγόρασε
2881 886 3008 951 τοὺς
3052 887 3272 959 ἄρτους,
3325 883 3421 937 καὶ
3487 883 3723 952 διένειμε
3786 877 3873 949 τῷ

614 995 956 1057 distributos;
981 989 1087 1059 75
1114 990 1387 1043 desertum
1414 988 1555 1040 enim
1578 995 1695 1039 erat
1716 1001 1731 1037 :
1756 990 1811 1036 et
1838 982 1938 1036 hoc
1961 979 2177 1050 quidem

2329 988 2498 1059 λήθει,
2539 986 2745 1056 ἕρημος
2769 981 2878 1052 γὰρ
2907 976 2998 1053 ἦν’
3026 979 3122 1033 καὶ⁸
3143 978 3284 1032 οὕτω
3309 976 3408 1047 μὲν
3434 974 3555 1029 καθ’
3595 970 3869 1043 ἱστορίαν.

612 1076 910 1143 secundum
964 1082 1267 1137 historiam.
1296 1078 1456 1134 Juxta
1503 1089 1777 1146 anzigogen
1802 1084 1981 1126 autem
2012 1071 2177 1126 disce.

2329 1080 2444 1135 ,ατά
2476 1078 2533 1131 δὲ
2592 1074 2905 1145 ἀναγωγὴν,
2963 1070 3101 1132 ιιάθε
3144 1071 3226 1123 ὅτι
3262 1068 3451 1139 ἐπειδὴ
3515 1062 3783 1135 Ἡρώδης,
3843 1063 3877 1113 6

609 1181 899 1248 Postquam
955 1174 1216 1239 Herodes,
1272 1172 1372 1226 hoc
1421 1180 1526 1237 est,
1572 1166 1808 1223 carnalis
1846 1177 1900 1218 et
1954 1163 2175 1233 pellicea

2329 1173 2543 1242 ipxtvo;
2582 1167 2680 1221 καὶ
2701 1165 3023 1237 δερμάτυος
3070 1162 3179 1215 τῶν
3220 1159 3490 1213 Ἰουδαίων
3532 1156 3675 1219 νοῦς,
3708 1153 3880 1207 τοῦτο

613 1287 765 1328 mens
789 1269 1093 1325 Judaorum
1120 1268 1215 1337 (ita
1246 1265 1390 1319 enim
1426 1262 1660 1325 llerodcs
1692 1257 1870 1325 sonat)
1895 1254 2182 1311 decollavit

2329 1265 2393 1334 ἀρ
2434 1261 2681 1332 Ἡρώδης
2711 1256 3101 1330 ἑρμηνεύεται,
3133 1251 3507 1319 ἀπεκεφάλισε
3537 1249 3627 1303 τὸν
3678 1244 3876 1300 Ἰωάν-

614 1364 901 1427 Joannem,
932 1360 1321 1431 prOpIietarum
1359 1364 1543 1423 caput,
1572 1352 1674 1406 hoc
1710 1360 1816 1414 est,
1858 1349 1924 1403 de
1964 1348 2183 1403 Christo

2329 1376 2407 1425 qv,
2448 1354 2508 1408 τὸ
2550 1353 2660 1406 τῶν
2710 1349 3013 1423 προφητῶν
3062 1346 3385 1416 κεφάλαιον,
3438 1342 3706 1403 τουτέστι,
3752 1341 3879 1401 τοῖς

615 1454 1032 1528 praedicentibus
1063 1464 1168 1503 non
1202 1446 1449 1510 credidit,
1483 1444 1685 1499 secedit
1716 1442 1875 1496 Jesus
1906 1441 1959 1493 in
1996 1439 2183 1492 deser-

2331 1451 2416 1519 sp't
2449 1444 2690 1518 Χριστοῦ
2742 1442 3195 1516 προφητεύσασιν
3228 1439 3329 1491 οὐκ
3357 1436 3700 1499 ἐπίστευσεν,
3734 1434 3874 1487 ἀνα-

617 1526 727 1603 tum
764 1546 965 1607 locum,
1012 1541 1078 1596 ad
1109 1545 1295 1611 gentes
1328 1553 1358 1591 a
1400 1537 1507 1591 Deo
1547 1535 1860 1597 destitutas,
1894 1540 1948 1585 et
1976 1537 2185 1583 sanavit

2329 1543 2455 1612 ωρεῖ
2513 1538 2701 1592 λοιπὸν
2744 1538 2773 1591 6
2816 1534 3025 1607 Ἰησοῦς
3078 1532 3161 1596 είς
3206 1530 3415 1601 ἔρημον
3457 1527 3643 1591 τόπον,
3685 1527 3767 1587 είς
3802 1526 3884 1578 τὰ

614 1639 856 1693 inlirmas
880 1632 1112 1696 animas,
1146 1638 1201 1685 ct
1244 1629 1436 1685 deinde
1465 1624 1609 1693 pavit
1645 1639 1757 1678 cas.
1786 1622 1920 1675 Nam
1958 1621 2056 1675 nisi
2106 1634 2185 1674 re-

2329 1638 2437 1706 ὶνη,
2470 1633 2541 1687 τά
2563 1632 2751 1704 ἔρημα
2804 1628 2899 1682 τοῦ
2933 1625 3095 1689 Θεοῦ,
3143 1627 3239 1680 καὶ
3286 1621 3583 1694 θεραπεύει
3614 1620 3739 1681 τοὺς
3772 1618 3884 1691 ἀρο

616 1728 824 1785 miserit
879 1720 1035 1780 nobis
1082 1730 1322 1792 peccata,
1380 1729 1436 1773 et
1489 1713 1765 1771 sanaverit
1811 1710 2030 1766 morbos
2091 1724 2186 1778 per

2329 1705 2531 1789 ὡστους
2575 1723 2719 1778 κατὰ
2743 1722 2944 1792 ψυχὴν,
2999 1716 3120 1772 εἶτα
3165 1716 3255 1770 καὶ
3304 1714 3491 1786 τρέφει
3520 1711 3765 1773 τούτους.
3811 1705 3885 1763 Et

617 1820 965 1889 baptismum,
1000 1828 1110 1868 non
1150 1819 1338 1882 pascet
1387 1822 1486 1863 nos
1530 1804 1915 1876 communione
1945 1799 2187 1869 impollu-

2329 1822 2366 1894 ὴ
2399 1820 2510 1890 γὰρ
2550 1819 2752 1889 ἀφήσει
2783 1816 2915 1885 ἡμῖν
2942 1812 3042 1875 τάς
3077 1810 3378 1882 ἁμαρτίας,
3419 1808 3511 1860 καὶ
3534 1803 3882 1876 θεραπεύσει

622 1923 801 1967 torum
852 1906 1254 1978 mysteriorum.
1302 1900 1491 1954 Nullus
1539 1899 1683 1952 enim
1725 1910 1832 1951 non
1879 1894 2186 1964 baptizatus

2329 1880 2385 1977 ἀς
2412 1880 2724 1985 ἀρρωστίας
2746 1880 2837 1961 διά
2859 1906 2953 1960 τοῦ
2986 1880 3385 1976 βαπτίσματος,
3406 1901 3468 1953 ού
3501 1898 3691 1968 θρέψει
3720 1897 3884 1966 ἡμᾶς

616 2000 1001 2058 communicat.
1030 1996 1150 2050 Jam
1192 1994 1430 2063 quinque
1470 1988 1638 2045 millia
1666 1987 1883 2059 signant
1911 1999 2008 2040 eos
2050 1998 2188 2052 quo-

2329 2011 2355 2078 ᾖ
2392 2004 2675 2077 μεταδόσει
2708 2002 2815 2055 τῶν
2858 2000 3144 2071 ἀχράντων
3175 1993 3514 2068 μυστηρίων.
3549 1991 3742 2053 Οὐδεὶς
3764 1989 3885 2059 γὰρ

615 2108 734 2147 rum
768 2091 1007 2161 quinque
1040 2101 1238 2144 sensus
1271 2084 1410 2139 male
1444 2082 1623 2137 aﬂ‘ecti
1663 2087 1842 2144 erant,
1883 2088 1937 2133 et
1975 2076 2069 2147 qui
2092 2089 2187 2145 per

2331 2076 2626 2159 δάπτιστος
2655 2089 3089 2163 μεταλαμϐάνει.
3118 2085 3558 2156 Πεντακισχίλιοι
3590 2083 3667 2149 δὲ,
3696 2083 3749 2134 οἱ
3775 2080 3884 2142 τὰς

625 2185 864 2254 quinque
909 2196 1075 2252 panes
1118 2188 1402 2233 curantur.
1448 2176 1740 2229 Enimvero
1779 2170 1906 2241 quia
1950 2168 2187 2238 quinque

2329 2192 2455 2243 :éwe
2490 2186 2775 2256 αἰσθήσεις
2811 2182 2998 2244 κακῶς
3033 2180 3389 2249 διακείμενοι,
3420 2176 3469 2228 οἳ
3502 2175 3595 2227 καὶ
3640 2174 3729 2227 διὰ
3762 2172 3885 2226 τῶν

617 2292 815 2336 sensus
839 2274 1278 2334 inllrmabantur,
1310 2277 1441 2338 quot
1480 2267 1646 2337 plaga:
1686 2273 1870 2327 erant,
1914 2270 1992 2314 tot
2032 2268 2188 2313 erant

2329 2282 2453 2333 εέντε
2482 2280 2664 2349 ἀρτων
2681 2273 3099 2347 θεραπεύονται.
3146 2269 3303 2322 Ἐπεὶ
3331 2268 3442 2337 γάρ
3469 2268 3522 2319 αἱ
3554 2265 3717 2318 πέντε
3748 2265 3883 2317 αίσ-

615 2381 669 2427 ct
689 2370 1001 2441 emplastra.
1025 2368 1138 2421 Duo
1161 2380 1290 2420 vero
1312 2364 1509 2440 pisces,
1530 2361 1857 2431 piscatorum
1883 2365 2185 2412 sermones.

2329 2374 2481 2444 ήσεις
2515 2371 2759 2439 ἐνόσουν,
2804 2370 2925 2421 ὅσαι
2980 2366 3038 2418 αἱ
3092 2364 3320 2433 πληγαὶ,
3361 2359 3624 2414 τοσαῦται
3684 2358 3785 2411 καὶ
3822 2359 3885 2409 αἱ

619 2464 770 2519 Unus
800 2463 985 2532 piscis,
1034 2457 1424 2527 Evangelium;
1479 2456 1616 2507 alius
1649 2450 1835 2521 piscis,
1875 2447 2185 2518 Apostolus.

2329 2465 2659 2535 μπλαστροι.
2704 2461 2809 2513 Δύο
2856 2460 2913 2513 δὲ
2956 2456 3160 2527 ίχθύες,
3200 2456 3249 2508 οί
3292 2454 3400 2507 τῶν
3454 2453 3648 2506 ἀλιέων
3696 2449 3888 2517 λόγοι.

620 2554 849 2625 Quidam
878 2554 1119 2623 quinque
1168 2563 1357 2620 panes,
1393 2547 1636 2616 quinque
1666 2544 1831 2598 libros
1879 2540 2080 2610 Moysis
2114 2538 2191 2592 iu-

2329 2553 2390 2619 ζῖς
2420 2557 2572 2627 ἰχθὺς
2596 2555 2655 2607 τὸ
2686 2552 3043 2621 Εὑαγγὲλιον,
3076 2551 3260 2620 ἕτερος
3285 2546 3436 2616 ἰχθὺς
3461 2546 3488 2597 6
3525 2541 3887 2605 Ἀπόστολος.

620 2645 969 2707 tellexerunt,
1003 2640 1281 2702 Genesim,
1318 2635 1585 2699 Exodum,
1620 2631 1945 2693 beviticum,
1988 2629 2189 2682 Nume-

2329 2650 2453 2713 ἰνὲς
2482 2650 2539 2703 δὲ
2583 2649 2747 2700 πέντε
2775 2645 2993 2716 ἄρτους,
3028 2642 3126 2711 τὴν
3168 2642 3539 2706 Πεντάτευχον
3574 2635 3669 2689 τοῦ
3732 2636 3887 2689 Mm-

618 2751 733 2800 ros,
763 2733 1262 2790 Deuteronomium.
1288 2728 1581 2781 Duodecim
1614 2733 1795 2778 autem
1839 2721 2055 2791 cophini
2081 2721 2194 2773 fue-

2334 2744 2434 2805 ἐως
2469 2742 2718 2810 ἐνόησαν,
2772 2738 3016 2797 Γένεσιν,
3057 2733 3301 2798 Ἕξοδον,
3338 2729 3647 2794 Λευιτικὸν,
3690 2728 3893 2797 Ἀριθ-

611 2818 745 2883 runt
778 2824 974 2880 sublati
1019 2825 1085 2877 ab
1135 2819 1415 2892 apostolis,
1464 2827 1519 2871 et
1567 2814 1787 2885 portati.
1846 2814 2194 2879 Quaecunque

2329 2835 2453 2896 ιοῦς,
2506 2831 2946 2901 Δευτερονόμιον.
3007 2826 3227 2878 Δώδεκα
3258 2825 3313 2877 δὲ
3383 2824 3598 2892 κόφινοι
3639 2816 3785 2892 ἦσαν
3834 2823 3894 2873 οἱ

616 2920 767 2984 enim
799 2932 898 2973 nos
934 2916 1103 2970 turba:
1141 2915 1443 2976 comedere,
1484 2909 1585 2963 hoc
1612 2915 1715 2973 est,
1757 2906 2057 2971 intelligere
2087 2918 2191 2956 non

2338 2927 2556 2996 ρθέντες
2615 2923 2721 2978 ὑπὸ
2777 2923 2886 2975 τῶν
2936 2920 3255 2975 ἀποστόλων
3310 2918 3405 2971 καὶ
3449 2914 3885 2986 βασταχθέντες.

621 3012 929 3083 potuimus,
991 2997 1179 3062 eorum
1240 3001 1465 3073 apostoli
1522 3014 1751 3070 capaces
1802 3005 2084 3067 portarunt
2140 3004 2195 3048 et

2329 3023 2443 3072 Οσα
2470 3018 2580 3087 γὰρ
2612 3017 2773 3087 ἡμεῖς
2802 3016 2849 3068 oi
2880 3012 3049 3084 ὄχλοι,
3081 3012 3141 3065 ού
3162 3008 3442 3080 δυνάμεθα
3471 3009 3689 3077 φαγεῖν,
3714 3023 3894 3059 τουτ-

622 3104 950 3157 diviserunt.
981 3098 1186 3152 Praeter
1218 3094 1479 3150 mulieres
1513 3106 1577 3146 ac
1619 3088 1876 3161 parvulos
1910 3104 1924 3140 :
1963 3087 2194 3155 exigitur

2330 3129 2438 3177 στι,
2499 3111 2713 3175 νοῆσαι,
2764 3106 2940 3161 ταῦτα
2998 3107 3048 3158 oi
3092 3104 3381 3161 ἀπόστολοι
3427 3102 3739 3154 ἐδάστασαν
3790 3101 3902 3153 καὶ

618 3194 767 3247 cutim
800 3206 827 3244 a
854 3190 1166 3246 Christiano
1194 3200 1260 3242 ne
1284 3186 1416 3256 quid
1449 3183 1656 3253 puerile
1686 3182 1768 3235 vel
1806 3179 2064 3235 muliebre
2086 3190 2195 3248 prie

2332 3204 2609 3274 χώρησαν.
2646 3201 2830 3270 Χωρὶς
2862 3199 2918 3252 δὲ
2964 3196 3243 3267 γυναικῶν
3284 3195 3380 3275 καλ.
3423 3193 3674 3257 παιδίων,
3724 3192 3902 3245 οὐδὲν

623 3301 683 3341 SC
710 3284 869 3340 ίθτεῑ·
2235 3271 2263 3275 ⁷⁷
2444 3296 2709 3367 νηπιῶδες
2735 3296 2767 3365 ἢ
2799 3293 3113 3361 γυναικεῖον
3146 3291 3236 3343 καὶ
3264 3271 3526 3358 ἄνανδρον
3553 3288 3895 3340 ἀπαιτεῖται

2302 3390 2330 3440 ὁ
2360 3388 2688 3459 Χριστιανὸς
2720 3386 2889 3457 ἔχειν.

2379 3499 2396 3530 ι
2436 3482 2543 3533 Καὶ
2573 3480 2775 3542 εὐθέως
2812 3478 3127 3548 ⁴ἠνάγκασεν
3150 3480 3176 3531 ὀ
3217 3474 3426 3546 Ἰησοῦς
3464 3474 3591 3536 τοὺς
3633 3471 3905 3543 μαθητὰς

2304 3570 2467 3624 αὑτοῦ
2505 3570 2739 3641 ἐμϐῆναι
2772 3571 2849 3634 εἰς
2902 3569 2962 3621 τὸ
3009 3570 3216 3631 πλοῖον,
3258 3568 3363 3621 καὶ
3394 3565 3658 3637 προάγειν
3717 3564 3902 3619 αὐτὸν

629 3669 773 3725 pain,
826 3656 996 3736 donec
1054 3649 1345 3704 dimisisset
1408 3646 1613 3701 turbas.
1668 3664 1684 3695 ι
1746 3645 1812 3701 Ut
1868 3644 2201 3713 significaret

2338 3664 2382 3725 ἰς
2421 3662 2481 3715 τὸ
2514 3662 2709 3730 πέραν,
2750 3660 2855 3722 ἕως
2901 3653 2961 3713 οὗ
3008 3659 3260 3730 ἀπολύσῃ
3315 3657 3441 3720 τοὺς
3495 3657 3707 3727 ὄχλους.
3752 3674 3773 3707 ι
3823 3658 3911 3707 TE.

628 3759 790 3815 quam
844 3734 1097 3798 indivulsi
1154 3749 1337 3815 essent
1385 3754 1415 3793 a
1472 3739 1700 3793 Domino
1749 3734 2199 3804 discipuli,dixit,

2329 3755 2758 3805 ῖυσαπόσπαστον
2787 3750 3161 3820 αἰνιττόμενος
3201 3750 3309 3801 τῶν
3361 3746 3641 3817 μαθητῶν,
3673 3742 3797 3798 εἷπε
3838 3750 3911 3800 τὸ

629 3837 838 3907 Coegit,
876 3849 1089 3905 semper
1131 3834 1274 3897 enim
1325 3833 1373 3886 ei
1427 3831 1615 3886 adesse
1652 3828 1925 3883 Volebam.
1969 3828 2204 3883 Dimittit

2329 3847 2680 3911 Ἠνάγκασεν,
2708 3843 2900 3914 ἤθελον
2923 3844 3032 3913 γὰρ
3049 3844 3137 3898 ἀεὶ
3158 3841 3307 3907 αὐτῷ
3332 3843 3588 3894 συνεῖναι.
3630 3839 3910 3893 Ἀπολύει

632 3938 809 3980 autem
863 3934 919 3979 et
950 3924 1157 3988 turbas,
1185 3923 1370 3977 uolens
1411 3923 1556 3989 ipsas
1606 3919 1885 3989 subsequi,
1924 3932 1993 3973 ne
2045 3932 2199 3971 arro-

2329 3940 2359 3991 μὲ
2391 3939 2514 4001 τοὺς
2543 3938 2753 4008 ὄχλους,
2801 3938 2863 3990 οὐ
2915 3936 3087 3991 θέλων
3119 3934 3476 4006 ἐπισύρεσθαι
3536 3932 3758 3995 αὐτοὺς,
3805 3934 3909 3987 ἵνα

630 4020 823 4089 gentia:
854 4016 1125 4072 studiosus
1171 4014 1460 4069 videretur.

2329 4030 2385 4101 ιη
2410 4030 2535 4101 δόξῃ
2564 4030 2920 4099 φιλόκομπος.

697 3468 861 3523 Vens.
882 3466 971 3520 22.
996 3483 1013 3517 ι
1054 3462 1119 3519 Et
1150 3463 1331 3517 statim
1360 3461 1533 3530 coegit
1564 3458 1718 3514 .lcsus
1751 3456 2040 3527 discipulos
2068 3460 2196 3511 Suos

628 3565 830 3617 intrare
864 3560 915 3613 in
944 3558 1142 3621 navim,
1166 3565 1218 3611 et
1270 3554 1573 3625 praxcedere
1603 3567 1661 3606 se
1691 3554 1741 3605 in
1781 3551 2088 3604 ulteriorem
2127 3549 2199 3603 ri-

704 4202 981 4267 V'sns.23,
1010 4202 1099 4255 24.
1131 4218 1149 4253 ι
1212 4200 1277 4255 Ει
1326 4201 1564 4255 dimissis
1612 4200 1804 4263 turbis,
1850 4203 2092 4258 ascendit
2150 4205 2203 4257 in

2390 4229 2407 4261 ι
2453 4210 2562 4263 Καὶ
2593 4209 2870 4269 ἀπολύσας
2910 4210 3039 4273 τοὺς
3074 4209 3286 4281 ὄχλους,
3343 4209 3512 4279 ἀνέϐη
3548 4213 3628 4272 είς
3654 4207 3715 4261 τὸ
3766 4208 3917 4281 ὅρος

633 4304 871 4347 montem
904 4293 968 4345 ad
1000 4292 1261 4345 orandum
1290 4304 1555 4345 seorsum.
1580 4288 1713 4343 Cum
1746 4299 1923 4344 autem
1956 4290 2206 4346 advenis-

2329 4304 2429 4355 ιατ⁹
2469 4302 2603 4353 ἰδίαν
2636 4300 3065 4369 προσεύξασθαι·
3097 4301 3255 4370 ὀψίας
3285 4300 3341 4353 δὲ
3368 4301 3688 4371 γενομένης,
3725 4303 3918 4371 μόνος

634 4393 715 4438 set
760 4396 1005 4451 vespera,
1032 4379 1181 4435 solus
1214 4387 1333 4433 erat
1359 4377 1487 4431 illic.
1514 4376 1777 4430 Caeterum
1812 4376 1965 4431 navis
1990 4378 2100 4444 jam
2149 4376 2204 4429 in

2329 4385 2377 4459 iv
2416 4390 2559 4440 ὲκεῖ’
2587 4389 2648 4440 τὸ
2686 4388 2740 4440 δὲ
2787 4390 2969 4442 πλοῖον
3001 4390 3103 4459 ήδη
3165 4391 3329 4459 μέσον
3362 4391 3461 4460 τῆς
3496 4390 3769 4459 θαλάσσης
3806 4387 3916 4464 ἦν,

637 4476 809 4529 medio
842 4474 1004 4527 maris
1038 4480 1177 4537 erat,
1219 4479 1271 4523 et
1316 4466 1672 4523 alﬂictabatur
1704 4482 1733 4522 a
1764 4467 2014 4525 ﬂuctibus
2040 4488 2052 4524 :
2081 4485 2202 4524 nam

2329 4480 2736 4551 Βασανιζόμενον
2774 4482 2877 4534 ὑπὸ
2905 4483 3013 4536 τῶν
3038 4484 3325 4553 κυμάτων,
3374 4479 3442 4555 ἦν
3492 4484 3599 4553 γὰρ
3648 4486 3919 4548 ἐναντίος

640 4578 829 4622 ventus
888 4575 1005 4620 erat
1062 4564 1339 4619 adversus.
1401 4582 1417 4614 ι
1474 4560 1776 4617 Ostendens
1850 4563 2002 4617 nobis
2063 4563 2206 4633 quod

2329 4574 2590 4645 idvepo;.
2634 4594 2651 4623 ι
2704 4575 2979 4628 Δεικνύων
3025 4578 3161 4647 ἡμῖν
3214 4577 3295 4631 ὃτι
3329 4577 3411 4630 δεῖ
3460 4575 3921 4645 ἀπερισπάστως

637 4666 877 4727 oporteat
946 4658 1151 4725 absque
1219 4653 1569 4708 distractione
1628 4654 1820 4709 mentis
1878 4657 2109 4723 precari,
2156 4656 2207 4708 in

2329 4669 2739 4738 προσεύχεσθαι,
2773 4670 2853 4731 είς
2886 4670 2947 4722 τὸ
2980 4669 3104 4740 ὅρος
3132 4669 3441 4736 ἀναϐαίνει,
3474 4668 3652 4723 πάντα
3682 4668 3797 4739 γάρ
3838 4672 3921 4724 δι’

643 4761 873 4805 montem
906 4748 1149 4801 ascendit
1181 4763 1198 4800 :
1226 4746 1404 4801 omnia
1454 4745 1600 4799 enim
1651 4754 1867 4815 propter
1912 4760 2011 4801 nos
2056 4744 2209 4811 facit,

2329 4760 2465 4825 ἡμᾶς
2501 4762 2663 4821 ποιεῖ,
2705 4760 2767 4812 οὐ
2801 4760 2911 4831 γὰρ
2958 4761 3119 4824 αὐτὸς
3152 4762 3320 4814 ἐδεῖτο
3382 4761 3712 4833 προσευχῆς.
3746 4762 3922 4827 Ἕως

640 4856 811 4911 neque
850 4839 992 4894 enim
1031 4839 1143 4905 ipse
1201 4836 1448 4904 precibus
1502 4851 1637 4905 opus
1690 4836 1873 4893 habet.
1916 4834 2095 4906 Usque
2147 4838 2209 4891 ad

2329 4850 2373 4901 52-:
2403 4850 2561 4917 ὀψίας
2612 4850 2850 4920 εὔχεται,
2900 4853 3166 4905 διδάσκων
3204 4855 3351 4923 ἡμᾶς
3388 4856 3463 4924 μὴ
3520 4852 3731 4923 ταχέως
3762 4855 3922 4925 depi-

643 4944 917 5001 tesperam
973 4938 1148 4981 autem
1210 4936 1483 4996 precatur,
1529 4928 1726 4981 docens
1776 4928 1920 4995 quod
1964 4940 2061 4980 nos
2107 4940 2209 4978 non

2329 4940 2547 4992 ττασθαι
2585 4941 2684 5010 τῆς
2721 4944 3028 5013 προσευχῆς
3053 4962 3067 4975 ·
3102 4942 3237 4995 ἀλλὰ
3276 4946 3369 4997 καὶ
3400 4944 3500 5012 τῆς
3540 4944 3734 5006 νυκτός
3802 4949 3927 5015 μάο

641 5023 820 5078 ttatim
858 5021 925 5075 ab
968 5020 1305 5074 orationibus
1348 5019 1625 5075 discedere
1672 5019 1986 5083 debeamus,
2029 5018 2120 5073 sed
2161 5031 2209 5071 et

2329 5035 2475 5085 λιστα
2494 5033 2653 5085 τοῦτο
2683 5038 2877 5099 ποιεῖν,
2916 5038 3036 5088 τότε
3073 5039 3181 5106 γὰρ
3206 5037 3404 5107 ἡσυχία
3445 5036 3635 5107 πολλή.
3672 5036 3925 5108 Συγχωο

646 5124 801 5169 nocte
854 5112 1186 5185 potissimum
1248 5112 1353 5167 illis
1407 5126 1617 5175 vacare,
1666 5122 1792 5167 tunc
1844 5113 1988 5165 enim
2043 5112 2209 5179 major

2329 5124 2405 5191 osi
2458 5124 2513 5177 δὲ
2546 5127 2672 5197 τοὺς
2720 5127 2967 5196 μαθητὰς
3017 5127 3470 5198 κλυδωνισθῆναι,
3528 5129 3613 5181 ἵνα
3680 5129 3923 5197 μάθωσι

647 5206 817 5272 quies.
876 5202 1143 5256 Permittit
1199 5212 1377 5255 autem
1428 5201 1723 5269 discipulos
1768 5202 1819 5255 in
1870 5209 2211 5270 tempestate,
2317 5218 2579 5272 γενναία,ς
2604 5193 2669 5272 φέ

648 5313 755 5365 quo
817 5296 1027 5349 discant
1092 5295 1419 5349 tentationes
1476 5294 1619 5349 ferre
1673 5293 1903 5358 fortiter,
1954 5310 2213 5363 suamque

650 5401 943 5458 agnoscant
980 5391 1249 5443 virtutem.
1292 5386 1349 5441 1n
1402 5388 1576 5444 medio
1625 5399 1803 5441 autem
1859 5388 2025 5441 maris
2067 5388 2216 5441 navi-

650 5485 818 5551 gium,
842 5481 1017 5551 signat
1046 5484 1298 5551 majorem
1331 5496 1452 5536 esse
1493 5482 1761 5536 timorem.

724 5574 886 5628 Vens.
908 5574 1095 5628 25-27.
1127 5594 1143 5625 ι
1168 5574 1369 5640 Quarta
1394 5584 1570 5630 autem
1604 5577 1963 5647 noctisvigilia
1984 5578 2117 5632 abiit
2149 5580 2209 5631 ad

2398 5604 2413 5633 ι
2455 5584 2701 5657 Τετάρτῃ
2724 5585 2779 5639 δὲ
2811 5586 3023 5660 φυλακῇ
3050 5594 3148 5658 τῆς
3180 5593 3372 5654 νυκτὸς
3409 5592 3616 5662 ἀπῆλθε
3649 5595 3793 5664 πρὸς
3816 5601 3929 5651 αὑ-

653 5668 769 5721 illos
797 5665 1280 5731 Jesus,;rnbulans
1314 5683 1471 5737 super
1513 5684 1682 5733 mare,
1710 5677 1762 5723 et
1815 5672 1901 5725 ubi
1954 5670 2209 5726 vidissent

2329 5676 2445 5739 τοὺς
2486 5681 2514 5730 6
2560 5678 2770 5748 Ἰησοῦς
2806 5682 3129 5751 περιπατῶν
3161 5683 3253 5736 ἐπὶ
3298 5686 3394 5752 τῆς
3451 5686 3764 5755 θαλάσσης·
3812 5696 3933 5743 καὶ

654 5774 775 5809 eum
831 5759 1075 5828 discipuli
1135 5773 1295 5827 super
1354 5776 1504 5818 mare
1563 5762 1951 5830 ambulantem,
2018 5767 2209 5819 turbati

2329 5770 2526 5832 ἰδόντες
2553 5770 2717 5823 αὐτὸν
2748 5772 2797 5824 oi
2828 5772 3072 5843 μαθηταὶ
3095 5776 3188 5828 ἐπὶ
3209 5778 3306 5845 τὴν
3330 5777 3607 5831 θάλασσαν
3656 5797 3927 5851 περιπα-

651 5849 1407 5922 sant,diccntes:Spectrum
1458 5862 1643 5923 est,ac
1674 5870 1783 5926 pra:
1841 5866 1983 5913 metu
2034 5858 2209 5914 excla-

2329 5863 2539 5931 τούντα,
2574 5864 2977 5936 ἐταράχθησαν,
3015 5866 3268 5937 λέγοντες
3311 5871 3389 5925 ὅτι
3420 5849 3927 5949 Φάντασμά-ἐστι,

2317 5218 2579 5283 γενναίως
2604 5219 2789 5288 φέρειν
2820 5222 2942 5282 τοὺς
2981 5223 3342 5291 πειρασμοὺς,
3376 5222 3469 5274 καὶ
3501 5220 3771 5289 ὲπιγνῶσι
3804 5226 3926 5296 τὴν

2319 5308 2483 5360 αὑτοῦ
2524 5310 2772 5378 δύναμιν.
2820 5311 2979 5365 Ἀλλά
3037 5314 3129 5365 καί
3178 5314 3341 5382 μέσον
3367 5314 3464 5385 τῆς
3508 5313 3791 5385 θαλάσσης
3852 5324 3924 5372 τὸ

2323 5399 2526 5465 πλοῖον,
2561 5402 2632 5463 ὡς
2669 5404 2890 5471 μείζονα
2931 5401 3068 5457 εἶναι
3100 5405 3189 5459 τὸν
3218 5408 3401 5473 φόὸον.
