4004 6442
114 430 199 497 tu
785 430 1231 493 ENARRATIO
1275 429 1359 491 IN
1397 429 1699 491 EVANGE

1816 428 1909 492 3M
1949 428 2342 489 ΜΑΤΤΗᾸΞΙ.
2386 450 2454 464 α-
2498 429 2655 490 CAP.
2694 429 2849 490 XIV.

114 545 196 599 nl
235 540 353 597 ἀπὸ
379 538 507 595 ’τοῦ
552 538 723 608 φόϐου
769 538 1030 612 εκραξαν.
1081 541 1301 603 Εὐθέως
1335 539 1391 592 δὲ
1447 539 1709 611 ἐλάλησεν
1738 549 1784 604 Α
1817 548 2102 595 maverunt
2134 555 2150 605 ;

113 635 285 699 ιω
334 637 366 688 δ
407 629 641 704 Ἰησοῦς,
682 632 900 702 λέγων·
942 633 1233 705 θαρσεῖτε,
1267 631 1379 702 ἐγώ
1422 634 1563 703 ειμιν
1624 633 1701 705 μὴ

114 726 377 797 φοϐεῖσθε.
406 745 428 777 ι
463 725 583 779 οὐκ
603 724 945 797 (21)εὺθέως
973 727 1156 789 αὐτοῖς
1180 726 1386 796 ἐπέστη
1405 725 1582 779 λύσων
1610 724 1701 777 τὸν

113 820 367 893 χειμῶνα,
440 820 721 875 παιδεύων
777 820 855 891 μὴ
916 820 1127 891 ταχέως
1186 818 1343 873 λύσιν
1375 821 1549 873 αίτεῖν
1591 820 1700 873 τῶν

113 911 427 982 συμφορῶν,
459 910 602 966 ἀλλά
636 910 828 981 φέρειν
855 909 1140 980 γενναίως,
1172 912 1307 964 ἀλλὰ
1339 911 1470 979 περὶ
1498 913 1699 982 τετάρ-

112 990 199 1074 την
226 1002 489 1073 φυλακήν
509 1020 525 1035 ο
548 1003 633 1066 είς
660 1003 902 1074 τέσσαρα
927 1004 1034 1074 γὰρ
1062 1003 1357 1076 διαιρεῖται
1386 1002 1529 1073 ήνὺξ
1552 1002 1702 1075 παρὰ

109 1097 210 1158 τοῖς
273 1095 657 1165 φυλάσσουσιν
714 1097 780 1150 ἐκ
842 1096 1095 1167 διαδοχῆς
1152 1094 1539 1166 στρατιώταις,
1596 1094 1701 1150 άνά

108 1195 247 1262 τρεῖς
296 1192 457 1262 ὥρας
522 1190 759 1263 ἐχούσης
819 1193 1057 1263 ἑκάστης
1116 1194 1390 1263 φυλακῆς.
1453 1193 1513 1247 Ὀ
1570 1192 1701 1261 γοῦν

109 1283 305 1355 Κύριος
339 1286 487 1354 μετά
515 1286 616 1354 τὴν
645 1286 877 1356 ἐννάτην
904 1286 1055 1356 ὥραν
1084 1286 1182 1357 τῆς
1208 1285 1423 1350 νυκτὸς,
1457 1297 1701 1358 περιπα-

108 1375 205 1428 τῶν
230 1376 427 1429 ἐπάνω
457 1375 555 1428 τοῦ
584 1376 802 1440 ὕδατος,
829 1376 906 1440 ὡς
936 1376 1084 1440 Θεὸς,
1122 1376 1351 1448 ἐπέστη.
1408 1378 1473 1430 Οἱ
1500 1377 1584 1441 δὲ,
1613 1377 1702 1433 διὰ

107 1466 162 1519 τὸ
200 1466 378 1536 ἄηθες
411 1468 511 1521 καὶ
536 1467 709 1533 ξένον,
742 1467 932 1535 ἔδοξαν
960 1469 1257 1538 φάντασμα
1286 1465 1451 1524 εῖναι.
1486 1470 1562 1523 Οὐ
1590 1468 1701 1542 γάρ

108 1557 207 1611 ἀπὸ
238 1558 342 1612 τοῦ
373 1558 558 1622 εἴδους
603 1558 911 1631 ἐγνώρισαν
962 1561 1145 1628 αὑτὸν,
1188 1562 1305 1633 ἅμα
1340 1562 1442 1632 μὲν
1482 1563 1577 1616 καὶ
1614 1562 1703 1617 διὰ

106 1650 203 1720 τὴν
250 1652 457 1717 νύκτα,
495 1651 614 1721 ἅμα
643 1652 698 1704 δὲ
732 1653 826 1705 καὶ
856 1652 945 1705 διὰ
969 1653 1059 1705 τὸν
1091 1654 1276 1724 φύσονο
1308 1656 1335 1707 6
1383 1654 1462 1720 δέ,
1518 1671 1700 1725 παρα-

108 1743 369 1815 sape-sm
404 1742 630 1813 πρῶτον
656 1743 877 1811 αὐτοὺς,
900 1745 1094 1814 λέγων·
1137 1745 1281 1821 Ἐγῴ
1301 1747 1438 1817 ειμι,
1470 1748 1498 1799 6
1524 1748 1701 1801 πάντα

106 1837 433 1906 δυνάμενος,
466 1835 741 1907 θαρσεῖτε.

3302 429 3411 495 302

2235 539 2330 594 sed
2379 538 2564 593 statim
2624 537 2839 593 locutus
2911 546 2993 593 est
3076 537 3183 594 illis
3250 539 3411 598 .lesus

1810 632 2000 689 dicens
2032 630 2270 696 :Fidite,
2301 646 2403 702 ego
2435 647 2577 698 sum,
2615 646 2684 686 ne
2708 631 3047 697 tcrreamini.
3078 651 3096 685 ι
3130 632 3249 687 Νοη
3296 645 3411 689 sta-

1814 726 1907 781 tim
1940 725 2112 781 astitit
2144 725 2226 781 eis
2268 734 2325 778 ut
2371 733 2751 794 tempestatem
2784 726 3023 789 sedaret,
3063 726 3265 782 docens
3302 741 3411 783 non

1811 821 1920 874 cito
1951 822 2237 888 petendam
2270 819 2663 874 adversitatum
2713 816 3064 885 solutionem,
3091 818 3189 874 sed
3220 817 3409 874 ferenv

1811 915 1908 968 das
1936 912 2151 969 fortiter
2180 931 2195 971 :
2223 922 2277 967 at
2306 912 2451 967 circa
2492 921 2744 981 quartam
2777 910 3042 982 vigiliam.
3079 912 3139 967 In
3174 922 3412 982 quatuor

1814 1005 1926 1076 76
1966 1015 2151 1074 partes
2196 1014 2409 1059 noctem
2453 1004 2702 1057 dividunt
2734 1006 2992 1057 custodes
3018 1002 3174 1073 juxta
3206 1002 3411 1057 milita-

1814 1113 1926 1153 rem
1985 1097 2352 1167 disciplinam,
2418 1095 2647 1166 singulis
2704 1110 2800 1165 per
2863 1104 2973 1151 tres
3027 1094 3192 1149 horas
3249 1109 3406 1150 suam

1810 1190 2160 1245 servantibus
2200 1188 2530 1245 custodiam.
2551 1188 2816 1244 Dominus
2849 1195 3029 1243 autem
3057 1198 3178 1259 post
3201 1203 3405 1243 nonam

1810 1284 2001 1339 horam
2062 1283 2234 1338 noctis
2292 1282 2581 1337 ambulans
2662 1295 2826 1350 supra
2882 1296 3103 1350 aquam,
3146 1293 3404 1352 tanquam

1810 1378 1976 1445 Deus,
2009 1376 2204 1433 astitit.
2232 1375 2312 1430 Illi
2344 1386 2524 1431 autem
2564 1388 2677 1429 rem
2730 1382 2838 1429 tam
2892 1389 3071 1428 raram
3128 1388 3192 1428 ac
3217 1372 3408 1427 insoli-

1813 1479 1920 1525 tam
1987 1478 2322 1539 spectantes,
2377 1468 2639 1536 putabant
2698 1476 2976 1537 spectrum
3032 1480 3174 1521 esse.
3220 1466 3408 1535 Neque

1810 1564 1954 1616 enim
2016 1578 2045 1616 a
2098 1562 2281 1631 specie
2360 1562 2534 1631 ipsum
2576 1559 2999 1630 cognoscebant,
3044 1558 3244 1627 partim
3284 1572 3408 1625 pro-

1810 1665 1929 1727 pter
1956 1663 2195 1721 noctem,
2218 1655 2418 1725 partim
2452 1663 2675 1724 propter
2706 1661 2931 1709 metum.
2958 1650 3051 1706 Ille
3076 1662 3256 1705 autem
3288 1650 3407 1704 ani-

1816 1762 1974 1802 mans
2006 1746 2127 1801 illos
2162 1746 2397 1817 primum
2432 1743 2565 1801 dixit
2589 1763 2602 1798 :
2625 1741 2736 1815 Ego
2772 1759 2915 1812 sum,
2940 1745 3033 1815 qui
3068 1743 3252 1799 omnia
3281 1756 3408 1813 pos-

1809 1855 1928 1895 sum
1958 1858 1970 1893 :
2001 1838 2168 1894 ﬁdite.

174 1944 195 1979 ε
248 1928 613 2001 Ἀποκριθεὶς
632 1931 689 1984 δέ
725 1930 874 2002 αὐτῷ
906 1933 934 1985 6
965 1932 1171 2004 Πέτρος
1205 1929 1329 1986 εἷπε
1353 1948 1367 1962 ·
1419 1934 1615 2005 Κύριε,
1652 1935 1703 1988 εί

1884 1933 2052 1988 Vsus.
2074 1932 2165 1988 28.
2200 1950 2219 1985 ι
2276 1931 2634 2002 Respondeas
2658 1940 2838 1985 autem
2872 1930 2944 1985 illi
2982 1928 3178 1985 Petrus
3217 1929 3354 1986 dixit
3389 1948 3401 1984 :

106 2021 167 2074 ait
188 2017 261 2084 εἰ,
326 2021 595 2075 κέλευσόν
643 2040 712 2093 με
743 2023 878 2094 πρὸς
934 2025 993 2077 σὲ
1032 2026 1207 2080 ἐλθεῖν
1238 2028 1332 2081 ἐπὶ
1364 2027 1433 2080 τά
1462 2026 1649 2083 ὕδατα.
1677 2044 1696 2079 ι

105 2112 456 2184 Θερμύτατος
486 2113 563 2167 ὣν
588 2116 616 2169 6
640 2117 846 2186 Πέτρος
875 2118 977 2189 τὴν
1010 2121 1149 2189 πρεις
1177 2120 1415 2191 Χριστὸν
1452 2121 1699 2192 ἀγάπην,

106 2208 369 2281 ἐπιθυμεῖ
395 2209 615 2279 ταχέως
648 2210 817 2279 ἐγγὺς
842 2213 1010 2266 αὑτοῦ
1034 2214 1290 2282 γενέσθαι
1321 2214 1419 2269 καὶ
1451 2217 1559 2288 πρὸ
1592 2215 1706 2269 τῶν

105 2298 298 2353 ἄλλων.
353 2299 618 2354 meum
672 2301 727 2355 δὲ
763 2302 898 2357 ὄτιό
961 2304 1169 2376 Ἰησοῦς
1212 2308 1273 2359 οὐ
1320 2306 1484 2377 μόνον
1541 2308 1704 2372 αὐτὸς

106 2395 404 2462 περιπατεῖ
451 2393 548 2445 ἐπὶ
581 2394 692 2446 τῶν
731 2394 967 2462 ὑδάτων,
1028 2395 1166 2451 ἀλλὰ
1222 2399 1319 2451 καὶ
1360 2398 1509 2469 αὑτῷ
1543 2397 1704 2452 τοῦτο

107 2481 285 2538 δώσει’
310 2486 422 2539 οὐκ
448 2480 575 2539 εἷπε
605 2486 685 2553 δέ,
710 2488 986 2542 Κέλευσον
1022 2507 1088 2560 με
1121 2489 1363 2561 βαδίσαι,
1388 2492 1527 2549 ἀλλὰ
1555 2491 1702 2564 Πρὸς

108 2577 162 2629 et
191 2578 399 2633 ἐλθεῖν.
436 2579 515 2632 T6
542 2579 644 2649 μὲν
678 2582 786 2653 γὰρ
826 2581 1142 2649 ἐπιδείξεως
1178 2578 1247 2654 ἦν
1267 2598 1280 2612 '
1309 2585 1371 2638 τὸ
1397 2585 1455 2638 δὲ
1480 2585 1703 2656 ἀγάπης

104 2667 198 2737 τῆς
224 2669 371 2741 πρὸς
398 2670 661 2740 Χριστόν.

181 2781 202 2815 ε
245 2765 307 2818 '0
339 2764 402 2817 δὲ
433 2760 613 2817 εἶπεν·
634 2764 813 2819 Ἐλθέ.
838 2765 950 2820 Καὶ
983 2766 1228 2832 καταϐάς
1252 2767 1363 2822 ἀπὸ
1392 2767 1485 2821 τοῦ
1517 2766 1701 2821 πλοίου

106 2855 133 2907 6
168 2856 404 2928 Πέτρος,
440 2856 773 2926 περιεπάτει
798 2858 893 2911 ἐπὶ
912 2857 979 2911 τὰ
1009 2857 1200 2927 ὕδατα,
1228 2851 1407 2913 ἐλθεῖν
1434 2858 1569 2929 πρὸς
1609 2859 1704 2914 τὸν

118 2946 330 3017 Ἰησοῦν
354 2964 371 2977 ·
407 2947 626 3017 βλέπων
663 2948 721 3001 δέ
754 2948 847 3002 τὸν
893 2951 1095 3020 ἄνεμον
1143 2951 1385 3021 ίσχυρὸν,
1425 2948 1695 3022 ἐφοϐήθη,

108 3043 201 3093 καὶ
253 3040 581 3113 ἀρξάμενος
628 3041 1151 3107 καταποντίζεσθαι,
1212 3042 1433 3111 ἔκραξε,
1481 3043 1658 3112 λέγων
1686 3060 1701 3074 ⁸

110 3134 303 3207 Κύριε,
338 3135 525 3189 σῶσόν
556 3153 645 3207 με.
686 3155 705 3187 ι
753 3137 1111 3207 Ὕπέστρωσε
1139 3135 1218 3206 τῷ
1249 3137 1445 3208 Πέτρῳ
1474 3135 1574 3207 τὴν
1604 3137 1704 3191 θά-

109 3225 315 3281 λασσαν
352 3229 385 3281 6
406 3227 641 3299 Κύριος,
672 3228 892 3292 δεικνὺς
918 3228 1014 3298 τὴν
1038 3228 1233 3283 ἑαυτοῦ
1256 3228 1526 3298 ⁸δύναμιν.
1558 3229 1715 3298 Ὅρα.

108 3316 163 3369 δὲ
196 3318 319 3378 πῶς
359 3318 460 3371 τοῦ
496 3317 745 3389 μείζονος
796 3319 1224 3389 περιγενόμενος
1276 3322 1305 3375 6
1334 3321 1565 3391 Πέτρος,
1607 3320 1705 3390 τῆς

110 3407 395 3479 θαλάσσης
444 3410 613 3478 λέγω,
652 3410 745 3465 τὸν
795 3411 998 3479 ἄνεμον
1032 3412 1299 3483 ἐφοϐήθη,
1344 3413 1515 3476 οὓτως
1556 3412 1706 3465 ἐστὶν

109 3500 346 3572 ἀσθενὴς
382 3502 417 3571 η
450 3499 774 3571 ἀνθρωπίνη
806 3500 972 3569 φύσις
1002 3515 1014 3529 ·
1064 3504 1159 3555 καὶ
1212 3503 1414 3557 αὐτίκα
1458 3503 1547 3557 ὅτε
1580 3503 1707 3571 ἐφο-

110 3591 270 3664 Εήθη,
312 3592 447 3646 τότε
476 3591 692 3664 ῆρξατο
717 3592 1212 3658 καταποντίζεσθαι
1232 3612 1247 3627 ο
1284 3595 1373 3648 ὅτε
1405 3595 1514 3665 γὰρ
1540 3594 1708 3665 ἠσθέ-

110 3687 326 3755 νησενὴ
363 3684 578 3749 πίστις,
609 3685 725 3737 τότε
777 3683 1057 3754 βυθίζεται
1089 3686 1117 3738 6
1161 3684 1391 3757 Πέτρος.
1428 3686 1599 3740 Τοῦτο
1649 3687 1707 3741 δὲ

110 3776 200 3829 καὶ
238 3774 418 3829 αὐτὸν
442 3774 678 3845 ἐποίησε
723 3777 800 3845 μὴ
835 3776 1267 3847 ὑψηλοφρονεῖν,
1324 3781 1419 3832 καὶ
1451 3780 1580 3842 τοὺς
1612 3779 1709 3833 άλ-

108 3866 232 3931 ὶους
264 3865 536 3937 μαθητάς
562 3867 1039 3937 παρεμυθήσατο.’
1060 3869 1222 3934 Ἴσως
1250 3870 1359 3941 γὰρ
1388 3870 1701 3943 ἐφθόνησαν

110 3958 297 4029 αὐτῷ·
328 3956 476 4012 ἀλλὰ
517 3962 611 4011 καὶ
658 3958 826 4012 πόσον
875 3959 1193 4032 ὑπερέχειὸ
1244 3962 1479 4032 Χριστος
1514 3962 1705 4027 αὐτοῦ,

109 4050 334 4115 Betim.

185 4164 205 4195 ε
255 4141 489 4206 Εὐθέως
518 4141 579 4195 δὲ
609 4138 638 4197 6
675 4143 886 4213 Ἰησοῦς
921 4144 1171 4224 ἐκτείνας
1199 4144 1297 4215 τὴν
1351 4148 1535 4215 χεῖρα,
1585 4152 1711 4199 ἐπε-

107 4234 304 4290 λάϐετο
330 4233 532 4297 αὐτοῦ,
575 4235 672 4289 καὶ
706 4235 859 4304 λέγει
911 4237 1092 4308 αὐτῷ’
1134 4237 1504 4306 Ὀλιγόπιστε,
1548 4241 1628 4303 είς
1654 4241 1708 4293 τί

107 4330 412 4393 ἐδίστασας
437 4346 452 4395 ;
489 4328 601 4384 Καὶ
633 4329 923 4399 ἐμϐάντων
950 4331 1130 4384 αὐτῶν
1153 4333 1231 4396 είς
1260 4332 1322 4384 τὸ
1354 4332 1557 4398 πλοῖον,
1584 4334 1707 4387 ἐκό-

109 4437 288 4475 πασεν
314 4422 346 4475 6
374 4420 586 4491 ἄνεμος
611 4436 628 4453 ·
658 4421 707 4473 οί
732 4420 789 4474 δὲ
821 4421 879 4474 ἐν
907 4420 985 4493 τῷ
1008 4423 1198 4495 πλοίῳ,
1231 4424 1479 4488 ἐλθόντες
1509 4443 1707 4498 προσε-

107 4516 356 4586 κύνησαν
386 4511 572 4583 αὐτῷ,
605 4512 858 4580 λέγοντες
881 4530 898 4547 ο
926 4514 1171 4586 Ἀληθῶς
1207 4517 1345 4571 Θεοῦ
1390 4518 1518 4583 Υίὸς
1576 4514 1642 4572 εἴ.
1683 4538 1701 4571 ι

1812 2028 2063 2092 Domine,
2115 2026 2161 2082 si
2194 2036 2247 2081 tu
2294 2025 2580 2097 es,jubeto
2634 2040 2721 2080 me
2770 2026 2957 2080 venire
3014 2025 3081 2080 ad
3133 2033 3187 2079 te
3241 2039 3408 2093 super

1812 2136 2001 2192 aquas.
2040 2138 2058 2171 ι
2091 2119 2517 2176 Ferventissima
2554 2116 2701 2172 Petri
2737 2131 2867 2187 erga
2896 2114 3178 2171 Christum
3217 2115 3407 2170 chari-

1815 2223 1898 2268 tas
1921 2221 2037 2266 erat
2064 2228 2076 2265 :
2106 2210 2451 2266 desiderabat
2478 2207 2623 2263 enim
2657 2206 2843 2262 statim
2873 2219 3044 2275 prope
3074 2203 3227 2259 illum
3260 2218 3402 2269 esse,

1811 2314 1865 2360 ct
1906 2319 2029 2374 prte-
2053 2302 2461 2358 aliis.Credidit
2490 2308 2674 2354 autem
2711 2297 2855 2368 quod
2892 2296 3049 2353 Jesus
3083 2312 3189 2351 non
3225 2295 3403 2351 solum

1814 2394 1930 2464 ipse
1946 2393 2249 2448 ambularet
2277 2405 2445 2461 super
2484 2403 2676 2458 aquas,
2696 2388 2789 2444 sed
2810 2395 2865 2443 et
2881 2387 2983 2442 sibi
3005 2387 3232 2442 daturus
3257 2391 3406 2442 esset

1812 2490 1936 2544 hoc.
1959 2487 2075 2543 Non
2096 2486 2233 2543 dixit
2263 2495 2468 2551 autem,
2493 2482 2633 2539 Jube
2660 2498 2747 2537 me
2770 2481 3075 2545 ambulare,
3099 2481 3218 2544 sed,
3245 2480 3327 2534 Ad
3354 2487 3407 2534 te

1812 2582 1913 2636 ire.
1941 2578 2073 2634 Nam
2111 2579 2241 2634 illud
2277 2577 2662 2634 ostentationis
2688 2586 2789 2642 est,
2822 2576 2925 2629 hoc
2962 2582 3145 2628 autem
3201 2573 3408 2627 amoris

1812 2672 1864 2726 in
1893 2671 2193 2727 Christum.

1884 2767 2050 2824 Vsus.
2098 2765 2303 2832 29,50.
2338 2784 2357 2818 ι
2396 2766 2493 2821 Ille
2544 2774 2727 2822 autem
2770 2764 2941 2820 dixit:
2973 2762 3141 2829 Veni;
3174 2769 3230 2817 et
3281 2774 3405 2817 cum

1812 2861 2185 2916 descendisset
2217 2874 2255 2914 ε
2285 2860 2408 2916 navi
2449 2859 2667 2923 Petrus,
2687 2857 3001 2913 ambulabat
3030 2870 3194 2925 super
3212 2868 3405 2923 aquas.

1812 2965 1872 3008 ut
1901 2954 2005 3008 iret
2046 2954 2114 3009 ad
2147 2951 2355 3007 Jesum.
2401 2950 2672 3007 Czeterum
2729 2965 2853 3005 cum
2914 2948 3123 3003 videret
3184 2955 3411 3002 ventum

1814 3045 2072 3109 validum,
2118 3044 2339 3099 territus
2393 3050 2601 3099 est:et
2653 3056 2776 3095 cum
2834 3039 3097 3108 coepisset
3135 3035 3407 3105 demergi,

1812 3139 2069 3194 clamavit
2123 3138 2329 3202 dicens,
2381 3136 2630 3200 Domine,
2675 3149 2833 3189 serva
2884 3148 2988 3187 me.
3024 3151 3042 3185 ι
3097 3126 3411 3186 Substravit

1814 3231 2075 3290 Dominus
2128 3229 2293 3286 Petro
2349 3244 2522 3295 mare,
2568 3243 2723 3283 suam
2768 3226 3057 3282 declarans
3124 3224 3408 3279 virtutem.

1809 3326 2045 3381 Altende
2073 3334 2255 3379 autem
2276 3325 2418 3395 quod
2449 3324 2644 3394 majori
2673 3322 2940 3393 periculo,
2984 3335 3181 3390 nempe
3206 3319 3403 3383 maris,

1811 3426 2092 3488 superato,
2139 3426 2359 3471 ventum
2398 3414 2623 3470 timuit:
2655 3414 2729 3468 ita
2758 3412 2979 3470 inﬁrma
3036 3420 3123 3467 est
3161 3411 3403 3465 humana

1813 3519 2012 3563 natura
2058 3527 2073 3562 :
2116 3517 2172 3563 et
2228 3507 2413 3562 statim
2476 3515 2537 3560 ut
2592 3504 2797 3568 timuit,
2846 3504 3013 3573 coepit
3074 3501 3403 3573 submergi:

1811 3603 2028 3673 quando
2056 3602 2201 3656 enim
2246 3601 2379 3655 ﬁdes
2434 3598 2650 3653 inﬁrma
2715 3605 2820 3661 est,
2847 3606 2975 3653 tunc
3026 3597 3078 3651 in
3137 3594 3407 3667 profunda

1811 3693 2093 3749 descendit
2121 3692 2335 3747 Petrus.
2359 3690 2472 3747 Hoc
2506 3700 2686 3745 autem
2722 3689 2873 3754 fecit,
2898 3705 2964 3744 ne
3014 3690 3107 3745 ille
3154 3689 3408 3757 superbi-

1814 3796 1919 3851 ret,
1949 3794 2005 3841 et
2034 3784 2169 3840 alios
2200 3784 2474 3839 solaretur
2508 3782 2831 3853 discipulos.
2856 3781 3020 3839 Forte
3073 3780 3220 3837 enim
3265 3781 3409 3837 invi-

1812 3878 2039 3943 dissent,
2075 3877 2168 3934 sed
2214 3884 2270 3931 et
2322 3876 2578 3932 Christus
2607 3884 2871 3946 quantum
2921 3876 3099 3945 ipsum
3155 3884 3407 3945 superet,

1811 3971 2071 4027 ostendit.

1888 4154 2272 4233 Vanum-33.
2308 4172 2327 4206 ι
2376 4152 2679 4211 Confestim
2734 4166 2913 4211 autem
2966 4156 3128 4213 Jesus
3182 4169 3406 4215 extenta

1815 4263 1974 4303 manu
2028 4248 2389 4318 apprehendit
2436 4258 2665 4314 eum,et
2692 4249 2834 4305 dixit
2884 4250 3206 4308 illizi’arvm
3261 4253 3406 4319 ﬂdri,

1814 4342 1880 4396 ad
1930 4341 2059 4410 quid
2110 4340 2454 4395 formidasti?
2501 4342 2568 4395 Et
2620 4342 2887 4413 ingressis
2936 4344 3046 4400 illis
3095 4346 3147 4400 in
3199 4351 3408 4414 navim,

1813 4432 2131 4502 conquievit
2156 4441 2369 4487 ventus.
2397 4433 2567 4487 Porro
2596 4434 2690 4502 qui
2742 4435 2794 4489 in
2853 4435 2978 4490 navi
3026 4448 3187 4492 erant
3224 4455 3414 4494 acces-

1815 4532 2002 4578 serunt
2036 4524 2103 4576 ad
2135 4537 2281 4585 eum,
2306 4532 2361 4578 et
2395 4522 2783 4589 adoraverunt,
2810 4526 3093 4583 dicentes:
3128 4528 3263 4583 Vere
3314 4532 3411 4587 Dei

105 4606 389 4662 Δεικνύων
418 4606 450 4658 6
477 4605 739 4677 Χριστὸς,
770 4606 853 4660 ὃτι
876 4602 976 4678 οὐχ
1003 4609 1031 4661 6
1054 4607 1255 4679 ἄνεμος
1280 4608 1452 4673 αίτιος
1477 4610 1571 4664 τοῦ
1612 4628 1703 4664 κα-

1816 4613 1986 4669 Filius
2014 4628 2094 4668 es.
2129 4633 2147 4666 ι
2174 4613 2478 4669 Ostendens
2499 4614 2754 4672 Christus
2788 4632 2892 4671 non
2920 4628 3169 4687 ventum,
3188 4624 3281 4677 sed
3310 4639 3412 4693 pu-

103 4696 580 4767 ταπσντισθῆναι,
611 4696 727 4751 ἀλλ’
781 4698 815 4768 ὴ
879 4698 1239 4771 μικροψυχία,
1286 4702 1352 4754 οὐ
1391 4701 1471 4772 τῷ
1516 4704 1703 4775 ἀνέμῳ

1816 4706 2242 4761 sillanimitatem
2274 4708 2662 4778 submergendi
2694 4724 2919 4765 causam
2954 4726 3096 4777 esse,
3131 4730 3239 4769 non
3273 4732 3413 4771 vcn-

106 4793 372 4864 ἐπιτιμᾷ,
426 4788 572 4844 ἀλλὰ
608 4788 687 4859 τῷ
726 4790 1200 4862 μικροψυχήσαντι
1243 4793 1462 4865 Πέτρῳ.
1494 4795 1586 4848 Διὸ
1618 4796 1703 4848 καὶ

1817 4810 1929 4856 tum
1957 4800 2225 4869 increpat,
2250 4801 2344 4855 sed
2370 4800 2593 4870 Petrum
2627 4802 3046 4872 pusillanimem.
3069 4806 3195 4863 Ideo
3224 4819 3279 4864 et
3309 4826 3411 4881 ap-

106 4883 511 4946 άνώαστάσας
542 4880 729 4949 αὐτὸν,
760 4880 993 4954 ιστησεν
1021 4883 1116 4937 ἐπὶ
1148 4883 1244 4939 τοῦ
1289 4884 1506 4950 ὓδατος,
1540 4888 1703 4952 ἐάσας

1816 4894 2145 4964 prehensum
2199 4908 2322 4948 eum
2393 4896 2583 4950 statuit
2648 4912 2812 4966 super
2878 4914 3075 4969 aquam
3140 4880 3411 4972 pertulisso

106 4977 195 5031 vim
222 4978 449 5049 ἄνεμον
484 4976 667 5029 πνεῖν.
722 4973 839 5028 Οὐκ
887 4976 968 5040 είς
997 4976 1059 5029 τὸ
1116 4979 1226 5031 πᾶν
1268 4978 1325 5031 δέ
1375 4980 1703 5035 ἐδίστασενέ

1818 4996 1979 5041 vento
2022 4985 2174 5040 flare.
2203 4985 2321 5042 Non
2372 4973 2598 5044 omnino
2648 4999 2829 5045 autem
2872 4990 3153 5048 dubitabat
3190 4994 3408 5062 Petrus,

107 5068 344 5142 Πέτρος,
378 5066 509 5121 ἀλλ’
541 5066 627 5129 είς
654 5082 731 5131 τι,
768 5067 1038 5132 τουτέστι,
1089 5069 1333 5140 μερικῶς
1354 5087 1366 5099 ·
1402 5070 1522 5125 καθ’
1552 5070 1580 5122 δ
1612 5072 1703 5141 μὲν

1820 5080 1913 5134 sed
1958 5080 2254 5134 secundum
2290 5079 2443 5150 quid,
2465 5082 2704 5149 hoc-est,
2726 5096 2793 5139 ex
2824 5094 2997 5153 parte,
3018 5102 3141 5140 nam
3172 5089 3331 5159 jnxta
3358 5092 3410 5145 id

104 5158 518 5235 γάρὶφοὸήθη,
541 5158 688 5212 -κατά
708 5156 871 5211 τοῦτο
889 5156 1158 5229 ἠπίστησε
1180 5177 1193 5190 ·
1218 5159 1343 5215 καθ’
1361 5162 1390 5215 ὃ
1412 5163 1467 5216 δὲ
1490 5164 1703 5234 ἐκραξε1

1821 5172 1965 5240 quod
2016 5171 2305 5237 dubitavit,
2347 5173 2660 5229 incredulus
2712 5176 2813 5231 fuit
2853 5194 2865 5229 :
2905 5178 3058 5246 juxta
3114 5156 3187 5235 id'
3226 5193 3408 5237 autem

110 5255 306 5329 Κύριε,
351 5252 549 5306 σῶσόν
590 5268 680 5321 με,
722 5252 866 5305 κατὰ
897 5250 1058 5304 τοῦτο
1091 5253 1283 5307 ίάσατο
1311 5254 1411 5325 τὴν
1432 5258 1703 5312 ἀπιστίαν.

1816 5266 1959 5333 quod
1996 5264 2273 5332 clamavit,
2301 5267 2550 5335 Domine,
2588 5281 2746 5324 serva
2780 5285 2889 5335 me,
2915 5273 3129 5327 curavit
3157 5273 3413 5329 incredu-

109 5349 195 5401 Διὸ
215 5347 642 5417 ὀλιγόπιστος
658 5342 870 5407 ἀκούει,
900 5343 1128 5397 ἀλλὀὐκ
1160 5344 1439 5414 ἄπιστος,
1458 5346 1523 5404 Oi
1541 5345 1633 5403 οὖν
1655 5352 1703 5404 ὲν.

1816 5356 2044 5412 litatem.
2089 5358 2217 5413 Ideo
2262 5375 2439 5428 parva:
2463 5361 2590 5430 ﬁdei
2636 5362 2859 5429 dicitur,
2912 5380 3018 5419 non
3070 5368 3403 5423 incredulus.

110 5441 181 5510 τῷ
208 5442 421 5512 πλοίῳ,
458 5439 561 5492 καὶ
589 5438 746 5491 αὐτοὶ
773 5436 869 5491 τοῦ
907 5438 1078 5508 φόϐου
1126 5440 1501 5511 ἀπελύθησαν.
1560 5444 1703 5497 Ἐκόη

1816 5448 1982 5518 Igitur
2011 5449 2105 5519 qui
2135 5451 2188 5504 in
2223 5453 2370 5517 navi,
2403 5462 2459 5507 et
2487 5453 2587 5522 ipsi
2616 5465 2761 5509 metu
2800 5456 2959 5511 soluti
2991 5469 3136 5513 sunt.
3158 5458 3406 5516 Cessavit

111 5546 245 5587 τασε
299 5534 423 5603 γάρ
480 5534 510 5584 6
552 5530 796 5600 ἄνεμος⁸
833 5529 930 5583 καὶ
961 5530 1025 5602 δὴ
1076 5531 1313 5614 γνόντες.
1348 5532 1459 5587 ἀπὺ
1506 5534 1703 5588 τούτωι

1816 5541 1959 5594 enim
1992 5552 2204 5597 ventus.
2232 5541 2299 5597 Et
2332 5557 2399 5599 ex
2432 5544 2517 5599 his
2546 5546 2763 5616 cognito
2792 5546 2943 5615 Jesu,
2979 5549 3217 5605 confessi
3279 5566 3410 5608 sunt

110 5628 193 5679 τὰν
236 5626 487 5698 Ἰησοῦν,
525 5622 858 5694 ὁμολογοῦσι
885 5625 986 5696 τὴν
1015 5624 1180 5679 αὐτοῦ
1202 5625 1569 5697 ⁵θεότηταμΟὑ
1605 5627 1703 5699 γὰρ

1816 5632 1933 5699 ejus
1970 5632 2250 5691 deitatem.
2279 5635 2467 5707 Neque
2493 5638 2639 5693 enim
2675 5640 2912 5696 hominis
2946 5651 3032 5697 est
3063 5658 3229 5715 super
3257 5660 3409 5701 maro

1068 5750 1158 5811 Ex
1190 5749 1537 5814 collatione
1574 5753 1762 5815 codd.
1800 5758 2034 5818 Venet.
2070 5760 2132 5821 S.
2172 5762 2391 5825 Marci.

109 5874 215 5949 (ει)
246 5878 393 5934 Edit.
440 5875 574 5930 Lut.
628 5873 817 5928 omisit
856 5872 992 5940 οὑκς
1026 5873 1226 5929 habent
1294 5877 1453 5931 codd.
1490 5876 1548 5932 S.
1577 5877 1703 5935 Mart

1816 5881 1850 5935 0
1885 5892 1937 5936 et
1980 5883 2069 5937 '51.

44 6028 51 6089 i

44 6100 103 6341 ἰ,
