4004 6408
134 434 207 493 διὶὸ
757 433 1212 495 ENARRATIO
1250 434 1332 495 IN
1387 433 1679 495 EVANGE

1788 434 1896 496 ΠΜ
1938 433 2327 496 ΜᾹΤΙῚΙἙΙ.
2367 456 2438 469 -
2471 432 2632 494 CAP.
2703 430 2822 492 XV.

3275 427 3380 491 3Οὸ

135 541 300 609 uti,“
323 537 415 592 sou
477 540 576 594 καὶ
613 541 712 610 τὴν
746 543 962 613 μητέρα
983 561 997 574 ·
1035 547 1128 598 καὶ
1161 547 1188 598 6
1218 545 1536 614 κακολογῶν
1577 561 1677 600 πα·

1788 543 1996 598 llonora
2050 544 2255 613 patrem
2325 555 2472 597 tuum
2532 553 2586 597 et
2649 547 3005 597 matrem:et
3062 540 3152 609 qui
3213 539 3380 593 male-

134 638 229 699 τέρα
251 635 278 702 ἢ
297 635 524 704 μητέρα,
551 635 769 706 θανάτῳ
788 638 1113 693 τελευτάτω.
1157 641 1350 708 Ὑμεῖς
1375 639 1433 694 δὲ
1459 639 1670 708 λέγετε·

137 729 203 784 '0;
238 725 297 777 ἂν
327 727 454 796 εἴπῃ
487 727 566 796 τῷ
608 719 832 798 πατρὶῆ
861 731 926 799 τῇ
960 729 1127 800 μητρί
1154 745 1173 762 ο
1199 731 1383 798 Δῶρον
1413 730 1442 783 ὃ
1494 730 1589 783 ἐὰν
1615 729 1674 797 ἐξ

132 816 232 882 εμοῦ
262 817 568 888 ὠφεληθῇς,
605 819 700 873 καὶ
723 820 783 872 οὐ
818 820 898 891 μὴ
911 823 1118 894 τιμήσῃ
1148 822 1240 876 τὸν
1267 822 1486 893 πατέρα
1503 820 1672 878 αὑτοῦ

131 909 258 976 ῆτὴν
307 909 514 980 μητέρα
545 925 557 937 ’
623 912 720 964 καὶ
757 911 1083 983 ἠκυρώσατε
1131 915 1232 982 τὴν
1295 912 1522 984 ἐντολὴν
1573 913 1668 965 τοῦ

129 1000 233 1053 θεοῦ
253 1001 330 1055 διὰ
360 1002 460 1073 τὴν
488 1004 798 1074 παράδοσιν
847 1004 1024 1075 ὑμῶν.
1072 1026 1090 1058 ι
1140 1009 1202 1060 Ol
1232 1007 1333 1078 μὲν
1381 1008 1672 1078 Φαρισαῖοι

130 1093 420 1162 κατηγόρουν
450 1094 564 1148 τῶν
596 1096 882 1166 μαθητῶν,
927 1098 1004 1162 ὡς
1049 1100 1272 1170 ἐντολὴν
1297 1100 1408 1153 τῶν
1434 1100 1675 1171 πρεσσυ-

128 1186 261 1253 τέρ-ων
281 1188 731 1258 παραϐαινόντων
751 1207 766 1221 °
805 1192 836 1246 ὁ
870 1192 926 1245 δὲ
947 1192 1184 1262 Χριστὸς
1203 1192 1440 1246 δεικνύει
1475 1194 1674 1256 αὐτοὺς

128 1279 192 1327 τὸν
215 1277 295 1330 τοῦ
345 1279 479 1332 Θεοῦ
525 1281 693 1354 νόμον
723 1282 1196 1354 παραϐαίνοντας·
1235 1282 1514 1337 ἐδίδασκον
1564 1284 1674 1354 γὰρ

128 1369 220 1428 τοὺς
243 1368 428 1431 παῖδας
459 1371 631 1439 μηδὲν
660 1372 864 1426 διδόναι
890 1375 1004 1436 τοῖς
1039 1373 1311 1442 γονεῦσιν,
1335 1375 1451 1428 ἀλλ’
1485 1377 1674 1430 ἀνατι-

128 1459 346 1512 ῡέναιδσα
375 1461 560 1530 ἔχουσι
586 1462 665 1532 τῷ
692 1464 1081 1536 γαζοφυλακίῳ
1111 1465 1206 1519 τοῦ
1233 1467 1404 1538 ἱεροῦ.
1427 1464 1537 1521 Ἦν
1561 1468 1671 1539 γὰρ

128 1549 167 1597 ἐν
185 1549 248 1619 τῷ
274 1551 396 1622 ἱερῷ
436 1553 738 1624 θησαυρὸς.
773 1555 832 1607 ὲν
877 1549 922 1622 ᾧ
971 1558 1001 1610 6
1043 1557 1374 1629 βουλόμενος
1419 1559 1668 1626 ἔθαλλεν,

128 1642 333 1697 ἐκαλεῖτο
355 1645 409 1698 δὲ
431 1663 592 1708 ουτος
623 1645 789 1714 γάζα.
837 1648 896 1702 '0
920 1650 976 1702 δὲ
1001 1650 1277 1722 θησαυρὸς
1313 1656 1426 1713 τοῖς
1466 1652 1666 1724 πένησι

126 1733 357 1789 ὅιεὸίδοτο.
383 1738 446 1790 Οἱ
477 1737 663 1790 τοίνυν
683 1739 969 1808 Φαρισαῖοι
1003 1741 1284 1807 πείθοντες
1316 1745 1443 1806 τοὺς
1469 1745 1670 1808 παῖδας

129 1827 262 1893 μηδὲν
296 1828 494 1884 διδόναι
543 1833 660 1894 τοῖς
707 1833 980 1900 γονεῦσιν,
1014 1834 1132 1887 ἀλλ’
1180 1835 1494 1892 ἀνατιθέναι
1528 1839 1669 1893 αὐτὰ

1777 638 1980 691 dixerit
2011 638 2150 704 patri
2187 647 2278 689 aut
2309 636 2490 701 matri,
2523 645 2702 689 morte
2732 633 3000 688 moriatur
3027 649 3040 686 :
3068 647 3164 685 vos
3196 641 3377 684 ann-ni

1779 727 1955 780 dicitis
1983 743 1994 779 :
2026 727 2348 796 Quicunque
2387 726 2585 781 dixerit
2617 725 2757 795 patri
2797 733 2889 778 aut
2923 724 3117 802 inatrl,
3166 724 3378 777 bonum

1779 819 1870 876 Dei
1909 830 2012 885 εει,
2048 820 2314 889 quidquid
2342 821 2455 889 {per
2501 833 2586 872 me
2618 818 2674 871 in
2721 825 2872 870 tunm
2923 830 3211 870 cessurum
3257 823 3379 868 erat

1777 913 2145 976 commodum,
2192 924 2247 968 et
2298 928 2407 968 non
2464 911 2752 968 honorabit
2785 910 2896 980 78
2927 919 3138 980 patrem
3191 922 3374 972 suum,

1777 1016 1870 1059 aut
1922 1016 2153 1061 matrem
2189 1019 2344 1061 suam
2371 1021 2384 1058 :
2414 1014 2470 1059 et
2527 1004 2745 1060 irritum
2790 1002 3374 1070 fecistis'prrecrptum

1779 1097 1875 1152 Dei
1906 1107 2130 1167 propter
2159 1096 2514 1151 traditionem
2555 1102 2818 1150 vestram.
2847 1111 2866 1144 ι
2905 1090 3165 1146 Pharisaei
3209 1105 3375 1146 accu-

1787 1189 1987 1245 sabant
2015 1189 2312 1259 discipulos
2343 1187 2498 1259 quasi
2533 1187 2850 1240 mandatum
2887 1185 3168 1240 seniorum
3224 1197 3370 1253 prte-

1779 1283 2103 1338 varicantes.
2129 1281 2386 1337 Christus
2422 1290 2604 1334 autem
2631 1277 2873 1332 ostendit
2902 1278 3048 1347 ipsos
3073 1274 3169 1330 Dei
3198 1275 3373 1346 legem

1777 1375 2148 1444 pnevaricari.
2173 1373 2451 1429 Docehant
2484 1373 2628 1426 enim
2679 1385 2877 1440 pueros
2916 1385 2983 1426 ne
3014 1368 3146 1440 quid
3178 1368 3375 1422 darent

1782 1470 2122 1537 parentibus,
2173 1467 2268 1523 sed
2323 1466 2581 1521 olferrent
2617 1478 2954 1535 qua‘cunque
2997 1461 3270 1516 habebant
3317 1462 3372 1514 in

1777 1560 2229 1632 gazophylacium
2263 1557 2472 1627 templi.
2499 1556 2631 1612 Erat
2682 1567 2864 1611 autem
2906 1556 2958 1609 in
3003 1552 3202 1622 templo
3245 1553 3370 1607 the-

1775 1668 1989 1718 saurus,
2017 1654 2070 1706 in
2100 1666 2260 1722 quem
2292 1652 2541 1721 quisquis
2573 1650 2787 1704 volebat
2834 1647 3116 1717 quidpiam
3160 1646 3366 1699 immit-

1777 1752 1940 1808 teret,
1991 1745 2401 1812 vocabaturqne
2445 1743 2535 1797 ille
2563 1742 2809 1813 gaza.At
2855 1739 3286 1794 distribuebatur
3317 1740 3371 1809 iu

1775 1851 2043 1905 pauperes
2091 1836 2402 1890 thesaurus.
2448 1834 2708 1890 Pharisaei
2774 1833 2938 1903 igitur
2985 1831 3377 1900 persuadentes

128 1919 182 1986 τῷ
205 1919 446 1992 θησαυρῷ
476 1923 573 1977 τοῦ
607 1924 777 1993 ίεροῦ,
805 1925 1088 1980 ἐδίδασκον
1115 1928 1314 1992 αὐτοὺς
1360 1929 1544 1998 λέγειν
1586 1932 1667 1986 ὅτι

1788 1930 1960 1999 pueris
1997 1944 2063 1984 ne
2091 1929 2224 1998 quid
2255 1928 2451 1982 darent
2495 1925 2838 1995 parentibus,
2867 1923 2961 1979 sed
3011 1921 3272 1978 offerrent
3322 1919 3377 1975 in

126 2010 270 2079 Δῶρόν
296 2013 430 2076 ἐστι,
454 2015 764 2080 τουτέστιν,
790 2018 1213 2088 ἀνατεθειμένον
1239 2019 1318 2091 τῷ
1347 2020 1469 2093 Θεῷ
1497 2025 1668 2088 ἐστιν,

126 2094 158 2151 ὦ
191 2102 368 2173 πάτερ,
407 2104 436 2156 ὃ
467 2105 656 2175 ζητεῖς
687 2106 748 2172 ἐξ
777 2109 913 2178 ἐμοῦ
939 2110 1320 2184 ὠφεληθῆναι.
1357 2114 1470 2168 Καὶ
1496 2113 1670 2179 οὓτως

127 2195 338 2265 ἐμέριζον
365 2199 525 2252 αὐτοὶ
581 2199 722 2269 μετὰ
760 2200 873 2256 τῶν
911 2203 1120 2258 παίδων
1148 2205 1217 2258 τὰ
1245 2207 1530 2276 χρήματα,
1576 2208 1672 2262 καὶ

127 2287 160 2336 oi
190 2290 344 2353 γονεῖς
373 2291 858 2363 κατελιμπάνοντο
887 2295 1300 2367 ἀγηροκὸμητοι
1325 2315 1339 2330 ·
1368 2299 1590 2354 ἐποίουν
1613 2301 1674 2354 δὲ

129 2378 250 2432 trito
277 2382 365 2436 καὶ
394 2385 444 2436 οί
475 2385 778 2439 δανεισταί.
837 2388 965 2440 Ἐὰν
1017 2389 1127 2460 γάρ
1163 2403 1240 2452 τις
1289 2390 1530 2445 ἐδάνεισέ
1564 2407 1672 2445 τινι

130 2472 367 2539 χρήματα,
391 2472 514 2528 εἶτα
536 2475 799 2540 δύσκολος
825 2480 854 2532 6
883 2480 1166 2550 χρεώστης
1192 2477 1262 2551 ἦν
1297 2483 1393 2536 καὶ
1415 2483 1518 2536 οὐκ
1539 2483 1674 2538 am-

129 2560 237 2614 ᾶὶδου
263 2565 317 2617 τὸ
342 2567 720 2638 ὀφειλόμενον,
766 2570 956 2639 ἔλεγε-ο
985 2575 1014 2626 6
1041 2574 1330 2645 δανειστὴς
1379 2576 1518 2645 πρὸς
1544 2576 1640 2630 τοῦ
1660 2605 1672 2616 -

130 2669 196 2703 τον
224 2655 301 2708 τὸν
325 2659 624 2730 ἀγνώμονα
661 2662 949 2734 χρεώστην
972 2681 984 2694 ·
1027 2666 1247 2736 Κορϐάν
1277 2668 1426 2722 ἐστιν
1455 2667 1484 2721 ὃ
1522 2669 1675 2738 ὀφεί-

130 2742 214 2806 λεις
265 2766 372 2816 μοι,
418 2753 697 2820 τουτέστι,
747 2754 919 2826 δῶρον
950 2756 1028 2826 τῷ
1069 2758 1188 2826 Θεῷ
1228 2759 1672 2829 ἀνατεθειμένον.

140 2835 180 2886 '0
203 2837 280 2892 οῦν
303 2841 583 2912 χρεώστης
609 2845 682 2908 ὡς
700 2845 779 2914 τῷ
793 2846 911 2916 Θεῷ
929 2847 1114 2902 ἔκτοτε
1129 2849 1384 2917 ὀφείλων,
1411 2853 1508 2906 καὶ
1527 2853 1677 2906 ἄκων

133 2931 385 2986 κατέδαλλε
405 2949 417 2962 ⁸
453 2935 617 2988 τοῦτο
638 2937 924 2992 ἐδίδασκον
949 2941 1074 3004 τοὺς
1102 2943 1299 3006 παῖδας
1325 2945 1372 2996 οἱ
1389 2945 1676 3015 Φαρισαῖοι

137 3036 292 3072 π’,ιειν.

187 3132 202 3162 ι
261 3115 622 3189 Ὑποκριται,
674 3122 857 3186 καλῶς
908 3126 1283 3194 προεφήτευσε
1346 3129 1472 3198 περὶ
1523 3128 1678 3198 ὑμῶν

139 3205 349 3275 Ἰίσαῖας,
375 3211 556 3280 λέγων
583 3233 594 3244 ·
629 3214 877 3283 Ἐγγίζει
911 3235 997 3287 μοι
1030 3221 1057 3272 6
1087 3220 1214 3283 λαὸς
1258 3215 1413 3286 οὗτος
1442 3222 1519 3293 τῷ
1552 3223 1673 3277 στό·

137 3313 237 3362 um
264 3302 460 3366 αὐτῶν,
488 3307 584 3358 καὶ
616 3310 730 3370 τοῖς
764 3307 966 3376 χείλεσί
999 3328 1067 3379 με
1125 3315 1284 3383 τιμᾷ,
1328 3316 1361 3385 ἡ
1393 3314 1450 3368 δὲ
1479 3317 1679 3388 καρδία

134 3393 272 3446 αὐτῶν
301 3399 493 3469 πόρῤω
539 3401 738 3472 ἀπέχει
771 3404 867 3456 ἀπ’
895 3405 1051 3475 ἐμοῦ.
1084 3407 1284 3475 Μάτην
1317 3407 1374 3460 δὲ
1427 3408 1682 3462 σέϐονταί

138 3503 201 3546 με,
223 3486 562 3556 διδάσκοντες
584 3494 934 3559 διδασκαλίας
960 3499 1278 3568 ἐντάλματα
1300 3499 1627 3570 ἀνθρώπων.
1659 3521 1676 3553 ι

135 3575 339 3631 Δείκνυσι
366 3581 452 3632 διὰ
484 3583 585 3652 τῆς
628 3583 852 3638 Ἡσαΐου
896 3588 1103 3656 φωνῆς,
1134 3590 1229 3642 καὶ
1267 3589 1400 3658 περὶ
1436 3589 1529 3642 τὸν
1564 3591 1680 3643 Πα-

138 3665 238 3734 τέρα
275 3671 436 3726 αὑτοῦ
471 3672 756 3738 τοιούτους
785 3675 945 3740 ὂντας
1002 3678 1223 3743 αὐτοὺςν
1261 3674 1364 3731 οἷοι
1417 3681 1512 3733 καὶ
1556 3683 1685 3753 περὶ

136 3760 262 3812 αὶτδν
288 3764 676 3833 εὑρίσκονται-⁸
716 3753 958 3839 πονηροί
977 3769 1083 3840 γὰρ
1118 3770 1294 3834 ὄντες,
1336 3773 1431 3825 καὶ
1452 3773 1544 3827 διὰ
1572 3773 1684 3828 τῶν

138 3854 346 3924 πονηρῶν
377 3857 563 3928 ἔργων
596 3860 965 3932 μικρύνοντες
990 3863 1224 3926 ἑαυτοὺς
1254 3864 1348 3917 τοῦ
1379 3864 1538 3930 Θεοῦ,
1567 3867 1688 3920 στό-

141 3961 239 4008 μιτι
269 3949 423 4016 μόνον
465 3951 698 4004 ἐλάλουν
741 3952 808 4004 τὰ
839 3953 932 4006 τοῦ
960 3954 1098 4008 Θεοῦ
1133 3957 1312 4025 λόγια.
1353 3934 1549 4028 Μὶτην
1576 3959 1687 4030 γὰρ

139 4036 314 4104 πάντως
346 4044 602 4099 σέϐονται
627 4045 721 4098 καὶ
744 4045 961 4101 δοκοῦσι
1000 4051 1166 4121 τιμᾷν
1198 4050 1292 4105 τὸν
1335 4050 1490 4117 Θεὸν,
1521 4054 1568 4105 οἱ
1596 4052 1687 4108 διὰ

138 4128 217 4180 τῶν
240 4131 408 4202 ἔργων
438 4135 608 4190 αὑτὸν
636 4138 1019 4208 ἀτιμάζοντες·

196 4241 211 4272 ι
247 4225 348 4279 Καὶ
372 4229 898 4301 προσκαλεσάμενος
927 4232 1019 4286 τὸν
1058 4233 1238 4305 ὄχλον,
1272 4233 1428 4291 εἶπεν
1459 4239 1645 4303 αὐτοῖς
1669 4255 1683 4268 ⁸

149 4315 363 4373 Ἀκούετε
413 4324 512 4375 καὶ
575 4323 809 4378 συνίετε.
848 4325 925 4380 Οὐ
961 4326 1022 4380 τὸ
1061 4329 1447 4400 εἰσερχόμενον
1493 4333 1573 4395 εἰς
1628 4332 1689 4384 τὸ

143 4411 277 4481 στόμα
302 4419 472 4469 κοινοῖ
494 4416 590 4470 τὸν
616 4417 927 4487 ἄνθρωπον,
964 4420 1102 4474 ἀλλὰ
1154 4424 1216 4476 τὸ
1238 4425 1684 4496 ἐκπορευόμενον

143 4502 188 4552 ἐκ
210 4505 288 4558 τοῦ
315 4509 611 4579 στόματος,
644 4510 807 4567 τοῦτο
836 4516 1004 4566 κοινοῖ
1030 4513 1123 4568 τὸν
1155 4515 1472 4586 ἄνθρωπον.
1513 4537 1531 4569 ι
1569 4519 1687 4573 Οὐκ

1776 2021 2089 2076 thesaurum
2127 2019 2336 2088 templl,
2397 2019 2668 2073 docebant
2741 2017 2889 2084 ipsos
2954 2023 3016 2070 ut
3078 2015 3375 2069 dicerent:

1780 2111 1988 2166 Donum
2021 2109 2116 2165 Dei
2147 2123 2255 2175 est,
2283 2109 2335 2166 id
2357 2120 2460 2175 est,
2503 2110 2741 2170 oblatum
2767 2107 2878 2161 Deo
2913 2115 3018 2172 est,
3052 2121 3084 2160 ο
3115 2114 3293 2176 pater,
3327 2104 3377 2157 id

1775 2209 1919 2277 quod
1948 2222 2044 2276 per
2070 2222 2156 2262 me
2189 2207 2282 2262 tibi
2315 2205 2434 2261 usui
2475 2220 2600 2262 esse
2636 2205 2811 2276 cupis.
2863 2203 2928 2258 Et
2951 2202 3033 2257 sic
3062 2201 3376 2272 partieban-
3427 2210 3436 2220 '

1775 2305 1867 2354 tur
1896 2299 1996 2369 ipsi
2036 2314 2160 2354 cum
2190 2298 2319 2354 liliis
2349 2311 2481 2367 opes
2506 2315 2519 2352 :
2548 2307 2604 2351 et
2631 2305 2886 2366 parentes
2925 2295 3376 2364 relinquebantur

1773 2401 1831 2446 et
1867 2390 2508 2455 contemnebantur,nec
2557 2387 2611 2446 in
2666 2397 2884 2444 senecta
2939 2387 3246 2442 alebantur.
3276 2373 3378 2438 Fa-

1777 2484 1996 2539 cieba-nt
2022 2491 2206 2538 autem
2241 2484 2344 2538 hoc
2373 2492 2429 2538 et
2460 2482 2784 2538 creditores.
2805 2481 2862 2535 Si
2896 2481 3022 2552 quis
3052 2480 3197 2536 enim
3252 2479 3377 2534 cui-

1776 2575 1921 2645 piam
1981 2584 2170 2630 mutuo
2225 2575 2468 2632 dedisset
2518 2574 2898 2645 pecuniaszet
2948 2573 3147 2630 deinde
3204 2572 3378 2626 malus

1776 2667 1994 2722 debitor
2024 2683 2132 2721 non
2167 2667 2420 2722 redderet
2456 2667 2724 2730 debitum,
2750 2664 2969 2718 dicebat
3019 2657 3258 2718 creditor
3311 2663 3378 2716 ad

1781 2758 1933 2812 illum
1974 2760 2244 2830 ingratum
2275 2759 2580 2814 debitorem
2613 2776 2626 2812 :
2653 2757 2870 2812 Corban
2903 2767 2988 2812 est
3022 2757 3166 2825 quod
3215 2756 3380 2812 debes

1780 2851 1935 2916 mihi,
1966 2852 2069 2908 hoc
2100 2862 2202 2916 est,
2228 2851 2431 2906 donum
2490 2852 2598 2904 Deo
2643 2851 2906 2904 oblatum.
2939 2850 3158 2904 Debitor
3212 2850 3381 2918 igitur

1781 2953 1912 2996 tunc
1945 2945 2098 3012 quasi
2141 2943 2250 2998 Deo
2278 2944 2503 3007 debens,
2528 2943 2694 2998 etiam
2742 2944 2950 2996 invitus
2976 2941 3377 2996 dinnuierabat.

1783 3033 1896 3089 lloc
1932 3036 2202 3090 docebant
2238 3035 2502 3090 Pharisaei
2533 3051 2731 3104 pueros
2763 3034 2966 3089 facere.

1861 3128 2024 3185 Vens.
2054 3132 2084 3184 7
2118 3131 2172 3186 9.
2217 3149 2237 3182 ι
2296 3127 2630 3200 Hypocritze,
2680 3127 2818 3183 bene
2894 3128 3242 3198 prophetarit
3317 3129 3383 3181 de

1786 3221 1943 3278 vobis
1975 3221 2146 3277 Isaias
2182 3221 2372 3276 dicens
2405 3219 2851 3288 :Appropinquat
2877 3219 3010 3274 mihi
3039 3220 3270 3290 pepulus
3293 3219 3384 3274 hic

1786 3331 1882 3372 ore
1922 3329 2042 3379 suo,
2068 3323 2124 3369 et
2152 3313 2311 3368 labiis
2351 3327 2441 3366 me
2475 3313 2728 3378 honorat,
2771 3323 3031 3368 caeterum
3061 3327 3157 3366 cor
3191 3326 3382 3366 eorum

1787 3405 1975 3474 procul
2004 3404 2159 3460 abest
2191 3419 2221 3458 a
2251 3401 2485 3458 me.Sed
2519 3403 2724 3458 [rustra
2775 3418 2863 3457 me
2898 3403 3084 3458 colunt
3125 3403 3387 3458 docentes

1788 3508 2060 3569 praecepta
2090 3496 2354 3555 doctrinae
2391 3496 2693 3550 hominum.
2731 3517 2746 3548 ι
2783 3493 3034 3551 Ostendit
3066 3495 3219 3550 Isaia:
3251 3511 3386 3550 voce

1789 3590 1934 3659 quod
1988 3590 2153 3644 etiam
2197 3589 2334 3643 tales
2375 3588 2487 3643 sint
2522 3603 2650 3658 erga
2699 3587 2920 3642 Patrem
2965 3604 3145 3652 suum,
3195 3589 3386 3657 quales

1787 3693 1842 3737 et
1868 3697 1997 3752 erga
2039 3697 2098 3737 se
2128 3681 2510 3739 inveniuntur.
2558 3679 2692 3735 Nam
2745 3696 2870 3737 cum
2908 3680 3033 3734 mali
3075 3690 3279 3745 essent,
3333 3692 3388 3736 et

1789 3784 2012 3844 propter
2041 3773 2183 3828 mala
2221 3789 2386 3844 opera
2421 3773 2634 3845 longius
2669 3790 2698 3830 a
2733 3773 2842 3828 Deo
2880 3775 3226 3837 recederent,
3250 3775 3385 3830 divi-

1792 3881 1917 3920 num
1965 3865 2042 3937 (α)
2084 3879 2394 3920 sermonem
2430 3864 2550 3918 solo
2602 3877 2698 3918 ore
2737 3863 3124 3931 loquebantur.
3153 3863 3389 3920 Frustra

1790 3957 1934 4012 enim
1963 3957 2151 4011 colunt
2176 3967 2229 4010 et
2256 3965 2452 4026 putant
2475 3971 2532 4010 se
2567 3956 2751 4012 colere
2772 3955 2960 4024 Deum,
2984 3956 3075 4027 qui
3104 3972 3204 4027 per
3222 3971 3388 4026 opera

1791 4049 1940 4105 illum
1979 4051 2343 4105 dchonoraut.

1870 4233 2260 4298 Vens.10,il.
2298 4252 2316 4286 ι
2359 4234 2422 4288 Ει
2468 4233 2863 4305 advocatisIad
2909 4250 2968 4290 se
3012 4235 3210 4299 turbis,
3255 4235 3392 4290 dixit

1792 4330 1909 4384 eis:
1950 4329 2147 4383 Audite
2175 4338 2228 4384 et
2275 4327 2581 4397 intelligite.
2621 4328 2734 4384 Non
2775 4327 2918 4398 quod
2961 4329 3265 4397 ingreditur
3303 4345 3384 4395 os,

1795 4422 2031 4490 impurat
2063 4421 2342 4476 hominem
2372 4439 2385 4473 :
2411 4421 2506 4476 sed
2536 4421 2678 4489 quod
2725 4422 3006 4489 egreditur
3035 4435 3099 4479 ex
3131 4437 3248 4485 ore,
3285 4423 3389 4477 hoc

1795 4513 2068 4581 impurum
2114 4511 2290 4566 reddit
2342 4511 2645 4566 hominem.
2712 4531 2728 4560 ι
2772 4509 2888 4566 Non
2945 4511 3187 4580 loquitur
3241 4513 3390 4566 ultra

144 4592 200 4645 ἔτι
223 4599 321 4660 τοῖς
349 4599 689 4670 Φαρασαίοις
738 4602 1074 4672 διαλέγεται,
1132 4605 1210 4670 ὡς
1259 4608 1679 4679 ἀθεραπεύτοις,

1800 4603 2112 4670 Pharisaais,
2163 4615 2350 4674 utpote
2393 4604 2790 4658 incurabilibus
2821 4622 2834 4656 :
2868 4603 3039 4659 turba:
3090 4615 3272 4659 autem
3307 4606 3388 4659 Io-

143 4680 197 4746 τῷ
217 4684 343 4756 ὄχλῳ
369 4687 448 4742 δέ.
485 4689 602 4742 Kal.
628 4689 718 4745 διὰ
761 4691 857 4744 τοῦ
883 4695 1369 4764 προσκαλέσασθαι
1412 4699 1563 4754 δοκεῖ
1603 4719 1690 4755 τι-

145 4777 224 4844 μᾷν
267 4780 485 4845 αὐτοὺς,
537 4782 624 4836 ἵνα
665 4777 1084 4855 παραδέξωνται
1139 4790 1234 4843 τὸν
1275 4791 1435 4860 λόγον
1494 4795 1686 4862 αὐτοῦ,

145 4866 210 4916 καί
234 4886 386 4937 φησιν
407 4889 420 4902 ’
458 4873 718 4928 Ἀκούετε
756 4876 852 4929 καὶ
880 4879 1115 4945 συνίετε,
1157 4881 1454 4936 διανιστῶν
1486 4877 1688 4951 αὐτοὺς

144 4959 198 5019 εἰς
232 4968 520 5038 προσοχήν.
557 4967 676 5020 Τῶν
716 4968 774 5022 δὲ
818 4971 1130 5041 Φαρισαίων
1177 4975 1522 5046 αἰτιωμένων
1561 4981 1687 5045 τοὺς

147 5052 352 5122 μαθητὰς
379 5059 456 5121 ὡς
510 5059 766 5124 ἀνίπτοις
805 5063 992 5132 χερσὶν
1041 5064 1366 5132 ἐσθίοντας,,
1397 5070 1426 5122 6
1481 5070 1690 5142 Κύριος

148 5143 243 5209 περὶ
270 5145 577 5218 βρωμάτων
607 5149 780 5218 λέγει,
814 5152 897 5205 ὅτι
930 5151 1082 5207 οὐδὲν
1128 5155 1328 5227 βρῶμα
1381 5163 1555 5214 κοινοί
1598 5163 1691 5216 τὸν

148 5235 409 5316 ἀνθρώπον,
463 5244 718 5296 τουτέστι
773 5245 1014 5314 μολύνει.
1061 5248 1171 5300 Καὶ
1221 5250 1269 5301 εἰ
1315 5250 1374 5310 τὸ
1409 5253 1605 5323 βρῶμα
1629 5257 1687 5308 οὐ

153 5326 350 5396 μιλύνει,
383 5335 571 5404 πολλῷ
598 5335 802 5404 μᾶλλον
845 5338 905 5391 τὸ
936 5339 1187 5404 ἀνίπτοις
1236 5345 1426 5415 χερσὶν
1465 5347 1692 5403 ἐσθίειν.

151 5417 342 5479 frigidus:
373 5430 483 5499 γὰρ
532 5429 626 5482 τδν
665 5431 818 5494 ἐντὸς
850 5430 1166 5502 ἄνθρωπον,
1213 5438 1274 5490 τὸ
1334 5438 1515 5506 λέγειν
1547 5442 1582 5494 ἃ.
1619 5445 1693 5511 μὴ

152 5521 221 5566 ci.
251 5521 552 5575 Λξνίττεται
586 5523 639 5576 δὲ
685 5525 771 5577 διὰ
804 5526 996 5580 τούτου
1033 5530 1159 5592 τους
1211 5532 1562 5600 Φαρισαίθυῧ
1601 5553 1696 5604 lm-

155 5615 431 5679 γινομένους
472 5616 538 5669 ἐκ
566 5618 659 5670 τοῦ
684 5618 864 5686 λέγειν
905 5621 1242 5689 φθονούντων
1303 5626 1523 5695 ῥήματα
1549 5644 1561 5660 ν
1592 5631 1694 5698 ὅρα

155 5699 420 5775 ἀσοφίαν,
474 5711 592 5773 πῶς
635 5711 757 5764 οὔτε
813 5714 1062 5784 φανερῶς
1098 5717 1160 5768 τὸ
1210 5717 1434 5771 ἄνιπτον
1494 5720 1694 5774 ἐσθίειν

1800 4701 2008 4769 quitur,
2058 4709 2111 4754 et
2154 4714 2250 4768 per
2277 4699 2426 4768 quod
2455 4699 2584 4757 .illos
2637 4698 2702 4754 ad
2758 4713 2817 4752 se
2854 4697 3085 4752 advocat
3123 4699 3387 4754 honorem

1798 4793 1904 4848 illis
1931 4789 2149 4850 deferre
2181 4790 2419 4854 videtur,
2444 4797 2500 4842 ιιι
2531 4789 2826 4857 suscipiant
2859 4803 3165 4846 sermonem
3193 4806 3386 4845 suum:

1797 4894 1852 4940 et
1893 4883 2091 4954 inquit,
2141 4881 2435 4948 Audite,et
2477 4881 2790 4949 intelligite,
2815 4883 3060 4938 excitans
3095 4894 3281 4950 cos,et
3312 4894 3390 4938 at-

1795 4987 1974 5033 tentos
2009 4977 2235 5031 faciens.
2267 4975 2404 5042 Quia
2436 4985 2615 5029 autem
2653 4976 2912 5030 [διπατὶεωί
2967 4978 3266 5047 arguebant
3303 4981 3378 5033 di-

1792 5071 2032 5142 scipulos
2056 5070 2201 5140 quod
2237 5069 2404 5127 illotis
2435 5069 2686 5123 manibus
2713 5070 3085 5135 coniedcrent,
3121 5071 3388 5128 Dominus

1793 5168 1860 5224 de
1882 5165 2020 5219 cibis
2042 5163 2172 5219 dicit
2193 5161 2335 5231 quod
2366 5160 2546 5215 nullus
2569 5161 2722 5215 cibus
2745 5161 3057 5231 coinquinet
3086 5163 3386 5229 hominem,

1798 5258 1877 5314 vel
1908 5259 2167 5330 impuret.
2193 5250 2258 5310 Et
2281 5257 2323 5308 si
2359 5255 2513 5309 ribus
2550 5271 2658 5308 non
2693 5255 2966 5323 inquinat,
2993 5247 3161 5312 uiulto
3193 5262 3385 5330 magis,

1797 5351 1962 5407 illotis
2020 5349 2305 5404 comedere
2363 5345 2997 5413 inanibus.Coinqninat
3055 5348 3197 5401 enim
3240 5351 3387 5404 intus

1798 5442 2072 5497 hominem
2115 5440 2298 5493 dicere
2331 5455 2451 5508 quae
2481 5454 2586 5491 non
2619 5448 2852 5506 oportet.
2878 5437 3046 5494 Nutut
3085 5452 3264 5496 autem
3306 5443 3386 5494 la-

1797 5546 1971 5589 tenter
2005 5533 2308 5587 Pharismus
2347 5547 2439 5600 per
2474 5531 2557 5582 illa
2609 5531 2899 5599 verba,qui
2959 5533 3203 5588 dicentes
3242 5535 3384 5588 iuvi‘

1795 5628 1986 5681 dorum
2030 5627 2189 5679 verba
2223 5623 2737 5692 eoinquinabaulur.
2772 5623 2903 5679 Vide
2936 5637 3118 5681 autem
3171 5630 3391 5696 sapien—

1797 5723 1949 5783 tiam,
1993 5720 2263 5783 quomodo
2325 5732 2498 5786 neque
2555 5716 2847 5773 manifesto
2908 5719 3074 5777 Illotis
3135 5726 3386 5777 ιιιιιιιὶιηις

208 5889 266 5950 ἰιῖ)
302 5889 430 5944 lidil.
473 5891 585 5947 Lut.
622 5910 735 5948 tum
772 5897 896 5949 mm't
927 5910 1116 5963 (sunt,
1142 5911 1351 5970 pi'vpltt‘
1378 5900 1513 5953 ηιιιίιι
1544 5917 1679 5969 opm

1788 5919 1888 5970 ‘IlJr‘
1924 5902 2117 5969 [tollunt
2150 5920 2177 5953 (ι
2206 5903 2333 5971 Dw,
2369 5914 2410 5956 cl
2448 5905 2695 5957 illituum.

795 6056 834 6064 -κ
