4004 6418
639 427 744 491 3οἹ
1559 429 2135 492 THEOPHYLACTI
2174 423 2584 493 BULGARI/E
2621 431 2987 494 ARCHIEP.
3785 435 3906 496 303

642 546 930 602 comedere
989 543 1270 613 approbat.
1333 558 1508 612 neque
1578 552 1885 612 aversatur,
1915 545 2010 602 sed
2069 545 2211 600 aliud

2322 545 2619 614 νομοθετεῖ,
2643 546 2768 601 οὔτε
2799 547 3124 619 ἀποτρέπει.
3170 547 3310 603 Ἀλλ’
3337 547 3526 621 ἕτερόν
3546 563 3599 601 τι
3630 548 3903 614 διδάσκει,

645 633 896 706 quiddam
939 637 1119 703 docet,
1147 634 1293 708 quod
1324 650 1427 691 non
1466 636 1685 708 ejiciant
1714 652 1744 693 e
1772 647 1991 709 pectore
2040 638 2213 694 malos

2324 635 2378 690 τὸ
2411 638 2485 709 μὴ
2521 636 2804 695 ἐκϐάλλειν
2833 639 2942 693 ἀπὸ
2967 641 3068 710 τῆς
3099 641 3332 711 καρδίας
3379 640 3652 712 πονηροὺς
3680 639 3905 709 λόγους.

642 744 942 786 sermones.

711 822 876 877 Vens.
922 823 1010 878 12.
1041 843 1058 876 ι
1104 825 1255 880 Tunc
1288 824 1608 880 accedentes
1641 825 1888 896 discipuli
1917 825 2033 896 ejus
2061 826 2210 881 dixe-

2401 841 2418 873 ι
2480 820 2610 874 Τότε
2671 820 3062 906 προσελθόντες
3103 821 3152 873 oi
3205 820 3446 890 μαθηταὶ
3504 822 3694 887 αὑτοῦ,
3742 817 3908 874 εἷπον

641 923 768 968 runt
832 915 1133 971 illizNosli
1200 916 1511 974 Pharisaos
1568 919 1754 973 audito
1810 934 2062 974 sermone
2110 919 2212 974 isto

2325 913 2462 986 ιὺτῷ
2487 930 2502 946 ·
2539 909 2700 976 Οἶδας
2733 914 2814 967 ὅτι
2849 915 2899 966 οῖ
2924 914 3208 984 Φαρισαῖοι
3233 915 3566 977 ἀκούσαντες
3589 915 3682 967 τὸν
3713 914 3906 982 λόγον,

637 1004 875 1062 oﬂensos
919 1008 1120 1063 fuisse?
1151 1027 1170 1062 ι
1214 1011 1472 1080 Discipuli
1515 1022 1733 1081 propter
1765 1011 1874 1082 79
1905 1010 2210 1066 Pharismos

2328 1006 2861 1078 ίσκανδαλίσθησανς
2904 1025 2923 1057 ι
2964 1007 3028 1059 Oi
3071 1007 3170 1075 μὲν
3223 1005 3466 1076 μαθηταὶ
3491 1005 3581 1059 διά
3609 1007 3741 1070 τοὺς
3787 1007 3909 1059 Φαε-

644 1096 832 1152 dicunt
873 1100 1017 1167 quod
1045 1099 1231 1155 oﬂensi
1264 1102 1394 1168 sint,
1425 1103 1635 1158 tametsi
1667 1103 1830 1157 etiam
1871 1103 1969 1173 ipsi
2012 1102 2207 1157 turbati

2330 1101 2564 1168 otaaiou;
2589 1099 2859 1168 λέγουσιν,
2887 1100 2970 1153 ὅτι
3011 1098 3540 1168 ἐσκανδαλίσθησαν.
3577 1098 3726 1170 Πλὴν
3761 1099 3911 1152 ἀλλὰ

638 1186 861 1251 fuerint,
905 1191 1048 1260 quod
1099 1192 1440 1255 manifestum
1491 1209 1678 1248 exeo
1725 1195 1870 1264 quod
1923 1193 2211 1249 accesserit

2327 1195 2406 1246 tat
2449 1191 2604 1245 αὐτοὶ
2649 1191 3100 1262 ἐθορυϐήθησαν·
3141 1189 3300 1242 τοῦτο
3353 1190 3411 1251 δὲ
3463 1189 3624 1258 δῆλον
3660 1189 3772 1243 ἀπὸ
3802 1188 3908 1242 τοῦ

636 1268 927 1348 Petrus,et
959 1281 1375 1355 interrogaverit
1397 1287 1463 1340 de
1496 1286 1616 1340 hoc.
1659 1286 1825 1354 lgitur
1872 1283 2036 1340 Jesus
2085 1298 2206 1339 cum

2328 1283 2633 1354 προσελθεῖν
2671 1282 2763 1335 τὸν
2797 1283 3006 1352 Πέτρον
3041 1282 3135 1336 καὶ
3178 1282 3454 1352 ἐρωτῆσαι
3510 1283 3639 1351 περὶ
3679 1282 3909 1335 τούτου.

637 1373 877 1429 audisset
907 1376 1050 1445 quod
1083 1375 1269 1450 οσοηεί
1301 1387 1482 1432 essent
1512 1377 1946 1442 Pharisai,dixit
1974 1395 1989 1432 :

2328 1376 2384 1428 '0
2429 1373 2562 1442 γοῦν
2608 1372 2820 1444 Ἰησοῦς
2860 1374 3122 1440 ἀκούσας,
3173 1375 3256 1428 ὅτι
3303 1373 3809 1444 ἐσκανδαλίσθησαν
3852 1375 3909 1426 οἱ

2310 1469 2614 1539 Φαρισαῖοι,
2637 1483 2780 1522 ειπε·

711 1558 876 1614 Vens.
936 1560 1025 1622 15.
1070 1561 1158 1615 M.
1214 1580 1232 1612 ι
1296 1561 1484 1618 Omnis
1550 1563 1812 1632 plantatio
1881 1578 2044 1633 quam
2089 1579 2206 1617 -non

2385 1581 2402 1612 ι
2443 1561 2596 1614 Πᾶσα
2627 1560 2821 1629 φυτεία
2860 1560 2927 1632 ἣν
2966 1559 3068 1612 οὐκ
3099 1557 3398 1629 ἐφύτευσεν
3434 1560 3462 1612 ό
3496 1559 3690 1629 Πατήρ
3731 1575 3839 1628 μου
3877 1561 3909 1611 ό

637 1652 901 1715 plantavit
931 1654 1092 1709 Pater
1122 1669 1270 1709 meus
1308 1655 1565 1721 ccelestis,
1589 1656 1975 1713 eradicabitur.
2005 1654 2208 1713 Omitte

2326 1650 2577 1724 ιὺράνιος,
2606 1653 3043 1723 ὲκριζωθήσεται
3066 1669 3079 1682 ·
3113 1652 3281 1722 ἄφετε
3309 1653 3508 1715 αὐτούς
3529 1669 3542 1682 ·
3571 1653 3761 1722 ὁδηγοί
3791 1653 3907 1703 εἱσι

637 1740 778 1808 illos,
809 1743 972 1799 duces
1009 1754 1134 1800 sunt
1188 1747 1314 1801 caeci
1385 1761 1678 1804 caecorum.
1735 1748 1906 1804 Porro
1929 1749 1974 1804 si
2032 1764 2209 1806 caecus

2330 1745 2496 1814 τυφλοὶ
2528 1744 2768 1812 τυφλῶν.
2806 1743 3003 1812 τυφλὸς
3031 1743 3089 1796 δὲ
3133 1743 3336 1812 τυφλὸν
3365 1745 3459 1797 ὲάν
3485 1744 3677 1813 ὁδηγῇ,
3710 1743 3911 1811 ἀμφό-

636 1844 792 1885 caeco-
815 1833 922 1886 dux
955 1833 1142 1899 fuerit,
1180 1835 1340 1891 ambo
1385 1837 1437 1892 in
1469 1838 1678 1894 foveam
1713 1840 1926 1896 cadent.
1967 1857 1987 1892 ι
2023 1839 2208 1896 Senio-

2327 1853 2454 1906 :epov.
2477 1836 2556 1898 εις
2581 1835 2801 1904 βόθυνον
2829 1834 3148 1887 πεσοῦνται.
3183 1853 3201 1886 ι
3229 1834 3340 1896 Τάς
3371 1835 3478 1886 τῶν
3504 1833 3777 1904 πρεσϐυτέ
3789 1850 3908 1900 ρων

635 1937 757 1976 rum
799 1925 1116 1982 traditiones
1145 1937 1199 1981 et
1229 1927 1537 1990 Iudaeorum
1571 1940 1834 2002 praecepta
1870 1934 2202 1989 eradicatum

2327 1901 2634 2000 παραδόσεις
2673 1927 2766 1979 καὶ
2801 1927 2869 1980 τά
2907 1926 3175 1979 Ἰουδαῖκά
3207 1927 3520 1994 ἐντάλματα
3548 1901 3700 1992 λέγει
3741 1926 3908 1994 ἐκρι-

631 2013 699 2067 iri
744 2013 897 2082 dixit,
944 2031 1047 2071 non
1084 2017 1294 2088 legalis,
1329 2030 1386 2076 ut
1425 2021 1741 2078 existimant
1768 2022 2203 2080 Manicbaai.Lex

2326 2019 2683 2087 ζιοιθήσεσθαι·
2725 2019 2846 2088 οὐχὶ
2888 2019 2957 2072 τά
2990 2017 3083 2072 τοῦ
3119 2019 3320 2090 νόμου,
3359 2018 3434 2081 ὼς
3483 2019 3663 2073 νοοῦσι
3715 2021 3907 2074 Μανι-

634 2105 776 2158 enim
804 2107 1066 2175 plantatio
1085 2122 1167 2165 est
1196 2109 1314 2176 Dei,
1349 2127 1454 2168 non
1481 2113 1648 2183 igitur
1673 2114 1766 2170 illa
1794 2117 2067 2170 eradicata
2098 2127 2198 2172 est.

2326 2114 2472 2182 [αῖον
2495 2113 2523 2165 ό
2552 2111 2660 2181 γάρ
2687 2110 2850 2180 νόμος
2879 2111 3074 2180 φυτεία
3105 2111 3222 2163 ἐστὶ
3246 2111 3379 2163 Θεοῦ
3411 2129 3424 2138 ·
3455 2111 3515 2164 οὐ
3540 2113 3720 2164 τοίνυν
3740 2108 3907 2176 οὗτος

632 2195 812 2252 Manet
851 2199 996 2253 enim
1054 2201 1206 2257 radix
1256 2204 1392 2274 ejus,
1425 2204 1478 2260 id
1509 2215 1612 2272 est,
1643 2207 1865 2276 spiritus
1892 2207 1982 2278 qui
2025 2209 2075 2262 in
2112 2222 2203 2263 oc-

2327 2201 2663 2272 ιξερριζώθη.
2700 2201 2868 2254 Μένει
2899 2200 3010 2271 γὰρ
3045 2203 3077 2271 ἡ
3125 2201 3250 2271 ῥίζα
3293 2201 3485 2265 αὑτοῦ,
3527 2203 3803 2264 τουτέστι,
3841 2205 3908 2256 τὸ

631 2287 777 2342 culto
802 2297 904 2342 est.
943 2289 1094 2347 Folia
1144 2300 1349 2361 autem,
1399 2295 1501 2353 hoc
1530 2307 1635 2364 est,
1699 2312 1968 2368 apparens
1999 2300 2199 2367 littera,

2327 2293 2681 2364 ιρυπτόμενον
2719 2291 2954 2361 πνεῦμα.
2987 2293 3068 2347 Τὰ
3101 2293 3157 2345 δὲ
3190 2292 3387 2360 φύλλα,
3429 2293 3547 2363 ἤτοι
3595 2293 3657 2346 τὸ
3697 2295 3908 2362 φαινό-

631 2377 893 2436 deﬂuunt.
916 2381 1112 2454 Legem
1140 2386 1285 2442 enim
1329 2387 1466 2443 ultra
1499 2389 1780 2459 nonjuxta
1810 2391 2075 2457 litteram,
2107 2393 2202 2450 sed

2326 2402 2466 2440 tcvov
2500 2385 2768 2455 γράμμα,
2821 2384 3110 2456 ἀπερρύη·
3159 2386 3260 2439 οὐκ
3310 2385 3390 2439 ἔτι
3426 2386 3536 2458 γὰρ
3582 2386 3676 2439 τὸν
3725 2388 3907 2458 νόμον

624 2471 777 2539 juxta
811 2461 1061 2543 spiritum
1091 2479 1462 2550 intelligimus.
1503 2481 1769 2550 Quoniam
1798 2495 1975 2541 autem
2005 2485 2201 2556 despe-

2322 2479 2447 2533 ιατά
2487 2477 2548 2531 τὸ
2579 2478 2817 2549 γράμμα
2841 2519 2853 2542 ,
2910 2478 3048 2531 ἀλλά
3091 2479 3230 2533 κατὰ
3266 2479 3328 2532 τὸ
3379 2479 3597 2549 πνεῦμα
3635 2482 3903 2550 νοοῦμεν·

627 2563 732 2619 rati
755 2580 821 2621 ac
863 2565 1188 2624 incurabiles
1235 2580 1390 2628 erant
1428 2573 1707 2641 Phariszei,
1748 2577 1922 2630 dixit:
1956 2576 2203 2641 Omittite

2322 2574 2374 2625 ’Δ
2384 2573 2779 2640 πεγνωσμὲνων
2794 2571 2850 2625 δὲ
2867 2570 3037 2624 ὄντων
3051 2571 3161 2625 τῶν
3180 2571 3491 2642 Φαρισαίων
3512 2571 3608 2624 καὶ
3625 2571 3903 2638 ἀνιάτων,

629 2653 770 2711 illos.
812 2656 950 2713 Hirti:
998 2661 1141 2717 enim
1188 2662 1464 2732 discimus,
1520 2668 1662 2736 quod
1711 2667 1906 2725 offendi
1949 2671 2068 2728 illos
2111 2673 2201 2742 qui

2316 2658 2426 2715 εἷπε
2453 2663 2514 2716 τό
2535 2679 2548 2694 ·
2587 2663 2788 2729 Ἄφετε
2819 2662 3039 2725 αὐτούς.
3077 2662 3358 2715 Ἐντεῦθεν
3390 2658 3482 2715 οὖν
3511 2662 3897 2732 μανθάνομεν,

625 2759 825 2809 sponte
859 2751 1226 2819 oﬂ'enduntur,
1276 2767 1325 2812 et
1373 2758 1702 2815 incurabiles
1742 2771 1887 2828 sunt,
1943 2779 2050 2818 non
2118 2772 2202 2821 est

2326 2757 2384 2807 ἱτι
2414 2753 2474 2807 τὸ
2513 2752 2961 2816 σκανδαλίζεσθαι
2995 2753 3123 2817 τοὺς
3153 2754 3334 2806 ἑκοντὶ
3364 2753 3907 2823 σκανδαλιζομένους

625 2838 779 2894 nobis
806 2839 1144 2899 damnosum.
1179 2844 1538 2916 PracepIores
1565 2858 1746 2905 autem
1775 2851 1898 2906 illos
1927 2853 2057 2907 dicit
2095 2868 2198 2920 cura

2324 2845 2398 2898 tul.
2421 2846 2698 2924 ἀνιάτους,
2731 2846 2831 2899 οὐκ
2863 2845 3010 2904 εστιν
3041 2847 3176 2915 ἡμῖν
3208 2843 3497 2916 βλαϐερόν·
3528 2843 3905 2908 διδασκάλους

625 2942 718 2982 cus
741 2943 1006 2990 caecorum
1039 2935 1219 3002 duces,
1249 2944 1308 2991 ut
1345 2938 1413 2992 ab
1442 2941 1522 2994 eis
1559 2941 1741 2998 turbas
1770 2941 2020 2998 abducat.

2323 2938 2356 2991 ἑὲ
2383 2937 2581 3000 αὐτοὺς
2609 2938 2756 3006 λέγει
2791 2937 3028 3008 τυφλοὺς
3057 2939 3297 3008 τυφλῶν·
3325 2937 3488 2990 τοῦτο
3519 2936 3575 2988 δέ
3613 2953 3783 3006 φησιν
3819 2928 3904 3002 ὡς

2302 3030 2367 3084 ἂν
2399 3031 2684 3102 ἀποστήσῃ
2715 3030 2808 3084 ἀπ’
2836 3030 3016 3083 αὐτῶν
3045 3032 3172 3094 τοὺς
3203 3031 3415 3100 ὄχλους.

699 3113 857 3169 Vens.
886 3117 973 3172 15.
1011 3137 1030 3169 ι
1087 3118 1439 3190 Respondeas
1475 3133 1653 3194 autem
1707 3126 1899 3185 Petrus
1956 3132 2092 3189 dixit
2115 3133 2198 3188 ei:

2378 3142 2396 3175 ι
2459 3123 2804 3194 Ἀποκριθεὶς
2835 3124 2891 3176 δὲ
2919 3125 2948 3177 ό
2979 3126 3184 3194 Πέτρος
3206 3165 3219 3188 ,
3253 3122 3408 3178 εἶπεν
3455 3127 3638 3198 αὐτῷ·
3670 3127 3907 3197 Φράσον

627 3205 721 3263 Dic
776 3209 930 3264 nobis
961 3211 1268 3280 parabolam
1305 3214 1465 3269 hanc.
1507 3235 1525 3268 ι
1560 3216 1754 3273 Petrds
1815 3222 1940 3290 quia
1998 3224 2202 3280 sciebat

2324 3217 2434 3287 ιμῖν
2457 3216 2555 3286 τὴν
2587 3215 2903 3287 παραδολὴν
2931 3216 3159 3288 ταύτην.
3209 3236 3227 3270 ι
3276 3215 3337 3271 ⁸0
3375 3218 3576 3283 Πέτρος
3617 3217 3741 3269 ἐπεὶ
3772 3218 3905 3288 ᾔδει

625 3301 796 3368 legem
823 3301 1109 3370 prohibere
1144 3305 1450 3373 promiscue
1472 3322 1624 3363 esum
1672 3310 1935 3373 omnium,
1969 3323 2024 3367 et
2049 3314 2203 3370 time-

2325 3309 2385 3360 it:
2419 3309 2448 3359 ό
2484 3307 2646 3376 νόμος
2686 3306 2890 3360 ἐκώλυε
2921 3308 3099 3363 πάντα
3133 3308 3353 3372 ἐσθίειν,
3382 3310 3574 3373 δεδιὼς
3605 3311 3785 3363 εἰπεῖν
3816 3313 3906 3382 τῷ

627 3394 716 3444 bat
768 3391 950 3448 dicere
978 3393 1101 3449 Jcsu
1133 3412 1146 3448 :
1177 3394 1251 3448 Ex
1282 3397 1365 3451 bis
1401 3413 1535 3467 'quae
1583 3399 1790 3465 dixisti,
1833 3401 2196 3459 offendimur:

2326 3398 2512 3471 Ἰησοῦ,
2541 3401 2622 3452 ὅτι
2654 3399 3092 3471 Σκανδαλίζομαι
3115 3399 3200 3471 ἐφ’
3226 3398 3303 3464 οἷς
3335 3392 3519 3466 εἶπας,
3541 3405 3907 3470 ταινομένοις

629 3489 888 3547 apparent
915 3483 1057 3536 enim
1091 3483 1192 3553 legi
1226 3485 1453 3542 adversa
1492 3503 1609 3543 esse
1645 3507 1656 3541 :
1692 3491 1910 3547 simulat
1945 3493 2199 3564 ignpran-

2322 3491 2643 3562 ταρανόμοις
2660 3487 2798 3546 εἶναι
2811 3507 2823 3522 ·
2849 3497 3226 3564 προσποιεῖται
3251 3495 3474 3564 ἄγνοιαν
3495 3496 3589 3548 καὶ
3610 3495 3703 3546 ὲπε
3715 3498 3903 3566 ρωτᾷ.

628 3570 777 3634 tiam,
804 3579 858 3625 et
888 3571 1197 3642 interrogat.

704 3661 870 3719 Vens.
912 3665 1007 3718 16-
1027 3666 1116 3720 20.
1160 3685 1179 3718 ι
1234 3666 1388 3725 Jesus
1418 3681 1593 3728 autem
1627 3672 1789 3726 dixit:
1819 3676 2005 3731 Adhuc
2032 3686 2086 3732 et
2108 3693 2201 3733 vos

2381 3695 2398 3729 t
2451 3678 2507 3731 '0
2534 3677 2590 3731 δὲ
2640 3678 2843 3748 Ἰησοῦς
2867 3673 3042 3744 εἶπεν,
3078 3679 3291 3751 Ἀκμὴν
3325 3661 3418 3733 καὶ
3450 3683 3608 3752 ὑμεῖς
3633 3682 3907 3737 ἀσύνετοί

631 3753 977 3824 intelligentia
1015 3758 1235 3813 caretis.
1271 3757 1512 3816 Nondum
1555 3765 1853 3835 iutelligitis
1879 3769 2024 3837 quod
2046 3771 2198 3837 quid-

2326 3786 2448 3823 ,ats.
2478 3767 2645 3823 Οὔπω
2667 3772 2860 3834 νοεῖτε,
2893 3772 2973 3825 ὅτι
3003 3774 3111 3825 πᾶν
3145 3773 3206 3824 τὸ
3237 3776 3689 3844 εἰσπορευόμενον
3717 3777 3807 3839 εἰς
3841 3779 3907 3828 τὸ

627 3846 754 3915 quid
783 3848 1079 3915 ingreditur
1108 3851 1159 3902 in
1184 3865 1266 3918 os,
1319 3852 1371 3906 in
1396 3855 1570 3909 alvum
1597 3858 1726 3922 abit,
1758 3867 1810 3912 et
1842 3859 1894 3913 in
1927 3874 2196 3919 secessum

2327 3862 2498 3933 ττὸμα,
2517 3864 2596 3926 εἰς
2616 3861 2714 3933 τὴν
2739 3863 2946 3916 κοιλίαν
2963 3866 3136 3935 χωρεῖ
3156 3866 3250 3919 καὶ
3268 3868 3346 3928 είς
3369 3867 3655 3937 ἀφεδρῶνα
3687 3868 3908 3922 ἐκϐάλ-

627 3939 841 4008 ejicitur
864 3941 886 3994 ?
912 3943 980 3995 At
1029 3958 1088 3997 ea
1118 3959 1236 4012 quas
1262 3946 1688 4013 proﬁciscuntur
1717 3965 1782 4005 ex
1833 3966 1950 4018 ore,
1989 3966 2052 4007 ex
2084 3955 2198 4023 ipso

2324 3973 2449 4008 ,εται
2477 3973 2490 4022 ;
2517 3955 2596 4008 Τά
2632 3955 2689 4010 δὲ
2715 3957 3128 4026 ἐκπορευόμενα
3156 3958 3218 4010 ὲκ
3243 3958 3332 4011 τοῦ
3368 3963 3658 4028 στόματος,
3691 3961 3761 4014 ἐκ
3795 3964 3905 4033 τῆς

631 4033 794 4086 corde
821 4034 1186 4102 egrediuntur,
1217 4047 1268 4092 ct
1299 4038 1386 4092 illa
1444 4041 1714 4109 impurum
1765 4044 1992 4102 reddunt
2027 4045 2198 4098 homi-

2324 4046 2526 4118 ιαρδίας
2550 4047 2852 4118 ἐξέρχεται,
2889 4050 3120 4102 κάκεῖνα
3151 4053 3320 4103 κοινοῖ
3345 4051 3436 4103 τὸν
3473 4052 3790 4122 ἄνθρωπον·
3833 4058 3905 4109 ὲκ

627 4139 769 4180 nem.
801 4124 931 4178 Nam
967 4141 1030 4181 ex
1063 4128 1226 4182 corde
1251 4139 1450 4185 exeunt
1480 4133 1837 4202 cogitationes
1878 4135 2062 4201 malae,
2089 4151 2196 4190 ca:-

2322 4137 2408 4203 rdp
2458 4136 2558 4206 τῆς
2600 4137 2824 4207 καρδίας
2875 4139 3189 4210 ἐξέρχονται
3237 4141 3581 4212 διαλογισμοὶ
3620 4150 3903 4216 πονηροὶ,

623 4218 739 4278 des,
769 4217 1059 4281 adulteria,
1093 4228 1294 4288 stupra,
1324 4221 1486 4287 furta,
1524 4222 1652 4276 falsa
1691 4225 2022 4292 testimonia,
2070 4243 2198 4281 con-

2322 4227 2472 4292 ρόνοι,
2511 4232 2771 4297 μοιχεῖαι,
2808 4233 3097 4298 πορνεῖαι,
3133 4233 3351 4297 κλοπαὶ,
3382 4234 3903 4306 ψευδομαρτυρίαι,

627 4305 783 4362 vicia.
835 4305 958 4361 Haac
1015 4319 1137 4362 sunt
1182 4326 1302 4378 quae
1349 4312 1616 4382 impurant
1679 4314 1976 4371 hominem.
2029 4317 2199 4375 Caete-

2320 4317 2662 4388 ilaucpnuiat.
2691 4319 2876 4374 Ταῦτά
2899 4322 3014 4373 ἐστι
3036 4324 3103 4375 τά
3130 4323 3418 4378 κοινοῦντα
3446 4325 3537 4379 τὸν
3569 4305 3901 4398 ἄνθρωπον.

631 4412 744 4449 rum
790 4398 951 4452 illotis
1004 4402 1252 4457 manibus
1292 4404 1468 4458 cibum
1514 4422 1727 4475 capere,
1783 4424 1887 4462 non
1953 4411 2196 4480 inquinat

2321 4409 2371 4460 re
2403 4409 2459 4462 δὲ
2501 4411 2747 4475 ἀνίπτοις
2779 4413 2938 4483 χερσὶ
2980 4417 3200 4482 φαγεῖν,
3247 4416 3306 4468 οῦ
3341 4421 3512 4470 κοινοῖ
3544 4419 3902 4492 τὸνάνθρω-

627 4489 920 4545 hominem.
967 4510 983 4540 ›
1039 4492 1287 4562 Increpat
1317 4495 1606 4564 discipulos
1645 4498 1912 4567 Salvator,
1967 4515 2018 4556 et
2065 4503 2192 4557 lnsi-

2323 4517 2419 4554 ιον.
2465 4518 2482 4552 ι
2523 4502 2781 4573 Ἐπιτιμᾷ
2825 4507 2937 4567 τοῖς
2970 4506 3240 4576 μαθηταῖς
3270 4510 3299 4561 ό
3329 4509 3542 4582 Σωτὴρ,
3579 4513 3672 4564 καὶ
3707 4489 3904 4584 ἀφρο-

625 4579 879 4644 pienliam
913 4584 1224 4648 exprobrat,
1258 4584 1418 4638 velut
1444 4585 1683 4651 offensis,
1714 4590 1792 4641 vel
1817 4600 1872 4642 ut
1906 4591 2187 4659 manifesta

2321 4592 2463 4662 πύνην
2492 4593 2758 4660 ὀνειδίζει,
2796 4595 2828 4664 ἢ
2866 4597 2940 4658 ὡς
2969 4599 3436 4654 σκανδαλισθεῖσιν
3458 4579 3535 4671 ,Γῆ
3571 4602 3645 4666 ὼς
3677 4579 3902 4680 ἀγνοή-

624 4669 1019 4734 ignorantibus.
1055 4671 1188 4725 Dicit
1225 4673 1416 4741 igitur:
1441 4674 1554 4728 Non
1582 4678 1876 4747 intelligitis
1900 4681 2042 4749 quod
2071 4697 2189 4736 om-

2320 4702 2421 4739 ςασι
2446 4687 2506 4738 τὸ
2541 4688 2727 4756 σαφές·
2764 4689 2925 4758 φησὶν
2956 4686 3067 4751 οὖν,
3097 4693 3178 4744 ὃτι
3206 4690 3377 4744 Τοῦτο
3399 4694 3621 4747 tif-itaet
3650 4698 3901 4769 νοούμε-

626 4774 720 4813 nes
752 4762 1057 4830 intelligunt
1097 4774 1151 4817 et
1199 4767 1556 4822 sciunt?Cibi
1613 4772 1755 4824 enim
1814 4787 1918 4827 non
1976 4785 2192 4829 manent

2318 4795 2385 4830 νον
2422 4778 2515 4829 κα)⁵
2557 4779 2880 4849 φαινόμενον
2914 4783 2973 4834 οὺ
3018 4785 3223 4850 νοεῖτε;
3253 4785 3332 4837 ὅτι
3365 4784 3434 4838 τὰ
3472 4787 3571 4855 μὲν
3610 4787 3899 4858 βρώματα

623 4852 789 4916 intus,
833 4855 926 4907 sed
966 4853 1100 4906 infra
1162 4867 1358 4910 exeunt
1401 4875 1494 4926 per
1524 4860 1723 4922 alvum,
1762 4873 1814 4917 et
1853 4865 1986 4918 nihil
2023 4867 2193 4920 homi—

2318 4871 2354 4921 ιὺ
2391 4871 2540 4941 μένει
2586 4872 2712 4936 ἔσω,
2750 4872 2886 4926 ἀλλά
2934 4876 3083 4928 κάτω
3127 4852 3678 4950 ἐξέρχονται,·μηδὲν
3712 4852 3899 4951 μολύ-

621 4961 742 4997 nem
781 4945 830 4997 in
862 4948 1038 4997 anima
1069 4948 1441 5016 coinquinant,
1473 4967 1576 5005 non
1612 4953 1752 5007 enim
1779 4971 1997 5012 manent
2023 4960 2185 5015 intus.

2311 4981 2450 5016 νοντα
2498 4965 2638 5017 κατὰ
2672 4966 2852 5036 ψυχὴν
2886 4969 2974 5020 τδν
3008 4969 3313 5037 ἄνθρωπον,
3347 4971 3405 5022 οὐ
3454 4974 3560 5042 γὰρ
3619 4976 3892 5043 μένουσιν

620 5039 989 5106 Cogitationes
1040 5051 1214 5094 autem
1251 5043 1574 5098 intrinsecus
1632 5059 1948 5116 nascuntur,
1984 5062 2039 5106 et
2074 5069 2189 5107 rna-

2314 5053 2460 5106 Ξνδον.
2523 5058 2584 5108 Οί
2648 5057 2697 5107 “ὲ
2750 5056 3001 5127 λογισμοὶ
3053 5059 3255 5112 ἔσωθεν
3300 5078 3359 5113 τε
3406 5064 3725 5130 γεννῶνται,
3787 5074 3895 5123 καὶ

623 5141 750 5184 nent
812 5132 940 5194 illic,
985 5142 1034 5184 et
1092 5136 1446 5198 egredientes,
1482 5137 1582 5191 hoc
1603 5148 1705 5202 est,
1743 5141 1792 5193 in
1825 5159 1957 5212 opus
1995 5161 2184 5213 proce-

2312 5148 2548 5200 ιένουσιν
2580 5150 2634 5199 ἐγ
2681 5151 2716 5212 ἰ,
2750 5153 2840 5202 καὶ
2871 5150 3242 5222 ἐξερχόμενοι,
3271 5157 3568 5220 τουτέστιν,
3601 5159 3680 5220 εἰς
3712 5159 3893 5229 ἔργον

624 5223 813 5274 (lentes
845 5233 898 5273 ct
931 5232 1082 5275 actus
1119 5225 1399 5291 inquinant
1424 5228 1715 5283 hominem.
1748 5231 2015 5304 Cogitatio
2044 5240 2184 5292 enim

2311 5242 2707 5310 προχωροῦντες
2739 5243 2832 5294 καὶ
2863 5245 2941 5305 είς
2974 5245 3195 5313 πρᾶξιν,
3232 5247 3520 5315 μολύνουσι
3541 5249 3632 5301 τὸν
3661 5252 3892 5323 ἄνθρω-

620 5314 962 5366 scortalionis
1013 5314 1333 5370 intrinsecus
1386 5334 1606 5376 manens
1663 5325 1912 5393 maculat,
1945 5336 1998 5381 et
2037 5344 2185 5397 egre-

2306 5350 2390 5384 τον
2415 5350 2427 5362 ο
2452 5334 2478 5384 ό
2505 5333 2611 5404 γὰρ
2634 5334 2890 5403 λογισμὸς
2916 5336 3010 5405 τῆς
3041 5338 3320 5406 πορνείας,
3351 5338 3552 5392 ἔσωθεν
3578 5359 3636 5393 τε
3666 5345 3887 5413 μένων,

620 5404 771 5458 ciens
826 5404 875 5457 in
901 5419 1032 5473 opus
1062 5407 1310 5459 maculat.

2302 5424 2517 5489 μιαίνει,
2550 5428 2641 5477 καὶ
2666 5426 3018 5497 ἐξερχόμενος
3047 5430 3124 5490 είς
3158 5429 3316 5503 ἔργον
3345 5434 3439 5484 καὶ
3468 5435 3883 5505 πραττόμενος,

2290 5517 2630 5569 κατασπι).οῖ.

694 5593 849 5645 \‘uns.
880 5593 967 5658 21,
1006 5595 1093 5648 2'5.
1134 5615 1148 5646 ι
1187 5599 1250 5650 Et
1278 5599 1551 5667 digressus
1588 5601 1726 5657 illinc
1754 5603 1929 5666 Jesus,
1963 5622 2065 5660 sccl
2089 5610 2183 5662 ssil

2365 5628 2381 5657 ι
2426 5611 2532 5660 Καὶ
2567 5610 2794 5674 ἐξελθὼν
2829 5611 3035 5664 ἐκεῖθεν
3063 5614 3088 5663 ό
3132 5614 3336 5681 Ἰησοῦς
3363 5656 3374 5678 ,
3408 5617 3760 5688 ἀνεχώρησεν
3799 5628 3882 5688 εἷς

622 5685 671 5736 iu
719 5696 896 5750 partes
938 5686 1060 5754 Tyri
1100 5700 1151 5741 et
1179 5689 1391 5744 Sidonis
1425 5710 1435 5744 :
1495 5703 1546 5744 et
1584 5709 1707 5746 ecce
1754 5697 1941 5749 mulier
1974 5698 2181 5751 Chana-

2304 5702 2349 5752 ῑά
2386 5701 2523 5770 μέρη
2553 5704 2728 5772 Τύρου
2759 5705 2847 5754 καὶ
2879 5706 3127 5768 Σιδῶνος·
3158 5709 3249 5758 καὶ
3275 5709 3380 5760 ἰδοῦ
3414 5712 3547 5780 γυνὴ
3583 5713 3885 5771 Χαναναία

620 5793 728 5828 nam
770 5793 887 5844 qua:
921 5795 944 5830 λ
980 5779 1168 5836 linibus
1197 5783 1300 5836 illis
1334 5796 1571 5848 Venerat,
1616 5787 1871 5841 t'lantalia!
1907 5791 1970 5841 all
2007 5791 2176 5856 illum,

2298 5794 2519 5845 ὰπὸ-τῶν
2543 5796 2704 5861 ὁρίων
2735 5797 2958 5850 ἐκείνων
2987 5799 3295 5865 ἐξελθοῦσα,
3323 5806 3665 5873 ἐκραῦγαζεν
3695 5810 3879 5879 αὐτῷν

620 5871 831 5924 tinens:
865 5871 1111 5926 Miserere
1150 5877 1269 5940 inci,
1309 5878 1547 5938 Domine,
1587 5879 1652 5932 lili
1695 5879 1856 5934 Daiid
1887 5900 1898 5934 :
1932 5884 2033 5935 lilia
2063 5899 2174 5938 mea

2296 5889 2534 5955 έγουσα·
2562 5886 2816 5959 Ἐλέησόν
2843 5909 2928 5960 με,
2953 5894 3119 5964 Κύριε
3147 5895 3224 5946 υἱὲ
3246 5897 3422 5950 huic}
3442 5900 3468 5967 ἡ
3494 5900 3741 5969 θυγάτηρ
3767 5923 3877 5974 μου
