4004 6460
873 429 1326 497 ΕΝΑΒΒΑΤΙΟ
1357 429 1438 492 ΙΝ
1469 425 1745 491 EVANG]

1865 426 1984 488 ΗΜ
2034 425 2429 490 ΜΑΤΤΗΕΙ.
2466 450 2537 462 -
2573 426 2736 488 CAP.
2763 427 2886 490 XV.

3339 425 3447 488 310

145 551 334 617 παῦε
363 547 771 622 δαιμονίζεται.
814 547 874 604 '0
902 547 960 602 δι
996 548 1098 603 οὐκ
1147 545 1424 617 ἀπεκρίθη
1469 545 1607 616 αὐτῇ
1657 543 1745 596 λό-

1855 542 1990 596 male
2017 557 2042 595 λ
2076 542 2348 597 daemonio
2376 542 2634 612 agitatur.
2663 541 2755 599 ille
2787 557 2920 600 vero
2952 558 3060 599 non
3089 542 3368 611 respondit
3390 545 3440 600 ei

145 659 261 712 γαν.
307 662 330 697 s
357 641 532 703 τίνος
562 641 753 695 ῑντκιν
777 642 904 706 sub;
938 639 1189 710 μαθητὰς
1227 636 1482 700 κωλύσας
1518 639 1599 699 si;
1627 636 1745 691 όδὺν

150 733 320 788 ἐθνῶν
359 730 667 796 ἀπελθεῖν,
704 731 866 795 αὐτὸς
894 732 976 796 είς
1014 729 1193 801 Τύρον
1241 729 1336 784 καὶ
1371 727 1614 793 Σιδῶνα,
1645 726 1745 791 τάς

144 823 373 888 θθνικάς
402 823 616 889 πόλεις,
648 824 1050 894 παραγίνεταις
1086 821 1240 876 Μάθε
1279 820 1375 875 οὖν
1422 822 1504 874 ὅτι
1540 823 1638 892 οὐχ
1669 816 1745 885 ὡς

148 915 409 990 κηρύξειν
437 911 604 988 ἦλθεν
639 917 777 980 ἐκεῖ,
811 917 935 969 ἐπεὶ
962 915 1038 979 ὡς
1067 916 1095 968 ό
1130 913 1361 990 Μάρκος
1392 916 1552 986 φησὶ,
1581 934 1600 966 ι
1639 915 1739 969 καὶ

141 995 389 1082 ὶκρυψτν
415 1011 633 1066 ἑαυτόν.
678 1028 697 1061 ι
749 1010 957 1074 Ἄλλως
987 1022 1048 1063 τε
1070 1049 1084 1073 ,
1129 1010 1250 1063 ἐπεὶ
1278 1005 1385 1063 εῖδει
1419 1010 1546 1073 τοὺς
1573 1011 1744 1079 Φαριο

151 1104 338 1167 σαίσυς
387 1103 466 1175 μὴ
517 1103 851 1173 δεξαμένους
895 1103 986 1157 τὸν
1033 1106 1163 1174 περὶ
1211 1103 1520 1176 βρωμάτων
1561 1102 1742 1172 λόγον,

151 1193 478 1274 μεταϐαίνει
516 1195 611 1248 ἐπὶ
654 1197 724 1249 τά
766 1196 916 1266 ἔθνη.
975 1195 1230 1266 Ἐλέησον
1281 1196 1339 1250 δὲ
1402 1196 1587 1265 λέγει,
1623 1196 1745 1265 οὐχὶ

148 1291 246 1360 τὴν
281 1288 568 1359 θυγατέρα
610 1306 734 1360 μου·
766 1289 946 1361 ἐκείνη
976 1291 1084 1361 γὰρ
1123 1291 1464 1362 ἀναισθητεῖ,
1497 1289 1616 1345 ἀλλ’
1644 1291 1746 1362 ἐμὲ

150 1380 244 1451 τὴν
294 1382 366 1434 τά
401 1380 555 1435 δεινά
606 1380 921 1451 πάσχουσαν
952 1383 1048 1436 καὶ
1077 1383 1500 1454 αίσθανομένην.
1536 1384 1648 1438 Καὶ
1682 1385 1743 1438 ού

147 1471 321 1539 λέγει,
345 1472 524 1537 Ἐλθδ,
555 1473 650 1526 καὶ
672 1472 842 1540 ίασαι,
867 1474 981 1528 ἀλλ’
1010 1475 1289 1544 Ἐλέησον.
1311 1477 1368 1528 ‘0
1386 1475 1442 1528 δὲ
1469 1475 1570 1529 οὐκ
1603 1478 1744 1530 ἀπο-

149 1565 403 1634 κρίνεται
437 1566 578 1636 αὐτῇ
611 1565 771 1633 λόγον
793 1605 808 1627 ,
834 1567 931 1635 οὐχ
962 1565 1038 1629 ὡς
1065 1565 1429 1637 καταφρονῶν
1447 1605 1463 1632 ,
1512 1567 1629 1620 ἀλλ’
1659 1567 1746 1622 ῐνα

144 1655 323 1729 δείξῃ,
354 1657 442 1710 ὅτι
480 1656 571 1710 διά
599 1657 728 1721 τοὺς
787 1657 1074 1720 Ἰουδαίους
1102 1654 1235 1728 ἦλθε
1277 1658 1708 1729 προηγουμένως
1728 1675 1742 1690 ο

149 1748 241 1798 καὶ
283 1745 546 1817 ἐμφράξῃ
591 1748 690 1808 τὰς
729 1748 1098 1816 συκοφαντίας
1140 1749 1344 1811 αὐτῶν,
1383 1749 1458 1821 μὴ
1509 1752 1746 1822 ἑχόντων

149 1835 380 1906 ὕστερον
413 1836 632 1904 λέγειν,
678 1840 762 1891 ὅτι
797 1841 924 1902 τοὺς
972 1840 1225 1904 ίθνικοὺς
1277 1843 1589 1911 εὐεργετεῐο
1624 1845 1743 1914 ἀμα

147 1926 224 1989 δὲ,
257 1926 350 1979 ἴνα
389 1927 488 1978 καὶ
516 1926 618 1996 τὴν
646 1927 908 1998 ἐπίμονον
946 1929 1131 1984 πίστιν
1176 1932 1277 2000 τῆς
1319 1935 1578 2001 γυναικὸς
1618 1937 1744 1989 ἐπι-

145 2018 319 2091 δείξῃ.

221 2130 242 2163 ι
288 2112 407 2165 Καὶ
446 2112 843 2184 προσελθόντες
891 2116 942 2169 oi
992 2117 1236 2190 μαθηταὶ
1284 2119 1450 2174 αὐτοῦ
1473 2161 1488 2185 ,
1517 2122 1746 2193 ἠρώτων

149 2203 338 2270 αὐτὸν,
360 2204 639 2272 λέγοντεςο
659 2207 956 2264 ’Λπόλυσον
984 2211 1175 2282 αὐτὴν,
1192 2213 1273 2266 ὅτι
1293 2213 1488 2284 κράζει
1519 2216 1747 2270 όπισθεν

151 2297 332 2368 ἡμῶν.
367 2297 430 2351 '0
455 2298 535 2363 δὲ,
560 2299 886 2372 ἀποκριθεὶς
908 2300 1082 2357 εἶπεν·
1111 2307 1226 2360 Οὐκ
1251 2307 1569 2378 ἀπεστάλην
1593 2312 1639 2362 εί
1670 2311 1746 2382 μὴ

149 2391 228 2454 είς
258 2390 333 2443 τά
369 2389 630 2462 πρόϐατα
673 2392 740 2446 τά
774 2394 1096 2451 ἀπολωλότα
1126 2398 1279 2451 οίκου
1323 2400 1561 2472 Ἰσραήλ.
1623 2423 1640 2454 ι
1685 2404 1748 2456 Ol.

150 2482 401 2552 μαθηταὶ
452 2483 820 2554 βαρυνθέντες
877 2490 941 2557 τῇ
1002 2493 1222 2560 κραυγῇ
1281 2493 1384 2561 τῆς
1449 2493 1745 2560 γυναικὸς,

145 2574 416 2646 ἠρώτων,
450 2576 538 2630 ινα
572 2576 822 2652 ἀπολύσῃ
853 2580 1026 2652 αὐτὴν
1046 2621 1060 2643 ,
1089 2583 1365 2647 τουτέστι,
1397 2585 1748 2654 παρεκάλουν

145 2667 595 2739 ἀποπέμψασθαι
635 2671 829 2741 αὐτήν.
889 2672 1063 2726 Τοῦτο
1106 2674 1163 2727 δὲ
1225 2675 1467 2740 ἐποίουν,
1515 2676 1613 2746 οὐχ
1673 2677 1749 2740 ὡς

145 2756 532 2830 ἀσπλαγχνοι,
571 2761 708 2817 ἀλλά
741 2763 944 2832 μᾶλλον
979 2764 1230 2829 θέλοντες
1264 2769 1451 2820 πείσαι
1492 2767 1586 2820 τὸν
1630 2769 1749 2821 K6-

150 2866 268 2917 ριον
296 2851 426 2921 ιλτῆ
439 2869 528 2905 σαι
555 2854 750 2925 αὑτήν.
777 2856 842 2907 ’Θ
863 2856 942 2908 δέ’
973 2857 1089 2909 Ούκ
1119 2858 1458 2928 ἀπεστάλην,
1483 2858 1669 2930 φησὶν,
1700 2862 1760 2914 si.

149 2941 225 3009 μὴ
255 2946 343 3006 είς
372 2944 508 3007 τοὺς
537 2946 854 3010 Ἰουδαίους,
894 2949 944 3001 oi
987 2949 1308 3005 ἀπολωλότα
1335 2952 1440 3005 εἰσὶ
1473 2953 1746 3022 πρόϐατα,

146 3034 254 3087 ἀπὸ
284 3036 493 3098 κακίας
535 3036 646 3091 τῶν
676 3039 1154 3108 ίμπιστευθέντων
1191 3043 1349 3096 αὐτά.
1384 3043 1486 3097 Διά
1528 3044 1587 3096 δὲ
1620 3047 1714 3098 τού

147 3143 256 3182 τηαν
290 3126 621 3198 δημοσιεύει
655 3132 754 3202 τὴν
793 3132 976 3187 πίστιν
1012 3136 1112 3205 τῆς
1144 3137 1406 3202 γυναικὸς
1438 3137 1533 3190 ἐπὶ
1564 3139 1745 3195 πλέον.

1852 635 2094 691 verbum.
2139 654 2156 688 ι
2193 635 2377 701 Quare
2419 634 2716 705 discipulos
2757 636 3036 706 prohibuit
3085 635 3166 691 ire
3214 635 3269 689 in
3305 633 3446 688 viam

1846 729 2112 799 gentium,
2154 729 2266 799 ipse
2298 735 2478 782 autem
2510 728 2564 780 in
2597 726 2799 798 Tyrum
2848 737 2905 782 et
2947 727 3231 792 Sidonein,
3264 727 3445 797 genti-

1847 817 1977 872 lium
2013 819 2286 881 civitates,
2314 816 2453 871 ivit?
2477 817 2634 872 Disce
2665 817 2832 886 igitur
2854 817 3001 889 quod
3027 833 3132 871 non
3166 828 3224 872 ut
3249 815 3449 888 pra-di-

1849 919 2067 966 caturus
2094 911 2189 965 ivit
2218 909 2367 977 illnc,
2401 910 2530 979 quia
2559 909 2642 980 (ιιι
2661 909 2874 966 Marcus
2899 909 3053 976 dicit)
3077 927 3096 962 ι
3123 918 3178 965 et
3206 909 3448 965 occulta-

1849 1004 1924 1058 vit
1956 1018 2036 1058 se.
2073 1021 2090 1055 ι
2119 1002 2214 1059 Vel
2253 1001 2414 1057 aliter
2436 1002 2518 1058 sic
2548 1020 2562 1056 :
2597 1001 2725 1072 quia
2759 1002 2896 1058 vidit
2949 1002 3255 1057 Pbarisaaos
3305 1001 3449 1056 nolle

1848 1096 2123 1166 suscipere
2152 1106 2466 1151 sermonem
2485 1092 2553 1149 de
2575 1095 2690 1167 80
2707 1096 2871 1160 cibis,
2910 1095 3106 1150 transit
3129 1096 3196 1150 ad
3223 1104 3440 1165 gentes.

1849 1188 2108 1244 Miserere
2152 1199 2358 1251 autem,
2409 1187 2542 1242 dicit
2594 1202 2700 1241 non
2769 1189 2891 1242 illize
2949 1199 3103 1249 mete,
3163 1188 3249 1241 illa
3299 1187 3445 1242 enim

1847 1295 2010 1336 sensu
2071 1289 2245 1345 caret,
2289 1279 2384 1334 sed
2422 1281 2551 1344 mei,
2594 1295 2716 1350 qua:
2769 1288 2879 1333 tam
2947 1280 3130 1348 gravia
3193 1280 3371 1348 patior
3394 1287 3451 1334 et

1848 1372 2042 1427 sentio.
2083 1370 2193 1426 Nec
2216 1370 2374 1436 dicit,
2410 1369 2570 1435 Veni,
2623 1379 2683 1426 et
2705 1385 2861 1438 sana,
2897 1372 3017 1436 sed,
3058 1370 3342 1426 Miserere.
3385 1371 3452 1424 Δι

1850 1465 1938 1520 ille
1971 1482 2078 1520 non
2112 1465 2395 1537 respondit
2421 1465 2471 1520 ei
2512 1466 2757 1532 verbum,
2791 1481 2898 1520 non
2932 1466 3074 1534 quod
3105 1472 3443 1525 contemnat,

1847 1557 1940 1612 sed
1966 1566 2024 1612 ut
2058 1560 2310 1614 ostendat
2340 1559 2486 1628 quod
2537 1567 2762 1628 propter
2793 1556 3010 1614 Judaeos
3064 1559 3321 1628 inprimis
3356 1573 3447 1612 ve-

1849 1651 1988 1705 nerit
2016 1667 2029 1704 :
2059 1660 2116 1706 et
2149 1659 2209 1706 ut
2233 1651 2484 1706 occiudat
2520 1649 2824 1705 calumnias
2880 1663 3097 1713 eorum,
3141 1665 3210 1704 ne
3232 1650 3444 1719 possint

1848 1747 2032 1812 postea
2066 1742 2249 1798 dicere
2278 1743 2424 1813 quod
2458 1740 2754 1813 gentilibus
2772 1740 3128 1806 bonel'ecerit,
3148 1741 3281 1811 ipsis
3310 1756 3444 1796 con-

1851 1835 2105 1904 temptis;
2143 1836 2208 1889 ad
2241 1835 2377 1896 inec,
2423 1842 2482 1888 ut
2509 1835 2673 1890 etiam
2705 1835 2920 1890 firmam
2974 1833 3222 1890 mulieris
3280 1833 3443 1888 ﬂdein

1850 1928 2194 1984 manifestam
2223 1927 2434 1984 re‘ddat.

1928 2114 2092 2177 Vens,
2123 2113 2316 2182 23,?4.
2351 2133 2369 2166 ι
2409 2113 2474 2169 Ει
2506 2115 2831 2170 accedentes
2866 2113 3115 2185 discipuli
3145 2114 3262 2183 ejus
3295 2128 3454 2186 roga-

1851 2205 2176 2272 bantillum,
2216 2207 2523 2262 dicentes:
2578 2205 2781 2263 Omitte
2841 2207 3011 2274 illam,
3071 2223 3197 2261 nam
3255 2207 3456 2262 clamat

1853 2307 1974 2367 post
1994 2313 2117 2354 nos.
2152 2298 2223 2353 At
2251 2297 2340 2354 ille
2371 2301 2710 2369 respondens
2747 2299 2917 2354 dixit:
2962 2299 3076 2354 Non
3104 2315 3223 2355 sum
3253 2301 3454 2355 missus

1854 2390 1956 2445 nisi
1986 2391 2052 2445 ad
2087 2407 2218 2448 oves
2245 2407 2368 2462 quae
2391 2393 2670 2461 perierunt
2694 2395 2890 2450 domus
2912 2394 3100 2451 israel.
3138 2414 3156 2447 ι
3196 2395 3454 2464 Discipuli

1853 2484 2123 2554 gravatim
2176 2484 2417 2541 ferentes
2473 2486 2770 2541 clamorem
2835 2487 3103 2554 mulieris,
3137 2491 3449 2558 rogabant:

1853 2577 2078 2634 Dimitte
2100 2594 2247 2643 eam,
2274 2581 2378 2635 hoc
2405 2590 2508 2644 est,
2562 2581 2931 2638 obsecrabant
2967 2591 3026 2636 ut
3077 2583 3358 2653 ablegaret
3393 2581 3456 2636 il-

1853 2668 1958 2722 lam
1997 2685 2025 2724 a
2072 2687 2152 2726 se.
2197 2669 2310 2726 Hoc
2352 2683 2532 2727 autent
2565 2672 2850 2730 faciebant
2885 2690 2990 2729 non
3061 2684 3316 2742 tanquam
3350 2674 3454 2728 im-

1852 2763 2260 2828 misericordes,
2293 2766 2386 2821 sed
2425 2766 2598 2837 magis
2628 2766 2876 2823 volentes
2905 2771 3240 2838 persuadere
3275 2768 3456 2824 Domi-

1854 2872 1929 2912 no
1959 2865 2019 2911 ut
2049 2858 2402 2913 misereretur
2435 2860 2505 2914 ei.
2541 2860 2608 2913 At
2640 2859 2728 2915 ille
2759 2861 2935 2930 inquit
2970 2879 2981 2916 :
3019 2860 3136 2916 Non
3171 2877 3293 2918 sum
3324 2862 3456 2916 mis-

1833 2964 1947 3017 sus
1968 2951 2071 3004 nisi
2105 2951 2170 3004 ad
2211 2949 2452 3017 Judaeos,
2487 2953 2579 3023 qui
2634 2962 2763 3008 sunt
2796 2969 2927 3010 oves
2970 2957 3196 3024 perdita:
3221 2970 3319 3024 per
3350 2971 3452 3011 eo-

1855 3055 1976 3094 rum
2012 3040 2300 3107 malitiam,
2343 3045 2540 3111 quibus
2578 3041 2798 3098 i'uerant
2829 3044 3187 3100 concreditae.
3217 3043 3323 3100 Per
3357 3048 3458 3102 hoc

1857 3142 2036 3212 autem
2066 3135 2298 3200 amplius
2320 3134 2538 3204 evulgat
2568 3137 2728 3192 Iidem
2754 3136 3019 3192 mulieris.

221 3239 243 3270 ι
297 3221 369 3275 Ἦ
415 3221 498 3288 δὲ,
536 3222 771 3277 ἐλθοῦσα
809 3227 1223 3298 προσεκύνησεν
1257 3229 1436 3300 αὐτῷ,
1473 3230 1706 3298 λέγουσα
1730 3271 1744 3294 ,

1934 3224 2094 3282 Vens.
2123 3227 2218 3294 9.5,
2245 3227 2335 3282 27.
2371 3240 2390 3278 ι
2430 3227 2521 3283 Illa
2574 3244 2701 3285 vero
2733 3230 2882 3285 venit
2915 3238 2969 3284 et
3027 3230 3279 3285 adoravit
3305 3230 3455 3284 illum

152 3311 356 3384 Κύριε,
388 3305 580 3387 βοήθει
602 3333 715 3387 μοι.
759 3317 818 3370 ’θ
841 3318 916 3383 δὲ,
945 3320 1266 3390 ἀποκριθεὶς
1290 3319 1466 3375 εἶπεν·
1491 3323 1605 3376 Οὐκ
1627 3323 1742 3376 ἔστι

149 3403 317 3459 καλὸν
353 3404 544 3460 λαϐεῖν
573 3404 664 3462 τὸν
689 3409 856 3480 άρτον
886 3410 996 3463 τῶν
1029 3413 1258 3476 τέκνων,
1297 3415 1392 3468 καὶ
1421 3414 1604 3486 βαλεῖν
1627 3417 1744 3479 τοῖς

147 3495 460 3567 κυναρίοις.
497 3496 561 3550 Ἥ
587 3497 643 3550 δὶ
670 3493 814 3552 εῐπε’
845 3499 972 3565 Ναὶ,
1000 3502 1197 3572 Κύριε·
1222 3505 1318 3557 καὶ
1347 3506 1458 3576 γὰρ
1484 3506 1551 3560 τά
1581 3506 1746 3559 κυνά-

149 3606 241 3658 ρια
276 3587 460 3641 ἐσθίει
496 3589 604 3642 ἀπὸ
631 3590 741 3644 τῶν
781 3592 979 3662 ψιχίων
1018 3595 1128 3650 τῶν
1160 3597 1474 3652 πιπτόντων
1505 3601 1614 3655 ἀπὸ
1647 3606 1746 3673 τῆς

147 3679 438 3750 τραπέζης
480 3681 590 3733 τῶν
630 3683 836 3753 κυρίων
867 3685 1066 3740 αὐτῶν.
1100 3705 1120 3739 ι
1176 3687 1329 3742 Ἐπεὶ
1359 3673 1500 3743 εἶδέν
1533 3694 1564 3761 ὴ
1610 3695 1748 3766 γυνὴ

146 3772 273 3834 τοὺς
301 3773 648 3843 συνηγόρους
675 3775 848 3844 αὐτῆς
905 3778 1029 3840 τοὺς
1057 3779 1413 3847 ἀποστόλους,
1447 3783 1749 3856 ἀποτυχόν-

148 3879 268 3927 τας,
321 3861 493 3915 πάλιν
525 3864 778 3932 πρόσεισι
813 3865 1054 3938 θερμῶς,
1090 3870 1186 3922 καὶ
1219 3871 1425 3942 Κύριον
1457 3877 1745 3933 ἀποκαλεῖ.

161 3956 323 4010 Ἐπεὶ
347 3955 407 4008 δὲ
436 3957 466 4006 ό
488 3955 724 4025 Χριστὸς
752 3957 892 4010 κύνα
913 3959 1083 4026 αὐτὴν
1105 3963 1396 4029 ἀποκαλεῖ,
1427 3967 1514 4020 διὰ
1541 3969 1600 4021 τὸ
1621 3970 1748 4033 τοὺς

148 4046 406 4110 ἑθνικηὺς
423 4047 739 4116 ἀκάθαρτον
759 4048 871 4118 βίον
895 4048 1039 4120 ἔχειν
1066 4055 1300 4125 καὶπερὶ
1325 4055 1394 4110 τά
1414 4059 1625 4128 αἵματα
1640 4062 1748 4115 τῶν

148 4139 529 4193 εἰδωλοθύτων
546 4140 1007 4212 ἀναστρέφεσθαι,
1023 4145 1189 4198 τέκνα
1206 4145 1264 4199 δὲ
1279 4150 1406 4210 τοὺς
1438 4149 1746 4220 Ἰουδαίους,

149 4235 346 4301 ἐκείνη
406 4232 652 4295 συνετῶς
711 4234 1069 4304 ἀποκρίνεται
1101 4239 1198 4290 καὶ
1239 4239 1382 4309 μάλα
1431 4243 1631 4310 σοφῶς,
1666 4246 1747 4298 ὅτι

151 4327 206 4378 ει
239 4328 342 4378 καὶ
377 4324 530 4378 κύων
560 4326 676 4395 είμὶ
708 4327 800 4378 καὶ
832 4328 932 4380 οὑκ
971 4327 1100 4391 ἀξία
1127 4328 1291 4397 ἄρτον
1332 4331 1520 4384 λαϐεῖν
1547 4375 1560 4394 ,
1593 4352 1748 4387 τουτ-

149 4419 286 4482 έστι,
345 4415 584 4487 δύναμιν
626 4434 747 4472 τινα
778 4421 868 4470 καὶ
889 4421 1031 4488 μέγα
1059 4426 1308 4490 σημεῖον·
1334 4423 1448 4477 ἀλλ’
1472 4422 1565 4479 οὖν
1591 4427 1750 4480 τοῦτο

149 4512 202 4563 th
240 4511 455 4581 μικρὸν
494 4509 594 4579 μὲν
637 4512 710 4572 ὡς
765 4513 902 4581 πρὸς
936 4515 1036 4582 τὴν
1068 4513 1167 4583 σὴν
1216 4514 1480 4585 δύναμιν,
1516 4520 1642 4588 ἐμοὶ
1691 4521 1746 4572 δὲ

153 4605 316 4669 μέγα,
354 4602 468 4664 δός·
501 4602 691 4671 ὥσπερ
719 4605 812 4656 καὶ
841 4603 937 4665 τὰς
962 4603 1151 4674 ψίχας,
1186 4607 1235 4658 οἱ
1269 4607 1369 4674 μὲν
1395 4610 1519 4672 τοὺς
1545 4587 1742 4680 ἄρτους
1782 4587 1822 4640 D

149 4692 431 4752 ἐσθίοντες
473 4691 532 4742 οὺ
569 4690 710 4760 μέγα
737 4708 790 4744 τι
822 4692 1058 4763 ἔχουσιν,
1097 4696 1144 4747 oi
1172 4695 1228 4747 δὲ
1267 4697 1425 4760 κύνες
1455 4700 1618 4768 μέγα,
1651 4703 1745 4752 καὶ

148 4787 208 4836 ἐκ
246 4784 469 4836 τούτων
509 4783 819 4854 τρέφονται.

217 4893 237 4926 ι
271 4874 413 4927 Τότε
441 4875 768 4944 ἀποκριθεὶς
797 4879 823 4930 ό
857 4878 1082 4949 Ἰησοῦς,
1112 4873 1264 4934 εἶπεν
1291 4882 1450 4952 αὐτῇ·
1477 4879 1545 4936 Ὦ
1565 4885 1746 4952 γύναι,

151 4967 368 5035 μεγάλη
399 4985 498 5019 σου
535 4968 568 5036 ἠ
609 4968 823 5032 πίστις,
857 4971 1141 5039 γενηθήτω
1185 4991 1265 5025 σοι
1297 4975 1371 5036 ὼς
1404 4976 1576 5036 θέλεις
1603 4993 1612 5004 ’
1656 4977 1748 5029 καὶ

151 5061 268 5132 ἰάθη
297 5063 334 5130 ὴ
365 5061 623 5130 θυγάτηρ
654 5062 825 5131 αὐτῆς
855 5064 960 5116 ἀπὸ
981 5068 1080 5133 τῆς
1107 5065 1255 5132 ὥρας
1279 5068 1514 5136 ἐκείνης.
1555 5068 1746 5135 Ἐφαν-

150 5155 320 5220 έρωσε
378 5153 477 5205 νῦν
518 5154 547 5204 ὁ
596 5152 800 5222 Ἰησοῦς
846 5158 943 5224 τὴν
975 5158 1156 5210 αἰτίαν
1189 5159 1255 5210 δι’
1303 5160 1368 5228 ἢν
1424 5161 1747 5214 ἀνεϐάλλετο

151 5248 241 5315 τὴν
282 5246 595 5315 Θεραπείαν
626 5245 687 5309 ἐξ
727 5248 899 5318 ἀρχῆς
928 5267 939 5278 ·
976 5251 1064 5302 ἵνα
1114 5251 1223 5320 γὰρ
1268 5254 1300 5320 ἡ
1342 5254 1524 5314 πίστις
1578 5256 1672 5306 καὶ
1714 5257 1744 5323 ἡ

152 5338 367 5401 σύνεσις
404 5338 509 5406 τῆς
544 5340 805 5405 γυναικὸς
836 5342 1108 5413 ἀναφανῇ,
1142 5343 1230 5396 διὰ
1268 5344 1428 5397 τοῦτο
1455 5345 1554 5398 οὑκ
1583 5347 1744 5409 εὐθὺς

152 5430 207 5494 ἐξ
235 5432 414 5502 ἀρχῆς
444 5431 778 5485 κατένευσεν
810 5435 838 5484 ό
877 5435 1110 5503 Χριστὸς
1135 5476 1148 5496 ,
1184 5436 1320 5490 ἀλλά
1362 5443 1457 5490 καὶ
1491 5440 1746 5507 ἀποπέμ-

157 5537 311 5574 πεται
348 5522 576 5591 μᾶλλον.
605 5523 718 5574 Νῦν
745 5524 800 5575 δὲ
832 5527 954 5577 ἐπεὶ
981 5528 1320 5597 ἐξεκαλύφθη
1354 5533 1384 5599 ἡ
1414 5531 1598 5594 πίστις
1632 5535 1744 5603 (2‘2)

153 5615 343 5683 αὐτῆς,
412 5618 761 5678 ἐπαινεῖται,
823 5620 1124 5672 ἀκούουσα·
1193 5642 1207 5670 ι

1849 3321 2072 3377 dicens':
2106 3321 2352 3383 Domine,
2379 3336 2636 3377 succurre
2658 3324 2814 3378 mibi.
2844 3327 2913 3378 At
2937 3324 3026 3378 ille
3060 3325 3360 3394 respondit,
3396 3340 3458 3380 ac

1850 3413 2020 3469 dixit:
2051 3415 2166 3469 Non
2197 3423 2296 3476 est
2310 3414 2509 3469 bonum
2533 3418 2749 3471 sumere
2777 3418 3256 3486 panem‘iilioriun,
3287 3428 3340 3475 et
3367 3419 3457 3474 ub-

1847 3506 2017 3576 ]icere
2073 3507 2302 3561 catellis.
2329 3489 2467 3563 “fila.
2493 3517 2676 3562 autem
2715 3509 2851 3563 dixit
2891 3527 2904 3563 :
2940 3511 3141 3576 Etiam,
3201 3511 3452 3568 Domine.

1853 3597 2062 3652 Etenim
2095 3598 2271 3652 catelli
2297 3600 2594 3654 comedunt
2633 3601 2700 3656 de
2747 3603 2902 3656 micis
2959 3619 3083 3674 quae
3136 3606 3338 3659 cadunt
3387 3607 3455 3660 de

1853 3706 2036 3746 mensa
2072 3691 2419 3746 dominorum
2458 3708 2701 3748 suorum.
2748 3713 2765 3746 ι
2832 3695 3296 3764 Ροεισιιιιιιηινίιίίι
3327 3714 3451 3752 mu-

1855 3786 1954 3841 lier
1983 3796 2244 3856 patronos
2302 3804 2429 3844 suos
2478 3790 2751 3859 repulsam
2795 3808 3008 3861 passos,
3039 3794 3234 3849 iterum
3265 3795 3452 3849 Domi-

1854 3892 1983 3933 num
2039 3878 2315 3934 ferventer
2367 3881 2596 3945 accedit,
2633 3889 2686 3935 et
2745 3883 2966 3938 invocat
3016 3891 3074 3940 ut
3137 3885 3451 3941 Dominum.

1853 3970 1991 4033 Quia
2027 3979 2205 4024 autem
2281 3969 2797 4028 Christus'canem
2866 3975 3009 4027 illam
3089 3976 3334 4042 dixerat,
3389 3993 3455 4032 eo

1853 4060 1998 4127 quod
2031 4061 2262 4130 gentiles
2292 4062 2560 4131 impuram
2607 4075 2833 4135 agerent
2875 4069 3062 4144 vitam,
3131 4078 3185 4122 et
3238 4072 3289 4124 in
3331 4088 3454 4126 san-

1854 4153 2015 4220 guine
2042 4151 2200 4206 idolis
2241 4153 2644 4208 immolatarum
2698 4168 3074 4222 versarentur,
3143 4160 3282 4215 {ilius
3324 4178 3453 4216 vero

1853 4243 2118 4299 Judaaos:
2179 4243 2268 4299 illa
2319 4245 2472 4300 valde
2509 4247 2782 4315 sapienter
2809 4258 2866 4302 et
2923 4265 3120 4319 magno
3182 4253 3453 4308 intellectu

1857 4337 2137 4404 respondit
2171 4337 2475 4403 :Quamvis
2506 4348 2557 4391 et
2611 4340 2763 4393 canis
2811 4341 2935 4405 sim,
2969 4351 3026 4395 et
3087 4343 3306 4405 indigna
3334 4360 3455 4413 qum.

1859 4444 2049 4497 panem
2076 4431 2366 4500 accipiam,
2399 4433 2499 4487 hoc
2530 4443 2636 4498 est,
2668 4433 2946 4497 virtutem,
2990 4446 3041 4490 et
3068 4437 3278 4504 signum
3335 4456 3454 4491 ma-

1861 4535 2069 4587 gnum:
2116 4521 2211 4576 sed
2245 4521 2348 4574 hoc
2375 4538 2596 4590 parvum
2650 4527 2817 4593 quid,
2861 4536 3121 4595 quantum
3178 4530 3244 4583 ad
3287 4533 3454 4582 virtu—

1854 4621 1960 4665 tem
2001 4623 2143 4668 tuam
2180 4615 2400 4679 attinet,
2448 4617 2578 4670 milii
2618 4628 2799 4674 autem
2849 4637 3103 4691 magnum
3149 4621 3332 4684 fuerit,
3362 4625 3450 4684 da.

1852 4705 1993 4758 sicut
2021 4715 2073 4759 et
2105 4707 2195 4774 qui
2225 4723 2397 4776 panes
2426 4712 2742 4774 comedunt,
2779 4728 2882 4766 non
2945 4716 3123 4784 magni
3159 4715 3369 4770 faciunt
3407 4719 3449 4771 si

1854 4798 2024 4850 miras
2061 4798 2189 4852 dent
2224 4819 2235 4852 :
2276 4816 2442 4853 canes
2465 4810 2643 4856 autem
2677 4805 2816 4860 bene
2839 4821 2902 4862 ex
2935 4808 3034 4879 his}
3061 4821 3376 4875 pascuntur.

1934 4889 2092 4943 Vens.
2119 4892 2210 4946 28.
2253 4912 2268 4944 t
2308 4893 2462 4948 Tunc
2515 4899 2852 4962 respondens
2889 4898 3048 4954 Jesus
3080 4903 3216 4954 dixit
3255 4903 3325 4954 illi
3365 4921 3375 4956 :
3409 4904 3452 4958 0

1860 4983 2074 5046 mulier,
2110 5000 2299 5053 magna
2327 4996 2410 5039 est
2464 4988 2596 5039 lides
2625 4998 2736 5052 tua,
2792 4992 2883 5043 ﬁat
2913 4993 3004 5044 lilii
3040 4994 3183 5047 sicut
3248 4997 3347 5049 vis.
3388 4999 3452 5050 Et

1856 5083 2042 5126 sanata
2085 5086 2167 5128 est
2205 5077 2310 5129 ﬁlia
2345 5078 2460 5144 eius
2490 5095 2550 5132 ex
2581 5081 2665 5133 illa
2701 5081 2854 5135 liora.
2895 5102 2911 5132 ι
2958 5084 3104 5138 Nunc
3144 5087 3454 5142 manifestat

1855 5164 2010 5220 Jesus
2038 5183 2258 5221 causam
2312 5182 2533 5239 propter
2575 5189 2738 5242 quam
2794 5180 3135 5232 sanationem
3188 5185 3254 5233 ab
3289 5183 3445 5237 initio

1857 5259 2153 5321 distulerit,
2191 5278 2380 5330 nempe
2419 5275 2476 5316 ut
2510 5265 2639 5317 lides
2670 5276 2722 5316 et
2754 5270 3038 5334 prndrntia
3071 5272 3316 5327 mulieris
3341 5275 3447 5328 cla-

1861 5361 2056 5406 t'eseat.
2103 5356 2391 5420 Propterea
2421 5375 2524 5410 non
2554 5361 2736 5411 statim
2764 5360 2827 5410 ab
2863 5361 3015 5415 initio
3043 5365 3241 5418 annuit
3293 5367 3422 5420 Chii

1856 5459 1994 5507 ειυς,
2033 5448 2124 5499 sed
2161 5451 2333 5518 magis
2368 5450 2510 5503 illam
2548 5467 2574 5502 a
2609 5468 2665 5505 se
2706 5457 3056 5509 amandavit:
3097 5475 3240 5510 nunc
3269 5470 3447 5511 autem

1853 5543 2291 5606 quandoiluidem
2357 5546 2471 5610 ejus
2519 5545 2650 5598 lides
2709 5547 3050 5600 manili-stata
3103 5560 3205 5613 est,
3272 5552 3445 5605 laudnt

1271 5623 1497 5692 Μεγάλη
1560 5643 1650 5676 σου
1713 5631 1742 5697 ἡ

1855 5647 2001 5683 ram:
2050 5651 2065 5679 t
2094 5632 2282 5704 Magna
2309 5646 2390 5689 est
2425 5637 2556 5691 lides
2584 5647 2689 5691 illa.
2724 5659 2736 5687 ι
2771 5639 2880 5695 lloe
2914 5651 3096 5696 autem
3122 5645 3261 5710 quod
3290 5644 3442 5703 dicit,

1107 5761 1184 5815 1⁴Ϊῑ
1226 5761 1570 5823 i‘nllitllmit'
1614 5769 1795 5824 i‘vi'lil.
1850 5772 2069 5829 Venet.
2117 5774 2176 5828 Ξ.
2222 5775 2437 5833 ΜάΙί,“ί.

187 5826 291 5877 ("327‘
331 5832 431 5884 Καὶ
475 5836 500 5897 ἡ
543 5835 758 5899 ’ὠνίοις
793 5841 913 5892 .ι.1ι1.
955 5845 1108 5897 mild.
1144 5847 1230 5901 ‘29.
