4004 6412
612 433 714 502 311
1530 435 2118 498 THEOPHYLACTI
2161 437 2567 499 BULGARIE
2609 435 2968 503 ARCHIEP.

3749 436 3869 505 312

618 549 739 605 Fiat
781 547 875 603 tibi
937 549 1073 604 sicut
1122 547 1223 612 vis,
1277 547 1512 604 ostendit
1556 548 1698 616 quod
1732 548 1833 602 nisi
1881 549 2040 603 ﬁdem
2089 550 2166 601 lia-

2287 550 2489 614 πίστις·
2531 569 2548 602 ι
2578 552 2640 605 τὸ
2660 552 2737 618 δὲ,
2760 553 3052 624 Γενηθήτω
3068 569 3149 605 σοι
3181 552 3256 617 ὡς
3286 543 3482 620 om“,
3503 551 3693 616 αἰπὺν,
3722 553 3870 607 εδει-

614 642 836 706 bnisset,
869 639 996 694 nihil
1031 639 1227 694 fuisset
1274 648 1542 694 assecuta.
1592 639 1774 709 Atque
1802 641 1876 694 ita
1926 641 1973 695 si
2000 639 2166 695 volue-

2283 641 2372 704 ξεν
2404 643 2486 694 ὅτι
2517 643 2614 695 ὲὰν
2665 643 2743 714 μὴ
2780 645 2971 697 πίστιν
3011 638 3179 714 εἶχεν,
3204 644 3306 697 οὐκ
3346 643 3412 697 ἂν
3447 644 3604 712 ἔτυχε
3637 645 3734 713 τῆς
3777 645 3874 698 ai-

616 733 786 788 rimus
812 740 864 786 et
895 745 1011 793 nos,
1050 729 1180 784 nihil
1210 739 1352 784 vetat
1380 740 1433 784 et
1465 746 1563 786 nos
1591 731 1807 801 assequi
1846 745 1968 799 quae
2001 731 2166 784 volue-

2281 733 2516 800 τήσεωςο
2547 733 2689 787 ὥστε
2725 733 2826 786 δᾶν
2855 733 3098 803 θέλωμεν
3134 735 3230 787 καὶ
3263 735 3446 802 ἡμεῖς,
3481 734 3631 787 οὐδὲν
3655 734 3717 786 τὸ
3752 751 3841 786 κω
3861 766 3872 772 -

616 811 1070 877 τὶιιιιισζοὺεετνιι
1102 831 1278 874 autem
1323 823 1464 890 quod
1496 821 1620 877 licet
1667 822 1838 876 sancti
1887 831 2046 876 orent
2086 837 2166 892 ρι’(

2281 823 2406 875 λύον
2435 825 2620 892 τυχεῖν
2648 818 2725 878 ὧν
2753 825 2998 896 θέλομεν.
3028 823 3344 895 Σημείωσαι
3378 825 3434 878 δὲ
3465 825 3545 878 δτι
3577 825 3868 891 κὶν·ᾇγιοι

616 913 790 978 nobis,
825 913 963 966 si‘cut
996 927 1089 981 pro
1132 912 1218 965 illa
1264 913 1513 980 apostoli,
1545 920 1778 966 attamen
1813 927 1913 968 nos
1942 928 2040 982 pro
2084 928 2166 967 not

2281 911 2505 964 αἰτῶσιν
2538 911 2676 982 ὑπὲρ
2705 913 2881 982 ἡμῶν,
2909 913 3098 982 ὥσπερ
3135 913 3275 983 ὑπὲρ
3300 913 3515 982 ἐκείνης
3548 915 3596 967 οί
3625 915 3869 967 ἀπόστο-

612 1004 694 1061 bis
729 1003 857 1073 ipsis
891 1013 1135 1070 petentes
1166 1005 1333 1072 magis
1382 1004 1650 1058 audimur.
1703 1001 1797 1057 Est
1823 1012 2004 1057 autem
2039 1003 2166 1057 Cha-

2281 1003 2384 1066 λοι,
2431 1004 2549 1057 ἀλλ’
2581 1004 2674 1058 οὖν
2718 1006 2874 1074 ἡμεῖς
2914 1006 3054 1076 ὑπὲρ
3097 1004 3308 1057 ἑαυτῶν
3344 1003 3640 1067 αἰτοῦντες,
3697 1004 3871 1057 πλέον

611 1110 792 1148 uana-a
854 1095 1152 1166 symbolum
1216 1095 1467 1150 Ecclesiae
1527 1109 1557 1150 e
1601 1097 1854 1166 gentibus
1914 1096 2166 1150 collectam

2281 1095 2536 1164 ἀνύομεν.
2569 1096 2845 1166 Σύμϐολον
2877 1097 2989 1167 δὲή
3025 1096 3307 1150 Χαναναία
3353 1099 3447 1149 καὶ
3474 1097 3571 1165 τῆς
3603 1097 3661 1163 ἐξ
3689 1097 3872 1150 ἐθνῶν

606 1187 712 1257 81
740 1184 871 1240 Nam
900 1197 952 1240 et
974 1195 1160 1256 gentes
1193 1187 1344 1255 prius
1383 1187 1610 1256 repulsae
1674 1186 1914 1252 fuerunt,
1943 1196 1999 1242 et
2028 1195 2166 1256 post-

2292 1189 2640 1259 Ἐκκλησίας.
2668 1188 2778 1242 Καὶ
2813 1189 2922 1261 γὰρ
2947 1189 3040 1242 καὶ
3075 1190 3144 1242 τὰ
3171 1190 3300 1258 ἔθνη
3334 1189 3634 1258 ἀπωσμένα
3664 1189 3872 1258 πρότε-

607 1293 670 1332 ea
705 1282 756 1333 in
792 1279 1024 1335 ﬁliorum
1064 1278 1305 1335 ordinem
1365 1288 1635 1349 provecta!
1678 1280 2030 1336 obtinuerunt
2080 1293 2166 1349 pa-

2281 1297 2395 1350 ρον,
2427 1279 2657 1347 ὕστερον
2689 1283 2770 1344 είς
2794 1281 2892 1351 τὴν
2917 1281 3028 1335 τῶν
3063 1281 3195 1335 υἱῶν
3216 1281 3371 1344 τάξιν
3398 1279 3870 1349 ἀνεὸιὸἀσθησαν,

609 1383 753 1433 nem,
794 1385 1008 1440 corpus,
1061 1370 1302 1438 inquam,
1352 1371 1586 1427 Domini.
1636 1371 1806 1427 Judazi
1845 1381 2028 1426 autem
2086 1387 2166 1426 ca-

2281 1371 2495 1426 καὶτοῦ
2526 1373 2694 1443 ἄρτου
2745 1374 3092 1443 ἠξιώθησαν,
3138 1373 3233 1427 τοῦ
3273 1371 3527 1443 σώματος
3571 1373 3715 1440 λέγω
3766 1375 3869 1426 τοῦ

609 1477 706 1518 nes
732 1461 875 1529 facti,
943 1478 1007 1517 ex
1066 1447 1222 1518 micis
1283 1463 1536 1519 videntur
1568 1466 1738 1533 pasci,
1778 1466 1882 1520 hoc
1912 1475 2012 1530 esl,
2051 1480 2166 1537 par-

2281 1464 2506 1532 Κυρίου.
2542 1465 2605 1516 Οἱ
2636 1465 2693 1518 δὲ
2737 1464 3002 1527 Ἰουδαῖοι,
3034 1465 3194 1527 κύνες
3221 1465 3470 1532 ἐγένοντο
3490 1505 3503 1526 ,
3537 1465 3598 1516 ἐκ
3628 1464 3742 1516 τῶν
3774 1463 3874 1532 ψι-

606 1556 770 1608 vitate
792 1563 845 1609 et
874 1554 1082 1610 vilitate
1119 1555 1330 1610 littera.
1367 1556 1648 1626 Signiﬁcat
1679 1558 1823 1612 enim
1878 1557 2052 1630 Tyrus
2083 1574 2166 1613 co-

2281 1550 2408 1621 χίων
2433 1553 2718 1616 δοκοῦντες
2743 1554 3060 1625 τρέφεσθαι,
3095 1554 3366 1616 τουτέστι,
3390 1553 3498 1606 τῶν
3529 1552 3744 1623 μικρῶν
3769 1554 3874 1605 καὶ

2275 1643 2508 1696 εὐτελῶν
2529 1645 2623 1697 τοῦ
2656 1647 3004 1716 γράμματος.
3032 1645 3300 1716 Σημαίνει
3329 1646 3383 1699 δὲ
3406 1646 3437 1715 ἠ
3465 1644 3664 1713 Τύρος,
3700 1659 3874 1697 συνο-

603 1747 898 1806 praeparata
953 1737 1340 1797 humiliationi.
1367 1739 1611 1796 Gentiles
1652 1741 1817 1810 igitur
1841 1741 1933 1810 qui
1966 1741 2166 1796 malitia

2281 1737 2395 1810 χήν·
2418 1738 2451 1806 ἡ
2470 1737 2526 1789 δὲ
2547 1737 2735 1803 Σιδὼν,
2758 1739 3057 1808 θηρῶντες.
3083 1737 3365 1792 Χαναναία
3381 1737 3460 1802 δὲ,
3479 1736 3874 1806 ἡτοιμασμένη

605 1827 948 1894 tenebantur,
1005 1829 1147 1885 inter
1207 1844 1344 1899 quos
1389 1829 1608 1884 [uerunt
1644 1840 1932 1886 venatores
1962 1832 2166 1884 anima-

2281 1829 2339 1897 τῇ
2363 1827 2709 1880 ταπεινώσει·
2735 1829 2783 1881 oi
2809 1829 2943 1896 γοῦν
2967 1829 3319 1898 συνεχόμενοι
3349 1830 3414 1896 τῇ
3443 1827 3610 1898 κακίᾳ.
3635 1825 3871 1890 ἐθνικοὶ,

603 1932 722 1971 rum
775 1919 1066 1985 daemones,
1115 1895 1413 1976 humilitate
1472 1932 1600 1977 sunt
1667 1924 1974 1992 pmparati.
2025 1921 2166 1978 Iusti

2281 1895 2337 1970 ὲν
2359 1914 2439 1981 οἷς
2476 1914 2618 1991 ἦσαν
2645 1922 2694 1973 οἱ
2729 1920 3006 1991 θηρῶντες
3169 1895 3354 1989 ἡψυχὰς
3383 1895 3673 1988 δαίμονες,
3708 1911 3868 1971 οὗτοι

603 2011 745 2064 cnim
777 2012 990 2066 sublimi
1026 2026 1187 2084 regno
1219 2013 1311 2068 Dei
1341 2021 1464 2069 sunt
1494 2015 1806 2083 praeparati.

2281 2010 2368 2064 καλ⁵
2397 2012 2464 2081 τῇ
2511 2010 2839 2064 ταπεινώσει
2896 2012 3032 2063 είσὶν
3077 2010 3511 2081 ἡτοιμασμένοι·
3547 2011 3594 2062 οἱ
3637 2009 3751 2080 γὰρ
3779 2009 3870 2062 δίο

2276 2119 2443 2164 καιοι,
2472 2101 2547 2170 τῷ
2571 2099 2696 2171 ὕψει
2723 2103 2823 2172 τῆς
2849 2101 3124 2171 βασιλείας
3148 2103 3241 2154 τοῦ
3264 2100 3398 2155 Θεοῦ
3421 2099 3868 2172 ήτοιμάσθησαν.

2351 2211 2369 2243 ι
2415 2195 2522 2246 Καὶ
2552 2193 2791 2263 μεταϐὰς
2823 2193 3033 2247 ἐκεῖθεν
3062 2196 3092 2246 ὁ
3134 2193 3364 2262 Ἰησοῦς,
3393 2189 3524 2265 ἦλθε
3572 2194 3726 2264 παρὰ
3761 2193 3873 2264 τὴν

2275 2286 2550 2340 θάλασσαν
2587 2286 2687 2356 τῆς
2726 2286 3018 2348 Γαλιλαίας
3043 2323 3060 2349 ,
3113 2285 3210 2339 καὶ
3260 2285 3468 2348 ἀναϐὰς
3501 2285 3579 2348 είς
3611 2284 3676 2338 τὸ
3710 2284 3872 2355 ὅρος,

2273 2379 2510 2450 ἐκάθητο
2554 2381 2690 2434 ἐκεῖ·
2745 2381 2838 2434 καὶ
2887 2379 3196 2450 προσῆλθον
3246 2375 3396 2450 αὑτῷ
3443 2381 3588 2450 δχλοι
3631 2379 3827 2431 πολλοὶ
3855 2421 3871 2443 ,

2274 2472 2488 2542 ἔχοντες
2519 2471 2637 2541 μεθ’
2671 2472 2880 2526 ἑαυτῶν
2903 2471 3130 2542 χωλοὺς,
3160 2471 3418 2539 τυφλοὺς,
3450 2467 3689 2540 κωφοὺς,
3724 2469 3871 2522 κυλ-

2275 2566 2422 2630 λοὺς,
2454 2567 2548 2618 καὶ
2574 2566 2795 2635 ἑτέρους
2827 2565 3077 2631 πολλοὺς,
3103 2566 3199 2617 καὶ
3227 2563 3457 2635 ἐρῤιψαν
3483 2563 3677 2626 αὐτοὺς
3705 2563 3874 2632 παρὰ

603 1644 942 1711 hibitionem,
999 1647 1166 1702 Sidon
1228 1655 1405 1702 autem
1455 1657 1714 1703 venantes
1773 1667 1786 1703 :
1841 1649 2171 1716 Cbananaea,

677 2190 837 2248 Vsns.
868 2192 960 2260 29,
1022 2193 1112 2248 5i.
1149 2211 1168 2246 ι
1223 2195 1286 2249 Ει
1319 2210 1640 2265 progressus
1694 2196 1841 2252 illinc
1873 2196 2048 2264 Jesus,
2081 2213 2172 2254 ve-

602 2287 683 2340 nit
706 2287 856 2356 juxta
881 2302 1031 2343 mare
1057 2287 1310 2355 Galilaeae,
1338 2299 1393 2345 et
1425 2304 1722 2346 conscenso
1745 2300 1926 2346 monte
1948 2292 2172 2347 sedebat

603 2377 762 2431 illic:
801 2386 855 2432 et
885 2389 1234 2436 accesserunt
1294 2381 1362 2436 ad
1394 2397 1518 2437 eum
1567 2383 1740 2438 turba;
1803 2383 2008 2447 multas,
2070 2384 2172 2439 lia-

601 2471 790 2526 bentes
824 2485 1006 2526 secum
1035 2471 1278 2540 claudos,
1336 2488 1532 2542 caecos,
1583 2476 1803 2542 surdos,
1841 2477 2084 2544 mutilos,
2118 2486 2173 2533 et

601 2562 736 2616 alios
762 2564 978 2632 multos,
1007 2574 1062 2621 et
1089 2563 1399 2633 abiecerunt
1429 2580 1524 2622 eos
1572 2577 1698 2623 ante
1732 2569 1895 2636 pedes
1924 2567 2073 2634 Jesu,
2119 2578 2174 2624 et

602 2656 812 2710 sanavit
839 2670 951 2724 eos,
980 2657 1114 2711 adeo
1143 2666 1202 2712 ut
1230 2658 1396 2712 turbae
1425 2659 1632 2714 mirata}
1683 2659 1789 2715 sint
1849 2675 1969 2716 cum
2017 2661 2171 2716 vide-

603 2753 722 2798 rent
781 2755 958 2801 mutos
1027 2746 1196 2816 loqui,
1257 2749 1474 2806 mutilos
1525 2765 1647 2808 esse
1700 2766 1878 2818 sanos,
1952 2753 2172 2807 claudos

2274 2659 2400 2722 τοὺς
2432 2657 2599 2721 πόδας
2640 2658 2734 2711 τοῦ
2793 2656 3004 2726 Ἰησοῦ,
3055 2658 3151 2709 καὶ
3203 2657 3568 2725 ἐθεράπευσεν
3619 2655 3824 2718 αὐτούς
3856 2673 3870 2684 ·

2273 2750 2413 2803 ῶστε
2448 2750 2574 2813 τοὺς
2612 2749 2802 2819 δχλους
2836 2748 3116 2818 Θαυμάσαι
3151 2749 3471 2819 βλέποντας,
3509 2747 3728 2815 κωφοὺς
3772 2747 3876 2799 λα-

596 2835 893 2909 ambulare,
921 2852 1096 2893 caecos
1125 2839 1310 2896 videre
1344 2860 1358 2894 :
1396 2852 1448 2895 et
1475 2843 1850 2912 gloriﬁcabant
1895 2844 2061 2898 Deum
2096 2844 2166 2899 ls-

2281 2840 2520 2908 λοῦντας,
2553 2841 2779 2903 κυλλοὺς
2813 2841 3007 2908 ὑγιεῖς,
3039 2841 3246 2910 χωλοὺς
3275 2837 3734 2910 περιπατοῦντας,
3769 2856 3876 2892 τυ-

597 2928 727 2983 rael.
769 2947 787 2980 ι
822 2929 939 2984 Νοη
968 2931 1229 2986 continuo
1254 2935 1572 2988 versaturiu
1605 2933 1811 3000 Iudaea,
1840 2937 1934 2990 sed
1983 2936 2035 2990 in
2061 2936 2166 2992 Ga-

2281 2936 2438 3003 φλοὺς
2477 2936 2793 3004 βλέποντας’
2835 2937 2928 2988 καὶ
2957 2934 3218 2999 ἐδόξασαν
3253 2935 3346 2988 τὸν
3379 2934 3511 2986 Θεὸν
3556 2932 3798 3003 Ἰσραήλ.
3849 2953 3869 2984 ι

596 3021 754 3087 lilasa,
825 3033 1046 3092 propter
1093 3025 1316 3082 multam
1353 3027 1784 3082 incredulitatem
1837 3028 2165 3085 Iuda-orum.

2281 3031 2347 3082 Οὐ
2380 3032 2445 3100 τῇ
2491 3029 2723 3100 Ἰουδαίᾳ
2750 3028 2988 3097 συνεχῶς
3012 3028 3288 3098 ἐπιδημεῖ,
3315 3028 3450 3080 ἀλλὰ
3474 3030 3539 3096 τῇ
3573 3026 3874 3098 Γαλιλαίᾳ,

593 3113 798 3166 (ἰουιωὶ
826 3116 968 3168 enim
1000 3115 1271 3172 ﬁdeliores
1302 3116 1409 3173 illis
1433 3127 1611 3173 erant.
1647 3119 1780 3174 Vide
1818 3120 1982 3189 igitur
2009 3121 2166 3176 ﬁdem

2281 3121 2359 3174 5ιὰ
2383 3122 2481 3192 τὴν
2510 3121 2707 3191 πολλὴν
2739 3120 2992 3174 ἀπιστίαν
3021 3120 3128 3173 τῶν
3172 3120 3462 3172 Ἰουδαίων·
3493 3121 3542 3172 οἱ
3564 3121 3671 3191 γὰρ
3696 3119 3875 3173 Γαλι-

594 3205 829 3268 illorum,
869 3211 1140 3275 quomodo
1184 3217 1238 3262 et
1298 3212 1352 3262 in
1389 3217 1622 3264 montem
1661 3213 1960 3266 ascendant
1987 3213 2166 3270 claudi

2281 3215 2410 3267 λαῖοι
2443 3214 2754 3283 πιστότεροι
2785 3209 2924 3283 ἦσαν
2974 3212 3219 3266 ἐκείνων.
3279 3211 3384 3265 Ἴδε
3412 3206 3504 3264 οὖν
3534 3210 3634 3278 τὴν
3673 3210 3875 3262 πίστιν

592 3297 914 3351 exsistentes
944 3305 1000 3352 et
1021 3299 1185 3352 caci:
1217 3313 1322 3353 non
1343 3314 1536 3370 segnes
1555 3310 1702 3366 sunt,
1725 3303 1818 3359 sed
1843 3313 1897 3358 et
1921 3310 1989 3360 ad
2005 3306 2166 3376 pedes

2281 3307 2479 3369 αὐτῶν,
2508 3305 2624 3368 πῶς
2656 3305 2750 3359 καὶ
2779 3308 2859 3367 είς
2895 3304 2957 3356 τὸ
2983 3304 3107 3374 ὅρος
3139 3302 3461 3373 ἀνέρχονται
3503 3302 3664 3372 χωλοὶ
3702 3301 3875 3368 ὄντες

589 3389 716 3444 Jcsu
746 3391 1098 3459 objiciuntur,
1140 3402 1322 3462 utpote
1353 3395 1501 3449 illum
1529 3411 1688 3467 supra
1745 3399 2019 3456 hominem
2044 3416 2165 3457 esse

2281 3399 2370 3452 καὶ
2399 3397 2611 3464 τυφλοὶ,
2645 3397 2741 3450 καὶ
2768 3397 2828 3449 οὐ
2857 3393 3234 3459 κατοκνοῦσιν,
3261 3395 3398 3448 ἀλλὰ
3433 3396 3524 3447 καὶ
3566 3394 3698 3466 προς
3735 3398 3876 3457 τοὺς

591 3484 986 3549 existimantes,
1015 3485 1155 3539 unde
1181 3494 1235 3540 et
1271 3487 1588 3546 sanitatem.
1613 3491 1846 3546 assecuti
1891 3503 2037 3548 sunt.
2097 3494 2163 3548 Et

2281 3489 2442 3552 πόδας
2474 3485 2756 3558 ρίπτονται
2786 3486 2880 3540 τοῦ
2933 3483 3109 3557 Ἰησοῦ
3136 3529 3150 3552 ,
3182 3487 3256 3549 ὼς
3287 3487 3428 3556 ὑπὲρ
3459 3486 3752 3556 ἄνθρωπον
3779 3486 3876 3539 δο-

592 3585 646 3628 tu
667 3575 829 3644 igitur
844 3576 1076 3631 ascende
1099 3577 1152 3631 in
1191 3585 1424 3633 montem
1459 3581 1853 3649 mandatorum,
1884 3584 1971 3640 ubi
2012 3587 2164 3642 sedet

2281 3584 2496 3644 κοῦντες
2533 3582 2717 3644 αὐτὸν,
2761 3581 2883 3634 ὅθεν
2921 3583 3013 3634 καὶ
3041 3582 3140 3650 τῆς
3173 3582 3368 3643 ίάσεως
3403 3580 3614 3649 ἔτυχον.
3654 3581 3768 3632 Καὶ
3802 3581 3874 3633 σὺ

590 3665 785 3720 Jesus:
821 3665 936 3721 etsi
974 3681 1149 3722 cazcus
1198 3667 1388 3734 fueris,
1447 3686 1553 3726 non
1591 3672 1780 3728 valens
1833 3675 2018 3738 videre
2069 3694 2164 3747 per

2281 3669 2366 3726 οὖν
2395 3672 2584 3726 ἄνελθε
2608 3674 2688 3735 si;
2722 3671 2780 3726 τὸ
2819 3671 2948 3742 δρος
2985 3673 3093 3726 τῶν
3121 3671 3374 3736 ἐντολῶν,
3408 3671 3534 3724 ἔνθα
3563 3671 3808 3740 κάθηται
3844 3676 3876 3726 ό

589 3757 818 3826 tcipsum
851 3759 992 3826 quod
1016 3757 1218 3813 bonum
1244 3776 1257 3812 :
1283 3769 1337 3813 et
1367 3760 1411 3815 si
1450 3760 1695 3829 claudus,
1719 3763 1908 3821 videns
1942 3767 2162 3836 quidem

2281 3763 2513 3833 Κύριος’
2556 3764 2663 3816 κᾶν
2704 3763 2906 3832 τυφλὸς
2951 3758 3038 3835 ᾖς,
3079 3764 3153 3833 μὴ
3199 3763 3494 3834 δυνάμενος
3528 3763 3621 3831 ἀφ’
3658 3764 3874 3817 ἑαυτοῦ

591 3847 733 3916 quod
768 3849 993 3916 bonum,
1030 3866 1135 3905 non
1161 3850 1344 3908 valens
1374 3862 1552 3909 autem
1590 3856 1657 3910 ad
1695 3858 1798 3913 hoc
1834 3860 2116 3927 pervenire
2146 3881 2160 3916 :

2281 3855 2404 3907 ίδείν
2437 3855 2498 3907 τὸ
2528 3855 2693 3908 καλόν
2713 3872 2727 3885 ·
2756 3850 2861 3908 κᾶν
2894 3855 3088 3923 χωλὸς,
3121 3856 3335 3925 βλέπων
3369 3855 3466 3924 μὲν
3498 3855 3557 3908 τὸ
3583 3853 3775 3922 καλὸν,
3803 3856 3873 3909 οὐ

591 3949 648 3993 et
679 3939 720 3994 si
751 3941 965 4007 surdus,
1001 3943 1092 4011 qui
1125 3957 1298 4014 neque
1333 3946 1500 4002 alium
1532 3947 1719 4004 audias
1757 3951 2157 4021 admonentem,

2281 3946 2571 4015 Βυνάμενος
2593 3946 2650 3998 δὲ
2669 3949 2747 4008 εἰς
2773 3945 2906 3999 αὐτὸ
2932 3945 3107 3998 ἐλθεῖν
3125 3960 3140 3974 ’
3174 3944 3275 3997 κᾶν
3297 3945 3500 4012 κωφὸς,
3531 3946 3669 4014 μήτε
3694 3944 3874 3998 ἄλλου

592 4046 764 4101 neque
794 4032 958 4088 alium
1008 4036 1301 4093 admonere
1333 4038 1516 4095 valeas
1549 4057 1564 4094 :
1597 4051 1652 4096 et
1699 4040 1744 4097 si
1796 4045 2022 4100 mutilus
2063 4048 2159 4114 sis,

2281 4039 2487 4093 ἁκούων
2510 4039 2934 4110 παραινοῦντος,
2989 4038 3125 4108 μήτε
3161 4037 3306 4107 ἄλλῳ
3337 4036 3662 4104 παραινέσαι
3697 4035 3876 4089 δυνά-

588 4139 695 4180 non
722 4125 906 4181 valens
923 4129 1212 4182 extendere
1243 4145 1458 4185 manum
1521 4133 1587 4186 ad
1642 4134 2043 4206 eleemosyuam
2069 4158 2083 4193 :
2110 4150 2161 4193 et

2281 4149 2436 4202 μενος
2458 4147 2472 4161 ⁸
2510 4133 2616 4185 κᾶν
2646 4132 2861 4195 κυλλδς,
2894 4132 3162 4191 τουτέστι,
3194 4129 3294 4200 τὴν
3327 4134 3482 4198 χεῖρα
3511 4132 3590 4192 εἰς
3624 4130 3875 4199 ἐλεημο-

590 4215 636 4268 si
664 4215 769 4268 alio
799 4217 1027 4284 quodam
1057 4218 1243 4272 morbo
1270 4227 1504 4289 teneare,
1538 4232 1850 4290 prosternas
1901 4236 1950 4282 te
1977 4227 2043 4282 ad
2068 4243 2161 4298 pe-

2281 4225 2440 4294 σύνην
2474 4223 2548 4294 μὴ
2592 4224 2893 4291 δυνάμενος
2930 4223 3200 4274 ὲκτεῖναι’
3237 4221 3344 4273 κᾶν
3386 4220 3515 4274 ἄλλο
3569 4238 3621 4272 τι
3667 4224 3876 4291 νοσῇς⁹

593 4306 686 4360 des
717 4305 841 4362 Jesu
867 4347 881 4372 ,
910 4318 962 4362 et
998 4309 1223 4378 vestigia
1272 4312 1393 4366 vitae
1444 4314 1586 4368 illius
1635 4317 1874 4388 attinge,
1928 4321 2160 4378 curatio-

2281 4318 2454 4369 πεσὼν
2504 4317 2655 4384 παρὰ
2685 4315 2811 4378 τοὺς
2842 4314 3007 4373 πόδας
3046 4313 3141 4366 τοῦ
3185 4311 3364 4382 Ἰησοῦ
3399 4313 3491 4364 καὶ
3535 4312 3643 4364 τῶν
3692 4313 3876 4382 ἰχνῶν

591 4413 824 4466 nemque
855 4399 1096 4456 habebis.

661 4491 823 4548 Vsus.
871 4493 960 4548 32.
1005 4513 1024 4548 ι
1060 4495 1216 4550 Jesus
1238 4507 1415 4552 autem
1447 4503 1652 4558 vocatis
1697 4504 1762 4557 ad
1791 4519 1852 4560 se
1880 4506 2160 4576 discipulis

2267 4406 2360 4461 τοῦ
2390 4407 2505 4474 βίου
2528 4407 2734 4460 ἐκείνου
2764 4406 3059 4475 ἁψάμενος,
3087 4404 3496 4475 θεραπευθήσῃ.

2349 4521 2366 4552 ι
2423 4501 2480 4552 '0
2514 4501 2570 4552 δὲ
2611 4500 2818 4570 Ἰησοῦς
2863 4498 3382 4569 προσκαλεσάμενος
3431 4499 3557 4560 τοὺς
3603 4497 3874 4569 μαθητὰς

592 4586 705 4638 suis
733 4585 867 4639 dixit
900 4603 913 4639 :
949 4584 1169 4642 Miseret
1225 4604 1310 4644 me
1341 4592 1531 4657 turbae,
1565 4605 1850 4664 propterea
1881 4599 2022 4666 quod
2049 4599 2159 4667 jam

2281 4593 2458 4659 κὺτοῦ,
2501 4588 2621 4646 εἷπε
2644 4608 2658 4622 '
2709 4591 3154 4660 Σπλαγχνίζομαι
3185 4592 3276 4642 ἐπὶ
3306 4591 3396 4642 τὸν
3424 4590 3602 4660 ὄχλον,
3639 4591 3721 4643 ὅτι
3756 4594 3874 4663 ἤδη

596 4677 775 4730 triduo
818 4689 1169 4745 perseverant
1213 4683 1351 4750 apud
1385 4699 1488 4748 me,
1514 4694 1568 4739 et
1601 4701 1705 4739 non
1749 4687 1948 4742 habent
2024 4694 2163 4758 quod

592 4767 756 4820 edant
789 4785 801 4820 :
831 4770 1176 4824 etdimittere
1224 4786 1315 4826 eos
1354 4771 1569 4841 jejunos
1603 4776 1747 4842 nolo,
1806 4791 1874 4834 ne
1910 4779 2166 4835 deﬁciant

593 4857 785 4912 invia.
828 4876 845 4909 ι
900 4859 1092 4914 Turba:
1141 4862 1354 4930 quidem
1384 4879 1488 4918 non
1556 4866 1826 4921 audebant
1873 4884 2038 4938 panes
2075 4886 2168 4938 pe-

597 4957 728 5011 Icrc,
763 4957 945 5016 utpote
975 4953 1064 5017 qui
1114 4951 1178 5003 ad
1239 4952 1604 5022 recipiendam
1658 4956 1942 5010 sanitatem
1999 4971 2164 5010 vene-

595 5048 715 5091 rant
748 5055 767 5092 :
798 5039 910 5104 ipse
938 5049 1113 5095 autem
1141 5043 1446 5099 misericors
1471 5046 1763 5110 exsistens,
1800 5063 1983 5102 curam
2005 5049 2116 5118 agit
2149 5065 2162 5103 :

592 5141 644 5183 ct
673 5145 738 5185 ne
768 5133 889 5200 quis
921 5134 1098 5188 dicere
1135 5137 1300 5203 possit
1323 5138 1461 5203 quod
1517 5139 1619 5192 alia
1671 5140 1859 5192 viatica
1911 5140 2162 5205 habeant,

590 5224 784 5290 inquit,
846 5226 986 5292 quod
1050 5227 1094 5280 si
1154 5230 1314 5282 etiam
1376 5230 1707 5294 habuissent,
1766 5232 1995 5288 fuissent
2036 5247 2164 5287 cou-

593 5325 805 5383 sumpta
835 5335 846 5368 :
882 5327 988 5371 tres
1009 5321 1149 5374 enim
1196 5320 1303 5387 jam
1339 5322 1453 5376 dies
1485 5333 1626 5376 sunt.
1683 5325 1932 5380 Ostendit
1986 5335 2162 5380 autem

594 5407 736 5473 quod
763 5408 970 5477 alonge
1001 5413 1262 5477 venerint,
1289 5413 1538 5481 dicendo,
1572 5415 1650 5469 Nc
1683 5418 1935 5471 deﬁciant
1967 5419 2016 5471 in
2056 5419 2157 5471 via.

595 5497 718 5550 Ηιοο
745 5512 919 5552 autem
976 5501 1193 5554 dicitad
1262 5504 1572 5572 discipulos,
1639 5508 1875 5560 excitare
1920 5523 2012 5562 cos
2067 5525 2160 5563 νυ-

595 5593 710 5643 lens
742 5592 997 5646 utdicant
1033 5593 1128 5662 ipsi
1162 5598 1298 5661 quod
1342 5599 1509 5663 possit
1556 5614 1648 5652 eos
1716 5600 1878 5665 alcrc,
1906 5603 2040 5655 sicut
2108 5613 2160 5653 et

594 5684 827 5750 quinque
882 5685 1100 5738 millia:
1166 5689 1269 5740 sed
1311 5688 1381 5741 illi
1453 5693 1624 5747 adhuc
1687 5694 1947 5762 sapientia
2006 5710 2161 5748 carc—

595 5774 741 5824 lLllll.

672 5862 827 5917 Visne.
863 5868 948 5920 33.
985 5887 1001 5918 ‹
1063 5868 1124 5923 Et
1151 5872 1334 5926 dicunt
1393 5873 1466 5927 illi
1501 5874 1744 5944 disripuli
1814 5875 1929 5943 ejus
1967 5897 1973 5928 :
2007 5877 2156 5931 [nde

2271 4683 2484 4752 ἡμέρας
2523 4685 2675 4751 τρεῖς
2711 4683 3080 4752 προσμένουσι
3127 4698 3252 4750 μοι,
3307 4683 3400 4732 καὶ
3434 4683 3532 4732 οὐκ
3573 4681 3763 4749 ἔχουσι
3816 4686 3874 4738 τί

2272 4777 2519 4844 φάγωσι,
2559 4774 2653 4826 καὶ
2684 4772 2952 4826 ἀπολῦσαι
2983 4773 3181 4835 αὐτοὺς
3225 4773 3441 4841 νήστεις
3484 4773 3542 4824 οὐ
3579 4773 3741 4837 θέλω,
3787 4781 3872 4845 μή

2270 4883 2400 4918 ποτε
2437 4863 2736 4918 ἐκλυθῶσιν
2763 4866 2819 4917 ὲν
2849 4865 2912 4935 τῇ
2956 4863 3079 4932 ὁδῷ.
3120 4883 3137 4914 ›
3176 4864 3238 4915 Οἱ
3277 4864 3375 4932 μὲν
3402 4863 3547 4933 ὄχλοι
3578 4864 3676 4915 οὐκ
3701 4865 3872 4919 ἐτόλ-

2273 4974 2389 5024 μων
2423 4957 2615 5025 ἄρτους
2648 4955 2890 5022 αίτῆσαι,
2921 4952 2995 5016 ὡς
3025 4953 3116 5006 ἐπὶ
3141 4952 3408 5022 θεραπείᾳ
3437 4952 3704 5014 ἐλθόντες.
3747 4955 3870 5007 At)-

2269 5047 2354 5110 τὸς
2377 5047 2428 5098 δὲ
2457 5047 2838 5115 φιλάνθρωπος
2869 5044 2964 5108 ὢν,
2999 5045 3298 5115 φροντίζεν
3331 5046 3416 5097 ἵνα
3448 5044 3504 5096 δὲ
3535 5043 3610 5114 μὴ
3637 5044 3737 5117 ἔχῃ
3774 5065 3870 5111 τις

2269 5143 2444 5193 εἰπεῖν
2476 5141 2579 5204 ὅτι,
2611 5141 2779 5191 Ἀλλα
2812 5139 2996 5206 ἐφόδια
3013 5140 3216 5208 ἔχουσι,
3250 5137 3436 5206 φησιν,
3466 5137 3526 5188 Εἰ
3556 5137 3649 5188 καὶ
3679 5133 3867 5206 εἶχον,

2267 5231 2626 5301 ἀνηλώθησαν
2655 5233 2738 5284 ἄν’
2768 5234 2916 5301 τρεῖς
2945 5231 3052 5299 γὰρ
3089 5231 3187 5300 ἥδη
3214 5229 3416 5300 ἡμέραι
3439 5230 3563 5285 είσί.
3594 5229 3867 5283 Δεῐκνυσι

2268 5327 2322 5378 δὲ
2350 5328 2430 5379 ὅτι
2466 5328 2560 5379 καὶ
2611 5327 2885 5396 μακρόθεν
2916 5323 3101 5396 ἦλθον,
3137 5327 3193 5378 ἐν
3227 5325 3303 5394 τῷ
3355 5327 3554 5393 λέγειν,
3611 5323 3727 5377 Ἵνα
3779 5329 3863 5398 μὴ

2267 5417 2565 5470 ἐκλυθῶσιν
2597 5419 2653 5468 ὲν
2681 5421 2746 5486 τῇ
2776 5418 2898 5487 ὁδῷ·
2930 5418 3100 5470 ταῦτα
3130 5419 3183 5470 δὲ
3228 5418 3378 5483 λέγει
3412 5417 3543 5486 πρὸς
3575 5416 3698 5479 τοὺς
3735 5435 3862 5486 μα-

2267 5509 2466 5579 θητὰς,
2505 5509 2768 5577 διεγεῖραι
2809 5509 3005 5570 αὐτοὺς
3039 5509 3362 5578 βουλόμενος
3395 5510 3528 5577 προς
3565 5509 3622 5559 τὸ
3670 5511 3861 5562 ain-33.,

2265 5601 2432 5669 αὐτῷ,
2461 5604 2540 5652 ὅτι
2563 5602 2794 5652 Δύνασαι
2824 5603 3019 5663 αὐτοὺς
3053 5601 3336 5670 θρέψαιὼς
3369 5603 3464 5654 καὶ
3486 5603 3607 5665 τοὺς
3641 5620 3858 5658 πεντα-

2267 5693 2581 5761 κισχιλίουςο
2613 5693 2726 5744 ἀλλ’
2760 5695 2954 5746 ἐκεῖνοι
2985 5694 3393 5765 ἀνοηταίνουσιν
3423 5694 3520 5746 ἔτι.

2345 5896 2361 5929 ι
2407 5879 2512 5932 Καὶ
2564 5879 2814 5948 λέγουσιν
2852 5881 2996 5950 αὐτῷ
3050 5882 3096 5933 οἱ
3153 5880 3393 5950 μαθηταὶ
3453 5880 3633 5933 alt-23'
3673 5882 3856 5936 Ηπθωλ
