4004 6428
154 419 256 485 313

862 417 1319 479 ENARRATIO
1349 415 1433 478 ΙΝ
1474 416 1756 479 EVANG]

1874 415 1989 477 UM
2041 414 2435 478 ΜΑΤΤΗΕῙ.
2478 439 2546 451 -·-
2575 413 2733 476 CAP.
2775 415 2932 478 XVI.

3352 408 3457 474 3'14

152 534 279 602 ημῖν
297 513 359 585 ἐν
386 528 606 603 ἐρημίᾳ
632 527 791 599 ἄρτοι
823 526 1093 588 τοσοῦτοι,
1123 525 1266 580 ὥστε
1295 525 1563 598 χορτάσαι
1593 526 1752 597 ὄχλον

1870 527 2022 584 nobis
2055 526 2109 582 in
2133 524 2425 582 solitudine
2455 539 2626 594 panes
2693 534 2801 580 tam
2851 521 3007 579 multi
3040 530 3099 577 ut
3150 528 3460 577 saturemus

150 624 445 691 τοσοῦτονς
500 642 521 678 ι
556 621 756 683 Καίτοι
806 620 916 675 ἔδει
956 620 1197 674 συνιέναι
1246 622 1471 687 αὐτοὺς,
1510 621 1596 674 ὅτι
1655 620 1752 672 καὶ

155 720 424 788 πρότερον
457 713 683 780 πλείους
718 713 1037 786 ἐτράφησαν
1068 716 1125 767 ἐν
1162 713 1373 784 ἐρημία
1398 730 1413 745 ⁸
1446 712 1567 767 ἀλλ’
1594 713 1753 765 ἀναι-

160 812 371 881 σθήτως
403 808 662 878 εχουσιν,
694 805 764 859 ἵν’
793 806 924 861 ὅταν
972 806 1091 876 ίδῃς
1124 805 1351 870 τούτους
1403 804 1631 872 ὕστερον
1667 820 1755 857 σο-

158 905 287 969 φίας
315 899 597 971 τοσαύτης
625 900 883 971 πλήρεις,
924 898 1217 970 θαυμάζῃς
1248 901 1348 968 τὴν
1391 897 1486 952 τοῦ
1515 896 1753 967 Χριστοῦ

157 997 332 1066 χάριν.

224 1108 244 1139 ι
272 1085 386 1139 Καὶ
411 1085 567 1151 λέγει
590 1085 778 1147 αὐτοῖς
798 1084 828 1136 ό
858 1081 1087 1151 Ἰησοῦς·
1120 1081 1326 1143 Πόσους
1349 1081 1550 1151 ἄρτους
1573 1078 1753 1151 ίχετες

159 1184 214 1235 Ol
244 1178 518 1234 ἂσεῖπονο
561 1177 760 1241 Ἑπτά,
796 1177 890 1231 καὶ
916 1176 1071 1243 ὀλίγα
1097 1175 1332 1257 ίχθούδια.
1365 1175 1477 1229 Καὶ
1500 1174 1756 1227 ἐκέλευσε

156 1278 265 1338 τοῖς
297 1275 482 1343 ὄχλοις
506 1273 803 1326 ἀναπεσεῖν
839 1270 931 1323 ἐπὶ
963 1269 1063 1340 τὴν
1094 1268 1197 1337 γῆν
1228 1285 1241 1298 ’
1284 1269 1378 1321 καὶ
1416 1267 1596 1320 λαϐὼν
1628 1268 1755 1329 τοὺς

157 1370 296 1420 ἐτττά
324 1368 534 1436 ἄρτους
560 1366 655 1417 καὶ
689 1363 816 1424 τοὺς
847 1361 1057 1431 ἰχθύας,
1094 1361 1504 1430 εὐχαριστήσας
1534 1358 1755 1425 ἐκλασε,

153 1463 246 1514 καὶ
278 1459 455 1511 ἔδωκε
496 1458 612 1519 τοῖς
659 1454 933 1525 μαθηταῖς
968 1452 1136 1507 αὑτοῦ
1164 1468 1176 1480 ·
1214 1453 1263 1505 οἱ
1305 1451 1362 1505 δὲ
1406 1450 1651 1520 μαθηταὶ
1679 1448 1757 1520 τῷ

153 1552 315 1621 ὄχλῳ.
355 1550 472 1601 Καὶ
523 1549 727 1617 ἔφαγον
758 1546 978 1608 ,πάντες
1032 1545 1126 1597 καὶ
1171 1542 1608 1614 ἐχορτάσθησαν,
1662 1542 1758 1595 καὶ

150 1641 289 1716 ἦραν
335 1646 399 1697 τὸ
433 1640 761 1711 περισσεῦον
798 1638 910 1693 τῶν
948 1639 1282 1709 κλασμάτων
1312 1638 1456 1690 ἐτιτά
1489 1637 1757 1706 σπυρίδας

152 1738 404 1807 πλήρεις.
441 1737 503 1787 0i
528 1735 587 1787 δὲ
611 1734 883 1795 ἐσθίοντες
906 1729 1048 1804 ἦσαν
1078 1731 1512 1803 τετρακισχίλιοι
1536 1730 1753 1801 ἄνδρες,

151 1832 321 1900 χωρὶς
351 1829 639 1898 γυναικῶν
668 1828 763 1881 καὶ
794 1827 1041 1881 παιδίων.
1079 1845 1098 1878 ι
1136 1826 1427 1879 Εὐτέλειαν
1458 1825 1751 1889 διδάσκων,

265 1893 376 1988 τὴν
402 1908 511 1988 γῆν
540 1916 843 1971 ἁνακλίνει·
882 1918 1226 1987 εὐχαριστεῖν
1256 1916 1312 1968 δὲ
1346 1916 1615 1989 διδάσκων
1648 1914 1754 1985 πρὸ
1787 1893 1829 1948 Β

152 2006 357 2076 τροφῆς
385 2007 562 2075 ἡμᾶς,
596 2006 915 2076 εὐχαριστεῖ
941 2008 1034 2058 καὶ
1058 2007 1243 2068 αὐτός.
1284 2005 1522 2075 Ἐρωτᾷς
1552 2006 1607 2057 δέ
1636 2005 1755 2067 πῶς

153 2099 263 2151 ἐκεῖ
300 2098 427 2167 μὲν,
469 2098 652 2151 καίτοι
686 2099 850 2151 πέντε
880 2098 1050 2151 ὄντων
1076 2099 1257 2168 ἀρτων
1280 2100 1378 2151 καὶ
1401 2117 1755 2171 πεντακισχι-

150 2192 275 2244 λίων
317 2191 431 2244 τῶν
471 2190 830 2261 τραφέντων,
872 2190 1081 2244 δώδεκα
1126 2192 1377 2262 κόφινοι·
1424 2191 1663 2246 ἐνταῦθα
1697 2192 1753 2245 δέ

151 2284 420 2336 πλειόνων
456 2284 569 2335 τῶν
602 2283 787 2352 ἄρτων
824 2282 996 2336 ὄντων
1024 2284 1116 2337 καὶ
1154 2284 1457 2339 ἐλαττόνων
1483 2283 1592 2337 τῶν
1621 2302 1756 2356 τρα-

152 2378 384 2444 φέντων,
440 2374 587 2427 ἐπτά
638 2375 897 2445 σπυρίδες
942 2376 1375 2446 ἐπερίττευσανς
1425 2378 1616 2431 Ἔστιν
1662 2375 1756 2431 οὖν

151 2472 344 2531 εἰπεῖν,
379 2470 470 2520 ὅτι
504 2468 538 2537 ἢ
573 2467 631 2521 at
660 2468 921 2538 σπυρίδες
946 2468 1163 2538 μείζους
1189 2464 1333 2539 ἦσαν
1359 2469 1468 2525 τῶν
1494 2469 1752 2539 κοφίνων,

151 2562 180 2630 ἢ
214 2561 303 2613 ἵνα
341 2561 422 2631 μὴ
462 2562 497 2630 η
550 2560 735 2629 ἰσότης
782 2560 875 2613 τοῦ
908 2560 1187 2630 θαύματος
1227 2562 1308 2624 είς
1357 2561 1528 2631 λήθην
1559 2562 1755 2625 αὐτοὺς

149 2653 384 2723 ἐμϐάλῃ.
408 2652 474 2704 Εί
497 2653 612 2723 γάρ
632 2654 726 2706 καὶ
749 2652 843 2705 νῦν
862 2653 1264 2724 ἐπερίσσευσαν
1288 2654 1497 2708 δώδεκα
1519 2656 1752 2723 κόφινοι,

152 2749 486 2801 ἐπελάθοντο
508 2746 577 2799 ἂν
594 2748 657 2799 ἐκ
680 2747 777 2817 τῆς
798 2746 1067 2815 ἰσότητος,
1090 2748 1172 2799 ὅτι
1194 2747 1449 2817 δεύτερον
1480 2747 1609 2801 ἐοαυ
1619 2766 1757 2817 ματ-

152 2840 425 2911 ούργησεν
459 2838 555 2891 ἐπὶ
583 2838 790 2909 ἄρτοις.
825 2838 898 2897 Σὺ
929 2837 985 2890 δὲ
1033 2840 1128 2893 καὶ
1161 2839 1321 2891 τοῦτο
1358 2839 1548 2906 γνῶθι,
1581 2842 1664 2894 ὅτι
1706 2843 1755 2911 οἱ

151 2928 626 3000 τετρακισχίλιοι,
673 2926 978 2989 τουτέστιν,
1023 2928 1071 2979 οί
1108 2926 1206 2989 τὰς
1244 2926 1519 2999 τέσσαρας
1552 2930 1756 2999 ἀρετὰς

152 3026 370 3094 ἔχοντες
400 3020 656 3084 τελείως,
682 3011 829 3072 οὗτοι
870 3020 1013 3073 ἐπτά
1046 3018 1253 3088 ἄρτοις,
1288 3019 1559 3083 τουτέστι,
1588 3038 1756 3072 πνευο

157 3116 563 3185 ματιιιωτέροις
590 3113 772 3181 λόγοις
809 3114 903 3168 καὶ
943 3112 1300 3181 τελειοτέροις
1329 3114 1646 3181 τρέφονται.
1697 3114 1757 3165 '0

152 3209 255 3276 γὰρ
284 3206 431 3259 ἐτττά
463 3204 726 3274 ἀριθμὸς,
754 3203 868 3259 τῶν
900 3205 1043 3257 ἑπτὰ
1061 3204 1453 3273 πνευματικῶν
1475 3205 1756 3274 χαρισμά-

153 3316 254 3350 των
281 3296 346 3350 σύ
355 3296 587 3366 μϐολονο
615 3296 988 3351 ἀναπίπτουσι
1020 3296 1076 3349 δὲ
1096 3298 1191 3350 ἐπὶ
1218 3297 1316 3368 τὴν
1343 3297 1469 3367 γῆν,
1495 3298 1756 3351 ὑποκάτω

154 3392 333 3445 αὺτῶν
363 3391 618 3453 τιθέντες
648 3391 829 3445 πάντα
854 3391 921 3448 τά
947 3392 1132 3461 γήϊνα,
1170 3392 1267 3445 καὶ
1304 3390 1757 3453 καταπατοῦντες

154 3484 313 3548 αὐτὰ,
352 3483 549 3553 ὥσπερ
580 3484 677 3536 καὶ
707 3486 754 3536 0i
786 3483 1219 3554 πεντακισχίλιοι
1244 3483 1338 3537 ἐπὶ
1372 3484 1500 3548 τοὺς
1527 3485 1758 3554 χόρτους

152 3578 313 3632 mea:
324 3594 443 3641 σον,
469 3577 740 3642 τουτέστι,
764 3577 866 3646 τὴν
885 3577 1064 3648 σάρκα
1088 3577 1182 3631 καὶ
1205 3577 1304 3648 τὴν
1322 3576 1481 3642 δόξαν
1498 3577 1757 3630 ὑποκάτω

155 3672 333 3725 αὑτῶν
372 3671 587 3725 ἔθεντο.
624 3691 641 3722 ι
677 3671 835 3724 Πᾶσα
870 3670 980 3741 γὰρ
1010 3672 1167 3742 σὰρξ,
1213 3671 1439 3742 χόρτος’
1476 3672 1573 3724 καλ⁵
1607 3672 1757 3724 πᾶσα

155 3763 452 3833 ανθρώπου
494 3762 645 3829 δόξα,
683 3762 759 3826 ὡς
792 3761 953 3825 ἄνθος
989 3764 1207 3835 χόρτου.
1251 3783 1269 3814 ι
1327 3762 1500 3817 Ἑπτὰ
1528 3764 1587 3817 δὲ
1620 3780 1759 3816 σπυ-

155 3857 297 3925 picta;
354 3854 601 3907 ἐνταῦθα
645 3854 715 3907 τὰ
765 3856 1015 3926 περιττὰ,
1071 3857 1209 3909 διότι
1264 3855 1616 3923 πνευματικὰ
1666 3858 1761 3909 καὶ

152 3942 474 4012 τελειότερα
513 3941 654 4013 ἦσαν
682 3942 717 3996 ἃ.
752 3943 854 3996 οὑκ
896 3942 1245 4014 ἠδυνήθησαν
1290 3948 1487 4013 φαγεῖν
1511 3962 1523 3975 ·
1575 3948 1761 4001 ἐκεῖνα

152 4029 239 4085 οὖν
282 4033 697 4102 ἐπερίσσευσαν
745 4035 781 4088 ἃ
825 4035 970 4089 ἐπτά
1012 4034 1271 4107 σπυρίδες
1322 4037 1597 4107 χωροῦσι,
1636 4056 1760 4092 του-

152 4130 359 4193 τέστιν,
407 4128 445 4182 ἀ
482 4128 643 4196 μόνον
676 4127 735 4180 τὸ
781 4128 938 4195 ἀγιον
988 4129 1217 4200 Πνεῦμα
1263 4125 1395 4183 οἶδε.
1454 4147 1473 4181 ι
1528 4130 1601 4184 Τὸ
1651 4132 1761 4204 γάρ

156 4223 383 4293 Πνεῦμα
416 4224 602 4277 πάντα
633 4223 851 4293 ἐρευνᾷ,
880 4223 975 4277 καὶ
1002 4224 1068 4276 τὰ
1096 4224 1237 4294 βάθη
1266 4223 1362 4278 τοῦ
1393 4224 1556 4279 Θεοῦ.
1587 4243 1606 4278 ι

222 4428 241 4460 ι
278 4407 400 4461 Καὶ
438 4405 723 4469 ἀπολύσας
756 4408 884 4470 τοὺς
912 4408 1129 4477 ὄχλους,
1161 4406 1325 4477 ἐνέϐη
1357 4409 1437 4472 είς
1462 4407 1761 4474 τὸιπλοῖον,

156 4502 245 4556 καὶ
278 4494 458 4572 ἦλθεν
492 4501 571 4562 είς
608 4500 677 4553 τά
708 4500 834 4570 ὅρια
868 4501 1155 4569 Μαγδαλά.
1192 4520 1212 4553 ι
1255 4503 1556 4571 Ἀναχωρεῖ
1588 4504 1615 4555 ὁ
1660 4502 1763 4572 ’1η-

1866 621 2077 675 turbam
2111 618 2355 688 tantam}
2386 636 2404 670 ι
2437 618 2699 685 Quamvis
2720 632 2827 672 non
2859 616 3147 686 oportebat
3175 613 3295 667 illos
3318 612 3461 667 ohll~

1863 723 1948 767 tos
1971 727 2114 779 esse,
2151 714 2296 781 quod
2325 720 2379 766 et
2428 712 2584 781 prius
2607 710 2791 780 plures
2821 708 3036 778 paverit
3060 708 3111 761 iu
3145 705 3461 766 solitudine.

1860 805 1956 859 sed
1986 804 2185 875 stupidi
2218 814 2400 868 erant,
2432 813 2489 860 ut
2538 818 2660 859 cum
2697 812 2885 871 postea
2915 800 3015 855 hos
3068 799 3274 854 videris
3309 804 3462 853 tanta

1862 899 2126 968 sapientia
2148 897 2429 969 praeditos,
2453 897 2671 953 mireris
2693 894 2897 949 Christi
2919 893 3171 964 gratiam.

1934 1086 2099 1141 Vsus.
2144 1084 2335 1141 34-58.
2379 1104 2396 1136 ι
2432 1083 2496 1138 Et
2549 1082 2683 1137 dicit
2736 1081 2843 1137 iills
2876 1080 3079 1135 Jesus:
3113 1079 3255 1146 Quot
3286 1092 3459 1148 panes

1858 1179 2112 1236 habetis?
2166 1178 2245 1232 Illi
2288 1186 2471 1233 autem
2531 1177 2793 1231 dixerunt
2830 1192 2845 1230 :
2885 1174 3131 1241 Septem,
3168 1182 3222 1227 et
3260 1186 3464 1239 paucos

1857 1277 1968 1347 82
2024 1273 2341 1345 pisciculos.
2410 1272 2475 1326 Et
2540 1270 2705 1339 jussit
2775 1271 2964 1324 turbas
3022 1268 3371 1322 discumbere
3412 1265 3463 1319 in

1865 1382 2034 1433 terra,
2062 1375 2117 1423 et
2150 1365 2382 1436 sumpsit
2418 1369 2628 1434 septem
2657 1378 2827 1432 panes
2855 1376 2920 1416 ac
2955 1361 3133 1429 pisces
3163 1378 3177 1415 :
3218 1368 3273 1413 et
3310 1368 3465 1429 post-

1859 1474 2020 1528 quam
2070 1460 2278 1529 grattas
2324 1455 2550 1525 egisset,
2610 1453 2796 1521 fregit,
2856 1449 3118 1518 deditque
3184 1444 3480 1517 discipulis

1859 1553 1973 1609 suis
2016 1570 2030 1606 :
2081 1548 2541 1625 discipuliautem
2600 1546 2793 1602 turbae.
2833 1542 3321 1610 Comedcruntque
3348 1554 3469 1595 om-

1859 1661 1980 1709 nes,
2014 1654 2069 1698 et
2098 1642 2328 1699 saturati
2360 1649 2510 1697 sunt.
2538 1638 2604 1693 Et
2643 1638 2984 1692 sustulerunt
3016 1636 3159 1705 quod
3184 1641 3468 1701 supererat

1860 1735 2318 1805 fragmentorum,
2368 1742 2578 1799 septem
2636 1727 2913 1795 sportulas
2945 1725 3156 1796 plenas.
3191 1726 3261 1779 At
3285 1724 3340 1779 hi
3373 1723 3465 1790 qui

1861 1828 2235 1888 coluederant,
2261 1832 2418 1880 erant
2470 1830 2668 1891 quater
2707 1819 2853 1873 mille
2888 1818 3014 1885 viri,
3049 1826 3245 1885 prseter
3271 1815 3467 1870 mulie-

1862 1937 1951 1977 res
2006 1929 2060 1973 et
2103 1933 2320 1987 pueros,
2362 1935 2377 1967 ι
2418 1914 2811 1983 Frugalitatem
2857 1912 3087 1973 docens,
3145 1923 3311 1977 super
3351 1916 3464 1963 ter-

1861 2026 1977 2065 ram
2022 2010 2341 2063 recumbere
2364 2007 2519 2075 jubet
2548 2024 2561 2061 :
2594 2014 2646 2060 et
2694 2006 2901 2075 gratias
2922 2018 3085 2074 agere
3118 2010 3245 2057 ante
3283 2000 3463 2057 cibum

1861 2117 1958 2156 nos
1984 2103 2203 2164 docens,
2252 2099 2456 2169 gratias
2506 2097 2618 2167 agit
2641 2105 2704 2151 et
2736 2100 2878 2166 ipse.
2909 2094 3093 2165 Rogas
3115 2104 3321 2157 autem,
3354 2105 3464 2161 quo

1861 2203 2022 2265 pacto
2056 2192 2164 2246 illic
2206 2190 2427 2260 quidem
2473 2204 2596 2243 cum
2628 2196 2812 2245 essent
2868 2188 3112 2258 quinque
3171 2200 3359 2256 panes,
3412 2195 3469 2241 et

1860 2284 2103 2353 quinque
2136 2280 2302 2335 millia
2364 2279 2479 2334 aliti
2512 2288 2719 2343 essent,
2769 2278 3061 2335 duodecim
3114 2277 3337 2345 e0pbini
3374 2292 3469 2333 su-

1860 2374 2181 2447 perfuerunt
2214 2390 2227 2427 :
2264 2373 2353 2428 hic
2384 2382 2567 2428 autem
2616 2388 2741 2427 cum
2790 2382 2980 2428 essent
3016 2372 3309 2439 pauciores
3367 2384 3470 2440 pa-

1859 2468 2077 2531 scendi,
2116 2478 2169 2521 et
2196 2466 2384 2536 plures
2418 2479 2610 2532 panes,
2640 2475 2871 2533 septem
2894 2463 3131 2533 θρονικῖ
3165 2462 3278 2517 Dici
3304 2462 3469 2533 igitur

1861 2572 2051 2630 posset
2076 2560 2159 2615 vel
2190 2560 2332 2629 quod
2354 2568 2556 2629 sporta:
2586 2559 2821 2625 majores
2855 2566 3041 2613 essent
3074 2557 3347 2626 cophinis,
3380 2554 3467 2609 vel

1860 2668 1930 2709 ne
1962 2653 2245 2724 aequalitas
2287 2652 2532 2708 miraculi
2558 2667 2653 2707 eos
2681 2650 2931 2706 oblivisci
2986 2650 3212 2706 faceret.
3251 2649 3387 2704 Nam
3421 2650 3467 2704 si

1859 2764 2006 2805 nunc
2047 2762 2261 2818 quoque
2286 2746 2687 2815 superfuissent
2715 2745 3001 2801 duodecim
3030 2744 3278 2812 cophiui,
3310 2743 3464 2798 obliti

1860 2843 2092 2896 fuissent
2125 2844 2196 2895 ob
2225 2839 2614 2910 aequalitatem,
2681 2841 2823 2909 quod
2869 2840 3069 2893 iterum
3142 2836 3463 2891 miraculum

1860 2934 2081 2989 fecisset
2112 2933 2165 2987 in
2231 2933 2489 3001 panibus.
2532 2930 2612 2985 Tu
2674 2940 2857 2985 autem
2885 2939 2941 2982 et
3002 2931 3105 2984 hoc
3136 2929 3280 2983 scias
3317 2930 3462 2997 quod

1860 3037 2094 3097 quatuor
2148 3024 2338 3089 millia,
2376 3023 2479 3078 hoc
2503 3031 2605 3087 est,
2655 3022 2749 3090 qui
2805 3028 3040 3089 quatuor
3066 3020 3294 3073 virtutes
3318 3026 3468 3072 recte

1863 3119 2165 3184 possident,
2216 3118 2269 3172 hi
2302 3126 2509 3185 septem
2546 3115 2798 3184 panibus,
2835 3114 2939 3166 hoc
2968 3122 3076 3176 est,
3126 3112 3301 3181 magis
3353 3109 3467 3177 Spi-

1867 3211 2151 3266 ritualibus
2183 3217 2237 3263 et
2283 3207 2541 3277 perfectis
2592 3205 2940 3261 sermonibus
2988 3212 3312 3272 pascuntur.
3363 3201 3467 3256 Se-

1864 3306 2150 3375 ptenarius
2173 3304 2320 3358 enim
2353 3315 2637 3364 numerus,
2673 3309 2882 3369 septem
2916 3297 3279 3367 spiritualium
3307 3298 3471 3350 dono-

1865 3415 1981 3454 rum
2014 3406 2096 3452 est
2120 3396 2450 3467 symbolum.
2488 3392 2851 3447 Discumbunt
2896 3400 3079 3444 autem
3148 3403 3313 3459 super
3358 3398 3471 3442 ter~

1864 3508 2003 3557 ram,
2032 3490 2160 3560 quia
2205 3488 2460 3543 omnibus
2496 3486 2731 3542 terrenis
2752 3473 3065 3555 superiores
3088 3490 3239 3547 sunt,
3270 3490 3324 3536 et
3358 3480 3472 3535 cal-

1863 3594 1989 3639 cant
2026 3598 2088 3637 ea
2120 3601 2133 3636 :
2162 3583 2305 3638 sicut
2337 3590 2393 3635 et
2425 3580 2665 3650 quinque
2694 3578 2863 3633 millia
2926 3592 3093 3646 super
3118 3574 3303 3629 fenum
3362 3573 3475 3629 dis.

1862 3678 2189 3739 cubuerunt,
2218 3677 2319 3728 hoc
2336 3682 2439 3740 est,
2465 3689 2686 3728 carnem
2706 3683 2759 3728 et
2775 3673 3003 3740 gloriam
3027 3676 3378 3739 subiecerunt
3398 3670 3469 3724 ".

1871 3792 1888 3823 ι
1916 3772 2108 3827 Omnis
2156 3772 2302 3826 enim
2363 3784 2515 3831 caro.
2572 3768 2754 3823 fenum
2779 3784 2793 3821 :
2819 3774 2874 3822 et
2897 3768 3073 3823 omnis
3099 3764 3269 3836 gloria
3292 3762 3472 3817 homi~

1865 3868 1951 3920 nis
1971 3865 2226 3921 sicutllos
2261 3864 2453 3917 feni".
2488 3884 2505 3915 ι
2530 3863 2746 3933 Septem
2769 3870 2949 3926 autem
2983 3869 3182 3929 sporta:
3230 3858 3333 3912 hoc
3354 3857 3474 3912 loco

1866 3960 2117 4022 residuae,
2150 3972 2216 4011 eo
2239 3956 2383 4025 quod
2411 3954 2719 4022 spiritualia
2755 3963 2809 4008 et
2850 3951 3173 4022 perfectiora
3207 3949 3465 4012 fuerunt,

1866 4067 1984 4120 quae
2010 4066 2113 4103 non
2144 4058 2434 4119 potuerunt
2476 4047 2784 4100 comedere.
2820 4044 2913 4099 illa
2944 4046 3106 4113 igitur
3126 4051 3473 4113 supererant,

1866 4160 1987 4215 qnze
2024 4152 2229 4213 septem
2285 4150 2483 4211 sporta:
2538 4142 2785 4209 capiunt.
2819 4140 2922 4193 hoc
2980 4146 3084 4203 est,
3124 4152 3245 4207 quae
3325 4140 3475 4192 solus

1868 4246 2095 4293 sanctus
2125 4235 2366 4305 Spiritus
2420 4236 2544 4289 scit.
2575 4233 2808 4301 Spiritus
2851 4234 2997 4287 enim
3037 4234 3220 4287 omnia
3257 4242 3476 4287 scruta-

1871 4339 1977 4391 tur,
2008 4328 2171 4381 etiam
2201 4324 2599 4395 profunditates
2632 4324 2749 4379 Dei.

1940 4419 2105 4474 Vsus.
2143 4420 2231 4474 59.
2284 4437 2301 4471 ι
2344 4417 2407 4472 Et
2432 4418 2674 4472 dimissis
2706 4416 2881 4471 turbis
2913 4416 3233 4473 conscendit
3271 4413 3473 4480 navim,

1869 4513 2195 4582 venitquein
2231 4511 2365 4565 lines
2397 4510 2666 4580 Magdala.
2712 4528 2732 4561 ι
2766 4510 2984 4564 Secedit
3039 4507 3220 4563 Jesus.
3254 4507 3472 4561 Nullum

158 4595 300 4657 σοῦς,
342 4593 473 4645 ἐπεὶ
513 4591 667 4643 οὐδὲν
707 4592 836 4645 ἄλλο
882 4597 1105 4664 σημεῖον
1143 4594 1318 4648 ἐποίει
1359 4596 1578 4657 πλείους
1610 4596 1756 4667 αὑτῷ

1873 4607 2015 4661 enim
2049 4606 2261 4674 signum
2294 4605 2495 4675 plures,
2531 4614 2589 4657 ut
2615 4620 2741 4659 eum
2774 4612 3159 4673 sequerentur,
3191 4602 3473 4665 incitabat,

155 4686 478 4738 ἀκολουθεῖν
514 4683 588 4746 ὡς
620 4684 681 4735 τὸ
716 4684 823 4737 τῶν
855 4687 1052 4755 ἄρτων.
1076 4687 1243 4739 Ὥστε
1272 4688 1365 4740 καὶ
1398 4687 1627 4757 βασιλέα
1658 4689 1759 4740 αύ-

156 4779 237 4828 τὲνν
277 4778 518 4847 ἔμελλον
559 4776 823 4845 ποιῆσαι,
861 4777 936 4841 ὼς
979 4779 1239 4848 Ἰωάννης
1280 4780 1465 4849 φησίν.
1504 4780 1625 4835 Ἵνα
1667 4775 1763 4834 οὖν

160 4872 303 4944 φύγῃ
332 4870 435 4941 τὴν
472 4869 576 4939 τῆς
604 4868 915 4941 τυραννίδος
947 4870 1209 4942 ὑποψίαν,
1241 4872 1582 4942 μεταϐαίνει.

754 5119 1006 5174 ΚΕΦΑΛ.
1039 5118 1155 5205 ις.

160 5265 287 5331 Περὶ
328 5262 444 5329 τῆς
476 5262 665 5329 ζύμης
694 5259 811 5333 τῶν
832 5263 1191 5329 Φαρισαίων.
1224 5263 1360 5333 Περὶ
1388 5263 1498 5331 τῆς
1531 5265 1600 5318 ἐν
1625 5268 1764 5318 Καιο

219 5337 442 5400 σαρείςι
495 5331 945 5405 ἐπερωτήσεως.
1004 5331 1311 5402 Περὶθτῆς(
1361 5336 1764 5405 ἐπιτιμήσεως

220 5408 331 5461 τοῦ
360 5406 634 5473 Πέτρου,.
656 5404 817 5468 ὅπως
851 5403 936 5473 μὴ
969 5406 1226 5473 Χριστὸς
1256 5406 1440 5475 πάθῃ.

228 5538 244 5568 ι
274 5519 388 5571 Καὶ
415 5516 817 5589 προσελθόντες
850 5518 901 5569 oi
928 5519 1215 5585 Φαρισαῖοι
1247 5520 1340 5571 καὶ
1376 5521 1757 5587 Σαδδουκαῖοι,

164 5612 512 5681 πειράζοντες
560 5607 936 5679 ἐπηρώτησαν
978 5610 1142 5663 αὐτὸν
1183 5615 1407 5678 σημεῖον
1440 5616 1502 5665 ἐκ
1531 5614 1625 5667 τοῦ
1662 5617 1757 5667 οὑ-

166 5704 315 5768 ρινέοῦ
342 5703 620 5767 ἐπιδεῖξαι
645 5702 850 5765 αὐτοῖς.
890 5721 907 5754 ι
939 5703 1057 5755 Κᾶν
1086 5706 1198 5765 τοῖς
1222 5706 1458 5774 δόγμασι
1486 5708 1759 5759 διίσταντο

165 5796 438 5865 Φαρισαῖοι
484 5800 583 5851 καὶ
638 5796 1009 5862 Σαδδουκαῖοι,
1047 5797 1184 5850 ἀλλά
1230 5815 1285 5864 γε
1337 5798 1474 5852 κατὰ
1520 5801 1756 5870 Χριῖτοῦ

1873 4714 2035 4769 quam
2072 4698 2200 4753 illud
2238 4699 2381 4767 quod
2411 4699 2464 4752 in
2518 4696 2951 4763 multiplicandis
2985 4696 3220 4765 panibus
3251 4696 3473 4751 fecerat.

1872 4792 1947 4847 Ita
1983 4803 2038 4845 ut
2073 4792 2258 4857 etiam,
2304 4790 2766 4859 quemadmodum
2794 4787 3157 4855 altloanues,
3197 4789 3250 4841 in
3292 4804 3474 4858 regem

1873 4887 2201 4955 assumpturi
2250 4895 2408 4939 erant
2472 4884 2621 4938 illum
2647 4884 2716 4937 ³³.
2778 4882 2936 4939 Unde
2986 4890 3043 4937 et
3095 4882 3322 4946 secedit,
3369 4897 3477 4951 quo

1874 4978 2178 5049 tyrannidis
2207 4978 2429 5048 effugiat
2467 4976 2865 5045 suspicionem.

2474 5126 2703 5184 CAPUT
2735 5126 2875 5183 XVI.

1875 5260 1953 5316 De
1985 5263 2241 5332 fermento
2272 5261 2698 5319 Pharisazorum.
2738 5264 2812 5317 De
2841 5264 2984 5332 facta
3016 5262 3275 5317 Cwsarem
3312 5266 3481 5317 ίηιενς

1949 5337 2241 5415 rogatione:
2281 5336 2353 5388 De
2395 5336 2755 5403 increpatione
2787 5333 2936 5388 Petri
2998 5336 3264 5389 renitentia
3326 5338 3479 5389 (ἐπιί-

1946 5417 2087 5458 stum
2115 5416 2250 5473 patr.

1950 5522 2113 5577 Vsus.
2150 5524 2197 5575 ι.
2236 5540 2253 5572 ι
2284 5522 2350 5579 Et
2377 5520 2617 5592 aggressi
2649 5520 2910 5576 Pharisaei
2972 5537 3076 5575 una
3103 5537 3221 5575 cum
3270 5520 3481 5575 Saddu-

1872 5617 2020 5680 czeis,
2039 5623 2311 5671 tentantes
2328 5617 2592 5685 rogabant
2609 5631 2732 5669 eum
2759 5616 3047 5687 utsignum
3070 5631 3098 5669 e
3128 5615 3265 5669 coelo
3289 5625 3480 5668 osten-

1872 5708 2022 5764 deret
2055 5710 2179 5763 sibi.
2222 5729 2240 5760 ι
2278 5709 2517 5763 Tametsi
2585 5710 2855 5779 dogmatis
2909 5709 3208 5764 dissideant
3268 5706 3481 5761 Saddu-

1877 5806 1968 5857 cmi
2007 5814 2058 5857 et
2095 5804 2381 5868 Finitimi,
2420 5805 2775 5859 nihilominus
2832 5814 3011 5860 tamen
3078 5811 3266 5857 contra
3319 5800 3475 5858 (Ἀπία

231 5964 267 5992 ’³
313 5962 478 6021 Ιέιιιι.
561 5978 669 6027 'stv,
723 5962 799 6015 ιδ.
882 5964 924 5991 ²¹
967 5961 1220 6025 lCor.:t,
1279 5962 1355 6015 lii.
1441 5961 1661 6017 πίναξι.
1700 5980 1769 6031 ιι,
1822 5966 1899 6019 ιζ»,
