4004 6420
601 431 705 497 315

607 555 746 597 stum
777 537 1106 612 conspirant.
1136 537 1358 608 Signum
1395 542 1577 591 autem
1610 551 1640 593 e
1665 536 1804 592 coelo
1848 546 2053 606 petunt.
2113 543 2170 592 ut
2201 541 2243 598 Α

605 637 798 688 sistere
846 632 1012 687 solem
1058 623 1142 686 vel
1165 629 1368 682 lunam.
1401 626 1796 682 Existimabam
1846 629 1990 682 enim
2032 629 2174 696 quod

606 726 758 795 signa
788 739 905 792 qius
939 735 1099 792 super
1128 730 1326 776 terram
1355 721 1574 789 fiebant,
1632 720 1897 777 diabolica
1978 723 2175 776 virtute

607 818 740 872 etin
772 814 1068 869 Beelzebub
1109 813 1321 873 fierent.
1347 811 1670 883 lgnorabant
1691 812 1831 867 enim
1861 811 2176 882 insipientes

607 907 746 977 quod
771 905 880 976 83
912 914 966 960 et
1017 904 1195 960 loses
1248 905 1301 960 in
1339 903 1569 975 Egypto
1601 905 1764 959 multa
1795 905 1947 973 signa
2010 909 2172 976 super

612 1011 807 1054 terram
834 999 1058 1062 fecerat,
1087 1005 1142 1052 et
1164 998 1340 1070 ignem
1369 1013 1400 1052 e
1446 997 1581 1052 coelo
1617 998 1963 1053 descendisse
2013 1013 2174 1068 super

607 1101 797 1158 pecora
843 1087 960 1152 Job,
991 1101 1019 1142 a
1065 1087 1281 1143 diabolo
1331 1095 1468 1154 erat,
1508 1097 1670 1158 atque
1697 1089 1830 1144 adeo
1861 1103 1966 1143 non
1993 1089 2172 1144 omnia

605 1193 725 1249 quae
746 1195 775 1234 ο
796 1179 963 1245 ccelo,
990 1194 1019 1233 a
1052 1177 1165 1234 Deo
1199 1197 1211 1234 :
1250 1193 1426 1248 neque
1469 1193 1590 1248 quas
1615 1180 1668 1234 in
1728 1188 1870 1234 terra
1899 1179 2104 1248 omnia,
2143 1195 2171 1236 a

605 1271 953 1326 daemonibus.

679 1359 840 1417 Vsus.
871 1361 987 1416 24.
1026 1379 1045 1413 ι
1081 1362 1151 1414 At
1185 1361 1275 1417 ille
1311 1363 1670 1432 respondens,
1710 1363 1847 1419 dixit
1875 1365 1998 1421 eis:
2035 1365 2171 1420 Cum

607 1453 830 1522 cmperit
862 1468 981 1509 esse
1025 1468 1273 1524 vespera,
1310 1453 1510 1520 dicitis,
1540 1452 1816 1510 Seneritas
1867 1460 2003 1526 erit,
2052 1475 2173 1513 nam

609 1543 763 1596 rubet
814 1543 1030 1599 ctelum.
1085 1543 1153 1599 Et
1197 1559 1397 1601 mane:
1433 1545 1602 1603 Hodie
1653 1555 1962 1618 tempestas,
2020 1553 2177 1606 rubet

608 1634 752 1688 enim
787 1635 982 1690 cmlum
1017 1635 1185 1690 triste.
1229 1635 1570 1708 Hypocritm,
1625 1639 1816 1697 faciem
1865 1645 1988 1699 coeli
2029 1645 2176 1700 scitis

609 1727 936 1797 dijudicare,
989 1730 1141 1800 signa
1174 1745 1305 1792 vero
1353 1743 1653 1803 temporum
1696 1753 1801 1792 non
1851 1740 2112 1808 potestis?
2152 1761 2169 1793 ι

609 1817 968 1887 Reprehendit
1001 1821 1313 1876 tentalivam
1365 1824 1579 1879 illorum
1609 1827 1984 1895 quaestionem,
2011 1830 2177 1900 hypo-

609 1908 776 1964 critas
818 1909 961 1978 ipsos
1005 1908 1314 1975 nominans,
1354 1924 1407 1968 et
1449 1916 1619 1985 inquit
1658 1936 1674 1971 ι
1713 1918 1865 1973 Sicut
1895 1921 2172 1990 signorum

609 1990 981 2067 apparentium
1019 2002 1069 2055 in
1098 2002 1236 2058 cmlo
1267 2003 1410 2058 aliud
1433 2006 1651 2075 quidem
1674 2008 2002 2078 pluvarium,
2029 2011 2171 2066 aliud

609 2098 788 2143 autem
827 2092 1136 2147 serenitatis
1183 2095 1440 2150 indicium
1493 2108 1612 2153 est:
1666 2111 1720 2155 et
1773 2116 1930 2158 nemo
1986 2105 2170 2161 videns
2217 2096 2220 2102 ’

607 2180 907 2249 pluviarum
954 2184 1188 2254 signum,
1232 2188 1584 2243 serenitatem
1618 2191 1879 2262 requirit:
1915 2195 1996 2249 vel
2025 2211 2173 2252 sere.

609 2267 793 2322 uitatis
818 2267 1032 2337 signum
1062 2272 1282 2340 videns,
1315 2275 1521 2344 pluvias
1547 2278 1695 2332 timet
1723 2298 1736 2335 :
1781 2281 1860 2336 sic
1906 2292 1962 2338 et
1993 2285 2060 2340 de
2088 2301 2172 2341 me

606 2359 845 2427 cogitare
863 2368 1098 2430 oportet,
1125 2362 1267 2431 quod
1290 2365 1434 2421 aliud
1461 2373 1670 2438 tempus
1697 2370 1856 2442 huius
1883 2374 2168 2446 adventus,

607 2462 660 2506 et
689 2451 832 2506 aliud
866 2453 1054 2510 futuri.
1079 2454 1246 2513 Nunc
1279 2470 1416 2527 opus
1444 2469 1528 2516 est
1554 2462 1828 2520 miraculis
1875 2465 1928 2520 in
1976 2478 2117 2526 terra
2155 2486 2168 2525 :

608 2557 725 2610 quae
756 2552 931 2598 autem
965 2546 1016 2599 in
1056 2547 1194 2601 cmlo
1242 2548 1405 2615 ﬂent,
1453 2565 1624 2622 usque
1677 2555 1731 2608 iu
1784 2555 1915 2612 illud
1965 2567 2175 2629 tempus

609 2634 1047 2702 reservabuntur,
1077 2652 1184 2707 quo
1221 2637 1303 2694 sol
1337 2642 1734 2712 exstingustur,
1771 2645 1894 2701 luna
1930 2649 2170 2705 occulta-

609 2724 772 2791 bitur,
822 2727 1017 2783 caelum
1062 2728 1435 2786 immutabitur
1489 2733 1556 2787 “.
1619 2753 1638 2787 ι
1694 2735 1853 2793 Natio
1901 2754 2065 2809 prava
2121 2752 2175 2798 et

607 2816 847 2872 adultera
882 2814 1095 2890 sigrium
1124 2823 1373 2891 requirit,
1406 2836 1460 2880 et
1487 2825 1701 2897 signum
1735 2845 1840 2885 non
1865 2830 2080 2887 dabitur
2101 2835 2172 2899 ei,

606 2903 710 2958 nisi
741 2906 948 2973 signum
971 2906 1120 2964 Jonas
1153 2913 1451 2981 prophetas.
1483 2915 1548 2969 Et
1581 2917 1780 2975 relictis
1811 2920 1937 2988 illis,
1967 2923 2118 2979 abiit.
2151 2943 2168 2975 ι

606 2990 766 3048 Natio
792 2995 949 3061 mala,
977 3006 1161 3067 utpote
1187 3007 1405 3059 tentans
1430 3021 1443 3057 :
1469 3013 1525 3058 et
1548 3006 1810 3072 adultera,
1838 3019 1896 3065 ut
1923 3013 2175 3070 deficiens

608 3097 637 3135 a
693 3081 831 3150 Deo,
892 3095 944 3141 et
1005 3087 1286 3146 adhaerens
1345 3093 1580 3150 diabolo.
1632 3097 1943 3159 Petentibus
1994 3114 2172 3160 autem
2245 3143 2250 3146 ς

607 3175 814 3245 signum
841 3194 871 3233 e
894 3179 1052 3246 coelo,
1082 3197 1184 3236 non
1207 3184 1297 3237 dat
1329 3185 1430 3240 nisi
1454 3188 1670 3256 signum
1702 3189 1850 3247 Jonat
1873 3196 2168 3264 prophetae,
2201 3224 2248 3288 ο

611 3267 711 3319 hoc
743 3276 843 3333 est,
874 3272 1017 3337 quod
1043 3273 1095 3326 in
1129 3281 1319 3330 ventre
1338 3280 1514 3347 magni
1547 3283 1674 3350 ceti,
1701 3284 1800 3339 hoc
1825 3295 1928 3351 est,
1961 3293 2171 3357 mortis,

611 3356 781 3413 factus
808 3361 1110 3430 triduanus,
1137 3368 1543 3436 resurgetJloc
1565 3384 1744 3429 autem
1770 3377 1982 3446 signum
2011 3356 2171 3437 etiam

607 3463 638 3503 ο
676 3451 812 3506 caelo
839 3466 960 3509 asse
989 3455 1212 3520 dixeris.
1243 3457 1301 3513 In
1334 3472 1505 3518 morte
1533 3466 1679 3519 enim
1707 3469 1824 3538 ejus
1853 3471 2176 3529 obtenebra-

611 3551 695 3597 tus
719 3553 801 3600 est
834 3545 945 3614 sol,
988 3556 1041 3602 et
1086 3561 1334 3606 creatura
1372 3557 1547 3611 omnis
1590 3555 1870 3616 immutata
1905 3574 2006 3619 est.
2042 3567 2176 3622 Vide

609 3644 788 3689 autem
833 3653 1172 3709 sermonem:
1211 3662 1228 3694 ι
1274 3643 1498 3715 Signum
1561 3663 1667 3705 non
1714 3653 1929 3710 dabitur
1976 3660 2023 3712 ei
2072 3660 2174 3715 nisi

606 3725 817 3795 signum
837 3726 984 3783 Jonze
1004 3733 1295 3801 prophetae.
1328 3753 1346 3787 ι
1377 3735 1510 3807 Ipsis
1530 3742 1671 3795 enim
1697 3743 1819 3798 data
1844 3757 1969 3801 sunt
1995 3751 2172 3819 signa,

610 3816 711 3872 hoc
738 3829 839 3886 est,
871 3832 1092 3892 propter
1119 3825 1266 3896 ipsos
1298 3826 1440 3884 facta
1466 3839 1623 3900 sunt,
1659 3837 1873 3892 tametsi
1909 3854 2011 3893 non
2050 3816 2174 3897 ere;-

609 3908 863 4052 diderint.
895 3913 1128 3974 Proinde
1158 3919 1211 3974 et
1250 3919 1453 3978 relictis
1495 3922 1601 3978 illis
1641 3933 1698 3980 ut
1749 3926 2170 3999 incurabilibus,

609 4011 636 4048 a
676 3997 761 4052 iit.

609 3997 761 4055 abiit.

2210 1875 2251 1938 il

678 4191 841 4248 Vens.
884 4196 937 4256 5,
969 4197 1019 4250 6.
1053 4218 1071 4249 ι
1108 4198 1320 4254 Etcum
1359 4202 1632 4257 vertissent
1671 4205 1914 4277 discipuli
1959 4209 2075 4280 ejus
2121 4214 2171 4267 in

608 4281 917 4338 ulteriorem
968 4287 1170 4355 ripam,
1213 4305 1309 4359 per
1354 4291 1674 4348 oblivionem
1713 4311 1817 4350 non
1850 4303 2174 4369 acceperunt

608 4388 790 4440 panes.
826 4374 891 4428 At
923 4375 1076 4432 Jesus
1107 4380 1239 4432 dixit
1274 4380 1378 4436 illis
1407 4401 1419 4436 :
1456 4380 1640 4438 Videte
1681 4393 1732 4440 et
1766 4397 1953 4443 cavete
1984 4406 2011 4443 a
2063 4391 2171 4444 fer.

609 4473 790 4517 mento
825 4463 1218 4522 Pharisaeorum
1261 4479 1315 4524 et
1364 4471 1802 4531 Sadducacorum.
1841 4497 1859 4529 ι
1896 4480 2168 4546 Quemad-

608 4557 822 4609 modum
870 4555 1189 4614 fermentum
1236 4577 1478 4618 amarum
1532 4578 1612 4621 est
1664 4579 1716 4622 et
1766 4581 1957 4638 vetus,
2013 4578 2083 4628 itn
2119 4585 2171 4630 et
2205 4571 2250 4628 D

607 4645 996 4703 Pharisaeorum
1057 4662 1108 4705 et
1166 4654 1578 4711 Sndducmnrum
1647 4662 1888 4716 doctrina
1963 4667 2172 4722 mordet

611 4740 835 4804 animas,
868 4756 1046 4793 amara
1081 4747 1368 4812 exs'stens,
1394 4756 1446 4800 et
1472 4758 1682 4804 veteres
1711 4754 1980 4807 seniorum
2007 4760 2171 4810 tradi-

614 4833 788 4886 tiones
817 4835 1175 4890 introducens.
1213 4837 1276 4891 Et
1297 4839 1436 4894 sicut
1463 4841 1782 4897 fermentum
1813 4841 2169 4914 temperatura

609 4937 688 4979 cst
730 4943 878 4994 aqum
930 4941 982 4982 et
1037 4929 1224 4985 farina:
1274 4952 1285 4985 :
1342 4936 1418 4988 sic
1472 4935 1713 4991 doctrina
1768 4939 2163 4995 l’harisworum

616 5020 769 5070 mista
811 5031 892 5073 cst
937 5039 999 5073 ex
1067 5038 1311 5079 sermone
1357 5036 1410 5080 et
1473 5043 1535 5080 ex
1589 5031 1692 5083 vita
1734 5045 2005 5101 corrupta.
2059 5034 2170 5088 Non

613 5111 744 5162 dixit
776 5123 954 5165 autem
987 5115 1091 5168 illis
1121 5118 1432 5172 manifeste:
1469 5121 1663 5175 Cavete
1691 5140 1716 5174 a
1759 5125 2002 5177 docuina
2031 5127 2169 5179 Pha-

611 5204 904 5270 risteorum,
940 5215 995 5259 ut
1021 5223 1284 5264 memores
1312 5227 1404 5265 eos
1443 5210 1644 5267 faceret
1677 5217 1812 5285 signi
1842 5234 2057 5286 panum.

1520 428 2105 492 THEOPHYLACTI
2142 425 2557 493 BULGARI/B
2580 430 2951 497 ARCHIEP.

3753 435 3864 499 316

2276 538 2649 608 συμπνέουσιο
2689 541 2920 610 σημεῖον
2957 540 3014 593 δὶ
3058 539 3122 596 ἐκ
3161 541 3255 595 τοῦ
3299 541 3532 613 οὐρανοῦ
3574 542 3860 613 ζητοῦσιν,

2275 623 2388 680 οἷον
2416 628 2568 697 ήλιον
2607 629 2829 697 στῆσαι,
2871 630 3123 702 σελήνηψ
3155 631 3381 686 ὲδόκουν
3413 633 3521 705 γὰρ
3553 635 3635 686 ὅτι
3663 633 3730 687 τά
3763 635 3862 686 ἐπὶ

2275 723 2375 790 τῆς
2404 723 2505 792 γῆς
2553 726 2775 794 σημεῖα,
2833 725 2943 779 ἀπὸ
2980 726 3300 796 δαιμονικῆς
3347 728 3629 797 δυνάμεως
3665 728 3759 782 καὶ
3801 731 3865 780 tv

2276 814 2606 879 Βεελζεδοὺλ
2645 821 2903 885 γίνονται.
2953 819 3213 888 Ἥγνόουν
3250 821 3357 891 γάρ
3399 823 3447 874 oi
3479 821 3724 891 ἀνόητοι,
3773 823 3864 873 ὃτι

2276 904 2370 956 καὶ
2402 905 2430 957 δ
2453 905 2660 976 Μωσῆς
2689 908 2746 960 tv
2784 909 3046 978 Αἰγύπτῳ
3085 910 3254 965 πολλὰ
3297 914 3501 982 σημεῖα
3533 913 3596 965 ὲκ
3631 913 3729 982 τῆς
3753 913 3863 981 γῆς

2276 995 2521 1067 ἐποίησε,
2563 1000 2659 1052 καὶ
2687 1001 2748 1054 τὺ
2783 1001 2896 1074 πῦρ
2923 1002 2984 1055 τὸ
3027 1002 3086 1068 ἐξ
3115 1004 3347 1074 οὐρανοῦ
3377 1003 3638 1058 κατελθὸν
3667 1005 3764 1057 ἐπὶ
3792 1004 3865 1056 τὰ

2275 1089 2368 1141 τοῦ
2409 1088 2532 1143 Ἰὼϐ
2558 1092 2751 1162 κτήνη,
2785 1095 2893 1148 άπὸ
2913 1094 3006 1148 τοῦ
3033 1096 3279 1150 διαϐόλου
3312 1093 3400 1169 ἦν·
3426 1097 3567 1151 ὥστε
3591 1099 3650 1152 οὐ
3677 1098 3866 1153 πάντα

2274 1181 2343 1234 τὰ
2377 1182 2437 1247 t5
2465 1183 2696 1255 οὐρανοῦ
2719 1226 2733 1251 ,
2761 1188 2824 1240 ἐκ
2867 1186 3028 1243 Θεοῦο
3054 1188 3173 1243 οὐδὲ
3204 1191 3274 1244 τὰ
3302 1191 3366 1244 ἑκ
3396 1191 3499 1262 γῆς
3545 1192 3756 1256 πάντα,
3795 1195 3866 1247 ὲκ

2275 1273 2565 1344 δαιμόνων.

2352 1386 2370 1418 ι
2420 1368 2479 1421 '0
2508 1367 2565 1421 δὲ
2619 1371 2940 1442 ἀποκριθεὶς
2968 1368 3122 1427 εἶπεν
3148 1375 3353 1440 αὐτοῖς’
3397 1377 3591 1447 Ὀψίας
3625 1382 3863 1451 γενομέ-

2279 1468 2396 1526 νης,
2435 1459 2653 1539 ’λέγετεο
2687 1463 2878 1531 Εὐδία,
2914 1467 3187 1538 πυρράζει
3238 1468 3348 1540 γὰρ
3385 1471 3414 1525 ό
3449 1472 3702 1543 οὐρανός.
3751 1474 3870 1527 Καὶ

2280 1537 2438 1622 πρωέ
2491 1537 2751 1625 ¹Σήμερον
2795 1537 3024 1628 χειμὼν,
3070 1537 3341 1632 πυρράζεί
3397 1537 3868 1635 γὰρ’-στυγνάζων

2277 1646 2305 1696 ό
2333 1645 2563 1716 οὐρανός
2585 1662 2601 1679 ο
2637 1647 2956 1721 ὑποκριταὶ,
2979 1649 3036 1703 τὸ
3064 1650 3161 1722 μὲν
3194 1652 3485 1723 πρόσωπον
3510 1655 3604 1708 τοῦ
3625 1656 3866 1724 οὐρανοῦ

2279 1735 2574 1801 γινώσκετε
2607 1738 2930 1812 διακρίνειν,
2961 1741 3028 1795 τὰ
3065 1741 3121 1795 δὲ
3161 1748 3365 1814 σημεῖα
3394 1746 3502 1800 τῶν
3543 1747 3767 1819 καιρῶν
3801 1748 3868 1802 οὐ

2278 1828 2506 1882 δύνασθε
2531 1847 2546 1897 ;
2580 1848 2599 1883 ι
2623 1830 2867 1902 Ἐλέγχει
2890 1833 2990 1904 τὴν
3021 1837 3382 1907 πειραστικὴν
3400 1837 3580 1893 αὐτῶν
3608 1838 3866 1910 ζήτησιν,

2281 1920 2580 1993 ὑποκριτὰς
2607 1923 2805 1987 αὐτοὺς
2843 1923 3147 1994 ὀνομάζων,
3181 1927 3277 1982 καὶ
3311 1930 3478 1999 φησὶν
3526 1932 3610 1983 ὅτι
3640 1932 3869 2001 Ὥσπερ

2277 2013 2384 2066 νῶν
2419 2015 2477 2067 tv
2513 2011 3100 2089 οὖρανῷιραινομένων
3143 2019 3273 2075 ἄλλο
3331 2023 3432 2092 μὲν
3463 2024 3560 2077 τοῦ
3590 2025 3869 2094 χειμῶνος

2232 2168 2237 2174 .
2280 2108 2524 2175 σημεῖον,
2555 2107 2686 2161 ἄλλο
2710 2109 2767 2163 δὶ
2789 2110 2891 2179 τῆς
2925 2111 3127 2177 εὐδίας,
3160 2113 3257 2166 καὶ
3303 2114 3405 2168 οὐκ
3443 2115 3508 2169 ᾶν
3539 2134 3623 2179 τις
3665 2117 3729 2170 τὸ
3762 2134 3868 2187 ση-

2281 2198 2431 2266 μεῖον
2464 2197 2558 2250 τοῦ
2604 2192 2876 2270 χειμῶνος
2926 2203 3070 2270 ίδὼν,
3113 2205 3358 2276 γαλήνην
3389 2207 3702 2278 ζητήσειεν,
3738 2204 3870 2262 οὐδὲ

2279 2285 2337 2341 τὸ
2364 2289 2465 2359 τῆς
2497 2290 2763 2364 γαλήνης,
2794 2295 3071 2365 χειμῶνα*
3100 2297 3243 2352 οὕτω
3277 2299 3371 2353 καὶ
3403 2302 3533 2371 περὶ
3552 2301 3686 2372 ἐμοῦ
3714 2300 3871 2371 λογί-

2280 2381 2472 2445 ζεσθαι
2493 2383 2629 2456 χρή.
2660 2384 2854 2450 Ἄλλος
2891 2388 2999 2458 γὰρ
3048 2382 3202 2454 οὗτος
3229 2390 3329 2461 τῆς
3365 2393 3667 2463 παρουσίας
3687 2395 3717 2448 ὁ
3738 2411 3872 2448 και-

2279 2471 2393 2541 ρὺς,
2427 2472 2524 2526 καὶ
2553 2473 2714 2538 ᾶλλος
2743 2477 2771 2529 ό
2813 2477 3027 2545 μέλλων
3051 2496 3064 2512 ο
3098 2478 3197 2534 νῦν
3227 2483 3386 2552 χρεία
3416 2480 3525 2546 ⁸τῶν
3566 2484 3624 2537 tv
3664 2487 3734 2556 γῇ
3763 2500 3871 2556 σηε-

2282 2560 2474 2630 μείων.
2500 2562 2582 2616 Τά
2605 2562 2664 2615 δὲ
2698 2565 2756 2618 tv
2794 2564 2872 2635 τῷ
2893 2565 3132 2637 οὐρανῷ,
3166 2567 3225 2623 tv
3261 2569 3454 2637 ἐκεινῳ
3479 2569 3555 2640 τῷ
3574 2569 3752 2642 καιρῷ
3769 2587 3872 2625 τασ

2281 2655 2550 2721 μιεύεται,
2583 2654 2673 2708 ὅτε
2725 2656 2754 2709 ό
2796 2656 2949 2728 ήλιος
2993 2658 3374 2731 σϐεσθήσεται,
3415 2662 3448 2733 ἡ
3492 2661 3686 2733 σελήνη
3725 2679 3872 2735 κρυ-

2277 2742 2570 2813 ϐήσεται,ό
2595 2746 2823 2816 οὐρανὸς
2862 2747 3280 2820 ἁλλαγήσεται.ι
3312 2749 3480 2804 Γενεὰ
3513 2751 3727 2822 πονηρὰ
3763 2753 3872 2808 καὶ

2279 2834 2527 2904 μοιχαλὶς
2556 2838 2784 2906 σημεῖον
2810 2836 3082 2908 ἐπιζητεῖ,
3111 2839 3206 2893 καὶ
3238 2843 3464 2911 σημεῖον
3485 2842 3544 2895 οὐ
3569 2843 3870 2914 δοθήσεται

2275 2925 2438 2993 αὐτῇ,
2474 2925 2522 2977 ει
2553 2926 2628 2997 μὴ
2661 2925 2722 2980 τὸ
2777 2931 3006 3000 σημεῖον
3041 2930 3199 2984 Ἰωνᾶ
3247 2931 3341 2984 τοῦ
3401 2933 3705 3002 προφήτου,
3764 2934 3871 2986 καὶ

2279 3017 2594 3074 καταλιπὼν
2626 3019 2826 3084 αὐτοὺς
2856 3018 3091 3093 άπῆλθε.
3132 3041 3150 3076 ι
3178 3023 3404 3094 Πονηρὰ
3424 3025 3606 3093 γενεά,
3627 3024 3704 3088 ὡς
3737 3041 3872 3077 πειο

2279 3104 2556 3176 ράζοντες,
2606 3110 2888 3180 μοιχαλὶς,
2920 3113 2996 3178 ὼς
3031 3113 3392 3185 ἀφιστάμενοι
3431 3115 3526 3171 τοῦ
3573 3116 3729 3170 Θεοῦ·
3765 3117 3872 3171 xa't

2279 3201 2612 3274 κολλώμενοι
2637 3203 2715 3275 τῷ
2752 3204 3007 3277 διαϐόλῳ.
3039 3208 3274 3278 Σημεῐον
3319 3209 3375 3262 δὲ
3407 3207 3466 3276 ἑξ
3495 3209 3726 3280 οὐρανοῦ
3760 3213 3872 3282 ζη-

2276 3291 2537 3359 τούντων,
2572 3295 2632 3346 οὐ
2654 3295 2870 3351 δίδωσιν
2897 3297 2945 3350 εί
2968 3297 3044 3368 μή
3095 3298 3156 3351 τὸ
3193 3301 3420 3369 σημεῖον
3460 3297 3632 3366 Ἰωνᾶ,
3692 3318 3872 3357 τουτ-

2275 3384 2443 3453 έστιν,
2469 3387 2550 3441 ὅτι
2573 3389 2872 3459 τριήμιρος
2901 3391 2956 3443 tv
2975 3395 3040 3462 τῃ
3059 3391 3236 3464 κοιλίᾳ
3265 3391 3362 3445 τοῦ
3389 3393 3629 3462 μεγάλου
3655 3395 3874 3464 κήτους

2275 3478 2368 3530 τοῦ
2422 3479 2659 3536 Θανάτου
2717 3482 3028 3553 γενόμενος,
3084 3485 3475 3557 ἀναστήσεται.
3509 3485 3678 3540 Τοῦτο
3717 3486 3782 3540 δὲ
3806 3488 3876 3540 τὸ

2277 3573 2523 3641 σημεῖον,
2554 3575 2646 3626 καὶ
2675 3572 2736 3639 ἐξ
2769 3575 3001 3646 οὐρανοῦ
3031 3577 3205 3641 εῑποις
3231 3577 3297 3632 ἂν
3315 3573 3477 3631 είναι.
3522 3578 3609 3631 Ἓν
3641 3578 3756 3649 γὰρ
3784 3581 3874 3650 τῷ

2276 3661 2492 3732 θανάτῳ
2512 3663 2701 3730 αὐτοῦ,
2725 3665 2754 3718 ὁ
2779 3665 2928 3735 ἥλιος
2956 3666 3245 3738 ἐσκοτίσθη
3268 3683 3280 3697 ·
3318 3669 3416 3721 καὶ
3499 3668 3674 3731 κτίσις
3707 3671 3875 3724 πᾶσα

2275 3755 2556 3824 ἠλλοίωτο.
2594 3756 2739 3827 Ὀρα
2772 3756 2946 3826 δὲτὴν
2968 3758 3168 3825 “Emi
3211 3760 3445 3828 Σημεῖον
3476 3760 3537 3812 οὺ
3569 3759 3875 3831 δοθήσεται

2273 3849 2410 3921 αὐτῇ
2444 3851 2493 3904 εί
2519 3852 2595 3923 μὴ
2625 3852 2685 3905 τὸ
2726 3856 2954 3924 σημεῖον
2998 3854 3152 3908 Ἰωνᾶ
3209 3856 3303 3908 τοῦ
3344 3856 3648 3926 προφήτου.
3692 3875 3709 3907 ι
3753 3859 3878 3912 Αὐ-

2272 3945 2386 4006 τοϊς
2412 3942 2521 4014 γὰρ
2565 3943 2802 3997 ἐδίδοντο
2849 3945 2918 3998 τὰ
2975 3947 3199 4016 σημεῖα,
3245 3947 3514 4012 τουτέστι,
3560 3947 3629 4000 δι’
3660 3948 3877 4015 αὐτοὺς

2275 4035 2540 4103 ἐγίνοντο,
2575 4038 2680 4090 κᾶν
2713 4037 2912 4090 ἐκεῖνοι
2954 4038 3243 4106 ἠπίστουν.
3278 4039 3372 4093 Διὸ
3418 4039 3877 4098 καὶικαταλιπὼν

2276 4127 2472 4189 αὐτοὺς
2497 4125 2570 4191 ὡς
2589 4128 3023 4199 ἀθεραπεύτους,
3055 4131 3322 4202 ἀπῆλθεν.

2354 4237 2371 4269 ι
2418 4220 2528 4272 Καὶ
2569 4220 2817 4285 ἐλθόντες
2870 4224 2918 4275 οἱ
2973 4223 3215 4295 μαθηταὶ
3257 4225 3426 4278 αὑτοῦ
3457 4228 3535 4290 είς
3566 4227 3626 4280 τὸ
3659 4227 3875 4299 πέραν,

2277 4310 2604 4376 ἐπελάθοντο
2644 4314 2842 4384 ἄρτους
2881 4315 3085 4370 λαϐεῖν.
3133 4316 3188 4369 '0
3220 4317 3276 4369 δὲ
3319 4317 3528 4388 Ἰησοῦς
3571 4315 3726 4372 εἶπεν
3756 4321 3873 4375 αὑ-

2279 4404 2421 4479 τοῖς·
2468 4401 2665 4472 Ὁρᾶτε
2694 4406 2788 4458 καὶ
2827 4407 3122 4477 προσέχετε
3150 4409 3258 4461 ἀπὸ
3279 4410 3376 4478 τῆς
3413 4409 3593 4479 ζύμης
3617 4411 3725 4464 τῶν
3755 4414 3879 4466 Φα-

2276 4477 2504 4563 ρισαίων
2546 4497 2640 4548 καὶ
2682 4498 3080 4553 Σαδδουκαίων.
3125 4520 3141 4552 ι
3176 4501 3390 4573 Ὥσπερ
3424 4505 3454 4573 ἡ
3486 4477 3631 4575 ζύμη
3651 4503 3879 4576 ὀξώδης

2277 4586 2393 4637 ἐστὶ
2440 4587 2534 4640 καὶ
2586 4587 2812 4653 παλαιὰ,
2842 4588 2984 4642 οὕτω
3015 4594 3109 4645 καὶ
3159 4595 3193 4663 ή
3241 4596 3350 4647 τῶν
3401 4596 3715 4666 Φαρισαίων
3769 4600 3882 4651 καὶ

2280 4675 2656 4730 Σαδδουκαίων
2697 4679 3020 4734 διδασκαλία
3050 4683 3239 4737 ἔδακνε
3287 4686 3385 4750 τὰς
3423 4687 3622 4758 ψυχὰς,
3654 4689 3881 4761 ὀξώδης

2279 4761 2434 4831 οὖσα,
2464 4771 2555 4822 καὶ
2581 4771 2815 4835 παλαιὰς
2849 4775 3175 4844 παραδόσεις
3193 4779 3302 4832 τῶν
3333 4782 3726 4853 πρεσϐυτέρων
3750 4790 3882 4839 εἰσ-

2280 4862 2515 4925 άγουσα·
2563 4864 2656 4915 καὶ
2700 4863 2888 4933 ὥσπερ
2919 4867 2948 4935 ή
2978 4866 3122 4938 ζύμη
3148 4869 3326 4939 μίγμα
3363 4874 3512 4926 ἐστὶν
3540 4874 3731 4938 ὕδατος
3771 4885 3882 4936 καὶ

2282 4952 2534 5022 ἀλεύρου,
2590 4955 2735 5007 οὕτω
2788 4959 2879 5009 καὶ
2937 4960 3323 5028 ήδιδασκαλία
3380 4965 3487 5017 τῶν
3521 4968 3876 5040 Φαρισαίων,

2286 5046 2449 5115 μικτὴ
2481 5047 2542 5100 ἐκ
2568 5066 2621 5100 τε
2653 5049 2809 5117 λόγου
2845 5051 2938 5104 καὶ
2965 5052 3082 5120 βίου
3135 5053 3554 5127 διεφθαρμένου.
3589 5063 3706 5116 Οὐκ
3740 5063 3880 5122 εἷπε

2281 5133 2335 5184 δὲ
2365 5135 2547 5198 αὐτοῖς
2576 5140 2850 5207 φανερῶς,
2881 5142 3184 5213 Προσέχετε
3215 5146 3323 5199 ἀπὸ
3367 5149 3464 5218 τῆς
3506 5151 3880 5222 διδασκαλίας

2279 5225 2386 5275 τῶν
2411 5228 2740 5296 Φαρισαίων,
2779 5231 2864 5285 ἵνα
2923 5235 3214 5307 ὑπομνήσῃ
3243 5239 3441 5304 αὐτοὺς
3475 5243 3583 5295 τῶν
3615 5249 3879 5315 σημείων

2184 5323 2188 5326 ⁷
2279 5315 2385 5368 τῶν
2416 5319 2617 5386 ἄρτων.

686 5386 844 5443 Vsus.
873 5389 1009 5443 7-H.
1048 5413 1063 5443 ι
1102 5393 1166 5447 At
1194 5395 1265 5447 illi
1292 5399 1604 5466 reputabant
1627 5401 1766 5455 intra
1795 5417 1870 5469 se,
1897 5405 2168 5461 dicentes:

617 5476 787 5531 Panes
837 5495 942 5533 non
1001 5487 1340 5551 sumpsimus.
1391 5489 1539 5554 Quod
1577 5491 1661 5544 ubi
1697 5496 1946 5562 cognovit
1992 5496 2168 5563 Jesus,

613 5571 745 5622 dixit
783 5572 919 5626 illis:
956 5575 1091 5640 Quid
1119 5579 1366 5644 cogitatis
1403 5583 1537 5634 intra
1587 5587 1864 5655 vosipsos,
1912 5603 1944 5639 ιι
1985 5605 2169 5656 parum

616 5660 870 5728 fidentes,
939 5668 1078 5732 quod
1128 5683 1291 5736 panes
1349 5687 1451 5726 non
1505 5680 1874 5748 sumpseritis?
1923 5682 2166 5738 Nondum

693 5846 729 5873 ’θ
766 5844 955 5900 Μιιιιι.
995 5865 1137 5914 μιν,
1177 5854 1239 5908 Συ

2353 5411 2410 5460 Οί
2443 5412 2496 5461 δὲ
2516 5412 2875 5481 διελογίζοντο
2902 5417 2957 5468 tv
2993 5419 3173 5484 αὐτοῖς
3213 5422 3466 5491 λέγοντες
3494 5427 3599 5488 ὅτι,
3628 5431 3880 5499 ’Ἄρτους

2279 5500 2374 5552 οὐκ
2406 5503 2688 5576 ἐλάϐομεν.
2723 5508 2887 5570 Γνοὺς
2919 5510 2973 5562 δὲ
3012 5514 3037 5563 ὀ
3074 5512 3314 5582 Ἰησοῦς,
3353 5513 3506 5570 εἶπεν
3557 5521 3768 5586 αὐτοῖς’
3805 5529 3878 5580 Ἠ

2279 5591 2648 5660 διαλογίζεσθε
2692 5599 2747 5649 tv
2772 5599 3005 5664 ἑαυτοῖς,
3044 5602 3404 5673 ὀλιγόπιστοι,
3425 5611 3503 5662 ὅτι
3538 5611 3736 5682 ἄρτους
3765 5621 3881 5671 οὐκ

2281 5684 2525 5751 ὲ).ά6;τε;
2562 5688 2729 5743 Οῧπω
2757 5694 2921 5744 νοεῖτε
2966 5694 3083 5746 οὐδὲ
3119 5700 3489 5767 μνιημοεκύετε
3516 5708 3635 5765 τοὺς
3698 5709 3878 5762 πέντε
