4004 6438
184 430 283 498 317
630 398 639 407 ’
909 427 1360 492 mansuro
1404 430 1488 491 IN
1530 426 2036 492 EVANGELIUM
2068 420 2462 493 myrram.
2491 456 2558 468 —
2590 432 2752 495 CAP.
2786 431 2946 495 xvr.
3374 432 3481 499 318

188 551 386 614 ἄρτους
426 545 544 600 τῶν
590 541 1074 613 πεντακισχιλίων.
1127 534 1223 595 ita!
1279 541 1477 603 πόσους
1517 540 1769 607 κοφίνους

1898 537 2224 607 ιηιειιίεἱιίε,
2260 553 2434 609 neque
2490 541 2751 595 memoria
2818 540 3014 597 tenetis
3064 540 3307 613 quinque
3356 545 3479 602 illus

188 620 450 702 ἀάᾶετες
481 635 609 690 om
664 633 971 699 τοδςΐπτὰ
1026 633 1225 704 ἄρτους
1267 633 1376 686 τῶν
1432 650 1769 703 τετρακισχι-

1899 644 2075 695 manes,
2116 645 2238 685 cum
2271 630 2519 703 homines
2551 642 2736 688 essent
2765 635 3007 704 quinque
3036 636 3226 700 millia,
3262 646 3316 693 et
3345 650 3480 706 quot

186 730 334 791 λΐων,
364 729 466 782 καὶ
521 729 699 793 πόσας
757 726 1029 796 σπυρίδας
1056 725 1279 779 ἐλάϐετε
1306 744 1321 791 ;
1358 725 1481 788 Πῶς
1510 725 1571 777 οὐ
1604 727 1767 779 νοεῖτε

1895 722 2145 791 :Opbinos
2179 723 2550 779 sustuleritis?
2604 740 2778 795 neque
2833 736 3038 795 septem
3105 728 3224 783 illos
3284 746 3476 799 panes,

185 826 262 877 ὅτι
292 821 360 874 οὐ
396 823 536 892 περὶ
584 820 753 893 ἄρτου
791 815 947 873 εἷπον
977 821 1128 889 ὑμῖν,
1185 818 1493 889 Προσέχετε
1542 816 1653 870 ἀπὸ
1677 817 1766 886 τῆς

1900 827 2007 867 :um
2041 826 2225 869 essent
2255 824 2492 885 quatuor
2528 816 2717 881 millia,
2757 823 2811 871 et
2842 827 2977 886 quot
3007 827 3223 888 sportas
3250 835 3481 891 accepe-

185 915 367 984 ζύμης
395 914 513 967 τῶν
547 912 860 984 Φαρισαίων
893 914 986 965 καὶ
1010 909 1417 975 Σαδδουκαίων;
1445 910 1583 962 Τότε
1610 906 1766 978 συνῆ-

1895 904 2047 959 ritis?
2084 905 2185 971 Qui
2228 906 2289 960 tit
2336 917 2395 960 ut
2439 921 2546 960 non
2596 908 2911 977 intelligatis
2959 925 3047 964 me
3083 924 3189 964 non
3241 914 3307 965 de
3337 929 3476 981 pauc

185 1022 284 1061 καν
312 1007 404 1058 ὃτι
432 1004 538 1058 οὐκ
576 1000 699 1057 εἶπε
732 1004 1025 1073 προσέχειν
1057 1002 1165 1055 ἀπὸ
1194 1004 1291 1071 τῆς
1326 1002 1507 1071 ζύμης
1548 999 1643 1054 τοῦ
1675 1000 1766 1071 ἄρ-

1901 997 2084 1053 lixisse
2098 999 2253 1053 vobis
2278 998 2413 1053 illud
2433 1039 2446 1063 ,
2468 1007 2529 1053 ut
2549 1000 2818 1055 caveretis
2832 1017 2858 1054 a
2874 1000 2988 1073 84
3007 1001 3273 1056 fermento
3287 1004 3452 1057 Phari
3468 1034 3482 1045 -

185 1114 298 1157 του,
323 1095 472 1149 ἀλλὰ
494 1096 608 1149 ἀπὸ
628 1094 726 1164 τῆς
756 1094 975 1163 διδαχῆς
1004 1094 1112 1147 τῶν
1148 1094 1462 1163 Φαρισαίων
1510 1093 1606 1145 καὶ
1637 1093 1766 1146 Σαδ-

1894 1102 2114 1143 imorum
2132 1100 2185 1146 et
2212 1090 2637 1146 Sadducazorum
2662 1092 2686 1145 ἲ
2710 1091 2865 1147 Tunc
2897 1093 3307 1157 intellexerunt,
3332 1094 3475 1161 quod

183 1190 478 1242 δουκαίων.
529 1187 815 1257 Ἐνόμιζον
834 1186 1091 1241 ὃτιτοῦτο
1128 1186 1318 1255 ἔλεγεν
1347 1186 1557 1250 αὐτοῖς,
1588 1186 1651 1239 τὸ
1677 1204 1764 1254 φυ-

1893 1199 1989 1239 non
2007 1184 2260 1254 iussisset
2286 1198 2480 1239 cavere
2506 1199 2534 1237 ε
2572 1182 2844 1238 fermento
2864 1184 3041 1253 panis,
3060 1185 3154 1239 sed
3174 1201 3201 1238 a
3228 1188 3474 1241 doctrina

186 1279 485 1334 λάττεσθαι
522 1280 617 1332 τὸν
644 1283 708 1332 ὲκ
754 1278 864 1331 τῶν
910 1277 1220 1343 Ἰουδαϊκῶν
1257 1276 1567 1347 βρωμάτων
1616 1277 1767 1345 μολυ-

1897 1277 2288 1332 Pharisaeorum
2312 1284 2364 1329 et
2389 1274 2841 1333 Sadducaorum.
2875 1294 2894 1325 ι
2918 1264 3315 1329 Existimabant
3336 1277 3478 1345 quod

184 1370 346 1439 σμδν,
378 1371 464 1424 διὸ
490 1371 589 1423 καὶ
638 1369 1000 1436 διελογίζοντο
1064 1370 1146 1423 ὅτι
1185 1369 1388 1438 ἄρτους
1415 1368 1514 1422 οὐκ
1546 1368 1765 1422 ἔλαὸον⁴

1897 1374 1987 1421 hoc
2016 1365 2225 1421 diceret
2256 1366 2396 1432 illis,
2430 1376 2486 1418 ut
2516 1366 2857 1419 custodirent
2880 1382 2938 1421 se
2964 1383 3029 1421 ne
3054 1368 3478 1437 coinquinarcn-

183 1462 444 1526 ὀνειδίζει
474 1458 569 1515 οὖν
596 1461 781 1524 αὐτοῖς
830 1462 905 1525 ὼς
954 1461 1202 1530 ἀνοήτοις
1234 1462 1327 1514 καὶ
1384 1461 1764 1529 ὀλιγοπίστοις.

1899 1474 1975 1511 .ur
2006 1473 2034 1511 a
2064 1456 2201 1511 cibis
2229 1455 2472 1511 Judaicis
2494 1498 2508 1523 ,
2560 1458 2789 1527 ideoque
2826 1457 3191 1526 loquebantur
3232 1458 3377 1513 inter
3422 1476 3480 1515 sc

184 1554 326 1607 Καθ’
350 1554 380 1607 δ
417 1555 520 1624 μὲν
554 1555 662 1625 γὰρ
695 1554 796 1608 οὐκ
834 1554 1188 1623 ἐμνήσθησαν
1229 1553 1419 1617 πόσοις
1447 1555 1636 1624 ἄρτοις
1676 1555 1765 1607 πό-

1899 1554 2022 1623 ΙιιοιΙ
2073 1566 2240 1620 panes
2279 1546 2383 1605 non
2413 1550 2773 1620 accepissent.
2835 1549 3144 1617 Exprobrat
3174 1552 3339 1619 igitur
3374 1551 3480 1607 illis

185 1663 313 1710 σους
336 1645 593 1715 ἔθρεψεν,
617 1644 855 1713 ἀνόητοι·
900 1645 1021 1697 καθ’
1061 1645 1089 1697 δ
1112 1644 1168 1697 δι
1202 1646 1537 1714 ἠπίστησαν,
1563 1647 1645 1699 ὅτι
1675 1648 1766 1699 xix

1895 1645 2020 1713 piod
2047 1654 2153 1697 tam
2185 1644 2386 1714 stupidi
2418 1652 2473 1698 et
2504 1650 2613 1696 tam
2645 1657 2825 1711 parvae
2856 1642 2981 1697 fidei
3011 1652 3198 1697 essent
3225 1660 3237 1695 :
3267 1644 3476 1711 impru-

187 1736 260 1807 μὴ
295 1736 587 1805 ἠγόρασαν
631 1734 831 1805 ἄρτους
893 1736 952 1799 ἒξ
999 1735 1306 1801 Ἰουδαίων,
1357 1735 1592 1805 ἠδύνατο
1636 1755 1768 1809 παρ-

1890 1737 2070 1790 dentes
2100 1739 2243 1789 enim
2281 1744 2437 1789 erant
2478 1743 2533 1789 et
2556 1735 2791 1804 stupidi,
2835 1735 2979 1804 quod
3012 1749 3117 1789 non
3149 1736 3471 1804 cogitabant

186 1831 422 1896 αγαγεϊν
452 1829 636 1893 αὐτὸς,
661 1828 801 1883 κατά
824 1828 983 1882 τοῦτο
1015 1828 1386 1897 ὀλιγόπιστοι*
1418 1829 1493 1892 ὼς
1522 1829 1578 1883 δὲ
1597 1829 1767 1883 ἐπετίς

1894 1844 2045 1898 ιυιιιη
2070 1831 2259 1899 paucis
2289 1828 2519 1898 panibus
2549 1828 2747 1882 multos
2779 1842 2940 1897 supra
2968 1827 3229 1896 aluissel;
3257 1837 3309 1884 et
3336 1830 3475 1898 quod

394 1881 999 1990 αὐτοῖς-σφοδρότερον,
1019 1881 1078 1975 ού
1106 1881 1216 1990 γὰρ
1237 1881 1517 1991 πανταχοῦ
1535 1923 1568 1991 ή
1597 1923 1764 1993 πραό-

1895 1935 2064 1974 Jaucaa
2097 1919 2241 1985 ﬁdei,
2276 1921 2418 1990 quod
2446 1920 2573 1990 quia
2606 1935 2710 1973 non
2739 1929 2989 1973 emerant
3013 1935 3042 1973 a
3071 1918 3277 1975 Iudaeis
3309 1934 3476 1988 panes

178 2030 277 2082 της
312 2012 505 2077 καλὸν,
536 2014 739 2077 εὐθέως
767 2015 1011 2082 συνῆκαν
1032 2015 1111 2067 ὃτι
1160 2012 1340 2082 ζύμην
1370 2013 1469 2083 τὴν
1515 2014 1759 2067 διδασκα-

1892 2011 2417 2083 ,liliiderentipsum
2476 2026 2633 2080 posse
2680 2011 2935 2067 alicunde
2974 2013 3279 2082 acquirere.
3320 2013 3383 2067 Et
3415 2024 3473 2067 ut

179 2105 305 2158 λίαν
336 2105 591 2159 ἐκάλεσε.
625 2104 898 2159 Τοσοῦτον
950 2105 1124 2177 ἰσχύει
1173 2103 1454 2176 πανταχοῦ
1487 2106 1520 2176 ή
1548 2105 1760 2174 able-{0;

1896 2106 2064 2158 terius
2108 2119 2201 2157 eos
2242 2102 2562 2172 perstrinxit
2599 2107 2729 2172 (non
2773 2102 2916 2156 enim
2963 2102 3165 2172 ubique
3214 2103 3356 2157 bona
3392 2114 3477 2158 est

175 2199 529 2269 ἐπιτίμησις.

1895 2197 2285 2271 nansuetudo),
2310 2196 2496 2250 statim
2568 2194 2960 2249 intellexerunt
2983 2194 3124 2261 quod
3152 2194 3476 2250 fermentum

1881 2288 2185 2341 doctrinam
2209 2284 2728 2342 vocasset.’l‘autum
2753 2287 2954 2356 ubique
2971 2288 3118 2342 valet
3140 2287 3477 2343 rationabilis

1879 2382 2199 2449 increpatio.

266 2489 287 2523 ι
314 2470 525 2526 Ἐλθὼν
551 2472 607 2525 δὲ
714 2472 925 2543 Ἰησοῦς
956 2474 1032 2537 είς
1059 2474 1127 2526 τὰ
1146 2475 1290 2547 μέρη
1308 2478 1652 2547 Καισαρείας
1674 2478 1775 2547 τῆς

1951 2470 2121 2525 Vens.
2157 2471 2242 2526 13.
2281 2490 2298 2523 ι
2336 2472 2471 2526 Cum
2504 2473 2742 2528 venisset
2779 2480 2960 2527 autem
2993 2472 3153 2528 Jesus
3196 2472 3249 2526 in
3292 2481 3476 2543 partes

171 2565 471 2628 Φιλίππου,
510 2565 701 2635 ἠρώτα
728 2566 856 2627 τοὺς
889 2566 1141 2637 μαθητὰς
1169 2568 1361 2632 αὑτοῦ,
1392 2568 1603 2637 λέγων’
1636 2570 1752 2623 Τίνε

1892 2566 2136 2621 ersareaa
2194 2564 2475 2636 Philippi,
2525 2565 2899 2637 interrogabat
2947 2565 3251 2635 discipulos
3304 2580 3473 2631 suos,

175 2674 240 2727 με
270 2657 535 2723 λέγουσιν
562 2660 609 2710 οί
640 2656 923 2728 ἄνθρωποι
954 2655 1113 2723 εἶναι,
1150 2660 1242 2713 τὸν
1268 2661 1396 2715 Υίὸν
1425 2660 1519 2714 τοῦ
1555 2662 1756 2731 ἀνθρώ·

1888 2658 2101 2711 licens:
2146 2656 2317 2723 Quem
2378 2673 2463 2711 me
2519 2658 2707 2712 dicunt
2760 2659 3007 2713 homines
3066 2673 3221 2720 esse.
3275 2657 3469 2713 Filium

169 2763 319 2813 που;
360 2767 380 2799 ι
417 2748 702 2819 Ἐμνήσθη
760 2750 853 2801 τοῦ
902 2750 1187 2814 κτίσαντος
1221 2752 1323 2823 τὴν
1371 2753 1546 2819 πόλιν,
1582 2756 1750 2808 ὲπειδι

1890 2751 2158 2805 hominis?
2202 2770 2220 2801 ι
2269 2750 2516 2805 Meminit
2559 2750 2677 2820 ejus
2720 2752 2810 2822 qui
2859 2751 3137 2807 civitatem
3188 2751 3471 2818 condidit,

168 2842 285 2893 latr.
320 2842 418 2894 καὶ
443 2840 582 2910 ἄλλη
636 2840 963 2912 Καισάρεια,
996 2843 1028 2913 ή
1070 2844 1411 2915 Στράτωνος.
1454 2848 1549 2898 καὶ
1579 2847 1680 2899 οὐκ
1709 2848 1749 2899 ὲι

1888 2842 2001 2911 quia
2032 2850 2190 2895 estet
2222 2840 2325 2894 alia
2362 2840 2613 2895 Caesarea
2647 2841 2926 2901 Stratonis
2952 2882 2968 2907 ,
3000 2850 3053 2895 et
3086 2856 3194 2895 non
3240 2842 3293 2895 in
3346 2840 3469 2906 illa,

167 2931 383 3001 ἐκείνῃ,
447 2930 567 2983 ἀλλ’
596 2934 656 2984 ὲν
684 2932 858 3002 ταύτῃ
916 2934 1115 2997 αὐτοὺς
1161 2936 1365 3005 ἐρωτᾷ.
1411 2936 1609 3006 Πόρρω
1659 2938 1748 3008 γὰρ

1895 2934 1969 2988 ted
2016 2933 2069 2987 in
2108 2932 2209 2987 hac
2253 2932 2372 2987 illos
2424 2934 2747 3003 interrogat.
2797 2932 2992 2988 Procul
3025 2933 3169 2987 enim
3215 2948 3242 2986 a
3274 2930 3476 2987 Judaeis

165 3021 275 3072 τῶν
314 3021 595 3075 Ἰουδαίων
624 3024 831 3089 ἀπάγει
890 3025 1016 3087 τοὺς
1053 3024 1329 3096 μαθητὰς,
1353 3026 1429 3090 ὼς
1464 3026 1528 3080 ἂν
1564 3028 1746 3097 μηδένε

1895 3025 2100 3079 ibducit
2151 3025 2467 3094 discipulos,
2521 3036 2580 3079 ut
2636 3025 2844 3079 nullum
2895 3025 3150 3079 timentes
3202 3024 3370 3079 libere
3413 3038 3476 3079 ac

165 3111 522 3182 φοϐούμενοι,
568 3113 707 3182 μετά
736 3116 1049 3187 παρρησίας
1078 3117 1295 3171 εἴπωσι.
1327 3118 1553 3187 Πρῶτον
1580 3119 1636 3172 δὲ
1663 3120 1746 3189 τὴι

1895 3116 2108 3169 identer
2154 3116 2358 3170 dicant.
2398 3116 2641 3171 Primum
2680 3128 2860 3170 autem
2900 3127 3255 3185 percontatur
3292 3117 3476 3173 multi-

164 3206 257 3260 τοῦ
284 3205 533 3276 πλήθους
560 3208 745 3277 ἐρωτᾷ
776 3207 1071 3278 ὑπόληψιν,
1116 3208 1205 3263 ἶνα
1252 3212 1333 3269 είς
1382 3210 1610 3281 μείζονα
1668 3212 1745 3264 ἀνι

1896 3207 2086 3261 udinis
2123 3209 2455 3277 opinionem,
2501 3218 2559 3261 ut
2608 3208 2673 3262 ad
2722 3210 3099 3279 sublimiorem
3131 3212 3477 3265 adducantur

171 3300 478 3371 εἰεχθῶσιν
503 3300 737 3364 ἔννοιαν,
769 3302 866 3354 καὶ
890 3302 965 3372 μὴ
984 3303 1063 3363 είς
1088 3302 1186 3371 τὴν
1208 3302 1377 3373 αὐτὴν
1398 3304 1752 3372 ταπεινότητα

1893 3298 2289 3366 rogitationem,
2321 3307 2375 3350 et
2418 3299 2578 3365 nein
2611 3299 2885 3365 eamdem,
2925 3301 2978 3354 in
3012 3316 3176 3370 quam
3211 3301 3474 3371 plerique,

164 3394 278 3454 τοῖς
313 3391 540 3454 πολλοῖς
572 3393 810 3445 πέσωσιν
832 3409 845 3422 ⁶
878 3394 979 3446 οὐκ
1010 3395 1190 3464 ἐρωτᾷ
1214 3394 1291 3459 δὲ,
1321 3394 1459 3449 Τίνα
1490 3412 1557 3463 με
1576 3394 1745 3462 λέγουη

1890 3392 2069 3447 :adant
2118 3394 2513 3449 humilitatem.
2562 3394 2675 3449 Non
2720 3396 3025 3466 interrogat
3058 3408 3265 3458 autem.
3299 3396 3471 3463 Quem

166 3500 253 3547 σιν
282 3484 654 3554 οίΦαρισαῖοι
680 3504 693 3551 ;
721 3485 858 3551 ἀλλ’,
888 3486 951 3539 Οί
976 3485 1280 3555 ἄνθρωποι,
1311 3486 1551 3557 περὶτοῦ
1576 3486 1747 3541 ἀδόλοι

1893 3499 1958 3537 ne
2010 3485 2198 3539 dicunt
2240 3485 2550 3541 Pharisaei?
2583 3488 2711 3555 sed,
2762 3486 3064 3544 Homines:
3122 3491 3188 3543 de
3238 3490 3474 3560 simplici

164 3574 419 3647 πλήθους
456 3575 653 3642 λέγων.

1870 3576 2216 3633 multitudine
2239 3578 2445 3633 dicens.

238 3686 261 3720 ε
300 3668 364 3719 Ol
395 3666 454 3718 δὲ
482 3662 637 3719 εἶπον
660 3682 674 3698 ·
709 3667 771 3719 Οί
830 3666 930 3736 μὲν
978 3668 1235 3739 Ἰωάννην
1284 3668 1378 3734 τὸν
1428 3670 1762 3740 Βαπτιστὴν,

1948 3663 2115 3720 Vsus.
2178 3667 2267 3725 M.
2348 3685 2366 3718 ι
2422 3667 2498 3721 Illi
2546 3683 2677 3724 vero
2728 3670 3030 3725 dicebant:
3081 3672 3187 3727 Alii
3248 3675 3468 3744 quidem

162 3759 319 3813 ἄλλοι
355 3758 414 3811 δὲ
464 3758 685 3810 Ἠλίαν·
740 3758 919 3828 ἕτεροι
976 3758 1033 3811 δὲ
1070 3758 1433 3831 Ἰερεμίαν,ἢ
1491 3760 1589 3814 ἕνα
1649 3761 1743 3813 τῶι

1903 3774 2134 3812 oannem
2187 3759 2528 3828 Baptistam,
2586 3761 2679 3817 alii
2727 3777 2859 3818 vero
2910 3764 3109 3833 Etiam,
3154 3766 3245 3821 alii
3295 3778 3476 3825 autem

165 3850 497 3922 προφητῶν.
537 3869 553 3901 ι
594 3849 658 3901 Ol
714 3844 1112 3921 μὲνἼωάννην
1167 3850 1332 3905 αὐτὸν
1374 3852 1740 3921 ὀνομάζοντες

1892 3847 2232 3915 lieremiam,
2265 3860 2361 3905 aut
2390 3867 2555 3904 unum
2589 3867 2657 3906 ex
2687 3855 2991 3923 prophetis.
3032 3875 3050 3908 ι
3083 3857 3184 3923 Qui
3210 3856 3473 3914 Joannem

159 3937 304 4012 ἦσαν
332 3940 408 4003 ὡς
448 3941 478 3990 6
521 3939 790 4011 Ἡρώδης,
825 3939 1143 4008 νομίζοντες
1194 3943 1285 3994 τὸν
1330 3943 1585 4012 Ἰωάννην
1624 3960 1740 4013 μετέ

1892 3938 2022 3994 Ηυιη
2066 3942 2448 4009 nominabant,
2490 3954 2648 3999 erant
2694 3960 2760 3999 cx
2799 3948 2883 4002 bis
2925 3950 3016 4018 qui
3082 3965 3207 4004 cum
3256 3952 3469 4011 Herode

162 4036 260 4105 τὴν
298 4033 611 4086 ἀνάστασιν
647 4032 926 4086 καὶτοῦτο
958 4034 1015 4085 τὸ
1039 4037 1292 4105 χάρισμα
1322 4035 1532 4101 λαεετν,
1564 4038 1624 4088 τὸ
1656 4037 1743 4105 τῆς

1892 4029 2133 4088 putabant
2206 4033 2473 4090 Joannem
2557 4048 2678 4107 post
2765 4044 3227 4098 resurrectionem
3305 4048 3473 4101 etiam

161 4125 657 4197 θαυματουργίας·
687 4127 735 4177 οί
794 4125 853 4178 δὲ
897 4127 1116 4191 Ἠλίαν,
1169 4128 1257 4180 διὰ
1311 4128 1371 4179 τὸ
1422 4128 1738 4195 ἐλεγκτικὸν

1891 4125 2073 4179 lonum
2133 4129 2413 4197 accepisse
2462 4131 2727 4199 operandi
2784 4133 3069 4191 miracula.
3133 4136 3233 4202 Qui
3290 4148 3472 4194 autem

160 4220 251 4272 καὶ
288 4219 384 4272 διὰ
414 4218 479 4270 τὸ
503 4217 912 4288 προσδοκᾶσθαι
954 4218 1031 4271 ὅτι
1070 4218 1351 4272 ἐλεύσεται
1378 4236 1389 4248 '
1427 4220 1475 4272 οί
1505 4220 1560 4271 δὲ
1595 4218 1741 4288 ’ῐερει

1889 4217 2041 4271 ﬁliam
2065 4258 2081 4283 ,
2114 4222 2476 4276 movebantur
2499 4238 2562 4279 ex
2591 4238 2657 4279 eo
2686 4226 2831 4294 quod
2867 4228 3069 4283 acriter
3100 4231 3470 4299 reprehende-

158 4310 315 4379 μίαν,
361 4309 455 4361 διὰ
480 4308 540 4359 τὸ
575 4307 846 4376 αὐτοφυὲς
880 4306 980 4377 τῆς
1034 4308 1218 4374 σοφίας
1264 4309 1361 4360 καὶ
1405 4308 1536 4361 ἄνευ
1587 4309 1739 4378 μαοήι

1879 4314 1981 4378 but,
2010 4323 2060 4367 et
2090 4319 2505 4386 exspectabant,
2542 4322 2685 4387 quod
2714 4323 2946 4377 veniret.
2966 4325 3065 4389 Qui
3101 4342 3232 4381 vero
3266 4326 3460 4383 Hiere-

162 4420 302 4465 σεως
333 4419 349 4432 ο
382 4404 412 4453 6
474 4404 585 4471 γὰρ
628 4400 923 4472 Ἱερεμίας,
976 4418 990 4430 ·
1028 4404 1105 4464 ιῑς
1136 4402 1213 4454 ὢν
1271 4403 1350 4464 είς
1420 4402 1743 4471 προφητείαι

1887 4406 2054 4471 niam,
2097 4408 2207 4470 hoc,
2230 4410 2504 4477 dicebant,
2532 4415 2673 4482 quod
2707 4415 2871 4470 simili
2906 4419 3171 4487 sapientia
3206 4424 3468 4489 praulitus

152 4496 396 4566 ιτάκθη,
1867 4511 2035 4569 esset,
2086 4518 2320 4572 quamn
2372 4505 2519 4559 nullo
2567 4508 2853 4562 didicerat.
2912 4509 3122 4564 Etenim
3163 4511 3469 4569 Hieremias

1793 4579 1835 4634 Ῑ)
1866 4610 1989 4648 cum
2022 4610 2155 4661 puer
2192 4604 2361 4663 esset,
2398 4598 2448 4650 in
2489 4601 2809 4667 prophetam
2840 4613 3157 4671 assumptus
3188 4615 3291 4659 est.

222 4698 244 4731 ι
291 4678 472 4744 Λέγει
538 4676 721 4739 αὐτοῖς
742 4693 755 4705 ο
795 4676 987 4742 ’Υμείς
1026 4676 1082 4729 δὲ
1107 4676 1230 4730 τίνα
1262 4694 1326 4747 με
1349 4678 1537 4744 λέγετε
1569 4672 1708 4731 εἶναι
1742 4697 1757 4745 ;

1935 4685 2101 4741 Vens.
2134 4689 2221 4753 15,
2268 4689 2353 4743 16‘.
2394 4710 2411 4741 ι
2450 4691 2593 4745 Dicit
2640 4692 2787 4746 illis:
2828 4692 2932 4747 Vns
2966 4702 3145 4748 autem
3181 4712 3339 4764 quem
3382 4716 3467 4755 me

147 4769 522 4839 Ἀποκριθεὶς
556 4768 611 4819 δὲ
639 4769 825 4837 Σίμων
849 4768 1075 4839 Πέτρος,
1099 4768 1219 4822 εἷπε
1241 4785 1253 4797 ⁸
1285 4771 1355 4827 Σὺ
1388 4767 1439 4821 εἴ
1464 4770 1491 4820 ὁ
1521 4770 1725 4839 Χριστὸ

1884 4780 2045 4835 licitis
2103 4783 2267 4836 esse?
2332 4778 2687 4852 Respondens
2749 4795 2932 4838 autem
3016 4786 3206 4842 Simon
3274 4790 3465 4845 Petrus

147 4863 172 4911 ὸ
197 4863 335 4923 Υἱὸς
366 4862 466 4913 τοῦ
500 4860 634 4912 Θεοῦ
667 4861 757 4912 τοῦ
804 4860 1025 4923 ζῶντος.
1064 4880 1080 4911 ι
1116 4861 1237 4913 Κατ
1258 4862 1418 4914 πάλιν
1436 4861 1513 4924 ὡς
1550 4863 1721 4931 θερμὸ

1877 4871 2038 4927 lixit:
2079 4873 2157 4927 Tu
2208 4890 2266 4928 es
2311 4876 2567 4930 Christus
2613 4876 2700 4931 ille
2751 4876 2922 4931 Filius
2984 4878 3079 4933 Dei
3143 4881 3397 4935 viventis.
3441 4902 3458 4935 ›

145 4956 171 5006 6
205 4956 422 5024 Πέτρος
475 4952 753 5022 προπηδᾷ,
812 4953 905 5003 καὶ
953 4951 1209 5021 ὁμολογεῖ
1242 4952 1459 5022 ἀληθῶς
1484 4954 1647 5006 αὑτὸν
1676 4951 1726 5007 εἶ

1876 4964 2062 5019 ἷιετυιιι
2099 4976 2153 5019 ιιι
2190 4966 2490 5021 ferventior
2524 4967 2719 5022 Petrus
2768 4971 2999 5038 prosilit,
3034 4981 3087 5026 et
3118 4988 3243 5027 vere
3288 4977 3457 5028 conii-

146 5065 230 5100 ναι
270 5048 370 5098 τὸν
412 5045 544 5097 Υἱδν
576 5044 669 5097 τοῦ
712 5044 868 5098 Θεοῦ.
901 5046 973 5097 Οὐ
1026 5046 1133 5114 γὰρ
1184 5041 1327 5108 εἷπε,
1367 5048 1437 5098 Σὺ
1469 5042 1521 5099 εί
1554 5048 1580 5099 ὁ
1620 5048 1725 5114 Χρι

1879 5068 2009 5111 ,etur
2037 5058 2213 5126 ipsum
2248 5075 2370 5113 esse
2395 5060 2589 5114 Filium
2624 5061 2739 5116 Dei.
2783 5061 2895 5116 Non
2921 5064 3067 5116 enim
3104 5063 3263 5131 dixit,
3298 5068 3373 5120 Tu
3400 5083 3460 5121 cs

146 5138 269 5200 στὸς
298 5136 435 5198 Υἱὸς
464 5135 559 5187 τοῦ
596 5135 755 5199 Θεοῦ,
788 5138 955 5205 χωρὶς
988 5136 1080 5188 τοῦ
1107 5140 1139 5191 d
1174 5137 1403 5209 ἄρθρου,
1448 5140 1584 5192 ἀλλὰ
1614 5158 1727 5210 μετ

1877 5149 2108 5203 Shristus
2167 5148 2339 5203 Filius
2403 5151 2538 5215 Dei,
2597 5155 2806 5221 absque
2862 5156 3117 5223 articulo,
3174 5161 3269 5213 sed
3336 5178 3458 5215 cum

143 5231 234 5283 τοῦ
269 5230 513 5299 ἄρθρου,
564 5230 594 5279 ὁ
633 5228 789 5292 nec,
826 5230 1126 5294 τουτέστιν,
1159 5230 1321 5293 αὐτὸς
1362 5234 1569 5295 ἐκεῖνος
1613 5236 1640 5285 6
1674 5228 1724 5286 εἴ

1877 5238 2105 5299 ιιιὶουιο,
2163 5240 2251 5291 ille
2284 5239 2480 5300 Filius,
2516 5241 2621 5293 hoc
2658 5252 2763 5305 est,
2802 5242 2891 5297 ille
2922 5243 3056 5313 ipse,
3092 5250 3180 5315 qui
3216 5250 3364 5302 solus
3405 5262 3458 5303 et

144 5325 235 5374 καὶ
271 5322 468 5390 μόνος,
494 5319 554 5370 οὐ
586 5320 770 5387 χαριτι
817 5320 965 5384 Υἱὸς,
1005 5319 1122 5371 ἀλλ’
1167 5322 1194 5373 6
1229 5321 1286 5387 ἐξ
1320 5323 1489 5392 αὐτῆς
1520 5325 1619 5393 τῆς
1658 5326 1716 5376 ού

1877 5332 2093 5384 Inicus:
2145 5348 2251 5385 non
2294 5334 2467 5401 gratia
2520 5332 2711 5398 Filius,
2760 5338 2852 5389 sed
2901 5338 2990 5405 qui
3026 5354 3088 5391 ex
3129 5344 3241 5408 ipsa
3281 5339 3458 5397 Ralris

144 5416 262 5477 σίας
298 5414 396 5463 τοῦ
426 5412 644 5479 [ἰατρὸς
677 5411 985 5479 γεννηθεὶς,
1014 5414 1135 5465 ἐπεὶ
1165 5414 1258 5466 καὶ
1302 5416 1528 5484 Χριστοὶ
1562 5417 1724 5469 πολλο

1871 5422 2164 5475 substantia
2226 5426 2481 5491 genitus:
2532 5426 2655 5492 quin
2713 5435 2767 5479 et
2818 5427 2968 5481 multi
3002 5428 3207 5484 Christi
3260 5443 3452 5498 erant,

140 5502 302 5575 ἦσαν,
331 5507 379 5556 οἱ
416 5506 584 5571 ἱερεῖς
608 5505 809 5566 πάντες
835 5508 926 5557 καὶ
954 5506 1001 5556 οἱ
1029 5506 1289 5575 βασιλεῖς,
1312 5510 1425 5561 ἀλλ’
1456 5513 1482 5563 6
1513 5511 1719 5580 Χριστὸ

1867 5516 2170 5569 sacerdotes
2210 5527 2263 5569 ct
2307 5533 2458 5587 reges
2487 5533 2711 5583 omnes,
2746 5519 2839 5573 sed
2872 5520 3121 5574 Christus
3157 5539 3277 5578 cum
3314 5526 3448 5577 arti-

144 5598 284 5665 μξτᾶ
316 5597 411 5647 τοῦ
450 5595 685 5665 ἄρθρου,
718 5591 795 5655 εἷς
830 5598 998 5650 ἐστιν.

718 5591 795 5655 εἷς
830 5598 998 5650 ἐστιν.
1856 5606 1977 5659 culo
2017 5622 2154 5659 unus
2187 5616 2288 5662 est.

214 5710 229 5739 ι
274 5691 391 5743 Καὶ
414 5689 743 5759 ἀποκριθεὶς
771 5692 796 5741 ὁ
829 5691 1057 5759 Ἰησοῦς,
1087 5688 1240 5745 εἶπεν
1264 5693 1435 5763 αύτῷ·
1459 5696 1747 5765 Μακάριος

1926 5699 2090 5751 Vens.
2126 5700 2209 5752 Π.
2272 5719 2288 5750 ‹
2366 5702 2429 5754 Et
2485 5702 2825 5769 respondens
2879 5702 3083 5769 Iesus,
3145 5708 3282 5760 dixit
3338 5710 3446 5761 illi:

142 5779 204 5846 εἶ,
235 5784 428 5853 Σίμων
459 5784 574 5852 Bap
610 5783 791 5846 Ίωνὰ,
829 5784 907 5834 ὅτι
938 5784 1074 5853 σὰρξ
1118 5787 1214 5838 καὶ
1245 5782 1385 5855 αἷμα
1412 5789 1511 5840 οὐκ
1537 5790 1718 5841 ἀπεγά

1868 5792 2057 5845 Beatus
2088 5809 2165 5857 es,
2202 5794 2512 5847 Simoullnr
2538 5792 2693 5859 .lona,
2719 5812 2843 5863 quia
2874 5814 2999 5851 raro
3025 5810 3075 5854 et
3100 5803 3319 5871 sanguis
3348 5822 3449 5856 non

144 5875 273 5947 λυψέ
331 5894 432 5941 τοι,
490 5876 608 5931 ἀλλ’
646 5879 672 5927 ὁ
728 5878 920 5946 Πατήρ
956 5896 1055 5948 μου
1090 5882 1113 5931 6
1144 5881 1198 5933 ὲν
1244 5883 1355 5943 τοῖς
1412 5882 1685 5951 οὐρανοῖς.

1863 5883 2117 5938 revelant
2171 5886 2304 5949 tibi,
2357 5886 2448 5941 scd
2499 5886 2658 5942 Pater
2693 5903 2840 5945 meus
2890 5894 2979 5959 qui
3012 5901 3090 5946 cst
3133 5894 3181 5947 in
3212 5895 3381 5950 cmlis.
3427 5913 3439 5943 ι
