4004 6420
571 451 678 515 319

1499 443 2080 508 THEOPHYLACTI
2121 442 2530 504 ΒυιῦΑΗΙιΕ
2575 445 2940 507 ΑιῖΟΗΙῦΡ.

3715 437 3828 501 3'30

576 561 803 616 Beatum
831 561 960 615 dicit
995 560 1242 624 Petrum,
1282 560 1407 626 quia
1453 575 1481 610 a
1527 559 1708 623 divina
1741 558 1915 628 gratia
1965 555 2140 610 scien-

2254 553 2670 622 Μακαρίζειτδν
2704 555 2908 626 Πέτρον
2949 555 3024 618 ὡς
3051 555 3114 606 ἐκ
3139 552 3289 614 θείας
3329 553 3550 624 χάριτος
3595 547 3837 603 λαϐόντα

572 655 707 707 tiam
742 661 1060 721 acceperat:
1095 651 1398 719 approbatis
1428 657 1608 704 autem
1639 650 1879 714 Petrum,
1903 645 2143 702 ostendit

578 753 972 813 consequenter
1015 742 1246 797 aliorum
1286 743 1570 797 hominum
1627 743 1911 812 opiniones
1954 742 2139 796 falsas.

578 835 921 891 Dixitautem
956 835 1103 888 illum
1140 834 1242 888 Bar
1277 833 1410 889 Jona
1435 875 1450 900 ,
1488 836 1588 889 hoc
1617 844 1720 901 est,
1759 831 2100 888 filium'Jona
2128 871 2141 895 ,

575 926 727 994 quasi
756 924 834 978 ita
855 927 1092 980 diceret:
1119 926 1272 981 Sicut
1302 937 1353 979 tu
1383 927 1533 981 J0me
1560 927 1721 989 illius,
1744 927 1817 980 ita
1849 941 1948 998 ego
1970 926 2146 981 Patris

576 1014 677 1068 mei
699 1014 808 1085 85
834 1016 1088 1079 cmlestis,
1117 1017 1589 1071 consubstantialis
1612 1017 1682 1070 illi
1712 1017 1984 1072 exsistcns
2004 1031 2142 1074 sum.

577 1105 978 1162 Revelationem
1014 1118 1196 1162 autem
1231 1109 1514 1164 scientiam
1549 1107 1720 1171 dicit,
1746 1109 1883 1178 'quia
1909 1109 2145 1166 abscon—

574 1197 688 1253 dita
723 1210 776 1254 et
809 1200 990 1269 ignota
1037 1200 1084 1256 ei
1107 1215 1139 1254 a
1167 1200 1322 1255 Patre
1346 1209 1499 1256 erant
1529 1200 1790 1256 revelata.

647 1376 817 1436 Vsus.
855 1380 941 1436 l8.
983 1397 1004 1431 ι
1042 1380 1111 1434 At
1145 1395 1246 1451 ego
1283 1382 1376 1436 tibi
1407 1382 1555 1449 dico,
1584 1387 1728 1454 quod
1760 1394 1811 1440 tu
1839 1399 1898 1439 es
1930 1384 2144 1453 Petrus,

575 1481 630 1526 et
673 1485 834 1540 super
875 1471 1018 1526 hanc
1062 1481 1269 1541 petram
1300 1475 1578 1531 aedificabo
1619 1476 1910 1531 Ecclesiam
1948 1492 2147 1542 meam,

576 1573 630 1615 et
671 1570 842 1630 portae
891 1561 1050 1618 inferi
1101 1579 1206 1619 non
1257 1567 1622 1632 praevalebunt
1669 1578 1858 1622 contra
1904 1567 2079 1623 illam.
2123 1586 2141 1619 ι

577 1651 909 1708 Remunerat
953 1653 1169 1709 Petrum
1218 1657 1512 1724 Dominus,
1563 1660 1865 1714 mercedem
1906 1659 1979 1713 illi
2009 1660 2149 1714 dans

580 1757 848 1810 magnam.
905 1744 1046 1812 quod
1101 1759 1260 1814 supra
1312 1761 1434 1800 eum
1492 1748 1779 1803 aedificavit
1832 1749 2148 1806 Ecclesiam.

576 1829 885 1892 Quia'enim
917 1833 1197 1890 confessus
1231 1848 1347 1889 erat
1377 1853 1500 1890 eum
1546 1837 1641 1892 Dei
1689 1838 1881 1894 Filium
1922 1840 2144 1907 Petrus,

576 1923 716 1978 dixit
741 1926 882 1992 quod
928 1924 1043 1980 bazc
1073 1926 1345 1982 confessio
1377 1943 1537 1998 quam
1573 1930 1857 1987 confessus
1915 1943 1999 1988 est
2030 1933 2152 1990 fun-

579 2015 892 2068 damentum
925 2015 1027 2070 erit
1069 2015 1312 2072 futurum
1351 2021 1729 2078 credentium:
1779 2024 1853 2077 ita
1886 2033 1946 2078 ut
1972 2028 2150 2083 omnis

581 2107 743 2160 homo
773 2117 1151 2165 exstructurus
1186 2109 1305 2167 fidei
1349 2111 1568 2168 domum
1592 2154 1606 2179 ,
1657 2115 1759 2171 hoc
1794 2116 2040 2186 jacturus
2078 2121 2150 2175 sit

578 2193 1010 2252 fundamentum.
1038 2196 1170 2254 Nam
1206 2201 1332 2258 licet
1366 2202 1681 2261 innumeras
1716 2208 2012 2263 condamus
2043 2209 2152 2263 vir-

577 2291 739 2349 tutes,
777 2301 880 2342 non
914 2289 1207 2348 habeamus
1257 2302 1436 2349 autem
1487 2295 1901 2354 fundamentum
1946 2307 2148 2355 rectam

575 2375 997 2446 confessionem,
1053 2381 1320 2439 inutiliter
1366 2386 1737 2444 aedificamus:
1796 2403 1915 2445 cum
1967 2401 2148 2446 autem

571 2467 737 2536 dixit,
763 2469 1067 2528 Ecclesiam
1099 2489 1294 2541 meam,
1329 2481 1563 2533 ostendit
1605 2495 1664 2535 se
1711 2482 1996 2536 Dominum
2028 2487 2151 2538 uui-

577 2559 760 2615 versi:
821 2560 932 2618 Deo
980 2563 1127 2618 enim
1183 2568 1431 2623 serviunt
1481 2573 1686 2626 omnia.
1739 2572 1917 2629 Porta:
1970 2585 2149 2631 autem

577 2648 763 2716 inferi,
802 2654 1128 2722 temporales
1161 2667 1291 2712 sunt
1323 2671 1720 2728 persecutores,
1761 2665 1850 2731 qui
1886 2666 1951 2718 ad
1985 2666 2153 2723 infer-

576 2755 701 2795 num
755 2742 970 2800 mittere
1031 2759 1293 2804 30llallltﬂ’
1334 2751 1696 2810 Christianos.
1770 2757 1836 2811 Et
1912 2759 2151 2815 haeretici

575 2849 794 2904 quoque
839 2851 1006 2907 porta
1052 2851 1178 2895 sunt
1231 2843 1296 2898 ad
1332 2843 1603 2900 infernum
1646 2850 1924 2905 ducentes.
1974 2850 2152 2907 Multis

576 2927 738 2996 igitur
767 2933 1227 2997 persecutoribus,
1268 2946 1321 2989 et
1355 2937 1537 2993 multis
1562 2940 1835 2996 haereticis
1865 2944 2150 3009 praevaluit

575 3022 838 3078 Ecclesia.
857 3023 951 3080 Est
969 3037 1145 3081 autem
1167 3038 1220 3083 et
1245 3034 1589 3103 unusquique
1616 3047 1858 3091 nostrum
1883 3039 2148 3103 Ecclesia,

575 3129 695 3183 quae
732 3117 791 3170 tit
816 3117 1008 3174 domus
1033 3119 1150 3176 Dei.
1181 3121 1239 3176 Si
1286 3124 1448 3193 igitur
1479 3128 1529 3180 in
1561 3128 1908 3186 confessione
1943 3132 2150 3188 Christi

2246 646 2344 716 τὴν
2373 647 2597 713 γνῶσιν·
2630 649 3032 717 ἀποδεχόμενος
3055 647 3111 700 δὲ
3141 644 3305 698 αὐτὸν
3325 686 3338 709 ,
3367 644 3608 698 δείκνυσί
3641 643 3837 695 λοιπὸν

2248 739 2345 802 τὰς
2369 739 2478 792 τῶν
2511 739 2689 794 ἄλλων
2717 739 3024 810 ἀνθρώπων
3067 737 3366 808 ὑπολήψεις
3407 737 3666 806 ψευδεῖς(
3709 732 3836 788 εἷπε

2247 829 2302 882 δὲ
2333 831 2478 899 αὐτῷ
2499 830 2802 900 ΒὰρΊωνᾶ,
2829 831 3128 894 τουτέστιν,
3162 831 3244 883 υἱὲ
3275 828 3369 882 τοῦ
3418 830 3595 901 Ἰωνᾶ,
3620 845 3825 897 μονον-

2249 921 2371 990 ουχὶ
2433 922 2592 975 τοῦτο
2615 921 2810 988 λέγων,
2860 923 2943 975 ὅτι
2988 922 3204 992 ’Ὠσπερ
3251 923 3315 974 σὺ
3361 921 3456 974 τοῦ
3483 921 3643 974 Ἰωνᾶ
3676 923 3837 984 παῖς,

2249 1011 2424 1076 οὕτως
2454 1012 2564 1080 ὲγὼ
2609 1012 2705 1066 τοῦ
2747 1013 2964 1086 Πατρός
3004 1031 3106 1085 μου
3150 1013 3246 1066 τοῦ
3292 1014 3350 1065 ὲν
3388 1011 3601 1082 οὐρανῷ
3633 1011 3839 1081 ὁμοού-

2252 1123 2366 1170 σιος
2393 1107 2467 1160 ῶν
2495 1107 2711 1178 ἐκείνῳ.
2757 1107 3127 1177 ’Λποκὰλυψιν
3157 1107 3213 1160 δὲ
3260 1105 3410 1174 λέγει
3456 1106 3555 1176 τὴν
3605 1104 3838 1172 γνῶσιν,

2249 1199 2324 1262 ὡς
2341 1199 2450 1253 τῶν
2481 1201 2727 1271 κρυφίων
2749 1201 2844 1255 καὶ
2880 1200 3178 1270 ἀγνώστων
3222 1198 3649 1270 φανερωθέντων
3683 1197 3841 1267 παρὰ

2250 1292 2345 1346 τοῦ
2379 1293 2613 1362 Πατρός.

2329 1402 2348 1434 r
2380 1385 2551 1453 Κάγὼ
2577 1385 2634 1438 δέ
2671 1403 2752 1440 σοι
2797 1385 2942 1455 λέγω
2987 1387 3070 1440 ὅτι
3108 1388 3172 1439 σύ
3220 1378 3273 1437 εἴ
3317 1385 3543 1452 Πέτρος,
3595 1385 3689 1436 καὶ
3743 1383 3844 1435 ἐπὶ

2251 1476 2424 1548 ταύτῃ
2457 1481 2524 1550 τῇ
2561 1479 2738 1548 πέτρᾳ
2787 1465 3130 1549 οἰκοδομήσω
3182 1495 3286 1548 μου
3339 1479 3438 1548 τὴν
3478 1476 3838 1546 Ἐκκλησίαν,

2250 1569 2346 1622 καὶ
2375 1570 2539 1623 πύλαι
2573 1570 2700 1642 ᾅδου
2732 1572 2793 1625 οὐ
2821 1573 3243 1643 κατισχύσουσιν
3265 1571 3490 1640 αὐτῆς.)
3514 1569 3844 1638 ’Ᾱμείεεται

2251 1657 2342 1711 τὸν
2400 1659 2610 1730 Πέτρον
2658 1661 2688 1713 6
2739 1660 2966 1730 Κύριος,
3015 1661 3208 1730 μισθὸν
3250 1659 3399 1728 αὐτῷ
3428 1659 3605 1722 διδοὺς
3637 1659 3843 1726 μέγαν,

2250 1748 2312 1802 τὸ
2342 1749 2431 1801 ἐπ’
2476 1750 2624 1820 αὐτῷ
2669 1751 3091 1821 οἰκοδομηθῆναι
3140 1751 3241 1820 τὴν
3278 1751 3626 1820 Ἐκκλησίαν.
3680 1748 3847 1801 Ἐπεὶ

2253 1843 2360 1908 γὰρ
2391 1840 2746 1910 ὡμολόγησεν
2777 1843 2940 1895 αὐτὸν
2973 1844 3101 1896 Υἱὸν
3126 1844 3260 1895 Θεοῦ
3298 1845 3324 1896 ό
3377 1842 3604 1909 Πέτρος,
3653 1844 3846 1910 φησιν

2252 1932 2356 1994 ὅτι,
2389 1931 2539 2001 Αὕτη
2567 1935 2600 2003 ή
2629 1934 2891 2002 ὁμολογία
2921 1935 2987 2005 ἢν
3017 1934 3398 2004 ὡμολόγησας,
3428 1933 3678 2002 θεμέλιον
3709 1934 3848 1998 μέλ-

2253 2029 2332 2077 λει
2363 2022 2500 2078 εἰναι
2535 2025 2643 2079 τῶν
2699 2029 3088 2094 πιστευόντων,
3121 2029 3262 2082 ὥστε
3305 2030 3485 2083 πάντα
3532 2029 3836 2099 ἄνθρωπον

2254 2118 2520 2187 μέλλοντα
2551 2120 2759 2184 κτίζειν
2784 2120 2875 2175 τὸν
2909 2125 3009 2192 τῆς
3040 2123 3276 2187 πίστεως
3305 2118 3480 2188 οἰκον,
3500 2122 3705 2194 ταύτην
3738 2126 3846 2194 τὴν

2251 2211 2543 2279 ὁμολογίαν
2593 2213 2909 2267 ὑποτιθέναι
2983 2214 3256 2286 Οεμέλιον.
3306 2219 3426 2272 Κᾶν
3477 2219 3584 2288 γὰρ
3631 2219 3846 2286 μυρίας

2250 2300 2453 2370 ἀρετὰς
2481 2301 2784 2372 κτίζωμεν,
2821 2302 2894 2373 μὴ
2928 2303 3145 2373 ἔχωμεν
3168 2293 3226 2358 δὲ
3259 2305 3510 2376 Θεμέλιον
3539 2307 3638 2376 τὴν
3660 2306 3846 2377 ὀρθὴν

2252 2393 2562 2460 ὁμολογίαν,
2595 2394 2772 2465 σαθρὰ
2799 2396 3072 2465 κτίζομεν.
3100 2396 3284 2450 Εἰπὼν
3323 2399 3404 2463 δὲ,
3434 2401 3548 2468 Τὴν
3595 2401 3846 2468 Ἐκκλη-

2255 2480 2377 2532 σίαν
2439 2498 2560 2550 μου,
2608 2482 2886 2536 δείκνυσιν
2921 2485 3116 2538 ἑαυτὸν
3152 2488 3433 2557 Δεσπότην
3465 2489 3558 2541 τοῦ
3594 2491 3806 2552 παντὸς
3832 2507 3847 2520 ·

2253 2571 2390 2625 Θεοῦ
2431 2573 2540 2644 γὰρ
2572 2574 2735 2628 δοῦλα
2790 2577 2859 2629 τὰ
2908 2577 3220 2647 σύμπαντα.
3271 2581 3444 2635 Πύλαι
3504 2582 3559 2635 δὲ
3590 2581 3744 2653 ᾅδου,
3795 2584 3852 2636 cl

2255 2663 2395 2715 κατά
2419 2665 2644 2734 καιροὺς
2675 2666 2922 2731 διῶκται,
2955 2670 3005 2722 οἳ
3031 2672 3110 2733 εἰς
3140 2671 3272 2741 ᾅδην
3309 2673 3673 2742 παρέπεμπον
3708 2676 3850 2737 τοὺς

2253 2754 2636 2823 Χριστιανούς.
2668 2757 2775 2809 Καὶ
2801 2761 2848 2810 oi
2883 2760 3154 2829 αἰρετικοί
3218 2763 3298 2828 δὲ,
3362 2765 3524 2819 πύλαι
3578 2769 3658 2830 εἰς
3701 2768 3850 2837 ᾅδην

2253 2846 2555 2915 φέρουσαι·
2592 2849 2805 2902 πνλλῶν
2863 2850 2954 2903 οὐν
2999 2852 3244 2907 διωκτῶν
3295 2858 3389 2909 καὶ
3435 2858 3644 2911 πολλῶν
3679 2861 3849 2930 αἵρε-

2253 2935 2423 2988 τικῶν
2458 2938 2828 3007 ὑπερίσχυσεν
2869 2942 2900 3010 ἡ
2945 2941 3262 3012 Ἐκκλησία.
3306 2948 3460 3000 Ἐστι
3495 2949 3665 3003 δὲκαὶ
3699 2951 3848 3004 ’ἐκα-

2266 3043 2388 3088 στος
2429 3029 2590 3098 ἡμῶν
2639 3031 2970 3102 Ἑκκλησὶα,·
3005 3030 3153 3098 οἶκος
3194 3038 3330 3090 Θεοῦ
3357 3040 3660 3110 γινόμενος.
3707 3043 3850 3096 Ἐὰν

2253 3116 2345 3170 οὖν
2374 3120 2464 3170 ὲπί
2496 3123 2558 3189 τῇ
2595 3123 2852 3195 ὁμολογίᾳ
2887 3123 2980 3178 τοῦ
3039 3127 3274 3196 Χριστοῦ
3326 3133 3709 3201 στηριχοῶμεν
3734 3175 3749 3198 ,
3789 3137 3854 3187 αἰ

573 3206 878 3262 confirmati
915 3208 1197 3279 fuerimus,
1233 3221 1400 3284 portae
1430 3217 1611 3283 inferi;
1648 3221 1873 3288 hocjest,
1906 3237 2143 3294 peccata,

2258 3209 2422 3264 πύλαι
2456 3212 2548 3265 τοῦ
2579 3213 2728 3283 ᾅδου,
2764 3216 2881 3286 ἦτοι
2915 3218 2971 3270 αἱ
2999 3218 3289 3287 ἁμαρτίαι,
3318 3222 3374 3272 οὐ
3406 3223 3853 3291 κατισχύσουσιν

574 3311 682 3352 non
710 3300 1078 3366 praevalebunt
1111 3305 1288 3362 nobis.
1329 3306 1405 3363 De
1447 3309 1531 3364 bis
1560 3312 1706 3367 enim
1739 3317 1910 3383 portis
1943 3319 2149 3372 exalta-

576 3395 665 3474 tus
688 3386 856 3444 David
888 3389 1105 3449 dicebat
1135 3410 1151 3450 :
1192 3406 1213 3448 ι
1239 3395 1342 3464 Qui
1382 3401 1588 3457 exaltas
1616 3418 1700 3457 me
1724 3405 1788 3460 de
1812 3407 1981 3474 portis
2005 3425 2146 3462 mor—

577 3473 644 3526 tis
676 3475 741 3570 "l.
765 3474 967 3570 Quales
994 3485 1195 3550 porta?
1220 3499 1254 3540 ο
1281 3486 1478 3546 David.
1527 3490 1686 3548 Duae:
1716 3473 1878 3550 caedis
1913 3497 2144 3570 scilicet,

577 3569 628 3613 et
654 3563 926 3620 adulterii.

648 3651 811 3748 Vens.
842 3656 928 3713 i9.
972 3677 997 3711 ‹
1049 3661 1116 3716 Ει
1158 3663 1302 3721 dabo
1335 3668 1432 3724 tibi
1473 3671 1649 3728 claves
1684 3678 1833 3746 regni
1860 3679 2142 3748 ctelorum,

569 3754 625 3797 et
655 3745 914 3817 quidquid
945 3752 1249 3822 alligaveris
1269 3774 1434 3829 super
1460 3773 1662 3819 terram
1728 3745 1833 3823 erit
1866 3745 2142 3842 alligatum

573 3841 629 3891 in
663 3839 850 3895 caelis:
885 3854 938 3897 et
968 3846 1230 3917 quidquid
1275 3854 1504 3910 solveris
1554 3873 1721 3924 super
1772 3839 1984 3919 terram‘
2035 3870 2140 3921 erit

572 3928 808 3984 solutum
833 3931 890 3985 in
915 3934 1087 3991 cmlis.
1123 3955 1144 3989 ι
1171 3938 1448 4011 Tanquam
1481 3947 1619 4004 Deus
1651 3964 1843 4019 magna
1877 3964 2143 4023 potestate

571 4019 731 4075 dicit:
759 4021 903 4080 Dabo
929 4027 1048 4082 tibi.
1083 4031 1236 4086 Sicut
1265 4036 1404 4088 cnim
1433 4040 1600 4094 Pater
1627 4042 1777 4098 dedit
1808 4019 1900 4100 tibi
1935 4053 2144 4106 revela-

572 4112 793 4183 tionem,
826 4117 904 4174 sic
943 4136 1043 4191 ego
1071 4123 1272 4182 claves.
1299 4130 1491 4187 Claves
1519 4144 1696 4189 autem
1725 4138 1991 4210 intelligas
2023 4160 2143 4212 qua:

572 4203 747 4273 ligant
771 4219 826 4263 et
855 4211 1090 4276 solvunt.
1124 4217 1226 4272 hoc
1254 4229 1360 4283 est,
1387 4224 1704 4280 delictorum
1741 4230 2140 4303 velindulgen-

573 4295 674 4350 tias
697 4298 780 4353 vel
811 4315 1020 4367 poenas.
1062 4304 1271 4364 Habent
1304 4314 1446 4366 enim
1479 4324 1802 4383 potestatem
1827 4295 2138 4383 remittent”

571 4397 628 4440 et
646 4387 866 4457 ligandi,
887 4394 977 4461 qui
997 4395 1363 4479 sicutPetrns,
1391 4405 1732 4476 episcopatus
1746 4412 1972 4480 gratiam
1991 4431 2143 4472 asse-

569 4480 681 4535 cuti
705 4491 849 4537 sunt.
870 4487 1129 4550 Quamvis
1147 4500 1324 4545 autem
1345 4492 1504 4550 Petro
1526 4500 1624 4552 soli
1650 4500 1851 4555 dictum
1876 4504 1966 4568 sit,
1993 4506 2138 4562 Dabo

2261 3301 2546 3370 ήμῶΨὲκ
2611 3307 2719 3376 γὰρ
2774 3308 2977 3362 τούτων
3027 3309 3132 3362 τῶν
3186 3313 3372 3390 πυλῶν
3428 3314 3662 3383 ὑψωθεὶς
3694 3317 3855 3371 καὶὸ

2261 3394 2424 3447 Δαυῒδ
2455 3394 2662 3463 ἔλεγεν·
2703 3415 2723 3449 ‹
2779 3398 2838 3452 '0
2872 3400 3023 3468 ὑψῶν
3059 3418 3125 3470 με
3157 3403 3221 3455 ὲκ
3259 3403 3366 3456 τῶν
3399 3406 3582 3458 πυλῶν
3615 3407 3709 3459 τοῦ
3743 3409 3853 3461 θα-

2259 3482 2440 3537 νάτου.
2479 3504 2497 3536 »
2539 3486 2735 3552 Ποίων,
2767 3483 2814 3543 ὦ
2844 3489 3028 3554 Δαυῒδ,
3071 3492 3299 3559 πυλῶν;
3328 3493 3449 3546 Τῶν
3473 3495 3586 3558 δύο,
3619 3497 3714 3550 τοῦ
3743 3500 3854 3569 φό-

2259 3592 2349 3627 νου
2375 3577 2467 3628 καί
2500 3578 2600 3645 τῆς
2627 3582 2892 3650 μοιχείας.

2337 3669 2475 3721 «Καὶ
2504 3669 2659 3722 δώσω
2688 3689 2768 3724 σοι
2799 3675 2897 3735 τὰς
2922 3675 3071 3739 κλεῖς
3093 3677 3193 3746 τῆς
3221 3678 3496 3748 βασιλείας
3521 3680 3630 3732 τῶν
3665 3681 3852 3748 οὐρα-

2259 3760 2386 3825 νῶν,
2424 3763 2517 3813 καὶ
2549 3762 2576 3814 ὃ
2608 3765 2702 3818 ἐὰν
2726 3765 2899 3838 δήσῃς
2933 3768 3025 3821 ἐπὶ
3057 3771 3158 3840 τῆς
3186 3773 3308 3840 γῆς,
3337 3773 3508 3843 ,ἔσται
3552 3774 3854 3843 δεδεμένον

2255 3851 2315 3904 ὲν
2361 3853 2471 3915 τοῖς
2513 3853 2794 3924 οὐρανοῖς·
2884 3859 2980 3912 καὶ
3022 3860 3050 3912 ὃ
3099 3862 3194 3914 ἐὰν
3236 3842 3404 3934 λύσῃς
3436 3864 3528 3916 ἐπὶ
3578 3842 3850 3935 τῆςνγῆς,

2255 3941 2409 3996 ἔσται
2441 3944 2731 4015 λελυμένον
2766 3949 2823 4000 ἐν
2857 3953 2968 4013 τοῖς
2985 3953 3288 4023 οὐρανοῖς.»
3316 3955 3401 4018 Ὠς
3429 3957 3558 4019 Θεὸς
3579 3956 3727 4023 λέγει
3753 3959 3851 4022 τὸ,

2254 4034 2423 4091 Δώσω
2452 4054 2560 4103 σοι,
2603 4039 3052 4105 ὲξουσιαστικῶς·
3092 4043 3166 4108 ὡς
3212 4047 3319 4116 γὰρ
3351 4048 3381 4098 6
3415 4050 3603 4118 Πατὴρ
3631 4051 3854 4106 δέδωκέ

2256 4142 2338 4178 σοι
2367 4128 2466 4195 τὴν
2488 4131 2857 4201 ἀποκάλυψιν,
2894 4135 3068 4197 οὕτως
3105 4137 3214 4203 ἐγὼ
3254 4137 3352 4201 τὰς
3397 4142 3558 4203 κλεῖς.
3600 4143 3854 4208 Κλεῐδας

2252 4216 2310 4268 δὲ
2371 4218 2606 4286 νοήσεις,
2638 4222 2734 4286 τὰς
2785 4224 3088 4295 δεσμούσας
3143 4230 3237 4282 καὶ
3291 4230 3522 4294 λυούσας
3586 4233 3685 4286 τὰς
3722 4237 3853 4290 τῶν

2255 4313 2588 4384 σφαλμάτων
2643 4316 2674 4384 ἢ
2721 4321 3094 4389 συγχωρήσεις
3146 4322 3177 4391 ἦ
3225 4324 3612 4394 ἐπιτιμήσεις·
3645 4331 3856 4397 ὲχουσι

2252 4406 2360 4474 γὰρ
2391 4405 2641 4471 ἐξουσίαν
2667 4407 2884 4475 ἀφιέναι
2918 4411 3013 4463 καὶ
3062 4412 3303 4482 δεσμεῖν,
3339 4418 3388 4469 οἰ
3447 4419 3588 4470 κατὰ
3623 4419 3855 4491 Πέτρον

2251 4498 2350 4564 τῆς
2383 4497 2754 4570 ὲπισκοπικῆς
2818 4502 3145 4568 ἀξιωθέντες
3203 4510 3458 4577 χάριτος·
3489 4513 3534 4563 εἰ
3572 4499 3679 4582 γ’ὰρ
3738 4519 3855 4570 καὶ

572 4571 664 4627 tibi
693 4589 712 4627 ι
736 4575 994 4632 omnibus
1039 4587 1217 4634 tamen
1263 4592 1317 4637 et
1355 4589 1612 4653 apostolis
1640 4605 1702 4644 ea
1746 4603 1981 4661 potestas
2011 4609 2143 4652 con-

2257 4589 2390 4658 πρὸς
2423 4592 2828 4664 Πέτρονμόνον
2863 4595 3079 4668 εἴρηται
3113 4599 3194 4658 τὸ,
3240 4599 3408 4656 Δώσω
3433 4621 3534 4667 σοι,
3573 4606 3708 4658 ἀλλᾶ
3739 4614 3856 4664 καὶ

570 4677 722 4716 cessa
737 4673 849 4718 est.
870 4665 1096 4730 Quando
1117 4668 1277 4723 icnm
1312 4672 1469 4734 dixit,
1493 4675 1945 4750 Quorumcunque
1973 4689 2138 4742 remi-

570 4753 749 4808 seritis
771 4766 1011 4823 peccata,
1035 4764 1405 4817 remittuntur.
1425 4764 1632 4822 Etenim
1659 4785 1780 4824 cum
1803 4775 1952 4842 dixit,
1975 4777 2136 4848 Dabo,

573 4845 808 4900 futurum
841 4857 1056 4917 tempus
1083 4854 1293 4922 signat,
1332 4857 1431 4913 hoc
1461 4871 1577 4926 est,
1624 4875 1748 4930 post
1783 4845 2137 4928 resurrectio;

570 4951 713 4990 netn.
767 4937 901 4994 Coeli
949 4951 1127 4998 autem
1185 4947 1438 5004 dicuntur
1489 4961 1542 5006 et
1596 4956 1844 5022 virtutes,
1905 4975 2136 5036 quarum

567 5026 746 5082 claves
771 5041 893 5083 sunt
927 5033 1077 5087 bona:
1104 5040 1462 5104 ope'ratioues.
1493 5042 1624 5098 Nam
1650 5026 1938 5115 Operandor
1957 5053 2135 5123 ingre-

570 5119 769 5184 dimur,
817 5124 973 5190 quasi
1029 5141 1124 5195 per
1176 5130 1356 5186 claves
1405 5141 1664 5202 quasdam
1710 5144 2040 5210 aperientes,
2083 5149 2134 5203 in

572 5227 1009 5284 unamquamque
1045 5220 1319 5278 virtutum.
1351 5225 1405 5279 Si
1434 5239 1611 5284 autem
1649 5248 1758 5288 non
1791 5252 2005 5305 operor,
2041 5243 2134 5294 sed

571 5303 740 5357 solum
783 5307 892 5360 scio
927 5311 1142 5375 bonum,
1187 5315 1356 5371 habeo
1394 5322 1614 5388 quidem
1653 5327 1856 5381 clavem
1892 5329 2134 5386 scientia:

572 5396 764 5462 solum,
798 5409 950 5455 extra
980 5415 1156 5459 autem
1185 5425 1392 5466 maneo.
1429 5415 1648 5484 Ligatur
1674 5431 1850 5473 autem
1883 5423 1932 5473 in
1962 5423 2133 5487 cor-lis,

571 5488 673 5543 hoc
710 5501 813 5556 est,
853 5493 904 5545 in
936 5496 1245 5563 virtutibus,
1300 5507 1387 5571 qui
1437 5524 1564 5584 non,
1588 5513 1822 5565 ambulat
1877 5514 1928 5566 in
1985 5515 2132 5568 illis:

571 5597 691 5635 nam
724 5585 944 5641 sedulus
974 5587 1026 5642 in
1061 5591 1164 5646 illis
1194 5594 1400 5649 solutus
1425 5611 1523 5652 est.
1554 5597 1631 5655 Ne
1659 5603 1948 5659 habeamus
1975 5606 2138 5675 igitur

570 5680 831 5735 peccata,
892 5685 1084 5731 utnon
1147 5687 1354 5738 catenis
1409 5703 1712 5747 nostrorum
1788 5707 2133 5763 peccatorum

572 5758 717 5826 ligati
760 5764 946 5818 simus.

649 5887 687 5913 ⁵⁵
725 5885 863 5941 Padi.
890 5906 961 5953 lx,
996 5893 1080 5944 lii.

2247 4682 2383 4733 πᾶσι
2421 4685 2531 4746 τοῖς
2559 4685 2877 4749 ἀποστόλοις
2900 4688 3129 4744 δέδοται.
3161 4693 3296 4744 Πότε
3323 4711 3338 4758 ;
3379 4694 3507 4747 Ὅτε
3542 4692 3694 4749 εἶπεν
3723 4699 3849 4753 ’Λν

2241 4772 2404 4824 τινῶν
2440 4775 2613 4844 ἀφῆτε
2644 4778 2742 4840 τὰς
2774 4779 3072 4849 ἁμαρτίας,
3126 4782 3404 4852 ἀφίενται.
3455 4787 3563 4841 Καὶ
3601 4790 3708 4860 γὰρ
3746 4794 3851 4862 τὸ,

2245 4865 2433 4931 Δώσω,
2457 4866 2722 4934 μέλλοντα
2744 4870 2940 4940 ’χρόνον
2963 4872 3241 4942 σημαίνει,
3266 4883 3536 4941 τουτέστι,
3564 4878 3653 4933 τὸν
3686 4888 3851 4950 μετὰ

2246 4956 2563 5010 ἀνάστασιν.
2627 4961 2863 5031 Οὐρανοὶ
2920 4963 2976 5016 δὲ
3034 4965 3284 5032 λέγονται
3339 4971 3432 5022 καὶ
3489 4972 3545 5024 αἰ
3604 4973 3848 5044 ἀρεταὶ,

2249 5048 2454 5113 κλεῖδες
2509 5051 2564 5103 δὲ
2595 5054 2821 5119 τούτων,
2875 5056 2933 5108 αἰ
2970 5057 3255 5127 ἐργασίαι·
3278 5060 3365 5113 διὰ
3397 5061 3506 5132 γὰρ
3547 5064 3639 5116 τοῦ
3664 5067 3854 5136 ἐργά-

2248 5141 2433 5204 ζεσθαι
2467 5145 2852 5216 εἰσερχόμεθα,
2886 5148 3077 5220 ὥσπερ
3109 5151 3193 5204 διά
3234 5170 3396 5207 τινων
3429 5155 3657 5209 κλειδῶν
3684 5160 3855 5216 ἀνοι-

2247 5235 2476 5300 γουσῶν,
2508 5239 2586 5299 εἰς
2610 5237 2976 5309 ἑκάστηντῶν
3015 5243 3247 5313 ἀρετῶν.
3295 5243 3418 5297 Ἐὰν
3450 5247 3506 5299 δὲ
3529 5250 3630 5301 οὐκ
3660 5251 3850 5321 ἐργά-

2248 5327 2448 5395 ζωμαι,
2492 5327 2629 5382 ἀλλά
2683 5332 2843 5399 μόνον
2895 5329 3013 5386 οἰδα
3067 5335 3128 5388 τὸ
3162 5337 3387 5404 ἀγαθὸν,
3439 5339 3548 5409 ἔχω
3599 5342 3698 5410 μὲν
3727 5346 3849 5415 τὴν

2250 5420 2428 5472 κλεῖδα
2472 5421 2574 5489 τῆς
2639 5423 2896 5488 γνώσεως
2944 5427 3128 5493 μόνον,
3172 5429 3278 5494 ἔξω
3308 5429 3363 5480 δὲ
3401 5431 3583 5499 μένω·
3613 5432 3852 5492 δέδεται

2242 5510 2298 5563 δὲ
2322 5514 2378 5563 ὲν
2405 5515 2514 5577 τοῖς
2550 5515 2821 5584 οὐρανοῖς,
2878 5520 3179 5587 τουτέστιν,
3231 5523 3289 5574 ἐν
3334 5526 3456 5586 ταῖς
3518 5528 3768 5594 ἀρεταῖς,
3812 5537 3845 5584 ὁ

2250 5606 2321 5672 μὴ
2351 5606 2580 5675 βαδίζων
2604 5611 2660 5660 ἐν
2686 5610 2878 5672 αὐταῖς
2901 5628 2911 5639 '
2945 5614 2972 5664 6
3001 5613 3110 5682 γὰρ
3147 5615 3457 5679 σπουδαῖος,
3510 5619 3567 5667 ἐν
3598 5622 3849 5686 ταύταις

2247 5699 2482 5750 λέλυται.
2515 5701 2602 5770 Μὴ
2661 5703 2874 5772 ἔχωμεν
2922 5701 3013 5758 οὖν
3047 5707 3347 5775 ἁμαρτίας,
3388 5711 3471 5762 ἵνα

2249 5792 2353 5844 τῶν
2384 5794 2604 5846 οἰκ;ίων
2630 5797 2918 5868 ἁμαρτιῶν
2958 5799 3313 5870 δεσμώμῑοα.

3508 5713 3580 5780 Hi;
3617 5723 3848 5784 σῖνραῖς
