4004 6418
164 365 227 426 339
747 348 1196 413 ENAHRATIO
1234 350 1317 411 IN
1358 346 1863 413 EVANGELIUM
1906 347 2298 411 MATTHJIL
2343 372 2404 382 —
2431 348 2592 407 CAP.
2630 344 2799 408 XVII
3210 312 3351 436 330i

161 481 367 544 siiixqu,
394 466 548 526 αὑτοῦ
587 466 837 524 ἀκούετε.
877 484 895 518 ι
929 467 1002 520 Σὺ
1037 466 1157 536 μιν,
1188 459 1235 518 ὦ
1266 465 1461 535 Πέτρε,
1504 482 1639 535 σκη-
1666 470 1715 527 Α

1767 466 1908 519 :itunI
1954 474 2076 520 est:
2119 465 2291 533 ipsum
2326 460 2530 515 audite.
2569 478 2589 511 ι
2643 457 2722 514 τυ
2773 457 3010 529 quidem,
3055 471 3088 511 o
3136 446 3348 529 Petra!

161 574 218 631 νὰς
251 569 395 636 ζητεῖς
438 562 853 635 χειροποιήτους
904 558 1191 627 γενέσθαι·
1240 559 1268 610 6
1318 559 1373 613 δὲ
1426 558 1632 628 Πατὴρ,

1742 555 2087 612 tabernacula
2119 556 2319 626 queris
2347 552 2655 608 manufacta
2681 562 2737 606 ut
2759 552 2893 605 ﬁant
2922 548 3119 611 :Pater
3140 558 3321 604 autem

160 662 265 726 ἀλλην
289 654 464 725 σκηνὴν
507 652 929 727 ἀχειροποίητον
966 646 1064 717 τὴν
1097 647 1330 717 νεφέλην
1373 648 1636 717 περιστή-
1739 667 1741 698 ς

1739 648 1884 702 aliud
1926 645 2331 702 tabernaculum
2368 660 2475 699 non
2526 642 2892 697 manufactum
2944 642 3141 697 nubem
3185 656 3319 695 con-

161 769 234 809 σας,
258 746 453 799 δεικνύει
489 746 571 797 ὅτι
618 744 808 811 ὥσπερ
859 740 1023 803 αὐτὸς
1050 742 1106 792 ἐν
1133 738 1333 810 νεφέλη
1386 739 1637 807 ἐφαίνετο
1739 763 1742 794 ε

1742 739 1937 803 stituit,
1968 747 2021 793 et
2055 737 2294 792 Ostendit
2326 734 2471 805 quod
2504 735 2643 789 sicut
2677 733 2790 801 ipse
2818 733 2871 787 iu
2900 735 3039 787 nube
3070 731 3323 801 apparuit

155 814 222 903 ei,
264 840 477 899 παλαιοῖς
524 835 656 898 Θεὸς
717 832 815 895 ὣν,
872 832 1015 887 οὕτω
1068 833 1162 885 καὶ
1192 834 1222 886 6
1266 830 1430 884 αὐτοῦ
1486 831 1634 893 Υἱός.

1742 814 1980 897 antiquis
2000 826 2139 880 Deus
2157 826 2451 887 exsistens,
2466 824 2542 879 sic
2561 833 2607 877 et
2626 822 2794 877 Filius
2811 839 2960 878 suus.
2977 822 3175 877 Lucida
3196 836 3323 877 vero

154 934 319 1002 Φωτεινὴ
344 932 391 984 δὲ
418 933 447 1001 η
470 928 666 998 νεφέλη
694 926 954 990 ἐνταῦθα,
985 926 1043 978 οὐ
1068 925 1354 995 γνοφώδης
1380 925 1539 986 ὡς’ὲν
1569 928 1633 996 τῇ

1743 920 1935 975 nebula
1966 921 2067 973 hoc
2094 919 2234 982 loco,
2264 933 2367 971 non
2417 917 2714 985 caliginosa
2748 916 2887 969 sicut
2924 916 2977 968 in
3006 914 3210 976 Veteri,
3258 928 3324 966 eo

153 1026 309 1093 πιὶαιᾷ,
334 1023 449 1074 διότι
476 1022 578 1073 οὐκ
607 1018 911 1089 ἐκφοϐῆσαι
941 1016 1216 1088 ἠϐούλετο,
1249 1015 1384 1070 ἀλλὰ
1407 1015 1635 1080 διδάξαι.

1744 1012 1885 1081 quod
1938 1026 2042 1064 non
2090 1018 2370 1063 exterrere
2409 1007 2597 1073 voluit,
2649 1008 2743 1061 sed
2791 1006 3009 1059 docere.
3066 1005 3142 1058 Ex
3182 1006 3325 1057 nuhe

158 1119 218 1169 ‘Er.
241 1117 317 1183 τῆς
337 1114 547 1181 νεφέλης
580 1112 654 1176 ,δὲ
707 1114 738 1181 ή
774 1111 949 1179 φωνὴ,
1000 1110 1085 1162 ἶνα
1115 1108 1265 1181 δείξῃ
1302 1109 1384 1160 ὅτι
1429 1110 1492 1160 ὲκ
1539 1108 1635 1160 τοῦ

1746 1111 1923 1156 autem
1945 1116 2068 1167 vox,
2098 1111 2155 1153 ut
2184 1101 2429 1154 ostendat
2452 1100 2593 1166 quod
2622 1112 2688 1152 ex
2723 1097 2831 1150 Deo
2862 1095 2952 1149 sit.
2981 1097 3035 1149 lu
3059 1109 3164 1163 quo
3192 1098 3327 1149 bene

149 1206 237 1258 θεοῦ
262 1201 335 1275 ἦν.
360 1206 423 1257 Τὸ
440 1204 491 1257 δὲ
529 1192 624 1256 Ἓν
661 1195 705 1269 ᾧ
729 1202 1024 1271 εὐδόκησα,
1057 1201 1175 1253 ἀντὶ
1204 1199 1322 1263 τοῦ,
1358 1194 1401 1266 ᾧ
1435 1200 1640 1253 ἐπανα-

1748 1192 2129 1262 complacitum
2167 1190 2321 1257 mihi,
2349 1191 2450 1245 hoc
2482 1198 2583 1251 est,
2618 1202 2781 1256 super
2824 1202 2984 1256 quem
3018 1186 3326 1254 requiesco,

149 1274 325 1364 πελομαι
367 1295 453 1344 καὶ
503 1291 839 1361 ἀρέσκομαι.
917 1289 1169 1342 Διδάσκει
1217 1289 1274 1341 δὲ
1319 1290 1402 1342 ὃτι
1462 1289 1638 1341 Αὐτοῦ

1745 1293 1794 1335 et
1828 1283 1919 1352 qui
1956 1281 2085 1335 mihi
2116 1280 2311 1349 placet.
2344 1278 2512 1334 Docet
2537 1292 2751 1348 quoque
2784 1278 2929 1331 illum
2956 1274 3326 1331 audiendum:

148 1386 328 1450 ἀκούετε,
374 1384 468 1437 κᾶν
523 1381 915 1452 σταυρωθῆναι
960 1380 1109 1452 θέλῃ,
1162 1382 1238 1451 μὴ
1291 1379 1639 1435 ὲναντιοῦσθε

1456 1379 1639 1434 ιοῦσθε
1743 1373 1905 1427 ctiam
1942 1373 1986 1428 si
2015 1371 2255 1440 cruciligi
2282 1371 2530 1438 voluerit,
2563 1385 2629 1424 ne
2658 1369 3028 1425 obluctemini.

148 1495 264 1528 αυτω.

196 1586 210 1617 ι
243 1568 331 1621 Καὶ
358 1565 680 1630 ἀκούσαντες
728 1566 778 1619 οἱ
834 1564 1094 1637 μαθηταὶ,
1121 1562 1315 1618 ἔπεσον
1348 1564 1444 1617 επὶ
1472 1564 1641 1635 πρόσ-

1820 1560 1979 1614 Vens.
2030 1559 2148 1615 6-8.
2212 1578 2229 1612 t
2288 1558 2353 1613 Et
2401 1572 2523 1613 cum
2575 1556 2689 1611 hare
2742 1557 3024 1611 audissent
3055 1553 3328 1626 discipuli,

143 1674 246 1710 mw
263 1657 436 1723 αὐτῶν,
467 1660 561 1711 καὶ
580 1657 925 1727 εφοϐήθησαν
957 1656 1183 1726 σφόδρα,
1218 1657 1308 1709 καὶ
1330 1656 1640 1727 προσελθὼν

1749 1656 2093 1725 prociderunt
2150 1655 2202 1709 iu
2258 1652 2453 1708 faciem
2501 1669 2678 1717 suam,
2718 1662 2773 1706 et
2807 1654 2982 1706 territi
3007 1663 3133 1707 sunt
3161 1653 3330 1707 vehe-

146 1753 162 1799 ὸ
191 1750 372 1819 Ἰησοῦς,
397 1749 567 1819 ἥψατο
610 1748 813 1813 αὐτῶν,
848 1749 943 1802 καλ⁸
975 1744 1162 1801 εἶπεν·
1218 1748 1512 1818 Ἐγέρθητε
1548 1748 1641 1801 καὶ
1676 1811 1711 1819 _

1755 1757 1987 1801 menter.
2043 1747 2111 1801 Et
2164 1746 2428 1800 accedens
2460 1743 2641 1807 Iesus,
2680 1744 2851 1814 tetigit
2909 1756 3002 1797 eos
3035 1751 3087 1796 et
3142 1742 3328 1795 dixit:

145 1842 193 1908 μὴ
220 1811 455 1907 Marsos".
492 1811 829 1910 Ἐπάραντις
844 1840 907 1893 δὲ
933 1840 1058 1901 τοὺς
1086 1811 1403 1909 ὀφθαλμοῦς
1431 1811 1631 1905 αὐτῶν,
1673 1811 1714 1864 Β

1750 1840 1981 1911 Surgite,
2007 1850 2061 1895 et
2091 1854 2159 1894 ne
2190 1838 2447 1894 timeatis.
2472 1811 2979 1905 Suhlevatis‘igitur
3004 1833 3177 1890 oculis
3214 1833 3331 1888 suis

142 1932 276 1983 ιὺδένα
302 1927 444 1994 εῐὸον,
474 1934 521 1984 εί
558 1932 634 2001 μὴ
683 1934 773 1983 τὸν
822 1931 1029 2001 Ἰησοῦν
1066 1931 1251 2000 μόνον.
1298 1950 1317 1982 ι
1350 1932 1443 2000 Μὴ
1479 1933 1634 1996 ὲνεγ-

1749 1935 2011 1987 neminem
2040 1934 2312 1999 viderunt,
2343 1932 2447 1987 nisi
2467 1930 2652 1986 Jesum
2680 1932 2909 1986 solum.»
2946 1929 3197 1997 Discipuli
3225 1944 3330 1982 non

141 2025 272 2083 tina;
298 2025 381 2092 τὴν
404 2023 720 2093 λαμπηδόνα
752 2021 846 2074 τοῦ
894 2024 1089 2090 νέφους
1116 2022 1166 2074 ot
1197 2022 1461 2092 μαθηταὶ,
1500 2022 1635 2092 μηδὲ

1753 2025 1983 2081 ferentes
2033 2024 2297 2095 fulgorem
2330 2023 2511 2087 nubis,
2547 2037 2722 2092 neque
2768 2036 2976 2085 vocem,
3018 2021 3334 2076 ceciderunt

140 2115 203 2181 τὴν
227 2115 400 2184 φωνὴν,
447 2115 640 2167 ἔπεσον
671 2114 877 2185 χαμαί·
923 2109 1061 2184 ἦσαν
1090 2115 1145 2168 δὲ
1172 2117 1266 2168 καὶ
1296 2116 1345 2168 οἱ
1372 2114 1640 2183 ὀφθαλμοὶ

1746 2118 1797 2170 in
1828 2128 2045 2183 terram,
2066 2126 2122 2171 et
2143 2117 2285 2171 oculi
2310 2130 2497 2171 eorum
2518 2114 2672 2185 quasi
2697 2128 2887 2168 somno
2910 2113 3116 2183 gravati
3147 2119 3327 2167 erant.

142 2207 265 2257 αὐτῶν
284 2204 419 2276 ὕπνῳ
445 2206 811 2277 βεϐαρημένοι
828 2223 842 2237 ο
868 2205 1034 2260 ὕπνον
1052 2207 1109 2260 δὲ
1135 2207 1283 2275 λέγει
1317 2206 1413 2276 τὴν
1441 2204 1641 2274 πολλὴν

1753 2207 2010 2262 Somnum
2053 2207 2187 2261 dicit
2216 2207 2438 2260 multam
2478 2206 2851 2277 gravationem
2885 2222 2913 2258 a
2948 2206 3087 2260 visu.
3128 2203 3208 2259 Ne
3236 2217 3334 2259 au-

143 2300 319 2364 χάρωσιν
346 2298 437 2368 τὴν
472 2298 579 2351 ἀπὸ
612 2300 708 2369 τῆς
744 2297 921 2366 ὅψεως
944 2314 958 2329 ·
994 2298 1082 2350 ἵνα
1111 2297 1168 2350 δὲ
1204 2297 1279 2368 μὴ
1322 2298 1416 2349 ἐπὶ
1458 2296 1584 2350 πολὺ
1614 2298 1643 2349 6

1751 2310 1855 2355 tem
1884 2300 2045 2354 timor
2071 2300 2275 2354 diutius
2306 2299 2547 2355 insidens
2587 2299 2771 2367 ejiciat
2804 2299 3119 2353 memoriam
3144 2312 3330 2353 eorum

140 2389 249 2453 ῐέεος
279 2391 593 2459 παραμένων
625 2390 830 2465 ὲκὸἀλῃ
873 2390 971 2462 τὴν
1012 2394 1232 2461 μνήμην
1264 2392 1371 2444 τῶν
1419 2390 1645 2461 ὁραθέν-

1752 2406 1862 2461 qua:
1891 2390 2158 2455 viderant,
2199 2392 2427 2445 suscitat
2482 2405 2574 2445 eos
2602 2399 2655 2444 et
2686 2390 2912 2453 animal,
2942 2388 3333 2458 solusqueipse

138 2492 221 2537 των,
244 2480 417 2549 ἐγείρει
446 2482 643 2545 αὐτοὺς
699 2483 791 2535 καὶ
829 2482 1110 2554 Θαρρύνει,
1150 2482 1245 2535 καὶ
1280 2483 1442 2552 μόνος
1466 2482 1629 2545 αὐτὸς

1749 2492 2043 2550 comparet,
2075 2498 2141 2537 ne
2177 2496 2333 2552 putes
2364 2481 2509 2552 quod
2540 2483 2605 2535 de
2629 2481 2775 2536 Mose
2805 2481 2888 2536 vel
2920 2481 3034 2536 Elia
3058 2496 3163 2537 vox
3188 2481 3330 2537 dicta

137 2568 408 2636 εὑρίσκεται,
468 2572 555 2626 ἵνα
604 2572 680 2643 μὴ
727 2574 959 2645 νομίσῃς
1007 2575 1090 2627 ὅτι
1149 2575 1281 2643 περὶ
1334 2572 1642 2642 Μωσέωςῆ

1334 2574 1578 2636 Μωσέως
1610 2572 1642 2642 ἢ
1749 2572 1841 2637 sit,
1875 2573 1969 2628 sed
1998 2573 2064 2627 de
2094 2572 2213 2642 ipso
2240 2589 2255 2629 :
2297 2574 2412 2644 ipse
2433 2574 2578 2629 enim
2612 2584 2695 2629 est
2720 2572 2909 2629 Filius.

145 2655 271 2712 Ἠλιοῦ
294 2656 397 2731 ἧνή
420 2664 592 2735 φωνὴ,
612 2665 749 2718 ἀλλὰ
783 2668 917 2737 περὶ
940 2665 1104 2721 αὐτοῦ
1125 2682 1138 2695 '
1174 2667 1336 2731 αὐτὸς
1362 2668 1469 2737 γάρ
1496 2668 1643 2720 ἐστιν
1680 2668 1709 2719 6
1734 2666 1882 2730 Υἱός.

182 2782 301 2833 «Καὶ
330 2783 774 2839 καταϐαινόντων
824 2786 1006 2839 αὐτῶν
1051 2785 1159 2839 ἀπὸ
1192 2786 1284 2838 τοῦ
1336 2786 1517 2857 ὅρους,
1556 2787 1642 2839 ἐν·

1824 2786 1990 2841 Vens.
2016 2785 2069 2839 9.
2103 2805 2121 2837 ε
2171 2784 2382 2841 Etcum
2412 2786 2800 2841 descenderent
2820 2785 2887 2841 de
2906 2796 3113 2852 monte,
3134 2801 3336 2855 praece-

136 2873 314 2926 ιτιίλατο
339 2877 506 2939 αὐτοῖς
541 2878 571 2930 6
615 2878 845 2948 Ἰησοῦς,
872 2878 1067 2947 λέγων’
1111 2878 1317 2947 Μηδενὶ
1363 2880 1553 2950 εῖπητε
1581 2877 1642 2931 τὸ

1750 2878 1825 2947 pit
1857 2878 1962 2933 illis
2001 2876 2179 2942 Jesus,
2241 2878 2429 2933 dicens
2466 2895 2479 2930 :
2526 2875 2601 2932 Ne
2632 2878 2719 2931 cui
2766 2877 3016 2931 dixeritis
3064 2877 3330 2933 visionem

135 2959 264 3027 ἰραμα
290 2964 382 3027 ἓως
408 2959 466 3017 οῦ
495 2967 525 3017 6
556 2966 684 3028 Υἱὸς
714 2966 811 3019 τοῦ
846 2966 1135 3037 ἀνθρώπου
1172 2969 1236 3020 ὲκ
1262 2968 1473 3038 νεκρῶν
1506 2970 1638 3021 ἀνα-

1751 2968 1909 3035 hauc,
1945 2968 2119 3023 donec
2164 2967 2333 3022 Filius
2387 2967 2625 3021 hominis
2664 2982 2694 3019 e
2727 2965 2955 3021 mortuis
3000 2975 3270 3037 resurgat.
3309 2986 3328 3020 ι

136 3054 263 3115 στῇ.»
303 3057 392 3107 Διὰ
448 3058 960 3128 ταπεινοφροσύνην
1010 3058 1378 3127 παραγγέλλει
1448 3058 1638 3128 μηδενὶ
1666 3044 1706 3101 C

1747 3059 1966 3127 Propter
2052 3059 2412 3113 humilitatem
2477 3056 2765 3112 denuntiat
2826 3058 2958 3111 nulli
3013 3058 3328 3121 dicendum,

135 3143 271 3206 εἰπεῖν,
302 3148 384 3198 καὶ
419 3147 538 3216 ἅμα
571 3149 659 3201 ῖνα
697 3153 775 3219 μὴ
827 3150 1289 3204 σκανδαλισθῶσιν
1323 3151 1371 3203 οἱ
1409 3151 1634 3204 ἀκούον-

1748 3150 1849 3220 90
1876 3161 2039 3218 atque
2075 3151 2238 3203 etiam
2272 3164 2338 3202 ne
2366 3146 2712 3202 oﬂ'endantur
2765 3146 2857 3216 qui
2909 3148 3133 3202 audiunt
3179 3148 3329 3210 talia,

136 3247 191 3291 τις
208 3236 409 3303 τοιαῦτα,
435 3240 660 3310 ὕστερον
690 3241 1090 3311 σταυρούμενον
1122 3241 1411 3311 βλέποντες
1441 3242 1629 3295 αὐτόν.

1744 3254 1923 3310 postea
1954 3242 2128 3311 ipsum
2160 3240 2398 3307 cruciﬁgi
2428 3240 2695 3294 videntes.
2727 3237 3017 3294 Putassent
3044 3240 3186 3292 enim
3224 3239 3325 3291 im-

143 3324 361 3393 ’ίνόμισαν
387 3332 491 3400 γὰρ
513 3330 580 3384 ἂν
613 3332 776 3384 αὐτὸν
806 3332 1011 3385 πλάνον
1051 3329 1211 3398 εἶναι,
1248 3334 1389 3385 κατὰ
1428 3350 1633 3400 φανταο

1747 3350 2010 3407 pastorem
2051 3334 2239 3401 fuisse,
2276 3336 2501 3406 haecque
2533 3336 2707 3389 solum
2752 3345 3079 3407 apparenter
3107 3335 3328 3390 fecisse.

137 3416 217 3466 σὶιν
239 3422 507 3490 ποιήσαντα
535 3424 603 3476 τὰ
637 3424 941 3494 θεοπρεπῆ.
972 3426 1043 3476 Σὺ
1084 3424 1139 3477 δὲ
1172 3425 1335 3496 μάθε,
1370 3428 1451 3477 ὅτι
1490 3424 1637 3494 μετὰ

1748 3430 1821 3484 Tu
1848 3438 2027 3483 autem
2052 3430 2220 3491 disce,
2252 3438 2371 3497 post
2393 3443 2484 3482 sex
2510 3429 2647 3493 dies,
2680 3429 2730 3481 id
2756 3436 2859 3491 est,
2889 3436 3013 3497 post
3042 3427 3329 3493 mundum,

134 3503 377 3581 ἰξήμὲρας,
428 3515 699 3578 τουτέστι,
761 3518 901 3585 μετὰ
956 3517 1047 3569 τὸν
1098 3519 1303 3587 κόσμον
1351 3517 1442 3570 τὸν
1493 3518 1637 3583 ὲνὲξ

1744 3520 1831 3586 qui
1867 3533 1961 3573 sex
2000 3517 2193 3572 diehus
2245 3518 2498 3572 conditus
2537 3528 2641 3581 est,
2686 3516 2781 3570 Dei
2817 3518 3325 3587 contemplationem

137 3599 303 3667 ὴιλέριις
345 3605 836 3677 δημιουργηθέντα,
872 3606 1022 3677 ήτοῦ
1069 3608 1204 3661 Θεοῦ
1248 3607 1485 3679 Θεωρία·
1540 3607 1634 3660 ἐὰν

1748 3612 1995 3664 futuram.
2022 3611 2131 3663 Nsi
2161 3610 2305 3663 enim
2332 3610 2653 3663 transiveris
2684 3610 2964 3673 mundum,
2992 3618 3043 3663 et
3062 3609 3329 3663 exaltatus

134 3693 204 3760 γάρ
240 3696 320 3764 οὐχ
365 3699 604 3768 ὑπερόῇς
648 3700 738 3751 τὸν
791 3702 1016 3769 κόσμον,
1054 3702 1148 3753 καὶ
1202 3699 1428 3769 spuma;
1469 3702 1528 3751 ὲν
1556 3700 1635 3770 τῷ

1749 3700 1905 3755 fueris
1955 3703 2005 3755 in
2042 3711 2246 3765 monte,
2282 3717 2621 3771 nequaquam
2678 3701 2886 3755 videbis
2949 3701 3118 3767 clara,
3154 3716 3330 3771 neque

134 3779 301 3847 ξἵκετοιῖ
328 3790 396 3860 μὴ
433 3791 549 3861 ἴδῃς
602 3791 861 3860 λαμπρὰ,
908 3790 1032 3843 οὔτε
1080 3793 1143 3843 τὸ
1194 3792 1485 3861 πρόσωπον
1542 3791 1633 3843 τοῦ

1748 3793 1931 3847 faciem
1954 3791 2108 3853 Jesu.
2155 3794 2407 3847 deitatem
2440 3794 2562 3847 dico
2598 3810 2613 3847 :
2656 3808 2831 3863 neque
2857 3804 3085 3858 vestem,
3120 3795 3219 3847 hoc
3246 3798 3329 3848 est

133 3869 272 3940 Ἰησοῦ,
287 3880 374 3945 τὴν
396 3880 628 3951 θεότητα
644 3881 808 3949 λέγω,
829 3880 953 3933 οὔτε
971 3882 1039 3933 τὰ
1068 3882 1281 3950 ἱμάτια,
1305 3880 1402 3951 τὴν
1424 3881 1601 3951 σάρκα
1618 3896 1632 3910 °

1752 3903 1995 3941 carnem.
2055 3887 2253 3941 Videre
2300 3896 2478 3941 autem
2530 3897 2657 3943 tunc
2696 3889 2899 3957 poteris
2957 3899 3013 3943 et
3044 3888 3230 3943 Mosen
3272 3902 3328 3943 et

134 3962 221 4027 ἔοις
246 3968 291 4020 δὲ
319 3972 431 4023 τότε
463 3976 557 4025 καὶ
611 3973 819 4043 Μωσῆν
869 3974 964 4025 καὶ
1000 3971 1192 4026 Ἠλίαν
1244 3973 1637 4035 συλλαλοῦντας

1744 3977 1908 4031 Eliam
1944 3978 2314 4047 colloquentes
2351 3977 2483 4033 Jesu
2518 3996 2532 4032 :
2570 3979 2655 4034 lex
2684 3982 2829 4034 enim
2861 3988 2914 4035 et
2963 3982 3240 4050 propheta:
3271 3992 3325 4036 et

130 4054 181 4121 τῷ
226 4060 407 4129 Ἰησοῦ·
443 4068 471 4118 6
501 4067 612 4135 γὰρ
668 4065 833 4134 νόμος
883 4066 979 4118 καὶ
1025 4066 1073 4119 ot
1138 4068 1415 4137 προφῆται
1471 4066 1564 4118 καὶ
1608 4066 1636 4117 6

1741 4068 1894 4124 Jesus
1928 4086 2095 4123 unum
2142 4071 2434 4139 loquuntur
2466 4081 2519 4126 et
2546 4080 2869 4125 consonant.
2901 4072 3039 4139 Quin
3097 4085 3152 4128 et
3200 4090 3322 4127 CUIII

133 4146 287 4245 Ihm);
330 4154 386 4207 ιν
437 4157 661 4211 λαλοῦσι
705 4160 801 4211 καὶ
854 4157 1257 4227 συμφωνοῦσιν.
1330 4157 1488 4211 ’Δλλα
1542 4159 1635 4211 καὶ

1744 4162 2018 4218 inveneris
2047 4164 2334 4233 quemdam
2370 4179 2589 4219 sensum
2634 4164 2931 4234 Scriptum
2958 4164 3104 4221 clare
3156 4166 3325 4221 inter-

129 4241 215 4334 imi:
237 4241 383 4315 εὕρῃς
410 4247 535 4300 τινὰ
579 4248 954 4318 ἑρμηνεύοντα
987 4252 1048 4302 τὸ
1070 4249 1170 4316 τῆς
1201 4249 1426 4319 Γραφῆς
1455 4248 1635 4318 νόημα

1745 4262 2061 4321 pretantem,
2117 4270 2383 4322 c0guosce
2437 4256 2581 4324 quod
2625 4256 2716 4311 ille
2764 4255 2957 4312 faciem
2997 4256 3123 4312 Jesu
3176 4258 3326 4314 clare

129 4333 349 4432 f‘iﬂifdix.
384 4338 622 4405 γίνωσκε
656 4338 846 4391 τοῦτον
894 4340 955 4393 τὸ
980 4340 1276 4410 πρόσωπον
1305 4339 1401 4391 τοῦ
1460 4338 1633 4410 Ἰησοῦ
1662 4372 1710 4433 D

1742 4344 1924 4399 videat
1954 4362 1966 4398 :
2002 4344 2142 4415 quod
2180 4345 2226 4401 si
2252 4356 2307 4400 et
2343 4348 2503 4402 verba
2562 4347 2800 4401 declaret
2830 4357 2884 4402 et
2917 4350 3205 4417 conspicua
3239 4350 3323 4404 fa-

129 4421 330 4515 ξίμπρῶς
356 4424 573 4495 βλέπειν
595 4442 612 4459 ⁸
642 4428 769 4481 εἰδὲ
799 4428 895 4481 καὶ
925 4428 1022 4491 τὰς
1054 4427 1229 4493 λέξεις
1260 4427 1519 4496 διασαφεῖ
1543 4429 1637 4481 καὶ
1662 4421 1708 4433 ”

1742 4436 1874 4500 ciat,
1908 4435 1994 4490 hic
2022 4446 2076 4491 et
2100 4446 2278 4491 vestes
2308 4437 2435 4492 Jesu
2465 4438 2721 4493 candidas
2739 4439 2901 4495 videt.
2931 4440 3120 4495 Vestes
3152 4442 3322 4505 enim,

128 4511 398 4602 ξαμτςρύνει,
474 4511 635 4583 οὗτος
709 4520 805 4573 καὶ
876 4520 946 4573 τὰ
1016 4520 1209 4590 ἱμάτια
1285 4519 1379 4573 τοῦ
1461 4518 1635 4590 Ἰησοῦ

1741 4540 1997 4580 sensuum
2057 4527 2341 4584 dictiones.
2392 4525 2497 4582 Sed
2572 4544 2639 4583 ne
2695 4528 2901 4586 dixeris
2959 4547 3082 4586 cum
3139 4532 3322 4600 Petro,

268 4602 467 4671 βλέπειο
504 4608 697 4679 ῖμάτια
744 4609 856 4677 γὰρ
884 4609 992 4662 τῶν
1039 4610 1327 4680 νοημάτων
1355 4611 1410 4663 αι
1440 4609 1633 4675 λέξεις.

1746 4638 1764 4670 ε
1812 4619 2014 4674 Bonum
2040 4629 2123 4676 est
2167 4637 2267 4675 nos
2298 4621 2386 4677 hic
2431 4637 2590 4685 esse;
2627 4642 2648 4675 ι
2687 4640 2810 4679 nam
2844 4635 3059 4695 oportet
3110 4642 3326 4697 semper

133 4688 335 4787 βέλτμὴ
358 4702 519 4774 εἴπῃς
548 4703 691 4756 κατὰ
738 4703 965 4773 Πέτρον,
1004 4722 1023 4755 t
1060 4702 1240 4759 Καλόν
1286 4706 1435 4759 ἐστιν
1488 4709 1635 4777 ἡμᾶς

1743 4712 2023 4779 prolicere,
2052 4722 2108 4767 et
2131 4728 2235 4766 non
2260 4728 2582 4783 permanere
2613 4715 2664 4769 in
2694 4730 2800 4770 uno
2824 4718 2993 4786 gradu
3026 4717 3241 4777 virtutis
3267 4730 3324 4777 et

225 4778 356 4841 εἶναι·
402 4810 420 4844 ι
454 4794 544 4845 ἀεὶ
572 4794 684 4861 γὰρ
729 4794 1065 4863 προκόπτειν
1097 4797 1181 4848 δεῖ
1224 4798 1317 4850 καὶ
1371 4797 1433 4849 οὐ
1466 4816 1634 4852 κατα-

1371 4797 1433 4849 οὑ
1466 4816 1634 4852 κατα-ι
1740 4805 2238 4875 contemplationis,
2268 4807 2361 4862 sed
2396 4808 2463 4864 ad
2496 4807 2601 4862 alia
2642 4808 2899 4865 transire.

130 4873 259 4934 μένειν
284 4880 433 4937 ινινι
467 4885 668 4955 βαθμῷ
705 4885 906 4955 ἀρετῆς
944 4890 1038 4941 καὶ
1069 4888 1325 4961 θεωρίας,
1358 4890 1494 4944 ἀλλὰ
1529 4894 1623 4945 καὶ
1662 4893 1900 4965 ἀλλαχοῦ
1937 4873 2311 4967 μεταϐαίνειν.

176 5008 188 5040 ι
222 4994 314 5049 Καὶ
353 5000 721 5071 επηρώτησαν
759 5002 923 5057 αὐτον
956 5007 1004 5058 οἱ
1036 5006 1278 5078 μαθηταὶ
1315 5008 1503 5074 αὑτοῦ,
1536 5010 1626 5063 λέ-

1804 5013 1965 5071 V'ras.
2000 5016 2085 5070 to.
2124 5034 2141 5067 ι
2170 5014 2234 5068 Ει
2272 5016 2740 5088 interrogaverunt
2772 5020 2922 5075 illum
2954 5022 3206 5095 discipuli
3235 5030 3319 5083 sui

315 5090 374 5141 Τί
402 5091 495 5144 οῦν
533 5094 585 5145 ot
617 5093 657 5146 Γ
662 5099 971 5165 ραμματεῖς
1004 5097 1257 5166 λέγουσιν
1298 5101 1380 5154 ὅτι
1442 5102 1629 5155 Ἠλίαν

1735 5107 1974 5165 dicentes
2008 5128 2022 5163 :
2061 5110 2237 5177 Quare
2272 5112 2437 5183 igitur
2490 5115 2692 5170 Scrihm
2736 5118 2922 5173 dicunt
2954 5090 3112 5190 quod
3144 5122 3316 5178 Eliam

126 5170 336 5283 ᾱζὲλθεῐν
366 5182 615 5251 πρῶτον;
648 5200 667 5234 ι
710 5184 1060 5252 Ἀπατῶντες
1087 5191 1179 5243 τὸν
1209 5190 1335 5269 λαδν
1365 5192 1415 5243 ot
1443 5192 1629 5263 Γραμ-

1733 5210 1941 5269 oportet
2003 5202 2189 5257 venire
2234 5206 2556 5272 primum?)
2632 5170 2987 5278 Decipientes'
3056 5214 3314 5283 pupulum

128 5266 279 5375 imit:
301 5270 477 5338 ἔλεγον
522 5275 608 5327 ὃτι
644 5276 745 5327 οὐκ
784 5272 852 5346 ἦν
901 5279 1061 5344 αὐτζς
1091 5283 1119 5334 6
1152 5266 1408 5352 Χριστός·
1442 5286 1490 5337 el
1522 5286 1628 5355 γὰρ

1734 5292 1935 5346 δετίὺεε
1962 5293 2211 5349 dicehant
2243 5298 2385 5365 quod
2411 5298 2522 5367 ipse
2558 5315 2664 5354 non
2694 5266 2837 5356 esset
2863 5266 3152 5359 Christus:
3186 5322 3312 5359 nam

127 5365 181 5452 Et.
207 5358 364 5467 filia;
393 5364 457 5417 ἂν
488 5367 695 5437 ἤρχετο
745 5370 986 5438 πρῶτον,
1042 5372 1366 5439 ἀγνοοῦντες
1401 5379 1481 5432 ὅτι
1535 5378 1628 5430 δύο

1734 5384 1775 5436 si
1812 5392 1979 5447 esset,
2032 5383 2179 5441 Elias
2220 5388 2458 5454 primum
2492 5392 2727 5446 venisset
2767 5411 2780 5446 :
2818 5394 3130 5464 ignorantes
3169 5400 3312 5465 quod

134 5448 183 5493 τεᾷ
205 5448 403 5557 ξριστοῦ
438 5460 763 5528 παρουσίαι,
794 5453 871 5512 ὧν
901 5462 997 5531 τῆς
1022 5464 1121 5532 μὲν
1148 5469 1370 5539 πρώτης
1397 5470 1623 5539 πρόδρ>-

1733 5472 1836 5526 duo
1908 5476 2172 5530 adventus
2205 5478 2429 5543 Christi,
2484 5494 2713 5547 quorum
2780 5486 2939 5553 primi
3002 5448 3312 5542 Prtecu‘rsor

131 5537 228 5635 Ρξςό
256 5542 524 5646 ¹Ἰιοὰννης,
576 5548 675 5616 τῆς
714 5547 769 5599 δὲ
810 5548 1093 5619 δευτέρας,
1133 5554 1160 5603 6
1198 5537 1399 5618 Ἠλίας.
1445 5537 1621 5625 Ὅπερ

1729 5560 1982 5631 Joannes,
2034 5570 2253 5622 sctuudi
2286 5580 2462 5624 autem
2496 5570 2656 5627 Elias.
2689 5537 2951 5629 Sic'enim
2990 5587 3041 5630 et
3065 5577 3310 5635 Christus

129 5634 185 5721 υξν
205 5634 274 5683 καί
294 5634 318 5685 6
342 5635 573 5704 Χριστὸς
604 5639 903 5708 ἑρμηνεύει
935 5645 1045 5705 τοῖς
1099 5646 1388 5717 μαθηταῖς.
1418 5650 1618 5701 Ἄκουε

130 5721 211 5764 ita.

1237 5656 1388 5716 ιταίς.
1418 5650 1618 5701 Ἄκουε
1732 5654 2114 5724 interpretatur
2150 5660 2447 5729 discipulis.
2483 5661 2618 5716 Audi
2654 5664 2818 5717 cnim.

137 5736 211 5784 I19-

334 5818 604 5882 PnItOL.
634 5822 749 5884 GR.
801 5823 900 5885 CX
916 5826 1084 5888 XIII.
2806 5847 2874 5907 11
