4004 6416
603 392 732 462 ’311

1551 382 2135 451 ΤιΙΕοΡιΠιΑοΤι
2171 372 2586 442 BULGARUE
2626 365 2986 429 ARCHIEP.

3778 354 3906 425 332

711 512 872 567 Vens:
936 508 1117 566 1H3.
1169 523 1188 559 t
1240 502 1397 568 Iesus
1452 510 1636 559 autem
1690 500 2025 570 respondens
2079 496 2216 551 dixit

2391 506 2413 540 ι
2472 485 2531 540 '0
2560 485 2616 539 δὲ
2656 482 2864 556 Ἰησοῦς
2907 476 3230 551 ἀποκριθεὶς
3278 474 3433 532 εἶπεν
3466 458 3674 541 αὐτοῖς·
3707 475 3910 543 Ἠλίας

639 605 748 658 illis
780 622 794 658 :
836 583 983 659 Eiias
1001 599 1090 669 qui
1114 600 1215 669 lem
1242 596 1418 651 veniet
1450 595 1621 666 prius,
1649 602 1703 647 et
1734 592 1980 646 restituet
2017 588 2216 643 omnia.

633 696 769 750 Dico
824 671 1000 749 autem
1060 689 1215 753 vobis
1264 689 1406 759 quod
1466 684 1615 743 Elias
1651 684 1764 755 iam
1816 681 1981 745 venit,
2018 690 2071 735 et
2114 694 2218 734 non

640 766 1131 854 agnoverunteum,
1168 780 1260 835 sed
1289 779 1537 834 fecerunt
1574 778 1625 830 in
1654 790 1721 831 eo
1760 786 2097 843 quaecunque
2126 784 2220 824 vo-

641 876 879 930 luerunt.
910 872 1002 928 Sic
1020 884 1076 928 et
1108 871 1160 925 ~F
1185 866 1289 936 lius
1323 869 1556 925 hominis
1590 878 1850 935 passurus
1882 861 2074 917 est-ab
2117 859 2217 914 eis.

652 966 802 1020 Tunc
835 964 1219 1019 intellexerunt
1258 959 1501 1025 discipuli
1538 956 1680 1026 quod
1710 954 1779 1009 de
1833 951 2042 1006 Joanne
2083 949 2219 1017 Bap-

642 1060 769 1111 tista
811 1056 1038 1112 dixisset
1087 1053 1210 1107 illis.
1248 1070 1269 1103 ι
1332 1050 1567 1105 Dicendo
1614 1045 1758 1114 quod
1804 1043 1950 1097 Elias
1999 1038 2216 1111 quidem

641 1148 845 1212 veniet,
890 1147 1133 1201 ostendit
1184 1141 1324 1212 quod
1370 1142 1606 1195 nondum
1663 1137 1852 1190 venit:
1884 1135 1936 1188 in
1981 1130 2219 1186 secuqu

646 1248 826 1294 autem
852 1238 1083 1293 adventu
1106 1235 1328 1289 veniens
1348 1242 1666 1301 praecursor,
1689 1227 2036 1285 restituturus
2061 1222 2132 1276 sit
2150 1219 2217 1273 ad

645 1330 803 1385 ﬁdem
843 1326 1047 1384 ChriSti
1113 1338 1305 1381 omnes
1338 1320 1614 1383 Hebraeos,
1657 1332 1799 1387 qum
1829 1314 2218 1386 persuasibiles

647 1420 904 1484 inveniet,
941 1416 1098 1490 quasi
1125 1416 1189 1469 ad
1234 1401 1601 1469 hereditatem
1630 1420 1907 1477 paternam
1950 1408 2217 1461 reducens

645 1524 741 1564 eos
774 1508 863 1576 qui
913 1507 1245 1562 exciderant.
1299 1504 1434 1557 Cum
1486 1510 1667 1555 autem
1701 1500 1850 1564 dicit,
1908 1498 2050 1552 Elias
2107 1497 2215 1565 iam

646 1600 816 1664 venit,
854 1596 1251 1653 Prccursorem
1306 1593 1454 1650 illum
1509 1590 1773 1647 Joannem
1820 1588 1974 1654 dicit,
2012 1589 2065 1642 in
2111 1600 2219 1656 quo

646 1688 893 1746 fecerunt
920 1701 1256 1758 quascunque
1286 1684 1529 1749 voluere,
1559 1680 1873 1737 occidentes
1907 1694 2051 1733 eum.
2080 1676 2215 1731 Nam

645 1781 1021 1853 permittentes
1078 1777 1277 1833 Herodi
1326 1786 1384 1829 ut
1434 1775 1708 1831 occideret
1757 1769 2041 1835 Joannem,
2091 1783 2215 1823 cum

2324 580 2422 652 μὲν
2462 580 2684 648 ἔρχεται
2745 575 2992 646 πρῶτον,
3041 572 3136 627 καὶ
3189 570 3641 642 ἀποκαταστήσει
3693 570 3907 625 πάντα-

2318 671 2479 739 Λέγω
2500 670 2557 722 δὲ
2585 670 2713 738 ὑμῖν
2741 666 2823 719 δτι
2870 664 3055 727 Ἠλίας
3082 662 3184 734 ἤδη
3216 658 3369 733 ἦλθε,
3398 661 3495 714 καὶ
3519 661 3618 714 οὐκ
3653 661 3913 729 ἐπέγνω-

2321 779 2422 816 σαν
2470 759 2657 823 αύτδν,
2697 757 2814 811 ἀλλ’
2866 753 3129 824 ἐποίησαν
3164 754 3223 805 ἐν
3253 751 3401 820 αύτῷ
3440 752 3540 804 ὅσα
3594 749 3911 819 ἠθέλησαν.

2320 852 2476 907 Οὕτω
2504 852 2645 908 καὶό
2676 848 2804 911 Υίδς
2836 845 2930 901 τοῦ
2966 844 3256 913 ἀνθρώπου
3292 842 3474 915 μέλλει
3525 842 3762 911 πάσχειν
3811 840 3914 894 ὑπ’

2319 944 2522 999 αὐτῶν.
2548 943 2682 995 Τότε
2708 940 2949 1009 συνῆκαν
2978 937 3027 990 oi
3058 936 3321 1007 μαθηταὶ,
3354 937 3438 987 ὂτι
3470 934 3598 1004 περὶ
3648 931 3916 986 Ἰωάννου

2318 1034 2417 1088 τοῦ
2456 1031 2762 1087 Βιπτιστοῦ
2808 1025 2965 1084 εἴπεν
3017 1029 3226 1090 αὐτοῖς.
3268 1045 3286 1078 ι
3337 1025 3429 1080 Ἐν
3466 1026 3544 1095 τῷ
3594 1026 3774 1077 εἰπεῖν
3824 1026 3919 1077 ὃτι

2319 1127 2506 1189 Ἠλίας
2540 1127 2638 1195 μὲν
2677 1124 2918 1193 ἔρχεται,
2961 1118 3200 1173 δεικνύει
3230 1118 3312 1172 ὅτι
3349 1116 3505 1170 οὔπω
3533 1111 3719 1187 ἦλθεν,
3755 1115 3923 1168 ἐλεύσ-

2320 1234 2473 1271 σεται
2517 1214 2574 1267 δὲ
2613 1214 2926 1284 πρόδρομος
2968 1210 3069 1279 τῆς
3118 1210 3380 1278 δευτέρας
3439 1207 3749 1271 ἐλεύσεως,
3816 1208 3923 1259 καὶ

2319 1306 2760 1375 ἀποκαταστήσει
2797 1304 2932 1374 πρὸς
2962 1301 3063 1372 τὴν
3094 1302 3278 1353 πίστιν
3306 1298 3401 1352 τοῦ
3430 1298 3668 1369 Χριστοῦ
3696 1298 3923 1360 πάντας

2318 1401 2446 1462 τοὺς
2491 1396 2957 1468 εὑρεθησομένους
2996 1390 3313 1459 πειθηνίους
3373 1388 3682 1458 Ἐϐραίους,
3712 1388 3874 1443 ὥσπε
3889 1406 3924 1459 ρ

2322 1487 2402 1548 είς
2434 1484 2688 1555 πατρῷον
2722 1483 2926 1553 κλῆρον
2971 1479 3361 1534 άποκαθιστῶν
3391 1480 3589 1542 αὐτοὺς
3636 1480 3925 1532 ἐκπεσόν-

2323 1590 2451 1637 τας·
2482 1576 2540 1627 ἐν
2560 1575 2617 1627 δὲ
2646 1574 2725 1644 τῷ
2767 1575 2941 1626 είπεῖν
2975 1572 3058 1625 ὅτι
3102 1570 3291 1634 Ἠλίας
3320 1571 3419 1642 ήδη
3451 1566 3604 1642 ἦλθε,
3638 1570 3729 1623 τὸν
3768 1568 3928 1641 Πρό-

2322 1667 2525 1736 δρομον
2573 1665 2828 1736 Ἰωάννην
2880 1664 3067 1734 φησίν.
3130 1663 3427 1731 Ἐποίησαν
3454 1664 3509 1715 δὲ
3543 1665 3602 1716 ἐν
3628 1663 3781 1734 αύτῷ
3808 1663 3927 1716 ὅσα

2318 1759 2411 1811 καὶ
2433 1757 2705 1827 ἠθέλησαν
2752 1755 3111 1825 φονεύσαντες
3161 1755 3359 1807 αὐτόν·
3410 1753 3481 1807 δι’
3510 1746 3585 1806 ὧν
3626 1754 3734 1824 γάρ
3771 1768 3922 1806 συν-

645 1843 869 1945 possent
900 1870 1203 1941 prohibere,
1239 1867 1338 1937 ipsi
1387 1866 1722 1922 occiderunt.
1757 1862 1910 1916 Tunc
1946 1860 2111 1931 igitur
2138 1859 2217 1913 di-

2340 1847 2604 1919 ;χώρησαν
2636 1846 2714 1916 τῷ
2757 1844 2970 1917 Ἡρώδῃ
2995 1845 3279 1915 φονεῦσαι,
3308 1843 3602 1915 δυνάμενοι
3636 1845 3922 1912 κωλύειν,

648 1963 837 2035 scipuli
866 1961 990 2017 facti
1016 1959 1436 2030 perspicaciores
1468 1956 1852 2012 intellexerunt
1883 1956 2025 2021 quod
2054 1949 2218 2004 Joan-

649 2073 771 2113 nem
800 2052 975 2109 Eliam
1005 2054 1234 2116 vocarit,
1272 2051 1414 2121 quod
1442 2051 1556 2122 ipse
1591 2048 1749 2124 primi
1792 2048 2051 2101 adventus
2082 2058 2219 2112 prae-

650 2161 838 2201 eut-sor
897 2144 1081 2209 fuerit,
1130 2144 1269 2199 sicut
1300 2143 1392 2199 ille
1441 2132 1663 2198 secundi
1706 2138 1920 2193 futurus
1962 2146 2047 2191 est
2079 2149 2216 2206 prae-

652 2254 862 2309 cursor.

720 2324 890 2385 Vsus.
923 2326 1011 2384 Ν.
1049 2346 1068 2379 ι
1096 2324 1157 2380 Ει
1190 2337 1312 2380 eum
1336 2322 1606 2379 venissent
1637 2320 1701 2376 ad
1734 2319 1967 2384 turbam,
1994 2316 2223 2371 accessit

654 2422 719 2477 nd
752 2436 871 2475 cum
904 2420 1069 2475 homo
1096 2417 1312 2487 quidam
1328 2412 1642 2470 ﬂectensilli
1675 2425 1871 2481 genua,
1897 2408 2221 2476 dicensqnc:

658 2497 916 2575 numine,
943 2508 1201 2562 miserere
1238 2504 1330 2559 lilii
1365 2506 1491 2568 mei,
1532 2504 1791 2573 quoniam
1828 2500 2100 2553 lunaticus
2143 2504 2227 2549 est

659 2612 713 2655 et
750 2598 945 2654 misere
991 2595 1248 2667 aiﬂigitur
1278 2612 1293 2648 :
1328 2609 1449 2649 nam
1494 2606 1637 2663 saepe
1671 2591 1816 2646 cadit
1844 2590 1897 2643 in
1950 2588 2148 2658 ignem,
2175 2594 2230 2638 et

660 2707 799 2762 sa'pe
829 2691 882 2743 in
910 2704 1126 2760 aquam.
1158 2705 1177 2739 ι
1216 2678 1377 2741 Valde
1409 2683 1714 2740 incredulus
1747 2687 1969 2751 apparet
1997 2693 2115 2734 esse
2146 2677 2231 2732 hic

662 2784 845 2841 lmnm.
867 2795 935 2835 eo
964 2779 1107 2848 quod
1137 2778 1270 2831 dixit
1299 2777 1364 2830 ad
1391 2777 1563 2843 ipsum
1587 2772 1856 2837 Christus,
1882 2769 1926 2827 0
1956 2768 2231 2840 generatio

660 2872 958 2935 incredula,
984 2878 1040 2924 et
1058 2868 1201 2937 quod
1225 2867 1398 2936 arguit
1420 2866 1536 2937 ipse
1568 2862 1877 2932 discipulos.
1909 2859 2023 2915 Non
2048 2871 2228 2913 autem

665 2970 787 3020 luna
847 2978 1010 3017 causa
1063 2970 1179 3016 erat
1219 2959 1413 3022 morbi,
1460 2958 1553 3013 sed
1609 2955 1853 3012 diabolus
1912 2952 2237 3008 observabat

661 3053 1106 3128 plenilunlum,et
1130 3049 1373 3122 ιιιιιοθι
1400 3048 1780 3113 insidiabatur,
1805 3057 1863 3100 ut
1888 3051 2237 3115 arguerentur

661 3159 823 3214 npera
857 3144 945 3199 Dei
978 3149 1233 3210 tanQuam
1271 3142 1427 3197 nobis
1450 3141 1647 3194 malum
1691 3138 2000 3194 inferentia.
2035 3135 2113 3190 Tu
2140 3152 2235 3187 au-

665 3245 770 3288 tem
800 3231 1089 3301 intelligas,
1124 3232 1375 3295 obsecro,
1413 3233 1553 3298 quod
1582 3228 1762 3283 omnis
1797 3227 2063 3297 insipiens
2097 3228 2237 3280 sicut

664 3324 789 3379 luna
814 3323 1129 3376 lit-mutatur
1148 3320 1218 3387 ”,
1247 3321 1536 3375 secundum
1565 3320 1926 3389 Scripturam,
1953 3326 2006 3371 et
2025 3317 2238 3372 interim

669 3418 895 3484 apparet
926 3411 1123 3465 virtute
1153 3424 1401 3479 magnus,
1455 3410 1669 3465 interim
1708 3407 2046 3463 imminuitur
2077 3422 2239 3463 sensu

666 3513 721 3560 et
750 3501 968 3571 desipit.
997 3499 1099 3555 Hic
1136 3500 1297 3571 igitur
1335 3514 1457 3555 cum
1492 3499 1758 3553 Iunaticus
1793 3497 1979 3564 fuerit,
2013 3498 2157 3552 cadit
2188 3497 2240 3549 in

586 3624 607 3635 κ
668 3596 845 3665 ignem
879 3594 971 3649 ira:
998 3601 1053 3647 et
1079 3592 1549 3663 concupiscentiae,
1586 3602 1642 3647 et
1686 3592 1737 3646 in
1782 3604 1977 3660 aquam
2028 3590 2240 3658 plenam

666 3683 921 3741 ﬂuctibus
944 3686 1099 3754 hujus
1122 3685 1245 3739 vita:
1263 3683 1663 3747 sollicitudinis,
1692 3683 1744 3736 in
1769 3697 1872 3751 qua
1896 3691 1949 3735 et
1973 3681 2240 3735 leviathan

669 3776 936 3838 dialxoius,
971 3778 1072 3829 hoc
1101 3784 1203 3839 est,
1246 3776 1519 3843 imperans
1566 3774 1653 3828 ille
1702 3774 1754 3826 in
1790 3773 1963 3839 aquis.
2020 3772 2100 3825 An
2138 3786 2241 3824 non

670 3865 864 3923 ﬂuctus
887 3875 1032 3922 recte
1057 3867 1308 3922 dicuntur
1335 3868 1540 3923 crebrae
1573 3866 1794 3921 divitum
1827 3863 2009 3921 cura?!

744 4050 914 4106 Vsus.
953 4050 1135 4107 15-17.
1175 4066 1194 4102 ι
1233 4049 1297 4105 Et
1320 4048 1487 4104 obtuli
1527 4064 1647 4103 eum
1677 4048 1955 4118 discipulis
1988 4048 2112 4114 tuis,
2147 4062 2247 4103 nec

672 4151 961 4214 potuerunt
1014 4156 1136 4196 eum
1187 4155 1399 4195 sanare.
1456 4139 1807 4207 Respondens
1867 4147 2043 4193 autem
2092 4138 2249 4193 .lesus

675 4236 809 4289 dixit
844 4252 859 4288 :
887 4233 931 4289 0
965 4234 1117 4287 natio
1146 4232 1419 4287 incredula
1451 4242 1503 4286 et
1531 4231 1783 4298 distorta,
1818 4245 2101 4301 quousque
2137 4242 2252 4286 Ian-

678 4327 796 4380 dem
836 4339 929 4379 ero
971 4322 1289 4378 vobiscum?
1317 4336 1601 4391 usquequo
1634 4322 1810 4390 patiar
1841 4324 1973 4377 vos?
2000 4322 2249 4379 adducite

677 4415 830 4471 illum
861 4418 984 4470 huc.
1026 4414 1092 4469 Et
1123 4413 1419 4483 increpavit
1452 4412 1601 4466 illum
1632 4410 1810 4478 Iesus,
1839 4420 1893 4467 et
1921 4414 2057 4467 exiit
2090 4413 2157 4467 ab
2184 4429 2247 4468 eo

677 4508 1021 4571 darmunium,
1071 4504 1127 4561 et
1152 4514 1375 4561 sanatus
1409 4515 1490 4560 est
1523 4518 1655 4575 puer
1683 4520 1748 4560 ex
1780 4504 1867 4559 illa
1902 4501 2055 4561 liora.
2096 4522 2113 4556 ι
2150 4503 2246 4558 Vi-

680 4597 774 4651 des
800 4597 1071 4650 hominem
1112 4594 1369 4649 delictum
1406 4608 1516 4648 sum
1550 4594 1943 4648 incredulitatis
1974 4593 2250 4662 discipulis

682 4684 1087 4753 impingentem,
1119 4688 1260 4753 quod
1282 4685 1605 4739 inﬁrmiores
1637 4686 1745 4739 sint
1766 4700 1923 4754 quam
1951 4695 2009 4739 ut
2040 4696 2248 4739 sanent.

686 4777 848 4843 igitur
881 4777 1135 4830 Dentiuus
1186 4776 1462 4830 confundit
1510 4792 1633 4830 eum
1679 4777 1820 4845 quod
1871 4780 2137 4831 accusarit
2169 4779 2250 4831 di-

686 4867 941 4933 scipulus,
978 4880 1040 4919 ac
1081 4868 1209 4919 dicit
1232 4882 1255 4919 .:
1291 4864 1335 4920 Ο
1362 4866 1641 4936 generatio
1682 4866 1978 4931 incredula,
2013 4868 2111 4921 hoc
2147 4879 2249 4933 est,

686 4957 800 5011 Non
829 4967 909 5011 est
956 4966 1160 5010 tantum
1201 4957 1528 5010 inﬁrmitatis
1572 4956 1803 5020 illorum,
1837 4967 2098 5026 quantum
2150 4966 2254 5013 tute

689 5050 1075 5104 incredulitatis
1117 5050 1365 5103 delictum
1402 5067 1417 5103 :
1446 5063 1635 5119 magna
1659 5054 1801 5104 enim
1833 5059 1935 5113 est,
1968 5060 2023 5103 et.
2047 5049 2254 5102 illorum

695 5140 1014 5194 mediocrem
1068 5140 1233 5193 vincit
1276 5139 1547 5193 virtutem.
1588 5138 1869 5194 Hominem
1895 5148 2071 5192 autem
2111 5140 2253 5191 illum

2319 1942 2514 1993 ἐκεῖνοι
2545 1941 2865 2009 ἐφόνευσαν.
2894 1939 3030 1992 Τότε
3057 1940 3237 1992 τοίνυν
3268 1937 3515 2008 ὀξύτεροι
3541 1939 3838 2009 γενόμενοι
3865 1938 3925 1991 oi.

2324 2031 2565 2102 μαθηταὶ
2594 2034 2858 2103 συνῆκαν,
2889 2032 2970 2085 ὅτι
2997 2032 3089 2085 τὸν
3143 2031 3400 2101 Ἰωάννην
3426 2032 3614 2084 Ἠλίαν
3656 2032 3928 2094 ἐκάλεσε,

2320 2124 2407 2178 διὰ
2437 2124 2500 2177 τὸ
2522 2124 2830 2194 πρόδρομον
2876 2122 3130 2191 γενέσθαι
3179 2124 3367 2178 τοῦτον
3394 2124 3495 2193 τῆς
3544 2123 3790 2194 πρώτης,
3828 2124 3919 2188 ὡς

2324 2215 2534 2275 ἐκεῖνος
2561 2214 2715 2267 ἐσται
2751 2215 2851 2284 τῆς
2880 2214 3139 2286 δευτέρας
3164 2213 3453 2277 ἐλεύσεως.

2402 2323 2420 2357 ι
2454 2307 2559 2360 Καὶ
2585 2305 2845 2360 ἐλθόντων
2880 2306 3060 2359 αὐτῶν
3092 2288 3223 2377 πρδς
3253 2307 3345 2359 τὸν
3376 2305 3557 2370 δγὶον,
3604 2304 3934 2378 προσῆλθεν

2326 2398 2476 2469 αὐτῷ
2494 2398 2781 2469 ἄνθρωπος
2812 2397 3127 2467 γονυπετῶν
3149 2398 3331 2461 αὑτὸν,
3359 2400 3454 2452 καὶ
3482 2398 3687 2466 λέγων·
3716 2398 3934 2469 Κύριε,

2328 2491 2551 2552 ἐλέησόν
2592 2506 2695 2559 μου
2742 2488 2835 2542 τὸν
2875 2489 3012 2553 υἱὸν,
3043 2490 3126 2541 ὃτι
3158 2488 3538 2560 σεληνιάζεται
3591 2490 3686 2543 καὶ
3726 2492 3937 2553 κακῶς

2331 2580 2548 2649 πάσχει.
2575 2577 2847 2641 Πολλάκις
2880 2578 2989 2648 γὰρ
3014 2578 3202 2630 πίπτει
3234 2579 3314 2641 είς
3344 2577 3404 2631 τὸ
3428 2577 3561 2649 πῦρ,
3589 2578 3686 2633 καὶ
3717 2581 3938 2633 πολλά-

2331 2688 2420 2734 κις
2445 2672 2523 2732 είς
2546 2669 2606 2721 τὸ
2632 2669 2797 2737 ὕδωρ.
2831 2688 2849 2720 ι
2883 2668 3094 2739 Σφόδρα
3124 2669 3355 2731 ἄπιστος
3383 2662 3538 2733 οὗτος
3563 2672 3591 2721 6
3620 2669 3939 2739 ἄνθρωπος

2332 2762 2584 2831 φαίνεται
2613 2757 2773 2829 εἶναι,
2808 2761 2867 2825 ἐξ
2897 2756 2970 2815 ὧν
2994 2778 3051 2813 τε
3084 2758 3205 2814 εἷπε
3240 2761 3378 2833 πρὸς
3415 2762 3580 2815 αὑτὸν
3608 2763 3635 2815 6
3658 2764 3941 2834 Χριστὸς,

2333 2849 2407 2906 Ὠ
2439 2855 2599 2921 γενεὰ
2626 2854 2877 2919 ἄπιστος,
2910 2855 3007 2907 καὶ
3032 2855 3113 2907 ὅτι
3152 2856 3452 2925 κατηγορεῖ
3477 2854 3640 2918 αὐτὸς
3675 2855 3785 2908 τῶν
3825 2876 3941 2928 μα-

2336 2946 2546 3016 θητῶν·
2596 2947 2693 3016 οὐχ
2725 2948 2757 3017 ἡ
2810 2946 3011 3018 σελήνη
3049 2946 3105 2999 δὲ
3145 2948 3315 3013 αἰτία,
3374 2948 3487 3001 ἀλλ’
3513 2950 3542 3002 6
3576 2949 3789 3019 δαίμων
3831 2955 3941 3005 ἐπ-

2340 3037 2524 3105 ετήρει
2551 3035 2649 3103 τὴν
2675 3034 2904 3106 σελήνην
2924 3035 3105 3106 πλήρη
3132 3036 3322 3101 οὖσαν,
3342 3038 3437 3090 καὶ
3458 3038 3580 3092 τότε
3597 3040 3940 3105 ⁵ἐπετίθετο,

2342 3126 2428 3178 ἴνα
2458 3126 2895 3196 βλασφημηθῶσι
2935 3126 3003 3178 τά
3033 3126 3172 3196 ἔργα
3205 3126 3300 3180 τοῦ
3347 3127 3484 3181 Θεοῦ
3524 3127 3599 3192 ὡς
3625 3134 3939 3185 κσκοποιά.

2265 3193 2308 3253 c
2343 3215 2415 3269 Σὺ
2439 3193 2497 3269 δέ
2525 3193 2635 3269 νόει
2660 3193 2756 3269 καί
2782 3217 2864 3270 ὅτι
2894 3218 2999 3280 πᾶς
3016 3193 3213 3287 άῲρων
3260 3218 3335 3281 ὡς
3364 3218 3560 3289 σελήνη
3591 3219 3943 3289 ἀλλοιοῦται,

2342 3306 2484 3361 κατὰ
2512 3308 2571 3359 τὸ
2600 3306 3011 3378 γεγραμμένον,
3045 3307 3174 3359 ποτέ
3227 3308 3325 3367 μὲν
3366 3309 3541 3379 μέγας
3596 3310 3945 3379 φαινόμενος

2342 3398 2462 3451 κατ’
2489 3396 2711 3468 ἀρετὴν,
2736 3397 2866 3450 ποτέ
2889 3397 2943 3449 δέ
2965 3395 3352 3467 ἐλαττούμενος
3382 3400 3473 3451 καὶ
3488 3401 3899 3471 ἀφανιζόμενο,
3928 3420 3945 3433 ·

2340 3484 2495 3553 οὗτος
2532 3489 2623 3543 οῦν
2656 3488 3035 3556 σεληνιάζεται
3064 3490 3158 3541 καὶ⁸
3182 3490 3536 3555 καταπίπτει,
3567 3489 3661 3545 καὶ
3686 3495 3765 3555 είς
3790 3493 3945 3563 πῦρ,

2342 3582 2402 3634 τὸ
2426 3580 2519 3634 τοῦ
2568 3580 2740 3651 θυμοῦ
2780 3581 2875 3634 καὶ
2924 3582 3023 3651 τῆς
3066 3580 3383 3650 ἐπιθυμίας,
3416 3584 3509 3635 καὶ
3538 3583 3617 3646 είς
3658 3581 3831 3656 ὕδωρ,
3871 3590 3950 3640 τὰ

2347 3673 2571 3744 κύματα
2609 3673 2704 3727 τοῦ
2758 3673 2927 3739 πολυς
2943 3671 3177 3743 ρόντιδος
3220 3673 3336 3743 βίου
3369 3690 3382 3704 ·
3421 3677 3477 3727 ἐν
3500 3667 3544 3742 ᾧ
3599 3674 3629 3726 6
3667 3675 3950 3731 λευῖαθὲιν

2345 3767 2613 3831 διάϐολος,
2669 3766 2946 3819 τουτέστιν
2976 3767 3003 3817 6
3058 3763 3361 3835 βασιλεύων
3390 3769 3449 3819 ἐν
3482 3769 3593 3831 τοῖς
3638 3766 3837 3823 ὕδασιν
3862 3788 3877 3802 ·
3912 3772 3951 3840 ἢ

2344 3860 2467 3931 οὐχὶ
2511 3860 2734 3931 κύματα
2778 3856 3161 3926 άλλεπάλληλα
3203 3860 3260 3912 αί
3299 3858 3407 3913 τῶν
3443 3859 3715 3914 πλουσίων
3761 3880 3953 3935 φρον-

2345 3952 2484 4016 τίδες
2513 3969 2528 4017 ;

2426 4064 2445 4097 ι
2497 4047 2604 4099 Καὶ
2650 4043 3001 4115 προσήνεγκα
3029 4044 3191 4098 αὐτὸν
3228 4045 3342 4107 τοῖς
3367 4044 3638 4114 μαθηταῖς
3679 4060 3807 4110 σου,
3839 4049 3952 4100 καὶ

2349 4137 2449 4191 οὐκ
2480 4135 2821 4205 ἠδυνήθησαν
2853 4135 3014 4189 αὑτὸν
3045 4135 3407 4205 θεραπεῦσαι.
3438 4133 3793 4206 Ἀποκριθεὶς
3827 4137 3893 4191 δὲ
3927 4143 3959 4193 ό

2365 4227 2601 4297 Ἰησοῦς,
2634 4222 2787 4281 είπεν
2806 4244 2819 4257 ·
2846 4223 2917 4280 Ὦ
2941 4230 3101 4295 γενεὰ
3124 4229 3352 4292 άπιστος
3379 4229 3471 4282 καὶ
3497 4228 3955 4302 διεστραμμένη.

2350 4321 2453 4383 ἕως
2501 4320 2631 4372 πότε
2682 4320 2876 4390 ἔσομαι
2938 4320 3062 4391 μεθ’
3112 4321 3298 4391 ὑμῶν;
3342 4320 3446 4386 ἕως
3481 4321 3611 4374 πότε
3665 4320 3958 4395 ἀνέξομαι

2352 4413 2503 4483 ὑμῶν
2526 4429 2539 4477 ;
2566 4412 2759 4485 φέρετὲ
2790 4430 2881 4483 μοι
2909 4413 3071 4467 αὑτὸν
3103 4408 3206 4467 ὦδε
3234 4432 3245 4447 ·
3285 4416 3379 4468 καὶ
3411 4415 3750 4485 ἐπετίμησεν
3789 4419 3959 4488 αὺτῴ

2868 3958 2925 3967 rrr

2280 4530 2327 4591 ο
2354 4508 2381 4558 6
2416 4496 2646 4576 Ἰησοῦς,
2697 4507 2791 4559 καὶ
2823 4506 3045 4576 ἐξῆλθεν
3081 4507 3175 4559 ἀπ’
3206 4507 3372 4561 αὑτοῦ
3402 4498 3467 4561 τὺ
3496 4508 3802 4577 δαιμόνιον,
3851 4515 3961 4565 καὶ

2353 4596 2701 4667 ἐθεραπεύθη
2732 4598 2759 4650 6
2796 4594 2925 4660 παῖς
2968 4598 3075 4651 ἀπὸ
3105 4599 3201 4667 τῆς
3234 4599 3385 4670 ὧρας
3418 4601 3653 4668 ἐκείνης·
3693 4617 3713 4651 ⁸
3775 4600 3960 4673 Ὁρᾷς

2354 4690 2445 4741 τὴν
2470 4689 2756 4757 ἄνθρωπον
2790 4690 2849 4741 τὸ
2879 4688 3072 4742 ἐαυτοῦ
3105 4692 3354 4760 πταῖσμα
3403 4691 3503 4760 τῆς
3533 4691 3797 4757 ἀπιστίας
3830 4699 3959 4759 τοῖς

2360 4782 2627 4848 μαθηταῖς
2659 4779 2999 4845 ἀνατιθέντα,
3031 4782 3105 4845 ὼς
3128 4781 3463 4852 ἀσθενήσασι
3487 4783 3615 4855 περὶ
3634 4784 3736 4855 τὴν
3770 4787 3957 4841 τάσιν·

2356 4873 2383 4923 6
2414 4872 2591 4925 τοίνυν
2629 4871 2831 4943 Κύριος
2863 4874 3242 4943 καταισχύνων
3272 4876 3455 4944 αὑτὸν,
3483 4878 3603 4928 ἐπεὶ
3637 4882 3963 4951 κατηγόρει

2358 4963 2468 5016 τῶν
2506 4964 2782 5033 μαθητῶν,
2818 4967 3012 5034 φησίν·
3066 4959 3125 5017 Ὠ
3152 4967 3312 5033 γενεά
3356 4968 3602 5032 ἄπιστος·
3633 4974 3959 5039 τουτέστιν,

2361 5055 2436 5108 Οὐ
2468 5058 2565 5127 τῆς
2600 5057 2822 5108 ἐκείνων
2854 5056 3131 5120 ἀσθενείας
3151 5060 3406 5113 τοσοῦτον
3432 5061 3493 5115 τὸ
3517 5067 3793 5130 πταῖσμα,
3824 5070 3961 5121 ὅσον

2357 5147 2457 5214 τῆς
2513 5148 2612 5217 σῆς
2662 5148 2949 5212 ἀπιστίας·
3004 5152 3172 5221 πολλὴ
3222 5154 3330 5221 γὰρ
3377 5148 3533 5217 οὖσα,
3583 5155 3813 5225 ἐνίκησε
3854 5163 3963 5229 τὴν

694 5232 1090 5299 opprobrando,
1138 5246 1327 5285 onmcs
1369 5232 1528 5284 simul
1564 5233 1907 5300 opprobravit
1954 5232 2233 5286 incredulo,

2360 5238 2586 5290 ἐκείνων
2623 5238 2935 5309 σύμμετρον
2960 5242 3219 5309 δύναμιν·
3257 5244 3331 5313 τῷ
3363 5244 3418 5296 δὲ
3443 5244 3712 5317 ἀνθρώπῳ
3748 5251 3959 5304 ὀνειδί-

691 5335 740 5376 ct
787 5324 1224 5376 circumstantes.
1276 5324 1446 5377 Porro
1479 5339 1598 5377 cum
1632 5323 1780 5388 dicit,
1823 5324 2111 5393 Usquequo
2162 5340 2256 5379 cro

690 5413 1015 5465 vobiscum?
1042 5414 1274 5467 ostendit
1306 5415 1443 5467 nuod
1473 5414 1735 5468 desideret
1765 5415 1814 5468 in
1847 5431 2007 5469 cruce
2043 5417 2171 5482 pati,
2202 5425 2254 5469 ct

689 5506 753 5555 ab
796 5504 922 5569 ipsis
966 5505 1215 5557 secedere
1284 5501 1568 5573 Usquequo
1623 5506 1876 5559 versabor
1907 5522 2027 5560 cum
2064 5506 2253 5561 irtiso-

689 5596 836 5650 ribus
862 5603 916 5649 et
964 5592 1294 5649 incredulis?
1339 5593 1635 5665 increpavit
1675 5606 1853 5651 autem
1900 5598 2047 5652 illum
2079 5596 2253 5659 Jesus.

766 5772 811 5805 ⁵³
841 5772 999 5827 Evt-li.
1029 5790 1197 5840 Xlt't‘li,
1230 5775 1313 5828 13.

2360 5326 2489 5392 ζων,
2534 5331 2666 5381 πᾶσι
2718 5332 2912 5393 κοινῶς
2955 5333 3203 5396 ὀνειδίζει
3238 5337 3310 5397 ὡς
3341 5336 3653 5403 ἀπιστοῦσι,
3699 5341 3804 5393 καὶ
3837 5349 3961 5407 τοῖς

2360 5420 2751 5489 περιεστῶσιν·
2789 5422 2917 5474 avet
2945 5424 3019 5493 τῷ
3050 5427 3397 5489 εἰπεῖν,”Ειιις
3434 5429 3562 5480 πότε
3594 5430 3799 5500 ἔσομαι
3829 5440 3961 5502 μεθ’

2365 5512 2517 5583 ὑμῶν
2545 5530 2557 5573 ;
2596 5514 2832 5568 δείκνυσι
2864 5518 3143 5570 ἐπιποθεῖν
3172 5521 3228 5572 τὸ
3259 5522 3350 5572 ἐπὶ
3384 5520 3459 5591 τῷ
3493 5525 3707 5594 σταυρῷ
3743 5531 3959 5593 πάθος,

2368 5606 2459 5656 καὶ
2515 5604 2614 5675 τὴν
2670 5608 2762 5660 ἀπ’
2817 5610 2995 5663 αὐτῶν
3034 5612 3408 5683 ἀναχώρησιν.
3464 5616 3606 5678 Ἕως
3662 5617 3796 5670 πότε
3846 5626 3961 5689 γὰρ
