4004 6412
139 413 214 477 1133

662 401 1112 467 ENARRATIO
1157 402 1237 462 lN
1278 400 1663 462 EVANGELI

1778 401 1786 462 l
1830 394 2219 459 MATTH.EI.
2266 417 2332 430 ’-
2372 393 2533 455 CAP.
2577 390 2765 453 XVII.

3263 383 3371 451 33$

139 517 469 587 ca‘rataltattut
520 516 637 575 τοῖς
671 512 958 583 ὑϐρισταῖς
992 510 1088 564 καὶ
1122 508 1406 574 ἀπίστοις;
1452 508 1667 561 Ἐπετίε

1778 504 1986 577 quem?
2015 503 2362 559 Lunaticum.
2396 501 2474 555 Ex
2509 500 2600 557 illo
2632 501 2799 572 igitur
2825 496 3199 559 manifestum,
3230 497 3376 565 quod

138 630 239 685 μησε
264 611 314 664 δὲ
357 607 503 678 αὑτῷ
542 609 572 661 ό
609 606 840 675 Ἰησοῦς,
881 604 1022 669 τίνι;
1061 602 1152 672 Τῷ
1194 600 1670 672 σεληνιαζομένῳ·

134 708 178 759 ix
200 706 362 757 τὸύτου
402 700 535 769 γοῦν
568 700 821 769 φαίνεται
859 698 944 751 ὅτι
994 698 1223 759 ἄπιστος
1254 694 1330 748 ὢν
1365 696 1458 748 καὶ
1489 693 1672 759 αὐτὸς,

134 797 198 849 τοῦ
228 796 459 863 δαίμονος
510 790 696 862 ἑαυτῷ
728 787 987 860 πρόξενος
1027 787 1250 855 ἐγένετο
1288 783 1378 838 διὰ
1416 784 1514 855 τὴν
1543 784 1673 839 άπι-

136 889 267 941 «risv.

185 993 200 1025 ι
239 975 359 1028 Τότε
407 972 803 1043 προσελθόντες
838 974 885 1025 si
934 970 1177 1041 μαθηταὶ
1212 971 1291 1037 τῷ
1335 970 1511 1041 Ἰησοῦ
1548 971 1670 1024 κατ’

133 1067 252 1125 ἰδίαν,
288 1062 461 1118 εἶπον·
502 1065 661 1117 Διατί
692 1065 851 1133 ἡμεῖς
889 1064 989 1117 οὐκ
1041 1062 1389 1134 ἠδυνήθημεν
1421 1063 1673 1115 έκσα).εῖν

131 1158 253 1222 miro;
293 1157 345 1211 Ὀ
371 1157 425 1209 δὲ
469 1156 682 1227 Ἰησοῦς
717 1153 872 1209 εἷπεν
904 1156 1112 1218 αὐτοῖς’
1149 1156 1246 1208 Διὰ
1286 1154 1384 1223 τὴν
1411 1155 1673 1209 ἀπιστίαν

131 1244 265 1313 ὑμῶν.
306 1243 472 1314 Ἀμὴν
525 1245 637 1315 γὰρ
666 1244 809 1311 λέγω
855 1245 1006 1313 ὑμῖν,
1040 1244 1135 1298 ἐὰν
1174 1243 1337 1314 ἔχητε
1372 1245 1555 1297 πίστιν
1595 1244 1672 1309 ὡς

130 1335 286 1388 κόκκον
320 1336 613 1401 σινάπεως,
661 1337 839 1405 ιρεϊτε
869 1335 947 1405 τῷ
1001 1337 1119 1405 δρει
1150 1335 1347 1406 τούτῳ,
1378 1335 1671 1405 Μετάϐηθι

127 1431 330 1485 ιντεῦθεν
371 1432 512 1491 διιεῖ.
564 1432 660 1484 καὶ
712 1429 1118 1501 μεταθήσεταν
1161 1432 1258 1484 καὶ
1286 1431 1441 1484 οὐδὲν
1473 1431 1673 1484 ἀδυναο·

126 1525 246 1583 risu
274 1524 427 1593 ὑμῐνο
469 1521 634 1575 τοῦτο
682 1522 740 1576 δὲ
776 1522 836 1574 τὸ
866 1523 1023 1591 γένος
1069 1523 1171 1576 οὐκ
1204 1522 1568 1593 ἐκπορεύεται
1620 1524 1669 1576 εί

128 1614 184 1681 μὴ
222 1616 270 1667 ἐν
322 1617 600 1685 προσευχῇ
642 1614 738 1667 καὶ
793 1614 1041 1685 νηστείᾳ.
1085 1634 1104 1667 ι
1187 1614 1571 1686 Ἐφοῦήθησαν
1619 1618 1669 1670 oi

127 1707 366 1761 ἀπόστολοι
424 1710 642 1779 μήποτε
703 1708 995 1763 ἀπώλεσαν
1050 1712 1152 1780 τὴν
1192 1710 1442 1764 δοθεῖσαν
1485 1712 1669 1776 αὐτοῖς

126 1801 231 1853 κατὰ
252 1799 351 1853 τῶν
384 1799 664 1870 δαιμόνων
708 1804 889 1872 χάριν·
925 1802 1012 1856 διὰ
1036 1802 1197 1856 τοῦτο
1219 1804 1338 1855 κατ’
1366 1803 1504 1856 ίδίαν
1530 1805 1670 1874 ἐρω-

131 1890 258 1942 τῶσιν
301 1894 679 1961 ἀγωνιῶντες
718 1896 747 1947 ό
798 1894 855 1947 δὲ
906 1893 1111 1965 Κύριος
1171 1895 1247 1958 ὡς
1293 1895 1671 1965 άτελεστέροις

125 1983 349 2049 ὀνειδίζων
372 1987 579 2049 αὐτοῖς,
610 1988 797 2055 φησὶν,
835 1987 923 2039 ὅτι
953 1986 1042 2041 διὰ
1064 1986 1162 2056 τὴν
1188 1989 1449 2041 ἀπιστῖαν
1479 1988 1635 2057 ὑμῶν
1654 2004 1667 2017 ·

125 2075 196 2127 liv
226 2075 323 2147 γὰρ
361 2076 576 2149 θερμὴν
630 2078 725 2133 καὶ
780 2077 1013 2141 ζέουσαν
1069 2078 1245 2150 εἴχετε
1299 2078 1509 2144 πίστιν,
1569 2078 1671 2133 κᾶν

130 2171 263 2239 μικρὰ
302 2170 498 2236 ἐδόκει,
543 2172 951 2241 κατωρθώσατε
992 2172 1059 2226 ἂν
1092 2175 1162 2226 τὸ.
1196 2172 1445 2243 μεγάλαι
1475 2172 1579 2227 ποῦ
1614 2174 1673 2228 δὲ

127 2258 200 2327 ὅρη
229 2259 561 2331 μετέστησαν
610 2264 659 2314 οι
705 2262 1019 2329 ἀπόστολοι,
1053 2264 1296 2331 οὐδαμοῦ
1331 2263 1432 2333 μὲν
1461 2266 1671 2335 γέγρα-

127 2363 239 2407 erat.
272 2350 405 2422 πλὴν
445 2352 598 2412 εἰκὸς
627 2347 697 2423 ἦν
723 2355 1089 2423 μεταστῆσαι,
1124 2355 1218 2409 καὶ
1254 2356 1330 2426 μὴ
1363 2356 1670 2426 γραφῆναι.

128 2438 179 2489 03
202 2440 293 2510 γὰρ
326 2441 502 2495 πάντα
533 2443 861 2512 ἐγράφησαν
882 2460 896 2473 °
933 2445 1108 2508 ἄλλως
1142 2462 1227 2511 τε,
1272 2446 1375 2499 οὐκ
1415 2448 1668 2519 ἀπῄτησα

128 2531 293 2600 καιρὸς,
331 2533 424 2587 καὶ
462 2534 556 2588 διὰ
591 2535 751 2588 τοῦτο
793 2536 855 2588 οὺ
887 2536 1249 2605 μετέστησαν,
1282 2537 1417 2592 ἄλλα
1455 2538 1511 2592 δὲ
1550 2539 1671 2609 μεί-

129 2619 220 2684 ζονα
255 2626 533 2695 ἐποίησαν.
589 2627 731 2699 Ὅρα
760 2628 891 2693 γοῦν
930 2629 1023 2681 καὶ
1065 2629 1157 2682 τὸν
1192 2630 1399 2700 Κύριον
1429 2630 1483 2683 τί
1522 2630 1626 2701 ἔφη
1653 2647 1668 2661 ·

130 2733 145 2766 ι
180 2716 358 2781 Ἔρεττε
404 2718 485 2788 τῷ
537 2719 658 2789 ὄρει
708 2719 906 2790 τούτῳ,
950 2721 1261 2791 Μετάϐηθι,
1302 2739 1321 2773 ι
1361 2722 1668 2786 τουτέστιν,

129 2808 256 2863 Ὅταν
286 2812 496 2882 είπητε,
531 2814 655 2867 τότε
691 2813 1060 2884 μεταϐήσεται
1083 2834 1096 2847 ο
1132 2816 1234 2869 οὐκ
1282 2813 1437 2869 εἷπον
1488 2813 1582 2871 οὖν
1619 2820 1669 2871 οἱ

129 2900 383 2969 ἀπόστολοι,
428 2906 507 2968 ὡς
545 2905 623 2975 μὴ
673 2905 867 2975 καιροῦ
899 2905 1191 2967 καλοῦντος
1230 2906 1366 2975 μηδὲ
1400 2907 1670 2977 ἀνάγκης,

130 2996 197 3045 καὶ
232 2996 309 3049 διά
346 2996 509 3049 τοῦτο
558 2996 622 3047 οὐ
675 2995 991 3065 μετέϐησαν
1040 2996 1173 3067 ὖρηο
1218 2996 1294 3059 ὼς
1328 2997 1442 3064 εἴγε
1492 2992 1669 3061 εἷπον,

131 3088 380 3159 μετίδησαν
405 3092 499 3146 ἂν.
545 3090 719 3143 Τοῦτο
744 3089 804 3142 δὲ
839 3092 901 3142 τὸ
931 3090 1108 3159 γένος,
1142 3089 1205 3142 τὸ
1240 3089 1350 3145 τῶν
1374 3091 1669 3161 δαιμόνων,

129 3179 190 3233 διὰ
211 3184 501 3255 προσευχῆς
536 3186 631 3238 καὶ
661 3184 917 3253 νηστείας
938 3183 1283 3239 ἐκϐάλλεται.
1315 3187 1409 3237 Δεῖ
1438 3184 1548 3256 γὰρ
1578 3186 1670 3237 καὶ
1700 3200 1742 3257 c

130 3273 280 3339 66:05;
326 3278 577 3341 ἐκείνους
641 3278 883 3347 μάλιστα
941 3278 1069 3339 τοὺς
1135 3276 1514 3347 δαιμονῶντας
1568 3295 1665 3347 νη-

131 3363 310 3433 στεύειν,
335 3373 428 3424 καὶ
453 3372 585 3431 τοὺς
617 3369 913 3439 μέλλοντας
944 3370 1140 3433 αὐτοὺς
1166 3369 1516 3441 θεραπεύειψ
1544 3372 1666 3424 τότε

129 3454 167 3507 δὲ
193 3459 217 3528 ἡ
249 3465 537 3531 προσευχὴ,
575 3462 705 3515 ὅταν
734 3461 797 3514 οὐ
844 3460 983 3531 μετὰ
1015 3462 1210 3532 μέθης,
1241 3461 1377 3514 ἀλλὰ
1407 3463 1546 3532 μετὰ
1569 3479 1669 3531 νη-

132 3552 268 3615 στείας
303 3555 520 3625 γίνηται
541 3569 555 3582 ⁸
592 3552 705 3607 νόει
736 3553 793 3606 δὲ
824 3554 917 3606 καὶ
940 3555 1020 3606 ὅτι
1057 3554 1206 3607 πᾶσα
1236 3554 1270 3622 ἡ
1302 3552 1508 3617 πίστις,
1540 3553 1671 3605 κόκ-

131 3657 196 3704 ιος
230 3648 509 3710 σινάπεως,
546 3645 775 3716 εὐτελὴς
812 3645 911 3715 μὲν
940 3644 1274 3714 νομιζομένη
1311 3644 1399 3697 διὰ
1423 3645 1522 3713 τὴν
1556 3662 1668 3713 μωο

133 3735 217 3799 ρέαν
241 3738 324 3790 τοῦ
366 3737 753 3809 κηρύγματοςο
804 3737 944 3805 πλὴν
990 3737 1085 3789 ἐὰν
1117 3736 1257 3809 τύχῃ
1288 3737 1386 3805 γῆς
1418 3736 1666 3805 ἀγαθῆς.

132 3828 184 3887 tl;
200 3828 390 3901 δένδρον
413 3829 791 3900 αὐξανομένη,
814 3831 871 3882 ὲν
892 3823 1025 3896 quae
1050 3832 1272 3882 πετεινά
1294 3828 1387 3883 τοῦ
1409 3828 1665 3898 οὐρανοῦ,

131 3918 164 3968 οἱ
205 3922 446 3977 ἀνωτάτω
497 3924 796 3992 πετόμενοι
855 3921 1147 3991 λογισμοὶ,
1205 3921 1666 3989 κατασκηνοῦσιν.

135 4010 277 4079 Ὅστις
312 4017 401 4071 οὖν
428 4017 547 4088 ἔχει
586 4016 770 4068 πᾶσαν
800 4015 900 4083 τὴν
949 4014 1155 4079 πίστιν,
1197 4015 1405 4078 ἐκεῖνος
1442 4014 1668 4067 δύναται

131 4107 257 4159 εἰπεῖν
297 4110 372 4181 τῷ
397 4111 520 4181 ὄρει
554 4107 753 4178 τούτῳ,
789 4108 1098 4178 Μετάϐηθι,
1141 4108 1393 4161 τουτέστι
1441 4106 1521 4179 τῷ
1549 4106 1667 4161 δαί-

134 4213 235 4266 μσιι·
272 4202 506 4256 ἐδείκνυε
534 4201 647 4274 γὰρ
671 4200 732 4253 τὸ
767 4197 984 4266 εξελθὸν
1014 4199 1312 4271 δαιμόνιον.

1704 1855 1746 1909 Β

184 4490 199 4521 ι
235 4470 744 4545 ’Δναστρεφομένων
797 4469 857 4523 δὲ
913 4467 1096 4524 αὐτῶν
1150 4471 1210 4524 ἐν
1259 4473 1325 4540 τῇ
1378 4468 1662 4540 Γαλιλαίᾳ,

131 4556 240 4616 ιῖτεν
266 4567 439 4628 αὐτοῖς
464 4567 496 4618 ό
542 4562 774 4635 Ἰησοῦς⁶
798 4562 999 4616 Μέλλει
1025 4564 1053 4615 ό
1086 4562 1211 4625 Υἱὸς
1247 4562 1342 4615 τοῦ
1370 4562 1660 4629 ἀνθρώπου
1700 4565 1742 4619 D

132 4658 465 4725 παραδίδοσθαι
488 4659 572 4721 είς
592 4659 785 4726 χεῖρας
802 4654 1127 4725 ἀνθρώπων,
1150 4655 1245 4707 καὶ
1270 4655 1665 4707 ἀποκτενοῦσιν

132 4748 266 4813 αὑτὸν,
287 4754 375 4803 καὶ
400 4752 469 4821 τῇ
501 4749 668 4821 τρίτῃ
693 4746 878 4817 ἡμέρᾳ
913 4747 1305 4817 ἐγερθήσεται·
1336 4749 1431 4800 καὶ
1458 4747 1665 4817 ἐλυπή-

133 4836 257 4908 θησαν
278 4842 495 4910 σφόδρα.
541 4861 559 4893 ι
591 4836 844 4909 Συνεχῶς
867 4839 1122 4909 προλέγει
1152 4841 1281 4911 περὶ
1308 4838 1403 4891 τοῦ
1436 4838 1663 4901 πάθους,

133 4927 190 4980 ἵνα
216 4933 277 5004 μὴ
305 4935 579 4996 ἀκουσίως
631 4930 829 4985 παθεῖν
866 4932 1095 5001 νομισθῇ
1118 4973 1133 4995 ,
1173 4932 1266 4984 καὶ
1290 4931 1406 5000 ἅμα
1444 4932 1529 4985 ἴνα
1569 4948 1668 4998 γυ-

135 5025 265 5099 avis“
292 5028 507 5092 αὐτοὺς,
547 5026 643 5079 καὶ
674 5024 748 5093 μὴ
779 5023 857 5093 τῷ
886 5024 1282 5094 ἀπροσδοκήτῳ
1313 5024 1666 5095 ταραχθῶσιν

133 5112 219 5166 ὅταν
245 5120 489 5189 γένηται·
530 5119 901 5172 ἐπισυνάπτει
942 5115 999 5168 δὲ
1034 5118 1147 5179 τοῖς
1182 5119 1444 5187 λυπηροῖς
1478 5116 1575 5170 καὶ
1604 5116 1667 5169 τὸ

134 5203 425 5275 ιῦφρὸσννον,
461 5210 550 5275 τὸ,
603 5207 1024 5277 Ἀναστήσεται.

183 5313 195 5343 t
238 5299 519 5355 Ἐλθόντων
550 5301 610 5354 δὲ
662 5299 846 5353 αὐτῶν
878 5302 957 5362 εἰς
988 5300 1386 5371 Καπερναοὺμ,
1420 5302 1662 5370 προσῆλ-

135 5384 251 5443 θονοί
274 5394 334 5447 τά
370 5394 656 5464 δίδραχμα
700 5391 1075 5460 λαμϐάνοντες
1102 5393 1181 5461 τῲ
1212 5393 1427 5463 Πέτρῳ,
1461 5396 1555 5446 καὶ
1584 5390 1663 5444 εἷ-

135 5480 277 5537 πενιύ
290 5486 607 5547 διδάσκαλος
633 5484 790 5555 ὑμῶν
805 5485 865 5537 οὐ
891 5484 1036 5537 τελεί
1058 5486 1123 5537 τὰ
1143 5486 1449 5557 δίδραχμα;
1478 5488 1663 5555 Λέγει,

136 5564 220 5626 Nai.
252 5594 267 5627 ι
306 5578 358 5631 Ὀ
378 5580 514 5643 Θεὸς
544 5581 671 5633 ἀντὶ
698 5580 807 5631 τῶν
840 5583 1202 5649 πρωτοτόκων
1232 5581 1342 5633 τῶν
1374 5580 1663 5650 Ἐϐραίων,

137 5666 335 5737 ἴθέλτβεν
378 5674 763 5745 ἀφιερωθῆναι
806 5673 955 5744 αὐτῷ
1008 5675 1105 5745 τὴν
1138 5672 1235 5726 τοῦ
1286 5674 1422 5728 Λευῒ
1467 5676 1663 5745 φυλήν.

139 5754 294 5834 Εὖρὲθη
322 5766 375 5819 δὲ
408 5768 793 5838 ἀριθμηθεϊσα
843 5768 874 5836 ἡ
922 5768 1009 5819 τοῦ
1046 5768 1177 5821 Δευῖ
1206 5768 1346 5838 φυλὴ
1373 5810 1387 5832 ,
1428 5769 1521 5822 δύο
1572 5772 1668 5823 καὶ

140 5851 258 5907 εἴκοςι
296 5861 559 5929 χιλιάδες·
598 5863 666 5915 τὰ
719 5861 775 5913 δὲ
816 5865 1159 5932 πρωτότοκα,
1194 5862 1432 5932 χιλιάδες
1463 5865 1667 5917 εἰκοσι-

1779 616 1901 654 cum
1948 608 2003 652 et
2036 596 2149 666 ipse
2194 594 2509 650 incredulus
2564 592 2749 658 fuerit,
2803 605 2903 660 per
2937 590 3377 647 incredulitatem

1780 691 2011 747 tl:en.oui
2040 705 2097 746 se
2129 688 2418 745 invadendi
2446 688 2627 743 locum
2667 686 2898 743 dederit.

1849 971 2019 1027 Vens.
2064 970 2252 1027 18-20.
2297 990 2316 1024 ι
2354 969 2511 1025 Tunc
2550 969 2874 1025 accedentes
2897 965 3151 1037 discipuli
3200 964 3382 1037 adfle-

1778 1079 1897 1119 smn
1940 1077 2225 1129 seorsum,
2273 1061 2570 1116 dixerunt:
2601 1060 2785 1126 Quare
2813 1072 2912 1113 nos
2954 1073 3060 1111 non
3105 1036 3380 1125 potuimus

1776 1156 1977 1224 ejicere
2005 1155 2173 1210 illud?
2199 1154 2357 1211 Jesus
2375 1166 2557 1214 autem
2586 1153 2724 1208 dixit
2761 1152 2901 1207 illis:
2938 1148 3169 1219 Propter
3203 1150 3381 1203 incre-

1775 1249 2057 1303 dulitatem
2092 1256 2355 1303 vestram.
2388 1247 2563 1300 Amen
2599 1246 2800 1315 quippe
2837 1244 2960 1298 dico
2991 1243 3171 1308 vobis,
3202 1243 3249 1297 si
3280 1242 3381 1296 lm-

1776 1338 1951 1394 beatis
2010 1339 2172 1393 ﬁdem
2216 1337 2358 1393 sicut
2405 1352 2634 1404 granum
2696 1337 2929 1405 sinapis,
2978 1334 3169 1390 dicetis
3206 1336 3376 1389 ntonti

1776 1434 1950 1489 huic‘:
1988 1431 2241 1503 Demigra
2292 1431 2421 1485 hinc
2471 1430 2619 1493 illuc,
2678 1438 2733 1484 et
2790 1428 3141 1496 demigrabit,
3198 1442 3376 1499 neque

1774 1524 2071 1595 quidquam
2122 1524 2461 1593 impossibile
2519 1523 2627 1577 erit
2664 1522 2840 1577 vobis.
2901 1520 3009 1576 Sed
3054 1523 3155 1576 hoc
3207 1535 3379 1591 genus

1773 1632 1881 1671 non
1912 1616 2191 1683 egreditur
2218 1614 2323 1669 nisi
2356 1629 2451 1683 per
2477 1614 2916 1683 deprecationem
2951 1624 3006 1667 et
3028 1612 3318 1683 jejunium.
3353 1631 3372 1662 ι

1774 1706 2093 1762 Timuerunt
2156 1706 2410 1777 apostoli,
2463 1721 2535 1761 ne
2607 1704 2972 1776 perdidissent
3038 1704 3219 1759 datam
3272 1703 3376 1759 sibi

1775 1809 1968 1856 contra
1991 1801 2267 1855 damones
2292 1798 2520 1868 gratiam
2552 1816 2565 1851 :
2596 1804 2880 1868 prepterea
2914 1794 3155 1866 perplexi
3191 1796 3379 1851 animo

1778 1908 2024 1949 seorsum
2072 1894 2430 1962 interrogant.
2470 1890 2731 1944 Dominus
2762 1900 2944 1944 autem
2978 1888 3155 1960 arguit
3185 1902 3282 1943 eos
3319 1896 3379 1942 ut

1776 1984 2236 2057 imperfectiores,
2294 1986 2499 2048 dicens,
2538 1994 2761 2055 propter
2808 1982 3243 2037 incredulitatem
3282 1996 3374 2036 ve-

1777 2088 1969 2137 stram.
2002 2077 2135 2134 Nam
2166 2078 2210 2135 si
2258 2076 2557 2131 ferventem
2588 2084 2644 2129 et
2684 2076 2970 2130 ardentem
3008 2072 3283 2129 haberetis
3314 2072 3378 2127 li-

1776 2171 1933 2236 dem,
1966 2171 2131 2223 etiam
2174 2169 2220 2224 si
2259 2183 2423 2238 parva
2457 2166 2761 2233 videretur,
2810 2164 3148 2235 periiceretis
3191 2164 3377 2233 utique

1775 2277 1994 2331 magna.
2049 2260 2152 2317 Ubi
2196 2271 2377 2316 autem
2421 2270 2635 2315 montes
2677 2258 3075 2323 transtulerunt
3118 2256 3371 2329 apostoli,

1774 2367 2041 2422 nusquam
2075 2354 2295 2422 quidem
2325 2353 2588 2421 scriptum
2624 2361 2709 2405 est
2745 2366 2760 2405 :
2802 2358 3178 2405 verumtamen
3226 2348 3373 2404 veri-

1773 2448 1951 2504 simile
1980 2457 2064 2504 est
2104 2448 2250 2517 quod
2299 2448 2702 2511 transtulerint,
2749 2444 2963 2500 etiamsi
2998 2459 3102 2499 non
3130 2443 3205 2497 sit
3234 2444 3373 2497 scri-

1772 2550 1923 2611 ptum
1956 2558 1971 2597 :
1995 2556 2104 2598 non
2133 2542 2278 2597 enim
2303 2541 2483 2597 omnia
2511 2540 2717 2610 scripta
2742 2546 2887 2594 sunt.
2924 2536 3015 2593 Vel
3045 2536 3225 2603 aliter,
3258 2550 3369 2589 non

1772 2636 2025 2705 exigebat
2078 2647 2311 2705 tempus,
2367 2645 2422 2691 et
2471 2636 2593 2690 ideo
2632 2649 2742 2688 non
2799 2631 3198 2687 transtulerunt
3233 2648 3247 2685 :
3277 2631 3371 2684 sed

1774 2727 1880 2779 alia
1912 2725 2117 2795 majora
2152 2726 2414 2781 fecerunt.
2450 2722 2587 2779 Vide
2618 2734 2795 2778 autem
2835 2732 2890 2778 et
2928 2721 3217 2779 Dominum
3244 2721 3373 2789 quid

1774 2816 1961 2871 dicat:
1998 2834 2017 2867 ι
2058 2814 2261 2870 Dicetis
2306 2816 2473 2869 monti
2522 2814 2670 2877 huic,
2725 2810 3001 2883 Demigra,
3052 2830 3071 2864 ι
3110 2809 3218 2865 hoc
3266 2820 3371 2873 est,

1773 2908 1992 2981 quando
2032 2909 2248 2975 dicetis,
2303 2919 2429 2963 tunc
2467 2907 2738 2963 transibit.
2767 2905 2883 2961 Non
2917 2907 3173 2961 dixerunt
3206 2905 3373 2975 igitur

1775 3002 2025 3072 apostoli,
2075 3002 2333 3072 quoniam
2384 3012 2596 3071 tempus
2641 3015 2752 3056 non
2806 3000 3134 3069 postulabat,
3194 3012 3374 3067 neque

1775 3096 2077 3152 necessitas
2107 3112 2121 3149 :
2150 3103 2205 3149 et
2241 3105 2530 3164 pmpterca
2566 3110 2668 3149 non
2702 3094 3096 3149 transtulerunt
3138 3104 3369 3149 montes.

1774 3187 1910 3243 Nam
1961 3188 2006 3243 si
2057 3188 2347 3253 dixissent,
2400 3186 2808 3242 transtulissent
2858 3186 3062 3258 utique.
3092 3185 3203 3257 92
3256 3186 3375 3242 Hoc

1778 3291 1959 3334 autem
2011 3294 2181 3348 genus
2225 3277 2616 3332 daamooiorum
2672 3291 2770 3346 per
2823 3276 3261 3347 deprecationem
3318 3287 3376 3333 et

1770 3374 2039 3445 jejunium
2074 3372 2385 3441 expellitur.
2416 3369 2646 3440 Oportet
2667 3369 2813 3424 enim
2856 3378 2910 3424 et
2941 3368 3059 3425 illos
3086 3370 3235 3441 ipsos
3258 3369 3373 3426 dte-

1778 3471 2056 3524 moniacos
2089 3467 2324 3523 maxime
2360 3465 2635 3539 jejunare,
2668 3478 2723 3520 et
2759 3480 2855 3520 eos
2889 3466 2981 3536 qui
3017 3464 3136 3521 illos
3178 3479 3375 3522 sanare

1776 3562 1985 3616 volunt.
2030 3562 2185 3615 Tunc
2235 3568 2417 3613 autem
2468 3566 2553 3613 est
2603 3557 2935 3628 deprecatio,
2996 3557 3217 3627 quando
3261 3572 3373 3611 non

1777 3670 1899 3709 cum
1935 3653 2219 3713 ebrietate,
2266 3648 2519 3706 sed'cum
2550 3647 2755 3719 jejunio
2790 3651 2868 3705 iit.
2911 3651 3173 3717 Observa,
3226 3650 3374 3720 quod

1775 3748 1956 3800 omnis
1992 3744 2123 3799 ﬁdes
2176 3758 2406 3813 granum
2453 3753 2536 3798 est
2583 3743 2809 3811 sinapis.
2847 3740 3176 3812 Contempta
3223 3743 3371 3797 enim

1776 3847 1999 3908 putatur
2047 3847 2272 3907 prepter
2318 3835 2606 3890 stultitiam
2655 3835 3084 3905 praedicationis;
3126 3843 3370 3889 attamen

1776 3932 1821 3985 si
1856 3930 2115 3984 ceciderit
2162 3928 2214 3981 in
2253 3936 2455 3981 terram
2504 3926 2725 3991 bonam,
2760 3926 2959 3980 crescit
3000 3925 3052 3978 in
3090 3926 3371 3993 arborem,

1777 4023 1830 4078 in
1855 4036 1961 4090 qua
1998 4020 2237 4074 volatilia
2284 4020 2430 4083 cceli,
2468 4020 2569 4073 hoc
2604 4030 2710 4085 est,
2743 4018 3103 4087 cegitationes
3156 4034 3371 4073 summa

1777 4123 2049 4184 petentes,
2081 4111 2415 4165 nidulantur.
2460 4109 2628 4179 Igitur
2660 4111 2911 4181 quisquis
2943 4111 3106 4165 habet
3150 4125 3369 4166 omnem

1778 4207 1960 4271 iidem,
1997 4204 2085 4259 ille
2121 4214 2296 4273 potest
2346 4205 2523 4259 dicere
2558 4204 2727 4257 monti
2767 4202 2915 4266 huic,
2950 4202 3223 4272 Demigra,
3268 4203 3374 4259 hoc

1776 4308 1879 4362 est,
1928 4298 2155 4353 daemoni
2189 4316 2201 4351 :
2230 4296 2554 4351 ostendebat
2600 4297 2746 4351 enim
2789 4294 2933 4366 quod
2969 4296 3145 4349 exiret
3172 4299 3374 4350 daemo-

1777 4389 1948 4443 nium.

1854 4480 2013 4545 Vnus.
2054 4478 2147 4545 2!,
2194 4478 2284 4533 22.
2322 4497 2340 4530 ι
2378 4480 2513 4534 Cum
2563 4488 2741 4534 autem
2775 4490 3128 4535 versarentur
3178 4483 3228 4536 in
3264 4480 3372 4536 Ga-

1774 4573 1932 4637 lilaea,
1969 4573 2107 4627 dixit
2140 4574 2243 4627 illis
2287 4572 2444 4629 Jesus
2472 4590 2487 4627 :
2518 4572 2780 4627 Futurum
2830 4585 2912 4629 est
2946 4584 3007 4630 ut
3048 4574 3220 4631 Filius
3266 4576 3369 4631 lto-

1773 4667 1934 4720 minis
1955 4667 2199 4721 tradatur
2225 4668 2274 4721 in
2302 4682 2495 4721 manus
2517 4668 2826 4733 heminam,
2850 4683 2914 4724 ac
2933 4669 3185 4724 occident
3214 4684 3366 4735 eum,

1771 4769 1825 4813 et
1858 4761 2017 4813 tertio
2050 4759 2139 4813 die
2168 4770 2431 4830 resurget.
2477 4759 2543 4813 Et
2573 4774 2807 4813 tnmrore
2837 4758 3011 4814 affecti
3046 4769 3175 4815 sunt
3206 4763 3371 4815 vehco

1774 4862 2003 4907 menter.
2050 4870 2068 4904 ι
2117 4852 2363 4907 Subinde
2410 4854 2727 4907 memoriam
2776 4852 2904 4908 facit
2955 4853 3250 4924 passionis,
3302 4869 3371 4909 ne

1771 4946 2089 5000 existiment
2127 4946 2271 5014 quod
2317 4944 2522 5000 invitus
2575 4945 2833 5013 patiatur,
2881 4954 2935 5001 et
2995 4945 3212 5000 interim
3264 4946 3371 5000 hoc

1772 5041 1901 5109 agit,
1929 5048 1986 5092 ut
2016 5052 2275 5093 exerceat
2309 5055 2426 5103 eos,
2464 5050 2519 5095 et
2564 5055 2629 5093 ne
2662 5048 2972 5095 terreantur
3004 5041 3049 5095 si
3078 5040 3181 5095 hoc
3210 5041 3369 5095 inex-

1770 5138 2073 5199 spectatum
2112 5130 2326 5183 cvenial
2388 5130 2683 5199 Catijunxit
2706 5140 2890 5186 autem
2923 5132 3172 5188 tristibus
3203 5133 3325 5187 laeta
3350 5170 3367 5198 ,

1771 5220 1977 5274 scilicet
2004 5219 2147 5290 quod
2174 5228 2444 5291 resurget.

1843 5311 2015 5366 Vens.
2045 5313 2139 5374 25.
2168 5314 2257 5368 24.
2320 5331 2339 5364 ι
2374 5313 2507 5368 Cum
2560 5323 2739 5368 autem
2781 5316 3056 5371 venissent
3105 5317 3158 5371 in
3212 5316 3369 5387 oppi-

1771 5405 1898 5458 dum
1931 5405 2297 5474 Capernaum,
2332 5417 2684 5459 accesserunt
2711 5407 2801 5475 qui
2833 5407 3155 5464 didrachma
3188 5409 3367 5465 solent

1770 5498 2037 5566 accipere,
2068 5498 2133 5549 ad
2172 5496 2414 5563 Petrum,
2466 5497 2835 5569 dixeruntque
2868 5515 2881 5551 :
2918 5500 3227 5573 Praeceptor
3272 5520 3367 5560 ve-

1771 5599 1885 5642 ster
1908 5604 2034 5641 num
2056 5588 2216 5641 solvit
2235 5589 2593 5644 didrachma?
2628 5589 2788 5657 Dicit,
2820 5591 3018 5649 Etiam.
3054 5614 3072 5646 ι
3103 5596 3244 5651 Deus
3270 5611 3366 5665 pro

1771 5679 2146 5749 primogenitis
2178 5679 2531 5735 llebrteorum
2571 5683 2742 5737 voluit
2770 5688 3081 5741 consecrari
3114 5688 3217 5742 sibi
3268 5690 3369 5743 tri-

1770 5770 1898 5825 bum
1932 5772 2083 5827 Levi.
2114 5775 2374 5829 inventus
2408 5785 2492 5830 est
2523 5786 2703 5832 autem
2738 5793 2997 5835 numerus
3032 5783 3205 5837 tribus
3236 5779 3367 5837 Levi

1771 5864 1963 5935 viginti
2000 5868 2107 5922 duo
2134 5866 2304 5922 millia
2331 5882 2345 5933 ;
2376 5866 2724 5941 primogeniti
2759 5880 2965 5941 autem,
2987 5872 3251 5933 chiliades
3285 5876 3368 5932 vi-
