4004 6420
622 380 732 442 339

1468 369 2046 437 THEOPHYLACTI
2090 364 2498 430 BULGARI/E
2538 368 2900 428 ARCHIEP.

3748 348 3863 414 340

624 488 848 562 profuit,
883 488 987 542 illis
1020 494 1310 556 prosutnus
1356 480 1483 537 dum
1508 496 1601 537 eos
1634 481 1905 549 lugemus,
1940 492 2047 549 quo
2074 490 2197 531 sen-

2312 473 2569 544 ὺφέλησε,
2611 473 2831 536 τούτους
2856 469 3200 540 ὠςελοῦμεν,
3228 468 3356 521 ὅταν
3385 463 3472 520 ἐπ’
3504 460 3700 523 αὐτοὺς
3731 459 3876 531 θρη-

627 599 745 639 sum
793 581 918 635 mali
961 580 1045 634 sui
1088 574 1374 647 accipiant.
1403 576 1470 629 Et
1520 575 1563 629 si
1604 587 1844 636 necesse,
1883 570 2078 639 inquit,
2135 576 2193 622 ut

626 674 876 731 eveniant
904 670 1175 733 scandala,
1200 667 1467 737 quomodo
1494 664 1810 734 ell‘ugiemus
1837 679 1898 718 ea
1917 664 1941 716 ?
1959 662 2191 717 Necesse

627 764 842 834 quidem
898 771 979 817 est
1020 771 1077 825 ut
1121 760 1372 815 eveniant
1406 778 1419 811 :
1451 757 1548 813 sed
1600 773 1707 811 non
1754 769 1975 810 necesse
2005 760 2063 806 ut
2094 766 2191 806 nos

626 856 875 923 perdant.
909 854 1201 908 Possumus
1251 851 1394 905 enim
1442 858 1495 906 et
1529 848 1865 904 offendiculis
1898 844 2188 901 obluctari.

625 950 728 1003 Per
764 945 1086 1001 offendicula
1115 945 1351 1011 intellige
1381 958 1473 998 eos
1510 944 1599 1011 qui
1642 942 1781 995 bono
1805 938 2022 992 obstant
2050 954 2061 989 :
2097 950 2191 1005 per

629 1038 882 1092 mundum
929 1048 1129 1102 autem,
1183 1036 1482 1090 mundanos
1526 1033 1773 1088 homines
1811 1039 1867 1086 et
1913 1029 2059 1084 humi
2112 1042 2193 1083 re-

628 1140 837 1200 pentes,
872 1130 960 1198 qui
998 1126 1153 1182 facile
1186 1126 1571 1195 impediuntur.

701 1218 862 1273 Vens.
895 1217 947 1283 8,
975 1217 1029 1272 9.
1065 1235 1083 1268 ι
1125 1216 1277 1281 Quod
1306 1215 1349 1267 si
1379 1228 1567 1267 manus
1590 1220 1678 1265 tua
1708 1211 1788 1263 vel
1817 1224 1913 1279 pes
1948 1217 2067 1263 tuus
2094 1206 2189 1260 tibi

626 1310 907 1366 obstacqu
930 1308 1113 1372 fuerit,
1144 1306 1395 1362 abscinde
1419 1320 1562 1366 eum,
1596 1311 1649 1357 et
1683 1300 1885 1371 projice
1914 1314 1943 1353 a
1976 1308 2047 1353 te.
2085 1296 2190 1351 Bo-

630 1418 755 1460 num
787 1410 871 1457 est
906 1400 995 1456 tibi
1015 1401 1080 1455 ad
1107 1400 1267 1453 vitam
1295 1396 1499 1467 ingredi
1525 1394 1771 1448 claudum
1800 1402 1892 1446 aut
1920 1390 2188 1453 mutilum,

628 1493 805 1561 potius
833 1508 992 1561 quam
1018 1492 1149 1545 duas
1180 1503 1370 1543 manus
1420 1486 1499 1541 vel
1532 1486 1666 1539 duos
1697 1484 1863 1554 pedes
1904 1482 2188 1536 habentem

632 1586 767 1639 mitti
803 1585 854 1638 in
891 1584 1065 1650 ignem
1115 1591 1397 1637 aeternum.
1449 1578 1513 1632 Et
1546 1580 1591 1634 si
1636 1577 1822 1631 oculus
1869 1586 1990 1630 tuus
2021 1585 2071 1628 te
2108 1574 2192 1628 ol-

631 1674 823 1738 fendit,
854 1687 985 1728 erue
1016 1688 1161 1734 eum,
1192 1682 1247 1725 et
1292 1671 1491 1739 projice
1522 1668 1619 1722 abs
1646 1677 1714 1721 te.
1754 1664 1960 1720 Bonum
1986 1675 2066 1719 est
2099 1662 2190 1716 tibi

631 1775 690 1819 ut
721 1764 898 1818 ldscus
926 1765 1094 1819 intres
1124 1764 1175 1816 in
1201 1762 1388 1827 vitam,
1422 1760 1596 1829 potius
1622 1772 1781 1827 quam
1813 1765 1869 1809 ut
1900 1757 2034 1809 duos
2062 1768 2194 1808 ocu-

630 1858 713 1909 los
743 1856 945 1909 habens
992 1855 1223 1907 mittaris
1272 1854 1322 1905 in
1359 1853 1656 1921 gehennam
1692 1848 1850 1919 ignis.
1888 1866 1906 1898 ι
1947 1846 2049 1901 Per
2084 1859 2195 1899 ma-

633 1963 782 2011 num,
831 1946 1017 2015 pedem
1081 1952 1134 1997 et
1197 1942 1380 1998 oculos
1457 1940 1692 2009 iutellige
1772 1939 2007 2001 amicos,
2068 1949 2204 2004 quos

644 2038 1008 2091 membrorum
1043 2035 1160 2089 loco
1197 2033 1473 2088 habemus.
1512 2030 1720 2095 Etenim
1757 2030 1801 2085 si
1832 2029 1885 2083 hi
1924 2027 2057 2082 tales
2096 2025 2205 2081 fue-

635 2130 769 2195 rint,
793 2129 882 2197 qui
917 2128 1069 2181 nobis
1104 2134 1352 2190 noceant,
1380 2125 1483 2179 hoc
1513 2133 1613 2187 est,
1642 2123 1685 2177 si
1721 2120 2012 2177 familiares
2044 2121 2201 2174 amici

632 2220 856 2283 fuerint,
880 2227 1091 2288 Oportet
1116 2226 1463 2271 contemnere
1491 2229 1587 2269 eos
1634 2223 1689 2267 ut
1721 2213 1956 2267 membra
1988 2211 2201 2281 putrida

635 2323 689 2367 et
739 2321 1022 2373 exsecare,
1075 2324 1142 2364 ne
1196 2317 1250 2363 et
1285 2308 1403 2361 aliis
1433 2317 1681 2361 noceant.
1708 2303 1879 2374 Atque
1928 2305 2002 2357 ita
2031 2319 2094 2357 ex
2122 2305 2205 2357 bis

634 2403 979 2457 manifestum
1009 2410 1112 2465 est,
1152 2399 1276 2453 licet
1315 2414 1533 2453 necesse
1575 2398 1642 2451 sit
1677 2397 1895 2452 evenire
1926 2395 2201 2457 scandala,

637 2498 741 2550 hoc
769 2503 887 2559 est,
937 2494 1025 2562 qui
1066 2500 1314 2556 noceant,
1365 2506 1468 2544 non
1510 2505 1629 2544 esse
1665 2499 1841 2543 tamen
1892 2502 2112 2543 necesse
2144 2498 2203 2540 ut

639 2596 1018 2641 nocumentum
1049 2586 1402 2653 accipiamus.
1437 2582 1490 2635 Si
1520 2582 1660 2635 enim
1698 2581 1984 2634 fecerimus
2011 2596 2203 2649 quem--

636 2681 923 2732 admodum
978 2677 1052 2729 ait
1084 2674 1192 2744 95
1228 2675 1501 2738 Dominus,
1535 2682 1588 2726 et
1616 2672 2005 2727 absciderimus
2043 2687 2071 2725 a
2103 2686 2202 2724 no-

634 2772 719 2825 bis
774 2784 869 2823 eos
913 2767 1001 2836 qui
1044 2776 1259 2830 nocent,
1303 2763 1520 2819 etiamsi
1572 2762 1732 2818 amici
1788 2762 2009 2829 fuerint,
2068 2762 2202 2817 nihil

637 2862 760 2913 inde
791 2858 968 2911 damni
1008 2856 1357 2925 accipiemus.

708 2948 872 3003 Vsus.
899 2948 985 3013 10,
1020 2948 1106 3000 ll.
1144 2965 1161 2997 ι
1198 2944 1381 2999 Videte
1431 2961 1497 3001 ne
1535 2946 1893 3001 contemnatis
1940 2961 2100 3000 unum
2135 2962 2200 3000 ex

2293 571 2576 641 νήσωμεν,
2624 569 2704 629 εἰς
2742 564 2993 636 αἴσθησιν
3036 560 3385 632 ἐρχομένους.
3439 555 3550 610 Καὶ
3598 554 3645 605 εἰ
3694 550 3876 617 ἀνάγ-

2291 680 2385 731 κη,
2430 664 2634 733 φησὶν,
2688 661 2864 714 ἐλθεῖν
2906 659 2975 712 τὰ
3027 652 3332 717 σκάνδαλα,
3381 652 3498 713 πῶς
3561 642 3878 716 φευξόμεθα

2292 756 2494 821 ταῦτα;
2558 754 2797 823 ’Ᾱνάγκη
2852 751 2951 823 μέν
2993 749 3187 811 ἐλθεῖν,
3243 744 3357 809 ἀλλ’
3384 744 3485 796 οὑκ
3514 738 3728 807 ἀνάγκη
3759 736 3874 789 ἀπο

2292 846 2535 900 ολέσθαι.
2577 845 2735 898 Ἐστι
2768 844 2877 913 γάρ
2931 835 3320 904 ἀντιτάξασθαι
3354 834 3467 895 τοῖς
3516 828 3877 888 σκανδάλοις·

2294 938 2562 991 σκάνδαλα
2594 936 2650 989 δὲ
2693 935 2803 988 νόει
2829 935 2953 996 τοὺς
2992 928 3385 1003 ἐμποδίζοντας
3420 927 3556 994 πρὸς
3608 921 3678 975 τὰ
3707 916 3876 973 καλά.

2293 1030 2512 1100 Κόσμον
2542 1029 2599 1081 δὲ
2658 1028 2787 1091 τοὺς
2838 1027 2987 1081 κάτω
3019 1022 3344 1094 ἀνθρώπους
3397 1017 3494 1071 καὶ
3528 1013 3878 1086 χαμερπεῖς,

2292 1124 2341 1178 οῖ
2372 1126 2464 1177 καί⁸
2498 1121 2732 1184 εὐκόλως
2764 1116 3145 1189 ἐμποδίζονται
3173 1113 3310 1185 (25).

2369 1234 2387 1266 ι
2433 1214 2492 1267 Εἰ
2522 1213 2577 1266 δέ
2624 1215 2657 1282 ἡ
2695 1211 2815 1282 χείρ
2846 1226 2939 1263 σου
2971 1209 3003 1278 ἢ
3041 1210 3070 1261 ὁ
3104 1207 3236 1269 πούς
3268 1222 3361 1258 σου
3392 1198 3735 1262 σκανδαλίζει
3772 1211 3836 1249 σε
3862 1232 3878 1259 ,

2293 1305 2524 1375 ἔκκοψον
2566 1304 2746 1367 αὑτὸν,
2782 1302 2874 1355 καὶ
2914 1300 3044 1370 βάλε
3083 1297 3191 1353 ἀπὸ
3242 1296 3368 1349 σοῦ·
3402 1293 3565 1347 καλόν
3598 1289 3680 1343 σοί
3719 1290 3881 1341 ἐστιν

2294 1398 2554 1451 εἰσελθεῖν
2582 1398 2661 1458 εἰς
2684 1398 2781 1462 τὴν
2814 1394 2957 1463 ζωὴν
2986 1390 3155 1461 χωλὸν
3186 1388 3221 1460 ἢ
3251 1386 3466 1448 κυλλὸν,
3498 1384 3531 1454 ἢ
3563 1382 3655 1435 δύο
3680 1380 3881 1450 χεῖρας

2293 1491 2326 1561 ἦ
2360 1489 2451 1542 δύο
2485 1481 2650 1550 πόδας
2678 1487 2869 1556 ἔχοντα
2902 1483 3165 1553 βληθῆναι
3192 1482 3272 1541 εἰς
3309 1476 3369 1529 τὸ
3396 1475 3502 1545 πῦρ
3536 1473 3595 1526 τὸ
3618 1470 3843 1561 αἰώνιον
3863 1483 3880 1497 °

2294 1560 2386 1635 καὶ
2418 1581 2463 1631 εἰ
2496 1580 2524 1631 ὁ
2562 1576 2840 1645 ὀφθαλμός
2870 1591 2961 1627 σου
3008 1568 3351 1631 σκανδαλίζει
3395 1582 3477 1629 σε,
3513 1563 3661 1628 ἔξελε
3688 1560 3882 1622 αὐτὸν,

2294 1675 2389 1727 καὶ
2420 1672 2548 1739 βάλε
2589 1670 2697 1724 ἀπὸ
2736 1666 2863 1720 σοῦ·
2902 1666 3063 1720 καλόν
3107 1665 3189 1716 σοι
3222 1663 3339 1714 ἐστι
3375 1656 3754 1728 μονόφθαλμον
3801 1654 3888 1713 εἰς

2297 1766 2394 1835 τὴν
2444 1764 2587 1833 ζωὴν
2629 1760 2909 1823 εἰσελθεῖν,
2948 1758 2980 1828 ἢ
3026 1756 3119 1809 δύο
3166 1752 3478 1822 ὀφθαλμοὺς
3513 1748 3703 1819 έχοντα
3748 1744 3890 1815 βλη-

2307 1856 2465 1924 θῆναι
2512 1856 2589 1916 εἰς
2628 1854 2727 1922 τὴν
2752 1850 2973 1919 γέενναν
3000 1847 3095 1900 τοῦ
3128 1845 3317 1914 πυρός.
3354 1861 3371 1893 ι
3411 1842 3583 1910 Χεῖρα
3614 1836 3709 1891 καὶ
3738 1836 3889 1888 πόδα

2305 1948 2399 2003 καὶ
2429 1945 2704 2015 ὀφθαλμὸν
2758 1943 2882 2002 τοὺς
2914 1939 3098 2009 φίλους
3130 1936 3262 2000 νόει,
3283 1934 3377 1997 οὓς
3407 1934 3466 1985 ἐν
3508 1930 3658 1997 τάξει
3700 1924 3892 1997 μελῶν

2304 2040 2519 2109 ἔχομεν·
2565 2036 2669 2089 κᾶν
2717 2032 2809 2087 οὖν
2848 2030 3079 2084 τοιοῦτοί
3112 2044 3257 2090 τινες
3289 2019 3422 2078 ὦσιν
3471 2022 3522 2076 οἰ
3554 2014 3953 2109 βλάπτοϊτεςί

2303 2092 2473 2201 ήιμάς,
2523 2128 2797 2180 τουτέστιν
2849 2121 3087 2175 οἰκιακοὶ
3160 2117 3328 2186 φίλοι,
3381 2115 3464 2168 δεῖ
3518 2092 3894 2204 καὶαέρροῆεῖν

2304 2221 2481 2277 αὐτῶν
2512 2219 2586 2283 ὡς
2629 2215 2943 2285 σεσηπότων
2971 2211 3170 2283 μελῶν,
3219 2209 3316 2263 καὶ
3345 2198 3658 2267 ἐκκόπτειν,
3688 2201 3777 2254 ἵνα
3810 2198 3894 2269 μὴ

2305 2314 2396 2368 καὶ
2424 2311 2616 2374 ἄλλους
2665 2306 2959 2379 βλάψωσιν.
2990 2304 3154 2357 Ὥστε
3182 2302 3246 2354 ἐκ
3273 2302 3475 2352 τούτων
3508 2296 3687 2366 δῆλον,
3723 2292 3809 2344 ὅτι
3837 2290 3893 2343 εἰ

2304 2408 2396 2461 καὶ
2416 2406 2628 2472 ἀνάγκη
2674 2400 2846 2454 ἐλθεῖν
2878 2397 2946 2450 τά
2975 2394 3265 2457 σκάνδαλα,
3295 2390 3541 2445 τουτέστι
3591 2386 3719 2449 τοὺς
3751 2382 3894 2453 βλά-

2305 2513 2567 2560 πτοντας,
2615 2492 2729 2549 ἀλλ’
2770 2492 2869 2544 οὑκ
2920 2489 3132 2556 ἀνάγκη
3182 2485 3329 2563 ημᾶς
3395 2480 3680 2551 βλαϐῆναι.
3752 2475 3894 2529 Ἐάν

2304 2593 2412 2661 γὰρ
2445 2590 2761 2659 ποιήσωμεν
2789 2588 2863 2648 ὡς
2892 2580 3045 2637 εἶπεν
3075 2584 3101 2636 ὁ
3152 2580 3379 2651 Κύριος.
3413 2580 3505 2631 καὶ
3554 2574 3894 2644 ἐκκόψωμεν

2304 2687 2397 2751 ἀφ’
2424 2683 2577 2753 ἡμῶν
2606 2682 2733 2741 τοὺς
2758 2679 3088 2751 βλάπτοντας
3117 2675 3289 2745 ἡμᾶς,
3321 2672 3423 2726 κᾶν
3452 2670 3593 2739 φίλοι
3632 2663 3792 2733 ὦσιν,
3822 2664 3893 2718 οὐ

2306 2774 2707 2848 βλαόησόμεθα.

2381 2980 2398 3012 ι
2437 2960 2630 3030 Ὀρᾶτε
2688 2956 2760 3026 μὴ
2816 2950 3264 3021 καταφρονήσητε
3345 2943 3462 3007 ἐνὸς
3510 2940 3619 2996 τῶν
3659 2935 3898 3030 ,μικρῶν

639 3041 721 3094 his
753 3040 978 3107 pusillis.
1014 3038 1141 3091 Dico
1166 3038 1308 3091 enim
1350 3037 1501 3091 vobis
1530 3038 1671 3106 quod
1718 3037 1892 3106 angeli
1916 3053 2101 3092 eorum
2148 3040 2199 3093 iu

2312 3028 2545 3109 meum}
2597 3050 2740 3116 λέγω
2788 3048 2895 3115 γὰρ
2936 3046 3096 3111 ὑμῖν,
3125 3043 3207 3094 ὃτι
3249 3038 3299 3091 οἰ
3350 3033 3571 3103 ἄγγελοι
3610 3028 3794 3085 αὐτῶν
3835 3030 3900 3080 ἐν

636 3133 790 3188 cmlis
821 3147 1035 3199 semper
1064 3132 1241 3185 vident
1274 3129 1463 3184 facient
1495 3129 1670 3184 Patris
1702 3130 1804 3184 mei
1833 3130 1925 3199 qui
1958 3130 2008 3184 in
2048 3132 2199 3186 caelis

2312 3146 2551 3217 οὐρανοῖς
2579 3141 2668 3195 διὰ
2704 3137 2901 3199 παντὸς
2932 3135 3188 3205 βλέπουσι
3218 3130 3277 3185 τὸ
3306 3127 3602 3199 πρόσωπον
3631 3120 3829 3217 τοῦ-Π
3842 3138 3901 3172 1-

636 3234 741 3279 est.
780 3223 1096 3277 Venitenim
1136 3220 1299 3274 Filius
1328 3222 1562 3275 hominis
1592 3221 1797 3275 salvum
1840 3222 2020 3277 facere
2059 3225 2201 3292 quod

639 3316 890 3385 perierat.
939 3333 958 3365 ›
1002 3313 1250 3382 Praecipit
1279 3327 1344 3365 ne
1374 3322 1789 3367 contemnantur
1829 3312 1883 3367 hi
1915 3315 2005 3384 qui
2052 3318 2202 3386 parvi

637 3417 898 3478 putantur
920 3447 933 3471 ,
968 3407 1071 3462 hoc
1092 3415 1194 3469 est,
1224 3420 1485 3475 pauperes
1524 3405 1742 3474 spiritu,
1797 3409 1974 3476 magni
2024 3418 2202 3463 autem

637 3499 778 3568 apud
817 3498 1002 3551 Deum.
1022 3497 1169 3551 Adeo
1191 3497 1357 3560 enim,
1390 3496 1582 3566 inquit,
1611 3497 1907 3567 diliguntur
1935 3513 1965 3552 a
1991 3499 2119 3566 Deo,
2150 3509 2206 3554 ut

636 3602 694 3647 ei.
730 3590 948 3659 angelos
995 3589 1228 3642 habeant
1262 3589 1541 3658 praesides,
1579 3602 1646 3642 ne
1680 3590 1931 3643 damnum
1968 3590 2075 3646 illis
2116 3591 2208 3646 flat

638 3696 669 3734 a
702 3680 1055 3733 dmnmnibus.
1113 3676 1312 3733 Omnes
1351 3680 1493 3732 enim
1547 3678 1811 3743 homines,
1868 3689 1923 3735 et
1975 3682 2205 3739 maxime

641 3772 827 3826 ﬁdeles
848 3813 861 3833 ,
889 3786 1016 3825 suos
1066 3770 1283 3840 angelos
1328 3770 1549 3825 habent.
1590 3770 1910 3825 Pusillorum
1943 3784 2120 3828 autem
2151 3784 2205 3829 et

640 3862 923 3917 humilium
956 3864 1007 3916 in
1039 3862 1255 3917 CltriSto
1308 3861 1482 3931 angeli
1530 3877 1699 3932 usque
1730 3862 1864 3917 adeo
1910 3862 2207 3923 familiares

640 3959 766 4005 sunt
795 3948 927 4016 Deo,
957 3962 1013 4004 ut
1033 3949 1225 4005 faciem
1252 3951 1369 4019 ejus
1395 3966 1607 4019 semper
1634 3950 1849 4006 videant
1880 3968 2061 4009 coram
2090 3958 2208 4027 ipso

2308 3211 2434 3309 τρός
2468 3252 2569 3305 μου
2603 3232 2697 3285 τοῦ
2730 3232 2787 3283 ἐν
2820 3227 3069 3298 οὐρανοῖς
3098 3239 3112 3254 ο
3138 3218 3270 3294 ἦλθε
3298 3220 3407 3290 γὰρ
3438 3220 3502 3309 ό,
3524 3216 3647 3309 rte;
3671 3211 3903 3309 τοῖι-ἀν-

2308 3301 2528 3398 θρώπου
2556 3323 2726 3375 σῶσαι
2751 3319 2811 3373 τὸ
2837 3314 3133 3377 ἀπολωλός.
3170 3331 3189 3365 ι
3228 3306 3610 3398 Παραγγέλλει
3632 3303 3705 3373 μὴ
3734 3301 3903 3365 ἐξου-

2306 3419 2477 3472 δενεῖν
2528 3413 2651 3475 τοὺς
2686 3407 3076 3479 νομιζομένους
3130 3403 3401 3473 μικροὺς,
3457 3396 3704 3450 τουτέστι
3758 3394 3903 3454 τοὺς

2313 3506 2559 3577 πτωχοὺς
2572 3504 2650 3573 τῷ
2678 3502 2971 3571 πνεύματι,
3001 3497 3124 3559 τοὺς
3158 3492 3426 3565 μεγάλους
3455 3487 3605 3557 παρὰ
3633 3485 3711 3555 τῷ
3730 3484 3899 3577 ᾲΘεῷ.

2314 3575 2579 3650 Τοσοῧτον
2616 3596 2746 3663 γὰρ,
2778 3591 2964 3659 φησὶν,
3009 3586 3333 3655 ἀγαπῶνται
3367 3582 3469 3636 ὑπὸ
3493 3579 3585 3633 τοῦ
3617 3575 3779 3642 Θεοῦ,
3815 3578 3903 3640 ὡς

2312 3688 2576 3756 ἀγγέλους
2614 3684 2758 3752 ἔχειν
2785 3680 3080 3741 ἐπιστάτας
3122 3676 3259 3745 πρὸς
3286 3674 3346 3727 τὸ
3372 3673 3446 3742 μὴ
3490 3669 3755 3741 βλαϐῆναι
3787 3668 3907 3720 ὑπὸ

2310 3779 2601 3848 δαιμόνων.
2654 3776 2923 3834 Ἕκαστος
2948 3770 3055 3840 γὰρ
3082 3768 3190 3822 τῶν
3217 3765 3445 3827 πιστῶν,
3481 3762 3680 3835 μᾶλλον
3705 3760 3765 3812 δέ
3798 3760 3907 3812 καὶ

2315 3870 2515 3931 πάντες
2559 3866 2609 3920 οἰ
2656 3862 2932 3933 ἄνθρωποι
2966 3857 3232 3927 ἀγγέλους
3283 3854 3501 3924 ἔχομεν.
3546 3849 3667 3903 Τῶν
3697 3848 3758 3902 δέ
3798 3865 3908 3916 μι-

2294 3960 2461 4035 κρῶν
2504 3958 2597 4012 καὶ
2634 3952 2905 4008 ταπεινῶν
2934 3952 2989 4004 ἐν
3020 3947 3242 4020 Χριστῷ
3272 3947 3322 3999 οἰ
3364 3942 3586 4014 ἄγγελοι
3628 3940 3909 3995 τοσοῦτόν

1599 4061 1686 4120 Ex
1725 4060 2068 4128 collatione
2100 4068 2285 4131 codd.
2321 4072 2549 4131 Venet.
2590 4068 2650 4128 S.
2687 4065 2909 4127 Marci.

716 4184 829 4255 ('25)
855 4183 993 4255 ACod.
1039 4183 1122 4255 7'52
1152 4201 1164 4235 :
1193 4182 1300 4255 Καὶ
1345 4183 1396 4255 εἰ
1438 4180 1672 4255 ἀνάγκη.
1708 4182 1891 4255 φησὶν,
1925 4184 2099 4237 ἐλθεῖν
2141 4188 2209 4241 τά

643 4249 939 4316 σκάνδαλα,
972 4254 1087 4315 πῶς
1111 4255 1139 4305 ὁ
1168 4255 1232 4318 τῇ
1260 4252 1470 4317 ἀνάγκη
1488 4249 1893 4318 συνωθούμενος
1928 4256 2022 4306 καὶ
2047 4272 2211 4310 σκαν-

643 4326 908 4387 δαλίζων,
938 4324 1085 4377 ἐστὶν
1128 4321 1405 4385 ὑπαίτιος;
1447 4322 1506 4372 τὸ
1544 4322 1651 4390 γὰρ
1689 4328 2209 4391 κατηναγκασμένον

646 4395 974 4463 συγγνώμης
1018 4392 1463 4463 ἐστὶνάξιον,-οὑ
1514 4390 1844 4463 κατηγορίας
1888 4390 2205 4449 ὑπεύθυνον.

658 4459 880 4532 Ἐπειδὴ-
922 4459 1021 4547 την
1061 4460 1445 4547 ἀνάγκηνὶτῶν
1486 4459 1791 4545 σκανδάλων
1836 4463 1884 4512 οἰ
1924 4464 2209 4515 σκανδαλί-

648 4539 828 4597 ζοντες
863 4528 1241 4604 ἐγεώργησαν,
1270 4532 1366 4604 τὰς
1391 4531 1565 4604 αἰτίας
1598 4528 1714 4604 τῶν
1736 4532 2047 4604 σκανδάλων
2080 4549 2210 4604 προ-

647 4596 1224 4670 καταϐαλόμενοςκαὶ
1256 4600 1332 4659 εἰς
1374 4599 1527 4650 τοῦτο
1574 4596 1915 4661 συνελθόντες
1961 4603 2052 4654 καὶ
2089 4596 2215 4654 συν-

648 4667 984 4731 ελασθέντες.
1016 4671 1225 4737 Ὥσπερ
1256 4670 1305 4719 εἰ
1331 4685 1411 4740 τις
1445 4668 1623 4740 ἰατρὸς
1653 4667 1793 4740 όρῶν
1821 4670 1909 4720 τὸν
1940 4673 2215 4740 κάμνοντι

647 4744 945 4796 νοσοποιείν
981 4740 1157 4798 αἰτίας
1188 4738 1443 4810 ἀφορμὴν
1470 4736 1755 4810 δεδωκότα,
1782 4741 1873 4789 καὶ
1889 4736 2073 4810 λάϐρῳ
2110 4760 2215 4793 πυ-

652 4812 789 4879 ρετῷ
816 4811 1192 4877 συνεχόμενον,
1216 4811 1307 4857 καὶ
1337 4808 1470 4879 πρὸς
1503 4808 1742 4879 φρενῖτιν
1764 4808 2054 4870 ἐξωκεῖλαιή
2086 4813 2215 4879 μέλ-

648 4877 831 4939 λοντα,
863 4884 1105 4946 φήσειεν·
1145 4879 1280 4927 ι)ὺαί
1315 4877 1679 4949 τῴγκάμνοντι
1716 4877 1821 4929 ἀπὸ
1851 4882 1945 4940 τῇς
1973 4877 2216 4949 φρενίτι..

649 4953 768 5035 δσςιί
821 4944 1037 5029 ιζῶάγκτι
1080 4948 1187 5016 γάρ
1210 4950 1369 5035 ,ἐστιν
1397 4946 1568 5035 ἐλθεῖέ
1586 5016 1597 5033 ν
1618 4944 1715 5035 την
1742 4944 2034 5035 ιφρενῖτιν,
2068 4951 2217 5035 πλὴν

650 5009 771 5085 οὐαὶ
800 5018 876 5085 τῷ
908 5009 1167 5089 κάμνοντι
1200 5016 1487 5089 ἀνθρῴπῳ,
1532 5016 1597 5089 δι’
1624 5009 1685 5069 οὗ
1732 5009 2033 5089 η’ςρρενῖτις
2066 5009 2218 5089 έρχέ-

650 5108 760 5141 ται.
798 5087 1060 5139 Ἐνταῦθα
1090 5086 1197 5154 γὰρ
1232 5088 1287 5137 οὐ
1316 5086 1411 5155 τὴν
1452 5088 1693 5155 ἀνάγκην
1725 5086 1819 5138 τοῦ
1866 5086 2109 5155 χαλεποῦ
2132 5086 2215 5142 νο·

654 5161 719 5226 σή
731 5174 897 5226 ματος
926 5153 1222 5226 αἰτιατέον,
1257 5153 1389 5207 ἀλλὰ
1414 5156 1502 5206 τὸν
1525 5173 1619 5226 τας
1649 5153 1900 5226 ἀφορμὰς
1926 5159 2215 5213 δεδωκότα.

652 5222 764 5281 Οὔκ
792 5222 911 5278 εἰπε
946 5226 1002 5277 δὲ
1021 5228 1046 5276 ὁ
1076 5224 1299 5294 Κύριος,
1332 5226 1459 5277 0ὑαί
1492 5225 1566 5292 τῷ
1588 5222 1731 5292 γένει
1760 5222 1868 5276 τῶν
1896 5229 2216 5295 ἀνθρώπων,

653 5297 794 5357 ἀλλ’,
823 5298 963 5350 Οὐαὶ
990 5295 1315 5367 τῷκόσμιεγ
1362 5295 1561 5367 κόσμον
1581 5297 1694 5367 ,γὰρ
1728 5296 1955 5365 σύνηθες
1989 5301 2053 5367 τῇ
2100 5298 2220 5367 θείᾳ

653 5354 843 5433 Γραφῇ
865 5368 951 5418 τὸν
980 5354 1351 5433 ἐν’ἀμαρτίαις
1373 5354 1483 5432 βίον
1508 5354 1709 5429 καλεῖν,
1736 5370 1826 5417 καὶ
1849 5354 1981 5429 ’τους
2009 5354 2221 5435 μἐτιόνζ

648 5454 750 5497 τας
786 5451 992 5500 τουτον,
1022 5436 1092 5494 ὼς
1116 5437 1263 5506 κάτω
1283 5435 1722 5506 καίχαμερπεῖς.
1748 5436 1839 5487 Διὸ
1870 5441 1959 5489 καὶ
1983 5440 2091 5503 τοῖς
2116 5455 2221 5506 μα-

654 5506 841 5574 θηταῖς
866 5507 891 5555 ό
919 5507 1116 5574 Κύριος
1144 5505 1349 5570 ἔλεγεν⁸
1389 5500 1568 5570 Ὑμεῖς
1592 5507 1699 5557 οὐκ
1722 5506 1862 5574 έστὲ
1892 5508 1957 5559 ἐκ
1984 5500 2090 5558 τοῦ
2117 5500 2219 5558 Ξιόο

654 5571 833 5641 σμου.
896 5571 1151 5640 Καίτοιγε
1199 5575 1291 5645 καὶ
1346 5575 1699 5645 αὑτοὶμέρος
1730 5571 1871 5643 ἦσαν
1920 5577 2025 5627 τῶν
2058 5579 2113 5627 ἐν
2142 5575 2218 5645 τῷ

654 5646 842 5716 κόσμιρ
872 5645 1089 5709 ζώντων
1114 5644 1443 5716 ἀνθρώπων,
1476 5643 1590 5716 ἀλλ’
1614 5646 1801 5711 ἐπειδὴ
1836 5648 1904 5713 μὴ
1943 5649 1997 5697 ἐν
2042 5643 2220 5716 ἀεκαρέ

654 5710 793 5775 τὶαις
815 5710 977 5785 ἦσαν,
996 5716 1096 5785 οὐκ
1112 5710 1247 5785 ἦσαν
1273 5717 1332 5766 ἐκ
1350 5714 1441 5765 τοῦ
1462 5714 1687 5781 κόσμου.
1717 5710 1865 5767 Εἰδὲ
1886 5710 1921 5781 ἦ
1937 5717 2065 5783 χείρ
2078 5710 2215 5781 imo,

656 5786 749 5839 καὶ
810 5783 858 5841 τι
918 5786 964 5837 λ.
1008 5803 1023 5835 ι
1065 5783 1130 5837 Et
1177 5784 1219 5837 si
1276 5798 1489 5839 necesse
1519 5795 1619 5851 est,
1654 5785 1845 5852 inquit,
1876 5800 1926 5839 ut
1968 5787 2219 5843 eveniant

2238 4506 2291 4565 D

2318 4189 2591 4249 seandala,
2613 4186 2882 4255 quomodo
2912 4186 3000 4254 qui
3023 4185 3345 4240 necessitate
3362 4182 3672 4238 scandalum
3702 4182 3904 4249 τίσει-ι,

2320 4274 2442 4313 reus
2472 4267 2574 4318 est,
2608 4273 2728 4310 curn
2763 4256 2837 4321 id,
2881 4257 3019 4323 quod
3048 4266 3293 4309 coactum
3332 4262 3434 4315 est.
3487 4256 3719 4316 veniam,
3781 4269 3908 4310 non

2318 4328 2818 4382 condemnationem
2846 4327 3148 4379 mereatur?
3172 4323 3397 4393 Nempe,
3430 4325 3553 4393 quia
3582 4325 3905 4378 necessita-

2320 4407 2424 4450 tem
2473 4396 2851 4456 scandalorum
2903 4395 3000 4463 ipsi
3060 4394 3487 4449 scandalizantes
3541 4393 3907 4458 invexerunt,

2318 4482 2511 4520 causas
2562 4462 2937 4519 scandalorum
2971 4465 3413 4532 prmseminanles
3446 4481 3459 4515 :
3504 4464 3555 4516 in
3594 4462 3643 4515 id
3678 4464 3911 4519 scilicet

2318 4537 2548 4603 primum
2579 4544 2768 4601 sponte
2796 4536 3205 4599 conscntiendo,
3255 4534 3320 4586 ad
3378 4534 3518 4601 quod
3550 4543 3737 4599 postea
3797 4550 3908 4588 ne-

2318 4608 2574 4659 cessitate
2628 4604 2860 4672 quadam
2903 4604 3307 4673 pertrahuntur.
3339 4604 3808 4668 Quemadmodum
3856 4606 3912 4660 si

2322 4675 2558 4727 medicus
2588 4673 2781 4741 aliquis
2813 4688 3039 4726 cernens
3083 4684 3366 4743 aegrotum,
3397 4673 3486 4739 qui
3524 4688 3632 4725 sure
3664 4674 3908 4740 aegritu-

2318 4746 2459 4797 dinis
2490 4758 2705 4796 causam
2759 4744 2920 4806 dedit,
2956 4742 3147 4796 valida
3182 4742 3315 4797 febri
3363 4751 3689 4805 correnttnn,
3736 4756 3804 4795 ac
3849 4745 3909 4799 in

2320 4813 2604 4879 phrenesin
2649 4813 2796 4867 brevi
2839 4814 3139 4881 lapsurum,
3192 4814 3395 4867 diceret
3444 4832 3457 4866 :
3500 4811 3591 4866 Vae
3623 4823 3841 4875 aegroto
3874 4832 3909 4869 a

2322 4884 2603 4951 phrenesil
2641 4897 2861 4937 necesse
2887 4893 2967 4937 est
2992 4885 3159 4947 enim,
3182 4895 3237 4935 ut
3268 4884 3338 4935 il.i
3380 4882 3661 4951 phrenesis
3692 4896 3912 4951 super-

2321 4955 2535 5018 veniat;
2595 4954 2687 5006 sed
2740 4962 2917 5006 tamen
2958 4968 3037 5003 vze
3090 4967 3290 5021 aegroto
3342 4953 3693 5019 homini,per
3726 4967 3910 5019 quem

2324 5037 2539 5076 necesse
2565 5033 2646 5076 est
2676 5032 2735 5076 ut
2770 5023 3052 5090 phrenesis
3076 5025 3285 5077 veniat!
3328 5025 3424 5077 llic
3465 5024 3606 5075 enim
3650 5036 3756 5073 non
3793 5037 3911 5076 ne-

2320 5094 2544 5146 cessitas
2574 5094 2793 5160 pessimi
2838 5092 3007 5144 morbi
3056 5095 3325 5145 causando
3387 5094 3544 5153 foret,
3577 5093 3670 5143 sed
3722 5093 3771 5146 is
3803 5098 3911 5159 qui

2321 5178 2511 5215 causas
2563 5162 2810 5230 apposuit
2836 5200 2850 5222 ,
2885 5163 3344 5217 condemnandus.
3385 5162 3499 5215 Non
3535 5161 3669 5213 dixit
3701 5176 3909 5217 autem

2322 5231 2579 5285 Dominus
2604 5273 2616 5292 ,
2655 5230 2740 5284 Vae
2794 5230 3121 5291 hominibus,
3156 5233 3271 5294 sed,
3313 5231 3406 5285 Va:
3466 5234 3660 5284 mtmdo
3695 5245 3712 5281 :
3753 5236 3913 5286 solet

2322 5303 2462 5353 enim
2511 5302 2788 5369 Scriptura
2847 5301 3034 5362 Vitum,
3082 5316 3201 5367 quze
3260 5304 3311 5355 in
3368 5300 3600 5369 peci-atis
3648 5301 3912 5367 dtu-itur,

2324 5372 2579 5424 mundum
2619 5370 2906 5438 appellare,
2944 5373 3400 5437 quemadmodum
3455 5381 3509 5418 et
3553 5376 3709 5433 huius
3740 5386 3917 5425 ανιιτιο

2323 5448 2487 5502 tores,
2539 5455 2636 5493 ceu
2678 5440 2806 5493 viles
2854 5455 2917 5491 ac.
2965 5440 3111 5492 humi
3154 5454 3422 5503 repentes.
3460 5440 3571 5503 Qua
3626 5441 3689 5489 de
3724 5454 3915 5493 causa

2325 5510 2578 5563 Dominus
2600 5509 2875 5576 discipulis
2890 5510 3000 5563 suis
3026 5511 3099 5561 ait
3123 5529 3137 5564 :
3190 5509 3291 5564 Vos
3316 5529 3415 5564 non
3438 5510 3562 5561 estis
3591 5522 3654 5559 ex
3672 5512 3915 5563 mundo.

2322 5578 2637 5647 Quanquam
2672 5582 2813 5630 enim
2838 5581 2997 5633 etiam
3040 5580 3113 5633 illi
3153 5596 3217 5635 ex
3262 5594 3485 5633 numero
3523 5578 3826 5630 viventium
3853 5581 3918 5634 in

2324 5650 2421 5701 hoc
2452 5652 2649 5701 nmndo
2690 5650 2887 5711 forent,
2914 5660 3112 5703 attame
3178 5652 3301 5719 quia
3332 5666 3437 5703 non
3479 5657 3633 5719 erant
3663 5647 3734 5719 in
3772 5663 3921 5713 pec-

2321 5722 2479 5841 catis,
2514 5720 2713 5771 idcirco
2740 5736 2844 5773 non
2862 5731 3018 5776 erant
3044 5736 3111 5775 ex
3144 5715 3246 5777 hoc
3273 5721 3489 5777 mundo.
3518 5715 3669 5783 Quod
3704 5720 3752 5771 si
3780 5734 3923 5771 ma-

2323 5805 2416 5841 mu
2465 5804 2552 5841 ua.
2597 5802 2753 5841 tete.

2323 5805 2416 5841 mu
2442 5802 2552 5855 tua,
2597 5808 2612 5841 ι
2646 5802 2753 5846 etc.
