4004 6414
106 376 188 437 ιιι

671 370 1118 433 ENARRATIO
1159 370 1239 432 [Ν
1282 370 1783 435 EVA’NGELIUM
1818 369 2209 433 MATTHJSI.
2250 390 2321 403 -
2347 366 2513 428 CAP;
2555 361 2777 425 XVIII.

3304 352 3422 418 3B

108 482 231 534 sicut
255 482 457 534 οἰκεῖοι
490 478 573 548 τῷ
600 478 741 547 Θεῷ.
773 476 917 532 ὥστε
952 480 1015 533 τὸ
1052 480 1345 550 πρόσωπον
1388 480 1555 535 αὐτοῦ
1604 480 1694 535 διά

1832 488 2033 535 tantes.
2083 478 2325 547 Apparet
2355 486 2534 531 autem
2578 488 2645 529 ex
2690 472 2828 536 hoc,
2862 467 3006 539 quod
3057 465 3183 521 licet
3221 480 3421 521 omnes

106 572 282 635 παντὸς
307 572 546 641 ὁρῶσιν,
572 569 888 642 ἔμπροσθεν
912 571 1075 626 αὑτοῦ
1108 572 1407 644 ἱστάμενοι.
1440 572 1699 628 Φαίνεται

105 661 217 713 διὲκ
243 659 476 723 τοῦτου,
494 659 582 713 δτι
612 660 661 712 εί
689 660 785 713 καὶ
808 661 1010 723 πάντες
1032 662 1299 731 ἀγγέλους
1328 662 1547 734 ἔχομεν,
1576 663 1695 717 ἀλλ’

104 753 144 802 οἱ
167 750 267 802 τῶν
310 750 680 820 ἁμαρτωλῶν
707 750 934 819 ἄγγελοι
970 752 1158 822 ῶσπερ
1182 755 1574 825 αἰσχυνόμενοι
1605 754 1696 809 διά

104 844 154 895 τὸ
172 840 327 923 ἡμῶν
356 842 847 914 ἀπαρρησίαστον,
875 843 991 897 οὐδὲ
1009 844 1161 898 αὐτοὶ
1180 845 1362 916 ἔχουσι
1379 846 1698 917 παρρησίαν

106 932 214 1000 ὁρᾷν
234 930 297 983 τὸ
328 932 642 1001 πρόσωπον
673 930 770 987 τοῦ
811 933 973 1001 Θεοῦ,
1010 936 1106 987 καὶ
1131 933 1349 988 δέεσθαι
1378 933 1519 1005 τάχα
1551 934 1696 1006 ὑπὲρ

104 1021 239 1091 ἡμῶν
266 1039 283 1054 ·
321 1024 376 1077 oi
426 1024 492 1078 δὲ
541 1024 654 1078 τῶν
706 1026 1304 1097 ταπεινοφρονούντων,
1333 1018 1485 1080 οὗτοι
1526 1027 1697 1098 ὁρῶσι

101 1115 151 1168 τὸ
183 1114 327 1169 θεῖον
356 1118 697 1187 πρόσωπον,
732 1117 823 1171 διὰ
859 1119 921 1172 τὸ
954 1117 1098 1187 ἔχειν
1126 1120 1464 1190 παρρησίαν.
1498 1120 1607 1172 Kal
1641 1118 1695 1172 τί

102 1205 248 1274 λέγω,
276 1207 486 1278 φησὶν,
510 1210 596 1261 ὅτι
626 1208 898 1277 ἀγγέλους
920 1208 1136 1279 Ξχουσιν
1165 1211 1213 1263 οι
1243 1209 1513 1278 τοιοῦτοις
1555 1210 1701 1278 Ἐγὼ

1805 572 2031 643 angelos
2056 572 2378 634 habeamus,
2411 574 2764 640 peccatorum
2796 572 2981 618 tamen
3004 558 3206 631 angeli
3244 559 3409 628 quasi

1805 673 2030 733 pr0pter
2063 678 2164 719 nos
2193 660 2428 727 confusi,
2467 660 2650 715 minus
2677 656 2908 711 ﬁdentes
2936 663 3084 718 sunt,
3110 650 3287 721 neque
3309 651 3421 721 ipsi

1804 765 2032 827 possunt
2061 753 2367 810 tamlibere
2397 751 2585 807 videre
2600 748 2796 804 faciem
2827 746 2948 809 Dei,
2979 752 3034 799 et
3068 744 3277 813 precari
3300 741 3416 796 for-

1809 846 1952 901 sitan
1985 861 2081 914 pro
2113 845 2291 901 nobis.
2326 842 2627 897 Hutnilium
2658 849 2845 893 autem
2878 835 3081 902 angeli,
3116 835 3169 889 hi
3195 837 3427 903 semper

1803 938 1987 992 vident
2018 937 2109 991 Dei
2144 936 2363 1001 faciem,
2388 944 2677 1004 propterea
2698 929 2843 999 quod
2874 928 3125 982 fiduciam
3157 926 3415 981 habeant.

1805 1028 1871 1083 Et
1900 1028 2030 1097 quid
2072 1028 2193 1082 dico
2210 1027 2353 1096 quod
2378 1027 2429 1080 hi
2450 1023 2675 1095 angelos
2696 1020 2970 1076 habeant?
2996 1017 3106 1088 Ego
3127 1026 3415 1087 prapterea

1811 1122 1956 1191 veni,
2010 1128 2068 1175 ut
2118 1133 2335 1175 servem
2388 1116 2531 1187 quod
2586 1114 2855 1186 perierat,
2890 1123 2944 1167 et
2982 1111 3112 1164 mihi
3148 1110 3416 1165 vindicent

1808 1226 1902 1267 eos
1927 1213 2019 1281 qui
2049 1228 2076 1266 a
2112 1212 2386 1281 plerisque
2410 1209 2569 1280 plane
2596 1207 2729 1266 nihil
2764 1215 3054 1277 putantur.

101 1300 373 1357 διὰτοῦτο
420 1296 595 1374 ἦλθον
638 1302 727 1356 ῖνα
776 1301 939 1358 σώσω
968 1304 1029 1358 τὸ
1074 1303 1395 1369 ἀπολωλὸς,
1426 1305 1523 1359 καὶ
1562 1304 1691 1368 τοὺς
1732 1307 1884 1377 παρά
1904 1308 2017 1369 τοῖς
2060 1305 2278 1370 πολλοῖς
2351 1300 2747 1375 νομιζομένους
2814 1298 3149 1368 οὖδαμινοίις
3194 1293 3419 1349 οἰκειώρ

101 1412 296 1465 caput.

167 1503 190 1538 r
224 1485 293 1540 Τί
346 1486 491 1555 ὕμιν
550 1484 733 1551 δοκεῖ;
793 1484 921 1539 Ἐὰν
976 1486 1206 1555 γίνηται
1255 1503 1363 1540 τινι
1430 1486 1707 1559 ἀνθρώπῳ

103 1578 299 1633 nam
334 1576 608 1646 πρόϐατα
631 1617 647 1642 ,
682 1576 777 1631 atat
823 1576 1071 1649 πλανηθῇ
1106 1576 1165 1631 ἒν
1197 1578 1258 1643 ἐξ
1299 1578 1512 1644 αὐτῶν,
1581 1580 1706 1650 οὐχὶ

102 1672 245 1739 ἀφεὶς
290 1670 371 1733 τὰ
422 1669 957 1739 ἑννενηκονταεννια
1005 1671 1099 1723 επὶ
1131 1669 1201 1723 τά
1233 1670 1335 1741 δρη
1360 1710 1375 1734 ,
1408 1670 1706 1741 πορευθεὶς

102 1762 245 1831 ζητεῖ
274 1761 343 1813 τὸ
376 1758 785 1828 πλανώμενον,
814 1760 924 1812 Καὶ
949 1759 1045 1813 ὶάν
1076 1760 1303 1831 γένηται
1330 1762 1516 1832 εὑρεῖν
1547 1762 1702 1826 αὐτὸ,

103 1854 243 1921 ἀμὴν
266 1853 433 1921 λέγω
478 1853 634 1922 ὑμῖν,
664 1852 750 1906 δτι
801 1852 985 1922 χαίρει
1008 1853 1095 1907 ἔπ’
1122 1852 1272 1924 αὐτῷ
1295 1853 1498 1923 μᾶλλον
1534 1854 1567 1924 ἢ
1613 1854 1711 1907 ἐπὶ

103 1947 204 2007 τοῖς
226 1942 773 2011 ὲννεντικονταεννέα
801 1946 913 2006 τοῖς
934 1942 1010 2014 μὴ
1026 1943 1494 2014 πεπλανημένοις.
1518 1942 1712 2004 Οὕτως

102 2035 191 2088 οὐκ
242 2034 369 2088 ἔστι
428 2034 653 2101 θέλημα
703 2032 1016 2105 ἔμπροσθεν
1039 2034 1132 2088 τοῦ
1166 2036 1381 2107 Πατρός
1422 2037 1579 2108 ὑμῶν
1611 2036 1709 2089 τοῦ

105 2128 153 2181 ἐν
179 2128 291 2189 τοῖς
331 2127 629 2198 οὐρανοῖς,
654 2128 744 2180 ῖνα
772 2126 1041 2198 ἀπόληται
1086 2124 1167 2191 είς
1198 2127 1309 2182 τῶν
1340 2128 1555 2199 μικρῶν
1584 2128 1707 2183 τού-

106 2235 218 2273 των.
254 2240 276 2274 ι
318 2220 451 2273 Τίνι
478 2220 757 2290 ἀνθρώπῳ
790 2218 1043 2288 ἐγένοντο
1069 2220 1267 2276 ἑκατὸν
1301 2220 1588 2292 πρόϐατα;
1622 2218 1713 2289 Τῷ

107 2311 344 2392 Χριστῷ.
388 2314 559 2367 Πᾶσα
598 2314 709 2384 γὰρ
733 2315 767 2382 ἡ
810 2312 1005 2383 λογικὴ
1040 2313 1240 2377 κτίσις,
1266 2312 1488 2383 ἄγγελοί
1523 2330 1583 2367 τε
1620 2313 1716 2367 καὶ

108 2401 413 2474 ἀνθρωποι,
466 2402 543 2455 τὰ
590 2402 786 2457 ἑκατόν
833 2405 940 2457 είσι
992 2404 1283 2474 πρόϐαταο
1326 2397 1401 2458 ὧν
1433 2405 1643 2476 ποιμὴν
1687 2406 1717 2458 ό

109 2494 361 2564 Χριστὸς,
390 2494 457 2547 οὒ
492 2495 792 2563 πρόϐατον.
812 2496 888 2549 Οὐ
919 2496 1026 2567 γάρ
1060 2498 1174 2550 ἔστι
1192 2496 1419 2567 κτίσμα,
1448 2497 1565 2552 ἀλλ’
1589 2498 1717 2561 Υίδς

110 2585 252 2640 Θεοῦ.
288 2581 473 2650 Οὗτος
511 2581 607 2639 οὖν
653 2587 834 2657 ἀφῆκε
874 2590 942 2641 τὰ
989 2590 1513 2659 εννενηκονταεννέα
1546 2592 1605 2644 ὲν
1637 2590 1716 2661 τῷ

110 2676 318 2747 οὐρανῷ
338 2693 356 2708 ·
408 2678 634 2748 μορρὴν
663 2678 721 2730 δὲ
761 2678 952 2733 δούλου
986 2680 1194 2748 λαϐὼν,
1220 2678 1350 2753 ἦλθε
1387 2682 1625 2751 ζητῆσαι
1656 2683 1718 2736 τὸ

113 2765 163 2819 ἔν
190 2768 507 2838 πρόϐατον,
535 2770 563 2822 ὃ
586 2771 736 2824 ἐστιν
763 2773 1136 2845 ἡάνϐρωπίνη
1169 2791 1354 2842 φυσις.
1395 2776 1507 2829 Καὶ
1537 2776 1718 2847 χαίρει

117 2859 199 2912 ἐπὶ
228 2859 445 2930 τούτῳ,
478 2861 512 2932 ἢ
541 2862 633 2913 ἐπὶ
660 2864 727 2932 τῇ
756 2862 863 2915 τῶν
886 2865 1136 2932 ἀγγέλων
1161 2867 1508 2938 στερρότητι.
1542 2867 1717 2921 Τοῦτο

120 2952 509 3024 συλληπτικῶς
545 2954 870 3018 αἰνίττεται,
891 2954 974 3007 ὅτι
1003 2956 1032 3007 6
1059 2955 1192 3019 Θεὸς
1218 2956 1566 3025 ἐπιμελεῖται
1618 2958 1719 3028 τῆς

119 3045 462 3115 ἐπιστροφῆς
506 3042 619 3096 τῶν
644 3044 1012 3116 ἁμαρτωλῶν,
1047 3047 1139 3100 καὶ
1177 3045 1361 3117 χαίρει
1386 3048 1479 3100 ἐπὶ
1507 3047 1720 3113 τούτοις

121 3134 313 3203 μᾶλλον
340 3136 379 3208 ἢ
406 3138 524 3198 τοῖς
556 3134 789 3205 μόνιμον
811 3136 995 3207 ἔχουσι
1016 3140 1116 3207 τὴν
1149 3140 1378 3209 ἀρετήν.

189 3244 207 3273 ε
247 3225 383 3277 Ἐὰν
425 3222 485 3277 δὲ
530 3225 829 3296 ἁμαρτήσῃ
868 3228 947 3289 είς
974 3227 1031 3278 σὲ
1066 3228 1094 3279 6
1126 3227 1353 3297 ἁδελφός
1383 3244 1499 3292 σου,
1534 3227 1712 3296 ὕπαγε

122 3316 209 3369 καὶ
243 3316 479 3385 ἔλεγξον
525 3317 691 3371 αὐτόν
747 3318 956 3387 μεταξὺ
996 3318 1090 3372 σοῦ
1136 3319 1231 3373 καὶ
1280 3318 1445 3374 αὑτοῦ
1507 3320 1670 3390 μόνου
1696 3337 1711 3352 ·

123 3405 207 3458 tiu
238 3425 340 3460 σου
396 3407 639 3483 ἀκούσῃ,
672 3409 977 3479 ὶκέρὸησας
1014 3410 1105 3464 τὸν
1152 3412 1381 3479 ἀδελφόν
1428 3428 1544 3465 σου.
1590 3410 1718 3464 Ἐὰν

125 3499 174 3551 6!:
208 3501 285 3569 μὴ
327 3500 584 3573 ἀκούσῃ,
636 3500 923 3571 παράλαϐε
962 3502 1100 3570 μετά
1141 3500 1235 3554 σοῦ
1270 3502 1349 3556 ἔτι
1392 3502 1553 3574 ἔναῆ
1602 3502 1716 3568 δύο,

128 3590 209 3642 ἵνα
242 3591 341 3643 ἐπὶ
374 3593 654 3657 στόματος
681 3590 776 3643 δύο
807 3590 1100 3661 μαρτύρων
1136 3592 1170 3662 ἦ
1200 3594 1368 3664 τριιίν
1407 3592 1577 3663 σταθῇ
1611 3597 1722 3646 πᾶν

130 3683 277 3751 ῥῆμα
309 3699 322 3713 ·
360 3683 464 3737 ἐὰν
504 3683 564 3735 δὲ
616 3683 944 3754 παρακούσῃ
977 3684 1159 3736 αὐτῶν
1182 3725 1195 3747 ,
1236 3685 1355 3738 εἰπὲ
1389 3689 1454 3755 τῇ
1502 3686 1701 3757 Ἐκκλη

132 3774 216 3844 σιξ,
240 3789 253 3802 .
281 3774 380 3826 ἐὰν
408 3774 469 3825 δὲ
524 3774 623 3827 καὶ
666 3774 769 3842 τῆς
803 3774 1131 3843 Ἐκκλητζας
1165 3776 1496 3845 παρακούσῃ
1521 3814 1533 3834 ,
1583 3774 1725 3828 ἔστω

132 3879 207 3914 ro:
232 3864 433 3934 ῶσπερ
456 3865 484 3915 6
517 3864 737 3926 ἐθνικὸς
768 3864 862 3915 καὶ
900 3866 927 3915 6
972 3864 1233 3933 τελώνης.
1279 3884 1297 3917 ι
1346 3866 1584 3935 Στξοδρδν
1625 3883 1727 3919 κα-

132 3954 378 4016 τατείνας
431 3959 581 4007 κατὰ
628 3952 740 4007 τῶν
769 3953 1234 4017 σκανδαλιζόντων
1268 3954 1447 4023 λόγον,
1506 3956 1600 4009 νῦν
1631 3956 1726 4009 καὶ

135 4047 253 4109 τοὺς
303 4044 846 4115 σκανδαλιξομένους
900 4046 1231 4117 διορθοῦται.
1268 4048 1390 4100 ’⁷1να
1432 4048 1541 4117 γὰρ
1588 4050 1653 4102 σὺ
1701 4050 1729 4102 6

137 4137 640 4206 σκανδαλιζόμενος
693 4138 771 4206 μὴ
817 4138 1099 4202 παντελῶς
1162 4138 1463 4209 ἀναπέσῃς,
1506 4140 1579 4201 ὼς
1634 4141 1729 4193 τοῦ

138 4230 592 4294 σιανδαλίζοντος
636 4229 696 4281 τὸ
738 4230 860 4282 οὐαὶ
894 4229 1109 4300 ἔχοντος
1135 4270 1151 4296 ,
1205 4232 1391 4299 φησὶν,
1418 4232 1501 4283 ὅτι
1533 4231 1600 4283 Σὲ
1634 4232 1725 4285 τὸν

138 4322 637 4391 σκανδαλιζόμενον
661 4357 679 4383 ,
711 4321 962 4374 τουτέστι
1017 4322 1416 4392 βλαπτόμενον,
1463 4321 1731 4393 βούλομαι

138 4412 377 4483 ἐλέγχειν
424 4414 559 4473 τοὺς
610 4410 931 4475 ἀδικοῦντάς
980 4429 1038 4465 σε
1088 4413 1184 4465 καὶ
1238 4413 1597 4483 βλάπτοντας,
1635 4416 1731 4469 ἐὰν

1892 1484 2057 1537 Vens.
2108 1480 2176 1536 l2
2208 1480 2296 1536 16.
2358 1498 2377 1532 ι
2414 1477 2556 1547 Quid
2602 1477 2757 1532 vobis
2805 1473 3063 1531 videtur?
3099 1472 3157 1529 Si
3220 1472 3425 1529 fuerint

1818 1578 1981 1634 alicui
2022 1574 2228 1630 homini
2264 1582 2487 1629 centum
2510 1584 2661 1635 oves,
2690 1577 2746 1623 et
2775 1567 3044 1624 erraverit
3070 1582 3175 1621 una
3203 1580 3271 1621 ex
3307 1565 3425 1622 eis:

1820 1684 2001 1723 nonne
2036 1665 2242 1722 relictis
2278 1664 2780 1733 nonagintanovem
2837 1660 2891 1713 in
2942 1659 3243 1721 montibus.
3279 1659 3428 1712 vadit

1820 1772 1875 1814 et
1910 1740 2252 1829 queriteam
2290 1770 2409 1826 qua
2450 1751 2783 1807 erraverat?
2838 1749 2902 1805 Et
2948 1749 2993 1805 si
3037 1749 3334 1820 contigerit
3364 1757 3426 1801 ut

1819 1836 2065 1907 inveniat
2120 1865 2264 1913 eam,
2328 1863 2486 1902 amen
2536 1846 2656 1901 dico
2710 1844 2890 1909 vobis,
2931 1844 3130 1912 gaudet
3160 1856 3325 1911 super
3359 1855 3426 1895 ea

1817 1947 2016 2017 magis,
2044 1959 2211 2014 quam
2253 1957 2418 2013 super
2450 1940 2946 2011 nonagintanovem
2980 1950 3103 2006 qua
3138 1949 3246 1988 non
3279 1948 3429 1989 erra-

1823 2046 2034 2093 verant.
2064 2036 2155 2090 Sic
2187 2050 2292 2089 non
2334 2042 2419 2088 est
2456 2031 2706 2085 voluntas
2728 2044 2912 2084 coram
2942 2025 3103 2082 Patre
3126 2036 3311 2080 vestro
3332 2025 3427 2095 qui

1824 2130 1878 2184 in
1910 2128 2067 2185 caelis
2092 2137 2196 2194 est,
2230 2134 2290 2181 ut
2320 2132 2509 2195 pereat
2542 2139 2684 2177 unus
2708 2124 2778 2176 de
2826 2120 3036 2192 pusillis
3090 2118 3231 2174 istis.
3273 2136 3291 2170 ι
3322 2117 3424 2172 Cui

1820 2222 2031 2279 homini
2063 2221 2282 2277 fuerunt
2310 2227 2530 2273 centum
2560 2215 2726 2273 oves?
2761 2215 3001 2271 Christo.
3037 2211 3233 2267 Omnis
3278 2211 3426 2265 enim

1820 2314 2110 2372 rationalis
2139 2316 2412 2378 creatura,
2439 2318 2549 2365 tam
2582 2307 2779 2378 angeli,
2806 2322 2970 2378 quam
3005 2306 3276 2367 homines,
3298 2316 3428 2358 cen-

1821 2420 1933 2465 tum
1980 2423 2110 2463 ovcs
2143 2415 2294 2473 sunt,
2330 2418 2564 2475 quorum
2617 2409 2808 2472 pastor
2854 2408 2939 2453 est
2986 2396 3266 2458 Christus,
3320 2408 3428 2450 non

1819 2504 1956 2559 ovis.
2003 2501 2120 2557 Non
2156 2501 2302 2555 enim
2355 2509 2441 2554 est
2492 2506 2769 2562 creatura,
2800 2494 2892 2547 sed
2932 2491 3104 2546 Filius
3146 2490 3261 2545 Dei.
3322 2488 3424 2542 Hic

1820 2595 1988 2664 igitur
2020 2591 2239 2661 reliquit
2265 2588 2560 2659 nonaginta
2595 2601 2787 2642 novem
2835 2587 2886 2638 in
2921 2584 3085 2645 corio.
3124 2582 3297 2636 forma
3331 2596 3430 2634 au-

1823 2697 1929 2742 tem
1961 2687 2102 2739 servi
2132 2693 2433 2753 assumpta,
2462 2682 2609 2735 venit
2644 2691 2890 2748 quaerere
2926 2690 3083 2731 ovem
3127 2675 3272 2727 illam
3308 2672 3431 2726 uni—

1821 2794 1963 2845 eam,
1988 2792 2107 2845 qua:
2154 2786 2239 2831 est
2268 2776 2506 2828 humana
2552 2781 2778 2829 natura.
2812 2778 2867 2822 et
2906 2769 3109 2836 gaudet
3138 2779 3306 2832 super
3334 2762 3427 2817 illa

1825 2869 1997 2937 magis
2032 2882 2193 2935 quam
2223 2866 2274 2919 in
2309 2864 2627 2934 angelorum
2659 2859 2937 2914 ﬁrmitate.
2971 2856 3026 2910 In
3070 2870 3283 2912 summa
3328 2868 3431 2907 au-

1825 2970 1931 3016 tem
1967 2962 2069 3016 hoc
2102 2960 2369 3023 insinuat,
2405 2956 2548 3027 quod
2586 2955 2729 3010 Deus
2758 2969 2949 3008 curam
2981 2938 3430 3021 agitconversio—

1825 3052 1911 3106 nis
1947 3062 2318 3120 peccatorum,
2346 3057 2395 3103 et
2426 3048 2624 3119 gaudet
2666 3061 2828 3115 super
2868 3045 2973 3099 illis
3041 3044 3218 3113 magis
3265 3057 3429 3111 quam

1746 3149 1788 3207 C
1825 3142 1910 3197 his
1932 3142 2023 3211 qui
2061 3140 2242 3196 stabili
2276 3137 2479 3193 virtute
2510 3136 2720 3205 prxtliti
2767 3144 2915 3188 sunt.

1893 3230 2057 3285 Vsus.
2100 3230 2292 3284 15-17.
2333 3246 2352 3279 ι
2395 3226 2451 3281 Si
2486 3235 2669 3279 autem
2721 3222 3035 3291 peccaverit
3066 3223 3119 3275 in
3177 3229 3232 3275 te
3265 3222 3433 3275 frater

1822 3335 1965 3387 tuus,
1996 3322 2129 3377 vade
2156 3332 2209 3377 et
2236 3336 2405 3398 argue
2430 3319 2582 3373 illum
2615 3318 2759 3372 inter
2792 3327 2842 3372 te
2870 3326 2922 3372 et
2958 3316 3107 3370 illum
3132 3315 3331 3369 solum.
3370 3296 3429 3369 Si

1824 3426 1874 3469 te
1898 3413 2152 3473 audierit.
2191 3412 2432 3465 lucratus
2463 3423 2526 3463 es
2560 3408 2785 3461 fratrem
2817 3418 2993 3460 tuum.
3026 3404 3082 3460 Si
3110 3416 3292 3458 autem
3321 3420 3432 3458 non

1826 3507 2081 3569 audierit,
2108 3518 2324 3559 assume
2344 3513 2520 3557 tecum
2557 3502 2738 3555 adhuc
2769 3516 2933 3554 unum
2965 3499 3045 3553 vel
3073 3500 3210 3552 duos
3241 3514 3255 3551 :
3288 3504 3348 3549 ut
3377 3496 3430 3549 in

1826 3615 1922 3653 ore
1956 3600 2187 3653 duorum
2230 3594 2317 3649 vel
2352 3594 2517 3648 trium
2552 3593 2773 3646 testium
2820 3600 2934 3646 stet
2969 3603 3133 3645 omne
3184 3587 3433 3642 verbum.

1827 3690 1982 3757 Quod
2012 3692 2055 3745 si
2092 3704 2196 3743 non
2236 3687 2469 3741 audierit
2494 3685 2635 3749 illos,
2665 3685 2751 3739 die
2780 3683 3059 3737 Ecclesia}.
3111 3682 3207 3735 Sin
3242 3680 3451 3735 Ecele-.

1830 3787 1968 3838 siam
1996 3794 2212 3850 quoque
2244 3794 2347 3833 non
2386 3777 2645 3842 audierit,
2682 3776 2754 3831 sit
2787 3776 2883 3828 tibi
2925 3776 3071 3829 velut
3097 3773 3352 3828 ethnicus
3380 3784 3442 3826 et

1831 3876 2173 3944 publicanus.
2224 3889 2243 3923 ι
2275 3868 2597 3924 Sermonem
2618 3880 2809 3922 contra
2838 3864 3225 3922 oﬂ'endiculum
3241 3863 3435 3919 dantes

1831 3964 1989 4019 valde
2009 3962 2333 4017 extenderat
2361 3980 2372 4013 :
2412 3976 2558 4015 nunc
2584 3969 2634 4012 et
2664 3974 2761 4014 eos
2786 3959 2876 4028 qui
2909 3956 3437 4020 oﬂ'enduutur,cor-

1834 4056 1979 4124 rigit.
2014 4055 2082 4118 Ut
2105 4056 2251 4109 enim
2287 4064 2341 4106 tu
2374 4052 2464 4121 qui
2492 4050 2784 4105 offenderis
2832 4065 2936 4103 IlOlI
2974 4049 3203 4102 omnino
3244 4048 3433 4111 cadas,

1835 4148 1958 4212 quia
1988 4144 2350 4197 olfendentetn
2381 4156 2458 4195 va:
2491 4140 2957 4195 habiturutndixit
2985 4156 2998 4193 :
3036 4140 3158 4191 volo
3186 4148 3239 4193 et
3270 4148 3319 4191 te
3341 4137 3435 4205 qui

1834 4235 2149 4298 oil’endcris,
2178 4238 2281 4287 hoc
2309 4242 2411 4297 est,
2432 4233 2670 4296 l:eder'.s,
2698 4231 2813 4303 96
2838 4246 3071 4302 arguere
3119 4244 3217 4285 eos
3249 4228 3339 4297 qui
3388 4238 3441 4283 te

1839 4330 2032 4398 injuria
2063 4329 2373 4384 alliciuntet
2400 4341 2620 4391 nocent,
2651 4330 2693 4383 si
2732 4326 3273 4382 fuerintChristiani.
3301 4322 3440 4378 Vtile

1839 4424 1980 4476 enim
1995 4425 2123 4492 quid
2138 4423 2309 4475 dicat:
2328 4422 2383 4475 Si
2401 4421 2709 4491 peccaverit
2730 4421 2781 4473 iu
2803 4429 2853 4472 te
2869 4416 3041 4473 frater
3058 4418 3313 4483 tuus,hoc
3330 4428 3437 4479 est,

138 4500 233 4562 (im
258 4506 613 4579 Χριστιανοί.
648 4508 790 4578 Ὅρα
819 4508 928 4576 γὰρ
956 4507 1007 4559 τί
1045 4506 1212 4576 λέγει·
1245 4508 1373 4561 Ἐὰν
1397 4509 1619 4579 ἁμάρτῃ
1648 4512 1718 4573 εξς

1835 4512 2418 4570 ΟΙιτὶειίειηυεΕιειιίιη
2434 4531 2479 4567 st
2496 4523 2547 4566 te
2560 4512 2778 4582 quidam
2799 4510 3226 4579 nonbaptizatns
3242 4506 3438 4577 injuria

143 4602 198 4655 σὺ
225 4605 252 4656 6
280 4601 520 4669 ἀδελφός
558 4617 654 4653 σου
677 4642 691 4665 ,
720 4600 1023 4665 τουτέστιν,
1057 4603 1086 4654 6
1134 4602 1483 4671 Χριστιανός.
1536 4603 1598 4655 Εἰ
1633 4603 1732 4672 μὲν

144 4696 244 4765 γὰρ
275 4696 516 4756 ἄπιστος
545 4693 759 4758 ἀδικεῖ,
790 4692 912 4746 τότε
940 4693 1269 4757 ὑπεξίστασο
1292 4694 1387 4748 καὶ
1415 4693 1523 4747 τῶν
1560 4712 1733 4765 προσ-

142 4788 303 4839 όντων
340 4803 443 4839 σοι.
495 4783 561 4837 Εἰ
616 4784 674 4837 δὲ
733 4784 961 4851 ἀδελφὸς
986 4825 999 4847 ,
1040 4785 1232 4855 ἔλεγχε
1269 4788 1458 4839 τοῦτον
1484 4803 1496 4815 ⁸
1538 4788 1597 4840 οὺ
1626 4788 1734 4857 γὰρ

146 4873 613 4947 εἷκεν,’Υϐρισον,
636 4876 775 4941 ἀλλ’,
805 4877 1084 4944 Ἐλεγξον.
1103 4876 1232 4931 Ἐάν
1251 4895 1343 4930 σου
1360 4879 1593 4953 ἀκούσῃ,
1610 4898 1734 4933 του-

146 4970 304 5035 τέστι,
330 4967 601 5038 καταγνῷ
623 4967 819 5021 ἑαυτοῦ
844 4984 859 4999 ο
892 4968 999 5038 ἰδίᾳ
1026 4970 1136 5038 γὰρ
1173 4968 1317 5022 θέλει
1350 4970 1569 5038 πρῶτον
1607 4972 1734 5034 τοὺς

148 5061 566 5133 ἁμαρτάνοντας
601 5061 949 5131 ἐλεγχθῆναι,
1004 5063 1089 5115 ἵνα
1124 5062 1200 5133 μὴ
1245 5062 1477 5117 ἐνώπιον
1522 5064 1736 5119 πολλῶν

151 5153 523 5225 ἰλεγχθέντες,
564 5154 939 5223 ἀναιδέστεροι
968 5156 1236 5223 γένωνται
1258 5173 1270 5185 ·
1294 5158 1392 5211 ἐὰν
1424 5158 1480 5211 δὲ
1512 5160 1606 5211 καὶ
1644 5160 1736 5211 ἐπὶ

153 5247 235 5301 δύο
268 5248 575 5318 μαρτύρων
624 5247 656 5316 ἢ
704 5247 873 5315 τριῶν
936 5246 1217 5317 ἐλεγχθεὶς
1281 5249 1356 5318 μὴ
1410 5250 1733 5321 δυσωπηθῇ,

154 5343 258 5393 τότε
294 5344 390 5395 uti.
408 5339 525 5394 τῶν
550 5339 650 5406 τῆς
694 5338 1025 5408 Ἐκκλησίεις
1054 5338 1335 5408 προέδρων
1373 5339 1437 5409 δη
1450 5341 1737 5407 μοσίευσον

158 5435 208 5485 ’.δ
237 5437 512 5502 πταῖσμα.
566 5431 720 5483 Ἐπεὶ
744 5431 853 5500 γὰρ
881 5432 981 5483 οὐκ
1002 5432 1201 5501 ἢκουσε
1229 5430 1336 5483 τῶν
1368 5432 1515 5503 δύοῆ
1546 5435 1734 5503 τριῶν,

160 5526 383 5593 καίτοιγε
417 5528 447 5578 6
467 5523 636 5594 νόμος
662 5522 835 5589 λέγει,
861 5522 949 5574 ἵνα
979 5520 1175 5575 ὲπὶδὺο
1203 5522 1497 5594 μαρτύρων
1517 5529 1548 5595 ἢ
1566 5524 1736 5594 τριῶν

163 5614 378 5679 ἵσταται,
419 5618 675 5669 τουτέστι
722 5614 1061 5684 βεϐαιοῦται,
1126 5616 1233 5668 πᾶν
1280 5616 1452 5686 ῥῆμα,
1500 5618 1603 5670 ὑπὸ
1638 5618 1738 5688 τῆς

173 5704 487 5776 Ἐκκλησίας
512 5704 701 5759 λοιπὸν
733 5705 1164 5775 σωφρονισθήτω
1195 5721 1208 5736 ο
1241 5704 1337 5757 ἐὰν
1364 5706 1419 5759 δὲ
1455 5708 1575 5760 οἶδὲ
1606 5710 1737 5763 ταύ-

165 5811 243 5867 της
264 5799 499 5871 ἀκούσῃ,
538 5798 660 5853 τότε
692 5796 837 5851 ἔστω
862 5797 1169 5867 ἀπόϐλητος
1196 5839 1207 5863 ,
1244 5797 1327 5853 ἴνι
1355 5799 1429 5871 μὴ
1460 5800 1559 5871 τῆς
1604 5801 1739 5867 ἰδίας

1836 4608 2056 4671 alliciat,
2087 4616 2217 4660 tunc
2264 4606 2369 4661 illis
2402 4607 2566 4663 etiam
2598 4620 2719 4673 qua:
2766 4615 2855 4658 tua
2892 4612 3017 4658 sunt
3058 4601 3333 4655 renuntia.
3379 4598 3439 4653 Si

1836 4702 2023 4766 frater,
2056 4715 2226 4769 argue
2253 4697 2569 4765 illum.pNon
2594 4698 2739 4752 enim
2774 4698 2933 4759 dixit,
2961 4694 3307 4754 Conviciare.
3340 4694 3439 4747 sed

1835 4794 2035 4863 Argue.
2092 4791 2149 4846 Si
2184 4802 2235 4845 te
2277 4792 2530 4855 audierit,
2572 4792 2676 4845 hoc
2716 4798 2834 4855 est,
2871 4789 3251 4842 condemnarit
3298 4783 3442 4855 scip-

1837 4901 1976 4941 Sutn.
2004 4885 2259 4940 Privatim
2294 4884 2441 4939 enim
2484 4884 2595 4936 vult
2618 4883 2851 4951 primttm
2875 4887 3167 4949 peccantes
3187 4879 3363 4947 argui,
3381 4888 3441 4930 ut

1839 4990 1907 5030 ne
1924 4991 2107 5029 coram
2135 4974 2322 5028 multis
2343 4974 2617 5043 redarguti
2646 4974 2715 5024 im
2728 4971 3083 5039 pudentiores
3108 4968 3260 5021 ﬂant.
3282 4966 3440 5033 Quod

1837 5066 1881 5118 si
1911 5078 1961 5118 te
1996 5080 2101 5118 non
2126 5065 2381 5127 audierit,
2406 5076 2459 5118 et
2488 5078 2611 5118 cum
2642 5062 2853 5116 duobus
2887 5062 2969 5116 vel
3003 5060 3177 5114 tribus
3207 5060 3441 5114 teStibus

1837 5158 2105 5229 argueris,
2140 5171 2206 5211 ne
2229 5157 2475 5225 graveris
2504 5166 2633 5211 tunc
2679 5154 2943 5209 Ecclesia:
2988 5152 3315 5223 prmsidibus
3346 5152 3437 5205 in-

1837 5250 2059 5319 vnlgare
2112 5259 2416 5318 peccatum.
2462 5249 2599 5315 Quia
2645 5248 2795 5302 enim
2830 5262 2936 5301 non
2992 5244 3145 5298 audit
3185 5244 3319 5297 duos
3354 5242 3440 5295 vel

1839 5352 1947 5395 tres
1965 5346 2377 5411 retlargnentes,
2395 5341 2647 5410 quamvis
2667 5339 2753 5394 lex
2768 5339 2913 5393 dicat
2940 5346 2997 5390 ut
3018 5337 3069 5390 in
3092 5349 3185 5389 ore
3203 5333 3439 5387 duorum

1839 5435 1925 5488 vel
1962 5436 2123 5488 trium
2159 5434 2376 5489 testium
2428 5434 2720 5496 subsistat,
2766 5431 2819 5485 id
2859 5439 2964 5494 est,
3001 5428 3248 5480 firmetur
3277 5438 3439 5478 omne

1840 5526 2088 5591 verbum,
2118 5528 2185 5580 ab
2221 5524 2465 5579 Ecclesia
2494 5533 2681 5592 postea
2708 5522 3033 5591 castigetur.
3072 5516 3220 5572 Illam
3255 5524 3437 5569 autem

1839 5619 1883 5672 si
1934 5634 2037 5673 non
2080 5618 2335 5683 audierit,
2393 5625 2521 5671 tunc
2580 5615 2899 5685 abjiciatur,
2932 5628 3000 5667 ne
3042 5627 3156 5669 suae
3207 5608 3433 5665 malitias

1841 5712 2134 5779 participes
2165 5712 2332 5766 faciat
2374 5710 2531 5766 alios.
2564 5706 2854 5765 Assimilat
2910 5715 3093 5760 autem
3138 5702 3438 5774 publicanis

1847 5804 1981 5860 tales
2018 5802 2236 5860 fratres.
2285 5803 2587 5860 lnfamatur
2614 5800 2761 5857 enim
2806 5802 2876 5856 ob
2912 5800 3170 5872 pecunias
3202 5794 3432 5867 publica-
