4004 6422
640 407 748 474 343

1517 401 2098 475 THEOPHYLAC‘I‘I
2140 398 2556 462 BULGARI'IE
2595 394 2951 457 ARCHIEP.

3774 391 3879 460 3U

638 529 767 572 nus.
816 511 1125 569 Consolatio
1158 518 1340 568 autem
1372 508 1431 564 lit
1466 508 1694 575 offenso,
1727 509 1923 577 injuria
1959 507 2201 564 allicien-

2314 506 2507 566 κακίας
2540 502 2758 573 μεταδῷ
2790 501 2881 555 καὶ
2906 502 3020 563 τοῖς
3061 498 3266 562 ἄλλοις.
3302 498 3635 568 Παρεικάζει
3668 498 3725 551 δὲ
3776 504 3892 561 τοῖς

642 616 749 661 tem
804 603 1147 674 publicanum
1195 601 1491 656 existimari
1552 610 1605 656 et
1658 602 1935 672 gentilem,
1974 603 2078 659 hoc
2122 610 2203 656 est

637 707 971 769 peccatorem
998 703 1051 749 et
1074 692 1432 749 incredulum.
1460 691 1710 762 Nunquid
1745 705 1924 748 autem
1956 695 2069 747 haec
2092 693 2203 747 sola

638 787 889 857 injuriam
922 784 1171 845 facientis
1198 798 1360 856 paena
1384 783 1409 841 ἲ
1437 782 1677 840 Minime.
1714 783 1819 839 Sed
1852 783 1973 839 audi
2003 792 2059 838 et
2087 796 2205 853 quae

636 887 951 949 sequuntur.

706 1187 869 1245 Vsus.
913 1189 1001 1244 18.
1046 1208 1065 1241 ι
1095 1191 1263 1244 Amen
1296 1190 1418 1245 dico
1445 1190 1617 1255 vobis,
1654 1202 1986 1260 quacunque
2014 1188 2202 1258 alliga-

632 1279 821 1334 veritis
846 1295 1009 1349 super
1044 1289 1264 1343 terram,
1298 1292 1453 1336 erunt
1483 1282 1642 1350 ligata
1668 1282 1720 1336 in
1758 1282 1896 1337 coelo
1923 1298 1937 1335 :
1969 1289 2022 1335 et
2054 1294 2200 1349 (μιξε-

633 1383 846 1437 cunque
888 1370 1160 1426 solveritis
1218 1387 1380 1440 super
1426 1380 1656 1439 terram,
1713 1381 1872 1427 erunt
1921 1371 2091 1427 soluta
2145 1372 2197 1424 in

633 1461 794 1515 rmio.
836 1478 854 1511 ι
900 1459 955 1514 Si
982 1471 1058 1525 tu,
1109 1463 1317 1531 inquit,
1347 1463 1625 1530 oﬂ‘ensus,
1673 1463 1837 1519 babes
1862 1477 1986 1517 eum
2022 1462 2110 1531 qui
2150 1471 2200 1517 te

634 1548 831 1617 injuria
888 1548 1069 1604 aifecit
1108 1551 1245 1605 sicut
1290 1551 1633 1619 publicanum
1670 1562 1723 1606 et
1756 1552 2048 1623 gentilem,
2094 1552 2200 1607 erit

632 1640 723 1693 ille
752 1649 804 1695 et
835 1640 885 1694 in
918 1642 1057 1695 coelo
1090 1643 1230 1697 talis.
1260 1642 1314 1698 Si
1346 1654 1526 1699 autem
1565 1644 1791 1701 solveris
1816 1660 1962 1709 eum,
1986 1645 2087 1699 hoc
2119 1653 2202 1700 est

633 1729 926 1799 ignoveris,
954 1732 1059 1786 erit
1088 1734 1139 1788 ei
1169 1743 1223 1790 et
1253 1735 1306 1788 in
1341 1736 1479 1788 ραιὶο
1504 1736 1885 1790 condenatum.
1915 1734 2028 1791 Non
2055 1736 2197 1791 enim

632 1822 809 1876 solum
850 1838 970 1892 quae
1018 1824 1233 1880 solvunt
1280 1827 1627 1892 sacerdotes,
1683 1839 1808 1881 sunt
1849 1827 2068 1884 soluta:
2106 1828 2197 1883 sed
2229 1858 2276 1917 Β

634 1928 969 1984 qitzccunque
1014 1926 1067 1971 et
1118 1933 1214 1973 nos
1262 1919 1453 1988 injuria
1498 1918 1670 1973 aﬂ'ecti
1705 1919 1789 1974 vel
1825 1920 2088 1989 ligamus,
2117 1920 2200 1975 vel

633 2005 911 2067 solvimus.
950 2016 1004 2062 et
1048 2010 1161 2079 ipsa
1190 2022 1347 2065 erunt
1398 2011 1559 2082 ligata
1598 2010 1684 2067 vel
1722 2012 1917 2067 soluta.

706 2134 865 2193 Vens.
902 2138 986 2202 l9,
1012 2139 1101 2193 20.
1142 2159 1159 2191 ι
1183 2138 1412 2207 Rursus,
1439 2158 1593 2197 amen
1624 2144 1749 2197 dico
1781 2143 1957 2207 vobis,
1989 2142 2130 2212 quod
2155 2143 2201 2197 si

632 2232 740 2285 duo
781 2247 847 2285 ex
903 2232 1051 2287 vobis
1082 2235 1459 2289 consenserint
1509 2250 1672 2304 super
1700 2243 1925 2299 terram,
1958 2236 2025 2288 de
2052 2234 2199 2289 omni

635 2337 693 2375 rc
723 2336 1095 2390 quamcunque
1136 2324 1413 2393 petierint,
1446 2325 1539 2378 {iet
1578 2325 1683 2379 illis
1713 2340 1739 2379 a
1771 2325 1934 2381 Patre
1967 2340 2084 2380 meo
2107 2326 2197 2394 qui

633 2421 716 2463 Cal
744 2412 794 2464 in
823 2413 993 2468 caelis.
1023 2414 1125 2469 Ubi
1152 2416 1300 2468 enim
1342 2425 1471 2470 sunt
1502 2417 1607 2471 duo
1635 2417 1713 2470 vel
1746 2426 1855 2472 tres
1891 2418 2197 2487 congregati

634 2501 686 2551 in
721 2501 938 2556 nomine
966 2518 1110 2565 meo,
1150 2504 1256 2557 illic
1288 2519 1406 2558 sum
1437 2506 1486 2558 in
1521 2505 1697 2559 medio
1732 2506 1965 2560 illorum.
2002 2525 2021 2559 ι
2056 2507 2201 2561 Con-

632 2603 818 2660 gregat
861 2609 957 2649 nos
990 2597 1139 2650 hisce
1181 2598 1363 2653 verbis
1402 2599 1469 2651 ad
1508 2598 1850 2653 charitatem.
1887 2599 2021 2665 Quia
2056 2602 2198 2653 enim

630 2684 907 2750 prohibuit
959 2702 1025 2741 ne
1083 2696 1324 2741 mutuum
1371 2688 1808 2754 offenderamus,
1866 2705 2008 2744 nunc
2052 2692 2203 2744 etde

632 2786 816 2829 mutua
848 2780 1138 2833 concordia
1171 2780 1320 2834 dicit.
1371 2782 1687 2837 Concordes
1717 2792 1891 2835 autem
1924 2782 2199 2846 dicuntur,

631 2882 738 2922 non
767 2867 856 2937 qui
895 2868 951 2923 in
996 2869 1194 2924 malum
1222 2874 1594 2937 conveniunt,
1630 2871 1722 2928 sed
1760 2871 1856 2942 qui
1892 2871 1944 2927 in
1977 2872 2196 2929 bonum.

630 2959 766 3014 Vide
798 2962 941 3015 enim
975 2963 1101 3031 quid
1145 2964 1287 3017 dicat
1318 2982 1331 3017 :
1384 2963 1439 3017 Si
1473 2965 1579 3018 duo
1608 2979 1671 3018 ex
1723 2966 1903 3029 vobis,
1956 2966 2055 3018 boc
2096 2976 2197 3031 est,

631 3054 980 3109 credentibus
1015 3063 1070 3107 et
1134 3055 1329 3108 virtute
1407 3055 1665 3123 praeditis.
1744 3054 2201 3125 Conspiraverunt

632 3145 773 3197 enim
805 3146 1063 3200 etAnnas
1092 3160 1154 3199 ac
1181 3144 1437 3214 Caiphae,
1471 3150 1563 3201 sed
1608 3147 1772 3200 male.
1810 3148 1876 3201 Et
1910 3148 2197 3216 prepterea
2227 3187 2273 3248 ϐ

633 3252 772 3303 serpe
803 3246 1086 3305 precantes
1115 3254 1221 3291 non
1251 3238 1565 3307 accipimus,
1593 3255 1658 3294 eo
1680 3240 1821 3308 quod
1860 3249 2043 3293 mutua
2072 3255 2201 3294 con-

635 3328 819 3381 cordia
856 3342 1127 3383 caremus.
1169 3327 1286 3383 Non
1330 3330 1698 3395 dixitautem,
1728 3330 1881 3401 Ero(
1916 3346 2021 3384 non
2055 3332 2200 3386 enim

635 3417 837 3481 tardat,
874 3418 953 3471 vel
988 3418 1321 3487 cunctatur),
1356 3420 1449 3473 sed
1487 3418 1641 3482 Sunt,
1679 3420 1780 3473 hoc
1807 3430 1923 3485 est,
1952 3421 2062 3487 jam
2096 3421 2205 3474 illic

636 3507 904 3561 invenior.
938 3508 1212 3576 lntelligas
1249 3509 1374 3563 item
1411 3511 1553 3579 quod
1588 3511 1802 3575 quando
1853 3512 2202 3579 conspirave-

638 3593 745 3645 rint
796 3594 1015 3661 Spiritus
1045 3605 1099 3649 et
1134 3612 1299 3660 caro,
1353 3606 1409 3652 et
1456 3613 1562 3653 non
1598 3600 1966 3668 concupiverit
2015 3610 2204 3655 contra

636 3684 884 3752 spiritum
910 3700 1061 3750 caro,
1098 3697 1223 3742 tunc
1261 3690 1361 3743 erit
1387 3690 1438 3742 in
1470 3691 1647 3745 medio
1674 3690 1955 3746 Dominus.
1981 3690 2209 3761 Conspi-

643 3786 765 3828 rant
794 3786 971 3830 autem
997 3788 1051 3831 et
1084 3788 1193 3833 tres
1216 3781 1446 3835 virtutes
1477 3782 1691 3844 animae,
1726 3783 2008 3836 rationalis
2030 3823 2042 3844 ,
2085 3784 2211 3836 ira-

645 3867 861 3931 scitiva,
904 3876 957 3921 et
995 3868 1374 3923 desiderativa.
1415 3871 1518 3925 Sed
1552 3881 1779 3926 etvetus
1807 3887 1868 3926 ac
1895 3887 2029 3927 nova
2062 3873 2209 3943 leges

636 3958 974 4026 conspirant,
1028 3960 1408 4030 inveniturque
1460 3964 1509 4015 in
1559 3963 1735 4017 medio
1763 3963 2001 4033 ipsarum
2050 3963 2210 4018 Chri-

636 4058 751 4103 stus
780 4051 846 4103 ab
875 4061 1101 4119 utraque
1141 4054 1486 4120 prwdiralus.

716 4335 873 4389 Vens.
892 4336 983 4399 21,
1004 4336 1093 4389 22.
1117 4357 1135 4387 ‹
1172 4338 1320 4394 Tunc
1348 4342 1608 4395 accedens
1624 4341 1732 4412 97
1768 4343 1959 4399 Petrus
1984 4345 2049 4398 ad
2068 4360 2211 4409 eum,

2316 592 2575 654 τελώναις
2618 589 2749 653 τοὺς
2795 586 3072 651 τοιούτους
3125 586 3389 655 ἀδελφοὺς
3442 586 3891 658 (διαϐεϐλημένον

2314 685 2422 753 γάρ
2448 701 2499 736 τι
2526 681 2629 753 χρῆ
2641 698 2713 749 μα
2742 684 2770 733 6
2788 679 3047 751 τελώνης)
3070 697 3086 712 ο
3135 678 3461 749 παραμυθία
3490 680 3549 732 δὲ
3565 679 3673 750 κτῷ
3699 680 3890 750 ἠδικη-

2317 776 2484 845 μένῳ,
2540 772 2598 826 τὸ
2656 772 2745 826 τὸν
2791 772 3079 825 ἀδικοῦντα
3120 770 3360 840 τελώνην
3414 770 3734 840 νομίζεσθαι
3794 771 3892 823 καὶ

2314 865 2546 930 ἐΟνικὸν,
2586 864 2864 917 τουτέστιν
2910 862 3234 933 ἁμαρτωλὸν
3266 862 3362 914 καὶ
3411 862 3657 915 ἄπιστον.
3716 861 3891 915 Τοῦτο

2312 957 2403 1013 οὖν
2429 958 2586 1028 μόνον
2614 957 2835 1019 κόλασις
2868 956 2961 1009 τοῦ
2983 954 3302 1019 ἀδικοῦντος
3324 972 3338 1021 ;
3361 955 3513 1025 Οὐχί.
3560 955 3699 1008 Ἀλλ’
3717 956 3890 1011 ἀκουε

2312 1047 2404 1101 καὶ
2430 1046 2535 1100 τῶν
2570 1045 2717 1116 ἑξῆς.

2386 1180 2403 1212 ι
2456 1161 2627 1232 ’Δμὴν
2653 1159 2800 1230 λέγω
2827 1162 2977 1232 ὑμῖν,
3018 1162 3119 1216 ὅσα
3147 1161 3243 1215 ὲάν
3266 1162 3470 1232 δήσητε
3498 1162 3591 1214 ἐπὶ
3626 1160 3729 1231 τῆς
3758 1160 3891 1229 γῆς.

2311 1248 2466 1303 ἔσται
2492 1249 2751 1319 δεδεμένα
2794 1249 2852 1303 ἐν
2890 1248 2969 1318 τῷ
2996 1247 3234 1320 οὐρανῷ,
3284 1248 3378 1301 καὶ
3420 1247 3518 1300 ὅσα
3558 1246 3654 1298 ἐὰν
3681 1245 3891 1315 λύσητε

2308 1343 2402 1395 ἐπὶ
2430 1341 2527 1411 τῆς
2557 1340 2681 1411 γῆς,
2718 1340 2871 1393 ἔσται
2912 1338 3180 1410 λελυμένα
3209 1340 3269 1392 ιν
3311 1337 3389 1406 τῷ
3419 1334 3648 1408 οὐρανῷ.
3691 1354 3709 1387 ›
3755 1336 3893 1389 Ἐἀν

2309 1433 2397 1498 σύ,
2425 1432 2653 1502 φησὶν,ὁ
2676 1430 2975 1501 ἀδικηθεὶς,
3017 1430 3151 1502 ἔχῃς
3173 1432 3249 1494 ὡς
3280 1429 3519 1499 τελώνην
3541 1426 3635 1481 καὶ
3670 1427 3893 1481 ὲθνικὸν

2306 1526 2396 1577 τὸν
2430 1522 2737 1588 ἀδικοῦντα,
2764 1523 2915 1575 ἐσται
2931 1524 3025 1576 καλ⁵
3049 1524 3104 1574 ἐν
3127 1522 3202 1593 τῷ
3228 1521 3439 1591 οὐρανῷ
3463 1519 3721 1581 τοιοῦτος.
3757 1517 3891 1570 Ἐἀν

2308 1617 2365 1670 δὲ
2408 1617 2577 1687 λύσῃς
2620 1615 2823 1680 αὐτὸν,
2858 1616 3100 1669 τουτέστι
3153 1615 3536 1685 συγχωρήσῃς,
3577 1612 3731 1665 ἔσται
3792 1612 3893 1663 καὶ

2308 1710 2366 1763 ὲν
2410 1706 2489 1778 τῷ
2516 1708 2730 1779 οὐρανῷ
2761 1706 3257 1776 συγκεχωρημένος
3288 1721 3301 1733 ·
3338 1705 3401 1758 οὐ
3436 1704 3544 1774 γὰρ
3579 1703 3741 1773 μόνον
3783 1703 3891 1756 ὅσα

2306 1803 2524 1855 λύουσιν
2556 1803 2605 1854 oi
2640 1802 2825 1872 ἱερεῖς,
2854 1800 2964 1851 eiei.
2988 1798 3278 1869 λελυμένα,
3311 1796 3429 1851 ἀλλ’
3456 1798 3557 1851 ὅσα
3596 1793 3691 1849 καὶ
3723 1795 3893 1864 ἡμεῖς

2305 1894 2356 1946 οί
2396 1891 2794 1961 ἀδικηθέντεςῆ
2830 1888 3141 1960 δεσμώμεν
3168 1888 3201 1958 ἢ
3235 1887 3455 1959 λύομεν,
3480 1883 3704 1940 κάκεῖνα
3730 1885 3893 1937 ἔσται

2304 1986 2563 2055 δεδεμένα
2613 1980 2646 2054 ἢ
2679 1982 2970 2051 λελυμένα.

2383 2143 2411 2176 ι
2438 2124 2629 2187 Πάλιν,
2658 2122 2804 2191 ἀμὴν
2834 2119 2977 2187 λέγω
3001 2119 3150 2189 ὑμῖν,
3182 2117 3265 2171 ὅτι
3311 2116 3405 2169 ὲάν
3426 2115 3519 2169 δύο
3558 2113 3712 2184 ὑμῶν
3740 2130 3893 2181 συμ-

2304 2218 2624 2286 φωνήσωσιν
2649 2216 2741 2266 ἐπὶ
2773 2214 2870 2279 τῆς
2894 2212 3017 2280 γῆς,
3056 2211 3184 2280 περὶ
3217 2207 3417 2269 παντὸς
3448 2207 3775 2275 πράγματος
3827 2199 3892 2259 οὗ

2304 2308 2402 2359 ὲάν
2434 2308 2789 2374 αἰτήσωνται,
2827 2304 3119 2374 γενήσεται
3149 2301 3333 2364 αὐτοῖς
3363 2300 3511 2369 παρά
3545 2298 3638 2351 τοῦ
3673 2296 3893 2366 Πατρός

2308 2415 2409 2467 μου
2434 2397 2529 2449 τοῦ
2557 2399 2613 2449 ἐν
2638 2396 2885 2465 οὐρανοῖς
2915 2410 2929 2425 ·
2960 2386 3021 2445 οὐ
3061 2392 3168 2461 γάρ
3200 2393 3305 2444 εἱσι
3330 2389 3435 2458 ,δύο
3490 2389 3522 2458 ἢ
3578 2390 3727 2458 τρεῖς
3755 2403 3860 2439 συν

2301 2488 2530 2558 ηγμένοι
2555 2489 2632 2549 είς
2648 2488 2710 2539 τὸ
2737 2487 2869 2555 ὲμδν
2894 2487 3086 2554 ὄνομα,
3107 2484 3354 2552 ὲκεῖεἱμι
3381 2482 3438 2533 ὲν
3462 2480 3612 2549 μέσῳ
3632 2478 3839 2531 αὐτῶν.
3869 2498 3887 2528 ι

2304 2579 2537 2646 Συνάγει
2589 2580 2737 2647 ἡμᾶς
2771 2576 2860 2629 διὰ
2907 2576 3015 2628 τῶν
3047 2574 3307 2627 τοιούτων
3338 2572 3601 2642 ῥημάτων
3650 2571 3730 2631 είς
3782 2569 3889 2635 τὴν

2310 2673 2531 2741 ἀγάπην
2568 2688 2582 2704 ο
2618 2670 2738 2722 ἐπεὶ
2780 2668 2887 2737 γὰρ
2940 2667 3213 2720 ἐκώλυσεν
3247 2666 3397 2733 ἡμᾶς
3451 2661 3558 2715 ἀπὸ
3583 2661 3676 2714 τοῦ
3719 2675 3895 2712 σκαν-

2304 2763 2540 2826 δαλίζειν
2569 2761 2852 2830 ἀλλήλους,
2908 2760 3003 2812 καὶ
3060 2758 3319 2828 βλάπτειν
3366 2755 3461 2810 καὶ
3516 2753 3890 2835 βλάπτεσθαι,

2303 2855 2397 2907 νῦν
2426 2854 2571 2920 λέγει
2608 2854 2702 2905 καὶ
2743 2852 2871 2921 περί
2922 2851 3020 2920 τῆς
3055 2850 3193 2921 πρὸς
3241 2848 3501 2918 ἀλλήλους
3534 2846 3891 2915 συμφωνίας.

2302 2944 2724 3017 Συμφωνούντες
2759 2942 2815 2997 δὲ
2855 2940 3099 2997 νοοῦνται
3132 2942 3237 3013 οὐχ
3288 2941 3336 2995 οἱ
3368 2938 3460 2994 ἐπὶ
3492 2936 3651 3009 κακῷ
3692 2951 3895 3007 συνερ-

2302 3040 2541 3108 χόμενοι,
2570 3036 2684 3089 ἀλλ’
2707 3038 2756 3089 οἱ
2795 3037 2880 3089 ἐπ’
2914 3033 3125 3104 ἀγαθῷ.
3154 3035 3295 3103 Ὅρα
3326 3032 3433 3102 γὰρ
3455 3030 3507 3084 τί
3548 3026 3721 3083 εἶπεν·
3756 3030 3892 3082 Ἐὰν

2302 3133 2395 3185 δύο
2427 3131 2603 3201 ὑμῶν,
2649 3128 2894 3182 τουτέστι
2942 3128 3051 3180 τῶν
3100 3126 3488 3189 πιστευόντων,
3526 3124 3635 3177 τῶν
3687 3124 3894 3190 ὲναρέο

2302 3240 2409 3277 των
2443 3240 2457 3254 ·
2492 3221 2875 3290 συνεφώνησαν
2917 3220 3023 3290 γὰρ
3077 3218 3172 3270 καὶ
3206 3219 3404 3281 Ἀννας
3458 3216 3553 3267 καὶ
3604 3214 3893 3281 Καϊάφας,

2304 3315 2442 3368 ἀλλά
2472 3312 2689 3382 ψεκτῶς
2718 3329 2731 3343 ·
2765 3312 2903 3364 ὥστε
2927 3310 3014 3363 διά
3047 3308 3204 3361 τοῦτο
3224 3308 3485 3369 πολλάκις
3514 3304 3807 3374 εὐχόμενοι
3830 3305 3893 3355 οὐ

2308 3404 2681 3473 λαμϐάνομεν,
2738 3403 2872 3455 διότι
2920 3401 3040 3454 οὐδὲ
3082 3398 3405 3469 συμφωνίαν
3441 3397 3576 3466 πρὸς
3614 3394 3895 3465 ἀλλήλους

2314 3497 2531 3564 ἔχομεν.
2554 3494 2667 3547 Οὐκ
2694 3488 2814 3544 εἷπε
2831 3490 2906 3553 δὲ,
2928 3491 3009 3543 ὅτι
3042 3490 3276 3558 Ἐσομαι
3299 3504 3311 3518 ·
3334 3488 3394 3540 οὐ
3424 3489 3533 3556 -ίάρ
3561 3484 3747 3555 μέλλει
3769 3483 3899 3536 οὐδὲ

2310 3583 2586 3656 βραδύνει·
2611 3580 2762 3645 ἀλλ’,
2799 3580 2949 3649 Είμὶ,
2973 3573 3484 3643 τουτέστιν,ξαύτίκα
3501 3573 3616 3625 ἐκεῖ
3632 3571 3901 3641 εὑρίσκο-

2311 3694 2409 3745 μαι
2429 3692 2442 3704 ’
2473 3676 2684 3741 νοήσεις
2714 3671 2771 3722 δὲ
2803 3672 2883 3721 ὅτι
2905 3670 3000 3722 καὶ
3029 3669 3157 3721 ὅταν
3193 3666 3531 3735 συμφωνήσῃ
3574 3664 3607 3729 ἡ
3636 3660 3779 3730 σὰρξ
3799 3662 3902 3713 καὶ

2309 3766 2370 3817 τὸ
2405 3768 2643 3832 πνεῦμα,
2680 3762 2774 3813 καὶ
2807 3760 2880 3829 μὴ
2906 3761 3148 3828 ἐπιθυμῇ
3196 3757 3339 3810 κατά
3366 3755 3460 3808 τοῦ
3512 3752 3832 3821 πνεύματος
3862 3755 3899 3817 ἡ

2314 3857 2470 3925 σὰρξ,
2502 3855 2621 3906 τότε
2650 3854 2796 3904 ἐστὶν
2834 3853 2892 3903 ὲν
2926 3851 3074 3919 μέσῳ
3103 3851 3129 3902 6
3162 3848 3384 3915 Κύριος.
3427 3842 3793 3915 Συμφωνοῦσι
3840 3844 3903 3895 δὲ

2311 3949 2407 4002 καὶ
2456 3947 2512 3998 αἱ
2563 3949 2712 4015 τρεῖς
2766 3944 3025 4012 δυνάμεις
3056 3943 3154 4011 τῆς
3185 3940 3398 4009 ψυχῆς,
3438 3939 3499 3991 τὸ
3547 3935 3795 4004 λογικὸν,
3837 3936 3905 3987 τὸ

2313 4038 2565 4108 Θυμικὸν,
2596 4037 2691 4091 καὶ
2727 4036 2786 4088 τὸ
2822 4034 3243 4104 ἐπιθυμητικόν.
3290 4031 3451 4084 Ἀλλά
3478 4030 3570 4083 καὶ
3605 4030 3637 4097 ἡ
3675 4029 3905 4084 παλαιά

2320 4134 2415 4185 καὶ
2470 4132 2503 4198 ἡ
2532 4130 2625 4181 νέα
2658 4127 3041 4194 συμφωνοῦσιν
3066 4128 3120 4177 αἱ
3162 4125 3254 4177 δύο
3275 4163 3288 4185 ,
3323 4124 3413 4175 καὶ
3443 4125 3499 4175 ὲν
3527 4120 3675 4189 μέσῳ
3708 4120 3905 4172 αὐτῶν

2315 4222 2631 4293 εὑρίσκεται
2660 4221 2687 4272 6
2708 4218 2962 4282 Χριστὸς,
3001 4218 3091 4268 ὐπ’
3122 4218 3323 4285 ἀμφοῖν
3358 4211 3788 4283 κηρυττόμενος.

2395 4355 2411 4386 ι
2464 4334 2597 4387 Τότε
2634 4328 2945 4401 προσελθὼν
2983 4328 3131 4396 αὐτῷ
3160 4328 3187 4378 6
3225 4304 3449 4396 Πέτρος,
3496 4322 3615 4378 εἷπε
3644 4342 3657 4354 ·
3688 4326 3903 4395 Κύριε,

636 4426 806 4478 dixit:
832 4426 1071 4489 Domine,
1092 4429 1305 4495 quoties
1334 4430 1577 4498 peccabit
1603 4432 1652 4484 in
1670 4448 1754 4486 me
1772 4432 1940 4487 frater
1965 4448 2136 4499 meus,
2163 4444 2206 4488 et

2319 4427 2548 4487 ποσάκις
2578 4424 2885 4494 ἁμαρτήσει
2908 4421 2986 4483 εἰς
3006 4419 3105 4489 ἐμὲ
3131 4423 3157 4471 ὁ
3182 4418 3408 4486 ἀδελφός
3434 4417 3670 4486 μου,καὶ
3690 4419 3907 4486 ἀφήσω

634 4518 905 4571 remittam
925 4518 972 4571 ei
988 4519 1010 4571 ?
1025 4516 1161 4571 Num
1188 4536 1356 4588 usque
1370 4524 1566 4590 septies
1587 4523 1609 4575 ?
1629 4523 1762 4578 Dicit
1783 4525 1855 4579 illi
1875 4524 2030 4581 Jesus
2053 4545 2063 4579 :
2082 4524 2196 4578 Non

2314 4518 2453 4589 αὐτῷ
2479 4535 2494 4584 ;
2527 4518 2630 4578 ἓως
2658 4514 2915 4579 ὲπτάκις;
2959 4514 3122 4580 Λέγει
3149 4513 3297 4580 αὐτῷ
3328 4514 3355 4565 6
3394 4510 3599 4580 Ἰησοῦς
3622 4527 3637 4542 ·
3689 4513 3769 4564 Οὐ
3811 4513 3908 4566 λέ-

634 4609 756 4663 dico
778 4610 870 4663 tibi
892 4626 1061 4677 usque
1082 4613 1302 4680 septies,
1320 4616 1412 4667 sed
1433 4630 1602 4684 usque
1624 4617 2161 4686 septuagiesseplies.
2180 4638 2197 4669 ι

637 4695 749 4751 Hoc
779 4707 856 4750 cst
892 4700 1034 4765 quod
1055 4701 1347 4768 interrogat
1367 4700 1557 4756 Petrus
1578 4702 1839 4768 :Quoties,
1862 4704 1905 4758 si
1930 4714 2206 4774 peccet,et

636 4788 831 4840 deinde
864 4794 1087 4841 accedat
1123 4800 1176 4843 et
1214 4800 1359 4858 petat
1394 4792 1604 4845 veniam
1636 4794 1952 4861 poenitentia
1986 4796 2203 4856 ductus,

639 4880 927 4932 concedam
947 4880 1288 4947 ei?Addidit,
1324 4882 1379 4935 in
1414 4899 1500 4938 me
1522 4885 1566 4937 si
1598 4886 1922 4947 peccaverit.
1948 4885 2005 4939 lu
2038 4885 2203 4939 Deum

640 4973 782 5024 enim
821 4972 863 5025 si
889 4976 1213 5041 peccaverit,
1248 4993 1350 5030 non
1382 4993 1500 5047 ego,
1527 4980 1616 5047 qui
1644 4979 1834 5033 idiotes
1869 4996 1931 5035 ac
1966 4981 2209 5051 privatus

640 5072 779 5123 sum,
804 5075 1020 5127 possum
1049 5063 1094 5116 ei
1124 5066 1417 5129 remittere,
1439 5068 1539 5121 nisi
1571 5068 1710 5121 forte
1738 5068 1826 5122 Dei
1846 5070 2091 5123 ordinem
2111 5071 2209 5123 lta-

640 5149 774 5201 bens
804 5154 1077 5204 sacerdos.
1104 5151 1158 5205 Si
1188 5162 1363 5207 autem
1390 5156 1545 5208 inme
1574 5166 1777 5225 peccet,
1810 5173 1871 5210 ac
1900 5157 2093 5211 deinde
2126 5172 2209 5212 re-

644 5240 843 5295 misero
861 5243 932 5305 ei,
957 5244 1058 5296 erit
1091 5245 1318 5310 solutus,
1344 5248 1506 5301 etiam
1541 5248 1584 5301 si
1603 5248 1845 5316 privatus
1872 5264 1968 5317 ego
1992 5251 2093 5303 sim
2117 5291 2130 5312 ,
2156 5260 2211 5303 et

642 5344 747 5383 non
791 5336 1063 5387 sacerdos.
1085 5335 1233 5399 Quod
1260 5348 1437 5390 autem
1473 5341 1779 5407 septuagies
1821 5342 2020 5408 septies
2053 5342 2208 5409 dixit,

646 5434 751 5470 non
768 5421 1040 5475 concludit
1058 5426 1263 5477 veniant
1280 5442 1521 5481 numero.
1548 5428 1849 5481 Absurdum
1864 5432 2004 5483 enim
2020 5434 2211 5486 sedere

645 5518 699 5560 et
746 5526 1027 5564 numerare
1078 5530 1248 5579 usque
1294 5519 1417 5570 dum
1468 5518 1865 5588 quadringenta
1918 5523 2208 5594 nonaginta

644 5599 843 5653 habeas
902 5602 1013 5673 [tot
1047 5606 1190 5657 enim
1243 5606 1446 5661 faciunt
1492 5612 1801 5680 septuagies
1832 5614 2063 5685 septies]
2116 5618 2208 5668 sed

648 5686 967 5745 immensum
1000 5710 1281 5749 numerum
1327 5700 1545 5767 signat:
1577 5702 1733 5770 quasi
1782 5704 1944 5769 dicat,
1989 5704 2212 5770 Quoties

649 5780 769 5846 quis
797 5781 977 5845 lapsus
1002 5783 1178 5853 fuerit,
1214 5798 1265 5843 et
1314 5791 1683 5853 paenitentiam
1710 5806 1827 5857 aget
1852 5833 1865 5856 ,
1894 5796 2125 5851 concede
2161 5800 2211 5852 ei

2307 4630 2387 4680 γω
2417 4629 2497 4664 σοι
2529 4611 2633 4671 ἓως
2660 4608 2911 4670 ἑπτάκις,
2937 4608 3050 4659 ἀλλ’
3072 4607 3175 4668 ’ἑως
3202 4606 3661 4675 ἑϐδομηκοντάκις
3688 4607 3864 4661 ἑπτά.
3883 4629 3901 4660 ι

2308 4704 2479 4757 Τοῦτο
2510 4702 2655 4753 ἐστιν
2677 4700 2704 4753 ὃ
2733 4701 2914 4770 ἐρωτᾷ
2939 4702 2966 4751 6
2994 4699 3219 4769 Πέτρος·
3264 4701 3497 4763 Ποσάκις
3521 4700 3615 4753 ὲάν
3643 4701 3906 4772 ἁμάρτῃ,

2310 4792 2428 4847 εἶτα
2462 4794 2835 4863 προσέρχηται
2859 4791 2953 4843 καὶ
2985 4793 3108 4860 αἰτῇ
3152 4790 3482 4861 συγγνώμην
3516 4793 3909 4861 μεταμελόμε-

2309 4905 2418 4951 νος,
2450 4882 2965 4953 συγχωρήσωξαύτοῦ
2989 4898 3003 4945 ;
3040 4882 3352 4951 Προσέθηκε
3377 4882 3430 4935 δὲ
3449 4885 3528 4947 τὸ,
3549 4884 3639 4945 Εἰς
3663 4884 3768 4951 ἐμὲ
3801 4888 3908 4938 ἐὰν

2310 4976 2532 5045 ἁμάρτῃ
2550 4989 2561 5000 ·
2590 4977 2667 5035 εἰς
2692 4973 2798 5042 γὰρ
2822 4972 2953 5023 Θεὸν
2971 4972 3064 5023 ὲάν
3093 4972 3335 5043 ἁμάρτῃ,
3358 4972 3457 5024 οὐκ
3484 4971 3594 5041 ἐγὼ
3617 4973 3645 5023 ὁ
3673 4974 3909 5045 ἰδιώτης

2310 5067 2541 5135 δύναμαι
2571 5064 2720 5134 αὐτῷ
2752 5066 3072 5135 συγχωρεῖν,
3106 5066 3153 5117 εί
3190 5066 3373 5131 μήπου
3405 5082 3466 5133 γε
3498 5070 3523 5117 6
3556 5066 3689 5119 Θεοῦ
3739 5070 3910 5135 τάξιν

2314 5158 2499 5226 ἔχωνό
2534 5157 2739 5225 ἱερεύς·
2781 5157 2875 5208 ἐὰν
2904 5158 2962 5209 δὲ
3002 5159 3079 5218 εἰς
3114 5157 3211 5224 ἐμὲ
3248 5158 3487 5227 ἁμάρτῃ,
3518 5154 3639 5211 εἶτα
3693 5162 3910 5229 ἀφήσω

2316 5250 2484 5319 αὐτῷ,
2523 5250 2675 5302 ἔσται
2726 5251 3042 5318 ἀφειμένος,
3077 5249 3180 5301 κᾶν
3209 5249 3423 5320 ἰδιώτης
3458 5252 3575 5320 είμὶ
3614 5251 3749 5317 ἐγὼ,
3805 5257 3909 5305 καὶ

2314 5343 2428 5412 οὐχῖ
2460 5345 2659 5412 ἱερεύς.
2698 5342 2771 5393 Τὸ
2791 5342 2867 5403 δὲ,
2900 5343 3003 5403 ἓως
3034 5343 3494 5412 ἑϐδομηκοντάκις
3530 5346 3689 5407 ἑπτὰ,
3714 5342 3908 5411 εἶπεν,

2316 5433 2412 5499 οὐχ
2456 5432 2540 5483 ἵνα
2574 5429 2794 5499 ἀριθμῷ
2827 5431 3144 5502 περικλείσῃ
3167 5432 3265 5501 τὴν
3287 5432 3632 5501 συγχώρησιν
3653 5471 3667 5487 .
3697 5434 3913 5502 ἄλογον

2316 5526 2423 5593 γάρ
2443 5526 2558 5576 ἐστι
2582 5523 2853 5591 καθῆσθαί
2878 5541 3003 5576 τινα
3029 5524 3367 5593 ἁριθμοῦντα
3392 5526 3495 5586 ἕως
3518 5519 3576 5575 οὐ
3603 5527 3911 5582 ποσωθὼσι

2318 5615 2645 5683 τετρακόσια
2692 5615 3048 5684 ἐννενήκοντα
3108 5615 3369 5686 (τοσαῦτα
3409 5616 3516 5684 γὰρ
3550 5618 3618 5669 τὰ
3658 5617 3911 5691 έδδομητ

2319 5709 2567 5769 κοντάκις
2611 5708 2793 5779 ἑπτὰ),
2817 5710 2948 5762 ἀλλὰ
2978 5712 3037 5762 τὸ
3068 5712 3292 5779 ἄπειρον
3320 5712 3552 5763 ὲεμταῦοα
3593 5715 3862 5781 σημαίνει
3897 5736 3911 5747 ο

2316 5798 2387 5861 ὡς
2423 5799 2485 5851 iv
2509 5800 2553 5852 εἰ
2591 5800 2792 5868 ἔλεγεν
2837 5800 3054 5864 Ὁσάκις
3092 5802 3151 5854 ἂν
3195 5804 3428 5867 πταίσας
3470 5807 3724 5873 μετα-μιῇ,
3762 5824 3898 5873 ιτς-ί-
