4004 6414
176 412 274 476 345

776 411 923 473 ENA
936 411 1226 474 ΗΒΑΤΙΟ
1267 410 1350 472 ΙΝ
1387 411 1532 473 EVA
1543 411 1789 474 NGELI‘

1939 409 2328 472 ΜΑΤΤΗᾸΞΙ.
2368 433 2440 444 -
2479 407 2639 468 CAP.
2679 403 2898 469 XVIII.

3360 398 3471 465 346

174 528 334 598 χώρει
365 526 548 598 αύτῷ.
591 526 764 582 Τοῦτο
797 528 906 597 γὰρ
937 530 1029 580 καὶ
1057 528 1144 580 διὰ
1175 527 1272 598 τῆς
1297 527 1423 598 ἑξῆς
1451 528 1768 600 παραδολῆς

1901 528 2117 595 'eniam,
2143 538 2198 584 et
2247 530 2296 582 id
2336 526 2504 600 [quod
2541 536 2596 582 et
2629 540 2723 594 per
2768 525 3094 590 sequentem
3147 513 3466 584 parabolam

171 616 332 686 λέγει,
374 620 463 672 ὅτι
494 620 580 672 δετ
599 621 747 689 ἡμᾶς
769 617 1076 688 συμπαθεῖς
1105 613 1266 671 εἶναι.

243 736 260 767 ι
314 716 418 768 Διά
457 712 622 765 τοῦτο
668 710 930 782 ὡμοιώθη
976 712 1008 780 ἡ
1055 709 1303 778 βασιλεία
1356 709 1464 762 τῶν
1517 710 1767 780 οὐρανῶν

178 807 454 878 ἀνθρώπῳ
489 805 741 875 βασιλεῖ,
790 804 848 867 ὃς
884 801 1116 873 ἠθέλησε
1147 803 1379 871 συνᾶραι
1424 801 1586 870 λόγον
1629 803 1768 872 μετὰ

172 900 273 952 τῶν
301 898 516 952 δούλων
547 895 735 948 αὐτοῦ.
781 914 798 945 ι
845 895 908 948 Ἡ
944 894 1042 964 μὲν
1092 893 1273 946 ἔννοια
1305 893 1402 961 τῆς
1449 893 1769 965 παραϐολῆς

173 991 410 1045 διδάσκει
445 989 756 1057 συγχωρεῖν
779 988 844 1039 τὰ
876 987 954 1047 είς
986 985 1130 1054 ἡμᾶς
1155 984 1306 1051 παρὰ
1328 985 1438 1036 τῶν
1461 986 1768 1053 ὁμοῗούλων

173 1082 633 1153 ἁμαρτανόμενα,
672 1080 767 1132 καὶ
821 1077 1053 1148 μάλιστα
1098 1078 1193 1129 ὲὰν
1239 1076 1332 1128 καὶ
1365 1078 1769 1148 συγχωρήσεως

173 1178 367 1230 ἐκεῖνοι
414 1175 724 1244 χρῄζοντες
778 1170 1187 1241 προσπίπτωσι.
1236 1168 1309 1222 Τὸ
1342 1170 1397 1222 δὲ
1428 1170 1569 1223 κατὰ
1603 1171 1771 1238 μέρος

174 1267 496 1337 ἐξηγεῖσθαι
556 1267 656 1336 τὴν
704 1262 1043 1334 παραδολὴν,
1099 1263 1262 1331 μόνου
1296 1261 1363 1316 ἂν
1399 1263 1484 1333 εἴη
1516 1263 1611 1314 τοῦ
1645 1262 1770 1315 νοῦν

173 1355 411 1428 Χριστοῦ
444 1357 664 1427 ἔχοντος
692 1371 706 1383 ⁸
732 1353 874 1425 πλὴν
908 1352 1276 1423 ὲπιόαλοῦμεν
1309 1353 1404 1408 καὶ
1433 1353 1607 1408 αὐτοί.
1663 1354 1771 1406 Βα-

175 1451 370 1514 σιλεία,
394 1453 427 1545 ξ
455 1449 553 1504 τοῦ
586 1448 723 1503 Θεοῦ
753 1449 928 1516 Λόγος
955 1463 970 1479 ·
1001 1447 1117 1501 ἀλλ’
1150 1448 1209 1500 οὐ
1245 1446 1460 1518 μικρῶν
1488 1464 1649 1500 τινων
1679 1446 1774 1516 βα-

175 1543 368 1603 σ.λεία,
394 1531 541 1595 ἶὶλλ⁹
573 1540 840 1612 οὐρανῶν.
882 1538 1154 1610 Ὡμοιώθη
1190 1537 1281 1592 οῦν
1320 1531 1475 1599 οὗτος
1500 1537 1775 1608 ἀνθρώπῳ

175 1634 412 1705 βασιλεῖ,
446 1634 754 1704 σαρκωθεὶς
783 1632 850 1684 δι’
893 1631 1039 1702 ἡμᾶς
1099 1631 1198 1684 καὶ
1237 1632 1295 1684 ἑν
1327 1631 1637 1702 ὁμοιώματι
1682 1633 1775 1683 ἀν·

173 1728 417 1800 θρώπων
483 1727 822 1796 γενόμενοςο·
861 1725 1108 1794 συναίρει
1153 1723 1210 1777 δὲ
1261 1723 1420 1792 λόγον
1476 1724 1618 1794 μετὰ
1666 1723 1775 1775 τῶν

171 1821 382 1875 δούλων
438 1819 642 1884 αὑτοῦ,
692 1817 768 1880 ώς
805 1816 1006 1885 ἀγαθὸς
1061 1817 1265 1888 κρίνων
1297 1817 1503 1879 αὐτοῖς.
1554 1817 1630 1870 Οὐ
1665 1818 1776 1887 γὰρ

171 1917 423 1988 ἀκρίτως
447 1915 667 1976 κολάζει
694 1930 708 1944 υ
739 1913 1032 1981 ὠμότητος
1051 1913 1160 1982 γὰρ
1193 1909 1374 1968 τοῦτο.

245 2027 264 2058 ι
317 2005 667 2077 ’Δρξαμένου
730 2004 785 2058 δὲ
837 2002 1001 2057 αὐτοῦ
1058 2003 1371 2073 συναίρειν,
1423 2001 1773 2072 προσηνέχθη

175 2101 323 2172 αῦτῷ
387 2095 470 2163 εἷς
523 2098 812 2168 ὀφειλέτης
856 2096 1067 2168 μυρίων
1095 2096 1377 2150 ταλάντων
1405 2113 1420 2128 ο
1455 2096 1530 2165 μὴ
1559 2095 1777 2164 ἔχοντος

173 2191 432 2245 δὲιαὺτοῦ
457 2190 778 2250 ἀποδοῦναι,
807 2187 1096 2240 ἐκέλευσεν
1126 2185 1290 2240 αὐτὸν
1315 2187 1342 2237 ὁ
1391 2185 1580 2251 κύριος
1605 2185 1772 2236 αὑτοῦ

175 2284 481 2354 πραθῆναι,
522 2281 618 2335 καὶ
641 2282 740 2350 τὴν
776 2281 1013 2348 γυναῖκα
1043 2277 1231 2343 αὐτοῦ,
1267 2278 1358 2330 καὶ
1387 2269 1652 2334 τὶ);έκνα
1681 2277 1776 2328 καὶ

175 2377 362 2430 πάντα
397 2375 504 2428 ὅσα
537 2369 677 2443 εἶχε,
709 2373 804 2426 καὶ
853 2371 1202 2440 ἀποδοθῆναι.
1243 2389 1262 2420 ι
1304 2369 1534 2438 Μυρίων
1575 2366 1778 2419 ταλάν-

176 2486 280 2522 των
338 2467 752 2538 χρεωφειλέται
813 2466 997 2533 ἡμεῖς,
1053 2463 1128 2525 ώς
1190 2461 1646 2530 εὐεργετούμενοι
1679 2459 1778 2530 μὲν

176 2562 292 2614 καθ’
313 2563 585 2628 ἑκάστην,
616 2557 784 2628 μηδὲν
813 2555 872 2608 δὲ
908 2555 1113 2623 ἀγαθὸν
1149 2553 1506 2614 ἀντιδιδόντες
1537 2552 1614 2621 τῷ
1635 2551 1774 2620 Θεῷ.

177 2653 410 2723 Μυρίων
443 2651 730 2703 ταλάντων
766 2647 1159 2718 χρεωφειλέται
1206 2647 1299 2699 καὶ
1329 2647 1378 2698 οί
1432 2645 1779 2716 προστασίαν

178 2744 307 2797 λαοῦ
365 2744 666 2812 δεξάμενοι
724 2740 821 2793 καὶ
880 2738 1183 2810 ἀνθρώπων
1257 2737 1470 2792 πολλῶν
1526 2738 1780 2802 (ἕκαστος

180 2837 282 2905 γὰρ
307 2835 605 2907 ἄνθρωπος
646 2833 946 2894 τάλαντον,
993 2833 1132 2884 κατὰ
1173 2831 1266 2884 τὸν
1316 2831 1580 2898 λέγοντα’
1619 2830 1779 2895 Μέγα

181 2930 521 3002 ἅνθρωπος),
551 2924 670 2980 εἶτα
705 2926 781 2997 μὴ
813 2926 996 2988 καλῶς
1029 2926 1364 2996 κεχρημένοι
1398 2927 1464 2994 τῇ
1509 2925 1673 2991 ἀρχῇ.
1710 2921 1782 2973 Τὸ

183 3026 237 3079 δὲ
254 3023 676 3096 πιπράσκεσθαι
700 3024 790 3074 τὶν
837 3021 1122 3092 χρεώστην
1168 3023 1263 3075 σὺν
1291 3021 1514 3088 γυναικὶ
1543 3018 1639 3070 καὶ
1671 3018 1784 3078 τοῖς

188 3117 353 3172 αὑτοῦ
391 3118 640 3180 τέκνοις,
677 3115 830 3185 δηλοὶ
859 3117 959 3183 τὴν
996 3112 1352 3184 ἀλλοτρίωσιν
1387 3112 1487 3181 τὴν
1537 3111 1645 3163 ἀπὸ
1689 3108 1780 3160 τοῦ

1808 1883 1849 1937 Β

1871 622 2023 695 dicit]
2057 623 2185 691 quia
2219 629 2434 692 Oportet
2467 635 2566 673 nos
2604 616 3002 686 cotnpaticntes
3031 623 3177 663 esse.

1945 715 2107 770 Vens.
2156 715 2247 768 23.
2288 733 2305 766 t
2358 711 2484 767 Ideo
2518 709 2888 765 assimilatnm
2923 712 3007 758 est
3038 716 3263 770 regnum
3294 697 3466 753 caelo-

1887 826 2005 864 rum
2045 808 2248 863 homini
2276 807 2410 874 regi,
2442 805 2533 874 qui
2571 802 2741 857 voluit
2773 796 3021 853 conferre
3052 794 3314 847 rationem
3342 805 3467 844 cum

1872 905 2047 958 servis
2080 902 2214 955 suis.
2259 919 2276 952 ι
2315 898 2468 952 Mens
2508 893 2779 964 parabolae
2819 899 2925 954 est,
2956 897 3012 940 ut
3040 884 3255 939 Veniam
3281 883 3472 936 demus

1872 993 2152 1048 conservis
2190 991 2243 1044 itt
2295 1003 2396 1043 nos
2423 980 2868 1053 delinquentibus
2905 997 2920 1033 :
2969 974 3272 1046 praesertim
3311 971 3356 1025 si
3393 969 3467 1023 illi

1873 1088 2088 1141 veniam
2142 1094 2270 1140 ante
2319 1096 2418 1137 nos
2460 1076 2811 1148 procidentes
2846 1079 3053 1140 petant.
3091 1061 3471 1121 Particnlatiui

1875 1177 2088 1245 singula
2115 1175 2435 1228 examinare
2459 1211 2473 1235 ,
2511 1166 2629 1236 ejus
2658 1163 2823 1231 fuerit
2861 1169 3068 1215 tantum
3109 1155 3471 1225 quintentem

1878 1243 2082 1326 Citristi
2119 1268 2320 1320 habeat
2354 1283 2369 1318 :
2422 1261 2515 1316 sed
2552 1256 2938 1330 aggrediemur
2974 1261 3027 1304 et
3065 1263 3186 1302 nos.
3223 1243 3472 1309 Regnum

1878 1375 1963 1419 est
1995 1363 2086 1416 Dei
2128 1358 2368 1414 Verbum
2401 1372 2416 1409 :
2452 1364 2506 1408 et
2541 1367 2647 1406 non
2677 1362 2902 1417 parvum
2923 1342 3194 1414 quoddam
3224 1350 3473 1407 regnum,

1877 1454 1971 1510 sed
2028 1451 2315 1508 caelorum.
2370 1444 2723 1501 Assitnilatus
2758 1449 2842 1493 est
2900 1436 3065 1506 igitur
3109 1433 3217 1487 iste
3263 1425 3475 1484 homini

1878 1548 2014 1617 regi.
2053 1547 2374 1599 lncarnatus
2422 1547 2504 1593 est
2541 1536 2686 1591 enim
2724 1540 2946 1603 propter
2999 1541 3120 1591 nos,
3156 1533 3209 1578 et
3240 1522 3294 1576 in
3323 1519 3480 1574 simi—

1879 1612 2163 1694 litudinem
2197 1633 2474 1688 hominum
2499 1627 2702 1682 factus.
2732 1621 2957 1679 Confert
2983 1629 3161 1671 autem
3200 1612 3472 1668 rationein

1879 1746 2003 1786 cum
2036 1727 2210 1784 servis
2232 1724 2368 1789 suis,
2407 1722 2485 1776 uti
2521 1720 2697 1774 bonus
2719 1716 2994 1783 judicans.
3022 1709 3136 1765 Non
3171 1708 3316 1761 enim
3345 1703 3474 1759 abs-

1881 1839 1987 1893 que
2018 1820 2226 1893 judicio
2257 1818 2409 1888 punit
2439 1829 2454 1869 :
2492 1820 2598 1869 hoc
2625 1813 2770 1866 enim
2804 1803 3152 1864 crudelitatis
3181 1800 3343 1856 foret.

1951 2002 2118 2076 Vens.
2147 1999 2241 2064 24,
2264 1998 2356 2053 25.
2395 1995 2508 2066 ῃΕι
2528 2008 2651 2050 cum
2675 1991 2933 2058 cmpisset
2961 1985 3235 2048 conferre,
3262 1979 3478 2036 oblatus

1878 2107 1960 2153 est
1991 2097 2038 2150 ei
2083 2111 2222 2150 unus
2259 2093 2350 2164 qni
2403 2091 2640 2146 debebat
2690 2088 2876 2142 decem
2913 2082 3079 2136 millia
3119 2087 3477 2133 tatentorum.

1879 2190 2152 2245 Ceterum
2193 2200 2317 2243 cum
2380 2185 2426 2237 is
2477 2196 2582 2234 non
2618 2189 2766 2234 esset
2802 2175 3065 2230 solvendo
3090 2212 3105 2236 ,
3139 2169 3304 2239 juSsit
3351 2179 3478 2219 eum

1881 2285 2145 2336 dominus
2170 2273 2497 2336 venundari,
2554 2281 2610 2327 et
2659 2283 2883 2324 uxorem
2914 2265 3054 2332 ejus,
3086 2272 3139 2316 et
3173 2261 3394 2322 liberos,
3425 2264 3483 2308 et

1884 2373 2068 2429 omnia
2109 2385 2228 2442 quae
2265 2367 2541 2429 habebat,
2572 2373 2625 2442 et
2666 2361 2779 2415 fieri
2819 2358 3175 2412 solutionem.
3221 2371 3239 2403 ι
3283 2348 3479 2402 Decem

1886 2468 2116 2522 millium
2158 2465 2487 2518 talentorum
2521 2439 2800 2512 debitores
2835 2467 2931 2506 nos
2967 2463 3180 2509 sumus,
3217 2442 3310 2513 qui
3343 2455 3484 2511 quo-

1885 2561 2013 2614 tidie
2050 2556 2232 2612 multis
2251 2550 2532 2608 beneﬂciis
2566 2546 2855 2606 alﬁcimur,
2887 2551 2938 2594 et
2968 2537 3102 2592 nihil
3127 2535 3249 2588 boni
3288 2547 3484 2600 repen-

1884 2653 2062 2708 dimus
2106 2649 2236 2702 Deo.
2274 2645 2468 2698 Decem
2506 2640 2655 2694 mille
2687 2637 3016 2691 talentorum
3052 2629 3326 2681 debitores
3361 2630 3489 2676 sunt

1884 2756 1939 2799 et
1997 2741 2089 2812 qui
2149 2738 2331 2808 populi
2406 2734 2786 2805 prtefecutram
2844 2728 3208 2791 susceperunt
3268 2716 3487 2790 [unus-

1885 2837 2119 2906 quisque
2148 2835 2298 2895 enim
2327 2829 2491 2882 homo
2552 2825 2813 2877 talentum
2849 2828 2932 2872 est
2990 2814 3146 2883 juxta
3177 2812 3328 2864 illntn
3389 2806 3480 2874 qui

1887 2894 2046 2980 dicit.
2081 2941 2093 2976 :
2151 2921 2405 2990 Magnum
2447 2911 2648 2983 homo]
2683 2923 2732 2965 el
2762 2907 2961 2963 deinde
3005 2920 3110 2956 non
3169 2901 3307 2955 bene
3363 2894 3493 2950 fun-

1887 3029 2088 3090 guntur
2158 3014 2486 3084 principatu.
2557 3004 2725 3060 Vettdi
2781 3013 2966 3054 autem
3021 3012 3146 3052 cum
3213 3006 3383 3046 uxore
3436 2997 3492 3042 et

1890 3112 2128 3172 familia,
2203 3109 2386 3172 signat
2447 3101 2832 3157 alienationem
2902 3112 2929 3148 a
2984 3095 3119 3148 Deo.
3182 3089 3286 3156 Qui
3341 3086 3489 3141 enim

190 3212 343 3264 Θεοῦ.
395 3210 456 3262 Ὀ
481 3211 595 3280 γὰρ
624 3208 1081 3277 πιπρασκόμενος,
1106 3205 1297 3275 ἑτέρου
1343 3202 1608 3255 δεσπότου
1639 3200 1786 3268 γίνε-

1901 3204 2168 3266 venditur,
2193 3198 2422 3252 alterius
2448 3193 2653 3249 domini
2705 3192 2787 3245 lit.
2835 3192 2914 3242 An
2958 3203 3064 3241 non
3101 3195 3280 3238 autem
3331 3194 3490 3242 uxor,

190 3319 296 3353 ται.
331 3302 570 3368 Μήποτε
602 3299 660 3352 δὲ
693 3298 832 3367 γυνὴ
862 3297 1016 3367 μὲνὴ
1059 3295 1227 3363 σὰρξ,
1266 3294 1341 3356 ὡς
1384 3292 1616 3358 σύζυγος
1651 3289 1785 3342 οῦσα

193 3394 286 3462 τῆς
328 3393 512 3461 ψυχῆς
538 3407 551 3420 ·
585 3391 754 3444 τέκνα
793 3390 874 3451 δὲ,
911 3389 968 3442 αί
1017 3388 1244 3458 πράξεις
1301 3387 1356 3439 αἱ
1393 3382 1786 3453 ἐνεργούμεναι

195 3487 379 3549 κακῶς
416 3486 522 3536 ὑπὸ
573 3487 674 3554 τῆς
730 3483 907 3553 ψυχῆς
937 3484 1030 3535 καὶ
1081 3481 1174 3533 τοῦ
1214 3480 1509 3550 σώματος;
1563 3477 1788 3529 Kak-det

197 3579 284 3633 οῦν
317 3581 418 3643 τὴν
445 3579 629 3646 σάρκα
651 3577 873 3646 δοθῆναι
901 3574 979 3646 τῷ
1001 3574 1217 3643 Σατανᾷ
1245 3575 1325 3635 εἰς
1360 3572 1603 3637 ὄλεθρον,
1639 3586 1795 3622 τουτο

200 3674 307 3725 ἐστι
362 3672 548 3733 νόσοις
588 3671 622 3738 ἢ
665 3669 828 3722 πάθει
867 3667 1122 3736 δαίμονος
1173 3662 1592 3734 παραδοθῆναι·
1657 3660 1794 3713 ἀλλὰ

201 3767 290 3819 καὶ
317 3765 391 3818 τὰ
421 3765 592 3817 τέκνα
614 3802 628 3824 ,
664 3762 807 3829 λέγω
844 3760 907 3830 δὴ
956 3760 1053 3823 τὰς
1101 3758 1385 3828 ἐνεργείας
1428 3755 1539 3808 τῶν
1586 3754 1792 3818 κακῶν,

205 3856 636 3926 στρεϐλωθῆναι.
663 3847 809 3918 Οἷον,
842 3852 957 3905 ἐστι
984 3851 1127 3913 τινὸς
1155 3850 1276 3920 χεὶρ
1304 3849 1635 3910 κλέπτουσα,
1661 3844 1795 3898 ταύ-

204 3969 295 4018 την
328 3951 358 4003 ό
387 3948 525 4007 Θεὸς
559 3945 841 4017 ξηραίνει,
883 3946 917 4016 ἢ
967 3942 1362 4017 στραγγαλίζει
1396 3942 1483 3995 διά
1507 3958 1652 4004 τινος
1681 3941 1798 3994 δαί-

209 4059 380 4112 μονος.
422 4039 557 4092 Ἰδοὺ
589 4035 736 4106 οὖνὴ
784 4037 922 4104 γυνὴ
960 4038 992 4105 ἡ
1033 4035 1191 4104 σὰρξ,
1237 4033 1334 4085 καὶ
1368 4031 1435 4082 τὰ
1467 4029 1651 4092 τέκνα,
1678 4028 1797 4097 ἦτοι

208 4139 236 4204 ἡ
266 4138 522 4205 ἐνέργεια
553 4131 649 4185 τοῦ
681 4130 878 4193 κακοῦ,
911 4127 1290 4199 παρεδόθησαν
1314 4128 1381 4195 τῇ
1414 4123 1682 4186 κακώσει,
1712 4122 1798 4173 ἵνα

1896 3312 2060 3356 Curti,
2111 3307 2230 3359 qua:
2280 3287 2484 3342 scilicet
2543 3295 2628 3337 est
2679 3281 2880 3350 conqu
2938 3279 3185 3330 animai:
3227 3282 3281 3326 et
3315 3269 3494 3341 pueri,

1898 3400 2059 3456 ope-ra
2094 3399 2212 3451 qua:
2244 3379 2384 3433 male
2413 3379 2549 3431 ﬁunt
2584 3392 2612 3428 a
2645 3387 2874 3444 corpore
2895 3365 3375 3424 etattitna?Jultet
3398 3361 3499 3431 igi-

1902 3491 1988 3531 tur
2015 3492 2231 3530 carnetn
2277 3474 2392 3525 dari
2436 3480 2639 3525 satana!
2671 3469 2721 3520 itt
2748 3463 3052 3526 interitum,
3082 3461 3184 3514 hoc
3222 3467 3305 3512 est
3350 3469 3498 3508 mor-

1901 3571 1984 3626 bis
2017 3570 2100 3623 vcl
2123 3567 2360 3636 passioni
2394 3563 2680 3618 dannonis.
2719 3558 2988 3613 Similiter
3015 3565 3068 3608 et
3106 3553 3264 3615 ﬁlios,
3306 3563 3499 3618 opera-

1906 3664 2044 3714 tiv.ts
2072 3661 2191 3712 dico
2227 3659 2459 3710 virtutes
2496 3654 2764 3706 malorum
2788 3687 2806 3713 ,
2839 3647 2995 3715 ligari
3025 3662 3040 3698 :
3080 3654 3157 3705 ιιι,
3193 3651 3276 3695 est
3306 3653 3502 3692 manus

1905 3749 2135 3815 alicujus
2185 3746 2332 3800 furto
2365 3744 2543 3797 dedita
2570 3781 2585 3804 ,
2617 3757 2734 3793 eam
2767 3738 2913 3791 Deus
2960 3737 3169 3789 aridam
3221 3732 3372 3791 facit,
3415 3727 3502 3781 vel

1906 3838 2228 3907 constringit
2283 3851 2379 3904 per
2428 3836 2731 3888 daemonem
2801 3829 3060 3896 aliquem.
3120 3826 3258 3879 Ecce
3308 3820 3503 3874 ntulier

1908 3946 2038 3985 caro
2068 3941 2172 3992 est,
2203 3941 2256 3983 et
2283 3927 2375 3980 lilii
2409 3925 2754 3993 Operationes
2782 3920 2958 3973 nmiae:
2982 3919 3193 3971 tradita:
3222 3927 3346 3969 sunt
3370 3911 3504 3966 allii-

1907 4027 2097 4091 ctioni,
2133 4037 2192 4078 ιιι
2237 4024 2463 4093 Spiritus
2503 4021 2762 4074 salvetur.
2809 4017 2922 4086 98
2969 4014 3084 4068 Non
3145 4018 3324 4083 potest
3357 4009 3503 4064 enim

1912 4129 2039 4172 tunc
2074 4117 2138 4170 ad
2185 4115 2386 4168 furtum
2417 4113 2697 4182 cooperar-i
2730 4111 2895 4164 homo
2924 4109 3032 4162 ille.

207 4233 263 4284 τὸ
291 4229 516 4298 πνεῦμα
548 4226 697 4296 σωθῇ
725 4240 735 4252 ·
773 4225 876 4278 οὐκ
907 4222 986 4276 ἔτι
1011 4224 1118 4294 γὰρ
1165 4219 1454 4291 ἐνεργήσει
1489 4215 1800 4278 κλεπτικῶς
1833 4215 2041 4276 ἐκεῖνος
2077 4213 2104 4264 ὁ
2144 4210 2453 4280 ἄνθρωπος.

280 4344 298 4376 ι
329 4322 528 4377 Πεσὼν
575 4317 670 4373 οῦν
701 4320 730 4372 6
763 4317 950 4380 δοίλος
983 4315 1311 4388 προσεκύνει
1341 4312 1492 4382 αὐτῷ
1521 4354 1533 4372 ,
1581 4311 1755 4376 λέγων
1778 4321 1794 4338 ⁸

209 4420 397 4490 Κύριε,
430 4413 868 4486 μακροθύμησον
904 4409 991 4463 ἐπ’
1025 4411 1170 4479 ἐμοὶ.
1210 4410 1302 4460 καὶ
1335 4408 1514 4460 πάντα
1548 4421 1630 4457 σοι
1658 4405 1796 4456 ἁπο-

209 4511 359 4564 δώσω
387 4526 401 4538 ·
431 4503 863 4574 σπλαγχνισθεὶς
890 4500 947 4554 δὲ
991 4502 1018 4552 ὁ
1056 4498 1263 4568 Κύριος
1297 4497 1389 4549 τοῦ
1432 4495 1621 4547 δούλου
1653 4493 1799 4544 ὲκεί-

210 4624 317 4665 νου,
349 4602 630 4656 ἀπέλυσεν
654 4597 842 4657 αὑτὸν,
877 4597 968 4646 καί
997 4594 1057 4646 τὸ
1083 4593 1294 4645 δάνειον
1321 4591 1536 4659 ἀῳῆκεν
1571 4585 1740 4656 αὐτῷ.
1779 4601 1796 4632 ι

215 4695 316 4747 Ἴδε
339 4693 446 4762 τὴν
470 4690 572 4756 τῆς
601 4684 896 4756 μετανοίας
939 4684 1114 4753 ίσχῦν,
1146 4683 1241 4734 καὶ
1267 4681 1365 4750 τὴν
1393 4675 1806 4748 φιλανθρωπίαν

213 4788 302 4841 τοῦ
337 4785 568 4855 κυρίου.
605 4783 670 4834 Ἥ
703 4778 802 4849 μὲν
837 4779 945 4849 γὰρ
991 4777 1253 4846 μετάνοια
1301 4773 1529 4842 ἐποίησε
1566 4770 1658 4823 τὸν
1683 4769 1809 4822 δοῦ-

214 4881 298 4933 λον
327 4882 522 4933 πεσεῖν
551 4876 662 4929 ἀπὸ
688 4876 785 4943 τῆς
821 4871 1040 4935 κακίας·
1071 4872 1098 4923 ὁ
1119 4872 1230 4938 γὰρ
1255 4869 1544 4936 ἱστάμενος
1574 4864 1810 4936 βεϐαίως

215 4975 269 5023 ὲν
301 4974 367 5040 τῇ
401 4968 596 5037 κακία,
622 4965 684 5017 ού
701 4963 1105 5032 συγχωρητὲος.
1153 4960 1215 5013 'H
1241 4960 1294 5011 δὲ
1314 4956 1695 5028 φιλανθρωπία
1715 4952 1809 5006 τοῦ

214 5063 348 5117 Θεοῦ
369 5059 738 5128 ,συνεχώρησε
770 5055 1054 5116 παντελῶς
1082 5054 1177 5106 καὶ
1216 5053 1449 5114 δάνειον,
1493 5050 1673 5104 καίτοι
1745 5063 1811 5115 γε

217 5157 242 5206 ὁ
266 5153 455 5212 δοῦλος
493 5149 556 5202 οὐ
588 5147 938 5216 συγχώρησιν
975 5141 1216 5210 παντελῆ
1249 5140 1454 5209 ἐζήτει,
1495 5137 1632 5190 ἀλλὰ
1674 5151 1811 5204 προ-

220 5245 472 5313 θεσμίαν.
532 5237 792 5295 Μάνθανε
845 5235 1024 5288 τοίνυν
1067 5235 1150 5286 ὅτι
1211 5234 1238 5284 ὁ
1271 5232 1402 5294 Θεὸς
1456 5229 1551 5282 καὶ
1587 5228 1813 5280 πλείονα.

219 5340 436 5392 δίδωσιν
479 5329 556 5387 ὧν
595 5329 921 5399 αίτούμεθα.
975 5328 1132 5382 Ἐπεὶ
1192 5324 1432 5391 τοσαύτη
1474 5323 1624 5374 ἐστὶν
1659 5321 1690 5389 ἠ
1729 5336 1818 5386 φι-

221 5427 544 5498 λανθρωπία
563 5423 748 5486 αὐτοῦ,
777 5421 918 5473 ὥστε
941 5423 1035 5472 καὶ
1060 5420 1237 5470 ἐκεῖνο
1265 5418 1324 5468 τὸ
1351 5413 1541 5468 δοκοῦν
1558 5411 1691 5478 σκλη
1703 5413 1813 5478 ρον,

222 5523 280 5573 τὸ
313 5517 631 5588 προστάξαι
670 5513 994 5582 πωληθῆναι
1020 5512 1207 5574 αὐτὸν,
1236 5510 1335 5561 οὐκ
1376 5508 1484 5561 ἀπὸ
1512 5503 1814 5572 σκληρότη-

223 5631 310 5675 τος
346 5609 535 5672 εἶπεν,
578 5606 694 5659 ἀλλ’
737 5607 825 5658 ἵνα.
862 5604 1224 5672 καταπτοήοῃ
1280 5602 1371 5651 τὸν
1431 5598 1620 5651 δοῦλον
1650 5636 1662 5659 ,
1724 5596 1820 5646 καὶ

228 5703 387 5773 πείσῃ
414 5701 585 5756 αὑτὸν
617 5700 752 5769 πρὸς
791 5697 1028 5750 ἱκετείαν
1061 5698 1156 5748 καὶ
1195 5695 1546 5763 παράκλησιν
1581 5689 1817 5742 ἀποϐλέ-

226 5797 339 5865 εἶναι.

306 5903 324 5931 σ
382 5879 647 5950 Ἐξελθὼν
686 5879 743 5935 ὁὶ
781 5881 809 5933 δ
857 5877 1040 5942 δοῦλος
1085 5879 1310 5943 ἐκεῖνος,
1359 5872 1518 5948 ιῦρεν
1557 5876 1652 5930 ἕνα
1715 5873 1822 5926 τῶν

1979 4305 2152 4360 Vens.
2171 4304 2262 4369 26,
2283 4300 2712 4357 ‘27.tProcidens
2734 4309 2914 4351 autem
2931 4311 3121 4352 servus
3142 4294 3229 4348 ille
3247 4290 3510 4347 adorabat

1911 4400 2085 4465 illum,
2119 4400 2307 4450 dicens
2360 4413 2373 4448 :
2427 4393 2695 4455 Domine,
2731 4373 2848 4444 esto
2881 4391 3094 4457 palicns
3120 4403 3246 4454 erga
3294 4399 3401 4446 me,
3453 4391 3512 4436 et

1910 4494 2092 4546 omnia
2126 4491 2221 4544 tibi
2255 4490 2498 4543 reddam.
2554 4485 2804 4538 Misenus
2835 4491 3014 4535 autem
3060 4479 3316 4532 dominus
3365 4476 3508 4530 scrvi

1911 4585 2078 4644 illius.
2112 4582 2346 4636 absolvit
2401 4595 2550 4640 eum,
2611 4589 2665 4631 et
2717 4593 2791 4630 aes
2840 4576 3080 4628 alienum
3122 4571 3335 4624 remisit
3371 4569 3441 4621 ei.
3486 4585 3506 4618 ι

1911 4678 2047 4733 Vide
2079 4673 2416 4745 pcenitentia:
2461 4679 2668 4745 robur}
2703 4682 2758 4722 et
2805 4665 3236 4722 misericordiam
3281 4661 3511 4715 domini.

1913 4769 2236 4824 Pmnitetttia
2279 4767 2424 4822 enim
2453 4763 2580 4817 fecit
2605 4741 2820 4815 servum
2863 4761 3058 4812 cadere
3081 4774 3109 4808 a
3144 4756 3346 4808 malitia
3373 4770 3390 4821 ;
3419 4754 3510 4822 qui

1913 4864 2060 4917 enim
2084 4860 2316 4914 ﬁrmiter
2346 4859 2396 4911 in
2433 4857 2523 4910 illa
2551 4865 2682 4918 stat,
2707 4869 2814 4907 non
2837 4853 2993 4905 venia
3019 4851 3214 4917 dignus
3232 4859 3334 4902 est.
3358 4841 3512 4900 Mise~

1918 4953 2151 5008 ricordia
2187 4949 2364 5006 autem
2398 4949 2491 5002 Dei
2519 4947 2729 5002 dimisit
2755 4945 2979 4998 omnino
3007 4943 3275 5002 debitum,
3298 4937 3516 4992 tametsi

1917 5058 2107 5098 servus
2131 5058 2233 5096 non
2265 5041 2448 5096 omnia
2486 5039 2714 5099 remitti,
2744 5039 2836 5092 sed
2865 5036 3147 5106 prorogari
3177 5042 3387 5101 tempus
3422 5046 3518 5098 pe-

1921 5146 2077 5191 teret.
2112 5135 2267 5188 Disce
2299 5133 2462 5204 igitur
2506 5133 2650 5201 qnod
2686 5132 2826 5183 Deus
2862 5129 3013 5196 plura
3045 5129 3137 5179 dat
3163 5139 3326 5192 quam
3382 5122 3521 5190 peti-

1922 5243 2081 5282 mus:
2120 5231 2244 5296 quia
2278 5237 2423 5279 tanta
2453 5235 2535 5280 est
2570 5223 2950 5277 misericordia
2988 5218 3226 5282 Domini,
3265 5226 3323 5268 ut
3365 5225 3414 5268 et
3465 5214 3516 5266 id

1920 5321 2063 5390 quod
2097 5321 2387 5373 admodum
2408 5320 2597 5371 durum
2627 5317 2936 5378 videbatur,
2967 5325 3160 5378 nempe
3190 5307 3336 5378 quod
3357 5307 3524 5377 jussit

1921 5423 1980 5469 ut
2003 5413 2328 5466 venderetur
2365 5411 2477 5473 ille,
2511 5424 2618 5462 non
2650 5423 2715 5462 ex
2750 5406 2950 5460 duritia
2981 5404 3142 5467 dixit,
3176 5401 3270 5454 sed
3305 5409 3362 5452 ut
3395 5412 3520 5465 pcr—

1925 5507 2281 5561 terrefaceret
2315 5517 2557 5566 servum,
2584 5511 2638 5555 et
2662 5499 3022 5569 persuaderet
3052 5495 3128 5550 illi
3159 5504 3216 5548 ut
3240 5493 3304 5548 ad
3332 5504 3522 5562 preces

1923 5614 1980 5652 se
2002 5607 2056 5652 et
2077 5597 2512 5652 obsecrationem
2562 5602 2931 5647 converteret.

2006 5867 2172 5924 νειιέ.
2210 5867 2282 5924 98
2316 5868 2404 5923 50..
2468 5886 2484 5917 ‹
2525 5863 2791 5935 Egressus
2822 5879 2948 5920 vero
2982 5878 3170 5920 servus
3205 5860 3293 5918 ille
3317 5858 3524 5918 invenit
