4004 6420
177 376 275 441 ιιι

798 378 1244 443 ENARRATIO
1282 379 1364 441 IN
1407 376 1764 442 EVANGEL

1876 374 1916 435 ιι
1956 374 2347 439 ΜΑΤἸῊΑΞΙ.
2370 404 2442 414 -
2468 379 2630 442 CAP.
2672 380 2839 442 XIX.

3368 380 3478 447 350

177 487 370 552 αὐτοὺς
409 489 555 543 εκεῖ.
598 508 617 541 ι
659 464 831 542 Πάλιτι
870 492 937 560 τῇ
990 488 1225 559 Ἰουδαίᾳ
1259 488 1540 559 ἐπιδημεῖ,
1574 489 1661 539 ἵνα
1694 486 1764 555 μὴ

1876 500 1930 537 ιιι
1964 482 2174 551 Judtca,
2218 496 2277 541 ut
2306 487 2438 541 nihil
2471 497 2772 557 praetexere
2813 487 3024 553 possint
3073 489 3167 561 qui
3205 505 3313 545 non
3353 506 3479 547 ere.

177 583 340 651 ιχωσι
394 580 841 651 προφασίζεσθαι
898 582 949 635 oi
992 584 1354 644 ἀπιστοῦντες
1410 581 1521 635 τῶν
1596 583 1653 633 ὲν
1702 581 1769 649 τῇ

178 672 434 743 Ἰουδαίᾳ,
478 674 562 725 ὅτι
618 674 693 726 Οὐ
760 673 1149 744 συνεχέστερον
1200 676 1331 744 ἡμῖν
1373 672 1768 744 ἐπεχωρίαζεν,

177 765 307 817 ἀλλὰ
338 767 454 827 τοῖς
504 765 816 827 Γαλιλαίοις
839 783 852 796 ·
888 765 1049 819 πάλιν
1073 766 1166 819 οὖν
1196 766 1336 835 μετὰ
1377 766 1478 836 τὴν
1511 766 1771 819 διδασκα-

176 855 285 907 ibi:
314 857 411 909 καὶ
446 856 509 909 τὸ
535 856 956 926 συντελεσθῆναι
1003 859 1128 919 τοὺς
1162 857 1376 924 λόγους,
1411 856 1771 911 ἀκολουθοῦσι

176 947 240 998 τὰ
273 946 559 1015 Θαύματα.
597 948 695 999 Δεῖ
726 949 833 1018 γὰρ
868 949 1019 1016 ἡμᾶς
1061 948 1156 1001 καὶ
1182 948 1482 1013 διδάσκειν,
1511 947 1649 1002 ἀλλὰ
1677 948 1771 1001 καὶ

174 1037 441 1106 πράττειν
470 1050 486 1064 ·
529 1036 648 1089 ἀλλ’
699 1038 749 1089 οί
804 1037 1021 1103 ἀνόητοι
1066 1038 1350 1105 Φαρισαῖοι
1401 1038 1470 1090 τὰ
1511 1036 1770 1105 θαύματα

178 1125 403 1190 ίδὸντες,
441 1126 567 1179 δέον
604 1132 918 1192 πιστεῦσαι,
968 1128 1017 1181 οί
1064 1128 1122 1182 δὲ
1167 1130 1526 1201 πειράζουσιν
1556 1147 1568 1159 ·
1602 1130 1770 1184 ἄκουε

170 1235 302 1287 γαρ.

245 1330 262 1362 ι
313 1312 428 1364 Καὶ
472 1310 788 1383 προσῆλθον
845 1310 991 1380 αὐτῷ
1022 1314 1071 1365 οί
1100 1312 1385 1380 Φαρισαῖοι
1413 1312 1771 1383 πειράζοντες

166 1404 353 1469 αὐτὸν,
380 1406 480 1457 καὶ
515 1405 789 1472 λέγοντεςο
831 1404 895 1457 Et
941 1403 1153 1468 ἔξεστιν
1182 1406 1461 1477 ἀνθρώπῳ
1496 1406 1770 1460 ἀπολῦσαι

167 1495 265 1565 τὴν
298 1498 543 1563 γυναῖκα
578 1496 746 1549 αὐτοῦ
787 1496 929 1548 κατὰ
961 1498 1140 1549 πᾶσαν
1182 1500 1397 1563 αίτίαν;
1443 1498 1501 1552 ὐ
1526 1498 1585 1552 δὲ
1632 1500 1771 1552 ἁπο-

168 1591 380 1660 κριῦεὶς
412 1584 571 1641 εἶπεν
621 1590 827 1651 αὐτοῖς·
882 1589 993 1640 Οὐκ
1050 1588 1323 1655 ἀνέγνωτε
1359 1590 1440 1642 ὅτι
1471 1589 1499 1641 6
1536 1592 1772 1661 ποιήσας

166 1684 260 1737 ἀπ’
290 1683 496 1753 ἀρχῆς,
530 1683 698 1751 ἄρσεν
741 1681 838 1733 καὶ
896 1680 1029 1750 θῆλυ
1070 1682 1328 1750 ἐποίησεν
1364 1682 1612 1749 αὑτούςς
1673 1683 1770 1736 καὶ

1878 578 2081 632 debaut
2117 580 2168 632 in
2204 577 2414 647 Judzea,
2447 580 2590 649 quod
2621 596 2727 635 non
2775 580 3118 650 frequentius
3151 587 3294 654 apud
3331 585 3479 653 ipsos

1876 681 2211 737 versaretur,
2247 670 2342 727 sed
2383 673 2525 741 apud
2573 670 2845 729 Galilzeos.
2898 674 3100 731 lterum
3150 678 3319 746 igitur
3352 686 3477 747 post

1876 764 2208 824 doctrinam.
2239 773 2293 817 et
2332 764 2730 819 consummatis
2775 767 3124 822 sermonibus
3167 777 3475 836 sequuntur

1878 856 2163 909 miracula.
2200 854 2427 924 Oportet
2471 855 2617 908 enim
2662 871 2758 909 nos
2782 866 2836 910 et
2872 857 3072 912 docere
3131 868 3184 912 et
3212 858 3470 926 Operari:

1875 957 1929 1000 at
1958 949 2277 1016 insipientes
2301 948 2377 1001 illi
2398 946 2659 1001 Pharisaei
2694 962 2816 1002 cum
2841 950 2974 1004 visis
3009 951 3288 1007 miraculis
3311 964 3474 1021 opor-

1877 1041 2026 1094 tebat
2048 1042 2295 1105 credere,
2326 1048 2559 1095 tentant.
2593 1040 2733 1094 Audi
2766 1042 2933 1099 enim.

1945 1303 2115 1362 Vens.
2176 1304 2300 1361 3-6.
2349 1324 2369 1357 ι
2430 1307 2499 1361 Et
2537 1319 2887 1364 accesserunt
2932 1311 2998 1364 ad
3040 1323 3163 1362 eum
3213 1307 3473 1365 Pbarisai

1878 1410 2152 1455 tentantes
2178 1400 2352 1461 illum.
2384 1410 2440 1455 et
2464 1402 2707 1457 dicentes
2736 1418 2752 1456 :
2791 1402 3013 1457 Licetne
3058 1403 3259 1456 homini
3286 1402 3476 1455 divor-

1880 1493 2013 1547 tium
2055 1490 2242 1547 facere
2265 1508 2387 1547 cum
2432 1508 2604 1547 uxore
2628 1511 2723 1549 sua
2756 1496 2999 1562 qualibet
3025 1509 3091 1549 ex
3134 1495 3340 1549 causa?
3372 1494 3473 1561 Qui

1874 1587 2209 1653 respOndens
2237 1586 2432 1649 aiteis,
2461 1588 2541 1639 An
2572 1603 2675 1639 non
2711 1586 2923 1655 legistis
2945 1586 3085 1655 quod
3117 1588 3161 1641 is
3204 1587 3293 1654 qui
3340 1586 3469 1641 fecit

1874 1675 1943 1729 ab
1980 1676 2151 1739 initio,
2190 1678 2492 1730 masculum
2527 1684 2581 1728 et
2614 1678 2872 1738 rentinam
2906 1676 3035 1730 fecit
3070 1676 3202 1731 eos?
3234 1686 3288 1729 et
3316 1676 3471 1738 dixit,

166 1770 361 1826 εἶπεν
430 1774 666 1825 Ἕνεκεν
718 1771 914 1824 τούτου
965 1772 1289 1841 καταλείψει
1340 1772 1629 1842 ἄνθρωπος
1676 1773 1764 1826 τὸν

1876 1767 2166 1836 Propterea
2192 1768 2406 1823 deseret
2435 1770 2599 1822 homo
2623 1778 2831 1837 patrem
2857 1784 3017 1822 suum
3057 1780 3111 1824 et
3140 1778 3390 1833 matrem,
3420 1778 3475 1823 et

167 1846 389 1932 πατέρα
431 1865 602 1917 αὑτοῦ
659 1864 753 1916 καὶ
808 1865 909 1934 τὴν
942 1865 1177 1933 μητέρα,
1218 1868 1313 1916 καὶ⁸
1346 1841 1762 1936 προσκολληθή-

1876 1863 2301 1931 :tdglutinabitur
2326 1863 2481 1917 uxori
2512 1879 2643 1927 sua),
2675 1873 2730 1917 et
2756 1874 2921 1916 erunt
2956 1865 3133 1917 dnoin
3159 1878 3471 1917 cartteuna.

165 1974 319 2010 σεται
344 1960 412 2026 τῇ
438 1956 667 2023 γυναικὶ
691 1954 882 2018 αὐτοῦ,
908 1955 999 2008 καὶ
1030 1956 1245 2009 ἔσονται
1266 1957 1315 2008 oi
1349 1954 1443 2009 δύο
1473 1959 1552 2020 είς
1586 1958 1766 2027 σάρκα

168 2048 315 2117 μίαν.
383 2048 550 2100 Ὥστε
589 2048 690 2099 οὐκ
735 2045 814 2099 ἔτι
855 2048 961 2099 sici.
1002 2046 1115 2113 δύο,
1170 2047 1307 2101 άλλὰ
1348 2049 1485 2118 σὰρξ
1542 2049 1662 2118 μία.
1702 2051 1765 2104 Ὃ

163 2136 255 2193 οὖν
295 2142 324 2193 6
366 2139 505 2202 Θεδς
538 2138 883 2203 συνέζευξεν,
933 2138 1223 2209 ἄνθρωπος
1265 2142 1340 2209 μὴ
1392 2141 1698 2211 χωριζέτω.
1735 2161 1753 2194 ι

167 2234 228 2285 Ὦ
271 2234 379 2302 τῆς
414 2230 640 2294 ἀνοίαςί
672 2232 844 2302 ᾤοντο
884 2232 1262 2300 ἐπιστομίσειν
1288 2234 1375 2286 διὰ
1410 2234 1519 2285 τῶν
1549 2238 1764 2305 ἐρωτη-

171 2325 360 2393 μάτων
400 2324 498 2378 τὸν
548 2323 806 2395 Χριστόν
847 2323 941 2377 ἐὰν
970 2325 1078 2394 γὰρ
1131 2320 1261 2395 εἴπῃ
1290 2326 1370 2378 ὅτι
1408 2325 1591 2392 ἔξεστι
1623 2328 1765 2382 κατὰ

165 2418 347 2469 πᾶσαν
383 2417 575 2469 αίτίαν
608 2414 875 2479 ἀπολύειν
917 2416 1015 2485 τὴν
1069 2418 1330 2483 γυναῖκα,
1366 2417 1555 2481 ἕξουσι
1584 2417 1766 2485 λέγειν

164 2509 329 2579 αὐτῷ’
370 2508 499 2571 Πῶς
530 2503 623 2561 οὖν
666 2504 852 2575 εἶπας,
892 2509 1087 2577 ὃτιΜὴ
1125 2508 1411 2563 ἀπολυέτω
1456 2528 1541 2573 τις
1592 2513 1640 2564 εί
1691 2513 1765 2583 μὴ

165 2602 261 2672 τὴν
301 2602 600 2671 μοιχαλίδα
654 2603 839 2672 μόνον·
885 2604 932 2654 εί
986 2603 1041 2656 δὶ
1097 2603 1229 2676 εῐπῃ
1275 2604 1359 2657 ὅτι
1406 2605 1507 2658 οὐκ
1554 2605 1765 2671 ἔξεστιν

171 2693 435 2746 ἀπολύειν
486 2694 589 2761 τὴν
632 2696 891 2759 γυναῖκα,
918 2694 1271 2748 διαὸαλοῦσιν
1302 2696 1467 2750 αὑτὸν
1498 2697 1573 2760 ὡς
1604 2700 1761 2751 ἀντι-

172 2784 575 2853 νομοθετοῦντα
631 2784 710 2855 τῷ
758 2786 968 2843 Menesi.
1014 2788 1255 2852 Ἐκεῖνος
1312 2790 1422 2861 γὰρ
1477 2790 1767 2843 ἐκέλευσεν

168 2878 456 2931 ἐκϐάλλειν
489 2878 590 2949 τὴν
618 2878 965 2947 μισηθεῖσαν,
990 2881 1083 2933 καὶ
1108 2882 1278 2951 χωρὶς
1309 2881 1537 2948 εὐλόγου
1560 2883 1766 2946 αἰτίας.

174 2965 234 3018 Τί
267 2965 361 3019 οὖν
387 2969 414 3019 6
440 2967 679 3033 Χριστός
704 2984 722 3032 ;
748 2968 1033 3021 Δείκνυσιν
1062 2970 1144 3023 ὅτι
1168 2970 1261 3023 τοῦ
1292 2971 1601 3035 πλάσαντος
1620 2973 1769 3043 ἡμᾶς

171 3056 225 3121 ἐξ
255 3057 434 3128 ἀρχῆς
479 3058 643 3128 ἔργον
685 3058 805 3110 ἐστὶ
854 3059 949 3110 καί
995 3061 1285 3130 νομοθεσία
1350 3064 1383 3131 ὴ
1435 3062 1768 3132 μονογαμία.

1872 1954 2064 2023 Itaque
2109 1956 2222 2022 jam
2256 1970 2361 2008 non
2392 1964 2518 2010 sunt
2542 1956 2669 2017 duo,
2699 1954 2793 2009 sed
2838 1971 2944 2008 una
2983 1970 3134 2008 caro.
3163 1954 3316 2021 Quod
3344 1968 3476 2025 ergo

1872 2048 2016 2102 Deus
2040 2046 2335 2115 copulavit,
2358 2049 2518 2101 homo
2547 2062 2654 2100 non
2677 2048 2913 2115 separet.
2951 2066 2970 2099 ι
2998 2044 3043 2101 Ο
3067 2043 3471 2115 insipientiam!

1869 2141 2236 2209 opinabantur
2263 2139 2660 2208 quaestionibus
2685 2139 2798 2193 suis
2821 2138 3100 2192 Christum
3131 2153 3192 2193 se
3217 2136 3469 2203 confuta-

1872 2243 2057 2287 turos:
2096 2247 2222 2286 nam
2260 2234 2306 2287 si
2334 2233 2570 2287 dixisset
2620 2232 2790 2287 licere
2843 2246 3173 2301 quacunque
3208 2233 3273 2286 de
3298 2244 3472 2285 causa

1871 2326 2146 2379 dimittere
2182 2340 2429 2386 uxorem.
2470 2326 2785 2394 potuissent
2814 2324 2888 2378 illi
2927 2326 3148 2378 dicere:
3190 2321 3474 2389 Quomodo

1871 2417 2035 2486 igitur
2064 2416 2270 2480 dixisti,
2314 2415 2392 2469 Ne
2439 2417 2565 2484 quis
2602 2416 2859 2477 dimittat,
2897 2416 2997 2469 nisi
3037 2415 3339 2467 adulteram
3376 2426 3470 2466 so-

1870 2510 1974 2563 lam
1997 2509 2019 2562 ?
2043 2510 2097 2561 Si
2119 2516 2302 2563 autem
2328 2510 2561 2562 dixisset
2590 2523 2695 2561 non
2734 2508 2895 2561 licere
2914 2507 3191 2561 dimittere
3223 2517 3474 2567 uxorem,

1870 2602 2182 2668 arguissent
2207 2616 2330 2655 eum
2375 2610 2431 2653 ut
2464 2599 2839 2653 adversarium
2873 2598 3033 2652 Mosi.
3067 2597 3161 2651 Ille
3192 2595 3478 2665 euitnjus-

1871 2697 1942 2749 sit
1974 2706 2031 2749 ut
2062 2695 2438 2749 dimitteretur
2464 2694 2590 2749 odio
2624 2694 2807 2747 habita
2840 2691 2906 2754 '°.
2945 2703 2998 2746 et
3043 2694 3258 2761 absque
3295 2693 3468 2745 ardua

1871 2796 1922 2841 et
1946 2786 2255 2840 rationabili
2294 2801 2484 2839 causa.
2520 2785 2660 2850 Quid
2696 2786 2863 2855 igitur
2891 2785 3184 2839 Christus?
3225 2781 3478 2837 Ostendit

1873 2894 2008 2947 Opus
2039 2890 2094 2932 et
2129 2878 2532 2947 legislationem
2562 2878 2681 2947 ejus
2712 2878 2803 2944 qui
2838 2894 2934 2930 nos
2985 2893 3011 2930 ιι
3064 2878 3330 2945 principio
3360 2875 3477 2931 for-

1874 2971 2066 3032 mavit,
2118 2985 2242 3023 esse
2287 2972 2717 3040 monogaminm.
2764 2971 2846 3023 Ab
2903 2970 3059 3022 initio
3103 2971 3249 3022 enim
3307 2983 3474 3021 unum

1868 3062 2164 3131 conjunxit
2213 3062 2357 3117 Deus
2400 3065 2489 3116 uui
2519 3080 2531 3117 :
2567 3072 2733 3131 atque
2770 3065 2843 3115 ita
2904 3077 3009 3115 non
3059 3069 3275 3127 oportet
3308 3076 3475 3114 unum

184 3149 265 3215 Ἐξ
317 3150 507 3221 ἀρῖἦς
546 3151 678 3220 γὰρ.
714 3151 904 3219 φησιν,
937 3152 1029 3203 ἕνα
1064 3154 1385 3217 συνέζευξεν
1414 3156 1443 3207 6
1477 3155 1609 3218 Θεὸς

1876 3158 2054 3210 virum
2079 3156 2339 3226 conjungi
2391 3157 2579 3211 multis
2615 3156 2956 3217 mulieribus,
2986 3172 3162 3223 neque
3191 3153 3477 3209 mulierem

170 3238 303 3292 time
364 3241 429 3292 οὐ
477 3241 559 3293 δεῖ
612 3242 709 3294 ἕνα
742 3240 913 3312 ἄνδρα
966 3243 1186 3307 πολλαῖς
1222 3246 1618 3306 συνάπτεσθαι,
1652 3248 1774 3300 οὐδὲ

168 3330 289 3399 μίαν
311 3329 555 3392 πολλοῖς’
582 3329 697 3383 ἀλλ’
719 3331 795 3394 ὡς
826 3329 884 3396 ἐξ
910 3333 1084 3402 ἀρχῆς
1120 3334 1517 3405 συνεζύγησαν,
1564 3338 1769 3404 μένειν,

174 3424 243 3490 μὴ
295 3422 650 3485 διασπῶντας
680 3423 779 3489 τὴν
818 3424 1129 3494 συνοίκησιν
1153 3428 1384 3494 ἀλόγωςο
1416 3431 1517 3482 οὐκ
1542 3426 1662 3483 εἷπε
1688 3433 1767 3494 δὲ,

166 3513 240 3568 δτι
277 3513 425 3582 Ἐγὼ
464 3516 701 3584 ἐποίησα
736 3516 903 3585 ἄρσεν
930 3520 1024 3571 καὶ
1058 3518 1215 3588 θῆλυ,
1244 3521 1330 3572 ἴνα
1360 3522 1434 3592 μὴ
1462 3524 1640 3596 πλήξῃ
1680 3528 1771 3580 ai-

167 3607 305 3673 τοὺς,
343 3606 466 3661 ἀλλ’
504 3608 797 3679 ἀορίστως,
846 3612 874 3665 6
914 3612 1166 3683 ποιήσας.
1206 3611 1394 3679 Οὕτως
1438 3614 1553 3681 οὖν,
1611 3622 1766 3688 φησι,

169 3703 640 3772 περισπούδαστόν
672 3704 790 3756 ἐστι
824 3705 898 3775 τῷ
926 3706 1044 3776 Θεῷ
1082 3708 1140 3759 τὸ
1185 3708 1283 3776 τῆς
1316 3710 1580 3778 συζυγίας
1621 3716 1766 3779 ἀγα-

168 3790 269 3857 θδν,
323 3794 472 3847 ὥστε
513 3795 609 3847 καὶ
634 3796 763 3856 τοὺς
794 3799 972 3862 γονεῖς
998 3799 1379 3869 συνεχώρησεν
1408 3800 1645 3868 ἀφιέναι.
1677 3804 1770 3854 καὶ

168 3884 463 3939 κολλᾶσθαι
516 3888 631 3949 τοῖς
675 3886 951 3957 ἀνδράσιν.
994 3890 1115 3953 Πῶς
1144 3890 1201 3943 δὲ
1236 3894 1291 3943 ὲν
1321 3894 1419 3961 μὲν
1445 3896 1509 3963 τῇ
1546 3894 1769 3947 Γενέσει

170 3974 481 4043 γέγραπται
510 3977 593 4029 ὅτι
625 3977 653 4029 6
685 3976 862 4046 ’Δδὰμ
898 3973 1017 4032 εἷπε
1054 3980 1135 4046 τὸ,
1190 3981 1337 4035 ’Δντὶ
1371 3982 1563 4035 τούτου
1601 4001 1771 4037 κατα-

166 4064 329 4135 λείψει
361 4069 655 4139 ἄνθρωπος
683 4069 776 4122 τὸν
810 4071 1021 4141 πατέρα
1053 4071 1223 4125 αὐτοῦ
1255 4074 1352 4126 καὶ
1390 4076 1490 4145 τὴν
1531 4078 1767 4147 μητέρα,

165 4156 393 4212 ινταῦθα
420 4160 480 4212 δέ
514 4178 679 4229 φησιν
708 4164 736 4214 6
761 4162 993 4232 Χριστὸς
1025 4165 1108 4217 ὅτι
1134 4166 1161 4219 6
1193 4164 1326 4228 Θεὸς
1345 4161 1764 4223 είπεν·Ἕνεκεν

165 4252 348 4305 τούτου
374 4252 727 4322 καταλείψει,
754 4256 848 4307 καί⁵
879 4258 948 4308 τὰ
971 4256 1137 4323 ὲξῆςς
1178 4259 1429 4329 Λέγομεν
1449 4256 1540 4315 οὖν
1565 4263 1647 4315 ὃτι
1671 4270 1767 4317 καί⁸

164 4338 364 4396 δεῖπεν
413 4346 443 4396 6
483 4343 682 4414 ’ASip,
713 4348 777 4398 ὲκ
806 4345 941 4399 Θεοῦ
979 4345 1131 4401 εἶπεν
1160 4366 1173 4378 ·
1204 4350 1347 4405 ὥστε
1386 4353 1415 4405 6
1455 4354 1549 4407 τοῦ
1597 4356 1766 4423 Ἀδὰμ.

165 4432 309 4499 λόγος
360 4433 462 4487 τοῦ
519 4436 655 4489 Θεοῦ
692 4439 861 4492 ἐστιν.
912 4441 1065 4493 Ἐπεὶ
1098 4442 1281 4497 τοίνυν
1318 4446 1416 4514 μία
1461 4446 1603 4517 σὰρξ
1634 4450 1759 4516 sys-

1884 3265 2046 3303 uuam
2079 3249 2447 3303 virismultis:
2489 3252 2583 3302 sed
2623 3264 2719 3303 eos
2744 3250 2883 3302 sicut
2915 3251 2982 3301 ab
3017 3248 3171 3301 initio
3198 3244 3479 3315 conjunCti

1881 3341 2124 3404 filerunt,
2176 3356 2421 3405 manere,
2463 3358 2638 3409 neque
2678 3341 2884 3408 absque
2909 3339 3482 3393 causa'cobahitatio-

1881 3449 2004 3487 neut
2049 3433 2331 3487 divellere.
2366 3432 2482 3486 Non
2510 3436 2640 3487 dicit
2668 3443 2870 3495 autem,
2905 3431 3017 3497 Ego
3036 3431 3137 3486 feci
3175 3431 3480 3486 masculum

1880 3534 1933 3581 et
1967 3524 2221 3580 feminam
2246 3567 2260 3590 ,
2323 3524 2483 3595 100
2522 3542 2588 3580 ne
2626 3526 2747 3595 plus
2772 3540 2868 3579 eos
2909 3533 3233 3593 exasperet;
3268 3523 3387 3590 sed,
3429 3523 3479 3577 ls

1880 3621 1969 3687 qtti
2012 3618 2167 3679 fecit,
2222 3619 2526 3672 indelinile.
2555 3619 2731 3685 Atque
2767 3619 2840 3671 ita
2869 3619 3000 3672 dicit
3039 3620 3277 3671 maxime
3331 3631 3482 3671 cura:

1881 3710 2047 3764 fuisse
2085 3707 2194 3762 Deo
2227 3709 2462 3779 coniugii
2513 3709 2739 3771 bonum.
2793 3719 2849 3762 ut
2936 3710 3252 3779 permiserit
3308 3710 3479 3763 etiam

1878 3812 2135 3871 parentes
2176 3800 2404 3866 dimitti,
2434 3812 2489 3854 et
2547 3802 2680 3855 viris
2716 3802 3022 3855 adhaerere.
3062 3800 3347 3865 Quomodo
3376 3813 3479 3853 au-

1878 3904 1985 3948 tcm
2022 3894 2074 3947 iu
2109 3893 2307 3949 Genesi
2340 3894 2601 3952 scriptum
2629 3905 2712 3949 est
2742 3911 2753 3945 :
2794 3895 2964 3948 Adam
2995 3894 3154 3957 dixit,
3180 3892 3478 3962 Propterea

1876 3988 2091 4042 deseret
2138 3988 2299 4043 homo
2364 3996 2576 4057 patrem
2632 4004 2791 4042 suum
2846 3998 2901 4043 et
2940 3997 3170 4041 matrem
3232 3986 3323 4054 “;
3390 3985 3480 4040 hic

1873 4093 2054 4137 autem
2088 4082 2219 4136 dicit
2248 4079 2540 4135 Christus:
2573 4080 2712 4135 Deus
2733 4081 2893 4147 dixit,
2921 4078 3476 4149 Pr0pterea1deseret,

1874 4188 1938 4227 ac
1962 4174 2208 4228 caetera?
2262 4172 2508 4227 Dicimus
2546 4174 2714 4243 igitur
2757 4174 2905 4240 quod
2938 4181 2991 4225 ct
3027 4172 3076 4225 id
3108 4172 3254 4242 quod
3305 4170 3476 4225 Adam

1871 4267 2110 4333 dixit,ex
2138 4264 2248 4322 Deo
2269 4266 2427 4329 dixit,
2450 4276 2615 4333 atque
2643 4266 2715 4319 ita
2738 4280 2919 4319 sermo
2936 4264 3064 4318 Adae
3108 4263 3198 4317 Dei
3238 4272 3344 4317 est.
3372 4260 3481 4331 ἰδία

1873 4370 1959 4414 tur
1986 4362 2110 4428 quia
2136 4376 2241 4414 una
2271 4374 2401 4414 caro
2423 4358 2548 4412 lat-ti
2582 4368 2729 4422 sunt,
2749 4366 2803 4412 et
2827 4366 3046 4426 propter
3074 4356 3279 4410 coitum
3307 4362 3362 4409 et
3385 4371 3483 4410 na--

1873 4448 2104 4501 turalem
2125 4463 2366 4502 amorem
2395 4450 2736 4502 cohaerentes
2760 4464 2771 4501 :
2794 4447 2935 4501 sicut
2954 4446 3179 4515 impium
3206 4456 3291 4501 est
3319 4460 3475 4500 suam

164 4542 326 4591 νοντο,
397 4526 497 4580 καὶ
545 4526 632 4582 διὰ
662 4528 761 4598 τὴν
790 4530 937 4599 μίξιν
986 4534 1081 4586 καὶ
1118 4535 1213 4604 τὴν
1242 4540 1481 4608 φυσικὴν
1512 4542 1750 4609 στοργὴν

1876 4554 2077 4595 :arnem
2110 4540 2373 4604 dividere,
2412 4541 2481 4593 ita
2515 4548 2569 4593 et
2598 4538 2855 4609 coniuges
2884 4540 3161 4593 divellere.
3195 4538 3310 4592 Non
3340 4540 3478 4593 dixit

165 4620 515 4691 κολλώμενοι,
550 4620 743 4695 ὥσπερ
778 4625 971 4691 ὲναγὲς
1009 4626 1128 4679 ἔστι
1158 4629 1216 4681 τὸ
1244 4629 1343 4699 τὴν
1375 4632 1583 4683 οἰκείαν
1617 4634 1751 4704 σάρ-

167 4727 229 4766 κα
250 4715 497 4783 τέμνειν,
527 4715 671 4768 οὕτω
692 4718 786 4768 καὶ
817 4716 877 4768 τὸ
904 4717 1140 4790 διασπᾷν
1168 4722 1293 4788 τοὺς
1324 4720 1615 4789 συζύγους’
1652 4725 1753 4777 οὐκ

168 4801 276 4859 εἷπε
312 4806 392 4869 δὲ,
434 4808 528 4877 Μὴ
561 4810 843 4878 χωριζέτω
884 4812 1115 4881 Μωσῆς.
1144 4812 1233 4866 ἵνα
1277 4815 1353 4883 μὴ
1410 4817 1629 4889 ταράξῃ
1656 4819 1756 4870 αὑ-

165 4898 300 4961 τοὺς,
342 4899 485 4964 ἀλλ’,
536 4901 827 4970 ἄνθρωπος
851 4904 1065 4967 ἁπλῶς,
1095 4904 1357 4961 δεικνύων
1377 4906 1437 4960 τὸ
1463 4910 1628 4978 μέσον
1658 4908 1753 4963 τοῦ

167 4990 523 5056 συζεύξαντος
554 4992 689 5045 Θεοῦ
718 4997 813 5045 καὶ
840 4994 935 5047 τοῦ
983 4996 1296 5062 διαλύοντος
1328 4999 1645 5070 ἀνθρώπου.

232 5101 249 5130 ι
272 5085 546 5151 Λέγουσιν
574 5084 750 5153 αὐτῷ,
780 5086 845 5138 Τί
873 5083 967 5141 οὖν
998 5089 1206 5159 Μωσῆς
1239 5092 1545 5147 ἐνετείλατο
1570 5092 1755 5146 δοῦναι

168 5172 357 5241 βιϐλίον
384 5179 753 5242 ἀποστασίου,
785 5182 879 5233 καὶ
906 5184 1180 5237 ἀπολῦσαι
1207 5185 1379 5257 αὐτήν
1405 5205 1419 5253 ;
1449 5187 1611 5255 Λέγει
1649 5189 1754 5241 αὑ-

166 5271 289 5331 τοῖς,
343 5270 428 5322 ὅτι
488 5270 700 5340 Μωσῆς
750 5274 889 5343 πρὸς
942 5278 1043 5347 τὴν
1102 5279 1546 5349 σκληροκαρδίαν
1597 5281 1754 5350 ὑμῶν

166 5361 457 5434 ἐπέτρεψεν
508 5366 641 5433 ὑμῖν
696 5366 969 5424 ἀπολῦσαι
1012 5372 1112 5434 τὰς
1143 5377 1415 5440 γυναῖκας
1444 5374 1621 5443 ὑμῶν,
1656 5376 1753 5427 ἀπ’

166 5453 324 5525 ἀρχῆς
358 5457 414 5510 δὲ
444 5456 511 5511 οὐ
549 5458 775 5526 γέγονεν
800 5460 989 5525 οὕτως.
1030 5465 1191 5532 Λέγω
1229 5466 1285 5519 δὲ
1325 5466 1451 5536 ὑμῖν
1482 5468 1565 5520 ὅτι
1592 5466 1647 5531 ὃς
1682 5466 1749 5522 ἂν

229 5640 269 5670 ³⁸
302 5641 458 5695 Deut.
492 5656 648 5707 xxiv,
677 5644 732 5697 3.
844 5644 882 5676 “
920 5644 1054 5700 Gen.
1084 5663 1144 5703 η.
1186 5648 1277 5702 Q-i.

234 5819 311 5894 (σ)
347 5824 491 5883 Edit.
522 5825 650 5884 Lut.
682 5826 891 5896 emisit,
923 5839 973 5884 rt
1012 5842 1263 5887 matrem.

1862 4646 2066 4697 autem,
2092 4633 2169 4689 Ne
2200 4643 2419 4705 separet
2440 4620 2635 4697 Moses,
2663 4652 2727 4688 ne
2758 4634 3286 4699 turbaretillos,sed,
3314 4632 3481 4688 homo

1870 4727 2224 4797 simpliciter:
2260 4727 2554 4781 ostendens
2580 4738 2846 4796 quantum
2880 4727 3098 4781 intersit
3120 4728 3263 4781 inter
3304 4722 3475 4779 Deum

1868 4818 2382 4887 conjungentem,et
2416 4816 2695 4873 hominem
2732 4819 3051 4873 solventem.

1938 5096 2104 5150 Vens.
2132 5096 2244 5151 7-9.
2286 5114 2303 5147 ι
2343 5094 2538 5150 Dicunt
2576 5095 2672 5162 illi,
2712 5094 2822 5151 Cur
2882 5096 3045 5165 igitur
3086 5094 3261 5150 Moses
3313 5092 3477 5166 iussit

1868 5190 1999 5243 dare
2027 5190 2269 5244 libellum
2307 5191 2545 5258 repudii,
2583 5200 2637 5244 et
2675 5189 2954 5243 dimittere
3008 5191 3164 5243 eam?
3212 5189 3301 5241 Ait
3346 5189 3471 5251 illis,

1868 5285 2051 5338 Moses
2078 5283 2143 5336 ad
2185 5284 2444 5337 duritiam
2468 5283 2651 5337 cordis
2690 5282 2859 5338 vestri
2906 5281 3157 5352 permisit
3189 5282 3343 5337 vobis
3384 5295 3474 5333 re-

1866 5377 2095 5447 pudiare
2128 5389 2325 5431 uxores
2362 5387 2597 5441 vestras,
2631 5386 2889 5431 caeterum
2920 5375 2988 5429 ab
3024 5375 3179 5429 initio
3214 5389 3327 5429 non
3369 5372 3472 5427 fuit

1865 5468 1970 5523 sic.
2000 5465 2129 5522 Dico
2156 5476 2337 5522 autem
2371 5468 2548 5531 vobis,
2577 5468 2721 5539 quod
2753 5468 3067 5538 quicunque
3097 5462 3469 5538 repudiaverlt
