4004 6420
557 425 661 489 3ξ1
1395 418 1974 478 TIIEUPHYLACTI
2016 414 2216 477 RULG

560 552 787 593 uxorem
819 550 991 600 suam,
1021 525 1123 594 nisi
1150 533 1216 587 oh
1252 541 1517 601 stuprum,
1547 542 1600 584 et
1627 533 1784 584 aliam
1817 529 2052 594 duxerit,
2082 531 2126 582 is
2159 531 2204 586 Δ

556 628 844 684 committit
865 625 1205 682 adulterium.
1238 624 1301 677 Et
1329 624 1419 682 qui
1453 625 1783 691 repudiatam
1818 622 2049 686 duxerit,
2078 622 2122 673 is

549 718 877 784 adulterium
947 715 1257 769 committit.
1306 733 1325 766 ι
1366 712 1498 769 Cum
1560 715 1825 766 vidissent
1871 713 2122 766 Phariszei

561 811 698 876 quod
721 808 976 861 Dominus
1000 808 1142 874 ipsos
1160 807 1512 868 confutasset.
1537 808 1704 859 coacti
1735 805 1950 859 fuerunt
1980 813 2125 871 post-

547 914 623 953 .ca
657 900 704 949 in
739 897 969 950 mrdium
1015 895 1208 950 aﬂ‘erre
1242 895 1424 949 Mosen
1472 894 1929 949 contradicentem
1975 892 2126 948 Chri-

563 1005 589 1043 s
616 1006 678 1043 o:
705 997 756 1041 et
776 989 981 1047 dicunt,
1005 986 1281 1051 Quomodo
1311 968 1471 1057 igitur
1492 985 1664 1039 Moses
1694 985 1962 1052 mandarit
1999 985 2126 1037 dare

564 1081 760 1134 librum
791 1080 1017 1145 repudii,
1052 1089 1100 1134 et
1151 1077 1460 1132 dimittere?
1505 1079 1668 1147 Igitur
1717 1071 1973 1132 Dominus
2010 1092 2127 1129 vcr-

566 1181 681 1222 tens
734 1185 947 1223 Omnem
995 1170 1394 1223 acetisationeut
1447 1170 1503 1222 in
1560 1169 1770 1223 illorum
1815 1178 1995 1235 caput,
2028 1184 2128 1237 pro

563 1259 709 1314 Mos-e
741 1259 1025 1328 l't‘SpOlldct
1058 1275 1120 1313 ac
1152 1261 1311 1314 dicit:
1355 1258 1470 1312 Non
1505 1260 1774 1313 contraria
1814 1260 1921 1313 Deo
1953 1258 2126 1314 Moses

563 1351 865 1413 constituit,
897 1349 989 1403 sed
1019 1351 1083 1402 ad
1107 1361 1339 1402 vestram
1365 1349 1622 1402 duritiam
1663 1348 1763 1403 hoc
1807 1350 2122 1418 pronuntia-

563 1442 677 1493 vit:
725 1453 789 1492 ne
824 1449 1040 1508 propter
1066 1439 1531 1507 intemperantiam
1567 1439 1806 1492 volentes
1840 1439 1960 1493 aliis
1992 1455 2124 1494 con-

556 1530 728 1598 jungi,
758 1530 1075 1584 occideretis
1109 1532 1310 1598 primas
1358 1544 1575 1581 uxores.
1615 1527 1748 1582 Nam
1791 1544 1912 1583 cum
1945 1540 2128 1584 essent

563 1620 861 1681 inhumani,
887 1621 1214 1674 occidissent
1243 1633 1461 1684 uxores,
1485 1620 1526 1673 si
1559 1624 1728 1676 coacti
1761 1621 1987 1676 fuissent
2014 1637 2129 1677 ser-

562 1724 691 1764 vare
721 1712 872 1765 illas:
905 1727 1048 1765 nunc
1077 1725 1257 1765 autem
1294 1714 1528 1767 libellum
1561 1714 1779 1768 divortii
1812 1713 1977 1785 jussit
2013 1715 2125 1768 dari

567 1804 650 1857 his
683 1819 803 1872 quae
849 1819 878 1858 a
928 1807 1060 1860 viris
1105 1806 1229 1859 odio
1260 1807 1622 1861 habebantur.
1661 1809 1770 1876 Ego
1798 1820 1976 1862 autem
2009 1809 2128 1863 dico

565 1893 737 1956 vobis,
782 1894 978 1962 inquit,
1014 1897 1155 1964 quod
1205 1897 1400 1950 bonum
1441 1907 1526 1952 est
1567 1875 1789 1952 uxorem
1818 1914 1934 1966 quae
1964 1899 2131 1953 lorui-
2165 1875 2206 1934 Β

565 1995 684 2036 cata
708 1993 809 2044 est,
845 1984 1059 2051 ejicere,
1094 1995 1346 2054 tanquam
1380 1988 1702 2043 adulteram.
1736 1991 1792 2043 Si
1816 1991 1936 2057 quis
1954 2001 2131 2045 autem

562 2073 785 2136 eiecerit
817 2074 1049 2142 aliquam
1084 2089 1203 2142 quae
1246 2093 1349 2130 nou
1399 2085 1482 2132 est
1525 2077 1812 2143 fornicata,
1854 2091 2046 2135 auctor
2087 2081 2131 2112 "

567 2164 630 2216 ﬁt
673 2164 743 2216 illi
786 2165 1051 2219 adulterii.
1106 2166 1348 2237 lntellige
1379 2179 1559 2222 autem
1593 2173 1732 2239 quod
1780 2173 1868 2240 qui
1899 2174 2135 2228 adhazret

569 2253 813 2318 Domino,
847 2269 988 2307 unus
1026 2257 1248 2324 spiritus
1282 2268 1384 2321 est,
1429 2269 1481 2312 et
1523 2260 1828 2330 conjugium
1864 2272 1947 2317 est
1989 2262 2133 2318 ﬁdeli

565 2359 686 2396 cuni
716 2343 951 2398 Christo.
991 2345 1192 2402 Omnes
1223 2350 1364 2402 enim
1393 2350 1529 2405 idem
1565 2367 1763 2422 corpus
1790 2353 1916 2408 facti
1948 2371 2133 2410 sumus

563 2447 684 2487 cum
720 2450 804 2499 co,
846 2445 901 2488 et
946 2451 1011 2490 ex
1063 2450 1214 2506 parte
1249 2442 1491 2496 membra
1526 2443 1727 2498 Christi
1775 2461 1980 2500 sumus.
2016 2447 2131 2500 Non

565 2522 726 2588 igitur
764 2534 910 2578 recte
955 2528 1078 2593 quis
1127 2539 1302 2596 potest
1357 2536 1596 2601 separari
1653 2551 1681 2590 a
1731 2537 1979 2607 coniugio
2020 2539 2131 2602 tali,

558 2613 713 2682 juxta
738 2630 1038 2674 sermonem
1072 2619 1220 2673 Pauli
1261 2623 1509 2690 dicentis,
1543 2644 1560 2676 ι
1585 2627 1714 2691 Quis
1746 2643 1843 2682 nos
1868 2632 2138 2696 separabit

563 2722 596 2759 a
625 2708 907 2764 dilectione
931 2710 1130 2766 Christi
1147 2713 1227 2766 ".7
1253 2733 1272 2765 ι
1301 2713 1431 2780 Quae
1463 2715 1622 2782 igitur
1661 2717 1800 2772 Deus
1829 2720 2132 2790 conjunxit,

564 2813 738 2867 neque
762 2801 943 2864 homo,
973 2819 1144 2874 neque
1171 2804 1277 2859 alia
1306 2817 1576 2872 creatura,
1605 2822 1778 2877 neque
1804 2810 2001 2879 angeli,
2044 2827 2137 2867 ne-

563 2902 670 2956 que
693 2891 1045 2959 principatus,
1083 2910 1255 2963 neque
1294 2905 1587 2966 potestates
1620 2897 1703 2970 (ut
1748 2897 1947 2955 Paulus
1984 2902 2137 2976 dicit)

563 2995 813 3046 separare
843 2994 1115 3052 ροιοτιιιιι.

636 3162 797 3219 Vsus.
835 3167 921 3221 10.
961 3186 978 3219 ι
1021 3169 1212 3224 Dicunt
1235 3171 1288 3227 ei
1322 3171 1574 3245 discipuli
1610 3175 1762 3244 ejus:
1798 3177 1853 3232 Si
1879 3178 1943 3232 ad
1973 3179 2134 3236 istum

567 3260 780 3309 modum
812 3259 964 3313 habet
988 3276 1148 3314 causa
1181 3264 1417 3319 hominis
1445 3281 1567 3321 cum
1610 3284 1799 3333 uxore,
1836 3286 1940 3324 non
1969 3287 2135 3341 expe-

563 3347 980 3406 ditcoutraltére
1009 3355 1430 3410 matrimonium.
1472 3377 1490 3410 ι
1529 3357 1839 3416 Turhantur
1860 3363 2132 3434 discipuli,

563 3449 618 3490 et
651 3441 879 3495 dicunt:
919 3443 975 3496 Si
1029 3458 1310 3513 propterea
1364 3449 1637 3518 conjuncti
1684 3461 1830 3519 sunt,
1867 3467 1922 3507 ut
1970 3472 2132 3511 unum

567 3532 696 3594 sint,
747 3543 800 3586 et
840 3533 1086 3588 indivulsi
1152 3548 1403 3591 maneant
1450 3556 1542 3608 per
1597 3559 1812 3598 omnem
1843 3546 2027 3612 vitam,
2078 3558 2136 3602 ut

567 3622 730 3674 etiam
772 3624 816 3677 si
841 3625 1083 3691 improba
1114 3628 1312 3696 alioqui
1347 3633 1415 3684 sit
1457 3633 1667 3695 mulier,
1691 3649 1808 3688 eam
1843 3637 1995 3706 101
2034 3638 2135 3705 eji-

565 3727 688 3765 rrre
718 3729 820 3767 non
849 3715 1032 3770 liceat:
1081 3735 1184 3772 non
1219 3723 1436 3790 expedit
1479 3727 1883 3782 matrimonium
1919 3741 2134 3784 contra-

568 3804 697 3858 here
729 3823 741 3860 :
775 3807 941 3862 levius
975 3810 1136 3864 fuerit
1195 3814 1600 3872 matrimonium
1633 3835 1738 3873 non
1786 3827 2131 3892 contrahere,

569 3893 660 3946 sed
695 3912 927 3964 pugnare
964 3910 1016 3952 et
1053 3912 1264 3956 certare
1313 3920 1433 3958 cum
1471 3910 1804 3966 naturalibus
1847 3917 2133 3985 concupis-

569 3990 779 4049 centiis,
824 4007 983 4058 quam
1019 3997 1284 4050 sustinere
1339 3999 1532 4052 malam
1567 4002 1866 4058 mulierem.
1900 4006 2131 4063 Causam

568 4079 712 4130 enim
741 4081 970 4135 hominis
1002 4099 1122 4137 cum
1153 4089 1374 4141 muliere
1411 4091 1538 4144 dicit
1566 4103 1880 4162 perpetuam
1903 4107 1956 4151 et
1997 4101 2137 4154 inse-

570 4171 858 4234 paiahileni
893 4176 1165 4227 unionem.
1199 4175 1449 4231 Nonnulli
1488 4192 1663 4235 autent
1705 4195 1759 4238 et
1809 4189 1888 4241 sic
1935 4189 2133 4243 intelli-

570 4270 732 4324 gttnl:
763 4261 815 4311 Si
843 4263 919 4314 sic
947 4271 1028 4315 cst
1063 4280 1218 4318 causa
1247 4267 1500 4335 hominis,
1530 4274 1628 4327 hoc
1656 4284 1756 4340 est,
1776 4277 1820 4330 si
1845 4283 2134 4346 reprehen-

571 4347 776 4399 sionem
816 4361 867 4414 et
909 4352 1116 4411 cuipam
1160 4356 1439 4410 habiturus
1477 4370 1557 4413 est
1602 4364 1704 4429 vir,
1751 4377 1807 4417 ut
1862 4367 2134 4436 illegitime

567 4438 744 4504 ejicizit
776 4457 1017 4504 uxnrcni,
1050 4461 1151 4498 non
1199 4452 1416 4514 expedit
1467 4454 1864 4510 matrimonium
1914 4472 2132 4516 contra-

567 4532 715 4584 hcic.
2169 4572 2211 4626 υ

645 4626 803 4677 νειμ.
849 4628 930 4678 Η.
976 4645 993 4676 ι
1033 4629 1098 4679 At
1128 4630 1212 4682 ille
1245 4629 1377 4683 dixit
1416 4633 1556 4687 illis:
1596 4634 1711 4689 Non
1747 4653 1935 4693 omnes
1965 4657 2130 4709 etpa-

577 4733 666 4767 ενδ
699 4730 817 4768 sont
845 4719 1000 4786 hujus
1022 4721 1171 4783 dicti,
1212 4725 1305 4775 sed
1337 4727 1529 4793 quibus
1576 4729 1758 4783 datum
1788 4745 1887 4785 est.
1920 4753 1937 4783 ι
1974 4736 2130 4788 Post-

568 4823 725 4875 quam
771 4812 1019 4864 dixerunt
1063 4816 1313 4881 apostoli,
1374 4819 1564 4874 melius
1617 4837 1736 4877 esse
1799 4841 1902 4877 non
1951 4829 2131 4883 venite

569 4905 631 4952 at
666 4906 899 4969 nuptias,
939 4905 1066 4957 dicit
1102 4904 1358 4962 Dominus
1390 4920 1630 4979 magnam
1663 4930 1783 4969 esse
1812 4917 2133 4984 virginitatis

571 4995 984 5058 pOssessiouem,
1046 5011 1100 5048 at
1144 5013 1261 5052 eam
1309 5017 1412 5055 non
1447 5005 1511 5054 ab
1547 5007 1796 5062 omnibus
1831 5023 1974 5063 recte
2019 5026 2133 5064 ser-

571 5088 704 5148 v:u-i,
745 5090 837 5138 sed
885 5088 951 5136 ali
998 5087 1079 5140 his
1121 5092 1402 5156 duntaxat,
1432 5110 1660 5162 quorum
1700 5114 2021 5168 cooperator
2048 5113 2133 5157 est

571 5174 729 5228 Deus.
758 5176 888 5229 Nam
917 5180 1015 5232 hoc
1043 5181 1155 5235 ioco
1183 5185 1361 5238 datum
1394 5199 1490 5253 est,
1547 5190 1702 5251 Valet,
1733 5196 1919 5258 quibus
1951 5213 2134 5262 coope-

572 5283 720 5319 rmur
756 5270 912 5323 Deus.
949 5271 1056 5324 Illis
1099 5286 1273 5328 autent
1319 5280 1494 5344 datur,
1530 5284 1617 5349 qui
1651 5296 1853 5350 petunt,
1900 5306 1915 5333 σ
1957 5291 2132 5343 Petite

569 5363 738 5424 enim,
784 5361 976 5427 inquit,
1037 5374 1088 5417 et
1140 5367 1352 5420 dabitur
1399 5373 1550 5426 vobis
1604 5374 1664 5426 ³⁸.
1741 5374 1929 5433 Omnis
1963 5381 2129 5445 enim,

570 5445 766 5511 inquit,
803 5453 891 5519 qui
921 5455 1071 5517 petit,
1109 5457 1304 5526 accipit
1342 5460 1407 5512 ³⁸.
1443 5479 1454 5496 ν

649 5536 818 5596 Vens.
844 5543 928 5595 l2.
965 5561 983 5595 ι
1033 5544 1169 5598 Sunt
1204 5550 1346 5602 enim
1390 5556 1646 5618 eunuchi,
1681 5560 1772 5626 qui
1827 5563 1888 5614 de
1950 5567 2135 5621 matris

576 5642 729 5684 utero
763 5634 839 5688 sic
870 5637 978 5690 nati
1007 5650 1162 5693 sunt:
1210 5651 1264 5694 et
1303 5655 1420 5696 sunt
1459 5655 1688 5702 eunuchi
1724 5655 1811 5720 qui
1849 5654 1977 5708 facti
2010 5669 2135 5711 sunt

655 5811 696 5839 ³¹
731 5807 748 5861 l
782 5809 906 5865 Cur.
959 5829 1030 5880 τι,
1057 5815 1140 5869 17.

1222 5819 1264 5848 ³³
1305 5817 1461 5875 Rom.
1516 5839 1630 5889 \‘lil,
1678 5827 1764 5881 55.
1844 5830 1885 5860 3"
1915 5830 2045 5887 Luc.
2079 5851 2148 5902 xi,
2181 5836 2230 5891 9.

2221 414 2429 481 ΑΒῐιΕ
2472 414 2827 476 ARCHlEP.
3685 407 3805 475 352

2233 525 2480 598 ἀπολύσῃ
2531 525 2632 594 τὴν
2691 528 2926 594 γυναῖκα
2972 523 3137 578 αὐτοῦ
3188 524 3262 595 μὴ
3311 523 3403 578 ἐπὶ
3438 524 3683 594 πορνείᾳ,
3711 523 3818 576 καὶ

2231 619 2457 690 γαμήσῃ
2478 619 2663 689 ἄλλην,
2702 620 2978 689 μοιχᾶται.
3006 617 3112 671 Καὶ
3140 620 3167 670 6
3191 617 3600 687 ἀπολελυμένην
3619 616 3818 686 γαμή-

2234 729 2352 772 σας,
2391 713 2668 781 μοιχᾶται.
2705 732 2723 764 ι
2763 713 2826 766 Οί
2847 711 3128 782 Φαρισαῖοι
3175 708 3374 770 ἰδόντες
3402 708 3483 760 ὃτι
3535 710 3563 759 6
3602 707 3820 774 Κύριος

2233 803 2595 871 ἐπεστόμισεν
2631 802 2854 866 αὐτοὺς,
2894 799 3320 868 ἠναγκάσθησαν
3367 797 3571 862 λοιπὸν,
3605 798 3698 849 καὶ
3726 796 3821 858 εις

2237 895 2400 964 μέσον
2457 896 2650 959 ἄγουσι
2698 894 2789 946 τὸν
2851 891 3095 959 Μωῦσῆν
3155 889 3682 958 ἀντινομοθετοῦντα
3728 888 3816 951 τῷ

2233 984 2452 1052 Χριστῷ
2481 1025 2494 1047 ,
2534 984 2627 1036 καί
2679 999 2834 1050 φασι·
2873 983 2996 1044 Πῶς
3021 977 3115 1034 οὖν
3147 980 3351 1043 Μωσῆς
3381 979 3681 1030 ἐνετείλατο
3717 975 3814 1044 βι-

2233 1074 2380 1126 ϐλίον
2419 1075 2750 1127 ἀποστασίου
2805 1073 3015 1133 δοῦναι,
3081 1069 3176 1121 καὶ
3243 1068 3541 1132 ἀπολύειν;
3593 1067 3650 1118 Ὀ
3709 1060 3816 1117 οὖν

2235 1167 2438 1235 Κύριος
2467 1165 2816 1236 περιτρέπων
2857 1165 2918 1216 τὸ
2941 1165 3048 1216 πᾶν
3078 1165 3176 1231 τῆς
3212 1159 3547 1229 κατηγορίας
3579 1159 3659 1220 είς
3702 1156 3814 1225 τὴν

2235 1260 2460 1312 ἐκείνων
2497 1258 2775 1327 κεφαλὴν,
2832 1258 2971 1326 ὑπὲρ
3021 1256 3264 1316 Μωσέως
3305 1253 3679 1319 ἀπολογεῖται,
3716 1248 3820 1301 καί

2237 1367 2426 1419 φησιν·
2463 1351 2577 1402 Οὐκ
2623 1349 2843 1401 ἐναντία
2877 1347 2956 1416 τῷ
3010 1345 3129 1415 6εῴ
3179 1347 3206 1396 6
3263 1346 3469 1412 Μωσῆς
3503 1339 3823 1410 νομοθετῶν

2238 1442 2392 1494 τοῦτό
2446 1457 2633 1512 φησιν,
2671 1441 2806 1495 ἀλλὰ
2852 1440 2987 1512 πρὸς
3038 1439 3136 1507 τὴν
3189 1438 3464 1506 ὑμετέραν
3507 1433 3823 1503 μοχθηρίαν

2237 1533 2396 1586 τοῦτο
2443 1533 2855 1602 ἐνομοθέτησεν’
2903 1532 2990 1583 ἵνα
3026 1531 3100 1600 μή
3135 1530 3200 1581 δι’
3237 1527 3532 1580 ἀκολασίαν
3567 1525 3825 1585 Θέλοντες

2237 1627 2451 1695 ἑτέραις
2495 1629 2751 1690 συνεῖναι,
2806 1623 3027 1693 ἀνέλητε
3057 1624 3152 1683 τὰς
3215 1620 3485 1688 προτέρας
3523 1618 3821 1685 γυναῖκας.

2251 1720 2505 1789 Ἀπηνεῖς
2549 1718 2659 1788 γὰρ
2701 1719 2876 1780 ὄντες,
2917 1718 3172 1785 ἐφόνευον
3222 1715 3287 1768 ἂν
3315 1717 3414 1776 τὰς
3447 1715 3733 1781 γυναῖκας,
3764 1712 3823 1764 ει

2237 1809 2614 1880 ἠναγκάζοντο
2663 1811 2919 1879 κατέχειν
2953 1810 3142 1871 αὑτάς.
3191 1808 3307 1860 Νῦν
3334 1807 3389 1859 δέ
3430 1806 3634 1874 βιϐλίον
3671 1805 3824 1857 ἀπο-

2238 1903 2457 1956 στασίου
2496 1901 2794 1971 προσέταξε
2845 1900 3046 1952 διδόναι
3102 1901 3222 1960 ταῖς
3266 1900 3630 1966 μισουμέναις
3663 1893 3826 1965 παρὰ

2234 1997 2343 2049 τῶν
2364 1994 2590 2064 ἀνδρῶν.
2610 1992 2752 2061 Ἐγὼ
2783 1993 2838 2045 δὲ
2883 1992 3028 2057 λέγω
3059 1991 3207 2060 ὑμῖν,
3239 1990 3426 2060 φησιν,
3452 1991 3534 2042 ὃτι
3561 1993 3660 2059 τὴν
3683 2005 3830 2058 πορ-

2236 2086 2524 2139 νευθεῖσαν
2575 2087 2813 2153 γυναῖκα
2872 2083 3036 2136 καλὸν
3068 2082 3350 2134 ἐκϐάλλειν
3384 2081 3458 2145 ὡς
3504 2079 3823 2151 μοιχαλίδα·

2237 2179 2332 2232 ἐὰν
2371 2178 2427 2230 δέ
2454 2178 2553 2248 τὴν
2590 2177 2667 2247 μὴ
2693 2176 3086 2247 πορνευθεῖσαν
3129 2175 3339 2244 ἐκὸάλῃ
3369 2191 3454 2236 τις
3478 2214 3492 2238 ,
3529 2172 3830 2243 παραίτιος

2237 2273 2373 2342 αὐτῇ
2407 2273 2619 2340 γίνεται
2666 2272 2931 2340 μοιχείας
2961 2269 3070 2322 νόει
3103 2269 3159 2321 δὲ
3191 2269 3285 2320 καὶ
3316 2267 3496 2331 τοῦτο,
3532 2267 3614 2319 ὄτι
3638 2267 3666 2317 6
3696 2265 3833 2318 κολ-

2238 2363 2478 2432 λώμενος
2510 2362 2586 2433 τῷ
2619 2363 2831 2432 Κυρίῳ,
2884 2359 2943 2413 ἓν
2974 2359 3194 2429 πνεῦμά
3259 2361 3401 2422 ἐστι,
3452 2359 3545 2411 καὶ
3583 2355 3829 2423 συζυγία

2240 2455 2446 2523 γίνεται
2491 2454 2570 2523 τῷ
2602 2452 2779 2522 πιστῷ
2811 2452 2950 2522 πρὸς
2997 2450 3252 2521 Χριστόν.
3306 2451 3516 2512 Πάντες
3550 2449 3658 2518 γὰρ
3688 2449 3834 2500 σύσ-

2242 2563 2415 2615 σωμοι
2467 2545 2774 2615 γεγόναμεν
2833 2543 3007 2613 αὐτῷ,
3047 2544 3142 2596 καὶ
3177 2543 3313 2614 μέλη
3355 2544 3418 2595 ἐκ
3449 2542 3648 2611 μέρους
3677 2542 3832 2612 Χρι-

2241 2638 2368 2692 στοῦ
2402 2655 2561 2707 σμεν.
2609 2637 2806 2699 Καλῶς
2848 2634 2942 2689 οὖν
2974 2637 3035 2688 οὐ
3075 2635 3299 2688 δύναταί
3328 2651 3412 2694 τις
3454 2634 3689 2704 χωρίσαι
3721 2634 3826 2702 τὴν

2237 2709 2494 2800 τοιαῦτην
2535 2729 2822 2796 συζυγίαν,
2880 2727 3024 2780 κατά
3078 2727 3170 2778 τὸν
3221 2725 3315 2778 τοῦ
3370 2724 3585 2778 Παύλου
3635 2724 3830 2791 λόγον,

2238 2818 2505 2886 λέγοντοςο
2543 2837 2562 2870 ι
2598 2819 2693 2880 Τίς
2728 2819 2878 2889 ἡμᾶς
2911 2818 3136 2888 χωρίσει
3175 2817 3284 2870 ἀπὸ
3325 2817 3423 2885 τῆς
3458 2814 3680 2885 ἀγάπης
3723 2813 3832 2869 τοῦ

2239 2910 2509 2977 Χριστοῦ;
2542 2928 2560 2960 ι
2577 2911 2642 2962 Ἀ
2664 2909 2756 2963 οὖν
2786 2911 2814 2962 6
2840 2909 2972 2972 Θεὸς
3001 2907 3344 2973 συνέζευξεν,
3365 2905 3489 2960 οὔτε
3508 2907 3831 2975 ἄνθρωπος,

2237 3003 2362 3056 οὔτε
2416 3021 2497 3065 τις
2544 3003 2709 3073 ἐτέρα
2758 3003 2959 3066 κτίσις,
3016 3001 3140 3054 οὕτε
3196 3001 3439 3069 ἄγγελοι,
3474 2998 3595 3052 οὔτε
3623 2999 3829 3070 ἀρχαὶ,

2239 3093 2365 3148 οὔτε
2403 3093 2662 3157 ἐξουσίαι,
2696 3092 2769 3155 ὼς
2798 3095 2824 3145 6
2858 3091 3066 3154 Παῦλὸς
3094 3109 3246 3160 φησι,
3277 3091 3512 3161 χωρίσαι
3541 3091 3831 3144 δύνανται.

2319 3203 2337 3236 ι
2387 3186 2648 3252 Λέγουσιν
2702 3184 2849 3254 αὐτῷ
2905 3183 2956 3235 οἱ
3012 3183 3251 3251 μαθηταὶ
3289 3181 3494 3235 αὑτοῦ·
3534 3182 3595 3234 Εἰ
3642 3179 3834 3244 οὕτως

2248 3279 2398 3330 ἐστὶν
2434 3278 2466 3346 ἡ
2517 3276 2665 3328 αἰτία
2706 3275 2800 3327 τοῦ
2833 3274 3119 3343 ἀνθρώπου
3150 3273 3288 3344 μετὰ
3322 3275 3423 3344 τῆς
3451 3275 3730 3344 γυναικὸς,
3760 3276 3833 3329 οὐ

2245 3367 2511 3439 συμφέρει
2550 3368 2818 3435 γαμῆσαι.
2865 3385 2884 3416 ι
2934 3366 3301 3428 Θορυόοῦνται
3347 3369 3396 3419 οἱ
3428 3367 3686 3436 μαθηταὶ,
3725 3369 3835 3423 καί

2243 3478 2426 3530 φασιν,
2463 3462 2543 3512 ὅτι
2571 3462 2631 3512 Εἰ
2664 3460 2750 3512 διὰ
2781 3459 2940 3512 τοῦτο
2972 3460 3330 3530 συνήφθησαν
3364 3461 3451 3512 ἵνα
3495 3461 3552 3512 ἓν
3594 3453 3700 3513 ὦσι
3730 3463 3838 3514 καὶ

2241 3553 2599 3606 ἀδιάσπασῖοι
2635 3551 2836 3620 μένωσι
2890 3551 3024 3622 παρ’
3053 3553 3174 3606 ὅλον
3230 3552 3321 3604 τὸν
3373 3551 3508 3621 βίον,
3549 3551 3688 3606 ὥστε
3720 3554 3840 3608 κᾶν

2246 3644 2495 3713 μοχθηρὰ
2540 3643 2716 3707 ἄλλως
2857 3644 2888 3713 ἠ
2940 3642 3111 3714 γυνὴ,
3163 3643 3238 3714 μὴ
3283 3644 3486 3714 τολμᾷν
3536 3645 3836 3700 ἐ-κσάλλειν

2242 3739 2433 3806 αὐτὴν,
2489 3739 2549 3789 οὐ
2611 3737 2879 3807 συμφέρει
2911 3737 3197 3806 γαμῆσαι·
3233 3738 3563 3806 κουφότερον
3584 3739 3711 3808 ’γάρ
3751 3742 3837 3812 μὴ

2241 3833 2463 3897 γαμεῖν,
2503 3831 2640 3882 ἀλλά
2679 3829 2948 3899 μάχεσθαι
2983 3830 3078 3881 καὶ
3116 3829 3367 3884 παλαίειν
3414 3835 3669 3898 φυσικαῖς
3704 3835 3839 3886 ἐπι-

2243 3921 2488 3990 θυμίαις,
2528 3921 2559 3989 ἢ
2593 3922 2846 3990 πονηρᾶς
2863 3921 3118 3988 γυναικὸς
3155 3921 3463 3990 ἀνέχεσθαι.
3492 3922 3681 3974 Αἰτίαν
3714 3923 3837 3995 γάρ

2243 4014 2528 4084 ἀνθρώπου
2587 4015 2721 4081 μετά
2778 4013 2878 4082 τῆς
2938 4014 3200 4080 γυναικὸς
3277 4013 3376 4084 τὴν
3452 4015 3838 4068 ἀδιάσπαστον

2243 4107 2434 4158 ἕνωσιν
2457 4106 2626 4176 λέγει·
2662 4107 2808 4170 τινὲς
2833 4108 2888 4159 δέ
2916 4109 3007 4160 καὶ
3026 4108 3169 4159 οὓτω
3197 4110 3430 4174 νοοῦσιν,
3448 4110 3529 4161 ὅτι
3560 4111 3618 4162 Εἰ
3649 4110 3836 4173 οὕτως

2243 4200 2388 4250 ἐστὶν
2446 4201 2477 4267 ἡ
2527 4199 2677 4252 αίτία
2712 4199 2805 4251 τοῦ
2861 4200 3169 4270 ἀνθρώπου,
3224 4203 3524 4264 τουτέστιν,
3559 4203 3605 4253 εί
3641 4204 3838 4256 αἰτίαν

2242 4290 2411 4359 ἤγουν
2447 4290 2670 4359 μομφὴν
2702 4291 2796 4344 καὶ
2827 4293 3170 4344 καταιτίασιν
3204 4292 3391 4360 μέλλει
3431 4293 3569 4358 ἕξειν
3608 4295 3636 4345 6
3680 4294 3838 4366 ἀνὴρ

2239 4381 2312 4443 ὼς
2347 4382 2630 4436 ἐκϐάλλων
2663 4383 2762 4452 τὴν
2803 4386 3041 4452 γυναῖκα
3073 4387 3432 4454 παρανόμως,
3462 4386 3520 4437 οὐ
3553 4390 3832 4457 συμφέρει

2240 4491 2517 4544 γαμησλμ

2311 4673 2328 4705 ι
2351 4656 2409 4707 Ὀ
2432 4654 2487 4706 δέ
2525 4649 2678 4707 εἶπεν
2702 4655 2906 4718 αὐτοῖς’
2933 4655 3009 4711 Οὐ
3047 4658 3246 4720 πάντες
3269 4657 3509 4728 χωροῦσι
3532 4660 3623 4713 τὸν
3661 4659 3836 4729 λόγον

2234 4746 2444 4810 τοῦτον,
2482 4747 2596 4798 ἀλλ’
2626 4742 2706 4810 οἷς
2753 4748 2984 4801 δέδοται.
3030 4769 3046 4799 ι
3109 4750 3327 4822 Ἐπειδὴ
3374 4749 3525 4805 εἷπον
3552 4755 3599 4805 oi
3637 4755 3834 4826 μαθη-

2232 4839 2343 4899 ταὶ,
2377 4839 2456 4888 ὅτι
2483 4838 2732 4907 κρεῖττόν
2752 4841 2870 4890 ἐστι
2901 4838 2962 4891 τὸ
2999 4839 3072 4908 μὴ
3100 4841 3178 4901 είς
3201 4841 3378 4909 γάμον
3414 4843 3609 4906 ἐλθεῖν,
3645 4849 3829 4915 φησιν

2238 4930 2266 4981 ὁ
2299 4928 2522 4996 Κύριος,
2560 4930 2640 4981 ὅτι
2702 4929 2843 4997 μέγα
2889 4931 2988 4999 μέν
3044 4933 3103 4983 τὸ
3133 4934 3231 5001 τῆς
3271 4933 3570 5003 παρθενίας
3603 4938 3830 5008 χρῆμα,

2240 5019 2353 5071 ἀλλ’
2384 5021 2444 5071 οὑ
2485 5022 2618 5072 πᾶσι
2651 5021 3027 5090 κατορθωτὸν,
3064 5023 3178 5074 ἀλλ’
3224 5026 3454 5088 ἐκείνοις
3515 5031 3696 5094 μόνοις
3741 5025 3832 5096 οἷς

2241 5113 2492 5178 συνεργεῖ
2522 5112 2549 5163 6
2583 5111 2734 5173 Θεός.
2762 5111 2834 5164 Τὸ
2861 5114 2989 5184 γάρ,
3029 5114 3292 5179 δέδοται,
3331 5118 3562 5170 ἐνταῦθα
3611 5125 3825 5190 κεῖται,

2241 5206 2359 5257 ἀντὶ
2388 5206 2502 5272 τοῦ,
2535 5202 2622 5273 οἷς
2653 5210 2938 5276 συνεργεῖ
2962 5214 2994 5264 ό
3031 5214 3197 5278 Θεός.
3219 5214 3478 5278 Ἐκείνοις
3511 5217 3566 5268 δὲ
3589 5218 3826 5287 δίδοται,

2240 5301 2350 5360 τοῖς
2385 5300 2646 5366 αἰτοῦσιν,
2686 5304 2960 5356 ι-Αίτεῖτε
3002 5307 3129 5374 γάρ,
3174 5313 3331 5375 φησι,
3366 5311 3461 5362 καὶ
3518 5310 3820 5380 δοθήσεται

2242 5391 2386 5459 ὑμῖν.
2419 5394 2667 5464 ιιᾶςιγάρ
2699 5396 2725 5446 ὁ
2761 5395 2948 5462 αἰτῶν,
2981 5397 3268 5465 λαμϐάνει.
3306 5418 3324 5449 ι

2317 5588 2334 5619 ι
2388 5571 2503 5622 Εἰσὶ
2551 5571 2659 5641 γὰρ
2710 5574 2955 5644 εὐνοῦχοι
2985 5577 3179 5639 οἵτινες
3227 5579 3291 5631 ἐκ
3354 5578 3562 5641 κοιλίας
3608 5582 3830 5650 μητρὸς

2243 5663 2610 5735 ἐγεννήθησαν
2641 5666 2804 5733 οὕτω,
2833 5671 2926 5720 καὶ
2953 5670 3090 5724 εἰσὶν
3121 5670 3365 5742 εὐνοῦχοι
3403 5672 3598 5736 οἵτινες
3622 5674 3828 5730 εὖνοιε-

2311 5838 2350 5870 ³⁵
2384 5837 2535 5895 Joau.
2573 5858 2680 5910 xvi,
2704 5844 2795 5901 2i.
