  <div class='ocr_page' id='page_1' title='image "/cluster/home/n/w/nwhite01/storage/ocr_20150623/123/ien.35556001659978/187.png"; bbox 0 0 4004 6422; ppageno 0'>
   <div class='ocr_carea' id='block_1_1' title="bbox 545 369 660 431">
    <p class='ocr_par' dir='ltr' id='par_1_1' title="bbox 545 369 660 431">
     <span class='ocr_line' id='line_1_1' title="bbox 545 369 660 431; baseline 0 0"><span class='ocrx_word' id='word_1_1' title='bbox 545 369 660 431; x_wconf 80' lang='lat'><strong>359</strong></span> 
     </span>
    </p>
   </div>
   <div class='ocr_carea' id='block_1_2' title="bbox 1444 344 2883 435">
    <p class='ocr_par' dir='ltr' id='par_1_2' title="bbox 1444 344 2883 435">
     <span class='ocr_line' id='line_1_2' title="bbox 1444 344 2883 435; baseline 0.004 -6"><span class='ocrx_word' id='word_1_2' title='bbox 1444 369 2027 430; x_wconf 83' lang='lat' dir='ltr'><strong>THEOPHYLACTI</strong></span> <span class='ocrx_word' id='word_1_3' title='bbox 2070 369 2485 432; x_wconf 80' lang='lat' dir='ltr'><strong>BULGARUE</strong></span> <span class='ocrx_word' id='word_1_4' title='bbox 2523 344 2883 435; x_wconf 66' lang='lat' dir='ltr'><strong>Ancntap.</strong></span> 
     </span>
    </p>
   </div>
   <div class='ocr_carea' id='block_1_3' title="bbox 3699 374 3829 437">
    <p class='ocr_par' dir='ltr' id='par_1_3' title="bbox 3699 374 3829 437">
     <span class='ocr_line' id='line_1_3' title="bbox 3699 374 3829 437; baseline 0 0"><span class='ocrx_word' id='word_1_5' title='bbox 3699 374 3829 437; x_wconf 77' lang='lat'><strong>360</strong></span> 
     </span>
    </p>
   </div>
   <div class='ocr_carea' id='block_1_4' title="bbox 539 478 2121 559">
    <p class='ocr_par' dir='ltr' id='par_1_4' title="bbox 539 478 2118 551">
     <span class='ocr_line' id='line_1_4' title="bbox 539 478 2118 551; baseline 0.003 -21"><span class='ocrx_word' id='word_1_6' title='bbox 539 479 849 534; x_wconf 75' lang='lat' dir='ltr'><strong>vindicandi</strong></span> <span class='ocrx_word' id='word_1_7' title='bbox 882 480 1099 548; x_wconf 86' lang='lat' dir='ltr'><strong>cupido.</strong></span> <span class='ocrx_word' id='word_1_8' title='bbox 1127 478 1312 534; x_wconf 83' lang='lat' dir='ltr'><strong>Vende</strong></span> <span class='ocrx_word' id='word_1_9' title='bbox 1342 478 1510 547; x_wconf 79' lang='lat' dir='ltr'><strong>igitur</strong></span> <span class='ocrx_word' id='word_1_10' title='bbox 1539 481 1673 547; x_wconf 73' lang='lat' dir='ltr'><strong>lucc,</strong></span> <span class='ocrx_word' id='word_1_11' title='bbox 1701 490 1755 534; x_wconf 86' lang='lat' dir='ltr'><strong>et</strong></span> <span class='ocrx_word' id='word_1_12' title='bbox 1778 481 1845 535; x_wconf 85' lang='lat' dir='ltr'><strong>da</strong></span> <span class='ocrx_word' id='word_1_13' title='bbox 1866 482 2118 551; x_wconf 81' lang='lat' dir='ltr'><strong>pauperi-</strong></span> 
     </span>
    </p>
   </div>
   <div class='ocr_carea' id='block_1_5' title="bbox 2235 478 3818 559">
    <p class='ocr_par' dir='ltr' id='par_1_5' title="bbox 2235 486 3818 559">
     <span class='ocr_line' id='line_1_5' title="bbox 2235 486 3818 559; baseline 0.004 -25"><span class='ocrx_word' id='word_1_14' title='bbox 2235 500 2314 536; x_wconf 72' lang='grc' dir='ltr'><strong>σαι</strong></span> <span class='ocrx_word' id='word_1_15' title='bbox 2370 486 2438 537; x_wconf 82' lang='grc' dir='ltr'>τὰ</span> <span class='ocrx_word' id='word_1_16' title='bbox 2494 486 2819 559; x_wconf 80' lang='grc' dir='ltr'>ὑπάρχοντά</span> <span class='ocrx_word' id='word_1_17' title='bbox 2854 504 2956 554; x_wconf 90' lang='grc' dir='ltr'>σοι,</span> <span class='ocrx_word' id='word_1_18' title='bbox 3016 487 3111 546; x_wconf 67' lang='grc' dir='ltr'>,καὶ</span> <span class='ocrx_word' id='word_1_19' title='bbox 3145 486 3327 541; x_wconf 88' lang='grc' dir='ltr'>δοῦναι</span> <span class='ocrx_word' id='word_1_20' title='bbox 3387 488 3500 550; x_wconf 76' lang='grc' dir='ltr'>τοῖς</span> <span class='ocrx_word' id='word_1_21' title='bbox 3534 490 3818 557; x_wconf 70' lang='grc' dir='ltr'>πτωχοῖς.</span> 
     </span>
    </p>
   </div>
   <div class='ocr_carea' id='block_1_6' title="bbox 537 568 2114 638">
    <p class='ocr_par' dir='ltr' id='par_1_6' title="bbox 537 568 2114 638">
     <span class='ocr_line' id='line_1_6' title="bbox 537 568 2114 638; baseline 0.003 -17"><span class='ocrx_word' id='word_1_22' title='bbox 537 569 640 622; x_wconf 85' lang='lat' dir='ltr'><strong>bus</strong></span> <span class='ocrx_word' id='word_1_23' title='bbox 672 570 1008 623; x_wconf 63' lang='lat' dir='ltr'><strong>dmmonibus</strong></span> <span class='ocrx_word' id='word_1_24' title='bbox 1061 581 1116 623; x_wconf 80' lang='lat' dir='ltr'><strong>et</strong></span> <span class='ocrx_word' id='word_1_25' title='bbox 1155 570 1299 622; x_wconf 88' lang='lat' dir='ltr'><strong>omni</strong></span> <span class='ocrx_word' id='word_1_26' title='bbox 1336 568 1477 623; x_wconf 85' lang='lat' dir='ltr'><strong>bono</strong></span> <span class='ocrx_word' id='word_1_27' title='bbox 1523 570 1751 638; x_wconf 73' lang='lat' dir='ltr'><strong>privatis</strong></span> <span class='ocrx_word' id='word_1_28' title='bbox 1790 589 1803 625; x_wconf 89' lang='lat'><strong>:</strong></span> <span class='ocrx_word' id='word_1_29' title='bbox 1854 583 2114 626; x_wconf 88' lang='lat' dir='ltr'><strong>converte</strong></span> 
     </span>
    </p>
   </div>
   <div class='ocr_carea' id='block_1_7' title="bbox 538 658 2119 717">
    <p class='ocr_par' dir='ltr' id='par_1_7' title="bbox 538 658 2119 717">
     <span class='ocr_line' id='line_1_7' title="bbox 538 658 2119 717; baseline 0.005 -8"><span class='ocrx_word' id='word_1_30' title='bbox 538 658 851 713; x_wconf 73' lang='lat' dir='ltr'><strong>affectiones</strong></span> <span class='ocrx_word' id='word_1_31' title='bbox 883 671 1002 713; x_wconf 86' lang='lat' dir='ltr'><strong>tuas</strong></span> <span class='ocrx_word' id='word_1_32' title='bbox 1034 660 1087 713; x_wconf 92' lang='lat' dir='ltr'><strong>in</strong></span> <span class='ocrx_word' id='word_1_33' title='bbox 1146 659 1493 716; x_wconf 80' lang='lat' dir='ltr'><strong>aﬂ&#39;ectionum</strong></span> <span class='ocrx_word' id='word_1_34' title='bbox 1561 672 1813 716; x_wconf 84' lang='lat' dir='ltr'><strong>auctores</strong></span> <span class='ocrx_word' id='word_1_35' title='bbox 1843 680 1857 717; x_wconf 87' lang='lat'><strong>:</strong></span> <span class='ocrx_word' id='word_1_36' title='bbox 1888 672 1942 715; x_wconf 89' lang='lat' dir='ltr'><strong>et</strong></span> <span class='ocrx_word' id='word_1_37' title='bbox 1991 670 2119 717; x_wconf 92' lang='lat' dir='ltr'><strong>tunc</strong></span> 
     </span>
    </p>
   </div>
   <div class='ocr_carea' id='block_1_8' title="bbox 540 750 2119 819">
    <p class='ocr_par' dir='ltr' id='par_1_8' title="bbox 540 750 2119 819">
     <span class='ocr_line' id='line_1_8' title="bbox 540 750 2119 819; baseline 0.003 -18"><span class='ocrx_word' id='word_1_38' title='bbox 540 750 764 802; x_wconf 91' lang='lat' dir='ltr'><strong>habebis</strong></span> <span class='ocrx_word' id='word_1_39' title='bbox 806 751 1140 815; x_wconf 71' lang='lat' dir='ltr'><strong>thesaurum,</strong></span> <span class='ocrx_word' id='word_1_40' title='bbox 1174 752 1277 806; x_wconf 91' lang='lat' dir='ltr'><strong>hoc</strong></span> <span class='ocrx_word' id='word_1_41' title='bbox 1300 761 1382 807; x_wconf 89' lang='lat' dir='ltr'><strong>est</strong></span> <span class='ocrx_word' id='word_1_42' title='bbox 1402 751 1705 819; x_wconf 88' lang='lat' dir='ltr'><strong>Christum,</strong></span> <span class='ocrx_word' id='word_1_43' title='bbox 1750 755 1804 806; x_wconf 90' lang='lat' dir='ltr'><strong>in</strong></span> <span class='ocrx_word' id='word_1_44' title='bbox 1842 753 1981 807; x_wconf 71' lang='lat' dir='ltr'><strong>cmlo</strong></span> <span class='ocrx_word' id='word_1_45' title='bbox 2006 764 2119 818; x_wconf 90' lang='lat' dir='ltr'><strong>tuo,</strong></span> 
     </span>
    </p>
   </div>
   <div class='ocr_carea' id='block_1_9' title="bbox 542 840 2123 899">
    <p class='ocr_par' dir='ltr' id='par_1_9' title="bbox 542 840 2123 899">
     <span class='ocr_line' id='line_1_9' title="bbox 542 840 2123 899; baseline 0.006 -9"><span class='ocrx_word' id='word_1_46' title='bbox 542 840 640 891; x_wconf 87' lang='lat' dir='ltr'><strong>hoc</strong></span> <span class='ocrx_word' id='word_1_47' title='bbox 676 852 759 892; x_wconf 81' lang='lat' dir='ltr'><strong>est</strong></span> <span class='ocrx_word' id='word_1_48' title='bbox 808 841 857 893; x_wconf 92' lang='lat' dir='ltr'><strong>in</strong></span> <span class='ocrx_word' id='word_1_49' title='bbox 887 857 1095 895; x_wconf 89' lang='lat' dir='ltr'><strong>summa</strong></span> <span class='ocrx_word' id='word_1_50' title='bbox 1128 852 1306 898; x_wconf 86' lang='lat' dir='ltr'><strong>mente</strong></span> <span class='ocrx_word' id='word_1_51' title='bbox 1336 853 1447 897; x_wconf 88' lang='lat' dir='ltr'><strong>tua.</strong></span> <span class='ocrx_word' id='word_1_52' title='bbox 1498 842 1703 898; x_wconf 59' lang='lat' dir='ltr'><strong>Casium</strong></span> <span class='ocrx_word' id='word_1_53' title='bbox 1757 842 1900 897; x_wconf 80' lang='lat' dir='ltr'><strong>enim</strong></span> <span class='ocrx_word' id='word_1_54' title='bbox 1960 842 2123 899; x_wconf 87' lang='lat' dir='ltr'><strong>habet</strong></span> 
     </span>
    </p>
   </div>
   <div class='ocr_carea' id='block_1_10' title="bbox 543 933 1539 1001">
    <p class='ocr_par' dir='ltr' id='par_1_10' title="bbox 543 933 1539 1001">
     <span class='ocr_line' id='line_1_10' title="bbox 543 933 1539 1001; baseline 0.006 -20"><span class='ocrx_word' id='word_1_55' title='bbox 543 933 597 982; x_wconf 87' lang='lat' dir='ltr'><strong>in</strong></span> <span class='ocrx_word' id='word_1_56' title='bbox 634 934 811 999; x_wconf 84' lang='lat' dir='ltr'><strong>scipso</strong></span> <span class='ocrx_word' id='word_1_57' title='bbox 836 934 926 1001; x_wconf 88' lang='lat' dir='ltr'><strong>qui</strong></span> <span class='ocrx_word' id='word_1_58' title='bbox 968 933 1150 991; x_wconf 83' lang='lat' dir='ltr'><strong>factus</strong></span> <span class='ocrx_word' id='word_1_59' title='bbox 1181 946 1261 990; x_wconf 91' lang='lat' dir='ltr'><strong>est</strong></span> <span class='ocrx_word' id='word_1_60' title='bbox 1286 936 1539 989; x_wconf 72' lang='lat' dir='ltr'><strong>cmlestis.</strong></span> 
     </span>
    </p>
   </div>
   <div class='ocr_carea' id='block_1_11' title="bbox 2238 569 3839 651">
    <p class='ocr_par' dir='ltr' id='par_1_11' title="bbox 2238 569 3839 651">
     <span class='ocr_line' id='line_1_11' title="bbox 2238 569 3839 651; baseline 0 -23"><span class='ocrx_word' id='word_1_61' title='bbox 2238 575 2585 647; x_wconf 78' lang='grc' dir='ltr'>’Υπάρχοντα</span> <span class='ocrx_word' id='word_1_62' title='bbox 2608 582 2665 632; x_wconf 83' lang='grc' dir='ltr'><strong>δέ</strong></span> <span class='ocrx_word' id='word_1_63' title='bbox 2697 584 2828 643; x_wconf 87' lang='grc' dir='ltr'>είσι,</span> <span class='ocrx_word' id='word_1_64' title='bbox 2874 582 2955 651; x_wconf 77' lang='grc' dir='ltr'>τῷ</span> <span class='ocrx_word' id='word_1_65' title='bbox 3000 581 3097 650; x_wconf 80' lang='grc' dir='ltr'><strong>μὲν</strong></span> <span class='ocrx_word' id='word_1_66' title='bbox 3128 579 3369 649; x_wconf 83' lang='grc' dir='ltr'>θυμώδει</span> <span class='ocrx_word' id='word_1_67' title='bbox 3406 581 3434 633; x_wconf 91' lang='lat'><strong>6</strong></span> <span class='ocrx_word' id='word_1_68' title='bbox 3471 576 3643 647; x_wconf 84' lang='grc' dir='ltr'>θυμός</span> <span class='ocrx_word' id='word_1_69' title='bbox 3668 593 3683 608; x_wconf 88' lang='grc'><strong>·</strong></span> 
     </span>
    </p>
   </div>
   <div class='ocr_carea' id='block_1_12' title="bbox 2226 668 3828 742">
    <p class='ocr_par' dir='ltr' id='par_1_12' title="bbox 2226 668 3828 742">
     <span class='ocr_line' id='line_1_12' title="bbox 2226 668 3828 742; baseline -0.001 -21"><span class='ocrx_word' id='word_1_70' title='bbox 2226 668 2283 721; x_wconf 81' lang='grc' dir='ltr'><strong>δὲ</strong></span> <span class='ocrx_word' id='word_1_71' title='bbox 2327 669 2499 739; x_wconf 51' lang='lat' dir='ltr'><strong>nam}:</strong></span> <span class='ocrx_word' id='word_1_72' title='bbox 2566 672 2599 738; x_wconf 88' lang='grc' dir='ltr'><strong>ή</strong></span> <span class='ocrx_word' id='word_1_73' title='bbox 2676 672 2993 742; x_wconf 79' lang='grc' dir='ltr'>μοιχευτικὴ</span> <span class='ocrx_word' id='word_1_74' title='bbox 3051 674 3332 733; x_wconf 87' lang='grc' dir='ltr'>διάθεσις·</span> <span class='ocrx_word' id='word_1_75' title='bbox 3384 672 3463 739; x_wconf 83' lang='grc' dir='ltr'>τῷ</span> <span class='ocrx_word' id='word_1_76' title='bbox 3502 671 3559 722; x_wconf 82' lang='grc' dir='ltr'>δὲ</span> <span class='ocrx_word' id='word_1_77' title='bbox 3616 685 3828 738; x_wconf 83' lang='grc' dir='ltr'>μνησι-</span> 
     </span>
    </p>
   </div>
   <div class='ocr_carea' id='block_1_13' title="bbox 2230 756 3821 830">
    <p class='ocr_par' dir='ltr' id='par_1_13' title="bbox 2230 756 3821 830">
     <span class='ocr_line' id='line_1_13' title="bbox 2230 756 3821 830; baseline -0.001 -20"><span class='ocrx_word' id='word_1_78' title='bbox 2230 757 2407 826; x_wconf 83' lang='grc' dir='ltr'>κὰκῳ,</span> <span class='ocrx_word' id='word_1_79' title='bbox 2440 759 2474 827; x_wconf 80' lang='grc' dir='ltr'>ὴ</span> <span class='ocrx_word' id='word_1_80' title='bbox 2512 762 2873 828; x_wconf 79' lang='grc' dir='ltr'><strong>μνησικακία.</strong></span> <span class='ocrx_word' id='word_1_81' title='bbox 2937 762 3194 830; x_wconf 86' lang='grc' dir='ltr'>[Ιώλησον</span> <span class='ocrx_word' id='word_1_82' title='bbox 3218 756 3311 814; x_wconf 76' lang='grc' dir='ltr'><strong>οῦν</strong></span> <span class='ocrx_word' id='word_1_83' title='bbox 3354 762 3545 821; x_wconf 85' lang='grc' dir='ltr'>ταῦτα,</span> <span class='ocrx_word' id='word_1_84' title='bbox 3581 759 3676 811; x_wconf 74' lang='grc' dir='ltr'><strong>καὶ</strong></span> <span class='ocrx_word' id='word_1_85' title='bbox 3719 758 3821 818; x_wconf 80' lang='grc' dir='ltr'><strong>δὸς</strong></span> 
     </span>
    </p>
   </div>
   <div class='ocr_carea' id='block_1_14' title="bbox 2230 852 3823 921">
    <p class='ocr_par' dir='ltr' id='par_1_14' title="bbox 2230 852 3823 921">
     <span class='ocr_line' id='line_1_14' title="bbox 2230 852 3823 921; baseline 0 -19"><span class='ocrx_word' id='word_1_86' title='bbox 2230 852 2340 911; x_wconf 82' lang='grc' dir='ltr'>τοῖς</span> <span class='ocrx_word' id='word_1_87' title='bbox 2392 853 2627 919; x_wconf 79' lang='grc' dir='ltr'>πτωχοῖς</span> <span class='ocrx_word' id='word_1_88' title='bbox 2680 852 2899 920; x_wconf 85' lang='grc' dir='ltr'>δαίμοσι</span> <span class='ocrx_word' id='word_1_89' title='bbox 2929 854 3023 906; x_wconf 80' lang='grc' dir='ltr'>καὶ</span> <span class='ocrx_word' id='word_1_90' title='bbox 3070 856 3276 915; x_wconf 83' lang='grc' dir='ltr'>παντὸς</span> <span class='ocrx_word' id='word_1_91' title='bbox 3330 853 3534 921; x_wconf 80' lang='grc' dir='ltr'><strong>ἀγαθοῦ</strong></span> <span class='ocrx_word' id='word_1_92' title='bbox 3578 854 3823 919; x_wconf 78' lang='grc' dir='ltr'>ἑστερη-</span> 
     </span>
    </p>
   </div>
   <div class='ocr_carea' id='block_1_15' title="bbox 2236 938 3823 1010">
    <p class='ocr_par' dir='ltr' id='par_1_15' title="bbox 2236 938 3823 1010">
     <span class='ocr_line' id='line_1_15' title="bbox 2236 938 3823 1010; baseline 0 -20"><span class='ocrx_word' id='word_1_93' title='bbox 2236 940 2438 1007; x_wconf 83' lang='grc' dir='ltr'>μένοις.</span> <span class='ocrx_word' id='word_1_94' title='bbox 2477 939 2861 1010; x_wconf 75' lang='grc' dir='ltr'>Ἀντίστρεψον</span> <span class='ocrx_word' id='word_1_95' title='bbox 2912 940 2979 992; x_wconf 83' lang='grc' dir='ltr'><strong>τά</strong></span> <span class='ocrx_word' id='word_1_96' title='bbox 3012 942 3159 1010; x_wconf 80' lang='grc' dir='ltr'>πάθη</span> <span class='ocrx_word' id='word_1_97' title='bbox 3185 944 3298 1004; x_wconf 86' lang='grc' dir='ltr'>τοῖς</span> <span class='ocrx_word' id='word_1_98' title='bbox 3341 942 3450 993; x_wconf 87' lang='grc' dir='ltr'><strong>τῶν</strong></span> <span class='ocrx_word' id='word_1_99' title='bbox 3494 940 3682 993; x_wconf 82' lang='grc' dir='ltr'>παθῶν</span> <span class='ocrx_word' id='word_1_100' title='bbox 3714 938 3823 1006; x_wconf 75' lang='grc' dir='ltr'>ὅτ,-</span> 
     </span>
    </p>
   </div>
   <div class='ocr_carea' id='block_1_16' title="bbox 540 1030 3822 1105">
    <p class='ocr_par' dir='ltr' id='par_1_16' title="bbox 540 1030 3822 1105">
     <span class='ocr_line' id='line_1_16' title="bbox 540 1030 3822 1105; baseline 0.004 -28"><span class='ocrx_word' id='word_1_101' title='bbox 540 1030 839 1095; x_wconf 76' lang='grc' dir='ltr'>μιουργοῖς,</span> <span class='ocrx_word' id='word_1_102' title='bbox 902 1030 997 1082; x_wconf 67' lang='grc' dir='ltr'>καὶ</span> <span class='ocrx_word' id='word_1_103' title='bbox 1035 1032 1155 1083; x_wconf 84' lang='grc' dir='ltr'>τότε</span> <span class='ocrx_word' id='word_1_104' title='bbox 1204 1030 1345 1094; x_wconf 74' lang='grc' dir='ltr'>ἕξεις</span> <span class='ocrx_word' id='word_1_105' title='bbox 1392 1030 1481 1082; x_wconf 74' lang='grc' dir='ltr'><strong>τὸν</strong></span> <span class='ocrx_word' id='word_1_106' title='bbox 1514 1030 1805 1099; x_wconf 66' lang='grc' dir='ltr'>θησαυρὸν,</span> <span class='ocrx_word' id='word_1_107' title='bbox 1879 1031 2129 1086; x_wconf 77' lang='grc' dir='ltr'><strong>τουτέστι</strong></span> <span class='ocrx_word' id='word_1_108' title='bbox 2204 1033 2295 1086; x_wconf 81' lang='grc' dir='ltr'><strong>τὸν</strong></span> <span class='ocrx_word' id='word_1_109' title='bbox 2341 1034 2595 1105; x_wconf 79' lang='grc' dir='ltr'>Χριστὸν,</span> <span class='ocrx_word' id='word_1_110' title='bbox 2646 1037 2704 1088; x_wconf 84' lang='grc' dir='ltr'><strong>ἐν</strong></span> <span class='ocrx_word' id='word_1_111' title='bbox 2763 1035 2841 1105; x_wconf 82' lang='grc' dir='ltr'>τῷ</span> <span class='ocrx_word' id='word_1_112' title='bbox 2870 1036 3083 1105; x_wconf 75' lang='grc' dir='ltr'>οὐρανῷ</span> <span class='ocrx_word' id='word_1_113' title='bbox 3117 1053 3230 1101; x_wconf 88' lang='grc' dir='ltr'>σου,</span> <span class='ocrx_word' id='word_1_114' title='bbox 3283 1038 3560 1090; x_wconf 80' lang='grc' dir='ltr'><strong>τουτέστιν</strong></span> <span class='ocrx_word' id='word_1_115' title='bbox 3616 1038 3673 1089; x_wconf 85' lang='grc' dir='ltr'><strong>ἐν</strong></span> <span class='ocrx_word' id='word_1_116' title='bbox 3729 1033 3822 1105; x_wconf 81' lang='grc' dir='ltr'>τῷ</span> 
     </span>
    </p>
   </div>
   <div class='ocr_carea' id='block_1_17' title="bbox 536 1116 2865 1199">
    <p class='ocr_par' dir='ltr' id='par_1_17' title="bbox 536 1116 2865 1199">
     <span class='ocr_line' id='line_1_17' title="bbox 536 1116 2865 1199; baseline 0.005 -28"><span class='ocrx_word' id='word_1_117' title='bbox 536 1120 724 1189; x_wconf 70' lang='grc' dir='ltr'>ὑψηλῷ</span> <span class='ocrx_word' id='word_1_118' title='bbox 766 1139 861 1174; x_wconf 87' lang='grc' dir='ltr'><strong>σου</strong></span> <span class='ocrx_word' id='word_1_119' title='bbox 902 1125 1002 1176; x_wconf 77' lang='grc' dir='ltr'><strong>νοΐ.</strong></span> <span class='ocrx_word' id='word_1_120' title='bbox 1035 1126 1276 1194; x_wconf 77' lang='grc' dir='ltr'>Οὐρανὸν</span> <span class='ocrx_word' id='word_1_121' title='bbox 1301 1116 1410 1191; x_wconf 85' lang='grc' dir='ltr'><strong>γάρ</strong></span> <span class='ocrx_word' id='word_1_122' title='bbox 1441 1123 1554 1194; x_wconf 74' lang='grc' dir='ltr'>ἔχει</span> <span class='ocrx_word' id='word_1_123' title='bbox 1590 1127 1645 1176; x_wconf 86' lang='grc' dir='ltr'><strong>ἑν</strong></span> <span class='ocrx_word' id='word_1_124' title='bbox 1677 1125 1876 1195; x_wconf 87' lang='grc' dir='ltr'>ἐαυτῷ,</span> <span class='ocrx_word' id='word_1_125' title='bbox 1921 1128 1949 1179; x_wconf 99' lang='lat'><strong>6</strong></span> <span class='ocrx_word' id='word_1_126' title='bbox 2002 1126 2293 1196; x_wconf 83' lang='grc' dir='ltr'>γενόμενος</span> <span class='ocrx_word' id='word_1_127' title='bbox 2326 1122 2435 1189; x_wconf 72' lang='grc' dir='ltr'>οἶος</span> <span class='ocrx_word' id='word_1_128' title='bbox 2465 1130 2865 1199; x_wconf 80' lang='grc' dir='ltr'>όέπουράνιος.</span> 
     </span>
    </p>
   </div>
   <div class='ocr_carea' id='block_1_18' title="bbox 612 1211 2116 1283">
    <p class='ocr_par' dir='ltr' id='par_1_18' title="bbox 612 1211 2116 1283">
     <span class='ocr_line' id='line_1_18' title="bbox 612 1211 2116 1283; baseline 0.004 -20"><span class='ocrx_word' id='word_1_129' title='bbox 612 1211 776 1266; x_wconf 75' lang='lat' dir='ltr'><strong>Vens.</strong></span> <span class='ocrx_word' id='word_1_130' title='bbox 802 1214 891 1267; x_wconf 80' lang='lat'><strong>&#39;50.</strong></span> <span class='ocrx_word' id='word_1_131' title='bbox 923 1233 939 1265; x_wconf 89' lang='grc' dir='ltr'><strong>ι</strong></span> <span class='ocrx_word' id='word_1_132' title='bbox 976 1214 1124 1266; x_wconf 77' lang='lat' dir='ltr'><strong>Multi</strong></span> <span class='ocrx_word' id='word_1_133' title='bbox 1156 1224 1333 1268; x_wconf 87' lang='lat' dir='ltr'><strong>autem</strong></span> <span class='ocrx_word' id='word_1_134' title='bbox 1354 1224 1515 1268; x_wconf 88' lang='lat' dir='ltr'><strong>erunt</strong></span> <span class='ocrx_word' id='word_1_135' title='bbox 1538 1215 1695 1283; x_wconf 88' lang='lat' dir='ltr'><strong>primi</strong></span> <span class='ocrx_word' id='word_1_136' title='bbox 1725 1216 2025 1278; x_wconf 85' lang='lat' dir='ltr'><strong>novissimi,</strong></span> <span class='ocrx_word' id='word_1_137' title='bbox 2061 1224 2116 1269; x_wconf 87' lang='lat' dir='ltr'><strong>et</strong></span> 
     </span>
    </p>
   </div>
   <div class='ocr_carea' id='block_1_19' title="bbox 535 1288 2103 1374">
    <p class='ocr_par' dir='ltr' id='par_1_19' title="bbox 535 1288 2103 1374">
     <span class='ocr_line' id='line_1_19' title="bbox 535 1288 2103 1374; baseline 0.001 -18"><span class='ocrx_word' id='word_1_138' title='bbox 535 1305 813 1357; x_wconf 75' lang='lat' dir='ltr'><strong>novissimi</strong></span> <span class='ocrx_word' id='word_1_139' title='bbox 843 1306 1025 1374; x_wconf 87' lang='lat' dir='ltr'><strong>primi.</strong></span> <span class='ocrx_word' id='word_1_140' title='bbox 1076 1325 1094 1356; x_wconf 83' lang='grc'><strong>›</strong></span> <span class='ocrx_word' id='word_1_141' title='bbox 1124 1288 1339 1359; x_wconf 63' lang='grc' dir='ltr'>διιάωοε</span> <span class='ocrx_word' id='word_1_142' title='bbox 1366 1306 1453 1359; x_wconf 89' lang='lat' dir='ltr'><strong>hic</strong></span> <span class='ocrx_word' id='word_1_143' title='bbox 1484 1305 1720 1359; x_wconf 85' lang='lat' dir='ltr'><strong>insinuat</strong></span> <span class='ocrx_word' id='word_1_144' title='bbox 1766 1314 1819 1357; x_wconf 89' lang='lat' dir='ltr'><strong>et</strong></span> <span class='ocrx_word' id='word_1_145' title='bbox 1851 1301 2103 1373; x_wconf 77' lang='lat' dir='ltr'><strong>gentiles.</strong></span> 
     </span>
    </p>
   </div>
   <div class='ocr_carea' id='block_1_20' title="bbox 536 1395 2118 1465">
    <p class='ocr_par' dir='ltr' id='par_1_20' title="bbox 536 1395 2118 1465">
     <span class='ocr_line' id='line_1_20' title="bbox 536 1395 2118 1465; baseline 0.003 -18"><span class='ocrx_word' id='word_1_146' title='bbox 536 1395 668 1447; x_wconf 69' lang='lat' dir='ltr'><strong>Nam</strong></span> <span class='ocrx_word' id='word_1_147' title='bbox 698 1398 787 1464; x_wconf 92' lang='lat' dir='ltr'><strong>qui</strong></span> <span class='ocrx_word' id='word_1_148' title='bbox 818 1397 975 1463; x_wconf 84' lang='lat' dir='ltr'><strong>primi</strong></span> <span class='ocrx_word' id='word_1_149' title='bbox 1009 1407 1185 1460; x_wconf 86' lang='lat' dir='ltr'><strong>erant,</strong></span> <span class='ocrx_word' id='word_1_150' title='bbox 1219 1399 1343 1449; x_wconf 86' lang='lat' dir='ltr'><strong>lacti</strong></span> <span class='ocrx_word' id='word_1_151' title='bbox 1367 1405 1493 1448; x_wconf 85' lang='lat' dir='ltr'><strong>sunt</strong></span> <span class='ocrx_word' id='word_1_152' title='bbox 1522 1396 1802 1449; x_wconf 86' lang='lat' dir='ltr'><strong>novissimi</strong></span> <span class='ocrx_word' id='word_1_153' title='bbox 1832 1414 1846 1448; x_wconf 86' lang='lat'><strong>:</strong></span> <span class='ocrx_word' id='word_1_154' title='bbox 1887 1397 2118 1465; x_wconf 73' lang='lat' dir='ltr'><strong>gentiles</strong></span> 
     </span>
    </p>
   </div>
   <div class='ocr_carea' id='block_1_21' title="bbox 535 1484 2120 1555">
    <p class='ocr_par' dir='ltr' id='par_1_21' title="bbox 535 1484 2120 1555">
     <span class='ocr_line' id='line_1_21' title="bbox 535 1484 2120 1555; baseline 0.001 -17"><span class='ocrx_word' id='word_1_155' title='bbox 535 1496 737 1549; x_wconf 84' lang='lat' dir='ltr'><strong>autem,</strong></span> <span class='ocrx_word' id='word_1_156' title='bbox 770 1488 860 1553; x_wconf 85' lang='lat' dir='ltr'><strong>qui</strong></span> <span class='ocrx_word' id='word_1_157' title='bbox 904 1501 1121 1539; x_wconf 86' lang='lat' dir='ltr'><strong>eramus</strong></span> <span class='ocrx_word' id='word_1_158' title='bbox 1179 1484 1483 1549; x_wconf 82' lang='lat' dir='ltr'><strong>novissimi,</strong></span> <span class='ocrx_word' id='word_1_159' title='bbox 1510 1486 1673 1555; x_wconf 88' lang='lat' dir='ltr'><strong>primi</strong></span> <span class='ocrx_word' id='word_1_160' title='bbox 1704 1487 1984 1541; x_wconf 71' lang='lat' dir='ltr'><strong>constituti</strong></span> <span class='ocrx_word' id='word_1_161' title='bbox 2026 1501 2120 1541; x_wconf 86' lang='lat' dir='ltr'><strong>su-</strong></span> 
     </span>
    </p>
   </div>
   <div class='ocr_carea' id='block_1_22' title="bbox 537 1575 2120 1648">
    <p class='ocr_par' dir='ltr' id='par_1_22' title="bbox 537 1575 2120 1648">
     <span class='ocr_line' id='line_1_22' title="bbox 537 1575 2120 1648; baseline 0.004 -21"><span class='ocrx_word' id='word_1_162' title='bbox 537 1590 677 1643; x_wconf 82' lang='lat' dir='ltr'><strong>mus,</strong></span> <span class='ocrx_word' id='word_1_163' title='bbox 707 1583 759 1627; x_wconf 88' lang='lat' dir='ltr'><strong>et</strong></span> <span class='ocrx_word' id='word_1_164' title='bbox 800 1585 855 1626; x_wconf 92' lang='lat' dir='ltr'><strong>ut</strong></span> <span class='ocrx_word' id='word_1_165' title='bbox 886 1575 1173 1629; x_wconf 73' lang='lat' dir='ltr'><strong>manifeste</strong></span> <span class='ocrx_word' id='word_1_166' title='bbox 1214 1576 1394 1629; x_wconf 82' lang='lat' dir='ltr'><strong>discas</strong></span> <span class='ocrx_word' id='word_1_167' title='bbox 1444 1575 1588 1645; x_wconf 84' lang='lat' dir='ltr'><strong>quod</strong></span> <span class='ocrx_word' id='word_1_168' title='bbox 1638 1576 1857 1642; x_wconf 88' lang='lat' dir='ltr'><strong>dicitur,</strong></span> <span class='ocrx_word' id='word_1_169' title='bbox 1900 1586 2120 1648; x_wconf 85' lang='lat' dir='ltr'><strong>coaptat</strong></span> 
     </span>
    </p>
   </div>
   <div class='ocr_carea' id='block_1_23' title="bbox 536 1667 1422 1737">
    <p class='ocr_par' dir='ltr' id='par_1_23' title="bbox 536 1667 1422 1737">
     <span class='ocr_line' id='line_1_23' title="bbox 536 1667 1422 1737; baseline 0.002 -17"><span class='ocrx_word' id='word_1_170' title='bbox 536 1667 701 1720; x_wconf 79' lang='lat' dir='ltr'><strong>etiam</strong></span> <span class='ocrx_word' id='word_1_171' title='bbox 733 1676 1047 1735; x_wconf 86' lang='lat' dir='ltr'><strong>sequentem</strong></span> <span class='ocrx_word' id='word_1_172' title='bbox 1084 1667 1422 1737; x_wconf 77' lang='lat' dir='ltr'><strong>parabolam.</strong></span> 
     </span>
    </p>
   </div>
   <div class='ocr_carea' id='block_1_24' title="bbox 1146 1909 1525 1967">
    <p class='ocr_par' dir='ltr' id='par_1_24' title="bbox 1146 1909 1525 1967">
     <span class='ocr_line' id='line_1_24' title="bbox 1146 1909 1525 1967; baseline -0.003 -1"><span class='ocrx_word' id='word_1_173' title='bbox 1146 1909 1375 1967; x_wconf 83' lang='lat' dir='ltr'><strong>CAPUT</strong></span> <span class='ocrx_word' id='word_1_174' title='bbox 1406 1911 1525 1966; x_wconf 78' lang='lat' dir='ltr'><strong>XX.</strong></span> 
     </span>
    </p>
   </div>
   <div class='ocr_carea' id='block_1_25' title="bbox 537 2021 2120 2090">
    <p class='ocr_par' dir='ltr' id='par_1_25' title="bbox 537 2021 2120 2090">
     <span class='ocr_line' id='line_1_25' title="bbox 537 2021 2120 2090; baseline -0.003 -10"><span class='ocrx_word' id='word_1_175' title='bbox 537 2028 615 2082; x_wconf 86' lang='lat' dir='ltr'><strong>De</strong></span> <span class='ocrx_word' id='word_1_176' title='bbox 645 2026 877 2079; x_wconf 83' lang='lat' dir='ltr'><strong>mercede</strong></span> <span class='ocrx_word' id='word_1_177' title='bbox 915 2024 1189 2077; x_wconf 79' lang='lat' dir='ltr'><strong>conductis</strong></span> <span class='ocrx_word' id='word_1_178' title='bbox 1230 2024 1508 2087; x_wconf 76' lang='lat' dir='ltr'><strong>aperariia.</strong></span> <span class='ocrx_word' id='word_1_179' title='bbox 1571 2023 1643 2075; x_wconf 86' lang='lat' dir='ltr'><strong>De</strong></span> <span class='ocrx_word' id='word_1_180' title='bbox 1677 2024 1805 2090; x_wconf 70' lang='lat' dir='ltr'><strong>ﬁliis</strong></span> <span class='ocrx_word' id='word_1_181' title='bbox 1859 2021 2120 2076; x_wconf 76' lang='lat' dir='ltr'><strong>Zebedm’.</strong></span> 
     </span>
    </p>
   </div>
   <div class='ocr_carea' id='block_1_26' title="bbox 1037 2092 1557 2147">
    <p class='ocr_par' dir='ltr' id='par_1_26' title="bbox 1037 2092 1557 2147">
     <span class='ocr_line' id='line_1_26' title="bbox 1037 2092 1557 2147; baseline -0.004 0"><span class='ocrx_word' id='word_1_182' title='bbox 1037 2092 1115 2147; x_wconf 88' lang='lat' dir='ltr'><strong>De</strong></span> <span class='ocrx_word' id='word_1_183' title='bbox 1150 2092 1354 2145; x_wconf 74' lang='lat' dir='ltr'><strong>duobus</strong></span> <span class='ocrx_word' id='word_1_184' title='bbox 1386 2095 1557 2145; x_wconf 71' lang='lat' dir='ltr'><strong>aeris.</strong></span> 
     </span>
    </p>
   </div>
   <div class='ocr_carea' id='block_1_27' title="bbox 608 2224 2123 2295">
    <p class='ocr_par' dir='ltr' id='par_1_27' title="bbox 608 2224 2123 2295">
     <span class='ocr_line' id='line_1_27' title="bbox 608 2224 2123 2295; baseline -0.003 -11"><span class='ocrx_word' id='word_1_185' title='bbox 608 2229 775 2285; x_wconf 75' lang='lat' dir='ltr'><strong>Vens.</strong></span> <span class='ocrx_word' id='word_1_186' title='bbox 841 2228 959 2283; x_wconf 78' lang='grc'><strong>1-7.</strong></span> <span class='ocrx_word' id='word_1_187' title='bbox 1019 2246 1037 2279; x_wconf 82' lang='grc' dir='ltr'><strong>ι</strong></span> <span class='ocrx_word' id='word_1_188' title='bbox 1078 2225 1268 2281; x_wconf 88' lang='lat' dir='ltr'><strong>Simile</strong></span> <span class='ocrx_word' id='word_1_189' title='bbox 1299 2224 1445 2280; x_wconf 88' lang='lat' dir='ltr'><strong>enim</strong></span> <span class='ocrx_word' id='word_1_190' title='bbox 1471 2234 1556 2283; x_wconf 87' lang='lat' dir='ltr'><strong>est</strong></span> <span class='ocrx_word' id='word_1_191' title='bbox 1608 2241 1830 2295; x_wconf 83' lang='lat' dir='ltr'><strong>regnum</strong></span> <span class='ocrx_word' id='word_1_192' title='bbox 1860 2226 2123 2281; x_wconf 75' lang='lat' dir='ltr'><strong>cmlorum</strong></span> 
     </span>
    </p>
   </div>
   <div class='ocr_carea' id='block_1_28' title="bbox 534 2318 2127 2392">
    <p class='ocr_par' dir='ltr' id='par_1_28' title="bbox 534 2318 2127 2392">
     <span class='ocr_line' id='line_1_28' title="bbox 534 2318 2127 2392; baseline -0.003 -13"><span class='ocrx_word' id='word_1_193' title='bbox 534 2323 741 2379; x_wconf 81' lang='lat' dir='ltr'><strong>hmuini</strong></span> <span class='ocrx_word' id='word_1_194' title='bbox 785 2320 1164 2392; x_wconf 77' lang='lat' dir='ltr'><strong>patrifamilias</strong></span> <span class='ocrx_word' id='word_1_195' title='bbox 1192 2319 1283 2386; x_wconf 91' lang='lat' dir='ltr'><strong>qui</strong></span> <span class='ocrx_word' id='word_1_196' title='bbox 1320 2318 1452 2380; x_wconf 77' lang='lat' dir='ltr'><strong>exiit</strong></span> <span class='ocrx_word' id='word_1_197' title='bbox 1482 2320 1661 2388; x_wconf 89' lang='lat' dir='ltr'><strong>primo</strong></span> <span class='ocrx_word' id='word_1_198' title='bbox 1687 2319 1871 2372; x_wconf 79' lang='lat' dir='ltr'><strong>statim</strong></span> <span class='ocrx_word' id='word_1_199' title='bbox 1891 2319 2127 2375; x_wconf 87' lang='lat' dir='ltr'><strong>diluculo</strong></span> 
     </span>
    </p>
   </div>
   <div class='ocr_carea' id='block_1_29' title="bbox 531 2409 2129 2479">
    <p class='ocr_par' dir='ltr' id='par_1_29' title="bbox 531 2409 2129 2479">
     <span class='ocr_line' id='line_1_29' title="bbox 531 2409 2129 2479; baseline -0.001 -12"><span class='ocrx_word' id='word_1_200' title='bbox 531 2415 599 2468; x_wconf 85' lang='lat' dir='ltr'><strong>ad</strong></span> <span class='ocrx_word' id='word_1_201' title='bbox 634 2413 1014 2468; x_wconf 89' lang='lat' dir='ltr'><strong>conducendos</strong></span> <span class='ocrx_word' id='word_1_202' title='bbox 1044 2410 1326 2479; x_wconf 72' lang='lat' dir='ltr'><strong>operarios</strong></span> <span class='ocrx_word' id='word_1_203' title='bbox 1355 2410 1409 2463; x_wconf 92' lang='lat' dir='ltr'><strong>in</strong></span> <span class='ocrx_word' id='word_1_204' title='bbox 1436 2410 1651 2463; x_wconf 83' lang='lat' dir='ltr'><strong>vineam</strong></span> <span class='ocrx_word' id='word_1_205' title='bbox 1672 2425 1848 2463; x_wconf 82' lang='lat' dir='ltr'><strong>suam.</strong></span> <span class='ocrx_word' id='word_1_206' title='bbox 1876 2409 2129 2465; x_wconf 81' lang='lat' dir='ltr'><strong>Conven—</strong></span> 
     </span>
    </p>
   </div>
   <div class='ocr_carea' id='block_1_30' title="bbox 531 2500 2126 2571">
    <p class='ocr_par' dir='ltr' id='par_1_30' title="bbox 531 2500 2126 2571">
     <span class='ocr_line' id='line_1_30' title="bbox 531 2500 2126 2571; baseline -0.001 -13"><span class='ocrx_word' id='word_1_207' title='bbox 531 2506 680 2560; x_wconf 87' lang='lat' dir='ltr'><strong>tione</strong></span> <span class='ocrx_word' id='word_1_208' title='bbox 720 2515 898 2559; x_wconf 89' lang='lat' dir='ltr'><strong>autem</strong></span> <span class='ocrx_word' id='word_1_209' title='bbox 934 2504 1072 2558; x_wconf 81' lang='lat' dir='ltr'><strong>facta</strong></span> <span class='ocrx_word' id='word_1_210' title='bbox 1105 2518 1225 2557; x_wconf 87' lang='lat' dir='ltr'><strong>cum</strong></span> <span class='ocrx_word' id='word_1_211' title='bbox 1258 2502 1526 2571; x_wconf 85' lang='lat' dir='ltr'><strong>operariis</strong></span> <span class='ocrx_word' id='word_1_212' title='bbox 1560 2502 1613 2555; x_wconf 92' lang='lat' dir='ltr'><strong>in</strong></span> <span class='ocrx_word' id='word_1_213' title='bbox 1642 2500 1883 2569; x_wconf 82' lang='lat' dir='ltr'><strong>singulos</strong></span> <span class='ocrx_word' id='word_1_214' title='bbox 1915 2502 2029 2557; x_wconf 90' lang='lat' dir='ltr'><strong>dies</strong></span> <span class='ocrx_word' id='word_1_215' title='bbox 2060 2517 2126 2557; x_wconf 79' lang='lat' dir='ltr'><strong>ex</strong></span> 
     </span>
    </p>
   </div>
   <div class='ocr_carea' id='block_1_31' title="bbox 529 2591 2131 2663">
    <p class='ocr_par' dir='ltr' id='par_1_31' title="bbox 529 2591 2131 2663">
     <span class='ocr_line' id='line_1_31' title="bbox 529 2591 2131 2663; baseline -0.004 -11"><span class='ocrx_word' id='word_1_216' title='bbox 529 2597 779 2663; x_wconf 86' lang='lat' dir='ltr'><strong>denario,</strong></span> <span class='ocrx_word' id='word_1_217' title='bbox 797 2596 1052 2649; x_wconf 87' lang='lat' dir='ltr'><strong>misiteos</strong></span> <span class='ocrx_word' id='word_1_218' title='bbox 1070 2594 1121 2648; x_wconf 91' lang='lat' dir='ltr'><strong>in</strong></span> <span class='ocrx_word' id='word_1_219' title='bbox 1141 2595 1353 2648; x_wconf 87' lang='lat' dir='ltr'><strong>vineam</strong></span> <span class='ocrx_word' id='word_1_220' title='bbox 1374 2606 1547 2647; x_wconf 87' lang='lat' dir='ltr'><strong>suam.</strong></span> <span class='ocrx_word' id='word_1_221' title='bbox 1565 2591 1631 2646; x_wconf 82' lang='lat' dir='ltr'><strong>Et</strong></span> <span class='ocrx_word' id='word_1_222' title='bbox 1647 2606 1896 2661; x_wconf 73' lang='lat' dir='ltr'><strong>egresws</strong></span> <span class='ocrx_word' id='word_1_223' title='bbox 1914 2592 2131 2646; x_wconf 86' lang='lat' dir='ltr'><strong>circiter</strong></span> 
     </span>
    </p>
   </div>
   <div class='ocr_carea' id='block_1_32' title="bbox 532 2683 2129 2750">
    <p class='ocr_par' dir='ltr' id='par_1_32' title="bbox 532 2683 2129 2750">
     <span class='ocr_line' id='line_1_32' title="bbox 532 2683 2129 2750; baseline -0.006 -6"><span class='ocrx_word' id='word_1_224' title='bbox 532 2689 724 2744; x_wconf 81' lang='lat' dir='ltr'><strong>horam</strong></span> <span class='ocrx_word' id='word_1_225' title='bbox 768 2688 1010 2750; x_wconf 85' lang='lat' dir='ltr'><strong>tertiam,</strong></span> <span class='ocrx_word' id='word_1_226' title='bbox 1041 2687 1172 2739; x_wconf 83' lang='lat' dir='ltr'><strong>vidit</strong></span> <span class='ocrx_word' id='word_1_227' title='bbox 1200 2685 1337 2739; x_wconf 88' lang='lat' dir='ltr'><strong>alios</strong></span> <span class='ocrx_word' id='word_1_228' title='bbox 1358 2694 1566 2739; x_wconf 83' lang='lat' dir='ltr'><strong>stantes</strong></span> <span class='ocrx_word' id='word_1_229' title='bbox 1596 2683 1648 2737; x_wconf 87' lang='lat' dir='ltr'><strong>in</strong></span> <span class='ocrx_word' id='word_1_230' title='bbox 1676 2683 1794 2737; x_wconf 89' lang='lat' dir='ltr'><strong>foro</strong></span> <span class='ocrx_word' id='word_1_231' title='bbox 1820 2683 2044 2747; x_wconf 91' lang='lat' dir='ltr'><strong>otiosos,</strong></span> <span class='ocrx_word' id='word_1_232' title='bbox 2075 2691 2129 2735; x_wconf 93' lang='lat' dir='ltr'><strong>et</strong></span> 
     </span>
    </p>
   </div>
   <div class='ocr_carea' id='block_1_33' title="bbox 530 2777 2130 2844">
    <p class='ocr_par' dir='ltr' id='par_1_33' title="bbox 530 2777 2130 2844">
     <span class='ocr_line' id='line_1_33' title="bbox 530 2777 2130 2844; baseline -0.004 -10"><span class='ocrx_word' id='word_1_233' title='bbox 530 2780 639 2835; x_wconf 85' lang='lat' dir='ltr'><strong>illis</strong></span> <span class='ocrx_word' id='word_1_234' title='bbox 671 2779 803 2833; x_wconf 83' lang='lat' dir='ltr'><strong>dixit</strong></span> <span class='ocrx_word' id='word_1_235' title='bbox 828 2797 841 2833; x_wconf 88' lang='lat'><strong>:</strong></span> <span class='ocrx_word' id='word_1_236' title='bbox 862 2779 933 2833; x_wconf 90' lang='lat' dir='ltr'><strong>Ite</strong></span> <span class='ocrx_word' id='word_1_237' title='bbox 953 2789 1121 2833; x_wconf 89' lang='lat' dir='ltr'><strong>etvos</strong></span> <span class='ocrx_word' id='word_1_238' title='bbox 1154 2778 1204 2832; x_wconf 93' lang='lat' dir='ltr'><strong>in</strong></span> <span class='ocrx_word' id='word_1_239' title='bbox 1228 2779 1441 2832; x_wconf 88' lang='lat' dir='ltr'><strong>vineam</strong></span> <span class='ocrx_word' id='word_1_240' title='bbox 1466 2792 1664 2842; x_wconf 84' lang='lat' dir='ltr'><strong>meam,</strong></span> <span class='ocrx_word' id='word_1_241' title='bbox 1692 2784 1743 2831; x_wconf 89' lang='lat' dir='ltr'><strong>et</strong></span> <span class='ocrx_word' id='word_1_242' title='bbox 1775 2777 2130 2844; x_wconf 84' lang='lat' dir='ltr'><strong>quodcunque</strong></span> 
     </span>
    </p>
   </div>
   <div class='ocr_carea' id='block_1_34' title="bbox 529 2858 2129 2940">
    <p class='ocr_par' dir='ltr' id='par_1_34' title="bbox 529 2858 2129 2940">
     <span class='ocr_line' id='line_1_34' title="bbox 529 2858 2129 2940; baseline -0.003 -15"><span class='ocrx_word' id='word_1_243' title='bbox 529 2858 732 2940; x_wconf 66' lang='lat' dir='ltr'><strong>juStum</strong></span> <span class='ocrx_word' id='word_1_244' title='bbox 757 2871 939 2937; x_wconf 87' lang='lat' dir='ltr'><strong>fuerit,</strong></span> <span class='ocrx_word' id='word_1_245' title='bbox 962 2870 1104 2923; x_wconf 86' lang='lat' dir='ltr'><strong>daho</strong></span> <span class='ocrx_word' id='word_1_246' title='bbox 1124 2871 1294 2923; x_wconf 82' lang='lat' dir='ltr'><strong>vobis.</strong></span> <span class='ocrx_word' id='word_1_247' title='bbox 1318 2870 1397 2923; x_wconf 88' lang='lat' dir='ltr'><strong>llli</strong></span> <span class='ocrx_word' id='word_1_248' title='bbox 1434 2878 1612 2922; x_wconf 88' lang='lat' dir='ltr'><strong>autem</strong></span> <span class='ocrx_word' id='word_1_249' title='bbox 1643 2866 1914 2921; x_wconf 89' lang='lat' dir='ltr'><strong>abierunt.</strong></span> <span class='ocrx_word' id='word_1_250' title='bbox 1931 2866 2129 2920; x_wconf 89' lang='lat' dir='ltr'><strong>lterum</strong></span> 
     </span>
    </p>
   </div>
   <div class='ocr_carea' id='block_1_35' title="bbox 535 2959 2134 3023">
    <p class='ocr_par' dir='ltr' id='par_1_35' title="bbox 535 2959 2134 3023">
     <span class='ocr_line' id='line_1_35' title="bbox 535 2959 2134 3023; baseline -0.002 -7"><span class='ocrx_word' id='word_1_251' title='bbox 535 2978 659 3016; x_wconf 89' lang='lat' dir='ltr'><strong>cum</strong></span> <span class='ocrx_word' id='word_1_252' title='bbox 704 2964 907 3015; x_wconf 76' lang='lat' dir='ltr'><strong>exisset</strong></span> <span class='ocrx_word' id='word_1_253' title='bbox 931 2962 1073 3015; x_wconf 85' lang='lat' dir='ltr'><strong>circa</strong></span> <span class='ocrx_word' id='word_1_254' title='bbox 1102 2972 1308 3014; x_wconf 81' lang='lat' dir='ltr'><strong>sextam</strong></span> <span class='ocrx_word' id='word_1_255' title='bbox 1338 2972 1387 3015; x_wconf 90' lang='lat' dir='ltr'><strong>et</strong></span> <span class='ocrx_word' id='word_1_256' title='bbox 1420 2974 1619 3014; x_wconf 89' lang='lat' dir='ltr'><strong>nonam</strong></span> <span class='ocrx_word' id='word_1_257' title='bbox 1650 2960 1863 3023; x_wconf 84' lang='lat' dir='ltr'><strong>horam,</strong></span> <span class='ocrx_word' id='word_1_258' title='bbox 1884 2959 2134 3013; x_wconf 86' lang='lat' dir='ltr'><strong>similiter</strong></span> 
     </span>
    </p>
   </div>
   <div class='ocr_carea' id='block_1_36' title="bbox 530 3049 2133 3115">
    <p class='ocr_par' dir='ltr' id='par_1_36' title="bbox 530 3049 2133 3115">
     <span class='ocr_line' id='line_1_36' title="bbox 530 3049 2133 3115; baseline -0.002 -10"><span class='ocrx_word' id='word_1_259' title='bbox 530 3052 679 3106; x_wconf 87' lang='lat' dir='ltr'><strong>fecit.</strong></span> <span class='ocrx_word' id='word_1_260' title='bbox 704 3051 860 3104; x_wconf 74' lang='lat' dir='ltr'><strong>Circa</strong></span> <span class='ocrx_word' id='word_1_261' title='bbox 882 3052 1216 3104; x_wconf 84' lang='lat' dir='ltr'><strong>undecimam</strong></span> <span class='ocrx_word' id='word_1_262' title='bbox 1269 3063 1398 3103; x_wconf 82' lang='lat' dir='ltr'><strong>vero</strong></span> <span class='ocrx_word' id='word_1_263' title='bbox 1428 3050 1618 3103; x_wconf 86' lang='lat' dir='ltr'><strong>horam</strong></span> <span class='ocrx_word' id='word_1_264' title='bbox 1649 3049 1803 3115; x_wconf 81' lang='lat' dir='ltr'><strong>exiit,</strong></span> <span class='ocrx_word' id='word_1_265' title='bbox 1828 3059 1883 3104; x_wconf 87' lang='lat' dir='ltr'><strong>et</strong></span> <span class='ocrx_word' id='word_1_266' title='bbox 1928 3049 2133 3103; x_wconf 83' lang='lat' dir='ltr'><strong>invenit</strong></span> 
     </span>
    </p>
   </div>
   <div class='ocr_carea' id='block_1_37' title="bbox 533 3138 2129 3204">
    <p class='ocr_par' dir='ltr' id='par_1_37' title="bbox 533 3138 2129 3204">
     <span class='ocr_line' id='line_1_37' title="bbox 533 3138 2129 3204; baseline 0.001 -13"><span class='ocrx_word' id='word_1_267' title='bbox 533 3138 669 3193; x_wconf 89' lang='lat' dir='ltr'><strong>alios</strong></span> <span class='ocrx_word' id='word_1_268' title='bbox 704 3148 912 3192; x_wconf 83' lang='lat' dir='ltr'><strong>stantes</strong></span> <span class='ocrx_word' id='word_1_269' title='bbox 935 3138 1158 3204; x_wconf 88' lang='lat' dir='ltr'><strong>otiosos,</strong></span> <span class='ocrx_word' id='word_1_270' title='bbox 1181 3147 1236 3194; x_wconf 91' lang='lat' dir='ltr'><strong>et</strong></span> <span class='ocrx_word' id='word_1_271' title='bbox 1273 3138 1407 3192; x_wconf 79' lang='lat' dir='ltr'><strong>dixit</strong></span> <span class='ocrx_word' id='word_1_272' title='bbox 1431 3138 1536 3194; x_wconf 89' lang='lat' dir='ltr'><strong>illis</strong></span> <span class='ocrx_word' id='word_1_273' title='bbox 1560 3154 1575 3193; x_wconf 90' lang='lat'><strong>:</strong></span> <span class='ocrx_word' id='word_1_274' title='bbox 1597 3138 1707 3193; x_wconf 89' lang='lat' dir='ltr'><strong>Cur</strong></span> <span class='ocrx_word' id='word_1_275' title='bbox 1733 3140 1819 3194; x_wconf 90' lang='lat' dir='ltr'><strong>hic</strong></span> <span class='ocrx_word' id='word_1_276' title='bbox 1838 3140 1994 3194; x_wconf 89' lang='lat' dir='ltr'><strong>statis</strong></span> <span class='ocrx_word' id='word_1_277' title='bbox 2023 3149 2129 3193; x_wconf 88' lang='lat' dir='ltr'><strong>tota</strong></span> 
     </span>
    </p>
   </div>
   <div class='ocr_carea' id='block_1_38' title="bbox 531 3212 2121 3297">
    <p class='ocr_par' dir='ltr' id='par_1_38' title="bbox 531 3229 2121 3297">
     <span class='ocr_line' id='line_1_38' title="bbox 531 3229 2121 3297; baseline -0.001 -13"><span class='ocrx_word' id='word_1_278' title='bbox 531 3231 621 3285; x_wconf 88' lang='lat' dir='ltr'><strong>die</strong></span> <span class='ocrx_word' id='word_1_279' title='bbox 638 3230 838 3284; x_wconf 85' lang='lat' dir='ltr'><strong>otiosi?</strong></span> <span class='ocrx_word' id='word_1_280' title='bbox 867 3229 1056 3284; x_wconf 89' lang='lat' dir='ltr'><strong>Dicunt</strong></span> <span class='ocrx_word' id='word_1_281' title='bbox 1074 3232 1144 3284; x_wconf 90' lang='lat' dir='ltr'><strong>illi</strong></span> <span class='ocrx_word' id='word_1_282' title='bbox 1172 3251 1183 3285; x_wconf 95' lang='lat'>:</span> <span class='ocrx_word' id='word_1_283' title='bbox 1210 3231 1347 3297; x_wconf 79' lang='lat' dir='ltr'><strong>Quia</strong></span> <span class='ocrx_word' id='word_1_284' title='bbox 1374 3230 1553 3285; x_wconf 89' lang='lat' dir='ltr'><strong>nullus</strong></span> <span class='ocrx_word' id='word_1_285' title='bbox 1571 3246 1667 3284; x_wconf 90' lang='lat' dir='ltr'><strong>nos</strong></span> <span class='ocrx_word' id='word_1_286' title='bbox 1685 3232 1962 3286; x_wconf 80' lang='lat' dir='ltr'><strong>conduxit.</strong></span> <span class='ocrx_word' id='word_1_287' title='bbox 1985 3230 2121 3284; x_wconf 87' lang='lat' dir='ltr'><strong>Diin</strong></span> 
     </span>
    </p>
   </div>
   <div class='ocr_carea' id='block_1_39' title="bbox 2235 3212 2764 3297">
    <p class='ocr_par' dir='ltr' id='par_1_39' title="bbox 2239 3218 2764 3287">
     <span class='ocr_line' id='line_1_39' title="bbox 2239 3218 2764 3287; baseline 0.004 -18"><span class='ocrx_word' id='word_1_288' title='bbox 2239 3220 2331 3270; x_wconf 74' lang='grc' dir='ltr'><strong>καὶ</strong></span> <span class='ocrx_word' id='word_1_289' title='bbox 2360 3218 2508 3287; x_wconf 83' lang='grc' dir='ltr'>λέγει</span> <span class='ocrx_word' id='word_1_290' title='bbox 2538 3221 2721 3283; x_wconf 75' lang='grc' dir='ltr'>αὐτοῖς</span> <span class='ocrx_word' id='word_1_291' title='bbox 2751 3237 2764 3251; x_wconf 90' lang='grc'><strong>·</strong></span> 
     </span>
    </p>
   </div>
   <div class='ocr_carea' id='block_1_40' title="bbox 532 3320 2123 3391">
    <p class='ocr_par' dir='ltr' id='par_1_40' title="bbox 532 3320 2123 3391">
     <span class='ocr_line' id='line_1_40' title="bbox 532 3320 2123 3391; baseline -0.002 -15"><span class='ocrx_word' id='word_1_292' title='bbox 532 3322 640 3376; x_wconf 85' lang='lat' dir='ltr'><strong>il.is</strong></span> <span class='ocrx_word' id='word_1_293' title='bbox 656 3340 668 3373; x_wconf 91' lang='lat'><strong>:</strong></span> <span class='ocrx_word' id='word_1_294' title='bbox 687 3322 841 3375; x_wconf 83' lang='lat' dir='ltr'><strong>Abite</strong></span> <span class='ocrx_word' id='word_1_295' title='bbox 859 3333 912 3374; x_wconf 89' lang='lat' dir='ltr'><strong>et</strong></span> <span class='ocrx_word' id='word_1_296' title='bbox 930 3337 1024 3375; x_wconf 82' lang='lat' dir='ltr'><strong>vos</strong></span> <span class='ocrx_word' id='word_1_297' title='bbox 1041 3322 1093 3375; x_wconf 89' lang='lat' dir='ltr'><strong>in</strong></span> <span class='ocrx_word' id='word_1_298' title='bbox 1110 3322 1321 3375; x_wconf 87' lang='lat' dir='ltr'><strong>vineam</strong></span> <span class='ocrx_word' id='word_1_299' title='bbox 1342 3338 1355 3374; x_wconf 92' lang='lat'>:</span> <span class='ocrx_word' id='word_1_300' title='bbox 1376 3320 1702 3391; x_wconf 84' lang='lat' dir='ltr'><strong>etquidquid</strong></span> <span class='ocrx_word' id='word_1_301' title='bbox 1721 3321 1923 3391; x_wconf 86' lang='lat' dir='ltr'><strong>justum</strong></span> <span class='ocrx_word' id='word_1_302' title='bbox 1942 3321 2123 3385; x_wconf 88' lang='lat' dir='ltr'><strong>fuerit,</strong></span> 
     </span>
    </p>
   </div>
   <div class='ocr_carea' id='block_1_41' title="bbox 538 3412 2127 3485">
    <p class='ocr_par' dir='ltr' id='par_1_41' title="bbox 538 3412 2127 3485">
     <span class='ocr_line' id='line_1_41' title="bbox 538 3412 2127 3485; baseline 0.002 -18"><span class='ocrx_word' id='word_1_303' title='bbox 538 3415 845 3482; x_wconf 77' lang='lat' dir='ltr'><strong>accipietis.</strong></span> <span class='ocrx_word' id='word_1_304' title='bbox 882 3433 898 3464; x_wconf 74' lang='grc' dir='ltr'><strong>ι</strong></span> <span class='ocrx_word' id='word_1_305' title='bbox 931 3412 1181 3468; x_wconf 86' lang='lat' dir='ltr'><strong>Christus</strong></span> <span class='ocrx_word' id='word_1_306' title='bbox 1210 3426 1291 3469; x_wconf 89' lang='lat' dir='ltr'><strong>est</strong></span> <span class='ocrx_word' id='word_1_307' title='bbox 1311 3430 1535 3483; x_wconf 82' lang='lat' dir='ltr'><strong>regnum</strong></span> <span class='ocrx_word' id='word_1_308' title='bbox 1583 3416 1868 3481; x_wconf 68' lang='lat' dir='ltr'><strong>caalorum,</strong></span> <span class='ocrx_word' id='word_1_309' title='bbox 1893 3416 1984 3485; x_wconf 89' lang='lat' dir='ltr'><strong>qui</strong></span> <span class='ocrx_word' id='word_1_310' title='bbox 2041 3432 2127 3470; x_wconf 86' lang='lat' dir='ltr'><strong>as-</strong></span> 
     </span>
    </p>
   </div>
   <div class='ocr_carea' id='block_1_42' title="bbox 534 3506 2128 3575">
    <p class='ocr_par' dir='ltr' id='par_1_42' title="bbox 534 3506 2128 3575">
     <span class='ocr_line' id='line_1_42' title="bbox 534 3506 2128 3575; baseline -0.002 -13"><span class='ocrx_word' id='word_1_311' title='bbox 534 3510 807 3562; x_wconf 86' lang='lat' dir='ltr'><strong>similatur</strong></span> <span class='ocrx_word' id='word_1_312' title='bbox 836 3508 1071 3571; x_wconf 82' lang='lat' dir='ltr'><strong>hOmini,</strong></span> <span class='ocrx_word' id='word_1_313' title='bbox 1109 3507 1405 3560; x_wconf 88' lang='lat' dir='ltr'><strong>secundum</strong></span> <span class='ocrx_word' id='word_1_314' title='bbox 1430 3509 1572 3575; x_wconf 89' lang='lat' dir='ltr'><strong>quod</strong></span> <span class='ocrx_word' id='word_1_315' title='bbox 1596 3506 1889 3561; x_wconf 86' lang='lat' dir='ltr'><strong>humanam</strong></span> <span class='ocrx_word' id='word_1_316' title='bbox 1915 3508 2128 3575; x_wconf 89' lang='lat' dir='ltr'><strong>accepit</strong></span> 
     </span>
    </p>
   </div>
   <div class='ocr_carea' id='block_1_43' title="bbox 536 3596 2129 3669">
    <p class='ocr_par' dir='ltr' id='par_1_43' title="bbox 536 3596 2129 3669">
     <span class='ocr_line' id='line_1_43' title="bbox 536 3596 2129 3669; baseline -0.002 -15"><span class='ocrx_word' id='word_1_317' title='bbox 536 3599 695 3669; x_wconf 77' lang='lat'><strong>105</strong></span> <span class='ocrx_word' id='word_1_318' title='bbox 748 3598 1004 3652; x_wconf 86' lang='lat' dir='ltr'><strong>formam.</strong></span> <span class='ocrx_word' id='word_1_319' title='bbox 1042 3596 1443 3653; x_wconf 80' lang='lat' dir='ltr'><strong>Paterfamilias</strong></span> <span class='ocrx_word' id='word_1_320' title='bbox 1471 3608 1675 3663; x_wconf 84' lang='lat' dir='ltr'><strong>autem,</strong></span> <span class='ocrx_word' id='word_1_321' title='bbox 1707 3601 1833 3667; x_wconf 87' lang='lat' dir='ltr'><strong>quia</strong></span> <span class='ocrx_word' id='word_1_322' title='bbox 1868 3597 2129 3652; x_wconf 90' lang='lat' dir='ltr'><strong>Dominus</strong></span> 
     </span>
    </p>
   </div>
   <div class='ocr_carea' id='block_1_44' title="bbox 531 3687 2127 3757">
    <p class='ocr_par' dir='ltr' id='par_1_44' title="bbox 531 3687 2127 3757">
     <span class='ocr_line' id='line_1_44' title="bbox 531 3687 2127 3757; baseline -0.003 -9"><span class='ocrx_word' id='word_1_323' title='bbox 531 3703 616 3747; x_wconf 85' lang='lat' dir='ltr'><strong>est</strong></span> <span class='ocrx_word' id='word_1_324' title='bbox 644 3695 855 3753; x_wconf 88' lang='lat' dir='ltr'><strong>domus,</strong></span> <span class='ocrx_word' id='word_1_325' title='bbox 898 3690 999 3743; x_wconf 91' lang='lat' dir='ltr'><strong>hoc</strong></span> <span class='ocrx_word' id='word_1_326' title='bbox 1024 3700 1128 3756; x_wconf 91' lang='lat' dir='ltr'><strong>est,</strong></span> <span class='ocrx_word' id='word_1_327' title='bbox 1184 3689 1460 3745; x_wconf 63' lang='lat' dir='ltr'><strong>Ecclesiae.</strong></span> <span class='ocrx_word' id='word_1_328' title='bbox 1512 3687 1611 3744; x_wconf 90' lang='lat' dir='ltr'><strong>llic</strong></span> <span class='ocrx_word' id='word_1_329' title='bbox 1669 3689 1833 3757; x_wconf 90' lang='lat' dir='ltr'><strong>igitur</strong></span> <span class='ocrx_word' id='word_1_330' title='bbox 1875 3689 2127 3744; x_wconf 89' lang='lat' dir='ltr'><strong>Christus</strong></span> 
     </span>
    </p>
   </div>
   <div class='ocr_carea' id='block_1_45' title="bbox 528 3781 2115 3853">
    <p class='ocr_par' dir='ltr' id='par_1_45' title="bbox 528 3781 2115 3853">
     <span class='ocr_line' id='line_1_45' title="bbox 528 3781 2115 3853; baseline -0.005 -12"><span class='ocrx_word' id='word_1_331' title='bbox 528 3786 719 3841; x_wconf 81' lang='lat' dir='ltr'><strong>exiite</strong></span> <span class='ocrx_word' id='word_1_332' title='bbox 750 3784 958 3839; x_wconf 88' lang='lat' dir='ltr'><strong>sinibus</strong></span> <span class='ocrx_word' id='word_1_333' title='bbox 999 3784 1268 3853; x_wconf 86' lang='lat' dir='ltr'><strong>paternis,</strong></span> <span class='ocrx_word' id='word_1_334' title='bbox 1300 3792 1355 3835; x_wconf 91' lang='lat' dir='ltr'><strong>et</strong></span> <span class='ocrx_word' id='word_1_335' title='bbox 1413 3781 1677 3836; x_wconf 81' lang='lat' dir='ltr'><strong>conduxit</strong></span> <span class='ocrx_word' id='word_1_336' title='bbox 1728 3785 2014 3849; x_wconf 86' lang='lat' dir='ltr'><strong>operarios</strong></span> <span class='ocrx_word' id='word_1_337' title='bbox 2064 3782 2115 3834; x_wconf 93' lang='lat' dir='ltr'><strong>in</strong></span> 
     </span>
    </p>
   </div>
   <div class='ocr_carea' id='block_1_46' title="bbox 534 3872 2107 3944">
    <p class='ocr_par' dir='ltr' id='par_1_46' title="bbox 534 3872 2107 3944">
     <span class='ocr_line' id='line_1_46' title="bbox 534 3872 2107 3944; baseline -0.003 -15"><span class='ocrx_word' id='word_1_338' title='bbox 534 3879 771 3939; x_wconf 79' lang='lat' dir='ltr'><strong>vineam,</strong></span> <span class='ocrx_word' id='word_1_339' title='bbox 821 3876 922 3929; x_wconf 93' lang='lat' dir='ltr'><strong>hoc</strong></span> <span class='ocrx_word' id='word_1_340' title='bbox 980 3885 1064 3930; x_wconf 90' lang='lat' dir='ltr'><strong>est</strong></span> <span class='ocrx_word' id='word_1_341' title='bbox 1112 3874 1457 3944; x_wconf 86' lang='lat' dir='ltr'><strong>Scripturas,</strong></span> <span class='ocrx_word' id='word_1_342' title='bbox 1520 3872 1602 3927; x_wconf 80' lang='lat' dir='ltr'><strong>vel</strong></span> <span class='ocrx_word' id='word_1_343' title='bbox 1652 3872 1928 3927; x_wconf 86' lang='lat' dir='ltr'><strong>mandata.</strong></span> <span class='ocrx_word' id='word_1_344' title='bbox 1991 3872 2107 3937; x_wconf 88' lang='lat' dir='ltr'><strong>Vel,</strong></span> 
     </span>
    </p>
   </div>
   <div class='ocr_carea' id='block_1_47' title="bbox 529 3965 2131 4038">
    <p class='ocr_par' dir='ltr' id='par_1_47' title="bbox 529 3965 2131 4038">
     <span class='ocr_line' id='line_1_47' title="bbox 529 3965 2131 4038; baseline -0.002 -15"><span class='ocrx_word' id='word_1_345' title='bbox 529 3984 969 4038; x_wconf 85' lang='lat' dir='ltr'><strong>tuutmquetnque</strong></span> <span class='ocrx_word' id='word_1_346' title='bbox 1018 3967 1286 4022; x_wconf 79' lang='lat' dir='ltr'><strong>conduxit</strong></span> <span class='ocrx_word' id='word_1_347' title='bbox 1316 3977 1375 4019; x_wconf 89' lang='lat' dir='ltr'><strong>ut</strong></span> <span class='ocrx_word' id='word_1_348' title='bbox 1432 3976 1689 4034; x_wconf 88' lang='lat' dir='ltr'><strong>operetur</strong></span> <span class='ocrx_word' id='word_1_349' title='bbox 1733 3965 1973 4031; x_wconf 85' lang='lat' dir='ltr'><strong>vineam,</strong></span> <span class='ocrx_word' id='word_1_350' title='bbox 2026 3965 2131 4020; x_wconf 87' lang='lat' dir='ltr'><strong>hoc</strong></span> 
     </span>
    </p>
   </div>
   <div class='ocr_carea' id='block_1_48' title="bbox 529 4057 2125 4126">
    <p class='ocr_par' dir='ltr' id='par_1_48' title="bbox 529 4057 2125 4126">
     <span class='ocr_line' id='line_1_48' title="bbox 529 4057 2125 4126; baseline -0.004 -9"><span class='ocrx_word' id='word_1_351' title='bbox 529 4074 614 4117; x_wconf 89' lang='lat' dir='ltr'><strong>est</strong></span> <span class='ocrx_word' id='word_1_352' title='bbox 671 4078 822 4116; x_wconf 90' lang='lat' dir='ltr'><strong>suam</strong></span> <span class='ocrx_word' id='word_1_353' title='bbox 852 4062 1117 4116; x_wconf 86' lang='lat' dir='ltr'><strong>animam.</strong></span> <span class='ocrx_word' id='word_1_354' title='bbox 1159 4057 1430 4113; x_wconf 88' lang='lat' dir='ltr'><strong>Conducit</strong></span> <span class='ocrx_word' id='word_1_355' title='bbox 1475 4066 1655 4112; x_wconf 88' lang='lat' dir='ltr'><strong>autem</strong></span> <span class='ocrx_word' id='word_1_356' title='bbox 1701 4057 1866 4110; x_wconf 89' lang='lat' dir='ltr'><strong>alium</strong></span> <span class='ocrx_word' id='word_1_357' title='bbox 1907 4057 2125 4126; x_wconf 78' lang='lat' dir='ltr'><strong>quidem</strong></span> 
     </span>
    </p>
   </div>
   <div class='ocr_carea' id='block_1_49' title="bbox 526 4148 2121 4225">
    <p class='ocr_par' dir='ltr' id='par_1_49' title="bbox 526 4148 2121 4225">
     <span class='ocr_line' id='line_1_49' title="bbox 526 4148 2121 4225; baseline -0.002 -20"><span class='ocrx_word' id='word_1_358' title='bbox 526 4156 705 4225; x_wconf 81' lang='lat' dir='ltr'><strong>primo</strong></span> <span class='ocrx_word' id='word_1_359' title='bbox 736 4153 996 4218; x_wconf 88' lang='lat' dir='ltr'><strong>diluculo,</strong></span> <span class='ocrx_word' id='word_1_360' title='bbox 1046 4153 1148 4207; x_wconf 88' lang='lat' dir='ltr'><strong>hoc</strong></span> <span class='ocrx_word' id='word_1_361' title='bbox 1195 4161 1279 4206; x_wconf 91' lang='lat' dir='ltr'><strong>est</strong></span> <span class='ocrx_word' id='word_1_362' title='bbox 1328 4153 1379 4205; x_wconf 94' lang='lat' dir='ltr'><strong>in</strong></span> <span class='ocrx_word' id='word_1_363' title='bbox 1400 4151 1682 4219; x_wconf 82' lang='lat' dir='ltr'><strong>pueritia:</strong></span> <span class='ocrx_word' id='word_1_364' title='bbox 1724 4148 1891 4203; x_wconf 89' lang='lat' dir='ltr'><strong>alium</strong></span> <span class='ocrx_word' id='word_1_365' title='bbox 1941 4158 2121 4203; x_wconf 86' lang='lat' dir='ltr'><strong>autem</strong></span> 
     </span>
    </p>
   </div>
   <div class='ocr_carea' id='block_1_50' title="bbox 530 4242 2115 4309">
    <p class='ocr_par' dir='ltr' id='par_1_50' title="bbox 530 4242 2115 4309">
     <span class='ocr_line' id='line_1_50' title="bbox 530 4242 2115 4309; baseline -0.004 -7"><span class='ocrx_word' id='word_1_366' title='bbox 530 4249 663 4302; x_wconf 87' lang='lat' dir='ltr'><strong>hora</strong></span> <span class='ocrx_word' id='word_1_367' title='bbox 717 4246 901 4309; x_wconf 84' lang='lat' dir='ltr'><strong>tettia,</strong></span> <span class='ocrx_word' id='word_1_368' title='bbox 946 4247 1049 4299; x_wconf 87' lang='lat' dir='ltr'><strong>hoc</strong></span> <span class='ocrx_word' id='word_1_369' title='bbox 1095 4253 1178 4299; x_wconf 81' lang='lat' dir='ltr'><strong>est</strong></span> <span class='ocrx_word' id='word_1_370' title='bbox 1232 4242 1598 4297; x_wconf 75' lang='lat' dir='ltr'><strong>adolest-entia</strong></span> <span class='ocrx_word' id='word_1_371' title='bbox 1648 4257 1667 4296; x_wconf 90' lang='lat'><strong><em>:</em></strong></span> <span class='ocrx_word' id='word_1_372' title='bbox 1738 4257 1930 4296; x_wconf 82' lang='lat' dir='ltr'><strong>rursus</strong></span> <span class='ocrx_word' id='word_1_373' title='bbox 1976 4242 2115 4296; x_wconf 85' lang='lat' dir='ltr'><strong>alios</strong></span> 
     </span>
    </p>
   </div>
   <div class='ocr_carea' id='block_1_51' title="bbox 524 4330 2132 4405">
    <p class='ocr_par' dir='ltr' id='par_1_51' title="bbox 524 4330 2132 4405">
     <span class='ocr_line' id='line_1_51' title="bbox 524 4330 2132 4405; baseline -0.002 -13"><span class='ocrx_word' id='word_1_374' title='bbox 524 4348 675 4392; x_wconf 73' lang='lat' dir='ltr'><strong>sexta</strong></span> <span class='ocrx_word' id='word_1_375' title='bbox 730 4348 777 4391; x_wconf 88' lang='lat' dir='ltr'><strong>et</strong></span> <span class='ocrx_word' id='word_1_376' title='bbox 823 4352 985 4403; x_wconf 87' lang='lat' dir='ltr'><strong>nona,</strong></span> <span class='ocrx_word' id='word_1_377' title='bbox 1037 4337 1253 4405; x_wconf 84' lang='lat' dir='ltr'><strong>quando</strong></span> <span class='ocrx_word' id='word_1_378' title='bbox 1281 4334 1402 4404; x_wconf 89' lang='lat' dir='ltr'><strong>quis</strong></span> <span class='ocrx_word' id='word_1_379' title='bbox 1454 4333 1912 4402; x_wconf 85' lang='lat' dir='ltr'><strong>vigintiquinque</strong></span> <span class='ocrx_word' id='word_1_380' title='bbox 1966 4330 2132 4389; x_wconf 82' lang='lat' dir='ltr'><strong>fuerit</strong></span> 
     </span>
    </p>
   </div>
   <div class='ocr_carea' id='block_1_52' title="bbox 527 4423 2126 4497">
    <p class='ocr_par' dir='ltr' id='par_1_52' title="bbox 527 4423 2126 4497">
     <span class='ocr_line' id='line_1_52' title="bbox 527 4423 2126 4497; baseline -0.005 -12"><span class='ocrx_word' id='word_1_381' title='bbox 527 4445 821 4491; x_wconf 81' lang='lat' dir='ltr'><strong>annorum,</strong></span> <span class='ocrx_word' id='word_1_382' title='bbox 850 4428 932 4482; x_wconf 90' lang='lat' dir='ltr'><strong>vel</strong></span> <span class='ocrx_word' id='word_1_383' title='bbox 966 4428 1206 4497; x_wconf 75' lang='lat' dir='ltr'><strong>triginta,</strong></span> <span class='ocrx_word' id='word_1_384' title='bbox 1238 4435 1293 4480; x_wconf 91' lang='lat' dir='ltr'><strong>et</strong></span> <span class='ocrx_word' id='word_1_385' title='bbox 1317 4425 1636 4495; x_wconf 84' lang='lat' dir='ltr'><strong>simpliciter</strong></span> <span class='ocrx_word' id='word_1_386' title='bbox 1674 4425 1726 4478; x_wconf 94' lang='lat' dir='ltr'><strong>iu</strong></span> <span class='ocrx_word' id='word_1_387' title='bbox 1758 4423 1895 4477; x_wconf 82' lang='lat' dir='ltr'><strong>virili</strong></span> <span class='ocrx_word' id='word_1_388' title='bbox 1926 4433 2085 4478; x_wconf 68' lang='lat' dir='ltr'><strong>aetate</strong></span> <span class='ocrx_word' id='word_1_389' title='bbox 2112 4426 2126 4463; x_wconf 72' lang='grc' dir='ltr'><strong>ε</strong></span> 
     </span>
    </p>
   </div>
   <div class='ocr_carea' id='block_1_53' title="bbox 530 4516 2122 4593">
    <p class='ocr_par' dir='ltr' id='par_1_53' title="bbox 530 4516 2122 4593">
     <span class='ocr_line' id='line_1_53' title="bbox 530 4516 2122 4593; baseline -0.003 -18"><span class='ocrx_word' id='word_1_390' title='bbox 530 4535 699 4593; x_wconf 78' lang='lat' dir='ltr'><strong>porro</strong></span> <span class='ocrx_word' id='word_1_391' title='bbox 736 4521 879 4574; x_wconf 89' lang='lat' dir='ltr'><strong>circa</strong></span> <span class='ocrx_word' id='word_1_392' title='bbox 906 4518 1268 4582; x_wconf 87' lang='lat' dir='ltr'><strong>undecimam,</strong></span> <span class='ocrx_word' id='word_1_393' title='bbox 1300 4531 1480 4572; x_wconf 76' lang='lat' dir='ltr'><strong>senes.</strong></span> <span class='ocrx_word' id='word_1_394' title='bbox 1510 4516 1661 4570; x_wconf 80' lang='lat' dir='ltr'><strong>Multi</strong></span> <span class='ocrx_word' id='word_1_395' title='bbox 1702 4516 1847 4571; x_wconf 89' lang='lat' dir='ltr'><strong>enim</strong></span> <span class='ocrx_word' id='word_1_396' title='bbox 1881 4525 1936 4571; x_wconf 89' lang='lat' dir='ltr'><strong>et</strong></span> <span class='ocrx_word' id='word_1_397' title='bbox 1962 4530 2122 4570; x_wconf 86' lang='lat' dir='ltr'><strong>senes</strong></span> 
     </span>
    </p>
   </div>
   <div class='ocr_carea' id='block_1_54' title="bbox 524 4607 2116 4677">
    <p class='ocr_par' dir='ltr' id='par_1_54' title="bbox 524 4607 2116 4677">
     <span class='ocr_line' id='line_1_54' title="bbox 524 4607 2116 4677; baseline -0.003 -12"><span class='ocrx_word' id='word_1_398' title='bbox 524 4615 893 4668; x_wconf 81' lang='lat' dir='ltr'><strong>crediderunt.</strong></span> <span class='ocrx_word' id='word_1_399' title='bbox 932 4609 1022 4664; x_wconf 87' lang='lat' dir='ltr'><strong>Vel</strong></span> <span class='ocrx_word' id='word_1_400' title='bbox 1062 4610 1244 4672; x_wconf 87' lang='lat' dir='ltr'><strong>aliter,</strong></span> <span class='ocrx_word' id='word_1_401' title='bbox 1289 4608 1405 4663; x_wconf 90' lang='lat' dir='ltr'><strong>dies</strong></span> <span class='ocrx_word' id='word_1_402' title='bbox 1432 4607 1632 4661; x_wconf 91' lang='lat' dir='ltr'><strong>dicitur</strong></span> <span class='ocrx_word' id='word_1_403' title='bbox 1668 4622 1908 4677; x_wconf 74' lang='lat' dir='ltr'><strong>praesens</strong></span> <span class='ocrx_word' id='word_1_404' title='bbox 1944 4622 2116 4661; x_wconf 59' lang='grc' dir='ltr'>δεου-</span> 
     </span>
    </p>
   </div>
   <div class='ocr_carea' id='block_1_55' title="bbox 524 4698 2123 4769">
    <p class='ocr_par' dir='ltr' id='par_1_55' title="bbox 524 4698 2123 4769">
     <span class='ocr_line' id='line_1_55' title="bbox 524 4698 2123 4769; baseline -0.004 -12"><span class='ocrx_word' id='word_1_405' title='bbox 524 4705 669 4757; x_wconf 88' lang='lat' dir='ltr'><strong>lum:</strong></span> <span class='ocrx_word' id='word_1_406' title='bbox 702 4706 753 4757; x_wconf 90' lang='lat' dir='ltr'><strong>iu</strong></span> <span class='ocrx_word' id='word_1_407' title='bbox 798 4704 885 4756; x_wconf 89' lang='lat' dir='ltr'><strong>illo</strong></span> <span class='ocrx_word' id='word_1_408' title='bbox 929 4704 1071 4755; x_wconf 87' lang='lat' dir='ltr'><strong>enim</strong></span> <span class='ocrx_word' id='word_1_409' title='bbox 1120 4716 1412 4769; x_wconf 81' lang='lat' dir='ltr'><strong>operantur</strong></span> <span class='ocrx_word' id='word_1_410' title='bbox 1453 4700 1594 4753; x_wconf 85' lang='lat' dir='ltr'><strong>sicut</strong></span> <span class='ocrx_word' id='word_1_411' title='bbox 1650 4700 1704 4753; x_wconf 90' lang='lat' dir='ltr'><strong>iu</strong></span> <span class='ocrx_word' id='word_1_412' title='bbox 1758 4700 1863 4754; x_wconf 85' lang='lat' dir='ltr'><strong>die.</strong></span> <span class='ocrx_word' id='word_1_413' title='bbox 1900 4698 2123 4755; x_wconf 84' lang='lat' dir='ltr'><strong>Vucavit</strong></span> 
     </span>
    </p>
   </div>
   <div class='ocr_carea' id='block_1_56' title="bbox 524 4790 2119 4867">
    <p class='ocr_par' dir='ltr' id='par_1_56' title="bbox 524 4790 2119 4867">
     <span class='ocr_line' id='line_1_56' title="bbox 524 4790 2119 4867; baseline -0.005 -17"><span class='ocrx_word' id='word_1_414' title='bbox 524 4798 685 4867; x_wconf 78' lang='lat' dir='ltr'><strong>igitur</strong></span> <span class='ocrx_word' id='word_1_415' title='bbox 719 4796 981 4848; x_wconf 86' lang='lat' dir='ltr'><strong>Dominus</strong></span> <span class='ocrx_word' id='word_1_416' title='bbox 1018 4794 1189 4862; x_wconf 86' lang='lat' dir='ltr'><strong>prima</strong></span> <span class='ocrx_word' id='word_1_417' title='bbox 1253 4793 1382 4845; x_wconf 81' lang='lat' dir='ltr'><strong>hora</strong></span> <span class='ocrx_word' id='word_1_418' title='bbox 1430 4790 1617 4844; x_wconf 76' lang='lat' dir='ltr'><strong>Enoeh</strong></span> <span class='ocrx_word' id='word_1_419' title='bbox 1671 4799 1725 4844; x_wconf 86' lang='lat' dir='ltr'><strong>et</strong></span> <span class='ocrx_word' id='word_1_420' title='bbox 1774 4790 1908 4856; x_wconf 80' lang='lat' dir='ltr'><strong>Noe,</strong></span> <span class='ocrx_word' id='word_1_421' title='bbox 1964 4792 2119 4844; x_wconf 84' lang='lat' dir='ltr'><strong>tertia</strong></span> 
     </span>
    </p>
   </div>
   <div class='ocr_carea' id='block_1_57' title="bbox 524 4882 2110 4951">
    <p class='ocr_par' dir='ltr' id='par_1_57' title="bbox 524 4882 2110 4951">
     <span class='ocr_line' id='line_1_57' title="bbox 524 4882 2110 4951; baseline -0.004 -10"><span class='ocrx_word' id='word_1_422' title='bbox 524 4890 819 4947; x_wconf 77' lang='lat' dir='ltr'><strong>Abraham,</strong></span> <span class='ocrx_word' id='word_1_423' title='bbox 849 4896 1000 4939; x_wconf 78' lang='lat' dir='ltr'><strong>sexta</strong></span> <span class='ocrx_word' id='word_1_424' title='bbox 1056 4886 1257 4948; x_wconf 82' lang='lat' dir='ltr'><strong>Mosen,</strong></span> <span class='ocrx_word' id='word_1_425' title='bbox 1304 4900 1444 4937; x_wconf 83' lang='lat' dir='ltr'><strong>noua</strong></span> <span class='ocrx_word' id='word_1_426' title='bbox 1480 4883 1794 4951; x_wconf 76' lang='lat' dir='ltr'><strong>prOpltetas,</strong></span> <span class='ocrx_word' id='word_1_427' title='bbox 1825 4882 2110 4936; x_wconf 87' lang='lat' dir='ltr'><strong>undecima</strong></span> 
     </span>
    </p>
   </div>
   <div class='ocr_carea' id='block_1_58' title="bbox 525 4974 2110 5042">
    <p class='ocr_par' dir='ltr' id='par_1_58' title="bbox 525 4974 2110 5042">
     <span class='ocr_line' id='line_1_58' title="bbox 525 4974 2110 5042; baseline -0.005 -9"><span class='ocrx_word' id='word_1_428' title='bbox 525 4994 726 5042; x_wconf 86' lang='lat' dir='ltr'><strong>autem,</strong></span> <span class='ocrx_word' id='word_1_429' title='bbox 762 4980 861 5032; x_wconf 89' lang='lat' dir='ltr'><strong>hoc</strong></span> <span class='ocrx_word' id='word_1_430' title='bbox 899 4988 981 5031; x_wconf 64' lang='lat' dir='ltr'><strong>Bal</strong></span> <span class='ocrx_word' id='word_1_431' title='bbox 1016 4977 1069 5030; x_wconf 90' lang='lat' dir='ltr'><strong>in</strong></span> <span class='ocrx_word' id='word_1_432' title='bbox 1099 4976 1568 5031; x_wconf 85' lang='lat' dir='ltr'><strong>consummatione</strong></span> <span class='ocrx_word' id='word_1_433' title='bbox 1611 4976 1817 5036; x_wconf 72' lang='lat' dir='ltr'><strong>saeculi,</strong></span> <span class='ocrx_word' id='word_1_434' title='bbox 1858 4974 2110 5042; x_wconf 79' lang='lat' dir='ltr'><strong>gentiles,</strong></span> 
     </span>
    </p>
   </div>
   <div class='ocr_carea' id='block_1_59' title="bbox 525 5067 2121 5140">
    <p class='ocr_par' dir='ltr' id='par_1_59' title="bbox 525 5067 2121 5140">
     <span class='ocr_line' id='line_1_59' title="bbox 525 5067 2121 5140; baseline -0.003 -15"><span class='ocrx_word' id='word_1_435' title='bbox 525 5074 614 5140; x_wconf 88' lang='lat' dir='ltr'><strong>qui</strong></span> <span class='ocrx_word' id='word_1_436' title='bbox 650 5072 807 5124; x_wconf 82' lang='lat' dir='ltr'><strong>otiosi</strong></span> <span class='ocrx_word' id='word_1_437' title='bbox 848 5072 1063 5122; x_wconf 87' lang='lat' dir='ltr'><strong>fuerunt</strong></span> <span class='ocrx_word' id='word_1_438' title='bbox 1095 5071 1161 5122; x_wconf 86' lang='lat' dir='ltr'><strong>ab</strong></span> <span class='ocrx_word' id='word_1_439' title='bbox 1204 5068 1351 5122; x_wconf 88' lang='lat' dir='ltr'><strong>omni</strong></span> <span class='ocrx_word' id='word_1_440' title='bbox 1412 5068 1553 5121; x_wconf 91' lang='lat' dir='ltr'><strong>bono</strong></span> <span class='ocrx_word' id='word_1_441' title='bbox 1585 5086 1596 5119; x_wconf 93' lang='lat'><strong>:</strong></span> <span class='ocrx_word' id='word_1_442' title='bbox 1640 5067 1819 5119; x_wconf 81' lang='lat' dir='ltr'><strong>nullus</strong></span> <span class='ocrx_word' id='word_1_443' title='bbox 1852 5067 1993 5119; x_wconf 86' lang='lat' dir='ltr'><strong>enim</strong></span> <span class='ocrx_word' id='word_1_444' title='bbox 2028 5080 2121 5119; x_wconf 91' lang='lat' dir='ltr'><strong>eos</strong></span> 
     </span>
    </p>
   </div>
   <div class='ocr_carea' id='block_1_60' title="bbox 524 5158 2114 5229">
    <p class='ocr_par' dir='ltr' id='par_1_60' title="bbox 524 5158 2114 5229">
     <span class='ocr_line' id='line_1_60' title="bbox 524 5158 2114 5229; baseline -0.003 -13"><span class='ocrx_word' id='word_1_445' title='bbox 524 5168 876 5226; x_wconf 75' lang='lat' dir='ltr'><strong>conduxerat,</strong></span> <span class='ocrx_word' id='word_1_446' title='bbox 903 5176 1077 5227; x_wconf 87' lang='lat' dir='ltr'><strong>neque</strong></span> <span class='ocrx_word' id='word_1_447' title='bbox 1103 5161 1302 5215; x_wconf 90' lang='lat' dir='ltr'><strong>missus</strong></span> <span class='ocrx_word' id='word_1_448' title='bbox 1322 5168 1404 5213; x_wconf 87' lang='lat' dir='ltr'><strong>est</strong></span> <span class='ocrx_word' id='word_1_449' title='bbox 1427 5160 1692 5229; x_wconf 84' lang='lat' dir='ltr'><strong>propheta</strong></span> <span class='ocrx_word' id='word_1_450' title='bbox 1719 5159 1839 5227; x_wconf 87' lang='lat' dir='ltr'><strong>quis</strong></span> <span class='ocrx_word' id='word_1_451' title='bbox 1878 5158 1941 5211; x_wconf 84' lang='lat' dir='ltr'><strong>ad</strong></span> <span class='ocrx_word' id='word_1_452' title='bbox 1985 5174 2114 5227; x_wconf 85' lang='lat' dir='ltr'><strong>gen-</strong></span> 
     </span>
    </p>
   </div>
   <div class='ocr_carea' id='block_1_61' title="bbox 525 5269 627 5311">
    <p class='ocr_par' dir='ltr' id='par_1_61' title="bbox 525 5269 627 5311">
     <span class='ocr_line' id='line_1_61' title="bbox 525 5269 627 5311; baseline 0 -2"><span class='ocrx_word' id='word_1_453' title='bbox 525 5269 627 5311; x_wconf 78' lang='lat' dir='ltr'><strong>tes.</strong></span> 
     </span>
    </p>
   </div>
   <div class='ocr_carea' id='block_1_62' title="bbox 525 5335 2727 5413">
    <p class='ocr_par' dir='ltr' id='par_1_62' title="bbox 525 5335 2727 5413">
     <span class='ocr_line' id='line_1_62' title="bbox 525 5335 2727 5413; baseline -0.006 -12"><span class='ocrx_word' id='word_1_454' title='bbox 525 5351 668 5401; x_wconf 73' lang='grc' dir='ltr'>τέλει</span> <span class='ocrx_word' id='word_1_455' title='bbox 701 5348 808 5399; x_wconf 82' lang='grc' dir='ltr'><strong>τῶν</strong></span> <span class='ocrx_word' id='word_1_456' title='bbox 853 5346 1066 5399; x_wconf 78' lang='grc' dir='ltr'><strong>αἰώνων</strong></span> <span class='ocrx_word' id='word_1_457' title='bbox 1114 5348 1241 5405; x_wconf 74' lang='grc' dir='ltr'>τοὺς</span> <span class='ocrx_word' id='word_1_458' title='bbox 1290 5345 1590 5406; x_wconf 69' lang='grc' dir='ltr'>ἑθνικοῦς,ε</span> <span class='ocrx_word' id='word_1_459' title='bbox 1628 5345 1677 5395; x_wconf 84' lang='grc' dir='ltr'><strong>οἳ</strong></span> <span class='ocrx_word' id='word_1_460' title='bbox 1730 5344 1891 5413; x_wconf 74' lang='grc' dir='ltr'>ἀργοὶ</span> <span class='ocrx_word' id='word_1_461' title='bbox 1941 5340 2301 5413; x_wconf 56' lang='grc' dir='ltr'>ἦσανξπάσης</span> <span class='ocrx_word' id='word_1_462' title='bbox 2360 5335 2727 5407; x_wconf 62' lang='grc' dir='ltr'>ἁγαθοεργίας</span> 
     </span>
    </p>
   </div>
   <div class='ocr_carea' id='block_1_63' title="bbox 525 5436 1924 5512">
    <p class='ocr_par' dir='ltr' id='par_1_63' title="bbox 525 5436 1924 5512">
     <span class='ocr_line' id='line_1_63' title="bbox 525 5436 1924 5512; baseline -0.005 -16"><span class='ocrx_word' id='word_1_463' title='bbox 525 5446 605 5497; x_wconf 78' lang='grc' dir='ltr'>ὅτι</span> <span class='ocrx_word' id='word_1_464' title='bbox 631 5443 762 5512; x_wconf 77' lang='grc' dir='ltr'><strong>μηδέ</strong></span> <span class='ocrx_word' id='word_1_465' title='bbox 802 5438 1089 5506; x_wconf 75' lang='grc' dir='ltr'><strong>ἀπεστάλη</strong></span> <span class='ocrx_word' id='word_1_466' title='bbox 1125 5438 1411 5507; x_wconf 75' lang='grc' dir='ltr'><strong>προφήτης</strong></span> <span class='ocrx_word' id='word_1_467' title='bbox 1444 5454 1528 5498; x_wconf 88' lang='grc' dir='ltr'><strong>τις</strong></span> <span class='ocrx_word' id='word_1_468' title='bbox 1560 5438 1640 5498; x_wconf 85' lang='grc' dir='ltr'><strong>είς</strong></span> <span class='ocrx_word' id='word_1_469' title='bbox 1666 5436 1733 5487; x_wconf 73' lang='grc' dir='ltr'><strong>τὰ</strong></span> <span class='ocrx_word' id='word_1_470' title='bbox 1774 5436 1924 5501; x_wconf 73' lang='grc' dir='ltr'>ἔθνη.</span> 
     </span>
    </p>
   </div>
   <div class='ocr_carea' id='block_1_64' title="bbox 605 5528 2117 5598">
    <p class='ocr_par' dir='ltr' id='par_1_64' title="bbox 605 5528 2117 5598">
     <span class='ocr_line' id='line_1_64' title="bbox 605 5528 2117 5598; baseline -0.005 -9"><span class='ocrx_word' id='word_1_471' title='bbox 605 5537 760 5589; x_wconf 78' lang='lat' dir='ltr'><strong>Vsus.</strong></span> <span class='ocrx_word' id='word_1_472' title='bbox 818 5534 971 5589; x_wconf 82' lang='lat'><strong>8-16.</strong></span> <span class='ocrx_word' id='word_1_473' title='bbox 1011 5554 1029 5584; x_wconf 79' lang='grc' dir='ltr'><strong>ι</strong></span> <span class='ocrx_word' id='word_1_474' title='bbox 1083 5532 1215 5584; x_wconf 86' lang='lat' dir='ltr'><strong>Cum</strong></span> <span class='ocrx_word' id='word_1_475' title='bbox 1259 5541 1437 5582; x_wconf 86' lang='lat' dir='ltr'><strong>autem</strong></span> <span class='ocrx_word' id='word_1_476' title='bbox 1487 5543 1713 5598; x_wconf 80' lang='lat' dir='ltr'><strong>vespera</strong></span> <span class='ocrx_word' id='word_1_477' title='bbox 1766 5528 1905 5581; x_wconf 86' lang='lat' dir='ltr'><strong>facta</strong></span> <span class='ocrx_word' id='word_1_478' title='bbox 1950 5538 2117 5589; x_wconf 85' lang='lat' dir='ltr'><strong>esset,</strong></span> 
     </span>
    </p>
   </div>
   <div class='ocr_carea' id='block_1_65' title="bbox 526 5617 2119 5691">
    <p class='ocr_par' dir='ltr' id='par_1_65' title="bbox 526 5617 2119 5691">
     <span class='ocr_line' id='line_1_65' title="bbox 526 5617 2119 5691; baseline -0.005 -11"><span class='ocrx_word' id='word_1_479' title='bbox 526 5631 660 5682; x_wconf 77' lang='lat' dir='ltr'><strong>dixit</strong></span> <span class='ocrx_word' id='word_1_480' title='bbox 694 5630 942 5682; x_wconf 85' lang='lat' dir='ltr'><strong>dominus</strong></span> <span class='ocrx_word' id='word_1_481' title='bbox 982 5627 1154 5677; x_wconf 56' lang='lat' dir='ltr'><strong>vinea</strong></span> <span class='ocrx_word' id='word_1_482' title='bbox 1188 5620 1530 5691; x_wconf 89' lang='lat' dir='ltr'><strong>procuratori</strong></span> <span class='ocrx_word' id='word_1_483' title='bbox 1579 5634 1702 5684; x_wconf 89' lang='lat' dir='ltr'><strong>suo,</strong></span> <span class='ocrx_word' id='word_1_484' title='bbox 1749 5617 1889 5673; x_wconf 63' lang='grc' dir='ltr'>νοω</span> <span class='ocrx_word' id='word_1_485' title='bbox 1922 5634 2119 5688; x_wconf 80' lang='lat' dir='ltr'><strong>Opera-</strong></span> 
     </span>
    </p>
   </div>
   <div class='ocr_carea' id='block_1_66' title="bbox 528 5711 2120 5783">
    <p class='ocr_par' dir='ltr' id='par_1_66' title="bbox 528 5711 2120 5783">
     <span class='ocr_line' id='line_1_66' title="bbox 528 5711 2120 5783; baseline -0.007 -7"><span class='ocrx_word' id='word_1_486' title='bbox 528 5724 658 5783; x_wconf 78' lang='lat' dir='ltr'><strong>rius,</strong></span> <span class='ocrx_word' id='word_1_487' title='bbox 694 5730 746 5773; x_wconf 89' lang='lat' dir='ltr'><strong>et</strong></span> <span class='ocrx_word' id='word_1_488' title='bbox 776 5720 937 5773; x_wconf 85' lang='lat' dir='ltr'><strong>redde</strong></span> <span class='ocrx_word' id='word_1_489' title='bbox 968 5716 1073 5771; x_wconf 82' lang='lat' dir='ltr'><strong>illis</strong></span> <span class='ocrx_word' id='word_1_490' title='bbox 1104 5714 1431 5775; x_wconf 83' lang='lat' dir='ltr'><strong>mercedem,</strong></span> <span class='ocrx_word' id='word_1_491' title='bbox 1466 5712 1732 5780; x_wconf 78' lang='lat' dir='ltr'><strong>incipiens</strong></span> <span class='ocrx_word' id='word_1_492' title='bbox 1763 5725 1790 5763; x_wconf 73' lang='grc' dir='ltr'>ο</span> <span class='ocrx_word' id='word_1_493' title='bbox 1830 5711 2120 5779; x_wconf 88' lang='lat' dir='ltr'><strong>postremis</strong></span> 
     </span>
    </p>
   </div>
   <div class='ocr_carea' id='block_1_67' title="bbox 528 5803 2116 5885">
    <p class='ocr_par' dir='ltr' id='par_1_67' title="bbox 528 5803 2116 5885">
     <span class='ocr_line' id='line_1_67' title="bbox 528 5803 2116 5885; baseline -0.008 -15"><span class='ocrx_word' id='word_1_494' title='bbox 528 5808 559 5870; x_wconf 68' lang='grc' dir='ltr'>υ</span> <span class='ocrx_word' id='word_1_495' title='bbox 582 5830 699 5885; x_wconf 55' lang='grc' dir='ltr'>πηιιο</span> <span class='ocrx_word' id='word_1_496' title='bbox 731 5814 795 5868; x_wconf 89' lang='lat' dir='ltr'><strong>ad</strong></span> <span class='ocrx_word' id='word_1_497' title='bbox 828 5812 1057 5882; x_wconf 85' lang='lat' dir='ltr'><strong>primos.</strong></span> <span class='ocrx_word' id='word_1_498' title='bbox 1106 5807 1173 5862; x_wconf 77' lang='lat' dir='ltr'><strong>Et</strong></span> <span class='ocrx_word' id='word_1_499' title='bbox 1223 5821 1345 5862; x_wconf 90' lang='lat' dir='ltr'><strong>cum</strong></span> <span class='ocrx_word' id='word_1_500' title='bbox 1396 5805 1672 5858; x_wconf 79' lang='lat' dir='ltr'><strong>venissent</strong></span> <span class='ocrx_word' id='word_1_501' title='bbox 1708 5803 1798 5872; x_wconf 90' lang='lat' dir='ltr'><strong>qui</strong></span> <span class='ocrx_word' id='word_1_502' title='bbox 1834 5804 1975 5857; x_wconf 73' lang='lat' dir='ltr'><strong>circa</strong></span> <span class='ocrx_word' id='word_1_503' title='bbox 2013 5818 2116 5857; x_wconf 84' lang='lat' dir='ltr'><strong>un-</strong></span> 
     </span>
    </p>
   </div>
   <div class='ocr_carea' id='block_1_68' title="bbox 2303 1218 3823 1289">
    <p class='ocr_par' dir='ltr' id='par_1_68' title="bbox 2303 1218 3823 1289">
     <span class='ocr_line' id='line_1_68' title="bbox 2303 1218 3823 1289; baseline 0.001 -19"><span class='ocrx_word' id='word_1_504' title='bbox 2303 1238 2321 1270; x_wconf 80' lang='grc' dir='ltr'><strong>ι</strong></span> <span class='ocrx_word' id='word_1_505' title='bbox 2362 1220 2553 1272; x_wconf 78' lang='grc' dir='ltr'>Πολλοὶ</span> <span class='ocrx_word' id='word_1_506' title='bbox 2586 1221 2641 1273; x_wconf 84' lang='grc' dir='ltr'>δὲ</span> <span class='ocrx_word' id='word_1_507' title='bbox 2664 1222 2875 1274; x_wconf 77' lang='grc' dir='ltr'>ἔσονται</span> <span class='ocrx_word' id='word_1_508' title='bbox 2926 1219 3136 1289; x_wconf 83' lang='grc' dir='ltr'>πρῶτοι</span> <span class='ocrx_word' id='word_1_509' title='bbox 3170 1218 3407 1286; x_wconf 71' lang='grc' dir='ltr'>ἔσχατοι,</span> <span class='ocrx_word' id='word_1_510' title='bbox 3436 1219 3543 1269; x_wconf 80' lang='grc' dir='ltr'>-καὶ</span> <span class='ocrx_word' id='word_1_511' title='bbox 3589 1219 3823 1288; x_wconf 66' lang='grc' dir='ltr'>ἔσχατοι</span> 
     </span>
    </p>
   </div>
   <div class='ocr_carea' id='block_1_69' title="bbox 2224 1308 3823 1377">
    <p class='ocr_par' dir='ltr' id='par_1_69' title="bbox 2224 1308 3823 1377">
     <span class='ocr_line' id='line_1_69' title="bbox 2224 1308 3823 1377; baseline 0.001 -18"><span class='ocrx_word' id='word_1_512' title='bbox 2224 1308 2451 1377; x_wconf 85' lang='grc' dir='ltr'>πρῶτοι.</span> <span class='ocrx_word' id='word_1_513' title='bbox 2504 1329 2521 1361; x_wconf 69' lang='grc' dir='ltr'><strong>ι</strong></span> <span class='ocrx_word' id='word_1_514' title='bbox 2564 1311 2700 1373; x_wconf 68' lang='grc' dir='ltr'>Τοὺς</span> <span class='ocrx_word' id='word_1_515' title='bbox 2770 1312 3054 1372; x_wconf 75' lang='grc' dir='ltr'>Ἰουδαίους</span> <span class='ocrx_word' id='word_1_516' title='bbox 3111 1309 3342 1363; x_wconf 87' lang='grc' dir='ltr'>ἐνταῦθα</span> <span class='ocrx_word' id='word_1_517' title='bbox 3382 1309 3823 1361; x_wconf 69' lang='grc' dir='ltr'>αἰνίττεταιχαὶ</span> 
     </span>
    </p>
   </div>
   <div class='ocr_carea' id='block_1_70' title="bbox 2223 1397 3825 1469">
    <p class='ocr_par' dir='ltr' id='par_1_70' title="bbox 2223 1397 3825 1469">
     <span class='ocr_line' id='line_1_70' title="bbox 2223 1397 3825 1469; baseline 0.002 -22"><span class='ocrx_word' id='word_1_518' title='bbox 2223 1397 2349 1459; x_wconf 82' lang='grc' dir='ltr'>τοὺς</span> <span class='ocrx_word' id='word_1_519' title='bbox 2374 1398 2641 1460; x_wconf 82' lang='grc' dir='ltr'>ἐθνικοῦς.</span> <span class='ocrx_word' id='word_1_520' title='bbox 2663 1401 2722 1451; x_wconf 82' lang='grc' dir='ltr'><strong>Οἱ</strong></span> <span class='ocrx_word' id='word_1_521' title='bbox 2751 1401 2848 1469; x_wconf 78' lang='grc' dir='ltr'><strong>μὲν</strong></span> <span class='ocrx_word' id='word_1_522' title='bbox 2868 1400 2995 1469; x_wconf 76' lang='grc' dir='ltr'>γάρ,</span> <span class='ocrx_word' id='word_1_523' title='bbox 3015 1400 3221 1465; x_wconf 88' lang='grc' dir='ltr'>πρῶτοι</span> <span class='ocrx_word' id='word_1_524' title='bbox 3246 1398 3417 1461; x_wconf 72' lang='grc' dir='ltr'>ὄντες,</span> <span class='ocrx_word' id='word_1_525' title='bbox 3440 1397 3657 1466; x_wconf 75' lang='grc' dir='ltr'><strong>ἔσχατοι</strong></span> <span class='ocrx_word' id='word_1_526' title='bbox 3685 1398 3825 1463; x_wconf 70' lang='grc' dir='ltr'><strong>ιγι.</strong></span> 
     </span>
    </p>
   </div>
   <div class='ocr_carea' id='block_1_71' title="bbox 2228 1488 3828 1561">
    <p class='ocr_par' dir='ltr' id='par_1_71' title="bbox 2228 1488 3828 1561">
     <span class='ocr_line' id='line_1_71' title="bbox 2228 1488 3828 1561; baseline 0.001 -22"><span class='ocrx_word' id='word_1_527' title='bbox 2228 1503 2400 1551; x_wconf 87' lang='grc' dir='ltr'>νοντο,</span> <span class='ocrx_word' id='word_1_528' title='bbox 2432 1489 2481 1538; x_wconf 86' lang='grc' dir='ltr'><strong>οί</strong></span> <span class='ocrx_word' id='word_1_529' title='bbox 2513 1488 2568 1539; x_wconf 78' lang='grc' dir='ltr'>δὲ</span> <span class='ocrx_word' id='word_1_530' title='bbox 2614 1490 2817 1541; x_wconf 71' lang='grc' dir='ltr'>ἐθνικοὶ</span> <span class='ocrx_word' id='word_1_531' title='bbox 2846 1490 3063 1561; x_wconf 75' lang='grc' dir='ltr'><strong>ἔσχατοι</strong></span> <span class='ocrx_word' id='word_1_532' title='bbox 3098 1492 3273 1553; x_wconf 68' lang='grc' dir='ltr'>ὄντες,</span> <span class='ocrx_word' id='word_1_533' title='bbox 3309 1490 3517 1559; x_wconf 85' lang='grc' dir='ltr'>πρῶτοι</span> <span class='ocrx_word' id='word_1_534' title='bbox 3547 1491 3828 1560; x_wconf 76' lang='grc' dir='ltr'>κατέστη-</span> 
     </span>
    </p>
   </div>
   <div class='ocr_carea' id='block_1_72' title="bbox 2232 1578 3824 1650">
    <p class='ocr_par' dir='ltr' id='par_1_72' title="bbox 2232 1578 3824 1650">
     <span class='ocr_line' id='line_1_72' title="bbox 2232 1578 3824 1650; baseline 0.001 -21"><span class='ocrx_word' id='word_1_535' title='bbox 2232 1594 2353 1646; x_wconf 83' lang='grc' dir='ltr'>μεν’</span> <span class='ocrx_word' id='word_1_536' title='bbox 2379 1578 2472 1628; x_wconf 77' lang='grc' dir='ltr'><strong>καὶ</strong></span> <span class='ocrx_word' id='word_1_537' title='bbox 2494 1578 2579 1628; x_wconf 84' lang='grc' dir='ltr'>ἵνα</span> <span class='ocrx_word' id='word_1_538' title='bbox 2606 1580 2790 1647; x_wconf 83' lang='grc' dir='ltr'>σαφῶς</span> <span class='ocrx_word' id='word_1_539' title='bbox 2821 1580 2996 1649; x_wconf 78' lang='grc' dir='ltr'>μάθῃς</span> <span class='ocrx_word' id='word_1_540' title='bbox 3019 1582 3081 1631; x_wconf 71' lang='grc' dir='ltr'>τὸ</span> <span class='ocrx_word' id='word_1_541' title='bbox 3112 1580 3425 1650; x_wconf 78' lang='grc' dir='ltr'>λεγόμενον,</span> <span class='ocrx_word' id='word_1_542' title='bbox 3451 1581 3824 1633; x_wconf 66' lang='grc' dir='ltr'>ἐπισυνάπτειν</span> 
     </span>
    </p>
   </div>
   <div class='ocr_carea' id='block_1_73' title="bbox 2230 1669 3131 1742">
    <p class='ocr_par' dir='ltr' id='par_1_73' title="bbox 2230 1669 3131 1742">
     <span class='ocr_line' id='line_1_73' title="bbox 2230 1669 3131 1742; baseline 0.001 -19"><span class='ocrx_word' id='word_1_543' title='bbox 2230 1670 2323 1723; x_wconf 76' lang='grc' dir='ltr'>καὶ</span> <span class='ocrx_word' id='word_1_544' title='bbox 2352 1669 2450 1740; x_wconf 84' lang='grc' dir='ltr'><strong>τὴν</strong></span> <span class='ocrx_word' id='word_1_545' title='bbox 2476 1671 2750 1740; x_wconf 78' lang='grc' dir='ltr'><strong>ἑπομένην</strong></span> <span class='ocrx_word' id='word_1_546' title='bbox 2792 1672 3131 1742; x_wconf 78' lang='grc' dir='ltr'>παραϐολήν.</span> 
     </span>
    </p>
   </div>
   <div class='ocr_carea' id='block_1_74' title="bbox 2827 1886 3198 1943">
    <p class='ocr_par' dir='ltr' id='par_1_74' title="bbox 2827 1886 3198 1943">
     <span class='ocr_line' id='line_1_74' title="bbox 2827 1886 3198 1943; baseline -0.003 0"><span class='ocrx_word' id='word_1_547' title='bbox 2827 1888 3077 1943; x_wconf 78' lang='grc' dir='ltr'><strong>ΚΕΦΔΛ.</strong></span> <span class='ocrx_word' id='word_1_548' title='bbox 3113 1886 3198 1942; x_wconf 70' lang='grc' dir='ltr'>ις’.</span> 
     </span>
    </p>
   </div>
   <div class='ocr_carea' id='block_1_75' title="bbox 2226 2001 3825 2074">
    <p class='ocr_par' dir='ltr' id='par_1_75' title="bbox 2226 2001 3825 2074">
     <span class='ocr_line' id='line_1_75' title="bbox 2226 2001 3825 2074; baseline -0.002 -17"><span class='ocrx_word' id='word_1_549' title='bbox 2226 2005 2363 2073; x_wconf 73' lang='grc' dir='ltr'>Περὶ</span> <span class='ocrx_word' id='word_1_550' title='bbox 2398 2003 2519 2057; x_wconf 76' lang='grc' dir='ltr'>τῶν</span> <span class='ocrx_word' id='word_1_551' title='bbox 2553 2003 2973 2074; x_wconf 77' lang='grc' dir='ltr'><strong>μισθουμένων</strong></span> <span class='ocrx_word' id='word_1_552' title='bbox 2999 2003 3264 2074; x_wconf 68' lang='grc' dir='ltr'>ἐργατῶν</span> <span class='ocrx_word' id='word_1_553' title='bbox 3286 2017 3301 2032; x_wconf 81' lang='grc'><strong><em>⁸</em></strong></span> <span class='ocrx_word' id='word_1_554' title='bbox 3335 2004 3467 2069; x_wconf 74' lang='grc' dir='ltr'>περὶ</span> <span class='ocrx_word' id='word_1_555' title='bbox 3510 2001 3629 2055; x_wconf 79' lang='grc' dir='ltr'>τῶν</span> <span class='ocrx_word' id='word_1_556' title='bbox 3661 2001 3825 2057; x_wconf 76' lang='grc' dir='ltr'><strong>υἱῶν</strong></span> 
     </span>
    </p>
   </div>
   <div class='ocr_carea' id='block_1_76' title="bbox 2337 2073 3631 2142">
    <p class='ocr_par' dir='ltr' id='par_1_76' title="bbox 2337 2073 3631 2142">
     <span class='ocr_line' id='line_1_76' title="bbox 2337 2073 3631 2142; baseline 0.001 -15"><span class='ocrx_word' id='word_1_557' title='bbox 2337 2104 2349 2115; x_wconf 66' lang='grc' dir='ltr'><strong>ε</strong></span> <span class='ocrx_word' id='word_1_558' title='bbox 2408 2074 2516 2128; x_wconf 85' lang='grc' dir='ltr'><strong>τοῦ</strong></span> <span class='ocrx_word' id='word_1_559' title='bbox 2534 2073 2873 2128; x_wconf 77' lang='grc' dir='ltr'>Ζεϐεδαίου·</span> <span class='ocrx_word' id='word_1_560' title='bbox 2918 2073 3194 2142; x_wconf 76' lang='grc' dir='ltr'>περὶτῶν</span> <span class='ocrx_word' id='word_1_561' title='bbox 3219 2073 3329 2127; x_wconf 84' lang='grc' dir='ltr'><strong>δύο</strong></span> <span class='ocrx_word' id='word_1_562' title='bbox 3368 2074 3631 2141; x_wconf 69' lang='grc' dir='ltr'><strong>τυφλῶν.</strong></span> 
     </span>
    </p>
   </div>
   <div class='ocr_carea' id='block_1_77' title="bbox 2311 2204 3820 2278">
    <p class='ocr_par' dir='ltr' id='par_1_77' title="bbox 2311 2204 3820 2278">
     <span class='ocr_line' id='line_1_77' title="bbox 2311 2204 3820 2278; baseline 0.001 -21"><span class='ocrx_word' id='word_1_563' title='bbox 2311 2204 2505 2273; x_wconf 81' lang='grc' dir='ltr'>Ὁμοία</span> <span class='ocrx_word' id='word_1_564' title='bbox 2536 2206 2645 2275; x_wconf 84' lang='grc' dir='ltr'><strong>γάρ</strong></span> <span class='ocrx_word' id='word_1_565' title='bbox 2670 2208 2815 2259; x_wconf 77' lang='grc' dir='ltr'>ἐστιν</span> <span class='ocrx_word' id='word_1_566' title='bbox 2845 2207 2877 2275; x_wconf 84' lang='grc' dir='ltr'><strong>ή</strong></span> <span class='ocrx_word' id='word_1_567' title='bbox 2909 2207 3158 2277; x_wconf 85' lang='grc' dir='ltr'>βασιλεία</span> <span class='ocrx_word' id='word_1_568' title='bbox 3189 2207 3299 2260; x_wconf 89' lang='grc' dir='ltr'><strong>τῶν</strong></span> <span class='ocrx_word' id='word_1_569' title='bbox 3320 2206 3566 2278; x_wconf 79' lang='grc' dir='ltr'>οὐρανῶν</span> <span class='ocrx_word' id='word_1_570' title='bbox 3595 2205 3820 2276; x_wconf 79' lang='grc' dir='ltr'>ἀνθρώ-</span> 
     </span>
    </p>
   </div>
   <div class='ocr_carea' id='block_1_78' title="bbox 2230 2295 3828 2369">
    <p class='ocr_par' dir='ltr' id='par_1_78' title="bbox 2230 2295 3828 2369">
     <span class='ocr_line' id='line_1_78' title="bbox 2230 2295 3828 2369; baseline 0.003 -22"><span class='ocrx_word' id='word_1_571' title='bbox 2230 2313 2317 2366; x_wconf 84' lang='grc' dir='ltr'>πῳ</span> <span class='ocrx_word' id='word_1_572' title='bbox 2343 2295 2722 2367; x_wconf 74' lang='grc' dir='ltr'>οἰκοδεσπότῃ,</span> <span class='ocrx_word' id='word_1_573' title='bbox 2760 2298 2909 2359; x_wconf 83' lang='grc' dir='ltr'>ὅστις</span> <span class='ocrx_word' id='word_1_574' title='bbox 2943 2298 3167 2367; x_wconf 73' lang='grc' dir='ltr'>ἐξῆλθεν</span> <span class='ocrx_word' id='word_1_575' title='bbox 3216 2298 3330 2368; x_wconf 71' lang='grc' dir='ltr'><strong>ἅμα</strong></span> <span class='ocrx_word' id='word_1_576' title='bbox 3363 2296 3828 2369; x_wconf 44' lang='grc' dir='ltr'>πρωῖνμισθώσα-</span> 
     </span>
    </p>
   </div>
   <div class='ocr_carea' id='block_1_79' title="bbox 2232 2388 3824 2461">
    <p class='ocr_par' dir='ltr' id='par_1_79' title="bbox 2232 2388 3824 2461">
     <span class='ocr_line' id='line_1_79' title="bbox 2232 2388 3824 2461; baseline 0.002 -21"><span class='ocrx_word' id='word_1_577' title='bbox 2232 2389 2354 2442; x_wconf 87' lang='grc' dir='ltr'>σθαι</span> <span class='ocrx_word' id='word_1_578' title='bbox 2391 2388 2628 2458; x_wconf 83' lang='grc' dir='ltr'>ἐργάτας</span> <span class='ocrx_word' id='word_1_579' title='bbox 2673 2390 2751 2451; x_wconf 87' lang='grc' dir='ltr'><strong>είς</strong></span> <span class='ocrx_word' id='word_1_580' title='bbox 2772 2391 2861 2441; x_wconf 82' lang='grc' dir='ltr'><strong>τὸν</strong></span> <span class='ocrx_word' id='word_1_581' title='bbox 2893 2391 3193 2459; x_wconf 80' lang='grc' dir='ltr'>ἀμπελῶνα</span> <span class='ocrx_word' id='word_1_582' title='bbox 3222 2391 3409 2446; x_wconf 78' lang='grc' dir='ltr'>αὐτοῦ.</span> <span class='ocrx_word' id='word_1_583' title='bbox 3444 2391 3552 2443; x_wconf 75' lang='grc' dir='ltr'><strong>Καὶ</strong></span> <span class='ocrx_word' id='word_1_584' title='bbox 3579 2408 3824 2461; x_wconf 78' lang='grc' dir='ltr'>συμφω-</span> 
     </span>
    </p>
   </div>
   <div class='ocr_carea' id='block_1_80' title="bbox 2230 2480 3828 2553">
    <p class='ocr_par' dir='ltr' id='par_1_80' title="bbox 2230 2480 3828 2553">
     <span class='ocr_line' id='line_1_80' title="bbox 2230 2480 3828 2553; baseline 0.003 -24"><span class='ocrx_word' id='word_1_585' title='bbox 2230 2481 2399 2547; x_wconf 72' lang='grc' dir='ltr'>νήσας</span> <span class='ocrx_word' id='word_1_586' title='bbox 2426 2480 2569 2547; x_wconf 82' lang='grc' dir='ltr'><strong>μετά</strong></span> <span class='ocrx_word' id='word_1_587' title='bbox 2614 2480 2721 2532; x_wconf 85' lang='grc' dir='ltr'><strong>τῶν</strong></span> <span class='ocrx_word' id='word_1_588' title='bbox 2770 2482 3020 2550; x_wconf 78' lang='grc' dir='ltr'>ἐργατῶν</span> <span class='ocrx_word' id='word_1_589' title='bbox 3064 2485 3127 2534; x_wconf 71' lang='grc' dir='ltr'><strong>ἐκ</strong></span> <span class='ocrx_word' id='word_1_590' title='bbox 3161 2482 3418 2551; x_wconf 79' lang='grc' dir='ltr'>δηναρίου</span> <span class='ocrx_word' id='word_1_591' title='bbox 3445 2484 3545 2552; x_wconf 80' lang='grc' dir='ltr'>τὴν</span> <span class='ocrx_word' id='word_1_592' title='bbox 3573 2483 3828 2553; x_wconf 66' lang='grc' dir='ltr'>ἡμέραν,</span> 
     </span>
    </p>
   </div>
   <div class='ocr_carea' id='block_1_81' title="bbox 2235 2571 3829 2644">
    <p class='ocr_par' dir='ltr' id='par_1_81' title="bbox 2235 2571 3829 2644">
     <span class='ocr_line' id='line_1_81' title="bbox 2235 2571 3829 2644; baseline 0.003 -21"><span class='ocrx_word' id='word_1_593' title='bbox 2235 2571 2559 2623; x_wconf 75' lang='grc' dir='ltr'>ἀπέστειλεν</span> <span class='ocrx_word' id='word_1_594' title='bbox 2615 2572 2819 2635; x_wconf 70' lang='grc' dir='ltr'>αὐτοὺς</span> <span class='ocrx_word' id='word_1_595' title='bbox 2872 2575 2953 2635; x_wconf 82' lang='grc' dir='ltr'><strong>είς</strong></span> <span class='ocrx_word' id='word_1_596' title='bbox 2988 2574 3081 2626; x_wconf 78' lang='grc' dir='ltr'><strong>τὸν</strong></span> <span class='ocrx_word' id='word_1_597' title='bbox 3126 2575 3427 2644; x_wconf 74' lang='grc' dir='ltr'>ἀμπελῶνα</span> <span class='ocrx_word' id='word_1_598' title='bbox 3458 2574 3644 2629; x_wconf 87' lang='grc' dir='ltr'>αὐτοῦ.</span> <span class='ocrx_word' id='word_1_599' title='bbox 3703 2577 3829 2629; x_wconf 69' lang='grc' dir='ltr'>Καὶ</span> 
     </span>
    </p>
   </div>
   <div class='ocr_carea' id='block_1_82' title="bbox 2232 2662 3829 2735">
    <p class='ocr_par' dir='ltr' id='par_1_82' title="bbox 2232 2662 3829 2735">
     <span class='ocr_line' id='line_1_82' title="bbox 2232 2662 3829 2735; baseline 0.004 -20"><span class='ocrx_word' id='word_1_600' title='bbox 2232 2662 2465 2729; x_wconf 80' lang='grc' dir='ltr'>ἐξελθὼν</span> <span class='ocrx_word' id='word_1_601' title='bbox 2500 2664 2630 2734; x_wconf 79' lang='grc' dir='ltr'>περὶ</span> <span class='ocrx_word' id='word_1_602' title='bbox 2682 2664 2876 2735; x_wconf 79' lang='grc' dir='ltr'>τρίτην</span> <span class='ocrx_word' id='word_1_603' title='bbox 2923 2664 3096 2735; x_wconf 80' lang='grc' dir='ltr'>ὤραν,</span> <span class='ocrx_word' id='word_1_604' title='bbox 3134 2662 3274 2718; x_wconf 84' lang='grc' dir='ltr'>εῐδεν</span> <span class='ocrx_word' id='word_1_605' title='bbox 3327 2666 3521 2730; x_wconf 76' lang='grc' dir='ltr'>ἄλλους</span> <span class='ocrx_word' id='word_1_606' title='bbox 3569 2667 3829 2731; x_wconf 75' lang='grc' dir='ltr'>ἑστῶτας</span> 
     </span>
    </p>
   </div>
   <div class='ocr_carea' id='block_1_83' title="bbox 2234 2756 3829 2834">
    <p class='ocr_par' dir='ltr' id='par_1_83' title="bbox 2234 2756 3829 2834">
     <span class='ocr_line' id='line_1_83' title="bbox 2234 2756 3829 2834; baseline 0.004 -24"><span class='ocrx_word' id='word_1_607' title='bbox 2234 2760 2291 2810; x_wconf 84' lang='grc' dir='ltr'><strong>ἐν</strong></span> <span class='ocrx_word' id='word_1_608' title='bbox 2320 2763 2385 2829; x_wconf 82' lang='grc' dir='ltr'>τῇ</span> <span class='ocrx_word' id='word_1_609' title='bbox 2413 2760 2610 2829; x_wconf 73' lang='grc' dir='ltr'>ἀγορᾷ,</span> <span class='ocrx_word' id='word_1_610' title='bbox 2640 2762 2735 2813; x_wconf 76' lang='grc' dir='ltr'><strong>καὶ</strong></span> <span class='ocrx_word' id='word_1_611' title='bbox 2764 2762 2997 2824; x_wconf 86' lang='grc' dir='ltr'>ἐκείνοις</span> <span class='ocrx_word' id='word_1_612' title='bbox 3021 2756 3193 2834; x_wconf 66' lang='grc' dir='ltr'>εἶπενς</span> <span class='ocrx_word' id='word_1_613' title='bbox 3238 2762 3517 2832; x_wconf 69' lang='grc' dir='ltr'>Ὑπάγετε</span> <span class='ocrx_word' id='word_1_614' title='bbox 3538 2763 3632 2817; x_wconf 75' lang='grc' dir='ltr'><strong>καὶ</strong></span> <span class='ocrx_word' id='word_1_615' title='bbox 3656 2764 3829 2833; x_wconf 78' lang='grc' dir='ltr'>ὑμεῖς</span> 
     </span>
    </p>
   </div>
   <div class='ocr_carea' id='block_1_84' title="bbox 2234 2850 3827 2924">
    <p class='ocr_par' dir='ltr' id='par_1_84' title="bbox 2234 2850 3827 2924">
     <span class='ocr_line' id='line_1_84' title="bbox 2234 2850 3827 2924; baseline 0.003 -23"><span class='ocrx_word' id='word_1_616' title='bbox 2234 2852 2311 2912; x_wconf 87' lang='grc' dir='ltr'>εἰς</span> <span class='ocrx_word' id='word_1_617' title='bbox 2338 2850 2428 2902; x_wconf 70' lang='grc' dir='ltr'>τὸν</span> <span class='ocrx_word' id='word_1_618' title='bbox 2459 2852 2784 2919; x_wconf 85' lang='grc' dir='ltr'>ἀμπελῶνα,</span> <span class='ocrx_word' id='word_1_619' title='bbox 2822 2852 2917 2904; x_wconf 71' lang='grc' dir='ltr'><strong>καὶ</strong></span> <span class='ocrx_word' id='word_1_620' title='bbox 2946 2851 2974 2905; x_wconf 88' lang='lat'><strong>6</strong></span> <span class='ocrx_word' id='word_1_621' title='bbox 3006 2854 3101 2905; x_wconf 85' lang='grc' dir='ltr'><strong>ἑάν</strong></span> <span class='ocrx_word' id='word_1_622' title='bbox 3207 2853 3433 2913; x_wconf 84' lang='grc' dir='ltr'>δίκαιον,</span> <span class='ocrx_word' id='word_1_623' title='bbox 3472 2854 3628 2906; x_wconf 83' lang='grc' dir='ltr'><strong>δώσω</strong></span> <span class='ocrx_word' id='word_1_624' title='bbox 3661 2854 3827 2923; x_wconf 83' lang='grc' dir='ltr'>ὑμῖν·</span> 
     </span>
    </p>
   </div>
   <div class='ocr_carea' id='block_1_85' title="bbox 2234 2942 3873 3014">
    <p class='ocr_par' dir='ltr' id='par_1_85' title="bbox 2234 2942 3873 3014">
     <span class='ocr_line' id='line_1_85' title="bbox 2234 2942 3873 3014; baseline 0.002 -20"><span class='ocrx_word' id='word_1_625' title='bbox 2234 2944 2281 2994; x_wconf 81' lang='grc' dir='ltr'><strong>οἱ</strong></span> <span class='ocrx_word' id='word_1_626' title='bbox 2314 2942 2369 2994; x_wconf 88' lang='grc' dir='ltr'><strong>δέ</strong></span> <span class='ocrx_word' id='word_1_627' title='bbox 2421 2942 2685 3009; x_wconf 78' lang='grc' dir='ltr'>ἀπῆλθον.</span> <span class='ocrx_word' id='word_1_628' title='bbox 2735 2942 2908 2995; x_wconf 79' lang='grc' dir='ltr'>Πάλιν</span> <span class='ocrx_word' id='word_1_629' title='bbox 2959 2942 3015 2995; x_wconf 80' lang='grc' dir='ltr'>δὲ</span> <span class='ocrx_word' id='word_1_630' title='bbox 3069 2943 3301 3008; x_wconf 78' lang='grc' dir='ltr'>ἐξελθὼν</span> <span class='ocrx_word' id='word_1_631' title='bbox 3349 2945 3475 3013; x_wconf 66' lang='grc' dir='ltr'>περὶ</span> <span class='ocrx_word' id='word_1_632' title='bbox 3508 2944 3673 3014; x_wconf 71' lang='grc' dir='ltr'>ἕκτην</span> <span class='ocrx_word' id='word_1_633' title='bbox 3719 2944 3873 2999; x_wconf 62' lang='grc' dir='ltr'>καΓ</span> 
     </span>
    </p>
   </div>
   <div class='ocr_carea' id='block_1_86' title="bbox 2236 3033 3833 3105">
    <p class='ocr_par' dir='ltr' id='par_1_86' title="bbox 2236 3033 3833 3105">
     <span class='ocr_line' id='line_1_86' title="bbox 2236 3033 3833 3105; baseline 0.004 -22"><span class='ocrx_word' id='word_1_634' title='bbox 2236 3034 2463 3101; x_wconf 80' lang='grc' dir='ltr'>ἐννάτην</span> <span class='ocrx_word' id='word_1_635' title='bbox 2488 3033 2657 3103; x_wconf 85' lang='grc' dir='ltr'>ὥραν,</span> <span class='ocrx_word' id='word_1_636' title='bbox 2695 3035 2952 3103; x_wconf 83' lang='grc' dir='ltr'>ἐποίησεν</span> <span class='ocrx_word' id='word_1_637' title='bbox 2993 3035 3279 3098; x_wconf 82' lang='grc' dir='ltr'>ὡσαύτως.</span> <span class='ocrx_word' id='word_1_638' title='bbox 3318 3037 3448 3105; x_wconf 80' lang='grc' dir='ltr'>Περὶ</span> <span class='ocrx_word' id='word_1_639' title='bbox 3503 3036 3558 3089; x_wconf 70' lang='grc' dir='ltr'>δὲ</span> <span class='ocrx_word' id='word_1_640' title='bbox 3592 3036 3693 3105; x_wconf 81' lang='grc' dir='ltr'><strong>τὴν</strong></span> <span class='ocrx_word' id='word_1_641' title='bbox 3733 3037 3833 3090; x_wconf 77' lang='grc' dir='ltr'>ἑν-</span> 
     </span>
    </p>
   </div>
   <div class='ocr_carea' id='block_1_87' title="bbox 2236 3123 3829 3199">
    <p class='ocr_par' dir='ltr' id='par_1_87' title="bbox 2236 3123 3829 3199">
     <span class='ocr_line' id='line_1_87' title="bbox 2236 3123 3829 3199; baseline 0.004 -23"><span class='ocrx_word' id='word_1_642' title='bbox 2236 3126 2467 3197; x_wconf 85' lang='grc' dir='ltr'>δεκάτην</span> <span class='ocrx_word' id='word_1_643' title='bbox 2484 3127 2634 3197; x_wconf 80' lang='grc' dir='ltr'>ὥραν</span> <span class='ocrx_word' id='word_1_644' title='bbox 2653 3127 2909 3191; x_wconf 77' lang='grc' dir='ltr'>ἐξελθὼν,</span> <span class='ocrx_word' id='word_1_645' title='bbox 2925 3123 3083 3195; x_wconf 79' lang='grc' dir='ltr'>εὗρεν</span> <span class='ocrx_word' id='word_1_646' title='bbox 3108 3128 3301 3191; x_wconf 69' lang='grc' dir='ltr'>ἄλλους</span> <span class='ocrx_word' id='word_1_647' title='bbox 3326 3131 3566 3192; x_wconf 79' lang='grc' dir='ltr'>ἑστῶτας</span> <span class='ocrx_word' id='word_1_648' title='bbox 3589 3128 3829 3199; x_wconf 56' lang='lat' dir='ltr'><strong>amis;-</strong></span> 
     </span>
    </p>
   </div>
   <div class='ocr_carea' id='block_1_88' title="bbox 2820 3215 3835 3292">
    <p class='ocr_par' dir='ltr' id='par_1_88' title="bbox 2820 3215 3835 3292">
     <span class='ocr_line' id='line_1_88' title="bbox 2820 3215 3835 3292; baseline 0.004 -20"><span class='ocrx_word' id='word_1_649' title='bbox 2820 3221 2884 3273; x_wconf 87' lang='grc' dir='ltr'>Τί</span> <span class='ocrx_word' id='word_1_650' title='bbox 2918 3215 3019 3273; x_wconf 83' lang='grc' dir='ltr'>ὧδε</span> <span class='ocrx_word' id='word_1_651' title='bbox 3067 3222 3337 3292; x_wconf 77' lang='grc' dir='ltr'>ἑστήκατε</span> <span class='ocrx_word' id='word_1_652' title='bbox 3367 3223 3496 3292; x_wconf 86' lang='grc' dir='ltr'>ὃλην</span> <span class='ocrx_word' id='word_1_653' title='bbox 3542 3223 3641 3291; x_wconf 80' lang='grc' dir='ltr'>τὴν</span> <span class='ocrx_word' id='word_1_654' title='bbox 3682 3224 3835 3291; x_wconf 78' lang='grc' dir='ltr'>ἡμέ-</span> 
     </span>
    </p>
   </div>
   <div class='ocr_carea' id='block_1_89' title="bbox 2235 3311 3832 3382">
    <p class='ocr_par' dir='ltr' id='par_1_89' title="bbox 2235 3311 3832 3382">
     <span class='ocr_line' id='line_1_89' title="bbox 2235 3311 3832 3382; baseline 0.004 -21"><span class='ocrx_word' id='word_1_655' title='bbox 2235 3326 2333 3378; x_wconf 85' lang='grc' dir='ltr'><strong>ραν</strong></span> <span class='ocrx_word' id='word_1_656' title='bbox 2357 3311 2553 3381; x_wconf 70' lang='grc' dir='ltr'>ἀργοίς</span> <span class='ocrx_word' id='word_1_657' title='bbox 2596 3312 2862 3378; x_wconf 80' lang='grc' dir='ltr'>Λέγουσιν</span> <span class='ocrx_word' id='word_1_658' title='bbox 2896 3312 3065 3382; x_wconf 76' lang='grc' dir='ltr'>αὐτῷ,</span> <span class='ocrx_word' id='word_1_659' title='bbox 3094 3312 3218 3365; x_wconf 87' lang='grc' dir='ltr'>Ὅτι</span> <span class='ocrx_word' id='word_1_660' title='bbox 3246 3313 3421 3374; x_wconf 73' lang='grc' dir='ltr'>οὐδεὶς</span> <span class='ocrx_word' id='word_1_661' title='bbox 3450 3313 3832 3381; x_wconf 75' lang='grc' dir='ltr'>ἐμισθώσατο.</span> 
     </span>
    </p>
   </div>
   <div class='ocr_carea' id='block_1_90' title="bbox 2231 3404 3831 3473">
    <p class='ocr_par' dir='ltr' id='par_1_90' title="bbox 2231 3404 3831 3473">
     <span class='ocr_line' id='line_1_90' title="bbox 2231 3404 3831 3473; baseline 0 -16"><span class='ocrx_word' id='word_1_662' title='bbox 2231 3406 2394 3471; x_wconf 82' lang='grc' dir='ltr'>Λέγει</span> <span class='ocrx_word' id='word_1_663' title='bbox 2418 3405 2622 3467; x_wconf 74' lang='grc' dir='ltr'>αὐτοῖς·</span> <span class='ocrx_word' id='word_1_664' title='bbox 2668 3404 2947 3471; x_wconf 78' lang='grc' dir='ltr'>Ὑπάγετε</span> <span class='ocrx_word' id='word_1_665' title='bbox 2972 3407 3064 3456; x_wconf 77' lang='grc' dir='ltr'><strong>καὶ</strong></span> <span class='ocrx_word' id='word_1_666' title='bbox 3092 3406 3251 3473; x_wconf 81' lang='grc' dir='ltr'>ὑμεῖς</span> <span class='ocrx_word' id='word_1_667' title='bbox 3270 3407 3347 3466; x_wconf 81' lang='grc' dir='ltr'><strong>είς</strong></span> <span class='ocrx_word' id='word_1_668' title='bbox 3371 3406 3463 3457; x_wconf 82' lang='grc' dir='ltr'><strong>τὸν</strong></span> <span class='ocrx_word' id='word_1_669' title='bbox 3490 3404 3831 3473; x_wconf 64' lang='grc' dir='ltr'>ἀμπελῶνα,</span> 
     </span>
    </p>
   </div>
   <div class='ocr_carea' id='block_1_91' title="bbox 2232 3492 3829 3569">
    <p class='ocr_par' dir='ltr' id='par_1_91' title="bbox 2232 3492 3829 3569">
     <span class='ocr_line' id='line_1_91' title="bbox 2232 3492 3829 3569; baseline 0 -22"><span class='ocrx_word' id='word_1_670' title='bbox 2232 3496 2325 3547; x_wconf 76' lang='grc' dir='ltr'><strong>καὶ</strong></span> <span class='ocrx_word' id='word_1_671' title='bbox 2354 3495 2380 3547; x_wconf 87' lang='grc' dir='ltr'><strong>ὃ</strong></span> <span class='ocrx_word' id='word_1_672' title='bbox 2423 3492 2573 3569; x_wconf 56' lang='lat' dir='ltr'><strong>aevi;</strong></span> <span class='ocrx_word' id='word_1_673' title='bbox 2606 3496 2834 3559; x_wconf 80' lang='grc' dir='ltr'>δίκαιον,</span> <span class='ocrx_word' id='word_1_674' title='bbox 2874 3495 3131 3563; x_wconf 66' lang='grc' dir='ltr'>λήψεσθε.</span> <span class='ocrx_word' id='word_1_675' title='bbox 3178 3515 3195 3546; x_wconf 82' lang='grc' dir='ltr'><strong>ι</strong></span> <span class='ocrx_word' id='word_1_676' title='bbox 3242 3496 3299 3549; x_wconf 87' lang='lat'><strong>&#39;0</strong></span> <span class='ocrx_word' id='word_1_677' title='bbox 3334 3498 3566 3565; x_wconf 84' lang='grc' dir='ltr'>Χριστός</span> <span class='ocrx_word' id='word_1_678' title='bbox 3605 3498 3757 3549; x_wconf 86' lang='grc' dir='ltr'>ἐστιν</span> <span class='ocrx_word' id='word_1_679' title='bbox 3790 3500 3829 3568; x_wconf 77' lang='grc' dir='ltr'><strong>ἡ</strong></span> 
     </span>
    </p>
   </div>
   <div class='ocr_carea' id='block_1_92' title="bbox 2237 3584 3835 3657">
    <p class='ocr_par' dir='ltr' id='par_1_92' title="bbox 2237 3584 3835 3657">
     <span class='ocr_line' id='line_1_92' title="bbox 2237 3584 3835 3657; baseline 0.003 -22"><span class='ocrx_word' id='word_1_680' title='bbox 2237 3584 2485 3653; x_wconf 76' lang='grc' dir='ltr'>βασιλεία</span> <span class='ocrx_word' id='word_1_681' title='bbox 2523 3586 2631 3638; x_wconf 85' lang='grc' dir='ltr'><strong>τῶν</strong></span> <span class='ocrx_word' id='word_1_682' title='bbox 2662 3585 2929 3655; x_wconf 76' lang='grc' dir='ltr'>οὐρανῶν,</span> <span class='ocrx_word' id='word_1_683' title='bbox 2966 3586 3023 3645; x_wconf 86' lang='grc' dir='ltr'>ὃς</span> <span class='ocrx_word' id='word_1_684' title='bbox 3049 3586 3331 3655; x_wconf 78' lang='grc' dir='ltr'>ὁμοιοῦται</span> <span class='ocrx_word' id='word_1_685' title='bbox 3361 3586 3654 3657; x_wconf 83' lang='grc' dir='ltr'><strong>ἀνθρώπῳ,</strong></span> <span class='ocrx_word' id='word_1_686' title='bbox 3695 3589 3835 3640; x_wconf 83' lang='grc' dir='ltr'>καθ’</span> 
     </span>
    </p>
   </div>
   <div class='ocr_carea' id='block_1_93' title="bbox 2231 3678 3835 3749">
    <p class='ocr_par' dir='ltr' id='par_1_93' title="bbox 2231 3678 3835 3749">
     <span class='ocr_line' id='line_1_93' title="bbox 2231 3678 3835 3749; baseline 0.002 -20"><span class='ocrx_word' id='word_1_687' title='bbox 2231 3678 2259 3729; x_wconf 84' lang='grc' dir='ltr'>ὃ</span> <span class='ocrx_word' id='word_1_688' title='bbox 2315 3678 2531 3747; x_wconf 65' lang='grc' dir='ltr'>μορφὴν</span> <span class='ocrx_word' id='word_1_689' title='bbox 2585 3681 2863 3749; x_wconf 78' lang='grc' dir='ltr'>ἡμετέραν</span> <span class='ocrx_word' id='word_1_690' title='bbox 2903 3679 3131 3745; x_wconf 67' lang='grc' dir='ltr'><strong>ἑλαῦεν,⁸</strong></span> <span class='ocrx_word' id='word_1_691' title='bbox 3182 3680 3565 3749; x_wconf 75' lang='grc' dir='ltr'>οἰκοδεσπότης</span> <span class='ocrx_word' id='word_1_692' title='bbox 3608 3680 3686 3741; x_wconf 79' lang='grc' dir='ltr'>δὲ,</span> <span class='ocrx_word' id='word_1_693' title='bbox 3745 3680 3835 3744; x_wconf 82' lang='grc' dir='ltr'><strong>ὡς</strong></span> 
     </span>
    </p>
   </div>
   <div class='ocr_carea' id='block_1_94' title="bbox 2229 3768 3837 3843">
    <p class='ocr_par' dir='ltr' id='par_1_94' title="bbox 2229 3768 3837 3843">
     <span class='ocr_line' id='line_1_94' title="bbox 2229 3768 3837 3843; baseline 0.004 -22"><span class='ocrx_word' id='word_1_694' title='bbox 2229 3770 2507 3835; x_wconf 76' lang='grc' dir='ltr'>δεσπόζων</span> <span class='ocrx_word' id='word_1_695' title='bbox 2544 3772 2637 3825; x_wconf 80' lang='grc' dir='ltr'><strong>τοῦ</strong></span> <span class='ocrx_word' id='word_1_696' title='bbox 2671 3772 2844 3837; x_wconf 76' lang='grc' dir='ltr'>οἴκου,</span> <span class='ocrx_word' id='word_1_697' title='bbox 2882 3774 3131 3825; x_wconf 82' lang='grc' dir='ltr'>τουτέστι</span> <span class='ocrx_word' id='word_1_698' title='bbox 3186 3774 3285 3841; x_wconf 78' lang='grc' dir='ltr'><strong>τῆς</strong></span> <span class='ocrx_word' id='word_1_699' title='bbox 3335 3772 3679 3843; x_wconf 81' lang='grc' dir='ltr'>Ἐκκλησίας.</span> <span class='ocrx_word' id='word_1_700' title='bbox 3719 3768 3837 3827; x_wconf 68' lang='grc' dir='ltr'><strong>υἷ-</strong></span> 
     </span>
    </p>
   </div>
   <div class='ocr_carea' id='block_1_95' title="bbox 2229 3859 3835 3933">
    <p class='ocr_par' dir='ltr' id='par_1_95' title="bbox 2229 3859 3835 3933">
     <span class='ocr_line' id='line_1_95' title="bbox 2229 3859 3835 3933; baseline 0.002 -19"><span class='ocrx_word' id='word_1_701' title='bbox 2229 3879 2322 3924; x_wconf 77' lang='grc' dir='ltr'><strong>τος</strong></span> <span class='ocrx_word' id='word_1_702' title='bbox 2353 3859 2444 3915; x_wconf 79' lang='grc' dir='ltr'><strong>οὖν</strong></span> <span class='ocrx_word' id='word_1_703' title='bbox 2480 3866 2505 3915; x_wconf 88' lang='lat'><strong>6</strong></span> <span class='ocrx_word' id='word_1_704' title='bbox 2546 3865 2779 3933; x_wconf 77' lang='grc' dir='ltr'>Χριστὸς</span> <span class='ocrx_word' id='word_1_705' title='bbox 2815 3864 3042 3932; x_wconf 79' lang='grc' dir='ltr'>ἐξῆλθεν</span> <span class='ocrx_word' id='word_1_706' title='bbox 3072 3867 3135 3917; x_wconf 86' lang='grc' dir='ltr'>ὲκ</span> <span class='ocrx_word' id='word_1_707' title='bbox 3174 3864 3284 3917; x_wconf 87' lang='grc' dir='ltr'><strong>τῶν</strong></span> <span class='ocrx_word' id='word_1_708' title='bbox 3336 3864 3555 3917; x_wconf 80' lang='grc' dir='ltr'>κόλπων</span> <span class='ocrx_word' id='word_1_709' title='bbox 3582 3863 3677 3917; x_wconf 89' lang='grc' dir='ltr'><strong>τοῦ</strong></span> <span class='ocrx_word' id='word_1_710' title='bbox 3705 3865 3835 3918; x_wconf 74' lang='grc' dir='ltr'><strong>Πα-</strong></span> 
     </span>
    </p>
   </div>
   <div class='ocr_carea' id='block_1_96' title="bbox 2232 3954 3834 4027">
    <p class='ocr_par' dir='ltr' id='par_1_96' title="bbox 2232 3954 3834 4027">
     <span class='ocr_line' id='line_1_96' title="bbox 2232 3954 3834 4027; baseline 0.003 -21"><span class='ocrx_word' id='word_1_711' title='bbox 2232 3954 2381 4025; x_wconf 74' lang='grc' dir='ltr'>τρὸς,</span> <span class='ocrx_word' id='word_1_712' title='bbox 2417 3956 2511 4007; x_wconf 77' lang='grc' dir='ltr'><strong>καὶ</strong></span> <span class='ocrx_word' id='word_1_713' title='bbox 2545 3956 2834 4025; x_wconf 80' lang='grc' dir='ltr'>μισθοῦται</span> <span class='ocrx_word' id='word_1_714' title='bbox 2863 3957 3104 4027; x_wconf 79' lang='grc' dir='ltr'>ἐργάτας</span> <span class='ocrx_word' id='word_1_715' title='bbox 3130 3957 3209 4019; x_wconf 82' lang='grc' dir='ltr'><strong>είς</strong></span> <span class='ocrx_word' id='word_1_716' title='bbox 3236 3957 3327 4009; x_wconf 79' lang='grc' dir='ltr'><strong>τὸν</strong></span> <span class='ocrx_word' id='word_1_717' title='bbox 3350 3956 3675 4024; x_wconf 83' lang='grc' dir='ltr'>ἀμπελῶνα,</span> <span class='ocrx_word' id='word_1_718' title='bbox 3702 3958 3834 4027; x_wconf 64' lang='grc' dir='ltr'>ἦτοι</span> 
     </span>
    </p>
   </div>
   <div class='ocr_carea' id='block_1_97' title="bbox 2230 4043 3836 4118">
    <p class='ocr_par' dir='ltr' id='par_1_97' title="bbox 2230 4043 3836 4118">
     <span class='ocr_line' id='line_1_97' title="bbox 2230 4043 3836 4118; baseline 0.005 -22"><span class='ocrx_word' id='word_1_719' title='bbox 2230 4043 2330 4103; x_wconf 87' lang='grc' dir='ltr'>τὰς</span> <span class='ocrx_word' id='word_1_720' title='bbox 2377 4046 2599 4115; x_wconf 80' lang='grc' dir='ltr'>Γραφάς</span> <span class='ocrx_word' id='word_1_721' title='bbox 2649 4048 2680 4118; x_wconf 86' lang='grc' dir='ltr'>ἢ</span> <span class='ocrx_word' id='word_1_722' title='bbox 2736 4049 2833 4109; x_wconf 82' lang='grc' dir='ltr'>τὰς</span> <span class='ocrx_word' id='word_1_723' title='bbox 2868 4047 3111 4110; x_wconf 82' lang='grc' dir='ltr'>ἐντολάς.</span> <span class='ocrx_word' id='word_1_724' title='bbox 3142 4047 3220 4099; x_wconf 67' lang='grc' dir='ltr'><strong>ΞΗ</strong></span> <span class='ocrx_word' id='word_1_725' title='bbox 3249 4047 3479 4099; x_wconf 76' lang='grc' dir='ltr'>ἕκαστον</span> <span class='ocrx_word' id='word_1_726' title='bbox 3529 4047 3836 4117; x_wconf 79' lang='grc' dir='ltr'>μισθοῦται</span> 
     </span>
    </p>
   </div>
   <div class='ocr_carea' id='block_1_98' title="bbox 2232 4137 3835 4209">
    <p class='ocr_par' dir='ltr' id='par_1_98' title="bbox 2232 4137 3835 4209">
     <span class='ocr_line' id='line_1_98' title="bbox 2232 4137 3835 4209; baseline 0.002 -20"><span class='ocrx_word' id='word_1_727' title='bbox 2232 4137 2312 4200; x_wconf 87' lang='grc' dir='ltr'><strong>είς</strong></span> <span class='ocrx_word' id='word_1_728' title='bbox 2344 4137 2405 4189; x_wconf 76' lang='grc' dir='ltr'>τὸ</span> <span class='ocrx_word' id='word_1_729' title='bbox 2446 4138 2780 4207; x_wconf 72' lang='grc' dir='ltr'>ἐργάξεσθαι</span> <span class='ocrx_word' id='word_1_730' title='bbox 2807 4141 2900 4191; x_wconf 83' lang='grc' dir='ltr'><strong>τὸν</strong></span> <span class='ocrx_word' id='word_1_731' title='bbox 2932 4139 3256 4209; x_wconf 84' lang='grc' dir='ltr'>ἀμπελῶνα,</span> <span class='ocrx_word' id='word_1_732' title='bbox 3283 4139 3403 4209; x_wconf 81' lang='grc' dir='ltr'>ήτοι</span> <span class='ocrx_word' id='word_1_733' title='bbox 3460 4138 3558 4209; x_wconf 78' lang='grc' dir='ltr'>τὴν</span> <span class='ocrx_word' id='word_1_734' title='bbox 3605 4141 3835 4195; x_wconf 78' lang='grc' dir='ltr'>οἰκείαν</span> 
     </span>
    </p>
   </div>
   <div class='ocr_carea' id='block_1_99' title="bbox 2232 4228 3836 4299">
    <p class='ocr_par' dir='ltr' id='par_1_99' title="bbox 2232 4228 3836 4299">
     <span class='ocr_line' id='line_1_99' title="bbox 2232 4228 3836 4299; baseline 0.003 -19"><span class='ocrx_word' id='word_1_735' title='bbox 2232 4228 2436 4299; x_wconf 77' lang='grc' dir='ltr'>ψυχήν.</span> <span class='ocrx_word' id='word_1_736' title='bbox 2487 4229 2793 4283; x_wconf 84' lang='grc' dir='ltr'>Μισθοῦται</span> <span class='ocrx_word' id='word_1_737' title='bbox 2852 4229 2909 4282; x_wconf 81' lang='grc' dir='ltr'><strong>δέ</strong></span> <span class='ocrx_word' id='word_1_738' title='bbox 2956 4230 3046 4283; x_wconf 84' lang='grc' dir='ltr'><strong>τὸν</strong></span> <span class='ocrx_word' id='word_1_739' title='bbox 3102 4231 3201 4299; x_wconf 85' lang='grc' dir='ltr'><strong>μὲν</strong></span> <span class='ocrx_word' id='word_1_740' title='bbox 3255 4229 3316 4281; x_wconf 83' lang='grc' dir='ltr'><strong>τὸ</strong></span> <span class='ocrx_word' id='word_1_741' title='bbox 3365 4228 3529 4299; x_wconf 77' lang='grc' dir='ltr'>πρωϊ,</span> <span class='ocrx_word' id='word_1_742' title='bbox 3573 4230 3836 4286; x_wconf 77' lang='grc' dir='ltr'>τουτέστι</span> 
     </span>
    </p>
   </div>
   <div class='ocr_carea' id='block_1_100' title="bbox 2235 4320 3837 4394">
    <p class='ocr_par' dir='ltr' id='par_1_100' title="bbox 2235 4320 3837 4394">
     <span class='ocr_line' id='line_1_100' title="bbox 2235 4320 3837 4394; baseline 0.003 -21"><span class='ocrx_word' id='word_1_743' title='bbox 2235 4324 2377 4374; x_wconf 84' lang='grc' dir='ltr'><strong>κατά</strong></span> <span class='ocrx_word' id='word_1_744' title='bbox 2410 4320 2506 4391; x_wconf 82' lang='grc' dir='ltr'>τὴν</span> <span class='ocrx_word' id='word_1_745' title='bbox 2543 4324 2745 4393; x_wconf 90' lang='grc' dir='ltr'>νεαράν</span> <span class='ocrx_word' id='word_1_746' title='bbox 2780 4322 3020 4393; x_wconf 71' lang='grc' dir='ltr'>ήλικίανσ</span> <span class='ocrx_word' id='word_1_747' title='bbox 3058 4322 3150 4375; x_wconf 85' lang='grc' dir='ltr'><strong>τὸν</strong></span> <span class='ocrx_word' id='word_1_748' title='bbox 3180 4322 3236 4374; x_wconf 88' lang='grc' dir='ltr'><strong>δέ</strong></span> <span class='ocrx_word' id='word_1_749' title='bbox 3290 4322 3434 4375; x_wconf 88' lang='grc' dir='ltr'><strong>κατά</strong></span> <span class='ocrx_word' id='word_1_750' title='bbox 3478 4322 3577 4392; x_wconf 81' lang='grc' dir='ltr'><strong>τὴν</strong></span> <span class='ocrx_word' id='word_1_751' title='bbox 3627 4323 3837 4394; x_wconf 77' lang='grc' dir='ltr'>τρίτην</span> 
     </span>
    </p>
   </div>
   <div class='ocr_carea' id='block_1_101' title="bbox 2236 4410 3833 4483">
    <p class='ocr_par' dir='ltr' id='par_1_101' title="bbox 2236 4410 3833 4483">
     <span class='ocr_line' id='line_1_101' title="bbox 2236 4410 3833 4483; baseline 0 -18"><span class='ocrx_word' id='word_1_752' title='bbox 2236 4411 2408 4482; x_wconf 83' lang='grc' dir='ltr'>ὥραν,</span> <span class='ocrx_word' id='word_1_753' title='bbox 2432 4412 2532 4481; x_wconf 81' lang='grc' dir='ltr'>τὴν</span> <span class='ocrx_word' id='word_1_754' title='bbox 2560 4410 2900 4482; x_wconf 73' lang='grc' dir='ltr'>μειρακιώδη</span> <span class='ocrx_word' id='word_1_755' title='bbox 2950 4412 3169 4482; x_wconf 78' lang='grc' dir='ltr'>ἡλικίαν</span> <span class='ocrx_word' id='word_1_756' title='bbox 3204 4427 3219 4443; x_wconf 90' lang='grc'><strong>·</strong></span> <span class='ocrx_word' id='word_1_757' title='bbox 3271 4414 3397 4476; x_wconf 82' lang='grc' dir='ltr'>τοὺς</span> <span class='ocrx_word' id='word_1_758' title='bbox 3427 4411 3485 4465; x_wconf 77' lang='grc' dir='ltr'><strong>δέ</strong></span> <span class='ocrx_word' id='word_1_759' title='bbox 3529 4413 3670 4466; x_wconf 82' lang='grc' dir='ltr'><strong>κατά</strong></span> <span class='ocrx_word' id='word_1_760' title='bbox 3721 4414 3833 4483; x_wconf 72' lang='grc' dir='ltr'>τὴν</span> 
     </span>
    </p>
   </div>
   <div class='ocr_carea' id='block_1_102' title="bbox 2235 4502 3833 4574">
    <p class='ocr_par' dir='ltr' id='par_1_102' title="bbox 2235 4502 3833 4574">
     <span class='ocr_line' id='line_1_102' title="bbox 2235 4502 3833 4574; baseline 0.003 -19"><span class='ocrx_word' id='word_1_761' title='bbox 2235 4504 2403 4573; x_wconf 82' lang='grc' dir='ltr'>ἐκτην</span> <span class='ocrx_word' id='word_1_762' title='bbox 2462 4505 2559 4557; x_wconf 71' lang='grc' dir='ltr'>καὶ</span> <span class='ocrx_word' id='word_1_763' title='bbox 2617 4504 2868 4571; x_wconf 84' lang='grc' dir='ltr'>ἑννάτην,</span> <span class='ocrx_word' id='word_1_764' title='bbox 2918 4505 3008 4557; x_wconf 80' lang='grc' dir='ltr'><strong>ὅτε</strong></span> <span class='ocrx_word' id='word_1_765' title='bbox 3041 4502 3288 4555; x_wconf 79' lang='grc' dir='ltr'>εἰκοστοῦ</span> <span class='ocrx_word' id='word_1_766' title='bbox 3319 4503 3569 4571; x_wconf 78' lang='grc' dir='ltr'>πέμπτου</span> <span class='ocrx_word' id='word_1_767' title='bbox 3616 4503 3703 4574; x_wconf 79' lang='grc' dir='ltr'><strong>εῐη</strong></span> <span class='ocrx_word' id='word_1_768' title='bbox 3736 4521 3833 4569; x_wconf 85' lang='grc' dir='ltr'><strong>τις</strong></span> 
     </span>
    </p>
   </div>
   <div class='ocr_carea' id='block_1_103' title="bbox 2231 4595 3831 4666">
    <p class='ocr_par' dir='ltr' id='par_1_103' title="bbox 2231 4595 3831 4666">
     <span class='ocr_line' id='line_1_103' title="bbox 2231 4595 3831 4666; baseline 0 -17"><span class='ocrx_word' id='word_1_769' title='bbox 2231 4596 2503 4662; x_wconf 88' lang='grc' dir='ltr'>ἐνιαυτοῦ,</span> <span class='ocrx_word' id='word_1_770' title='bbox 2524 4596 2555 4666; x_wconf 81' lang='grc' dir='ltr'>ἢ</span> <span class='ocrx_word' id='word_1_771' title='bbox 2588 4596 2938 4666; x_wconf 81' lang='grc' dir='ltr'>τριακοστοῦ,</span> <span class='ocrx_word' id='word_1_772' title='bbox 2960 4596 3054 4649; x_wconf 78' lang='grc' dir='ltr'><strong>καὶ</strong></span> <span class='ocrx_word' id='word_1_773' title='bbox 3081 4597 3265 4657; x_wconf 83' lang='grc' dir='ltr'>ἀπλῶς</span> <span class='ocrx_word' id='word_1_774' title='bbox 3285 4596 3544 4666; x_wconf 82' lang='grc' dir='ltr'>ἀνδρικῆς</span> <span class='ocrx_word' id='word_1_775' title='bbox 3563 4595 3790 4665; x_wconf 77' lang='grc' dir='ltr'>ήλικὲας</span> <span class='ocrx_word' id='word_1_776' title='bbox 3814 4616 3831 4631; x_wconf 91' lang='grc'><strong>·</strong></span> 
     </span>
    </p>
   </div>
   <div class='ocr_carea' id='block_1_104' title="bbox 2232 4685 3834 4760">
    <p class='ocr_par' dir='ltr' id='par_1_104' title="bbox 2232 4685 3834 4760">
     <span class='ocr_line' id='line_1_104' title="bbox 2232 4685 3834 4760; baseline 0.001 -21"><span class='ocrx_word' id='word_1_777' title='bbox 2232 4689 2362 4758; x_wconf 79' lang='grc' dir='ltr'>περὶ</span> <span class='ocrx_word' id='word_1_778' title='bbox 2390 4689 2449 4741; x_wconf 83' lang='grc' dir='ltr'>δὲ</span> <span class='ocrx_word' id='word_1_779' title='bbox 2500 4687 2601 4758; x_wconf 81' lang='grc' dir='ltr'>τὴν</span> <span class='ocrx_word' id='word_1_780' title='bbox 2632 4688 2951 4755; x_wconf 79' lang='grc' dir='ltr'>ἑνδεκάτην,</span> <span class='ocrx_word' id='word_1_781' title='bbox 2984 4686 3110 4749; x_wconf 79' lang='grc' dir='ltr'>τοὺς</span> <span class='ocrx_word' id='word_1_782' title='bbox 3142 4685 3409 4755; x_wconf 82' lang='grc' dir='ltr'>γέροντας</span> <span class='ocrx_word' id='word_1_783' title='bbox 3442 4701 3455 4714; x_wconf 84' lang='grc'><strong>·</strong></span> <span class='ocrx_word' id='word_1_784' title='bbox 3486 4685 3675 4738; x_wconf 76' lang='grc' dir='ltr'>πολλοὶ</span> <span class='ocrx_word' id='word_1_785' title='bbox 3711 4687 3834 4760; x_wconf 77' lang='grc' dir='ltr'>γὰρ</span> 
     </span>
    </p>
   </div>
   <div class='ocr_carea' id='block_1_105' title="bbox 2237 4777 3837 4851">
    <p class='ocr_par' dir='ltr' id='par_1_105' title="bbox 2237 4777 3837 4851">
     <span class='ocr_line' id='line_1_105' title="bbox 2237 4777 3837 4851; baseline -0.001 -18"><span class='ocrx_word' id='word_1_786' title='bbox 2237 4782 2331 4833; x_wconf 69' lang='grc' dir='ltr'>καὶ</span> <span class='ocrx_word' id='word_1_787' title='bbox 2401 4780 2656 4848; x_wconf 76' lang='grc' dir='ltr'>γέροντες</span> <span class='ocrx_word' id='word_1_788' title='bbox 2706 4779 3056 4830; x_wconf 75' lang='grc' dir='ltr'>ἐπίστευσαν.</span> <span class='ocrx_word' id='word_1_789' title='bbox 3114 4778 3185 4830; x_wconf 85' lang='grc' dir='ltr'><strong>Ἢ</strong></span> <span class='ocrx_word' id='word_1_790' title='bbox 3236 4778 3331 4830; x_wconf 72' lang='grc' dir='ltr'><strong>καὶ</strong></span> <span class='ocrx_word' id='word_1_791' title='bbox 3378 4777 3575 4843; x_wconf 85' lang='grc' dir='ltr'>άλλως,</span> <span class='ocrx_word' id='word_1_792' title='bbox 3632 4780 3837 4851; x_wconf 77' lang='grc' dir='ltr'>ἡμέρα</span> 
     </span>
    </p>
   </div>
   <div class='ocr_carea' id='block_1_106' title="bbox 2228 4868 3835 4941">
    <p class='ocr_par' dir='ltr' id='par_1_106' title="bbox 2228 4868 3835 4941">
     <span class='ocr_line' id='line_1_106' title="bbox 2228 4868 3835 4941; baseline -0.003 -15"><span class='ocrx_word' id='word_1_793' title='bbox 2228 4874 2449 4941; x_wconf 80' lang='grc' dir='ltr'>λέγεται</span> <span class='ocrx_word' id='word_1_794' title='bbox 2472 4874 2500 4925; x_wconf 93' lang='lat'><strong>6</strong></span> <span class='ocrx_word' id='word_1_795' title='bbox 2537 4869 2730 4941; x_wconf 88' lang='grc' dir='ltr'>παρὼν</span> <span class='ocrx_word' id='word_1_796' title='bbox 2750 4871 2905 4933; x_wconf 87' lang='grc' dir='ltr'>αίὼν,</span> <span class='ocrx_word' id='word_1_797' title='bbox 2932 4870 2989 4921; x_wconf 83' lang='grc' dir='ltr'><strong>ἑν</strong></span> <span class='ocrx_word' id='word_1_798' title='bbox 3020 4868 3169 4938; x_wconf 84' lang='grc' dir='ltr'>αὐτῷ</span> <span class='ocrx_word' id='word_1_799' title='bbox 3196 4868 3303 4940; x_wconf 84' lang='grc' dir='ltr'>γὰρ</span> <span class='ocrx_word' id='word_1_800' title='bbox 3346 4868 3698 4939; x_wconf 76' lang='grc' dir='ltr'>ἐργαζόμεθα</span> <span class='ocrx_word' id='word_1_801' title='bbox 3746 4870 3835 4935; x_wconf 79' lang='grc' dir='ltr'>ὡς</span> 
     </span>
    </p>
   </div>
   <div class='ocr_carea' id='block_1_107' title="bbox 2228 4956 3837 5034">
    <p class='ocr_par' dir='ltr' id='par_1_107' title="bbox 2228 4956 3837 5034">
     <span class='ocr_line' id='line_1_107' title="bbox 2228 4956 3837 5034; baseline -0.002 -17"><span class='ocrx_word' id='word_1_802' title='bbox 2228 4967 2286 5017; x_wconf 82' lang='grc' dir='ltr'><strong>ἐν</strong></span> <span class='ocrx_word' id='word_1_803' title='bbox 2318 4965 2524 5034; x_wconf 65' lang='grc' dir='ltr'>ἡμέρᾳ..</span> <span class='ocrx_word' id='word_1_804' title='bbox 2565 4962 2858 5014; x_wconf 82' lang='grc' dir='ltr'>Ἐκάλεσεν</span> <span class='ocrx_word' id='word_1_805' title='bbox 2905 4956 2997 5013; x_wconf 81' lang='grc' dir='ltr'>οὖν</span> <span class='ocrx_word' id='word_1_806' title='bbox 3028 4962 3055 5012; x_wconf 91' lang='lat'><strong>6</strong></span> <span class='ocrx_word' id='word_1_807' title='bbox 3101 4960 3306 5028; x_wconf 83' lang='grc' dir='ltr'>Κύριος</span> <span class='ocrx_word' id='word_1_808' title='bbox 3345 4964 3409 5030; x_wconf 83' lang='grc' dir='ltr'>τῇ</span> <span class='ocrx_word' id='word_1_809' title='bbox 3461 4960 3651 5030; x_wconf 78' lang='grc' dir='ltr'>πρώτῃ</span> <span class='ocrx_word' id='word_1_810' title='bbox 3700 4959 3837 5033; x_wconf 68' lang='grc' dir='ltr'>ὥρα</span> 
     </span>
    </p>
   </div>
   <div class='ocr_carea' id='block_1_108' title="bbox 2229 5051 3838 5124">
    <p class='ocr_par' dir='ltr' id='par_1_108' title="bbox 2229 5051 3838 5124">
     <span class='ocr_line' id='line_1_108' title="bbox 2229 5051 3838 5124; baseline -0.002 -15"><span class='ocrx_word' id='word_1_811' title='bbox 2229 5060 2357 5121; x_wconf 75' lang='grc' dir='ltr'>τοὺς</span> <span class='ocrx_word' id='word_1_812' title='bbox 2390 5056 2520 5124; x_wconf 70' lang='grc' dir='ltr'>περὶ</span> <span class='ocrx_word' id='word_1_813' title='bbox 2546 5055 2638 5106; x_wconf 82' lang='grc' dir='ltr'><strong>τὸν</strong></span> <span class='ocrx_word' id='word_1_814' title='bbox 2687 5054 2857 5121; x_wconf 84' lang='grc' dir='ltr'>Ἐνῶχ</span> <span class='ocrx_word' id='word_1_815' title='bbox 2895 5053 2989 5104; x_wconf 74' lang='grc' dir='ltr'><strong>καὶ</strong></span> <span class='ocrx_word' id='word_1_816' title='bbox 3033 5053 3123 5103; x_wconf 85' lang='grc' dir='ltr'><strong>τὸν</strong></span> <span class='ocrx_word' id='word_1_817' title='bbox 3170 5051 3291 5104; x_wconf 79' lang='grc' dir='ltr'>Νῶε</span> <span class='ocrx_word' id='word_1_818' title='bbox 3341 5069 3355 5083; x_wconf 88' lang='grc'>·</span> <span class='ocrx_word' id='word_1_819' title='bbox 3400 5053 3465 5121; x_wconf 82' lang='grc' dir='ltr'>τῇ</span> <span class='ocrx_word' id='word_1_820' title='bbox 3506 5051 3663 5121; x_wconf 82' lang='grc' dir='ltr'>τρίτῃ</span> <span class='ocrx_word' id='word_1_821' title='bbox 3694 5055 3838 5115; x_wconf 68' lang='grc' dir='ltr'>τοὺς</span> 
     </span>
    </p>
   </div>
   <div class='ocr_carea' id='block_1_109' title="bbox 2232 5145 3831 5223">
    <p class='ocr_par' dir='ltr' id='par_1_109' title="bbox 2232 5145 3831 5223">
     <span class='ocr_line' id='line_1_109' title="bbox 2232 5145 3831 5223; baseline -0.004 -19"><span class='ocrx_word' id='word_1_822' title='bbox 2232 5152 2363 5223; x_wconf 68' lang='grc' dir='ltr'>περὶ</span> <span class='ocrx_word' id='word_1_823' title='bbox 2395 5154 2484 5203; x_wconf 81' lang='grc' dir='ltr'><strong>τὸν</strong></span> <span class='ocrx_word' id='word_1_824' title='bbox 2516 5148 2770 5218; x_wconf 76' lang='grc' dir='ltr'>Ἀϐραάμ</span> <span class='ocrx_word' id='word_1_825' title='bbox 2804 5164 2816 5177; x_wconf 91' lang='grc'><strong>·</strong></span> <span class='ocrx_word' id='word_1_826' title='bbox 2852 5151 2920 5215; x_wconf 84' lang='grc' dir='ltr'>τῇ</span> <span class='ocrx_word' id='word_1_827' title='bbox 2953 5146 3088 5216; x_wconf 75' lang='grc' dir='ltr'>ἕκτῃ</span> <span class='ocrx_word' id='word_1_828' title='bbox 3114 5147 3240 5208; x_wconf 78' lang='grc' dir='ltr'>τοὺς</span> <span class='ocrx_word' id='word_1_829' title='bbox 3274 5146 3404 5215; x_wconf 74' lang='grc' dir='ltr'>περὶ</span> <span class='ocrx_word' id='word_1_830' title='bbox 3448 5146 3542 5197; x_wconf 77' lang='grc' dir='ltr'><strong>τὸν</strong></span> <span class='ocrx_word' id='word_1_831' title='bbox 3571 5145 3785 5198; x_wconf 80' lang='grc' dir='ltr'>Μωσέα</span> <span class='ocrx_word' id='word_1_832' title='bbox 3814 5162 3831 5175; x_wconf 86' lang='grc'><strong>·</strong></span> 
     </span>
    </p>
   </div>
   <div class='ocr_carea' id='block_1_110' title="bbox 2230 5238 3837 5319">
    <p class='ocr_par' dir='ltr' id='par_1_110' title="bbox 2230 5238 3837 5319">
     <span class='ocr_line' id='line_1_110' title="bbox 2230 5238 3837 5319; baseline -0.007 -18"><span class='ocrx_word' id='word_1_833' title='bbox 2230 5251 2296 5319; x_wconf 78' lang='grc' dir='ltr'>τῇ</span> <span class='ocrx_word' id='word_1_834' title='bbox 2332 5247 2549 5315; x_wconf 84' lang='grc' dir='ltr'>ἑννάτῃ,</span> <span class='ocrx_word' id='word_1_835' title='bbox 2595 5243 2724 5303; x_wconf 81' lang='grc' dir='ltr'>τοὺς</span> <span class='ocrx_word' id='word_1_836' title='bbox 2770 5244 3055 5311; x_wconf 62' lang='grc' dir='ltr'>προφήτας</span> <span class='ocrx_word' id='word_1_837' title='bbox 3102 5256 3113 5269; x_wconf 76' lang='grc' dir='ltr'>ο</span> <span class='ocrx_word' id='word_1_838' title='bbox 3147 5244 3214 5310; x_wconf 80' lang='grc' dir='ltr'>τῇ</span> <span class='ocrx_word' id='word_1_839' title='bbox 3256 5238 3538 5311; x_wconf 73' lang='grc' dir='ltr'>ἑνδεκάτῃ,</span> <span class='ocrx_word' id='word_1_840' title='bbox 3585 5238 3706 5307; x_wconf 70' lang='grc' dir='ltr'>ἦτοι</span> <span class='ocrx_word' id='word_1_841' title='bbox 3747 5239 3837 5308; x_wconf 80' lang='grc' dir='ltr'>τῷ</span> 
     </span>
    </p>
   </div>
   <div class='ocr_carea' id='block_1_111' title="bbox 2770 5330 3837 5404">
    <p class='ocr_par' dir='ltr' id='par_1_111' title="bbox 2770 5330 3837 5404">
     <span class='ocr_line' id='line_1_111' title="bbox 2770 5330 3837 5404; baseline 0.004 -19"><span class='ocrx_word' id='word_1_842' title='bbox 2770 5351 2783 5366; x_wconf 92' lang='grc'><strong>·</strong></span> <span class='ocrx_word' id='word_1_843' title='bbox 2820 5334 2995 5396; x_wconf 77' lang='grc' dir='ltr'>οὐδεὶς</span> <span class='ocrx_word' id='word_1_844' title='bbox 3050 5334 3158 5404; x_wconf 73' lang='grc' dir='ltr'><strong>γάρ</strong></span> <span class='ocrx_word' id='word_1_845' title='bbox 3215 5334 3415 5397; x_wconf 80' lang='grc' dir='ltr'>αὐτοὺς</span> <span class='ocrx_word' id='word_1_846' title='bbox 3473 5330 3837 5402; x_wconf 83' lang='grc' dir='ltr'>ἐμισθώσατο</span> 
     </span>
    </p>
   </div>
   <div class='ocr_carea' id='block_1_112' title="bbox 2302 5516 3833 5589">
    <p class='ocr_par' dir='ltr' id='par_1_112' title="bbox 2302 5516 3833 5589">
     <span class='ocr_line' id='line_1_112' title="bbox 2302 5516 3833 5589; baseline -0.007 -16"><span class='ocrx_word' id='word_1_847' title='bbox 2302 5542 2318 5573; x_wconf 86' lang='grc' dir='ltr'><strong>ι</strong></span> <span class='ocrx_word' id='word_1_848' title='bbox 2367 5520 2557 5589; x_wconf 62' lang='grc' dir='ltr'>Ὀψίας</span> <span class='ocrx_word' id='word_1_849' title='bbox 2596 5518 2655 5571; x_wconf 80' lang='grc' dir='ltr'><strong>δέ</strong></span> <span class='ocrx_word' id='word_1_850' title='bbox 2684 5518 3008 5587; x_wconf 83' lang='grc' dir='ltr'>γενομένης,</span> <span class='ocrx_word' id='word_1_851' title='bbox 3050 5516 3198 5584; x_wconf 78' lang='grc' dir='ltr'>λέγει</span> <span class='ocrx_word' id='word_1_852' title='bbox 3227 5518 3256 5568; x_wconf 88' lang='lat'><strong>6</strong></span> <span class='ocrx_word' id='word_1_853' title='bbox 3308 5516 3493 5585; x_wconf 78' lang='grc' dir='ltr'>κύριος</span> <span class='ocrx_word' id='word_1_854' title='bbox 3519 5516 3615 5570; x_wconf 83' lang='grc' dir='ltr'><strong>τοῦ</strong></span> <span class='ocrx_word' id='word_1_855' title='bbox 3643 5519 3833 5587; x_wconf 52' lang='lat' dir='ltr'><strong>apag-</strong></span> 
     </span>
    </p>
   </div>
   <div class='ocr_carea' id='block_1_113' title="bbox 2224 5608 3833 5681">
    <p class='ocr_par' dir='ltr' id='par_1_113' title="bbox 2224 5608 3833 5681">
     <span class='ocr_line' id='line_1_113' title="bbox 2224 5608 3833 5681; baseline -0.002 -15"><span class='ocrx_word' id='word_1_856' title='bbox 2224 5614 2393 5673; x_wconf 76' lang='grc' dir='ltr'>λῶνος</span> <span class='ocrx_word' id='word_1_857' title='bbox 2433 5613 2512 5681; x_wconf 78' lang='grc' dir='ltr'>τῷ</span> <span class='ocrx_word' id='word_1_858' title='bbox 2546 5612 2829 5681; x_wconf 73' lang='grc' dir='ltr'>ἐπιτρόπῳ</span> <span class='ocrx_word' id='word_1_859' title='bbox 2870 5609 3059 5663; x_wconf 77' lang='grc' dir='ltr'>αὐτοῦ’</span> <span class='ocrx_word' id='word_1_860' title='bbox 3098 5608 3343 5663; x_wconf 82' lang='grc' dir='ltr'>Κάλεσον</span> <span class='ocrx_word' id='word_1_861' title='bbox 3385 5610 3507 5671; x_wconf 67' lang='grc' dir='ltr'>τοὺς</span> <span class='ocrx_word' id='word_1_862' title='bbox 3540 5610 3833 5681; x_wconf 73' lang='grc' dir='ltr'>ἐργάτας,</span> 
     </span>
    </p>
   </div>
   <div class='ocr_carea' id='block_1_114' title="bbox 2225 5700 3836 5772">
    <p class='ocr_par' dir='ltr' id='par_1_114' title="bbox 2225 5700 3836 5772">
     <span class='ocr_line' id='line_1_114' title="bbox 2225 5700 3836 5772; baseline -0.004 -11"><span class='ocrx_word' id='word_1_863' title='bbox 2225 5709 2321 5762; x_wconf 76' lang='grc' dir='ltr'><strong>καὶ</strong></span> <span class='ocrx_word' id='word_1_864' title='bbox 2353 5706 2546 5767; x_wconf 79' lang='grc' dir='ltr'>ἀπόδος</span> <span class='ocrx_word' id='word_1_865' title='bbox 2588 5706 2771 5767; x_wconf 76' lang='grc' dir='ltr'>αὐτοῖς</span> <span class='ocrx_word' id='word_1_866' title='bbox 2819 5704 2911 5755; x_wconf 84' lang='grc' dir='ltr'><strong>τὺν</strong></span> <span class='ocrx_word' id='word_1_867' title='bbox 2950 5701 3165 5771; x_wconf 82' lang='grc' dir='ltr'>μισθὸν,</span> <span class='ocrx_word' id='word_1_868' title='bbox 3213 5700 3521 5772; x_wconf 65' lang='grc' dir='ltr'>ἀρξάμενος</span> <span class='ocrx_word' id='word_1_869' title='bbox 3569 5701 3678 5754; x_wconf 77' lang='grc' dir='ltr'><strong>ἀπὸ</strong></span> <span class='ocrx_word' id='word_1_870' title='bbox 3713 5703 3836 5755; x_wconf 82' lang='grc' dir='ltr'><strong>τῶν</strong></span> 
     </span>
    </p>
   </div>
   <div class='ocr_carea' id='block_1_115' title="bbox 2224 5793 3837 5870">
    <p class='ocr_par' dir='ltr' id='par_1_115' title="bbox 2224 5793 3837 5870">
     <span class='ocr_line' id='line_1_115' title="bbox 2224 5793 3837 5870; baseline -0.004 -15"><span class='ocrx_word' id='word_1_871' title='bbox 2224 5800 2471 5870; x_wconf 56' lang='lat' dir='ltr'><strong>taxi-tura</strong></span> <span class='ocrx_word' id='word_1_872' title='bbox 2507 5800 2611 5862; x_wconf 81' lang='grc' dir='ltr'>Ξως</span> <span class='ocrx_word' id='word_1_873' title='bbox 2662 5798 2773 5850; x_wconf 86' lang='grc' dir='ltr'><strong>τῶν</strong></span> <span class='ocrx_word' id='word_1_874' title='bbox 2826 5796 3082 5867; x_wconf 80' lang='grc' dir='ltr'>πρώτων.</span> <span class='ocrx_word' id='word_1_875' title='bbox 3136 5796 3247 5849; x_wconf 77' lang='grc' dir='ltr'><strong>Καὶ</strong></span> <span class='ocrx_word' id='word_1_876' title='bbox 3299 5793 3546 5857; x_wconf 73' lang='grc' dir='ltr'>ἐλθόντες</span> <span class='ocrx_word' id='word_1_877' title='bbox 3585 5793 3636 5847; x_wconf 81' lang='lat' dir='ltr'><strong>at</strong></span> <span class='ocrx_word' id='word_1_878' title='bbox 3692 5798 3837 5865; x_wconf 72' lang='grc' dir='ltr'>περὶ</span> 
     </span>
    </p>
   </div>
  </div>
