4004 6436
104 443 197 512 3ὀΙ

658 459 663 465 ‘
755 443 1210 506 ENARRATIO
1248 443 1332 504 ΙΝ
1373 442 1879 507 EVANGELIUM
1923 448 2310 508 MATTH/EI.
2351 472 2423 485 ·-·
2462 451 2623 511 CAP.
2656 454 2786 514 ΧΧ.

3306 458 3412 521 3ϋὲ

106 561 203 632 τὴν
227 558 543 629 ἑνδεκάτην
570 554 748 628 ὥραν,
786 556 979 609 ἔλαϐον
1026 555 1131 608 ἀνά
1162 554 1443 627 δηνάριον.
1494 556 1706 609 Ἐλθόν-

1832 558 2077 613 lecimam
2113 558 2305 613 horam
2337 571 2623 629 venerant,
2656 569 2990 633 acceperunt
3014 563 3211 633 singuli
3240 567 3409 623 dena-

104 652 281 715 ςεςδδ
327 653 382 706 σί
436 647 653 720 πρῶτοι
701 648 962 717 ἐνόμισαν
1000 646 1090 700 δτι
1141 646 1367 700 πλείονα
1419 647 1704 717 λήψονται.

105 746 213 800 Καὶ
254 743 459 798 ἔλαϐον
501 744 598 796 καὶ
662 740 822 795 αὐτοὶ
869 741 971 794 ἀνὰ
1020 740 1294 811 δηνάριον·
1347 739 1604 807 λαϐόντες
1628 740 1706 805 δὲ,

110 837 415 905 ὲγόγηυζον
476 836 618 888 κατὰ
671 833 767 887 τοῦ
846 833 1250 896 οἰκοδεσπότου,
1302 832 1577 904 λέγοντες,
1628 834 1710 886 ὅτι

105 921 266 981 Οὗτοι
296 929 349 980 οἱ
384 928 609 997 ἔσχατοι
633 927 761 997 μίαν
788 925 940 997 ὥραν
968 925 1256 995 ἐποίησαν,
1284 926 1377 978 καὶ
1408 925 1556 987 ἴσους
1579 925 1712 993 ἡμῖν

106 1007 304 1083 αὐτοὺς
353 1022 624 1090 ἐποίησας
698 1021 815 1082 τοῖς
895 1018 1199 1089 βαστάσασι
1260 1017 1322 1069 τὸ
1375 1014 1542 1087 βάρος
1608 1014 1710 1084 τῆς

106 1114 324 1182 ἡμέρας
360 1115 462 1165 καὶ
492 1112 585 1165 τὸν
624 1111 915 1177 καύσωνα;
984 1110 1043 1162 'U
1076 1110 1132 1163 δὲ
1185 1109 1515 1180 ἀποκριθεὶς
1556 1103 1712 1161 εἶπεν

103 1205 185 1257 ἑνὶ
215 1206 427 1257 αὐτῶν·
449 1204 691 1273 Ἑταῖρε,
715 1205 816 1256 οὐκ
834 1188 1004 1256 ἀδικῶ
1028 1220 1109 1255 σε.
1139 1203 1273 1273 Οὐχὶ
1297 1203 1557 1273 δηναρίου
1592 1219 1716 1254 συν-

104 1295 396 1366 εφώνησάς
437 1314 568 1365 μοις
620 1292 754 1365 ἆρον
800 1295 863 1348 τὸ
914 1294 1030 1358 σὺν,
1068 1299 1165 1347 καὶ
1218 1293 1420 1362 ὕπαγε.
1459 1293 1611 1345 Θέλω
1656 1292 1713 1345 δὲ

101 1386 278 1457 τούτῳ
308 1388 392 1456 τῷ
425 1389 642 1456 ἐσχάτῳ
690 1385 876 1439 δοῦναι
904 1390 979 1447 ὡς
1021 1385 1114 1437 καὶ
1153 1386 1254 1438 σοίο
1290 1384 1321 1453 ἢ
1376 1386 1477 1437 οὐκ
1530 1382 1712 1447 ἔξεστὶ

103 1496 193 1544 μοι
243 1481 483 1547 ποιῆσαι
516 1478 543 1529 ὅ
583 1478 723 1531 θέλω
758 1480 815 1529 ὲν
859 1480 971 1539 τοῖς
1005 1478 1202 1547 ὲμοῖς;
1249 1480 1295 1529 εί
1351 1479 1378 1529 ὁ
1432 1476 1715 1545 ὀφθαλμός

105 1588 195 1621 σου
246 1571 499 1638 πονηρός
552 1574 721 1635 ἐστιν,
776 1571 857 1623 ὅτι
915 1568 1029 1637 ἐγὼ
1077 1570 1281 1637 ἀγαθός
1318 1570 1471 1637 είμίς
1526 1567 1715 1631 Οὕτως

102 1662 324 1714 [σονται
353 1662 407 1713 οἱ
461 1662 678 1731 ἔσχατοι
729 1662 959 1730 πρῶτοι,
1009 1662 1104 1715 καὶ
1136 1663 1185 1714 οἱ
1231 1662 1437 1731 πρῶτοι
1472 1661 1712 1731 ἔσχατοι.

104 1752 301 1805 Πολλοὶ
337 1754 453 1822 γάρ
482 1754 589 1804 είσι
618 1753 830 1821 κλητοὶ,
868 1746 1037 1821 ὀλίγοι
1075 1754 1130 1806 δὲ
1167 1753 1439 1808 ἐκλεκτοί.
1484 1772 1504 1803 ι
1556 1752 1716 1822 Ὀψία

104 1847 135 1912 ἡ
164 1844 497 1895 συντέλεια·
533 1844 591 1895 ὲν
626 1843 757 1912 γοῦν
789 1847 855 1913 τῇ
893 1844 1173 1913 συντελείᾳ
1209 1844 1551 1913 λαμϐάνουσι
1582 1843 1713 1895 πάν-

1815 650 1976 705 rium.
2008 648 2509 722 Venienteututem
2530 664 2583 707 et
2615 654 2798 723 primi,
2831 654 3080 709 arbitrati
3111 666 3242 709 sunt
3273 662 3412 729 quod

1813 743 1935 811 plus
1984 751 2171 797 essent
2213 743 2518 813 accepturi,
2565 754 2620 798 et
2665 754 2999 814 acceperunt
3057 746 3159 815 ipsi
3202 764 3417 818 quoque

1814 834 2009 905 singuli
2064 836 2373 890 denarium.
2429 834 2500 889 Et
2538 852 2658 891 cuni
2700 840 3064 908 accepissent,
3108 858 3419 896 murmura-

1816 927 1947 981 bant
1980 928 2240 983 adversus
2272 930 2750 998 patremfamilias,
2779 931 3026 985 dicentes
3055 950 3067 986 :
3133 933 3197 984 Hi
3235 934 3419 987 novis-

1816 1020 1939 1074 simi
1974 1034 2135 1077 unam
2170 1020 2361 1075 boram
2394 1020 2617 1076 luerunt
2660 1023 2713 1076 in
2761 1038 2947 1092 opere,
2996 1032 3049 1075 ct
3091 1024 3213 1077 illos
3263 1040 3419 1094 parcs

1820 1111 1975 1163 nobis
2005 1110 2207 1175 fecisti,
2242 1111 2332 1180 qui
2359 1113 2699 1179 portavimus
2728 1114 2938 1180 pondus
2968 1113 3075 1167 diei
3099 1125 3153 1167 et
3184 1124 3371 1168 aestum
3400 1117 3413 1169 Ξ

1814 1204 1884 1256 At
1938 1202 2025 1255 ille
2079 1203 2415 1270 respondens
2456 1204 2546 1255 uni
2594 1217 2803 1267 eorum,
2854 1205 2985 1257 ait:
3041 1204 3251 1269 Amice,
3314 1223 3418 1257 non

1817 1292 1994 1347 allicio
2026 1303 2077 1348 te
2116 1295 2337 1363 injuria.
2372 1294 2563 1349 Nonne
2596 1296 2824 1349 denario
2852 1306 3046 1365 pactus
3082 1313 3142 1351 es
3169 1298 3419 1352 mecum?

1819 1384 1970 1439 Tulle
2003 1388 2147 1455 quod
2183 1397 2336 1438 tuttm
2373 1396 2476 1449 est,
2507 1396 2563 1439 et
2596 1386 2706 1439 abi.
2746 1386 2877 1441 Volo
2909 1398 3091 1442 autem
3144 1390 3269 1442 huic
3316 1404 3409 1442 no-

1819 1470 2043 1529 vissimo
2098 1477 2233 1530 dare
2265 1478 2411 1531 sicut
2456 1486 2510 1530 et
2549 1479 2665 1531 tibi.
2700 1477 2894 1533 Annon
2945 1480 3073 1533 licet
3109 1480 3239 1533 mihi
3274 1483 3418 1549 quod

1821 1566 1944 1619 volo
1986 1567 2169 1620 facere
2208 1566 2261 1619 in
2308 1568 2474 1621 rebus
2520 1568 2697 1621 meis?
2744 1586 2812 1621 an
2858 1570 3051 1622 oculus
3089 1578 3214 1623 tuus
3246 1570 3421 1625 malus

1821 1669 1924 1723 cst,
1981 1658 2122 1726 quod
2188 1674 2289 1729 ego
2347 1662 2523 1715 bonus
2576 1662 2721 1715 sim?
2776 1663 2867 1715 Sic
2925 1661 3209 1717 novissimi
3260 1676 3424 1716 erunt

1819 1747 2005 1814 primi,
2040 1757 2094 1801 et
2130 1750 2287 1818 primi
2343 1750 2623 1804 novissimi
2663 1770 2675 1805 :
2713 1754 2862 1805 multi
2892 1755 3034 1807 enim
3065 1764 3193 1806 sunt
3224 1756 3422 1817 vocati,

1823 1840 1977 1905 pauci
2008 1848 2189 1894 autem
2219 1841 2405 1895 electi.
2444 1862 2463 1893 ι
2523 1841 2818 1911 Vesperum
2863 1855 2945 1898 est
2976 1847 3420 1900 consummatio:

103 1953 189 1996 τες
238 1925 353 1988 άνὰ
400 1934 683 2007 δηνάριον,
734 1938 762 1988 ὃ
799 1939 1009 2006 ὲστινή
1047 1936 1142 1988 τοῦ
1179 1936 1335 2003 ἁγίου
1388 1935 1712 2005 Πνεύματος

1842 1946 1872 1982 ιι
1929 1929 2035 1985 line
2092 1942 2276 1985 autem
2334 1935 2440 1988 diei
2497 1946 2551 1989 et
2619 1937 3099 1991 consummatione
3151 1937 3427 2006 accipiunt

104 2025 282 2095 χάρις,
330 2024 741 2093 άναμορφοῦσα
772 2026 864 2077 τὸν
915 2023 1205 2093 ἄνθρωπον
1248 2025 1328 2085 είς
1377 2022 1438 2076 τὸ
1488 2021 1610 2075 κατ’
1640 2025 1717 2075 εἱ·-

122 2124 254 2181 ma,
292 2117 399 2169 καὶ
431 2116 667 2169 ποιοῦσα
707 2116 863 2180 θείας
906 2118 1119 2186 φύσεως
1143 2116 1421 2169 κοινωνόν.
1451 2114 1620 2168 Πλέον
1660 2114 1745 2191 δὲι

108 2209 420 2263 ἐκοπίασαν
455 2210 507 2260 oi
549 2210 655 2279 πρὸ
686 2210 795 2279 τῆς
818 2209 914 2261 τοῦ
948 2208 1190 2279 Χριστοῦ
1229 2207 1553 2277 ἐπιδημίας,
1589 2206 1711 2258 καθ’

107 2302 131 2352 ὃ
172 2300 335 2353 οὖπω
380 2297 450 2371 ἦν
491 2302 614 2353 τότε
644 2303 673 2353 6
710 2301 939 2364 θάνατος
986 2302 1187 2366 λυθεὶς,
1229 2300 1349 2353 οὐδὲ
1402 2304 1428 2352 ὁ
1468 2297 1717 2361 διάϐολος

109 2392 432 2463 συνετρίϐη,
478 2392 593 2445 ἀλλ’
624 2392 706 2445 ἐτι
734 2392 832 2461 ἔζη
864 2395 897 2462 ἡ
933 2393 1200 2462 ἁμαρτία·
1234 2392 1396 2460 ἡμεῖς
1439 2391 1496 2442 δὲ
1531 2392 1717 2459 χάριτι

111 2484 347 2555 Χριστοῦ
383 2486 477 2537 διὰ
509 2484 604 2537 τοῦ
634 2483 1013 2554 βαπτίσματος
1044 2484 1451 2546 δικαιωθέντες,
1486 2483 1719 2552 δύναμιν

111 2577 474 2647 λαμϐάνομεν
525 2579 604 2637 εἰς
660 2578 721 2627 τὸ
768 2577 992 2644 νικῆσαι
1048 2577 1140 2628 τὸν
1186 2575 1486 2627 ἀντίπαλον
1537 2576 1717 2644 ἡμῶν,

115 2668 202 2735 ἤδη
250 2666 691 2735 καταϐληθέντα
721 2666 1234 2720 καὶηθανατωθέντα
1286 2666 1391 2717 ὑπὸ
1435 2665 1532 2719 τοῦ
1579 2667 1718 2737 Χρι-

118 2760 253 2811 neti-
309 2758 460 2812 ἀλλὰ
498 2758 591 2809 καὶ
636 2759 778 2811 κατὰ
822 2760 923 2827 τὴν
970 2757 1248 2828 προτέραν
1296 2758 1617 2829 ἑρμηνείαν,
1672 2759 1720 2809 oi

114 2852 371 2923 νεώῑεροι
429 2851 859 2913 πιστεύσαντες,
926 2848 1147 2902 πλείονα
1202 2850 1450 2916 κάματον
1509 2850 1724 2918 ἔχουσιν

119 2946 246 3016 ὑπὲρ
278 2949 415 3005 τοὺς
444 2946 507 2997 ἐν
538 2945 690 3013 γήρα
720 2941 1141 3013 προσελθόντας·
1173 2944 1201 2995 6
1226 2942 1326 3011 μὲν
1351 2942 1461 3010 γὰρ
1492 2942 1632 3003 νέος,
1664 2943 1725 2993 τὸ

118 3034 276 3104 βάρος
317 3036 421 3089 τοῦ
480 3036 659 3104 θυμοῦ
692 3034 791 3087 καὶ
838 3033 928 3084 τὸν
974 3032 1229 3085 καύσωνα
1278 3030 1376 3098 τῆς
1426 3031 1726 3101 ἐπιθυμίας

123 3125 398 3195 βαστάζει,
447 3124 713 3197 πολεμῶν
744 3127 859 3187 τοῖς
894 3123 1139 3177 πάθεσιν
1174 3125 1202 3175 6
1231 3122 1288 3174 δὲ
1313 3125 1494 3193 γέρων
1526 3123 1584 3175 ὲν
1621 3138 1727 3190 γα-

122 3219 243 3291 λήνῃ
284 3222 533 3288 γίνεται.
595 3218 736 3270 Ἀλλ’
769 3220 919 3286 ὅμως
949 3216 1173 3280 πάντες,
1227 3215 1601 3285 μιᾶςηδωρεᾶς
1632 3216 1725 3267 τοῦ

123 3314 272 3381 ἁγίου
320 3312 657 3382 Πνεύματος
721 3310 1022 3375 ἀξιοῦνται.
1084 3308 1340 3361 Διδάσκει
1415 3304 1509 3359 οὖν
1572 3309 1722 3378 ἡμᾶς

126 3408 154 3473 ὴ
183 3406 505 3475 παραϐολὴ,
536 3403 627 3457 ὅτι
658 3401 868 3473 κάν-,τῷ
896 3403 1046 3472 γῄρᾳ
1083 3399 1203 3453 ἐστι
1236 3398 1585 3467 μεταγνῶναι
1634 3400 1726 3451 καί

126 3500 213 3567 τῆς
247 3500 542 3569 βασιλείας
591 3500 777 3567 τυχεῖν
800 3512 815 3524 ⁸
862 3495 1022 3548 τοῦτο
1054 3494 1164 3565 γὰρ
1213 3496 1246 3563 ἡ
1279 3490 1542 3562 ἑνδεκάτη
1584 3490 1724 3563 ὥρα.

128 3591 195 3642 Οὐ
230 3592 582 3661 φθονήσουσι
621 3590 678 3640 δὲ
709 3588 760 3640 οἱ
810 3587 957 3654 ἅγιοι
1008 3589 1122 3648 τοῖς
1173 3584 1241 3637 τὰ
1281 3584 1383 3636 ἴσα
1434 3583 1725 3650 λαϐοῦσιν;

134 3685 366 3750 Ἄπαγε,
402 3682 549 3734 άλλὰ
574 3679 737 3732 τοῦτο
764 3679 1045 3731 δείκνυται
1078 3676 1353 3740 ἐντεῦθεν,
1384 3676 1465 3728 ὅτι
1489 3676 1730 3730 τοσαῦτα

131 3776 216 3827 καὶ
249 3773 574 3845 τηλικαῦτά
609 3776 716 3826 εισι
743 3772 813 3824 τὰ
846 3771 1101 3841 διδόμενα
1130 3771 1241 3831 τοῖς
1265 3767 1496 3831 δικαίοις
1523 3768 1727 3836 ἀγαθά,

132 3867 263 3920 ὣστε
298 3867 400 3921 καὶ
434 3867 640 3935 φθόνον
670 3867 896 3935 κινῆσαι
924 3864 1202 3921 δύνανται.

201 3978 220 4009 ε
275 3961 391 4013 Καὶ
447 3957 769 4013 ἀναϐαίνων
835 3961 864 4011 6
933 3958 1144 4028 Ἰησοῦς
1212 3958 1294 4020 είς
1355 3956 1728 4027 Ἱεροσόλυμα,

136 4051 407 4121 παρέλαϐε
452 4052 589 4114 τοὺς
636 4050 847 4128 δῴδεκα
902 4050 1152 4121 μαθητὰς
1201 4052 1321 4103 κατ’
1372 4050 1509 4103 ίδίαν
1558 4051 1616 4101 ὲν
1662 4051 1729 4118 τῇ

136 4144 251 4215 ὀδῷ,
287 4147 387 4199 καὶ
427 4142 589 4198 εἶπεν
619 4146 827 4208 αὐτοῖς’
876 4145 1007 4200 Ἰδοὺ
1047 4145 1413 4216 ἀναϐαίνομεν
1451 4147 1530 4207 είς
1570 4144 1735 4213 Ἰερο-

138 4238 361 4308 σόλυμα,
403 4240 507 4292 καὶ
552 4240 582 4291 6
635 4238 769 4301 Υὲὺς
810 4238 906 4291 τοῦ
952 4237 1249 4309 ἀνθρώπου
1290 4237 1733 4308 παραδοθήσεται

138 4333 242 4391 τοῖς
301 4329 635 4401 ἀρχιερεῦσι
686 4331 785 4384 καὶ
836 4330 1258 4400 Γραμματεῦσι,
1318 4333 1415 4384 καὶ
1461 4346 1733 4399 κατακρι-

141 4420 315 4477 νοῦσιν
346 4424 519 4477 αὐτὸν
545 4422 787 4493 θανάτῳ,
838 4424 934 4476 καὶ
965 4423 1386 4493 παραδώσουσιν
1428 4423 1590 4475 αὑτὸν
1620 4425 1733 4483 τοῖς

140 4510 340 4566 ἔθνεσιν
369 4515 456 4575 εἰς
488 4514 552 4566 τὸ
576 4513 867 4582 ἐμπαῖξαι,
898 4516 993 4567 καὶ
1030 4514 1396 4585 μαστιγῶσαι,
1432 4514 1527 4567 καὶ
1568 4530 1733 4566 σταυ-

1819 2037 2009 2076 omncs
2037 2037 2193 2076 suum
2229 2024 2536 2087 denarium,
2581 2027 2672 2096 qui
2704 2037 2787 2079 est
2817 2025 3055 2094 Spiritus
3085 2026 3260 2079 sancti
3300 2042 3425 2096 gra-

1824 2112 1916 2176 tia,
1961 2118 2360 2170 transformans
2414 2117 2688 2173 hominem
2726 2120 2791 2171 ad
2843 2134 2999 2173 suum
3030 2118 3327 2186 exemplar,
3374 2128 3429 2172 et

1820 2204 2029 2260 faciens
2061 2207 2259 2261 divinae
2292 2218 2502 2261 natura:
2548 2209 2891 2278 participem.
2947 2210 3075 2263 Plus
3130 2222 3312 2263 autem
3344 2209 3426 2263 la—

1820 2296 2151 2349 boraverunt
2195 2298 2287 2365 qui
2330 2306 2459 2350 ante
2484 2296 2692 2352 Christi
2750 2300 3044 2353 adventum
3080 2299 3323 2361 fuerunt,
3362 2311 3429 2351 eo

1820 2389 1962 2456 quod
1994 2405 2123 2445 nunc
2163 2390 2400 2441 nondum
2436 2399 2555 2443 erat
2594 2406 2741 2443 mors
2775 2391 2972 2452 soluta,
3016 2404 3191 2458 neque
3236 2391 3426 2444 diabo-

1825 2478 1908 2531 lus
1956 2478 2248 2542 contritus,
2307 2479 2401 2531 sed
2453 2479 2631 2532 adhuc
2686 2479 2898 2531 vivebat
2945 2486 3257 2547 peccatum.
3317 2475 3428 2529 Nos

1823 2580 2006 2624 autem
2031 2570 2203 2639 gratia
2238 2570 2442 2625 Christi
2472 2585 2570 2638 per
2602 2571 2930 2639 baptismum
2963 2569 3273 2637 justilieziti,
3311 2570 3425 2621 vir-

1827 2674 1997 2718 tutem
2049 2662 2352 2732 accipimus
2387 2664 2455 2717 ad
2510 2663 2841 2717 vincendum
2898 2662 3271 2715 adversarium
3324 2677 3427 2715 no-

1827 2754 2171 2831 strum,\jam
2206 2755 2475 2824 dejectum
2498 2764 2552 2808 et
2576 2754 2821 2817 occisum
2849 2769 2877 2807 a
2908 2753 3149 2808 Christo.
3182 2750 3248 2805 Et
3272 2751 3428 2820 juxta

1829 2847 2064 2912 priorem
2120 2847 2652 2915 interpretationem,
2698 2846 2788 2914 qui
2846 2851 3079 2915 juvenes
3126 2848 3429 2913 credidere,

1829 2939 2091 3006 majorem
2126 2938 2370 2993 laborem
2405 2940 2633 3003 habent,
2658 2956 2824 3009 quam
2856 2942 2910 2995 hi
2937 2943 3025 3009 qui
3060 2944 3112 2995 in
3150 2948 3438 2997 senectute

1830 3034 1895 3084 ad
1932 3031 2090 3085 [idem
2116 3045 2491 3088 accesserunt.
2534 3033 2867 3088 Adolescens
2906 3036 3049 3089 enim
3086 3038 3297 3103 pnndus
3343 3037 3440 3088 ira:

1831 3131 1884 3175 et
1913 3136 2105 3176 aestum
2142 3125 2601 3191 concupiscentiae
2638 3130 2838 3193 gestat,
2878 3139 3098 3179 certans
3133 3143 3254 3179 cum
3304 3125 3439 3181 atie-

1833 3214 2129 3268 ctionibus.
2161 3214 2342 3269 Senex
2372 3226 2554 3271 autem
2588 3218 2641 3271 in
2674 3218 2975 3286 tranquillo
3019 3227 3102 3272 cst
3135 3236 3148 3272 :
3192 3229 3436 3273 attamen

1831 3321 2021 3359 oinncs
2045 3321 2143 3361 nos
2177 3322 2345 3361 unum
2376 3310 2576 3361 donum
2607 3306 2845 3377 Spiritus
2869 3310 3041 3362 sancti
3068 3312 3434 3376 assequimur.

1833 3396 2003 3454 Docet
2046 3399 2327 3467 igiturnos
2355 3400 2517 3475 106
2555 3401 2836 3469 parabola,
2874 3401 3020 3472 quod
3062 3404 3115 3455 in
3148 3412 3434 3458 senectute

1831 3490 1995 3544 etiam
2031 3489 2157 3545 licet
2184 3492 2527 3560 resipiscere,
2554 3503 2608 3546 et
2640 3509 2866 3563 regnum
2894 3495 3163 3549 C(blOl‘lllll
3194 3497 3433 3564 assequi.

1834 3582 1961 3637 Hac
2016 3584 2161 3636 enim
2224 3584 2510 3639 undecima
2563 3587 2694 3639 hora
2753 3596 2859 3641 est.
2918 3586 3057 3640 Num
3119 3588 3440 3643 inridebunt

1834 3675 2009 3728 sancti
2043 3676 2127 3729 his
2161 3677 2252 3745 qui
2302 3679 2451 3746 paria
2490 3676 2811 3747 accipiunt?
2838 3678 3015 3744 Absit,
3066 3679 3162 3733 sed
3196 3679 3440 3733 ostendit

1834 3765 1925 3821 hic
1962 3768 2105 3835 quod
2142 3775 2293 3823 tanta
2334 3779 2387 3821 et
2427 3770 2557 3823 talia
2600 3780 2729 3827 sunt
2776 3774 2914 3825 bona
2950 3784 3071 3839 qua:
3114 3772 3313 3825 dantur
3350 3770 3443 3838 ju-

1834 3857 1957 3923 stis,
1994 3866 2052 3912 ut
2086 3869 2142 3913 et
2172 3860 2432 3914 invidiam
2476 3860 2717 3915 excitare
2740 3864 2973 3931 possint.

1913 3948 2079 4006 Vens.
2133 3950 2325 4006 18-21.
2346 3970 2385 4013 ,ι
2422 3952 2487 4006 Et
2510 3955 2814 4010 ascendens
2847 3953 3009 4011 Jesus
3032 3956 3442 4030 Hierosolyma,

1838 4044 2140 4113 assumpsit
2170 4045 2458 4115 duodecim
2490 4047 2789 4116 discipulos
2824 4063 2953 4104 suos
2984 4050 3129 4105 solos
3160 4052 3214 4105 in
3250 4054 3358 4116 via,
3389 4060 3444 4107 et

1837 4137 1915 4189 ait
1950 4136 2057 4191 illis
2088 4154 2102 4191 :
2136 4137 2281 4192 Ecce
2305 4140 2723 4196 conscendimus
2752 4140 3157 4214 Hiwosnlyma,
3186 4158 3242 4199 et
3272 4145 3441 4207 Filius

1840 4226 2079 4282 hominis
2103 4228 2352 4283 tradetur
2379 4229 2720 4299 principibus
2744 4234 3089 4287 sacerdotum
3121 4251 3187 4289 ac
3211 4237 3438 4303 Scribis,

1841 4330 1896 4373 et
1929 4321 2373 4376 condemnabth
2406 4337 2533 4376 eunt
2568 4332 2765 4385 morte.
2797 4334 2851 4379 et
2904 4326 3117 4381 tradent
3149 4346 3270 4381 eum
3310 4346 3443 4398 gen-

1843 4416 1988 4470 tibus
2018 4415 2085 4471 ad
2113 4416 2473 4481 illudenduni,
2502 4426 2555 4470 et
2583 4415 2994 4487 ﬂagellandum,
3031 4430 3086 4475 et
3112 4427 3441 4494 cruculigen-

1839 4505 1989 4570 dum,
2023 4516 2078 4560 et
2101 4507 2263 4560 tertio
2317 4508 2407 4561 die
2448 4519 2720 4576 resurget.
2762 4508 2915 4565 Tunc
2950 4515 3183 4567 accessit
3217 4520 3282 4568 ad
3316 4534 3439 4570 eum

142 4603 331 4672 βῶσαι,
363 4606 466 4659 καὶ
480 4608 551 4675 τῇ
583 4606 744 4676 τρίτῃ
767 4606 954 4677 ἡμέρᾳ
975 4607 1362 4677 ἀναστήσεται.
1396 4606 1530 4657 Τότε
1562 4621 1725 4674 προσ-

1845 4608 2017 4651 mater
2060 4597 2294 4651 liliorum
2333 4598 2580 4655 Zebedaﬁ
2613 4616 2737 4654 cum
2780 4603 2905 4656 ﬁliis
2938 4606 3073 4667 suis,
3123 4608 3358 4662 adorans
3390 4622 3446 4663 et

142 4690 295 4761 ἦλθεν
323 4695 481 4763 αὐτῷ
509 4696 546 4765 ἡ
579 4696 768 4766 μήτηρ
800 4696 915 4751 τῶν
964 4696 1100 4750 υίῶν
1130 4696 1421 4766 Ζεϐεδαίου
1459 4697 1594 4767 μετὰ
1626 4696 1734 4749 τῶν

144 4784 269 4838 υἱῶν
301 4786 505 4855 αὐτῆς,
559 4787 948 4857 προσκυνοῦσα
994 4790 1089 4842 καὶ
1121 4790 1351 4843 αἰτοῦσά
1385 4806 1434 4841 τι
1472 4787 1599 4856 παρ’
1636 4789 1735 4842 αὑ-

144 4877 251 4934 τῶ.
298 4881 357 4934 Ὀ
386 4880 449 4933 δὲ
480 4874 639 4932 εἶπεν
669 4882 832 4951 αὐτῇ·
864 4880 929 4932 Τί
960 4881 1137 4945 θέλεις
1163 4900 1178 4949 ;
1202 4883 1371 4950 Αέγει
1401 4881 1572 4951 αὐτῷ·
1605 4880 1738 4933 Εἰπὲ

148 4969 227 5024 ἴνα
255 4972 569 5026 καθίσωσιν
596 4964 747 5026 οὗτοι
778 4974 830 5026 oi
861 4972 958 5026 δύο
989 4975 1094 5027 υίοί
1130 4993 1257 5044 μου,
1316 4969 1396 5038 εἷς
1434 4977 1505 5027 ἐκ
1548 4972 1740 5038 δεξιῶν

150 5079 234 5116 σου
274 5070 371 5119 καὶ
408 5060 493 5127 εἷς
526 5065 589 5129 ἐξ
618 5066 920 5135 εὐωνύμων
957 5083 1051 5119 σου
1085 5069 1143 5120 ἐν
1175 5070 1243 5138 τῇ
1276 5065 1526 5137 βασιλείᾳ
1563 5081 1679 5118 σου.
1715 5084 1735 5115 ι

163 5154 446 5225 Ἐνόμιζον
478 5158 529 5209 oi
558 5156 653 5208 τοῦ
686 5156 1002 5222 Ζεϐεδαίου,
1039 5157 1121 5210 ὅτι
1151 5160 1246 5210 ἐὰν
1277 5158 1485 5227 ἀπέλθῃ
1518 5158 1598 5219 είς
1636 5156 1738 5208 Ἱε-

153 5249 419 5318 ροσόλυμα
456 5248 741 5316 ὀΚύριος,
777 5248 1085 5318 βασιλεύσει
1135 5249 1403 5319 αἰσθητὴν
1435 5248 1737 5319 βασιλείαν·

155 5338 341 5405 ἢκουον
372 5343 487 5410 γάρ
531 5341 700 5392 αὑτοῦ
731 5339 973 5409 συνεχῶς
1002 5340 1274 5408 λέγοντος,
1308 5343 1389 5393 ὅτι
1429 5339 1741 5394 Ἀναϐαίνο-

160 5447 245 5497 iter
268 5434 346 5495 είς
386 5431 768 5502 Ἱεροσόλυμα,⁴
822 5431 1023 5485 ἔπαθον
1049 5430 1141 5486 οὖν
1176 5430 1519 5503 ἀνθρώπινόν
1543 5449 1617 5495 τι,
1647 5432 1742 5485 καὶ

157 5525 473 5591 προσελθεῖν
500 5527 601 5591 τὴν
633 5526 848 5594 μητέρα
874 5524 1175 5591 πείθουσιν,
1212 5526 1369 5578 αὐτοὶ
1407 5523 1743 5594 εὐλαϐούμε-

160 5630 228 5666 νοι
260 5619 314 5666 ὲν
342 5616 422 5685 τῷ
449 5614 676 5684 φανερῷ
710 5616 1049 5685 προσελθεῖν
1080 5616 1264 5686 κρύφα
1298 5618 1406 5685 γὰρ
1436 5614 1744 5685 προσῆλθον

159 5704 238 5754 καί
262 5706 441 5771 αὐτοὶ,
476 5706 554 5767 ὡς
595 5706 621 5755 ό
649 5705 1076 5779 Μάρκοςὲλὲγει·
1116 5707 1251 5776 φησι
1277 5708 1407 5776 γάρ,
1441 5707 1524 5759 ὅτι
1572 5722 1745 5775 προσ-

161 5799 485 5865 πορεύονται
517 5799 670 5865 αὑτερ
730 5798 985 5861 Ἰάκωϐος
1026 5803 1120 5853 καὶ
1176 5799 1451 5871 Ἰωάννης,
1493 5798 1616 5852 ἀντὶ
1650 5796 1747 5850 τοῦ

164 5886 322 5963 λάθρα
357 5896 454 5948 καὶ
489 5894 601 5962 ἰδία
632 5892 1067 5963 προσέρχονται.Δ

478 5992 758 6050 Parnm.
795 5990 839 6050 G
853 6008 915 6050 ll.
962 5988 1240 6053 CXXIII.

1845 4701 2035 4757 petens
2064 4690 2270 4760 aliquid
2304 4692 2493 4753 abeo.
2524 4694 2595 4745 At
2630 4693 2719 4748 ille
2742 4696 2881 4751 dixit
2911 4696 2960 4751 ei
2988 4714 3004 4753 :
3034 4697 3174 4773 Quid
3206 4702 3327 4755 vis?
3355 4704 3448 4757 Ait

1846 4784 1918 4837 illi
1948 4802 1961 4839 :
1997 4783 2093 4839 Dic
2130 4795 2194 4839 ut
2231 4776 2457 4840 sedeant
2490 4787 2543 4840 hi
2567 4788 2673 4843 duo
2704 4788 2797 4844 ﬁlii
2835 4791 2962 4854 mei,
2998 4806 3136 4846 unus
3178 4808 3208 4846 a
3238 4795 3447 4850 dextris

1847 4877 1972 4941 tuis,
2001 4889 2057 4932 et
2086 4883 2226 4931 alter
2253 4880 2318 4933 ad
2343 4880 2623 4935 sinistram
2662 4884 2887 4939 tuanrin
2925 4900 3090 4953 regno
3114 4896 3225 4943 tuo.
3271 4907 3290 4938 ι
3317 4891 3449 4957 Opi»

1848 4972 2123 5026 nabautur
2174 4973 2265 5028 lilii
2324 4972 2575 5029 Zebeda‘i
2628 4979 2773 5046 quod
2824 4982 3031 5034 vadens
3069 4977 3447 5053 Hierosolyma

1850 5064 2113 5119 Dominus
2143 5076 2473 5135 regnaturus
2495 5076 2642 5122 esset
2675 5084 2840 5139 regno
2871 5075 3106 5139 miodam
3138 5077 3445 5143 teniporaii.

1846 5153 2149 5211 Audierant
2182 5158 2330 5211 enim
2359 5174 2481 5213 eum
2510 5174 2652 5229 saepe
2685 5161 2983 5229 dicentem,
3014 5162 3449 5224 Conscendimus

1850 5247 2252 5320 Hierosolyma.
2288 5251 2441 5306 Passi
2485 5263 2671 5306 autem
2707 5264 2832 5308 sunt
2874 5256 3171 5310 humanum
3203 5261 3357 5329 quid,
3396 5272 3451 5315 et

1850 5350 1909 5393 ut
1960 5350 2133 5396 mater
2164 5344 2391 5397 accedat
2432 5344 2783 5415 persuadent,
2833 5346 2933 5414 ipsi
2974 5349 3193 5402 reveriti
3231 5351 3283 5403 in
3332 5369 3448 5406 ma-

1851 5433 2051 5489 nifesto
2096 5439 2360 5491 accedere
2404 5451 2421 5491 :
2478 5435 2727 5493 clanculo
2777 5438 2926 5493 enim
2983 5453 3339 5497 accesserunt
3392 5452 3447 5497 et

1853 5527 1976 5595 ipsi,
2016 5537 2072 5580 ut
2114 5525 2333 5581 Marcus
2382 5528 2535 5581 dicit.
2587 5526 2872 5585 Accedunt
2919 5531 3088 5597 enim,
3137 5532 3332 5601 inquit,
3377 5533 3444 5585 ad

1850 5634 1973 5674 eum
2007 5618 2245 5674 Jac-obus
2278 5630 2332 5677 et
2360 5620 2622 5688 Joannes,
2651 5622 2752 5677 hoc
2781 5635 2885 5701 est,
2917 5626 3172 5694 privatim
3205 5636 3259 5682 et
3292 5641 3447 5681 seor-

1852 5724 1972 5764 sum
2009 5712 2276 5765 accedunt
2305 5713 2371 5766 ad
2400 5729 2545 5767 t'tllll.

2930 5990 3007 6054 ﬂ
