4004 6414
117 436 222 498 365
800 338 1172 498 ENAliRAT!

800 436 1255 498 summa
1302 434 1378 494 ιν
1419 430 1729 508 ωἈΝσιι

1840 429 1934 489 Jiil
1978 428 2372 489 MATTHAEI.
2413 452 2452 459 -·
2517 430 2677 489 CAP.
2719 431 2846 491 XX.

3355 434 3461 497 .366

119 554 410 623 ριειὶουσιν
478 554 681 615 αὐτῶν,
721 557 813 609 χαί
856 558 904 608 οἱ
940 552 1166 623 μεγάλοι
1226 549 1729 616 κατεξουσιάζουσιι

1847 546 2127 599 minentur
2158 545 2302 599 illis:
2333 556 2387 599 et
2422 546 2511 615 qui
2546 547 2727 615 magni
2760 554 2909 609 sunt,
2941 556 3266 616 potestatein
3304 565 3464 605 exer-

116 647 220 699 αὒτ
275 664 330 699 ν.
362 648 485 717 Οὐχ
513 648 684 709 οὕτως
720 649 873 700 ἔσται
998 647 1146 707 (adv,
1182 642 1369 706 αλλ⁹ὃς
1396 644 1489 695 ἐὰν
1520 641 1651 710 θέλῃ
1681 642 1738 692 ἐν

116 740 250 807 ὑμῖν
290 739 479 807 μέγας
502 738 783 807 γενέσθαι,
832 738 986 790 ἔσται
1023 737 1175 807 ὑμῶν
1223 737 1497 799 διάκονος,
1534 735 1631 787 καὶ
1679 734 1739 796 ὃς

114 832 214 883 ἐὰν
248 830 389 903 θέλῃ
425 832 487 882 ὲν
521 832 653 901 ὑμῖν
681 825 822 883 εἶναι
861 831 1097 900 πρῶτος,
1143 830 1299 881 ἔσται
1333 828 1489 897 ὑμῶν
1529 826 1737 889 δοῦλοςο

112 921 316 992 ὥσπερ
342 925 371 975 6
409 924 539 987 Υἱδς
558 922 650 975 τοῦ
684 923 979 994 ἀνθρώπου
1032 924 1130 975 οὐκ
1157 918 1290 992 ἦλθε
1320 920 1735 991 διακονηθῆναι,

112 1015 255 1070 ἀλλὰ
291 1016 646 1086 διακονῆσαι,
696 1017 793 1069 καὶ
834 1016 1019 1069 δοῦναι
1072 1018 1167 1086 τὴν
1218 1014 1399 1085 ψυχὴν
1448 1014 1615 1067 αὑτοῦ
1647 1013 1737 1065 λύ-

109 1125 247 1177 τρον
307 1110 437 1161 ἀντὶ
490 1109 721 1163 πολλῶν.
764 1130 781 1160 ι
836 1111 964 1163 Ὅτε
1014 1105 1152 1161 εἶδον
1191 1110 1237 1160 οἱ
1288 1109 1423 1161 δέκα
1472 1108 1600 1171 τοὺς
1643 1106 1739 1159 δύο

109 1202 560 1270 ἐπιτιμηθέντας
610 1205 761 1271 παρὰ
805 1201 899 1254 τοῦ
942 1200 1207 1271 Χριστοῦ,
1271 1202 1395 1254 τότε
1446 1202 1541 1253 καὶ
1581 1199 1739 1252 αὐτοὶ

108 1294 523 1360 ἀγανακτοῦσι,
560 1297 654 1348 καὶ
679 1288 889 1359 ἔδειξεν
920 1295 1002 1347 ὅτι
1040 1296 1132 1348 καὶ
1168 1296 1512 1366 προήχθο-ιτο
1548 1295 1641 1347 ἐπὶ
1670 1294 1736 1363 τῇ

104 1386 327 1437 τούτων
384 1388 543 1457 τιμῇ.
594 1388 715 1438 Ἰ-Στι
750 1388 856 1458 γὰρ
908 1383 1049 1459 ἦσαν
1090 1389 1327 1451 ἀτελεῖς·
1389 1390 1440 1443 οἱ
1490 1389 1737 1460 μὲνγὰρ

105 1476 593 1542 κατεξανέσταντο
622 1480 733 1532 τῶν
765 1479 919 1533 δέκα’
959 1482 1010 1534 oi
1040 1482 1096 1534 δὲ
1161 1482 1423 1551 ὲφθὸνουν
1460 1485 1573 1545 τοῖς
1618 1482 1734 1536 δύο.

118 1570 281 1623 Ἐπεὶ
322 1569 422 1622 οὖν
458 1572 508 1622 οἱ
538 1571 672 1625 δέκα
712 1571 1051 1637 ἀκούσαντες
1083 1573 1525 1644 ἐθορυϐήθησαν,
1563 1587 1737 1642 προσ-

105 1664 377 1716 καλεῖται
424 1666 649 1731 αὐτοὺς,
696 1668 762 1737 τῇ
796 1667 991 1736 κλήσει
1021 1668 1129 1738 πρὸ
1161 1668 1270 1720 τῶν
1304 1668 1482 1735 λόγων
1535 1670 1602 1719 αὑ
1616 1668 1737 1731 τοὺς

105 1758 557 1827 καταπραΰνων.
600 1760 710 1812 Καὶ
746 1760 855 1830 γὰρ
895 1761 944 1813 οί
994 1761 1089 1814 τοῦ
1142 1761 1435 1815 Ζεϐεδαίου
1489 1762 1739 1832 ἀπορρα-

103 1848 306 1917 γέντες
339 1848 455 1901 τῶν
489 1848 689 1916 ἄλλων,
722 1851 967 1920 ὡμίλουν
996 1853 1166 1924 αὐτῷ’
1200 1855 1367 1907 πᾶσιν
1410 1852 1505 1907 οὖν
1542 1852 1738 1916 κοινῶς

1852 648 2011 693 ceant
2042 640 2092 692 in
2125 653 2239 694 eas.
2277 638 2393 694 Non
2429 640 2499 693 ita
2530 638 2631 694 erit
2666 640 2808 693 inter
2841 653 2958 706 vos,
3002 632 3099 721 sed
3145 644 3461 713 quicunque

1848 731 2085 785 voluerit
2126 732 2268 785 inter
2316 747 2413 787 vos
2450 748 2680 803 magnus
2730 734 2869 797 fieri,
2907 734 3013 788 erit
3062 745 3248 791 vester
3296 737 3460 792 mini-

1849 832 1965 877 ster
1994 843 2006 877 :
2042 832 2095 878 et
2127 824 2220 893 qui
2252 825 2485 880 voluerit
2517 825 2658 879 inter
2678 841 2787 881 vos
2820 828 3030 895 primus
3058 842 3203 893 esse,
3232 828 3339 883 erit
3368 846 3462 884 ve-

1846 925 1961 971 ster
2005 931 2202 971 servus
2236 933 2251 971 :
2282 918 2426 972 sicut
2459 916 2631 971 Filius
2670 918 2909 973 hominis
2940 933 3048 973 nou
3077 919 3227 975 venit
3269 929 3325 973 ut
3356 920 3460 975 sibi

1848 1009 2275 1073 ministraretur,
2309 1011 2404 1064 sed
2439 1021 2499 1065 ut
2542 1012 2657 1081 ipse
2692 1012 3052 1079 ministraret,
3103 1023 3270 1081 atque
3304 1015 3463 1068 daret

1846 1100 2087 1154 animam
2110 1116 2264 1155 suam
2302 1102 2730 1173 redemptionem
2755 1120 2853 1174 pro
2873 1106 3080 1160 multis.
3111 1126 3128 1158 ι
3170 1107 3273 1164 Ubi
3309 1109 3460 1161 vidi--

1848 1205 1967 1247 runt
2004 1196 2189 1248 decem
2224 1196 2359 1251 duos
2388 1196 2509 1251 illus
2538 1212 2566 1249 a
2599 1198 2820 1253 Christo
2854 1199 3189 1267 iintrepatos,
3235 1210 3363 1254 tunc
3398 1209 3452 1254 et

1844 1287 1944 1355 ipsi
1982 1287 2247 1355 indignati
2282 1299 2435 1353 sunt,
2463 1297 2517 1343 et
2566 1295 2927 1343 ostenderunt
2956 1306 3014 1343 se
3042 1300 3350 1346 commotos
3380 1294 3452 1348 ob

1844 1382 2073 1435 istorum
2125 1380 2413 1436 honorem.
2457 1384 2651 1438 Adhuc
2704 1384 2853 1437 enim
2903 1397 3058 1437 erant
3093 1386 3399 1454 imperfecti
3439 1404 3455 1440 :

1844 1490 1967 1528 nam
2000 1474 2075 1527 illi
2113 1476 2375 1530 adversus
2409 1478 2596 1531 decem
2634 1478 3012 1553 insurgebat”,
3058 1479 3110 1532 hi
3154 1494 3285 1533 vero
3318 1479 3457 1534 dun-

1844 1566 1944 1621 bus
1975 1566 2313 1621 invidebant.
2369 1567 2665 1639 Postquam
2712 1570 2877 1638 igitur
2905 1571 3095 1624 ἀρετ-ιιι
3140 1570 3225 1626 his
3257 1571 3463 1625 auditis

1844 1658 2047 1712 turbati
2098 1658 2340 1725 fuerunt,
2375 1660 2605 1716 arcessit
2651 1660 2795 1726 illos,
2840 1662 3128 1716 voealione
3173 1672 3303 1718 ante
3343 1678 3464 1719 ser-

1845 1769 2064 1809 monem
2097 1770 2193 1810 eos
2235 1754 2576 1808 demulcens.
2624 1752 2843 1807 Etenim
2875 1753 2968 1807 lilii
3002 1754 3253 1811 Zehedali
3283 1756 3462 1811 avulsi

1843 1849 1910 1903 ab
1944 1849 2067 1904 aliis
2100 1850 2577 1903 conversabantur
2610 1862 2735 1901 cum
2789 1847 2927 1917 ipso.
2962 1846 3231 1904 Omnibus
3275 1850 3462 1921 itaque

104 1940 325 2010 ὁμιλεῖ.
374 1941 547 2006 Εἰδὼς
601 1945 709 2015 γὰρ
758 1946 1087 2014 τυραννικὸν
1130 1946 1192 2000 τὸ
1241 1946 1608 2017 φιλόπρωτον,
1644 1946 1729 1999 xal

1845 1941 2006 1998 simul
2036 1942 2300 2011 loquitur.
2329 1940 2522 1997 Sciens
2548 1942 2695 1997 enim
2742 1955 2907 2009 quam
2941 1941 3013 1995 sit
3062 1944 3372 2013 tyrannica,
3404 1953 3460 2001 et

109 2040 499 2111 σςοδροτέρας
560 2039 819 2108 δεόμενον
899 2038 1139 2108 πληγῆς,
1201 2039 1503 2111 βαθύτερον
1554 2039 1736 2095 αὐτῶν

109 2132 471 2187 καθικνεῖται
502 2136 581 2195 είς
603 2134 704 2201 τὴν
735 2133 847 2186 τῶν
874 2133 1107 2185 ἐθνικῶν
1136 2134 1235 2187 καὶ
1261 2136 1511 2188 ἀπίστων
1535 2140 1736 2206 μοῖραν

110 2224 315 2287 αὐτοὺς
345 2225 741 2297 ἀπορρίπτων,
762 2226 811 2275 εί
838 2224 1135 2291 φιλοδοξεῖν
1162 2226 1388 2279 θέλοιεν.
1421 2227 1530 2279 Καὶ
1561 2226 1736 2292 οὔτως

110 2316 315 2379 αὐτοὺς
356 2317 654 2386 ἐντρέπει,
696 2318 949 2385 φάσκων·
990 2319 1054 2370 Oi
1087 2318 1188 2388 μὲν
1228 2319 1377 2371 ἄλλοι
1428 2318 1731 2391 ἄνθρωποι,

110 2409 246 2465 διότι
296 2411 569 2480 ἄρχουσι,
630 2409 1096 2481 λαμπρύνονται·
1172 2413 1266 2465 καὶ
1316 2415 1377 2466 τὸ
1428 2416 1559 2485 ὲρᾷν
1625 2415 1735 2466 τῶν

112 2502 430 2571 πρωτείων,
467 2501 583 2553 τῶν
623 2502 859 2556 ἐθνικῶν
886 2505 1004 2556 ἐστι
1042 2505 1237 2568 πάθος·
1280 2509 1325 2558 οί
1356 2507 1415 2559 δὲ
1468 2508 1592 2575 ἐμοὶ
1629 2528 1735 2577 μλ-

113 2596 290 2667 θηταὶ,
324 2596 443 2650 ἀπὸ
472 2596 867 2660 ταπεινώσεως
914 2598 1203 2668 τιμῶνταιν
1240 2600 1381 2652 ὥστε
1416 2603 1510 2652 καὶ
1544 2604 1571 2653 6
1616 2601 1734 2670 μεί-

115 2685 216 2749 ζων
245 2685 430 2739 θέλων
466 2682 638 2753 εἶναι,
672 2686 881 2755 ὀφείλει
932 2689 1203 2742 διακονεῖν
1251 2694 1363 2753 τοῖς
1408 2692 1699 2744 ὑποδεεστέ

117 2794 245 2846 ρας.
278 2780 429 2849 ὅπερ
460 2780 563 2849 τῆς
594 2778 774 2851 ἄκρας
813 2782 930 2833 ἐστὶ
946 2783 1355 2846 ταπεινώσεως.
1393 2785 1481 2837 Ἐν
1510 2786 1733 2856 ἐμαυτῴ

113 2873 165 2926 δὲ
185 2873 351 2927 τοῦτο
382 2874 669 2943 δείκνυμι,
698 2874 756 2937 ὃς
786 2875 974 2947 ἄρχων
1014 2876 1091 2928 ὢν
1119 2879 1211 2930 καὶ
1243 2878 1501 2947 βασιλεὺς
1531 2898 1561 2932 τ
1612 2898 1641 2931 ν
1676 2883 1733 2933 ὲν

116 2964 386 3033 οὐρανοῖς,
421 2964 777 3021 έταπείνωσα
810 2966 1069 3035 ἐμαυτὸν,
1102 2970 1445 3041 διακονήσων
1490 2971 1621 3040 ὑμῖν
1652 2974 1732 3035 εἰς

116 3056 206 3129 τὴν
235 3058 533 3129 σωτηρίαν
557 3073 574 3087 ⁸
618 3058 714 3111 καὶ
745 3059 1004 3113 τοσοῦτον
1044 3061 1354 3117 δουλεύσων
1400 3065 1554 3134 ὑμῖν,
1588 3066 1730 3120 ὥστε

119 3150 205 3201 καὶ
231 3150 333 3221 τὴν
361 3149 554 3219 ψυχὴν
582 3148 767 3209 δοῦναι
797 3149 993 3220 λύτρον
1024 3153 1149 3206 ἀντὶ
1183 3155 1418 3221 πολλῶν,
1457 3158 1729 3223 τουτέστι,

120 3242 354 3296 πάντων·
400 3245 454 3295 οἱ
480 3243 595 3314 γὰρ
623 3242 849 3309 πάντες,
879 3244 1085 3302 πολλοί.

184 3440 202 3474 ι
242 3423 356 3479 Καὶ
411 3423 885 3493 ἐκπορευομένων
916 3426 1095 3482 αὐτῶν
1146 3429 1257 3482 ἀπὸ
1321 3432 1553 3502 Ἰεριχὼ,
1593 3434 1727 3501 ἠκο-

121 3514 375 3587 ὶούθησεν
426 3518 591 3589 αὺτῷ
630 3518 788 3588 ὄχλος
839 3521 1025 3584 πολύς.
1076 3524 1185 3575 Καὶ
1226 3524 1336 3577 ἰδοὺ
1394 3527 1488 3578 δύο
1535 3530 1729 3597 τυφλοὶ

123 3609 415 3681 ιαθήμενοι
468 3612 630 3682 παρὰ
674 3611 775 3683 τὴν
814 3612 953 3677 ὁδὸν,
993 3614 1331 3681 ἀκούσαντες
1377 3620 1459 3672 ὃτι
1519 3619 1728 3688 Ἰησοῦς

122 3704 371 3774 παράγει,
408 3703 660 3776 ἔκραξαν
706 3706 983 3773 λέγοντεςο
1023 3709 1283 3780 Ἐλέησον
1325 3712 1499 3780 ἡμᾶς,
1529 3712 1726 3782 Κύριε,

121 3795 221 3860 υίὸς
263 3797 459 3850 Δαυῖδ.
507 3796 569 3850 Ὀ
597 3798 656 3851 δὲ
698 3798 855 3868 ὄχλος
900 3801 1236 3873 ἐπετίμησεν
1258 3804 1444 3867 αὐτοῖς
1483 3805 1567 3857 ἶνα
1597 3823 1727 3857 σιω-

122 3890 384 3957 πήσωσιν.
419 3890 488 3943 0i
519 3889 577 3942 δὲ
619 3891 808 3961 μεῖζον
854 3892 1110 3961 ἔκραζον,
1140 3894 1416 3963 λέγοντες·
1469 3897 1727 3967 Ἐλέησον

122 3980 280 4051 ἡμᾶς,
310 3981 523 4053 Κύριε,
564 3982 677 4043 υίὸς
707 3983 895 4040 Δαυῖδ.
922 3985 1035 4037 Καὶ
1053 3987 1185 4049 στὰς
1210 3989 1238 4039 6
1276 3989 1482 4059 Ἰησοῦς
1510 3991 1726 4060 ἐφώνη-

124 4089 201 4126 σεν
226 4076 456 4141 αὐτοὺς,
485 4075 585 4127 καλ⁸
624 4072 771 4129 εἶπεν
811 4076 877 4129 Τί
919 4078 1103 4133 θέλετε
1149 4083 1363 4150 ποιήσω
1416 4083 1544 4151 ὑμῖν
1573 4100 1587 4145 ;
1619 4084 1725 4136 Λέ-

124 4182 292 4229 γουσιν
317 4166 499 4238 αὐτῷ·
538 4167 735 4242 Κύριε,
777 4170 863 4223 ἵνα
890 4172 1217 4243 ἀνοιχθῶσιν
1253 4175 1411 4246 ήμῶν
1445 4178 1496 4228 oi
1524 4177 1725 4246 ὀφθαλ-

124 4258 222 4325 μοί.
266 4260 719 4331 Σπλαγχνισθεὶς
747 4263 805 4316 δὲ
841 4266 868 4317 6
913 4266 1144 4335 Ἰησοῦς,
1173 4267 1353 4341 ἥψατο
1387 4270 1493 4324 τῶν
1521 4271 1725 4339 ὀρθαὶ.-

125 4350 226 4418 tuin
252 4353 468 4420 αὐτῶν,
502 4356 601 4407 καὶ
631 4355 834 4418 εὐθέως
885 4359 1189 4431 ἀνέϐλεψαν
1225 4362 1409 4415 αὐτῶν
1442 4365 1490 4417 οἱ
1524 4365 1727 4433 ὀθρθαλο

126 4446 227 4510 μοι,
255 4449 357 4500 καὶ
396 4448 787 4521 ἠκολούθησαν
823 4451 994 4524 αὐτῷ.
1056 4472 1073 4504 ι
1145 4455 1277 4507 Ἀπὸ
1319 4457 1416 4526 τῆς
1454 4460 1643 4528 φήμης
1678 4460 1727 4513 oi

124 4540 301 4607 τυφλοὶ
349 4542 585 4608 γνόντες
638 4543 728 4598 τὸν
780 4543 1007 4616 Κύριον,
1048 4547 1343 4617 ἐδράξαντο
1373 4551 1463 4602 τοῦ
1503 4552 1723 4617 καιροῦ,
1756 4570 1781 4577 ί

1841 2036 1990 2106 gravi
2028 2036 2267 2105 indigeat
2300 2034 2745 2104 reprehensionis
2773 2039 2954 2105 plaga,
2995 2036 3242 2103 ambitio,
3274 2039 3458 2096 acrius

1839 2144 1935 2184 eos
1964 2128 2312 2199 perstringit,
2346 2137 2400 2181 et
2446 2125 2632 2194 abjicit
2666 2141 2763 2181 eos
2814 2127 2865 2181 in
2900 2127 3203 2183 inlldelium
3232 2140 3288 2183 et
3319 2144 3457 2199 gen-

1842 2222 2015 2276 tilium
2045 2221 2379 2290 portionem,
2414 2218 2634 2283 siinani
2659 2219 2845 2289 gloria:
2872 2222 3100 2276 studere
3131 2223 3407 2283 voluerint
3436 2242 3450 2277 :

1839 2324 1893 2367 et
1928 2314 2009 2367 sic
2052 2328 2147 2367 eos
2182 2315 2539 2379 adhortatur,
2579 2312 2767 2365 dicens
2803 2328 2821 2366 :
2865 2313 2966 2367 Alii
3001 2316 3220 2383 quidem
3280 2317 3459 2372 homi-

1842 2423 1960 2473 nes,
1995 2407 2121 2476 quia
2164 2415 2377 2473 regunt,
2425 2406 2556 2459 clari
2593 2417 2720 2460 sunt
2755 2424 2768 2459 :
2805 2416 2860 2461 et
2905 2422 3096 2463 amare
3128 2410 3454 2479 primatum,

1839 2501 2122 2569 gentilium
2150 2509 2233 2555 est
2263 2499 2519 2565 alTectio;
2555 2514 2704 2553 meos
2734 2511 2915 2553 autem
2950 2501 3249 2572 discipulos
3274 2505 3457 2559 humi.

1841 2596 1962 2647 liias
1996 2594 2372 2657 commendat,
2404 2602 2459 2647 et
2498 2592 2851 2647 honorabiles
2882 2594 3016 2649 facit
3046 2614 3059 2649 :
3106 2606 3272 2666 atque
3319 2600 3458 2652 adeo

1839 2688 1928 2757 qui
1961 2688 2139 2757 major
2164 2701 2290 2741 esse
2317 2686 2572 2750 voluerit,
2606 2686 2789 2752 debet,
2829 2687 2915 2743 his
2945 2688 3035 2754 qui
3059 2704 3200 2757 opus
3230 2690 3453 2756 habent,

1842 2782 2183 2846 ministrare,
2243 2780 2296 2833 id
2340 2781 2483 2850 quod
2534 2782 2825 2849 prmeipna:
2877 2782 3209 2838 humilitatis
3243 2796 3350 2851 est,
3397 2796 3455 2840 et

1846 2894 1947 2929 nuc
1976 2878 2029 2931 in
2068 2874 2279 2939 meipso
2309 2873 2540 2928 ostendo
2569 2890 2583 2926 :
2624 2887 2747 2926 eum
2779 2875 2925 2929 enim
2954 2876 3057 2929 sim
3096 2878 3355 2948 princeps
3400 2887 3456 2935 et

1846 2991 1935 3027 rex
1975 2976 2308 3038 ccclestium,
2346 2973 2629 3026 humiliavi
2662 2972 3067 3042 menietipsum,
3101 2973 3176 3025 ita
3212 2982 3271 3027 nt
3300 2975 3455 3028 vobis

1845 3067 2150 3119 ministrent
2198 3064 2264 3118 ad
2299 3065 2566 3128 Salutem;
2610 3063 2775 3134 108
2822 3074 2877 3116 et
2926 3063 2980 3115 in
3032 3071 3245 3117 tantum
3288 3062 3453 3117 mini-

1841 3170 2008 3214 sti-em
2036 3160 2212 3223 vobis,
2238 3168 2294 3211 ut
2319 3166 2373 3211 et
2401 3158 2639 3210 animam
2666 3148 2848 3210 meam
2883 3170 3081 3223 ponam
3121 3157 3457 3226 redemptio-

1844 3269 1966 3305 ueni
2012 3268 2110 3321 pro
2160 3247 2365 3319 multis,
2422 3254 2524 3305 hoc
2561 3248 2647 3305 est
2695 3251 2955 3308 omnibus
3011 3268 3024 3304 :
3067 3265 3261 3305 omnes
3302 3254 3451 3306 enim

1843 3344 2023 3399 multi.

1912 3436 2078 3493 Vens.
2120 3437 2313 3492 29-34.
2354 3458 2371 3489 ι
2419 3437 2483 3493 Ει
2520 3439 2931 3510 egredientibus
2962 3439 3126 3494 illisa
3167 3439 3452 3507 llieriebo,

1834 3547 2019 3586 scema
2057 3544 2141 3585 est
2182 3548 2306 3584 eum
2344 3536 2500 3587 tui-lia
2544 3532 2734 3586 multa.
2780 3532 2848 3586 Et
2888 3547 3017 3587 ecce
3056 3533 3164 3588 duo
3196 3534 3326 3588 eieci
3364 3548 3453 3589 se-

1834 3625 2024 3679 dentes
2052 3639 2212 3680 secus
2241 3624 2385 3677 viam
2438 3640 2560 3678 cuin
2586 3626 2867 3680 audissent
2898 3628 3044 3695 quod
3078 3624 3241 3683 Jesus
3273 3638 3454 3682 trans~

1837 3723 1963 3787 iret,
2016 3720 2395 3775 clamavernnt
2443 3722 2723 3777 dicentes:
2778 3720 3045 3777 Miserere
3078 3724 3278 3788 nostri,
3342 3723 3451 3780 Do-

1835 3816 2001 3880 mine,
2043 3814 2118 3868 [ili
2169 3814 2360 3869 David.
2406 3817 2593 3870 Turba
2650 3825 2835 3872 autem
2876 3817 3204 3887 increpabat
3243 3834 3341 3873 eos
3391 3830 3451 3874 ut

1835 3918 2104 3962 tacerent.
2146 3909 2218 3962 At
2262 3909 2338 3963 illi
2376 3909 2551 3977 magis
2579 3908 2914 3973 clamabant,
2945 3911 3193 3968 dicentes
3232 3930 3246 3968 :
3283 3912 3446 3969 Mise-

1833 4016 1956 4055 rere
1987 4001 2182 4067 nostri,
2236 4002 2484 4069 Domine,
2520 4002 2591 4056 fili
2636 4002 2828 4058 David.
2860 4004 2928 4058 Et
2972 4006 3127 4059 stetit
3166 4005 3347 4073 Jesus,
3380 4022 3447 4062 ac

1832 4096 2049 4149 vocavit
2099 4110 2219 4160 eos,
2267 4106 2323 4150 et
2352 4098 2471 4151 ait:
2506 4096 2649 4163 Quid
2694 4082 2859 4152 vultis
2898 4108 2958 4150 ut
3004 4097 3200 4153 faciam
3245 4102 3446 4156 vobis?

1833 4182 2033 4241 Dicunt
2082 4184 2163 4240 illi
2202 4187 2498 4251 :Domine,
2555 4197 2615 4240 ut
2672 4187 2995 4257 aperiantur
3043 4190 3187 4244 oculi
3244 4193 3443 4249 nostri.

1831 4280 2089 4337 Misenus
2126 4292 2309 4337 autem
2352 4299 2542 4338 eorum
2572 4282 2755 4350 Jesus,
2796 4284 2973 4355 tetigit
3008 4287 3197 4341 oculos
3229 4305 3447 4357 eorum,

1831 4383 1887 4427 et
1941 4374 2231 4429 confestim
2290 4376 2470 4431 visum
2532 4366 3054 4447 receperuntLOculi
3100 4383 3343 4451 illorum,
3392 4397 3449 4441 et

1831 4468 2004 4521 secuti
2054 4476 2181 4521 sunt
2224 4482 2375 4526 eum.
2418 4489 2435 4522 ι
2490 4469 2657 4523 Fama
2696 4486 3035 4541 agnoverant
3068 4478 3197 4531 caeci
3255 4478 3446 4534 Domi-

1834 4575 1985 4627 num,
2026 4571 2077 4614 et
2111 4563 2487 4617 observabant
2537 4576 2753 4636 tempus
2802 4584 2926 4622 cum
2979 4572 3267 4627 audissent
3299 4575 3445 4642 quod

124 4628 455 4696 ἀκούσαντες
497 4633 616 4721 ,μὲν
656 4635 739 4687 ὅτι
776 4637 1116 4708 παρέρχεται
1154 4641 1254 4710 τὴν
1304 4640 1423 4693 ὀδόν
1456 4658 1470 4674 ο
1499 4644 1723 4695 πιστεύ-

1840 4653 2162 4717 ιπιιιιετὶγει.
2205 4653 2575 4711 Crediderunt
2620 4672 2803 4714 autem
2834 4661 2978 4730 quod
3028 4659 3190 4718 Jesus
3216 4666 3332 4735 (qui
3378 4681 3444 4721 ex

127 4738 299 4789 σαντες
322 4726 407 4792 δὲ,
436 4726 521 4778 ὅτι
561 4726 775 4796 Ἰησοῦς
803 4732 830 4781 ὁ
864 4731 929 4781 ὲκ
953 4732 1265 4803 σπέρματος
1298 4734 1464 4788 Δαυτδ
1496 4738 1557 4790 τὸ
1579 4741 1721 4790 κατὰ

130 4816 311 4887 σάρκα,
342 4819 584 4882 δυνατὸς
637 4815 705 4891 ἦν
736 4822 1083 4893 θεραπεῦσαι
1117 4829 1338 4893 αὐτοὺς,
1378 4831 1454 4894 ὡς
1500 4832 1558 4887 δὲ
1582 4833 1723 4901 ἄγαν

130 4905 308 4981 θερμοὶ
343 4914 486 4983 περὶ
514 4912 616 4988 τὴν
650 4915 859 4981 πίστιν,
890 4918 1011 4971 οὐδὲ
1039 4920 1523 4993 έπιστομιζόμενοι
1555 4926 1718 4979 ὲσιώ-

128 5017 247 5067 παν,
300 5006 450 5059 ἀλλὰ
496 5010 595 5061 καὶ
644 5009 817 5064 πλείω
866 5009 1122 5081 ἔκραζον.
1164 5015 1329 5069 Ὅθεν
1372 5018 1495 5071 οὐδὲ
1538 5020 1719 5093 ἐρωτᾷ

129 5097 305 5164 αὐτοὺς
330 5104 381 5153 εί
421 5101 613 5153 πίστιν
642 5101 879 5171 ἔχουσιν,
922 5104 1062 5157 ἀλλὰ
1102 5106 1156 5159 τί
1199 5106 1467 5175 θέλουσιν,
1522 5111 1609 5166 ἵνα
1644 5115 1717 5183 μή

128 5203 199 5252 τις
228 5192 433 5265 νομίσῃ
469 5193 557 5245 ὅτι
588 5193 723 5246 ἄλλα
771 5192 1118 5265 βουλομένοις
1185 5198 1322 5254 ἄλλα
1364 5202 1571 5255 δίδωσι.
1607 5206 1720 5255 Δεί-

131 5300 296 5339 κνυσιν
323 5284 425 5340 οὖν
450 5288 538 5339 ὅτι
564 5287 664 5357 οὐχ
686 5288 878 5345 ἕνεκεν
907 5290 1001 5343 τοῦ
1019 5290 1203 5343 λαϐεῖν
1227 5294 1491 5364 ἀργύριον
1520 5296 1715 5360 ἐϐόων,

267 5381 361 5434 τοῦ
413 5380 660 5451 ἰαθῆναι.
695 5382 1005 5451 Ἀψάμενος
1043 5384 1100 5437 δὲ
1135 5385 1452 5457 θεραπεύει,
1491 5388 1577 5441 ἵνα
1608 5391 1717 5459 μά-

135 5470 308 5542 θωμεν,
335 5478 424 5528 ὅτι
450 5478 564 5527 πᾶν
599 5476 763 5544 μέλος
794 5478 895 5547 τῆς
927 5480 1090 5546 ἁγίας
1120 5481 1286 5534 αὑτοῦ
1319 5468 1545 5556 σαρκὸς,
1580 5487 1715 5551 ζωο-

137 5570 260 5620 τπιδν
315 5572 415 5622 καὶ
468 5568 610 5621 Θεοῦ
674 5569 839 5639 μέλος
889 5569 980 5641 ἦν.
1027 5572 1091 5625 El
1144 5573 1201 5626 δὲ
1233 5577 1261 5628 6
1303 5578 1520 5641 Λουκᾶς
1564 5579 1659 5631 καὶ
1691 5581 1719 5631 6

136 5654 330 5726 Μάρκος
356 5661 459 5713 ἕνα
490 5661 717 5727 λέγουσι
754 5663 844 5714 τὸν
873 5664 1097 5731 τυφλὸν,
1127 5664 1282 5719 οὐδὲν
1310 5667 1470 5721 τοῦτο
1508 5670 1717 5739 διαφω-

138 5752 214 5803 νείο
267 5758 473 5809 ἐκεῖνοι
532 5756 647 5829 γὰρ
701 5756 795 5809 τοῦ
850 5760 1284 5833 ἐπιφανεστέρου
1336 5765 1715 5837 ἐμνήσθησαν.

195 5938 231 5967 ³⁸
250 5939 376 5995 Lur.
414 5953 577 5999 xuii,
606 5935 800 5991 Matth.
840 5954 890 5993 Χ.

1832 4744 2043 4799 semine
2068 4744 2233 4799 David
2260 4750 2559 4824 secundum
2585 4754 2829 4822 carnem)
2860 4764 3043 4822 posset
3068 4770 3265 4811 curare
3296 4757 3440 4812 illos.

1833 4838 1896 4895 Et
1929 4838 2089 4903 plane
2122 4840 2349 4895 multum
2382 4841 2669 4898 fervebant
2716 4845 2844 4911 lide,
2880 4862 3056 4918 neque
3092 4850 3221 4905 dum
3261 4860 3445 4907 tacere

1826 4929 2175 5000 iuberentur,
2220 4934 2483 4999 silebant,
2521 4938 2615 4991 sed
2649 4940 2807 5008 longe
2834 4942 3069 5010 amplius
3100 4942 3440 5001 clamabant.

1838 5023 1991 5079 Unde
2023 5041 2129 5079 non
2182 5028 2538 5097 interrogavit
2573 5030 2692 5083 illos
2747 5049 2814 5085 an
2860 5033 3018 5087 tidem
3054 5036 3312 5103 habeant,
3347 5040 3445 5094 sed

1830 5118 1958 5186 quid
1990 5118 2189 5171 vellent
2225 5138 2235 5172 :
2289 5134 2355 5173 ne
2389 5122 2508 5189 quis
2548 5124 2833 5179 existimet
2863 5126 3009 5195 quod
3052 5127 3158 5181 alia
3204 5130 3299 5184 det
3333 5132 3439 5186 alia

1831 5210 2160 5265 volentibus.
2191 5211 2506 5269 Monstrans
2534 5216 2698 5286 igitur
2728 5220 2872 5287 quod
2904 5236 3010 5275 non
3043 5223 3292 5291 pecuniae
3324 5242 3442 5294 gra-

1834 5303 1903 5356 tia
1937 5306 2001 5357 ad
2037 5322 2095 5359 se
2127 5306 2441 5373 clamarint,
2475 5312 2569 5364 sed
2602 5322 2659 5363 ut
2696 5324 2983 5376 curentur,
3034 5325 3211 5371 tactos
3240 5329 3437 5387 curat,

1832 5406 1889 5447 ut
1916 5398 2192 5453 discamus
2235 5401 2415 5460 omnia
2445 5418 2556 5456 sua:
2585 5416 2787 5460 sanctae
2821 5410 3005 5464 carnis
3050 5414 3321 5481 membra,
3358 5416 3436 5471 νῖν

1830 5489 1982 5542 viflea
2028 5501 2080 5545 et
2117 5492 2209 5547 Dei
2262 5496 2504 5550 membra
2554 5512 2697 5553 esse.
2748 5501 2902 5566 Quod
2940 5512 3121 5559 autem
3176 5507 3351 5563 Lucas
3383 5522 3441 5565 et

1830 5582 2050 5637 Marcus
2084 5600 2250 5638 unum
2303 5588 2493 5641 dicunt
2540 5605 2748 5646 caecum
2808 5592 3000 5662 fuisse,
3065 5614 3172 5653 non
3225 5602 3294 5654 ab
3354 5603 3439 5659 his

1832 5676 2164 5729 dissonat“.
2212 5678 2291 5732 llli
2340 5682 2485 5735 enim
2534 5683 2855 5756 insignioris
2908 5693 3241 5747 mentionem
3292 5696 3439 5751 fece-

1829 5779 1977 5824 runt.
2020 5771 2115 5827 Vel
2144 5772 2323 5843 aliter,
2358 5774 2532 5830 Lucas
2557 5777 2691 5833 dicit
2720 5784 2866 5854 quod
2892 5794 3191 5859 antequam
3224 5792 3439 5857 veniret
