4004 6424
135 427 238 486 ἒϐἹ

799 411 1240 474 ΕΝΑΒΠΑΤΙΟ
1281 410 1364 470 ΙΝ
1403 408 1730 469 EVANGEI

1850 408 1903 466 Μ
1940 404 2322 467 ΜΑΤΤΗΕΙ.
2363 430 2432 440 -
2470 403 2629 465 CAP.
2670 401 2825 463 XXI.

3320 401 3427 464 870

134 538 326 604 ἱμάτια
359 530 567 594 αὐτῶν,
598 529 690 582 καὶ
720 526 972 580 ἐκάθισεν
1005 517 1191 577 ἐπάνω
1223 521 1421 574 αὐτῶν.
1467 541 1485 572 ι
1539 523 1596 572 Ὀ
1631 518 1729 585 μὲν

1841 530 1884 572 ιιι
1921 519 2258 574 collocarunt
2293 531 2414 573 eum
2463 530 2625 586 super
2670 514 2783 569 illa.
2830 531 2847 564 ι
2888 513 3063 567 Lucas
3113 512 3330 581 quidem
3367 523 3422 566 et

132 630 351 689 Λουκᾶς
381 624 483 678 καὶ
515 627 543 676 6
573 622 800 690 Μάρκος
839 617 1128 683 ὑποζύγιον
1174 614 1332 684 μόνον
1366 609 1539 666 εἶπον.
1576 613 1728 664 Ματ-

131 723 278 780 θιῖος
300 720 359 770 δὲ
384 717 511 769 ὖνον
551 714 648 766 καὶ
678 711 875 774 πῶλον,
908 710 1010 762 οὐκ
1055 707 1273 760 ἐναντία
1298 705 1569 772 λέγοντες·
1600 705 1731 770 ἀγο-

133 815 278 882 μένῳ
306 811 420 878 γάρ
443 809 523 879 τῷ
549 807 712 876 πώλῳ
728 801 1111 872 συνηκολούθει
1133 801 1272 869 καὶὴ
1301 800 1504 868 μήτηρ.
1538 795 1732 850 Ἐκάθ-

133 921 210 956 ισε
243 902 303 955 δὲ
338 902 529 954 ἐπάνω
559 897 757 958 αὐτῶν,
791 895 911 964 οὐχὶ
946 893 1052 945 τῶν
1088 892 1182 944 δύο
1213 890 1550 958 ὑποζυγίων,
1587 889 1726 942 ἀλλὰ

125 996 235 1049 τῶν
281 993 545 1062 ἱματίων·
577 990 609 1060 ἢ
644 988 859 1059 πρῶτον
901 987 997 1054 μὲν
1032 983 1288 1037 ἐκάθισεν
1321 984 1414 1034 ἐπὶ
1449 981 1547 1050 τῆς
1580 980 1726 1044 ὄνου,

127 1085 246 1141 εἶτα
300 1088 398 1140 καὶ
444 1086 539 1138 ἰπὶ
583 1081 676 1136 τοῦ
732 1079 933 1133 πώλου.
989 1077 1143 1131 Ἐπεὶ
1173 1077 1268 1130 καὶ
1309 1076 1524 1145 πρῶτον
1560 1075 1716 1126 ἐπαν-

123 1180 415 1236 επαύσατο
447 1183 514 1249 τῇ
545 1176 655 1231 τῶν
701 1173 972 1228 Ἰουδαίων
1024 1171 1353 1240 συναγωγῇ,
1408 1164 1529 1221 εἶτα
1562 1165 1640 1235 τῷ
1669 1164 1728 1229 ἐξ

121 1269 298 1324 ἐθνῶν
330 1267 473 1336 λαῷ.

203 1385 222 1416 ι
269 1365 333 1416 '0
359 1364 416 1416 δὲ
441 1360 694 1418 πλεῖστος
725 1356 881 1425 ὄχλος
911 1354 1191 1422 ἔστρωσαν
1218 1351 1401 1405 αὐτῶν
1434 1350 1503 1402 τὰ
1539 1350 1728 1418 ἱμάτια

121 1457 180 1507 ἐν
201 1457 268 1524 τῇ
296 1454 427 1520 ὀδῷ·
457 1450 606 1505 ἄλλοι
627 1448 683 1499 δὲ
707 1447 935 1498 ἔκοπτον
957 1443 1186 1505 κλάδους
1209 1442 1319 1494 άπδ
1341 1439 1449 1493 τῶν
1471 1439 1727 1510 δένδρων,

121 1546 222 1599 xxi.
249 1534 602 1615 ἐστρώννυον
635 1540 692 1589 έν
713 1539 779 1607 τῇ
813 1535 938 1605 ὁδῷ·
968 1536 1017 1588 oi
1050 1535 1107 1587 δὲ
1137 1534 1284 1603 δχλοι
1311 1534 1357 1586 oi
1391 1532 1728 1601 προάγοντες

119 1639 217 1689 καὶ
241 1635 295 1688 οί
325 1629 775 1691 ἀκολουθοῦντες,
801 1626 1032 1696 ἔκραζον
1057 1625 1307 1693 λέγοντες
1329 1640 1342 1653 ·
1390 1622 1622 1675 Ὡσαννά
1651 1620 1728 1687 τῷ

116 1727 225 1799 υἱῷ
257 1725 453 1779 Δαυῖδ·
492 1719 856 1790 εὐλογημένος
891 1720 919 1770 6
955 1717 1246 1788 ἐρχόμενος
1275 1717 1333 1768 ὲν
1361 1715 1588 1784 ὀνόματι
1617 1715 1729 1766 Κυ·

119 1821 266 1890 ρίου⁸
300 1815 529 1871 ὡσαννά
556 1815 739 1876 ἐντοῖς
765 1811 1036 1880 ὑψίστοις.
1079 1829 1097 1860 ι
1139 1809 1297 1862 Κατὰ
1331 1808 1428 1877 μὲν
1453 1806 1550 1877 τὴν
1581 1807 1727 1858 [στου

118 1913 267 1982 ρίαν,
289 1907 505 1979 πολλὴν
521 1906 685 1975 τιμὴν
712 1903 964 1972 ἐμφαίνει
989 1903 1020 1971 ή
1041 1901 1147 1953 τῶν
1177 1900 1409 1970 ἱματίων
1442 1898 1725 1967 ὑποστρω-

116 2019 228 2065 σις,
263 2000 371 2054 καὶ
403 1998 517 2050 τῶν
548 1995 756 2049 κλάδων
799 1997 831 2063 ή
867 1992 1027 2063 τομὴ,
1062 1990 1423 2060 πανηγύρεως
1458 1989 1682 2052 ἔνδειξις
1706 2004 1719 2017 ·

119 2094 266 2147 κατὰ
299 2093 365 2144 δὲ
409 2088 734 2157 ἀναγωγὴν,
779 2084 1017 2156 μάνθανε
1064 2085 1146 2138 ὅτι
1177 2082 1319 2152 μετὰ
1347 2081 1408 2134 τὸ
1455 2080 1726 2134 ἐπιθεῖναι

117 2189 244 2248 τοὺς
281 2180 629 2243 ἀποστόλους
659 2179 728 2232 τὰ
772 2177 964 2248 ἱμάτια
998 2175 1207 2238 αὐτῶν,
1242 2175 1361 2244 ἦτοι
1402 2175 1499 2236 τὰς
1525 2173 1726 2243 ἀρετὰς

117 2277 331 2338 αὐτῶν,
361 2276 488 2326 τότε
515 2270 852 2338 ἔπικάθηται
878 2270 904 2321 6
931 2267 1155 2338 Κύριος.
1186 2267 1248 2319 El
1280 2268 1388 2336 γὰρ
1419 2265 1490 2335 μὴ
1521 2265 1729 2316 καλλω-

120 2367 294 2436 πισθῇ
339 2366 376 2434 ἡ
415 2365 566 2434 ψυχῇ
600 2363 720 2423 ταῖς
765 2360 1151 2420 ἀποστολικαῖ;
1184 2358 1408 2428 ἀρεταῖς
1432 2397 1445 2421 ,
1492 2358 1592 2409 οὐκ
1633 2359 1730 2408 επ-

118 2462 335 2530 οχείται
371 2457 464 2509 ἐπὶ
490 2453 694 2524 ταύτης
723 2455 750 2506 6
779 2453 1010 2515 Θεός.οί
1039 2451 1094 2503 δὲ
1125 2449 1480 2522 προάγοντες,
1511 2449 1651 2500 εἰσιν
1680 2449 1728 2500 oi

267 2550 378 2616 τῆς
419 2547 517 2601 τοῦ
570 2545 808 2617 Χριστοῦ
852 2543 1182 2612 σαρκώσεως
1232 2543 1546 2613 προφῆται·
1585 2543 1632 2593 oi
1673 2540 1730 2593 δὲ

119 2640 583 2702 ἀκολουθοῦντες,
607 2640 655 2692 οἱ
689 2640 827 2708 μετὰ
850 2638 1018 2690 ταῦτα
1041 2637 1318 2706 μάρτυρες
1348 2636 1443 2688 καὶ
1470 2634 1729 2688 διδάσκα-

119 2738 222 2796 λοι,
276 2736 328 2788 οἶ
367 2734 439 2790 τὰ
487 2733 677 2800 ἱμάτια
713 2730 893 2783 αὐτῶν
936 2728 1303 2799 στρωννύουσι
1357 2728 1436 2796 τῷ
1483 2726 1728 2796 Χριστῷ,

122 2826 422 2888 τουτέστι,
488 2823 588 2891 τὴν
641 2821 824 2889 σάρκα
864 2819 1228 2873 ὑποτάσσουσι
1279 2817 1356 2888 τῷ
1416 2816 1727 2886 πνεύματι·

124 2922 347 2988 ἱμάτιον
401 2915 516 2985 γὰρ
555 2915 648 2967 καὶ
701 2913 967 2983 κάλυμμα
1024 2915 1123 2981 τῆς
1171 2912 1390 2981 ψυχῆς,
1442 2911 1502 2963 τὸ
1549 2911 1729 2980 σῶμα.

125 3011 460 3080 Ἕστρωσαν
490 3005 584 3059 οὖν
620 3009 676 3058 ὲν
710 3007 778 3076 τῇ
811 3003 934 3074 όδῷ,
968 3004 1215 3056 τουτέστι
1241 3045 1254 3064 ,
1295 3004 1352 3056 ἐν
1382 3003 1459 3072 τῷ
1488 3003 1728 3073 Χριστῷ.

132 3121 148 3154 ι
203 3099 351 3166 Ἐγὼ
383 3100 499 3168 γάρ
527 3099 646 3166 εἰμι
676 3098 708 3164 ή
738 3096 879 3157 ὁδὸς,
932 3113 949 3145 ι
991 3095 1178 3164 φησίν.
1228 3095 1356 3149 Ἐὰν
1397 3094 1504 3162 γὰρ
1539 3096 1611 3163 μή
1652 3112 1734 3159 τις

1834 613 2048 668 Marcus
2081 609 2420 679 subjugalem
2471 607 2643 662 solum
2687 607 2962 660 dixerunt.
3012 603 3293 658 Matthzrus
3329 620 3425 656 an-

1834 714 1942 760 tem
1989 706 2199 758 asinam
2251 714 2299 756 et
2335 700 2559 770 pullum.
2602 698 2716 754 Non
2754 699 3017 752 dixerunt
3063 697 3421 756 contrarium,

1831 798 2089 852 ducentes
2116 797 2256 850 enim
2288 793 2515 864 pullum,
2549 801 2732 845 secuta
2765 800 2848 844 est
2884 800 3076 842 mater.
3110 788 3426 842 Collocavc-

1833 903 1957 945 runt
1991 898 2170 942 autem
2196 902 2318 940 eum
2348 900 2508 952 super
2531 884 2620 938 illa
2649 901 2660 934 ε
2697 898 2801 935 non
2832 897 2994 948 super
3020 881 3421 954 duojnmenta.

1832 983 1926 1037 sed
1959 997 2123 1051 super
2159 989 2354 1033 vestes.
2401 979 2505 1030 Ant
2544 976 2779 1046 primum
2815 976 3032 1044 quidem
3085 973 3222 1026 smtit
3261 988 3426 1041 super

1833 1077 2062 1135 asinam,
2094 1082 2280 1141 postea
2312 1085 2476 1140 super
2503 1067 2706 1137 pullqu
2737 1089 2749 1122 :
2784 1068 2911 1137 quia
2943 1077 2994 1120 et
3027 1067 3260 1135 primum
3298 1065 3421 1133 qni-

1831 1169 1941 1223 evit
1979 1169 2032 1220 in
2063 1166 2374 1220 Judalorurn
2417 1162 2698 1232 Syuagoga
2723 1202 2736 1225 ,
2770 1162 2967 1215 deinde
3016 1161 3066 1213 iu
3104 1159 3291 1230 gentili
3326 1177 3420 1226 po-

1832 1261 1978 1330 pulo.

1907 1352 2073 1407 Vens.
2110 1351 2164 1414 8,
2211 1351 2264 1404 9.
2323 1368 2338 1399 ι
2397 1348 2630 1402 Plurima
2686 1355 2864 1400 autem
2915 1347 3070 1399 turba
3108 1352 3425 1399 straverunt

1831 1448 2151 1504 vestimenta
2182 1460 2277 1499 sua
2314 1445 2364 1496 in
2402 1443 2482 1495 vi'a
2512 1462 2524 1496 :
2560 1441 2652 1495 alii
2679 1456 2806 1495 vero
2838 1439 3117 1494 caedebant
3145 1453 3326 1493 ramos
3361 1440 3425 1491 de

1832 1539 2152 1601 arboribus,
2203 1545 2257 1590 et
2305 1535 2620 1590 sternebant
2657 1535 2707 1586 in
2741 1534 2848 1588 via.
2883 1532 3050 1587 Porro
3083 1533 3257 1587 turbae
3297 1547 3421 1601 qua:

1831 1633 2208 1703 prmeedebaut
2243 1638 2295 1684 ct
2323 1645 2442 1697 qut'c
2463 1629 2856 1698 sequebantur,
2882 1626 3211 1690 clamabam,
3240 1626 3429 1680 dicen-

1835 1738 1913 1780 tes
1948 1745 1962 1786 :
1993 1726 2247 1780 Hosanna
2277 1725 2388 1779 ﬁlio
2425 1724 2589 1778 David
2627 1742 2639 1778 :
2689 1723 3004 1777 benedictus
3043 1722 3133 1788 qui
3181 1721 3332 1775 venit
3372 1719 3425 1771 in

1832 1821 2304 1885 nomincDomini,
2331 1819 2572 1873 hosanna
2595 1817 2651 1870 in
2679 1815 2987 1871 altissimis.
3017 1833 3034 1865 ι
3063 1812 3226 1868 Juxta
3254 1813 3430 1867 histo-

1831 1915 1966 1970 riam
2006 1914 2234 1966 multum
2270 1913 2323 1965 in
2375 1925 2433 1964 se
2479 1910 2640 1964 habet
2672 1907 2900 1962 honoris
2927 1917 3105 1962 vestes
3139 1905 3427 1967 stravisse,

1830 2016 1884 2060 et
1924 2021 2104 2059 ramos
2146 2005 2473 2068 obiectasse,
2509 2017 2630 2054 nam
2669 2002 2966 2054 ostendunt
3006 2013 3261 2066 magnam
3307 1997 3425 2066 glo-

1831 2101 1989 2153 riam.
2021 2101 2088 2151 At
2114 2097 2267 2166 juxta
2301 2112 2578 2168 anagogcu
2615 2097 2764 2150 disce
2796 2095 2936 2164 quod
2971 2101 3262 2162 postquam
3294 2106 3429 2160 apo-

1831 2191 1952 2246 stoli
1974 2201 2438 2259 supcrposueruut
2456 2188 2782 2243 vestimenta
2809 2201 2933 2249 sua,
2957 2186 3186 2238 virtutes
3209 2186 3428 2252 inquam

1832 2297 1980 2347 suas.
2006 2291 2132 2336 tunc
2159 2297 2320 2351 super
2342 2282 2461 2337 illas
2489 2282 2629 2335 sedit
2653 2279 2935 2332 Dominus.
2959 2278 3092 2332 Nam
3118 2277 3221 2332 nisi
3251 2277 3429 2330 anima

1834 2383 2018 2427 nostra
2043 2386 2234 2426 ornata
2261 2373 2428 2429 fuerit
2452 2375 2766 2440 apostolicis
2793 2373 3106 2438 virtutibus,
3136 2389 3240 2426 non
3273 2372 3433 2441 equi-

1835 2465 1970 2518 tabit
2007 2481 2125 2518 eam
2161 2464 2446 2524 Dominus.
2486 2466 2863 2519 Prmeedentcs
2894 2505 2908 2528 ,
2945 2473 3069 2518 sunt
3115 2464 3430 2532 propheta»,

1834 2557 1924 2624 qui
1957 2564 2084 2608 ante
2110 2557 2452 2608 ineat-natum
2485 2555 2762 2609 Christum
2800 2555 2950 2606 l'u-‘ire
2980 2574 2991 2607 :
3024 2565 3312 2621 sequentes
3337 2569 3434 2605 au-

1836 2657 1966 2708 tem,
2002 2659 2220 2717 martyri
2242 2663 2270 2700 s
2299 2658 2351 2702 et
2382 2649 2654 2712 doctores,
2690 2647 2778 2714 qui
2811 2648 3132 2700 vestimenta
3161 2660 3254 2697 sua
3292 2654 3436 2698 stor-

1836 2751 1964 2794 nunt
1999 2740 2222 2806 Christo
2251 2781 2265 2806 ,
2299 2741 2402 2795 hoc
2438 2751 2543 2800 est.
2582 2755 2803 2794 carnem
2841 2740 3134 2809 subjiciunt
3190 2738 3431 2806 spiritui.

1837 2831 2173 2886 Vestimenta
2200 2832 2343 2886 enim
2376 2843 2429 2886 et
2452 2841 2764 2900 tegumenta
2794 2831 3245 2898 auinue.corpns.
3273 2827 3433 2881 Stra-

1837 2933 2031 2976 verunt
2062 2924 2226 2988 igitur
2253 2924 2304 2977 in
2329 2924 2436 2986 via,
2466 2924 2567 2977 hoc
2592 2934 2695 2985 est,
2728 2923 2782 2977 in
2814 2923 3051 2978 Christo.
3093 2942 3111 2973 ι
3149 2923 3257 2990 Ego
3285 2922 3429 2976 enim

1837 3031 1956 3070 Slltll
1995 3016 2079 3069 via
2110 3015 2176 3075 ³⁷,
2218 3035 2235 3068 ι
2280 3016 2476 3085 inquit.
2524 3015 2579 3070 Si
2632 3016 2777 3070 enim
2828 3017 2951 3084 quis
3005 3029 3224 3070 carnem
3276 3030 3432 3068 suam

1840 3125 1944 3161 non
1981 3109 2270 3168 straverit,
2325 3109 2484 3178 llo
2517 3110 2617 3163 hoc
2657 3119 2757 3172 est,
2796 3107 3186 3170 humiliavcrit,
3221 3108 3272 3161 in
3323 3108 3431 3166 vis,

125 3191 225 3260 τὴν
255 3191 447 3260 σάρκα
478 3187 650 3241 αὑτοῦ
684 3184 924 3255 στρώσῃ,
957 3185 1206 3238 τουτέστι
1231 3227 1244 3246 ,
1285 3185 1602 3257 ταπεινώσῃ
1630 3226 1644 3248 ,
1679 3189 1730 3238 ἐν

1846 3199 1946 3251 hoc
1967 3208 2069 3263 est,
2104 3198 2158 3250 in
2199 3198 2417 3251 Christo
2451 3214 2698 3263 manens,
2732 3207 2784 3250 et
2817 3214 2922 3278 non
2958 3199 3249 3252 ba-reticus
3284 3200 3434 3251 exsi-

125 3287 186 3351 τῇ
220 3282 348 3350 ὁδῷ,
381 3279 693 3337 τουτέστιν,
724 3279 780 3328 ἐν
814 3276 890 3344 τῷ
923 3274 1147 3343 Χριστῷ
1179 3276 1379 3345 μένων,
1409 3277 1502 3330 καὶ
1538 3278 1612 3348 μὴ
1647 3280 1733 3329 αἱ·

129 3374 342 3444 ρετικὸς
379 3371 483 3434 ὣν;
526 3371 628 3422 οὐκ
666 3369 944 3436 ἐποχεῐται
976 3368 1069 3418 ἐπὶ
1113 3366 1306 3420 τούτου
1342 3370 1368 3421 6
1399 3368 1626 3438 Κύριος.
1662 3371 1736 3421 T6

126 3464 180 3517 δὲ
219 3463 483 3523 Ὡσαννά,
510 3463 556 3514 ol
581 3461 678 3529 μὲν
712 3458 965 3525 λέγουσιν
999 3459 1081 3510 ὅτι
1115 3456 1284 3526 ’ύμνον
1319 3458 1350 3527 ἢ
1386 3458 1605 3527 ψαλμξιν
1635 3476 1733 3528 ση-

134 3553 334 3621 μαίνει,
365 3553 417 3604 οἱ
450 3551 531 3612 δὲ,
561 3549 590 3602 ὃ
618 3550 710 3602 καὶ
738 3548 1132 3618 ἁκριὸέστερον
1155 3563 1167 3575 ⁸
1199 3548 1385 3600 Σιῖισον
1411 3549 1499 3618 δή.
1549 3549 1735 3620 Ἐρχὸ-

135 3660 289 3710 μενος
324 3643 385 3695 δὲ
410 3643 638 3708 λέγεται
669 3643 697 3693 6
732 3641 955 3709 Κύριος,
990 3639 1064 3701 ώς
1097 3639 1552 3709 προσδοκώμενος
1585 3642 1735 3711 παρὰ

130 3737 239 3796 τοῖς
281 3733 572 3802 Ἑϐραίοις
597 3731 810 3783 ἐλθεῖν*
846 3730 988 3782 οὕτω
1021 3731 1130 3798 γάρ
1165 3731 1257 3782 καὶ
1291 3731 1318 3781 6
1360 3733 1614 3800 Ἰωάννης
1649 3733 1738 3784 λέ-

132 3842 234 3893 γει·
277 3845 294 3876 ι
325 3826 400 3876 Σὺ
432 3823 485 3876 εἷ
516 3825 545 3876 6
579 3821 894 3891 ἐρχόμενος,
919 3840 936 3870 ι
973 3820 1098 3872 ἀντὶ
1121 3819 1310 3893 τοῦηό
1346 3821 1733 3890 προσδοκώμε-

133 3891 216 3978 νος
249 3912 599 3967 ἐλεύσεσθαι.
624 3912 733 3963 Καὶ
761 3909 933 3970 ἄλλως
957 3909 1012 3978 δὲ
1037 3891 1308 3975 λέγεταιό
1336 3910 1629 3978 ἐρχόμενος
1659 3911 1734 3972 ὡς

135 4006 254 4059 καθ’
311 4004 539 4076 ἡμέραν
593 4001 1052 4071 προσδοκωμένης
1100 4001 1200 4068 τῆς
1253 4001 1516 4070 δευτέρας
1569 4001 1732 4053 αὑτοῦ

138 4096 466 4166 παρουσίας·
505 4093 588 4145 δεῖ
611 4091 705 4145 οὖν
744 4091 973 4144 ἕκαστον
1005 4091 1092 4142 ἀεὶ
1126 4090 1367 4154 ἐλπίζειν
1403 4091 1503 4157 τὴν
1544 4091 1727 4144 συντέσ

135 4187 302 4249 λειαν,
331 4186 432 4238 καὶ
465 4184 560 4238 ἀεὶ
592 4183 888 4254 ἐρχόμενον
919 4183 1011 4236 τον
1045 4181 1272 4254 Κύριον,
1308 4184 1401 4236 καὶ
1444 4183 1735 4252 ἑτοιμάζε-

139 4277 279 4331 σθαι.

207 4387 226 4437 ς
261 4370 377 4422 Καὶ
407 4364 749 4428 εἰσελθόντος
780 4365 946 4418 αὑτοῦ
979 4367 1057 4429 εἰς
1099 4366 1474 4437 Ἰεροσόλυμα.
1513 4366 1734 4436 ἐσείσθη

142 4463 281 4515 πᾶσα
308 4463 343 4531 ἠ
377 4460 571 4524 πόλις,
596 4457 850 4526 λέγουσα·
874 4457 969 4519 Τίς
1001 4459 1146 4511 ἐστιν
1169 4453 1360 4524 οὗτος
1401 4461 1464 4510 Οἱ
1501 4458 1558 4509 δὲ
1587 4459 1732 4528 ὄχλοι

1837 3301 2014 3350 εεοης,
2045 3304 2149 3340 non
2188 3289 2439 3342 insidebit
2466 3294 2516 3342 lu
2553 3305 2617 3341 eo
2651 3291 2922 3344 dominus.
2961 3289 3215 3344 "osanna
3256 3299 3434 3342 autem

1838 3380 2053 3445 quidam
2093 3380 2278 3431 dicunt
2322 3381 2464 3446 quod
2509 3377 2776 3448 llymnum
2821 3379 2905 3432 vel
2944 3379 3219 3433 l‘salmum
3271 3378 3442 3446 signia

1840 3470 1984 3528 licet,
2009 3470 2097 3522 alii
2119 3481 2324 3530 autem,
2347 3470 2397 3522 id
2421 3471 2561 3535 quod
2591 3470 2934 3526 evidentius:
2970 3470 3153 3534 Salva,
3185 3471 3433 3523 obsecro.

1841 3558 2122 3610 V't‘ntttrus
2143 3570 2323 3611 autem
2347 3560 2546 3612 dicitur
2572 3559 2836 3614 Dominus
2865 3562 2987 3627 quia
3014 3563 3439 3629 exspectabatur

1840 3649 1906 3700 ab
1931 3649 2167 3702 llcbrteis
2193 3658 2473 3702 venturus.
2498 3648 2588 3701 Sic
2608 3651 2750 3702 enim
2779 3659 2834 3701 et
2857 3647 3095 3702 Joannes
3119 3649 3282 3703 dicit:
3308 3668 3326 3699 ι
3357 3647 3436 3700 Tu

1838 3755 1896 3793 es
1929 3741 2018 3806 qui
2065 3735 2328 3793 venturus
2359 3740 2460 3793 es?
2492 3759 2510 3791 ι
2572 3737 2673 3794 hoc
2706 3752 2790 3795 est
2813 3781 2825 3803 ,
2861 3741 2951 3810 qui
2998 3741 3334 3808 cxspemaris
3381 3749 3440 3791 ιιι

1840 3832 2049 3883 venias.
2090 3831 2292 3884 Dicitur
2321 3840 2375 3885 et
2405 3831 2562 3885 aliter
2590 3843 2873 3894 venturus.
2910 3848 2974 3885 co
3004 3833 3144 3898 quod
3173 3833 3440 3884 adventus

1839 3925 1950 3990 ejus
1991 3925 2258 3978 soi-undas
2291 3924 2531 3992 quotidie
2559 3934 2925 3993 exspectetur.
2954 3923 3225 3978 Debemus
3271 3922 3439 3990 igitur

1837 4027 1891 4070 et
1920 4033 2015 4066 nos
2051 4032 2239 4068 omnes
2276 4019 2808 4070 consuunnationem
2842 4017 3024 4069 mundi
3058 4023 3112 4070 et
3145 4016 3436 4068 adventum

1838 4108 2040 4161 Christi
2077 4120 2394 4177 exspectare
2425 4123 2487 4163 ac
2513 4110 2830 4178 praeparari.

1915 4376 2072 4430 Vens.
2117 4377 2204 4441 10,
2258 4377 2345 4432 ll.
2390 4397 2407 4428 ι
2455 4381 2519 4434 Et
2565 4393 2684 4431 cum
2723 4379 2978 4431 intrasset
3022 4377 3429 4450 Hierosolyma,

1840 4476 2110 4518 commota
2143 4475 2225 4520 cst
2259 4468 2509 4522 universa
2537 4469 2746 4534 sivitas,
2781 4469 2965 4523 dicens
2999 4487 3012 4521 :
3045 4470 3176 4534 Quis
3202 4482 3284 4524 est
3309 4471 3434 4525 hic?

143 4550 338 4619 lle-{0w
387 4541 566 4610 Οὗτός
597 4548 746 4598 ἐστιν
791 4545 994 4616 Ἰησοῦς
1027 4549 1055 4600 ὁ
1076 4549 1395 4617 προφήτης,
1431 4550 1457 4600 6
1485 4549 1591 4600 ἀπὸ
1623 4548 1730 4600 Να-

1842 4554 2038 4611 Turba:
2069 4567 2246 4610 autem
2279 4558 2562 4628 dicebant;
2594 4558 2689 4611 llic
2715 4569 2800 4617 est
2823 4552 2980 4615 Jesus
3007 4560 3094 4614 ille
3117 4561 3376 4630 propheta
3405 4580 3432 4615 a

150 4642 306 4712 ζιρὲτ
359 4641 463 4708 τῆς
509 4637 823 4698 Γαλιλαίας.
864 4655 882 4687 ι
935 4639 996 4689 υἱ
1027 4637 1174 4706 ὄχλοι
1225 4637 1404 4690 ἄδολοι
1444 4638 1597 4701 ὅντες
1640 4641 1736 4692 καὶ

146 4734 426 4793 ἄπλαστοι,
459 4727 587 4781 οὕτε
613 4727 877 4795 ἐφθόνουν
901 4726 979 4795 τῷ
1006 4727 1250 4798 Χριστῷ,
1280 4728 1405 4780 οὔτε
1438 4729 1602 4782 πάλιν
1635 4731 1736 4796 τὴν

149 4826 534 4895 προσήκουσαν
559 4820 691 4887 περι
722 4818 888 4871 αὑτοῦ
914 4807 1182 4890 ὑπόληψιν
1206 4814 1371 4889 εἶχον.
1405 4821 1495 4873 Διὸ
1517 4822 1612 4872 και
1640 4812 1736 4873 νῦν

151 4920 426 4995 προφήτην
462 4912 632 4966 αὑτὸν
662 4911 902 4977 λέγουσι.
931 4905 1187 4980 Μήποτε
1218 4912 1275 4965 δὲ
1310 4912 1435 4964 ἐπεὶ
1468 4914 1609 4982 μετὰ
1636 4913 1731 4964 τοῦ

152 4997 342 5079 ἄρθρου
369 5006 562 5074 φασὶν,
584 5006 616 5057 ό
633 5003 970 5071 προφήτης,
993 5002 1218 5057 δύναται
1245 5006 1509 5074 νοηθῆναι
1538 5007 1620 5058 ὃτι
1644 5002 1735 5058 οὒ-

153 5099 228 5160 16;
253 5101 404 5150 ἐστιν
438 5097 466 5148 6
503 5091 951 5164 προσδοκώμενος
990 5095 1278 5164 προφήτης
1301 5110 1313 5124 ο
1359 5095 1418 5148 ὃν
1448 5093 1570 5147 εἷπε
1606 5096 1738 5148 Μω-

158 5189 258 5254 σῆς,
291 5189 376 5239 ὅτι
423 5205 439 5237 ι
481 5185 779 5254 Προφήτην
821 5183 948 5252 ὑμῖν
991 5185 1019 5236 6
1060 5185 1194 5245 Θεὸς
1228 5188 1547 5256 ἀναστήσει.
1591 5205 1613 5239 ι
1659 5189 1734 5240 Οὐ

157 5279 247 5348 γὰρ
277 5277 457 5342 εἶπον,
481 5271 651 5338 Οὗτός
677 5277 793 5327 ἐστι
826 5277 1132 5346 προφήτης,
1155 5277 1290 5340 ἀλλ’,
1320 5278 1380 5331 Ὀ
1412 5280 1697 5349 προφήτης
1723 5319 1737 5345 ,

161 5369 445 5433 τουτέστιν,
472 5368 684 5428 ἐκεῖνος
708 5367 736 5418 6
767 5363 1148 5433 έλπιζόμενος.

226 5479 240 5510 ι
279 5462 386 5513 Καὶ
411 5458 667 5527 εἰσῆλθεν
688 5458 717 5508 6
750 5454 956 5526 Ἰησοῦς
988 5459 1066 5519 είς
1089 5459 1144 5509 τξ
1170 5459 1313 5528 ἱερὸν
1338 5459 1430 5512 τοῦ
1456 5460 1612 5522 Θεοῦ,
1646 5463 1740 5515 καὶ

165 5549 363 5613 ἐξέϐαλε
392 5551 608 5612 πάντας
635 5547 764 5611 τοὺς
801 5549 1118 5614 πωλοῦντας
1153 5556 1247 5605 καὶ
1278 5554 1650 5626 ἀγοράζοντας
1681 5560 1738 5612 ὲν

166 5641 228 5708 τῷ
256 5643 380 5714 ἱερῷ
401 5661 414 5674 ·
464 5643 564 5697 καὶ
596 5642 696 5706 τὰς
739 5643 1019 5712 τραπέζας
1054 5644 1163 5695 τῶν
1197 5647 1566 5702 κολλυϐιστῶν
1602 5670 1732 5704 κατι

229 5817 450 5874 "Joan.
510 5819 705 5882 ςιν,⁴ἱ.
789 5817 831 5846 3“
888 5816 1037 5870 ilcul.
1094 5834 1246 5880 XVIII,
1302 5820 1382 5873 l8.

1844 4646 2112 4702 Nazarcth
2149 4647 2403 4702 Galilaea'.
2457 4665 2474 4697 ι
2513 4649 2708 4701 'l‘nrbm
2743 4652 3028 4719 simplices
3071 4659 3125 4704 et
3168 4652 3433 4716 candidae.

1848 4751 2024 4803 neque
2056 4736 2369 4789 invidebant
2410 4734 2648 4818 Christo,
2684 4752 2858 4805 neque
2897 4755 3085 4794 rursus
3119 4741 3433 4808 opinionem

1845 4826 2061 4894 dignam
2087 4827 2152 4880 de
2186 4825 2404 4880 Christo
2434 4826 2704 4882 habebant
2738 4846 2751 4883 :
2784 4829 2903 4884 ideo
2951 4842 3004 4886 et
3036 4847 3176 4886 nunc
3201 4835 3436 4903 propbe-

1847 4925 1957 4970 tam
2001 4917 2150 4970 illum
2199 4917 2407 4971 dicunt.
2447 4916 2555 4970 Nisi
2600 4918 2772 4985 forte,
2823 4924 3259 4992 quandoquidem
3308 4940 3434 4979 cum

1843 5008 2072 5061 artieulo
2103 5009 2311 5070 dicunt,
2336 5007 2363 5059 6
2394 5010 2703 5080 προφήτης,
2739 5014 2997 5082 propheta
3036 5013 3123 5069 ille
3153 5015 3324 5084 possit
3355 5017 3430 5069 iu-

1842 5100 2010 5168 telligi
2045 5101 2188 5169 quod
2223 5102 2322 5155 iste
2355 5101 2425 5154 sit
2455 5102 2546 5169 qui
2599 5105 3024 5171 exspectabatur
3049 5109 3339 5175 propheta,
3368 5107 3436 5161 de

1843 5208 1950 5261 quo
1992 5193 2132 5246 dixit
2184 5191 2381 5257 Moses,
2421 5213 2438 5244 ι
2478 5193 2804 5264 Pmpbetam
2856 5198 3009 5252 vobis
3056 5199 3198 5253 Deus
3231 5200 3439 5253 excita-

1845 5286 1924 5339 bit
1952 5283 2017 5336 ³⁸.
2058 5303 2075 5336 ι
2115 5284 2230 5338 Non
2259 5286 2404 5339 enim
2435 5287 2709 5352 dixerunt,
2746 5285 2844 5341 llic
2873 5297 2955 5342 est
2982 5288 3243 5357 propheta
3278 5306 3290 5341 :
3321 5290 3437 5351 sed,

1845 5378 2109 5447 propheta
2143 5379 2255 5441 ille,
2297 5380 2399 5434 hoc
2433 5390 2536 5444 est,
2571 5381 2658 5434 ille
2691 5383 2781 5449 qui
2808 5392 3183 5450 exspectatur.

1922 5470 2082 5524 Vens.
2116 5472 2202 5534 1‘2,
2238 5471 2326 5527 15.
2362 5488 2380 5521 ι
2422 5472 2485 5525 Et
2513 5473 2736 5527 intravit
2759 5471 2916 5529 Iesus
2944 5474 2995 5527 in
3028 5473 3289 5541 templum
3321 5471 3436 5532 Dei.

1841 5571 1897 5618 et
1924 5563 2177 5633 ejiciebat
2214 5581 2406 5620 omnes
2438 5567 2736 5622 vendentes
2770 5579 2823 5622 et
2858 5576 3104 5622 ementes
3135 5568 3185 5620 in
3215 5563 3436 5633 templo,

1844 5670 2168 5725 mensasque
2201 5658 2610 5728 collybistarum
2659 5669 2708 5715 ct
2752 5660 3039 5716 cathedras
3085 5657 3434 5713 vendentium
