4004 6416
595 400 692 474 371

1448 399 2030 471 ΤΠΕΟΡΗΥΙΛΟΤῘ
2064 399 2477 473 ΒυιϐΑῐὶῖιΕ
2517 401 2874 468 ARCHIEP.

3756 390 3878 467 312
3927 361 3930 364 ’

592 522 875 586 columbas
909 534 1122 596 evertit,
1163 543 1215 586 et
1251 531 1384 584 dixit
1415 530 1522 584 illis
1565 547 1578 583 :
1614 529 1889 598 Scriptum
1913 538 2030 596 est,
2061 531 2146 586 Dor

2271 526 2524 598 έστρεψε,
2543 527 2638 581 καὶ
2666 527 2766 591 τὰς
2796 524 3065 596 καθέδρας
3096 522 3205 579 τῶν
3237 523 3562 580 πωλούντων
3587 522 3687 588 τάς
3717 537 3875 594 περι-

593 637 713 676 mus
741 637 858 677 mea
885 612 1076 676 domus
1105 621 1500 690 deprecationis
1535 621 1817 676 vocabitur
1848 640 1861 678 ι
1893 631 1948 676 at
1977 635 2070 676 vos
2090 620 2146 676 fe

2277 622 2492 692 στεράς.
2523 620 2634 674 Καὶ
2666 619 2814 688 λέγει
2837 617 3056 682 αὐτοῖς’
3095 618 3431 688 Γέγραπται·
3480 617 3541 671 '0
3578 611 3727 680 οἶκός
3760 631 3877 686 μου

591 713 744 768 cistis
773 715 914 768 illam
947 708 1257 781 speluncam
1286 715 1578 777 latronum.
1626 733 1644 765 ι
1685 713 1968 784 Tanquam
1996 713 2146 769 domi

2273 708 2419 775 οἶκος
2458 711 2768 783 προσευχῆς
2805 709 3171 781 κληθήσεται·
3203 710 3364 779 ὑμεῖς
3389 708 3446 762 δὲ
3482 707 3644 762 αὐτὸν
3674 705 3877 776 ἐποιή-

591 817 692 859 nus
741 806 950 869 domus,
1011 805 1113 860 lioc
1164 813 1270 869 est,
1325 801 1544 878 templi,
1595 805 1754 875 ejecit
1809 807 2104 862 vendentes
2150 823 2164 859 :

587 897 878 951 ostendens
917 911 980 952 ea
1014 913 1132 968 qua:
1161 891 1340 954 Patris
1368 907 1496 954 sunt
1515 939 1531 964 ,
1559 907 1613 952 et
1638 914 1734 954 sua
1764 913 1917 964 esse,
1946 892 2166 954 interim

590 985 753 1040 etiam
787 983 1086 1043 honestatis
1102 988 1284 1058 templi
1313 1003 1500 1044 curam
1521 989 1748 1053 habens,
1775 989 1869 1045 sed
1894 998 1951 1043 et
1981 999 2164 1042 trans-

587 1071 845 1128 lationem
903 1076 1296 1132 sacriﬁciorum
1350 1079 1695 1149 signiﬁcans,
1745 1093 1811 1135 eo
1867 1079 2010 1150 quod
2061 1070 2164 1147 eji-

585 1165 776 1220 ciendo
826 1166 992 1223 boves
1037 1175 1094 1223 et
1135 1169 1444 1246 columbas,
1483 1170 1828 1240 praesignavit
1870 1186 1975 1225 non
2023 1170 2160 1224 ultra

589 1272 721 1322 opus
746 1271 867 1312 esse
889 1259 1204 1314 animalium
1237 1260 1505 1318 sacriﬁcio
1534 1272 1627 1315 aut
1653 1260 2043 1324 immolatione,
2067 1259 2163 1316 sed

2277 823 2407 860 σατε
2448 804 2712 875 σπήλαιον
2738 802 2973 876 λῃστῶν.
3003 821 3022 854 ι
3055 802 3144 866 Ὠς
3175 801 3442 871 δεσπότης
3489 799 3586 855 τοῦ
3618 800 3803 865 οἴκου,
3840 798 3876 851 ὃ

2271 903 2392 955 ἐστι
2420 900 2514 953 τοῦ
2549 899 2717 971 ίεροῦ,
2750 897 2974 967 ιξέδαλε
3005 899 3135 962 τοὺς
3174 897 3507 960 πωλοῦντας-⁸
3531 896 3752 960 δεικνὺς
3781 897 3878 951 δτι

2269 993 2337 1046 τὰ
2361 992 2455 1047 τοῦ
2488 987 2724 1064 [ἰατρὸς.
2757 995 2850 1048 καὶ
2877 991 3045 1046 αὐτοῦ
3079 994 3208 1047 είσι.
3232 991 3402 1045 Τοῦτο
3426 989 3484 1043 δὲ
3510 983 3709 1056 έποίει,
3741 988 3877 1060 ἄμα

2271 1085 2373 1151 μὲν
2397 1086 2492 1140 καὶ
2524 1086 2623 1156 τῆς
2655 1085 2959 1156 εὐκοσμίας
2992 1083 3089 1138 τοῦ
3119 1083 3266 1157 ἱεροῦ
3296 1073 3621 1156 φροντίζων,
3661 1082 3782 1152 άμα
3806 1080 3874 1135 δι

2269 1179 2366 1231 καὶ
2397 1177 2496 1248 τὴν
2525 1178 2817 1249 μετάθεσιν
2841 1169 2951 1231 τῶν
2972 1176 3176 1230 θυσιῶν
3209 1177 3512 1245 σημαίνων
3545 1174 3612 1228 δι’
3644 1166 3721 1229 ὧν
3751 1175 3878 1246 γάρ

2268 1269 2522 1336 ἐξέϐαλλε
2542 1271 2668 1332 τοὺς
2698 1271 2828 1342 βόας
2858 1271 2952 1324 καὶ
2978 1271 3078 1333 τὰς
3107 1269 3458 1340 περιστερὰς,
3486 1269 3870 1339 προεμήνυεν,

580 1363 668 1404 ον
691 1359 850 1405 none.
890 1349 1090 1408 Domus
1137 1353 1280 1405 enim
1325 1365 1465 1414 mea,
1500 1342 1707 1419 inquit,
1740 1353 1932 1404 domus
1963 1353 2146 1420 deprei

2265 1363 2348 1417 ὅτι
2378 1361 2584 1416 οὐκέτι
2615 1363 2772 1435 χρεία
2796 1361 3105 1427 ζωοθυσιῶν
3137 1362 3170 1433 ἢ
3210 1362 3482 1431 σφαγίων,
3518 1360 3656 1414 ἀλλὰ
3685 1374 3870 1430 προσ-

580 1457 599 1490 σ
628 1442 811 1498 ..ionis
845 1453 960 1510 est;
993 1457 1088 1497 vos
1119 1453 1298 1498 autem
1333 1438 1542 1500 fecistis
1576 1438 1718 1497 illam
1743 1444 2057 1514 speluncam
2085 1444 2146 1497 lar

2267 1455 2456 1526 ευχῆς·
2499 1454 2562 1509 '0
2591 1455 2702 1524 γὰρ
2747 1450 2895 1518 οῐκός
2939 1473 3064 1524 μου,
3095 1455 3282 1523 φησὶν,
3311 1441 3461 1518 aito;
3521 1451 3870 1523 προσευχῆς,

607 1541 814 1588 renum.
851 1525 910 1588 in
934 1533 1212 1604 speluncis
1237 1535 1380 1589 enim
1404 1535 1675 1590 latronum
1701 1533 1836 1590 tiunt
1859 1535 2146 1591 mactatio-

2266 1525 2431 1617 ὑμείς
2490 1549 2548 1602 δὲ
2577 1550 2876 1619 ἐποιήσατε
2910 1547 3074 1600 αὑτὸν
3106 1548 3376 1617 σπήλαιον
3403 1546 3635 1619 λῃστῶνο
3667 1547 3724 1598 ιν
3748 1544 3872 1616 γὰρ

579 1640 711 1693 nes,
768 1637 823 1681 et
869 1627 1150 1698 sanguinis
1205 1623 1516 1684 effusiones.
1573 1625 1670 1683 Vel
1727 1629 1890 1684 etiam
1937 1637 2146 1700 pr0ptci

2261 1643 2374 1705 τοῖς
2428 1641 2712 1711 σπηλαίοις
2755 1642 2865 1696 τῶν
2921 1639 3138 1713 λῃστῶν
3182 1641 3424 1710 γίνονται
3475 1640 3685 1710 σφαγαὶ
3760 1639 3871 1694 καὶ

576 1721 944 1790 negotiatores
973 1730 1218 1777 ementes
1262 1730 1318 1776 et
1349 1720 1644 1776 vendentes
1666 1759 1682 1786 ,
1721 1720 2034 1790 speluncam
2073 1721 2146 1775 ια.

2263 1734 2731 1805 αἱματεκχυσίαι·
2769 1735 2802 1805 ἢ
2837 1736 2934 1789 καὶ
2969 1735 3059 1789 διὰ
3097 1738 3226 1799 τοὺς
3261 1733 3710 1806 καπηλεύοντας,
3759 1731 3870 1785 καὶ

579 1820 793 1866 tronqu
849 1815 1065 1868 vocavit
1119 1807 1402 1883 templum.
1450 1812 1692 1868 Avaritia
1738 1815 1882 1869 enim
1929 1824 1985 1868 et
2021 1813 2146 1870 lucri

2260 1823 2636 1894 ἀγοράζοντας
2664 1825 2760 1880 καὶ
2792 1825 3132 1891 πωλοῦντας,
3173 1825 3440 1896 σπήλαιον
3479 1824 3693 1895 λῃστῶν
3723 1823 3870 1876 ὲκάε

574 1905 872 1972 cupiditas,
910 1907 1178 1960 latronum
1221 1901 1442 1961 morbus
1481 1914 1585 1960 est.
1620 1906 1931 1978 Collybistre
1973 1919 2146 1961 autem

2261 1915 2384 1968 λεσε
2415 1917 2474 1968 τὸ
2504 1916 2652 1984 ἱερόν
2673 1934 2686 1949 ο
2717 1917 2778 1970 τὸ
2817 1917 2928 1986 γὰρ
2976 1916 3290 1986 φιλοκερδὲς
3311 1956 3325 1978 ,
3355 1913 3653 1988 λῃστρικὸν
3681 1912 3875 1977 πάθος

575 1993 818 2060 suntqui
848 1995 986 2062 apud
1019 2008 1119 2048 nos
1143 1993 1399 2048 dicuntur
1427 1995 1700 2050 mensarii.
1726 1995 1979 2066 Collybos
2009 1995 2146 2050 enim

2259 2008 2378 2061 ἐστί
2402 2023 2415 2036 °
2467 2007 2820 2061 κολλυσισταὶ
2854 2009 2912 2062 δέ
2943 2009 3082 2061 είσιν
3119 2009 3168 2060 οἱ
3211 2008 3342 2077 παρ’
3391 2008 3526 2079 ἡμῖν
3567 2006 3870 2076 λεγόμενοι

573 2083 785 2151 species
818 2095 898 2139 est
935 2086 1057 2142 vilis
1093 2084 1456 2152 numismatis,
1494 2088 1639 2143 sicut
1676 2086 1940 2145 habemus
1973 2098 2028 2144 et
2057 2105 2146 2147 nos

2257 2095 2603 2169 τραπεζῖται·
2634 2098 2892 2162 κόλλυδος
2917 2099 3048 2168 γὰρ,
3077 2093 3221 2161 εἶδός
3247 2099 3364 2150 ἐστι
3399 2097 3736 2168 νομίσματος
3764 2096 3872 2149 εὐ-

571 2173 757 2230 obolos
780 2174 857 2246 (α)
889 2185 980 2232 aut
1026 2192 1278 2232 nummos
1330 2183 1639 2245 argenteos.
1689 2179 1942 2234 Vendunt
1974 2190 2146 2236 autem

2257 2186 2467 2251 τελοῦς,
2493 2186 2682 2254 ὥσπερ
2706 2187 2905 2257 ἔχομεν
2929 2187 3092 2258 τυχὸν
3129 2186 3443 2257 ἠμεῖςτοὺς
3471 2185 3694 2247 ὁσολοὺς
3715 2183 3750 2254 ἢ
3787 2184 3868 2236 τὰ

570 2266 852 2324 columbas
891 2276 945 2324 et
993 2270 1047 2323 lii
1091 2271 1182 2340 qui
1233 2271 1284 2324 in
1331 2271 1587 2326 Ecclesiis
1637 2267 1837 2343 gradus
1891 2273 2146 2327 vendunt.

2257 2279 2520 2348 ἀργύρια.
2563 2279 2814 2332 Πωλοῦσι
2839 2280 2897 2332 δὲ
2931 2278 3264 2351 περιστερὰς
3298 2279 3394 2332 καὶ
3421 2278 3468 2332 οί
3497 2270 3622 2340 τοὺς
3649 2278 3708 2328 ὲν
3729 2278 3869 2340 ταῖς

570 2357 808 2428 Spiritus
839 2361 982 2416 enim
1022 2362 1251 2430 gratiam
1279 2402 1294 2426 ,
1327 2363 1418 2432 qui
1455 2373 1538 2418 est
1569 2363 1818 2418 columba
1844 2404 1859 2426 ,
1912 2363 2146 2418 vendunt

2267 2371 2614 2443 Ἐκκλησίαις
2638 2372 2883 2443 βαθμοὺς
2907 2374 3236 2437 πωλοῦντες.
3263 2374 3377 2444 Τὴν
3405 2373 3516 2443 γὰρ
3549 2371 3644 2425 τοῦ
3674 2367 3868 2424 Πνεῦ-

567 2450 668 2520 ipsi
703 2470 716 2507 :
749 2455 888 2508 unde
916 2455 1210 2523 ejiciuntur
1242 2470 1306 2510 ex
1332 2469 1571 2524 superno
1598 2465 1652 2510 et
1681 2456 1895 2512 inferno
1925 2457 2146 2527 templo.

2258 2481 2428 2534 ματος
2464 2465 2665 2536 χάριν,
2720 2466 2749 2520 ὃ
2797 2469 2912 2519 ἐστι
2967 2466 3308 2536 περιστερὰ,
3350 2464 3622 2519 πωλοῦσιν
3669 2459 3866 2517 αὐτοί.

565 2541 780 2613 indigni
807 2545 952 2599 enim
975 2555 1104 2600 sunt
1129 2546 1435 2600 sacerdotio
1459 2546 1628 2615 iungi.
1652 2546 1787 2603 Vide
1811 2556 1990 2602 autem
2013 2560 2068 2602 et
2095 2559 2146 2602 tu

2257 2558 2420 2612 Ὅθεν
2453 2558 2806 2614 ὲκσάλλονται
2841 2561 2905 2613 ὲκ
2937 2557 3034 2612 τοῦ
3071 2559 3182 2611 άνω
3221 2555 3374 2622 ναοῦ,
3410 2557 3506 2609 καὶ
3532 2553 3625 2608 τοῦ
3659 2553 3824 2608 κάτω
3847 2571 3863 2586 ·

566 2649 638 2688 ne
688 2635 828 2689 Ῑοῖιθ
879 2636 1134 2702 templum
1187 2636 1278 2690 Dei
1303 2677 1318 2701 ι
1353 2638 1734 2706 εοείιτιιίοηειη
1786 2649 1932 2692 Nam
1979 2639 2149 2697 Ϊ³οῘ²8
2253 2650 2462 2714 ἀνάξιοι
2489 2651 2598 2720 γάρ
2622 2653 2761 2704 εἰσιν
2783 2650 3106 2722 ἱερατεύειν.
3137 2649 3312 2703 Βλέπε
3337 2649 3392 2701 δὲ
3419 2649 3515 2701 καὶ
3543 2648 3607 2700 σὺ
3633 2645 3868 2716 μήποτε

565 2725 1160 2793 speluncamlatronum
1173 2768 1187 2792 ,
1203 2727 1254 2781 id
1271 2737 1378 2790 est,
1405 2729 1812 2782 daemoniorum.
1833 2727 1951 2784 Fiet
1967 2741 2145 2784 autem

2259 2744 2322 2797 τὸ
2355 2744 2498 2814 ἱερὸν
2519 2744 2614 2796 τοῦ
2637 2743 2797 2808 Θεοῦ,
2829 2744 3101 2806 τουτέστι,
3123 2744 3223 2814 τὴν
3253 2743 3352 2814 σὴν
3378 2741 3620 2796 διάνοιαν
3639 2779 3654 2804 ,
3683 2739 3865 2808 ποιή-

2253 2850 2354 2908 σῃς
2384 2836 2649 2904 σπήλαιον
2673 2836 2889 2908 λῃστῶν
2907 2877 2923 2900 ,
2939 2840 3211 2900 τουτέστι,
3230 2835 3337 2889 τῶν
3371 2833 3662 2904 δαιμόνων.
3679 2832 3871 2902 Γενή-

2252 2946 2405 2985 σεται
2427 2930 2483 2983 δὲ
2512 2931 2801 3000 σπήλαιον,
2833 2931 2928 2984 ἐὰν
2954 2931 3168 3000 ἔχωμεν
3203 2931 3496 3000 λογισμοὺς
3532 2927 3871 2998 φιλοΰλους,

564 3000 682 3065 das,
716 3011 774 3056 ut
819 3011 873 3056 et
905 3003 1142 3075 collybos
1177 3015 1229 3059 et
1261 3000 1381 3059 vilia
1413 3005 1740 3060 numismata
1775 3019 2142 3079 congregem;

2257 3021 2566 3084 πωλοῦντας
2627 3022 2722 3075 καὶ
2790 3022 3161 3092 ἀγοράζοντας
3207 3022 3301 3075 καὶ
3362 3020 3862 3092 φιλοχρημάτους,

569 3088 722 3162 ιιι
774 3105 829 3148 et
874 3095 919 3150 si
967 3096 1371 3151 vendiderimus
1419 3108 1472 3153 et
1507 3099 1802 3153 emerimus
1833 3101 2143 3162 columbas,

2257 3114 2376 3183 Ξχρι
2407 3112 2502 3163 καὶ
2531 3111 2711 3165 αὐτῶν
2740 3088 2848 3166 τῶν
2879 3088 3156 3166 πολλύδων
3187 3113 3307 3183 ἦτοι
3345 3088 3455 3164 τῶν
3481 3088 3716 3164 εῦτελῶν
3756 3127 3866 3165 νο-

563 3185 667 3237 boc
691 3192 772 3237 est
794 3221 810 3248 ,
833 3185 877 3238 si
909 3186 1050 3254 quod
1078 3187 1129 3240 in
1163 3187 1316 3241 nobis
1345 3186 1506 3242 fuerit
1537 3191 1820 3258 spirituale
1845 3190 2060 3259 dogma,
2092 3201 2145 3246 et

2257 3195 2544 3274 μισμάτων
2594 3205 2928 3274 συνάγοντας
2961 3222 2974 3236 ο
3015 3206 3110 3258 καὶ
3165 3207 3260 3258 ἐὰν
3311 3204 3582 3272 πωλῶμεν
3631 3203 3688 3257 δὲ
3748 3204 3872 3258 καὶ

564 3274 874 3342 liujusmodi
915 3278 1138 3331 honesta
1181 3280 1438 3348 cogitatio
1465 3327 1477 3346 ,
1512 3283 1823 3348 speluncam
1874 3283 2141 3337 latronum

2257 3296 2610 3366 ὲκπριώμεθα
2630 3297 2727 3359 τὰς
2754 3299 3101 3368 περιστερὰς,
3127 3289 3428 3359 τουτέστιν,
3458 3297 3585 3350 εἴτι
3613 3298 3672 3349 ἐν
3704 3296 3860 3364 ἡμῖν

562 3365 790 3422 fecimus
819 3383 918 3423 nos
948 3369 1112 3436 ipsos.

2257 3389 2336 3458 εἴη
2370 3365 2746 3458 πνευματικὸν
2775 3365 2953 3458 δόγμα
2985 3365 3077 3441 παὶ
3105 3387 3367 3459 λογισμὸς
3397 3389 3664 3452 τοιοῦτος,
3702 3391 3874 3456 σηκός--Γ

2248 3481 2401 3535 λαιον
2427 3481 2642 3552 λῃστῶν
2680 3481 3028 3550 ἐποιήσαμεν
3067 3482 3312 3545 ὲαυτους.

2326 3592 2343 3623 ι
2394 3574 2506 3627 Καὶ
2535 3572 2846 3641 προσῆλθον
2885 3571 3036 3642 αὐτῴ
3077 3572 3242 3641 χωλοὶ
3277 3572 3370 3625 καὶ
3420 3571 3614 3642 τυφλοὶ
3663 3572 3722 3623 ὲν
3766 3571 3864 3642 τῷ

2251 3664 2402 3732 ίερῷ,
2453 3665 2549 3716 καὶ
2575 3662 2945 3733 ἐθεράπευσεν
2981 3661 3197 3724 αὐτούς.
3246 3680 3264 3714 ι
3313 3662 3400 3729 Ἐξ
3436 3656 3511 3716 ὧν
3545 3660 3869 3731 θεραπεύει

2247 3759 2374 3820 τοὺς
2398 3757 2644 3820 ἀσθενεῖς
2663 3757 2937 3809 δείκνυσιν
2957 3757 3037 3808 ὅτι
3057 3757 3189 3818 Θεός
3214 3757 3328 3809 ἐστι
3354 3756 3450 3810 καὶ
3470 3755 3649 3817 καλῶς
3668 3759 3866 3819 ποιεῖ,

565 2817 846 2885 spelunca,
876 2812 921 2872 si
951 2819 1304 2873 habuerimus
1332 2819 1689 2889 cogitationes
1711 2821 2024 2874 carnalibus
2059 2837 2147 2876 re-

563 2910 668 2964 bus
695 2911 1238 2978 amicas,veudentes
1264 2923 1318 2968 et
1348 2924 1684 2978 ementes,et
1716 2913 1791 2969 ita
1825 2915 1961 2968 lucri
1995 2916 2147 2982 cupi-

633 3550 781 3604 V’sas
835 3551 920 3605 Η.
959 3571 977 3603 ι
1013 3554 1074 3607 Ει
1099 3564 1439 3608 accesserunt
1467 3555 1532 3610 ad
1561 3569 1681 3611 cum
1723 3558 1852 3612 ιιεοὶ
1882 3567 1936 3612 et
1967 3557 2143 3613 claudi

561 3643 618 3699 in
653 3645 851 3714 templo
887 3664 900 3699 :
933 3657 984 3700 et
1006 3649 1220 3701 sanavit
1250 3663 1365 3704 eos.
1413 3665 1431 3698 ι
1471 3648 1574 3703 Per
1599 3650 1846 3704 inlirmos
1877 3665 2015 3720 quos
2043 3666 2142 3706 eu.

560 3737 723 3803 ravit,
771 3739 1010 3793 ostendit
1062 3753 1120 3793 se
1155 3741 1322 3795 Deum
1357 3755 1477 3795 esse
1498 3781 1512 3806 ,
1541 3751 1595 3796 et
1629 3743 1766 3796 bene
1799 3741 1973 3797 facere
1994 3784 2009 3805 ,
2041 3744 2145 3813 eji-

561 3827 714 3883 ciens
744 3844 868 3884 cum
901 3831 1224 3884 auctoritate
1257 3847 1287 3885 e
1317 3833 1477 3884 domo
1510 3846 1603 3884 sua
1640 3832 1912 3899 indignos.
1953 3835 2143 3887 Decla-

560 3927 719 3973 ratur
749 3921 916 3974 etiam
963 3922 1098 3984 hoc,
1137 3923 1277 3988 quod
1325 3922 1513 3990 ejectis
1551 3920 1778 3986 Judmis,
1814 3926 1904 3993 qui
1949 3925 2050 3993 legi
2091 3936 2143 3980 et

562 4011 878 4065 animalium
917 4013 1226 4067 mactationi
1268 4014 1464 4068 addicti
1496 4025 1689 4080 erant,
1718 4016 1846 4071 εαξςί
1876 4027 1930 4070 et
1965 4017 2140 4072 claudi

561 4119 625 4157 ex
661 4105 908 4172 gentibus
939 4105 1200 4172 assumpti
1234 4103 1435 4158 fuerint
1468 4108 1637 4159 sanati
1675 4107 1743 4160 ab
1774 4123 1860 4174 eo,

633 4285 798 4340 Vens.
835 4285 924 4347 15,
964 4285 1047 4339 l6.
1098 4301 1116 4336 ‹
1166 4286 1299 4340 Cum
1345 4298 1528 4342 autem
1575 4289 1831 4344 vidissent
1870 4292 2142 4361 principes

563 4378 911 4431 sacerdotum
971 4387 1022 4430 et
1065 4375 1266 4432 Scribae
1315 4378 1581 4432 mirabilia
1628 4395 1746 4448 quae
1798 4380 2036 4447 fecerat,
2087 4394 2142 4436 et

564 4484 758 4534 pueros
789 4469 1086 4522 clamantes
1118 4471 1172 4522 in
1218 4471 1418 4539 templo
1469 4482 1521 4524 et
1553 4472 1796 4528 dicentes
1832 4492 1843 4527 :
1885 4473 2138 4530 Ilosanna

2249 3849 2528 3903 ὲκόάλλων
2558 3849 2677 3918 μετ’
2704 3847 2953 3912 ἐξουσίας
2982 3849 3044 3899 ὲκ
3068 3848 3160 3899 τοῦ
3200 3848 3350 3900 οἴκου
3381 3845 3548 3898 αὐτοῦ
3583 3846 3710 3909 τοὺς
3751 3845 3863 3900 ἀν-

2246 3941 2451 4004 αξίους·
2475 3939 2732 4008 δηλοῦται
2762 3938 2818 3990 δὲ
2851 3938 2944 3991 καὶ
2969 3937 3148 3999 τοῦτο,
3165 3939 3246 3990 ὅτι
3281 3937 3400 4006 μεθ’
3423 3937 3450 3990 ὃ
3468 3937 3862 4008 ἐξεϐλήθησαν

2245 4033 2296 4083 οἱ
2335 4033 2598 4093 Ἰουδαῖοι,
2632 4032 2681 4081 οἱ
2711 4031 2789 4099 τῷ
2815 4030 2966 4099 νόμῳ
2987 4032 3077 4083 καὶ
3105 4032 3226 4092 ταῖς
3258 4029 3632 4097 ζωοσφαγίαις
3665 4047 3856 4099 προσ-

2248 4121 2483 4190 έχοντες,
2538 4123 2584 4173 οί
2625 4120 2816 4189 τυφλοὶ
2864 4120 2958 4173 καὶ
2991 4119 3152 4188 χωλοὶ
3185 4121 3234 4170 oi
3271 4117 3330 4183 ἐξ
3365 4118 3534 4171 ὲθνῶν
3565 4118 3860 4189 προσελή-

2247 4213 2482 4282 φθησαν,
2515 4211 2945 4282 θεραπευθέντες
2985 4211 3076 4263 ὑπ’
3112 4209 3298 4264 αὑτοῦ.

2326 4325 2343 4355 ι
2387 4300 2610 4366 Ἰδόντες
2641 4304 2696 4357 δὲ
2738 4306 2786 4356 οἱ
2833 4305 3108 4373 ἀρχιερεῖς
3153 4302 3247 4354 καὶ
3288 4303 3337 4354 oi
3369 4302 3728 4371 Γραμματεῖς
3773 4305 3860 4360 τὰ

2246 4396 2527 4465 θαυμάσια
2559 4395 2593 4448 ἃ.
2625 4396 2870 4466 ἐποίησε,
2915 4395 3163 4457 καὶτοὺς
3201 4395 3395 4456 παῖδας
3431 4393 3742 4464 κράζοντας
3787 4398 3859 4448 ἐν

2244 4488 2322 4557 τῷ
2347 4487 2498 4558 ἱερῷ,
2522 4489 2614 4540 καὶ
2637 4487 2896 4556 λέγοντας
2919 4506 2932 4518 ·
2966 4486 3197 4540 Ὡσαννά
3211 4486 3290 4557 τῷ
3335 4487 3435 4554 υἱῷ
3455 4486 3640 4550 Δαυτδ,
3665 4488 3862 4556 ἠγαν-

563 4558 699 4614 Filio
729 4561 920 4624 David,
951 4562 1212 4629 indignati
1258 4575 1403 4624 sunt,
1439 4575 1491 4616 et
1531 4566 1783 4620 dixerunt
1815 4570 1861 4620 ei
1917 4587 1930 4620 :
1970 4569 2140 4623 Audis

2257 4582 2621 4648 ὶκτησαν,κα“ι
2640 4575 2792 4633 εἷπον
2817 4579 2983 4650 αὐτῷ’
3025 4578 3269 4641 ’Λκούεις
3294 4579 3346 4631 τί
3376 4573 3522 4632 οὗτοι
3545 4579 3812 4646 λέγουσιν
3838 4602 3857 4649 ;

563 4653 690 4719 quid
739 4654 825 4706 isti
877 4654 1100 4705 dicont?
1137 4651 1291 4706 Jesus
1335 4665 1512 4706 autem
1545 4655 1676 4708 dicit
1721 4657 1871 4710 illis:
1919 4655 2135 4726 Utique.

563 4745 853 4813 Nunquam
900 4746 1141 4815 legiStis:
1173 4744 1249 4798 Ex
1286 4762 1379 4800 ore
1413 4747 1696 4800 infantium
1731 4759 1784 4801 et
1825 4750 2136 4804 lactentium

564 4839 833 4904 perii-cisti
863 4839 1114 4891 laudem?
1164 4859 1179 4888 ι
1227 4839 1482 4893 ΡΙιητίεῖεὶ
1516 4854 1636 4893 cum
1674 4841 1913 4895 viderent
1947 4859 2141 4910 pueros

562 4929 815 4998 hymnum
856 4929 1022 4982 David
1054 4930 1248 4983 offerre
1292 4930 1535 4996 Christo,
1570 4947 1730 5000 quem
1765 4933 1974 4988 videtur
2012 4934 2140 4987 Pro-

566 5023 723 5089 pheta
758 5021 866 5073 Deo
895 5022 1189 5084 obtulisse,
1226 5023 1564 5078 dissecantur
1593 5027 1797 5080 invidia
1823 5067 1836 5088 ,
1881 5036 1934 5080 et
1975 5029 2141 5082 inter-

564 5113 766 5181 pellant
797 5112 966 5176 illum,
993 5115 1132 5180 quod
1163 5115 1435 5181 permittat
1459 5118 1524 5171 de
1551 5134 1607 5170 se
1637 5119 1738 5172 dici
1767 5135 1887 5187 qum
1910 5121 2008 5175 soli
2035 5121 2141 5175 Deo

564 5205 848 5258 debentur.
883 5204 976 5256 ille
999 5214 1178 5258 autem
1207 5209 1376 5275 magis
1406 5212 1710 5277 approbans
1733 5214 1860 5266 dicit
1892 5231 1902 5266 :
1939 5214 2136 5269 Etiam.

563 5296 792 5347 'l‘antum
818 5297 967 5350 abest
991 5309 1046 5351 ut
1076 5300 1321 5352 obturem
1356 5318 1446 5354 ora
1463 5305 1603 5358 Jalia
1643 5307 1975 5370 dicentium,
2006 5318 2061 5361 ut
2089 5320 2140 5362 et

566 5385 847 5452 Propheta:
895 5391 1260 5442 testimonium
1309 5391 1604 5460 adducam,
1637 5407 1690 5450 et
1738 5413 1826 5452 vos
1857 5403 2138 5455 ostendam

565 5476 643 5528 vel
668 5477 963 5543 imperitos,
992 5484 1068 5533 vel
1097 5482 1326 5536 invidos.
1355 5485 1547 5537 Annon
1593 5488 1730 5539 enim
1762 5490 1966 5557 legistis
1992 5497 2164 5561 quod

570 5565 650 5620 Ex
687 5585 780 5623 ore
820 5571 1096 5626 infantium
1141 5586 1191 5628 ct
1218 5576 1530 5631 lat-tentinm
1578 5583 1848 5646 perl'ecisti
1886 5585 2138 5638 laudem?

565 5655 846 5724 Per-fuisti
878 5673 1056 5716 autem
1076 5665 1374 5732 signiticet:
1408 5666 1708 5724 l‘erl‘ectam
1755 5682 1806 5726 ct
1841 5675 2136 5731 absolutam

638 5851 711 5902 ἔτι)
755 5843 885 5899 Edit.
913 5846 1027 5900 Litt.
1064 5860 1108 5900 ΓΙ
1155 5850 1344 5902 οίιυίυθ

2260 4672 2317 4723 '0
2347 4671 2402 4723 δὲ
2441 4671 2646 4738 Ἰησοῦς
2673 4671 2820 4738 λέγει
2851 4673 3054 4733 αὐτοῖς·
3086 4671 3212 4723 Ναί.
3237 4671 3509 4722 Οὐδέποτε
3538 4671 3857 4741 ἀνέγνωτε,

2247 4765 2328 4816 ὅτι
2375 4765 2469 4816 Ἐκ
2498 4765 2768 4833 στόματος
2800 4764 3008 4833 νηπίων
3031 4766 3122 4816 καὶ
3154 4763 3496 4830 θηλαζόντων
3515 4765 3859 4832 κατηρτίσω

2247 4852 2426 4918 αἷνον;
2469 4875 2485 4906 ι
2533 4857 2595 4907 Ol
2631 4857 2914 4925 Φαρισαῖοι
2951 4857 3149 4920 ἰδόντες
3194 4858 3319 4917 τοὺς
3354 4855 3549 4918 παῖδας
3594 4858 3861 4923 προσφέ-

2250 4964 2443 5018 ροντας
2469 4947 2545 5017 τῷ
2580 4948 2800 5018 Χριστῷ
2838 4948 2927 5000 τὸν
2973 4947 3141 5017 ὕμνον
3171 4947 3266 5000 τοῦ
3298 4947 3496 5012 Δαιεδ,
3524 4947 3583 4998 δν
3621 4947 3782 4999 δοκεῖ
3826 4951 3861 5001 ὁ

2248 5037 2537 5107 προφήτης
2611 5037 2644 5106 ἶ)
2675 5039 2792 5107 Θεῷ
2826 5039 3125 5103 ἀναθεῖναι,
3153 5038 3500 5108 διαπρίονται
3529 5037 3606 5106 τῷ
3629 5039 3858 5110 φθόνῳ,

2246 5131 2341 5182 καὶ
2371 5129 2594 5192 κακίζοε
2609 5148 2687 5181 σιν
2721 5131 2880 5182 αὐτὸν
2904 5126 2978 5192 ὡς
2999 5132 3325 5199 ἀνεχόμενον
3354 5131 3422 5182 τὰ
3449 5131 3540 5182 τοῦ
3572 5128 3712 5181 Θεοῦ
3752 5133 3860 5184 ἐπ’

2245 5222 2392 5290 αὺτῷ
2419 5222 2692 5288 λέγεσῢαιν
2733 5225 2759 5274 ὸ
2786 5223 2863 5286 δὲ,
2894 5225 3220 5275 ἐπιϐεϐαιῶν
3251 5224 3472 5292 μᾶλλον,
3510 5222 3665 5293 φησί’
3704 5225 3855 5278 Ναί.

2247 5312 2512 5365 Τοσοῦτον
2533 5314 2664 5383 γὰρ,
2685 5316 2870 5384 φησὶν,
2899 5316 3085 5384 ἀπέχω
3103 5317 3194 5367 τοῦ
3211 5315 3559 5383 ἐπιστομίσαι
3586 5314 3718 5376 τοὺς
3755 5314 3858 5367 λέ-

2248 5405 2440 5470 γοντάς
2486 5424 2571 5473 ιτοι
2614 5407 2807 5468 ταίυτα,
2848 5407 2986 5459 ὥστε
3020 5409 3110 5460 καὶ
3146 5412 3234 5462 τὸν
3270 5411 3558 5479 προφήτην
3592 5408 3855 5474 παράγω

2241 5498 2514 5567 μάρτυρα,
2552 5502 2643 5552 καὶ
2679 5501 2821 5567 ὑμᾶς
2856 5503 3212 5571 ἀποδείκνυμι
3247 5502 3276 5569 ἢ
3310 5502 3597 5572 ἁμαοεῖςῆ
3636 5501 3852 5566 φθονε-

2241 5589 2385 5658 ρούς.
2427 5593 2538 5643 “by.
2586 5593 2855 5659 ἀνέγνωτε
2889 5597 3023 5662 γὰρ,
3064 5597 3144 5647 ὅτι
3184 5596 3276 5646 Ίῐκ
3317 5598 3581 5663 στόματος
3616 5595 3856 5662 νηπίων

2242 5684 2333 5733 καὶ
2390 5683 2733 5748 litigi-nun
2787 5689 3098 5756 κατηρτίσω
3153 5684 3330 5745 χτειονζ
3393 5690 3747 5754 Ῑιίιτηρτίσω
3783 5691 3854 5743 δὲ
