  <div class='ocr_page' id='page_1' title='image "/cluster/home/n/w/nwhite01/storage/ocr_20150623/123/ien.35556001659978/195.png"; bbox 0 0 4004 6414; ppageno 0'>
   <div class='ocr_carea' id='block_1_1' title="bbox 571 365 3815 466">
    <p class='ocr_par' dir='ltr' id='par_1_1' title="bbox 571 365 3815 466">
     <span class='ocr_line' id='line_1_1' title="bbox 571 365 3815 466; baseline -0.001 -6"><span class='ocrx_word' id='word_1_1' title='bbox 571 395 674 461; x_wconf 66' lang='grc' dir='ltr'><strong>ιιδ</strong></span> <span class='ocrx_word' id='word_1_2' title='bbox 1401 400 1976 464; x_wconf 78' lang='lat' dir='ltr'><strong>THEOPHYLACTI</strong></span> <span class='ocrx_word' id='word_1_3' title='bbox 2012 365 2418 463; x_wconf 65' lang='lat' dir='ltr'><strong>BULGARIAE</strong></span> <span class='ocrx_word' id='word_1_4' title='bbox 2459 404 2809 466; x_wconf 79' lang='lat' dir='ltr'><strong>ARCUlEP.</strong></span> <span class='ocrx_word' id='word_1_5' title='bbox 3703 391 3815 457; x_wconf 82' lang='lat'><strong>376</strong></span> 
     </span>
    </p>
   </div>
   <div class='ocr_carea' id='block_1_2' title="bbox 575 505 2159 586">
    <p class='ocr_par' dir='ltr' id='par_1_2' title="bbox 575 509 2133 583">
     <span class='ocr_line' id='line_1_2' title="bbox 575 509 2133 583; baseline 0.001 -17"><span class='ocrx_word' id='word_1_6' title='bbox 575 513 838 579; x_wconf 88' lang='lat' dir='ltr'><strong>taveritis,</strong></span> <span class='ocrx_word' id='word_1_7' title='bbox 867 531 972 572; x_wconf 92' lang='lat' dir='ltr'><strong>non</strong></span> <span class='ocrx_word' id='word_1_8' title='bbox 1003 515 1170 571; x_wconf 90' lang='lat' dir='ltr'><strong>solum</strong></span> <span class='ocrx_word' id='word_1_9' title='bbox 1200 515 1301 570; x_wconf 91' lang='lat' dir='ltr'><strong>hoc</strong></span> <span class='ocrx_word' id='word_1_10' title='bbox 1326 516 1467 583; x_wconf 92' lang='lat' dir='ltr'><strong>quod</strong></span> <span class='ocrx_word' id='word_1_11' title='bbox 1491 509 1688 570; x_wconf 80' lang='lat' dir='ltr'><strong>accidit</strong></span> <span class='ocrx_word' id='word_1_12' title='bbox 1717 515 1863 582; x_wconf 80' lang='lat' dir='ltr'><strong>fleui,</strong></span> <span class='ocrx_word' id='word_1_13' title='bbox 1888 514 2133 580; x_wconf 70' lang='lat' dir='ltr'><strong>facietis};</strong></span> 
     </span>
    </p>
   </div>
   <div class='ocr_carea' id='block_1_3' title="bbox 2264 505 3822 586">
    <p class='ocr_par' dir='ltr' id='par_1_3' title="bbox 2264 505 3822 586">
     <span class='ocr_line' id='line_1_3' title="bbox 2264 505 3822 586; baseline -0.004 -20"><span class='ocrx_word' id='word_1_14' title='bbox 2264 517 2300 569; x_wconf 80' lang='grc' dir='ltr'><strong>τὸ</strong></span> <span class='ocrx_word' id='word_1_15' title='bbox 2342 517 2441 586; x_wconf 83' lang='grc' dir='ltr'><strong>τῆς</strong></span> <span class='ocrx_word' id='word_1_16' title='bbox 2485 516 2658 582; x_wconf 76' lang='grc' dir='ltr'><strong>συκῆς</strong></span> <span class='ocrx_word' id='word_1_17' title='bbox 2705 517 2978 585; x_wconf 80' lang='grc' dir='ltr'><strong>ποιήσετε,</strong></span> <span class='ocrx_word' id='word_1_18' title='bbox 3025 512 3164 564; x_wconf 78' lang='grc' dir='ltr'><strong>ἀλλὰ</strong></span> <span class='ocrx_word' id='word_1_19' title='bbox 3213 509 3317 564; x_wconf 80' lang='grc' dir='ltr'><strong>κᾶν</strong></span> <span class='ocrx_word' id='word_1_20' title='bbox 3353 508 3426 579; x_wconf 83' lang='grc' dir='ltr'><strong>τῷ</strong></span> <span class='ocrx_word' id='word_1_21' title='bbox 3473 508 3587 578; x_wconf 68' lang='grc' dir='ltr'><strong>ὄρει</strong></span> <span class='ocrx_word' id='word_1_22' title='bbox 3639 505 3822 576; x_wconf 81' lang='grc' dir='ltr'><strong>τούτῳ</strong></span> 
     </span>
    </p>
   </div>
   <div class='ocr_carea' id='block_1_4' title="bbox 576 588 2159 679">
    <p class='ocr_par' dir='ltr' id='par_1_4' title="bbox 576 588 2137 673">
     <span class='ocr_line' id='line_1_4' title="bbox 576 588 2137 673; baseline 0.001 -16"><span class='ocrx_word' id='word_1_23' title='bbox 576 597 770 657; x_wconf 82' lang='lat' dir='ltr'><strong>verum</strong></span> <span class='ocrx_word' id='word_1_24' title='bbox 789 607 947 660; x_wconf 88' lang='lat' dir='ltr'><strong>etiam</strong></span> <span class='ocrx_word' id='word_1_25' title='bbox 967 608 1011 660; x_wconf 90' lang='lat' dir='ltr'><strong>si</strong></span> <span class='ocrx_word' id='word_1_26' title='bbox 1041 588 1207 660; x_wconf 87' lang='lat' dir='ltr'><strong>monti</strong></span> <span class='ocrx_word' id='word_1_27' title='bbox 1229 606 1352 661; x_wconf 87' lang='lat' dir='ltr'><strong>huic</strong></span> <span class='ocrx_word' id='word_1_28' title='bbox 1376 605 1641 668; x_wconf 80' lang='lat' dir='ltr'><strong>dixeritis,</strong></span> <span class='ocrx_word' id='word_1_29' title='bbox 1676 605 1907 670; x_wconf 82' lang='lat' dir='ltr'><strong>Tollere,</strong></span> <span class='ocrx_word' id='word_1_30' title='bbox 1929 617 1984 658; x_wconf 92' lang='lat' dir='ltr'><strong>et</strong></span> <span class='ocrx_word' id='word_1_31' title='bbox 2009 619 2137 673; x_wconf 89' lang='lat' dir='ltr'><strong>pro-</strong></span> 
     </span>
    </p>
   </div>
   <div class='ocr_carea' id='block_1_5' title="bbox 2264 588 3826 679">
    <p class='ocr_par' dir='ltr' id='par_1_5' title="bbox 2264 600 3826 679">
     <span class='ocr_line' id='line_1_5' title="bbox 2264 600 3826 679; baseline -0.005 -21"><span class='ocrx_word' id='word_1_32' title='bbox 2264 609 2452 679; x_wconf 76' lang='grc' dir='ltr'><strong>τῖπητε,</strong></span> <span class='ocrx_word' id='word_1_33' title='bbox 2484 608 2719 678; x_wconf 75' lang='grc' dir='ltr'><strong>’Ἄρθητι</strong></span> <span class='ocrx_word' id='word_1_34' title='bbox 2737 609 2830 660; x_wconf 83' lang='grc' dir='ltr'><strong>καί</strong></span> <span class='ocrx_word' id='word_1_35' title='bbox 2846 603 3073 676; x_wconf 83' lang='grc' dir='ltr'><strong>βλήθητι</strong></span> <span class='ocrx_word' id='word_1_36' title='bbox 3093 603 3172 664; x_wconf 88' lang='grc' dir='ltr'><strong>είς</strong></span> <span class='ocrx_word' id='word_1_37' title='bbox 3201 601 3299 672; x_wconf 80' lang='grc' dir='ltr'><strong>τὴν</strong></span> <span class='ocrx_word' id='word_1_38' title='bbox 3334 600 3630 662; x_wconf 85' lang='grc' dir='ltr'><strong>θάλασσαν,</strong></span> <span class='ocrx_word' id='word_1_39' title='bbox 3657 602 3826 665; x_wconf 65' lang='grc' dir='ltr'><strong>γενήο</strong></span> 
     </span>
    </p>
   </div>
   <div class='ocr_carea' id='block_1_6' title="bbox 574 693 2159 767">
    <p class='ocr_par' dir='ltr' id='par_1_6' title="bbox 574 696 2141 767">
     <span class='ocr_line' id='line_1_6' title="bbox 574 696 2141 767; baseline 0.003 -19"><span class='ocrx_word' id='word_1_40' title='bbox 574 697 680 764; x_wconf 75' lang='lat' dir='ltr'><strong>jice</strong></span> <span class='ocrx_word' id='word_1_41' title='bbox 711 707 761 752; x_wconf 92' lang='lat' dir='ltr'><strong>te</strong></span> <span class='ocrx_word' id='word_1_42' title='bbox 793 698 845 751; x_wconf 95' lang='lat' dir='ltr'><strong>in</strong></span> <span class='ocrx_word' id='word_1_43' title='bbox 877 712 1046 762; x_wconf 88' lang='lat' dir='ltr'><strong>mare,</strong></span> <span class='ocrx_word' id='word_1_44' title='bbox 1073 697 1181 751; x_wconf 86' lang='lat' dir='ltr'><strong>fiet.</strong></span> <span class='ocrx_word' id='word_1_45' title='bbox 1217 697 1283 751; x_wconf 88' lang='lat' dir='ltr'><strong>Et</strong></span> <span class='ocrx_word' id='word_1_46' title='bbox 1306 699 1485 752; x_wconf 84' lang='lat' dir='ltr'><strong>omnia</strong></span> <span class='ocrx_word' id='word_1_47' title='bbox 1513 713 1850 767; x_wconf 59' lang='lat' dir='ltr'><strong>quaecunque</strong></span> <span class='ocrx_word' id='word_1_48' title='bbox 1877 696 2141 766; x_wconf 74' lang='lat' dir='ltr'><strong>petieritis</strong></span> 
     </span>
    </p>
   </div>
   <div class='ocr_carea' id='block_1_7' title="bbox 2264 693 3821 767">
    <p class='ocr_par' dir='ltr' id='par_1_7' title="bbox 2264 693 3821 764">
     <span class='ocr_line' id='line_1_7' title="bbox 2264 693 3821 764; baseline -0.005 -13"><span class='ocrx_word' id='word_1_49' title='bbox 2264 717 2412 764; x_wconf 82' lang='grc' dir='ltr'><strong>ιεται,</strong></span> <span class='ocrx_word' id='word_1_50' title='bbox 2453 701 2547 754; x_wconf 76' lang='grc' dir='ltr'><strong>καὶ</strong></span> <span class='ocrx_word' id='word_1_51' title='bbox 2577 701 2753 752; x_wconf 86' lang='grc' dir='ltr'><strong>πάντα</strong></span> <span class='ocrx_word' id='word_1_52' title='bbox 2784 701 2880 752; x_wconf 81' lang='grc' dir='ltr'><strong>ὅσα</strong></span> <span class='ocrx_word' id='word_1_53' title='bbox 2925 697 2990 751; x_wconf 82' lang='grc' dir='ltr'><strong>ἂν</strong></span> <span class='ocrx_word' id='word_1_54' title='bbox 3023 697 3286 764; x_wconf 74' lang='grc' dir='ltr'><strong>αἰτήσητε</strong></span> <span class='ocrx_word' id='word_1_55' title='bbox 3316 695 3373 746; x_wconf 88' lang='grc' dir='ltr'><strong>ἐν</strong></span> <span class='ocrx_word' id='word_1_56' title='bbox 3409 694 3474 761; x_wconf 84' lang='grc' dir='ltr'><strong>τῇ</strong></span> <span class='ocrx_word' id='word_1_57' title='bbox 3519 693 3821 762; x_wconf 71' lang='grc' dir='ltr'><strong>προσευχῇ,</strong></span> 
     </span>
    </p>
   </div>
   <div class='ocr_carea' id='block_1_8' title="bbox 575 784 2159 861">
    <p class='ocr_par' dir='ltr' id='par_1_8' title="bbox 575 788 2140 858">
     <span class='ocr_line' id='line_1_8' title="bbox 575 788 2140 858; baseline -0.001 -16"><span class='ocrx_word' id='word_1_58' title='bbox 575 790 627 842; x_wconf 89' lang='lat' dir='ltr'><strong>in</strong></span> <span class='ocrx_word' id='word_1_59' title='bbox 705 789 1080 856; x_wconf 89' lang='lat' dir='ltr'><strong>deprecatione</strong></span> <span class='ocrx_word' id='word_1_60' title='bbox 1143 789 1444 853; x_wconf 85' lang='lat' dir='ltr'><strong>credentes,</strong></span> <span class='ocrx_word' id='word_1_61' title='bbox 1509 791 1807 858; x_wconf 84' lang='lat' dir='ltr'><strong>accipietis.</strong></span> <span class='ocrx_word' id='word_1_62' title='bbox 1868 809 1887 841; x_wconf 73' lang='grc' dir='ltr'><strong>ι</strong></span> <span class='ocrx_word' id='word_1_63' title='bbox 1953 788 2140 857; x_wconf 81' lang='lat' dir='ltr'><strong>Magna</strong></span> 
     </span>
    </p>
   </div>
   <div class='ocr_carea' id='block_1_9' title="bbox 2264 784 3821 861">
    <p class='ocr_par' dir='ltr' id='par_1_9' title="bbox 2264 784 3821 861">
     <span class='ocr_line' id='line_1_9' title="bbox 2264 784 3821 861; baseline -0.008 -14"><span class='ocrx_word' id='word_1_64' title='bbox 2264 794 2610 855; x_wconf 80' lang='grc' dir='ltr'><strong>τιστεύοντες,</strong></span> <span class='ocrx_word' id='word_1_65' title='bbox 2641 792 2898 861; x_wconf 75' lang='grc' dir='ltr'><strong>λήψεσθε.</strong></span> <span class='ocrx_word' id='word_1_66' title='bbox 2939 810 2956 842; x_wconf 81' lang='grc' dir='ltr'><strong>ι</strong></span> <span class='ocrx_word' id='word_1_67' title='bbox 2983 788 3209 857; x_wconf 83' lang='grc' dir='ltr'><strong>Μεγάλη</strong></span> <span class='ocrx_word' id='word_1_68' title='bbox 3247 788 3278 857; x_wconf 78' lang='grc' dir='ltr'><strong>ἡ</strong></span> <span class='ocrx_word' id='word_1_69' title='bbox 3302 785 3396 840; x_wconf 89' lang='grc' dir='ltr'><strong>τοῦ</strong></span> <span class='ocrx_word' id='word_1_70' title='bbox 3421 784 3659 853; x_wconf 80' lang='grc' dir='ltr'><strong>Χριστοῦ</strong></span> <span class='ocrx_word' id='word_1_71' title='bbox 3683 784 3821 852; x_wconf 82' lang='grc' dir='ltr'><strong>πρὸς</strong></span> 
     </span>
    </p>
   </div>
   <div class='ocr_carea' id='block_1_10' title="bbox 574 877 2159 956">
    <p class='ocr_par' dir='ltr' id='par_1_10' title="bbox 574 877 2143 948">
     <span class='ocr_line' id='line_1_10' title="bbox 574 877 2143 948; baseline -0.003 -14"><span class='ocrx_word' id='word_1_72' title='bbox 574 877 770 934; x_wconf 83' lang='lat' dir='ltr'><strong>Christi</strong></span> <span class='ocrx_word' id='word_1_73' title='bbox 797 893 957 946; x_wconf 90' lang='lat' dir='ltr'><strong>quam</strong></span> <span class='ocrx_word' id='word_1_74' title='bbox 995 878 1271 948; x_wconf 82' lang='lat' dir='ltr'><strong>discipulis</strong></span> <span class='ocrx_word' id='word_1_75' title='bbox 1297 881 1405 944; x_wconf 89' lang='lat' dir='ltr'><strong>dat,</strong></span> <span class='ocrx_word' id='word_1_76' title='bbox 1451 880 1761 946; x_wconf 84' lang='lat' dir='ltr'><strong>promissio,</strong></span> <span class='ocrx_word' id='word_1_77' title='bbox 1799 880 1938 948; x_wconf 89' lang='lat' dir='ltr'><strong>quod</strong></span> <span class='ocrx_word' id='word_1_78' title='bbox 1972 877 2143 944; x_wconf 87' lang='lat' dir='ltr'><strong>possi-</strong></span> 
     </span>
    </p>
   </div>
   <div class='ocr_carea' id='block_1_11' title="bbox 2264 877 3826 956">
    <p class='ocr_par' dir='ltr' id='par_1_11' title="bbox 2264 877 3826 956">
     <span class='ocr_line' id='line_1_11' title="bbox 2264 877 3826 956; baseline -0.008 -16"><span class='ocrx_word' id='word_1_79' title='bbox 2264 888 2366 948; x_wconf 74' lang='grc' dir='ltr'><strong>τοὺς</strong></span> <span class='ocrx_word' id='word_1_80' title='bbox 2395 886 2640 956; x_wconf 74' lang='grc' dir='ltr'><strong>μαθητὰς</strong></span> <span class='ocrx_word' id='word_1_81' title='bbox 2687 884 3011 951; x_wconf 86' lang='grc' dir='ltr'><strong>ἐπαγγελία,</strong></span> <span class='ocrx_word' id='word_1_82' title='bbox 3042 881 3105 935; x_wconf 87' lang='grc' dir='ltr'><strong>τὸ</strong></span> <span class='ocrx_word' id='word_1_83' title='bbox 3132 881 3201 935; x_wconf 82' lang='grc' dir='ltr'><strong>τὰ</strong></span> <span class='ocrx_word' id='word_1_84' title='bbox 3225 882 3326 950; x_wconf 80' lang='grc' dir='ltr'><strong>ὅρη</strong></span> <span class='ocrx_word' id='word_1_85' title='bbox 3368 877 3628 949; x_wconf 83' lang='grc' dir='ltr'><strong>μεθιστᾷν</strong></span> <span class='ocrx_word' id='word_1_86' title='bbox 3658 877 3826 929; x_wconf 83' lang='grc' dir='ltr'><strong>δύνα-</strong></span> 
     </span>
    </p>
   </div>
   <div class='ocr_carea' id='block_1_12' title="bbox 573 967 2159 1047">
    <p class='ocr_par' dir='ltr' id='par_1_12' title="bbox 573 967 2142 1037">
     <span class='ocr_line' id='line_1_12' title="bbox 573 967 2142 1037; baseline -0.001 -15"><span class='ocrx_word' id='word_1_87' title='bbox 573 983 694 1022; x_wconf 89' lang='lat' dir='ltr'><strong>mus</strong></span> <span class='ocrx_word' id='word_1_88' title='bbox 740 979 948 1024; x_wconf 88' lang='lat' dir='ltr'><strong>montes</strong></span> <span class='ocrx_word' id='word_1_89' title='bbox 989 969 1307 1036; x_wconf 79' lang='lat' dir='ltr'><strong>transferre,</strong></span> <span class='ocrx_word' id='word_1_90' title='bbox 1363 971 1407 1023; x_wconf 83' lang='lat' dir='ltr'><strong>si</strong></span> <span class='ocrx_word' id='word_1_91' title='bbox 1464 985 1568 1024; x_wconf 90' lang='lat' dir='ltr'><strong>non</strong></span> <span class='ocrx_word' id='word_1_92' title='bbox 1605 971 1840 1037; x_wconf 75' lang='lat' dir='ltr'><strong>ambigui</strong></span> <span class='ocrx_word' id='word_1_93' title='bbox 1886 967 2142 1022; x_wconf 85' lang='lat' dir='ltr'><strong>fuerimus</strong></span> 
     </span>
    </p>
   </div>
   <div class='ocr_carea' id='block_1_13' title="bbox 2264 967 3822 1047">
    <p class='ocr_par' dir='ltr' id='par_1_13' title="bbox 2264 969 3822 1047">
     <span class='ocr_line' id='line_1_13' title="bbox 2264 969 3822 1047; baseline -0.006 -19"><span class='ocrx_word' id='word_1_94' title='bbox 2264 978 2402 1038; x_wconf 73' lang='grc' dir='ltr'><strong>ςθαι,</strong></span> <span class='ocrx_word' id='word_1_95' title='bbox 2450 977 2544 1030; x_wconf 83' lang='grc' dir='ltr'><strong>ἐὰν</strong></span> <span class='ocrx_word' id='word_1_96' title='bbox 2578 976 2650 1047; x_wconf 84' lang='grc' dir='ltr'><strong>μὴ</strong></span> <span class='ocrx_word' id='word_1_97' title='bbox 2687 974 3078 1046; x_wconf 85' lang='grc' dir='ltr'><strong>διακριθῶμεν,</strong></span> <span class='ocrx_word' id='word_1_98' title='bbox 3113 972 3396 1033; x_wconf 79' lang='grc' dir='ltr'><strong>τουτέστι,</strong></span> <span class='ocrx_word' id='word_1_99' title='bbox 3437 969 3783 1036; x_wconf 85' lang='grc' dir='ltr'><strong>διστάσωμεν</strong></span> <span class='ocrx_word' id='word_1_100' title='bbox 3808 981 3822 996; x_wconf 81' lang='grc'><strong><em>⁸</em></strong></span> 
     </span>
    </p>
   </div>
   <div class='ocr_carea' id='block_1_14' title="bbox 575 1057 2159 1140">
    <p class='ocr_par' dir='ltr' id='par_1_14' title="bbox 575 1057 2144 1129">
     <span class='ocr_line' id='line_1_14' title="bbox 575 1057 2144 1129; baseline -0.003 -18"><span class='ocrx_word' id='word_1_101' title='bbox 575 1059 698 1125; x_wconf 85' lang='lat' dir='ltr'><strong>fide,</strong></span> <span class='ocrx_word' id='word_1_102' title='bbox 739 1071 792 1113; x_wconf 92' lang='lat' dir='ltr'><strong>et</strong></span> <span class='ocrx_word' id='word_1_103' title='bbox 825 1060 1279 1114; x_wconf 60' lang='lat' dir='ltr'><strong>ha‘sitaverimus.</strong></span> <span class='ocrx_word' id='word_1_104' title='bbox 1325 1060 1670 1129; x_wconf 68' lang='lat' dir='ltr'><strong>Quaecunque</strong></span> <span class='ocrx_word' id='word_1_105' title='bbox 1701 1060 1843 1113; x_wconf 90' lang='lat' dir='ltr'><strong>enim</strong></span> <span class='ocrx_word' id='word_1_106' title='bbox 1893 1057 2144 1126; x_wconf 89' lang='lat' dir='ltr'><strong>petiveri-</strong></span> 
     </span>
    </p>
   </div>
   <div class='ocr_carea' id='block_1_15' title="bbox 2264 1057 3826 1140">
    <p class='ocr_par' dir='ltr' id='par_1_15' title="bbox 2264 1060 3826 1140">
     <span class='ocr_line' id='line_1_15' title="bbox 2264 1060 3826 1140; baseline -0.006 -18"><span class='ocrx_word' id='word_1_107' title='bbox 2264 1071 2340 1122; x_wconf 77' lang='grc' dir='ltr'><strong>ἱσα</strong></span> <span class='ocrx_word' id='word_1_108' title='bbox 2389 1071 2498 1140; x_wconf 86' lang='grc' dir='ltr'><strong>γὰρ</strong></span> <span class='ocrx_word' id='word_1_109' title='bbox 2548 1069 2808 1137; x_wconf 78' lang='grc' dir='ltr'><strong>αἰτοῦμεν</strong></span> <span class='ocrx_word' id='word_1_110' title='bbox 2845 1068 3183 1129; x_wconf 82' lang='grc' dir='ltr'><strong>ἀδιστάκτως</strong></span> <span class='ocrx_word' id='word_1_111' title='bbox 3227 1063 3576 1124; x_wconf 80' lang='grc' dir='ltr'><strong>πιστεύοντες</strong></span> <span class='ocrx_word' id='word_1_112' title='bbox 3612 1063 3678 1132; x_wconf 75' lang='grc' dir='ltr'><strong>τῇ</strong></span> <span class='ocrx_word' id='word_1_113' title='bbox 3725 1060 3826 1114; x_wconf 84' lang='grc' dir='ltr'><strong>τοῦ</strong></span> 
     </span>
    </p>
   </div>
   <div class='ocr_carea' id='block_1_16' title="bbox 575 1149 2159 1226">
    <p class='ocr_par' dir='ltr' id='par_1_16' title="bbox 575 1152 2139 1214">
     <span class='ocr_line' id='line_1_16' title="bbox 575 1152 2139 1214; baseline 0 -10"><span class='ocrx_word' id='word_1_114' title='bbox 575 1167 696 1206; x_wconf 87' lang='lat' dir='ltr'><strong>mus</strong></span> <span class='ocrx_word' id='word_1_115' title='bbox 733 1152 868 1206; x_wconf 86' lang='lat' dir='ltr'><strong>citra</strong></span> <span class='ocrx_word' id='word_1_116' title='bbox 903 1153 1294 1207; x_wconf 73' lang='lat' dir='ltr'><strong>haesitationem</strong></span> <span class='ocrx_word' id='word_1_117' title='bbox 1326 1155 1553 1208; x_wconf 74' lang='lat' dir='ltr'><strong>fidentes</strong></span> <span class='ocrx_word' id='word_1_118' title='bbox 1581 1154 1774 1207; x_wconf 66' lang='lat' dir='ltr'><strong>divinae</strong></span> <span class='ocrx_word' id='word_1_119' title='bbox 1807 1153 2011 1214; x_wconf 83' lang='lat' dir='ltr'><strong>virtuti,</strong></span> <span class='ocrx_word' id='word_1_120' title='bbox 2052 1166 2139 1204; x_wconf 88' lang='lat' dir='ltr'><strong>ac-</strong></span> 
     </span>
    </p>
   </div>
   <div class='ocr_carea' id='block_1_17' title="bbox 2264 1149 3831 1226">
    <p class='ocr_par' dir='ltr' id='par_1_17' title="bbox 2264 1149 3831 1226">
     <span class='ocr_line' id='line_1_17' title="bbox 2264 1149 3831 1226; baseline -0.007 -15"><span class='ocrx_word' id='word_1_121' title='bbox 2264 1157 2374 1211; x_wconf 62' lang='grc' dir='ltr'><strong>ὶεοῦ</strong></span> <span class='ocrx_word' id='word_1_122' title='bbox 2409 1158 2667 1226; x_wconf 84' lang='grc' dir='ltr'><strong>δυνάμει,</strong></span> <span class='ocrx_word' id='word_1_123' title='bbox 2699 1156 3004 1226; x_wconf 77' lang='grc' dir='ltr'><strong>ληψόμεθα.</strong></span> <span class='ocrx_word' id='word_1_124' title='bbox 3039 1154 3168 1218; x_wconf 75' lang='grc' dir='ltr'><strong>Ναὶ,</strong></span> <span class='ocrx_word' id='word_1_125' title='bbox 3201 1153 3333 1222; x_wconf 68' lang='grc' dir='ltr'><strong>φησὶ</strong></span> <span class='ocrx_word' id='word_1_126' title='bbox 3355 1194 3369 1215; x_wconf 89' lang='grc'><strong>,</strong></span> <span class='ocrx_word' id='word_1_127' title='bbox 3404 1151 3497 1206; x_wconf 77' lang='grc' dir='ltr'><strong>καὶ</strong></span> <span class='ocrx_word' id='word_1_128' title='bbox 3541 1151 3636 1203; x_wconf 82' lang='grc' dir='ltr'><strong>ἐὰν</strong></span> <span class='ocrx_word' id='word_1_129' title='bbox 3666 1149 3831 1218; x_wconf 83' lang='grc' dir='ltr'><strong>αίτή-</strong></span> 
     </span>
    </p>
   </div>
   <div class='ocr_carea' id='block_1_18' title="bbox 575 1241 2159 1319">
    <p class='ocr_par' dir='ltr' id='par_1_18' title="bbox 575 1243 2142 1314">
     <span class='ocr_line' id='line_1_18' title="bbox 575 1243 2142 1314; baseline -0.001 -16"><span class='ocrx_word' id='word_1_130' title='bbox 575 1243 857 1310; x_wconf 85' lang='lat' dir='ltr'><strong>cipiemus.</strong></span> <span class='ocrx_word' id='word_1_131' title='bbox 891 1245 1091 1309; x_wconf 88' lang='lat' dir='ltr'><strong>Etiam,</strong></span> <span class='ocrx_word' id='word_1_132' title='bbox 1124 1245 1317 1314; x_wconf 85' lang='lat' dir='ltr'><strong>inquit,</strong></span> <span class='ocrx_word' id='word_1_133' title='bbox 1350 1245 1394 1299; x_wconf 92' lang='lat' dir='ltr'><strong>si</strong></span> <span class='ocrx_word' id='word_1_134' title='bbox 1423 1246 1768 1314; x_wconf 88' lang='lat' dir='ltr'><strong>petiverimus</strong></span> <span class='ocrx_word' id='word_1_135' title='bbox 1789 1257 1843 1298; x_wconf 88' lang='lat' dir='ltr'><strong>et</strong></span> <span class='ocrx_word' id='word_1_136' title='bbox 1873 1244 2010 1311; x_wconf 88' lang='lat' dir='ltr'><strong>quod</strong></span> <span class='ocrx_word' id='word_1_137' title='bbox 2039 1258 2142 1297; x_wconf 89' lang='lat' dir='ltr'><strong>non</strong></span> 
     </span>
    </p>
   </div>
   <div class='ocr_carea' id='block_1_19' title="bbox 2264 1241 3828 1319">
    <p class='ocr_par' dir='ltr' id='par_1_19' title="bbox 2264 1241 3828 1319">
     <span class='ocr_line' id='line_1_19' title="bbox 2264 1241 3828 1319; baseline -0.006 -18"><span class='ocrx_word' id='word_1_138' title='bbox 2264 1250 2425 1319; x_wconf 77' lang='grc' dir='ltr'><strong>ιωμαί</strong></span> <span class='ocrx_word' id='word_1_139' title='bbox 2455 1267 2506 1301; x_wconf 93' lang='grc' dir='ltr'><strong>τι</strong></span> <span class='ocrx_word' id='word_1_140' title='bbox 2540 1248 2880 1318; x_wconf 83' lang='grc' dir='ltr'><strong>ἀσύμφορον,</strong></span> <span class='ocrx_word' id='word_1_141' title='bbox 2916 1245 3158 1299; x_wconf 84' lang='grc' dir='ltr'><strong>πιστεύω</strong></span> <span class='ocrx_word' id='word_1_142' title='bbox 3185 1245 3241 1297; x_wconf 88' lang='grc' dir='ltr'><strong>δέ</strong></span> <span class='ocrx_word' id='word_1_143' title='bbox 3279 1245 3519 1310; x_wconf 83' lang='grc' dir='ltr'><strong>ἀνοήτως</strong></span> <span class='ocrx_word' id='word_1_144' title='bbox 3551 1241 3630 1295; x_wconf 82' lang='grc' dir='ltr'><strong>ὅτι</strong></span> <span class='ocrx_word' id='word_1_145' title='bbox 3657 1241 3828 1294; x_wconf 84' lang='grc' dir='ltr'><strong>δώσει</strong></span> 
     </span>
    </p>
   </div>
   <div class='ocr_carea' id='block_1_20' title="bbox 577 1330 2159 1409">
    <p class='ocr_par' dir='ltr' id='par_1_20' title="bbox 577 1332 2144 1400">
     <span class='ocr_line' id='line_1_20' title="bbox 577 1332 2144 1400; baseline -0.003 -11"><span class='ocrx_word' id='word_1_146' title='bbox 577 1333 951 1398; x_wconf 87' lang='lat' dir='ltr'><strong>conducibile,</strong></span> <span class='ocrx_word' id='word_1_147' title='bbox 997 1335 1211 1400; x_wconf 81' lang='lat' dir='ltr'><strong>credam</strong></span> <span class='ocrx_word' id='word_1_148' title='bbox 1264 1343 1444 1388; x_wconf 87' lang='lat' dir='ltr'><strong>autem</strong></span> <span class='ocrx_word' id='word_1_149' title='bbox 1492 1334 1812 1400; x_wconf 86' lang='lat' dir='ltr'><strong>insipienter</strong></span> <span class='ocrx_word' id='word_1_150' title='bbox 1864 1333 2005 1398; x_wconf 83' lang='lat' dir='ltr'><strong>quod</strong></span> <span class='ocrx_word' id='word_1_151' title='bbox 2043 1332 2144 1384; x_wconf 87' lang='lat' dir='ltr'><strong>hoc</strong></span> 
     </span>
    </p>
   </div>
   <div class='ocr_carea' id='block_1_21' title="bbox 2264 1330 3829 1409">
    <p class='ocr_par' dir='ltr' id='par_1_21' title="bbox 2264 1330 3829 1408">
     <span class='ocr_line' id='line_1_21' title="bbox 2264 1330 3829 1408; baseline -0.006 -16"><span class='ocrx_word' id='word_1_152' title='bbox 2264 1358 2335 1393; x_wconf 72' lang='grc' dir='ltr'><strong>ιοι</strong></span> <span class='ocrx_word' id='word_1_153' title='bbox 2358 1339 2516 1392; x_wconf 84' lang='grc' dir='ltr'><strong>τοῦτο</strong></span> <span class='ocrx_word' id='word_1_154' title='bbox 2543 1340 2571 1390; x_wconf 99' lang='lat'><strong>6</strong></span> <span class='ocrx_word' id='word_1_155' title='bbox 2604 1339 2735 1400; x_wconf 88' lang='grc' dir='ltr'><strong>Θεὸς</strong></span> <span class='ocrx_word' id='word_1_156' title='bbox 2754 1379 2768 1401; x_wconf 91' lang='grc'><strong>,</strong></span> <span class='ocrx_word' id='word_1_157' title='bbox 2799 1335 2908 1408; x_wconf 84' lang='grc' dir='ltr'><strong>ἆρα</strong></span> <span class='ocrx_word' id='word_1_158' title='bbox 2937 1337 3183 1406; x_wconf 75' lang='grc' dir='ltr'><strong>λήψομαι</strong></span> <span class='ocrx_word' id='word_1_159' title='bbox 3218 1337 3309 1388; x_wconf 70' lang='grc' dir='ltr'><strong>καὶ</strong></span> <span class='ocrx_word' id='word_1_160' title='bbox 3345 1336 3519 1386; x_wconf 85' lang='grc' dir='ltr'><strong>ἐκεῖνο</strong></span> <span class='ocrx_word' id='word_1_161' title='bbox 3546 1331 3607 1385; x_wconf 90' lang='grc' dir='ltr'><strong>τὸ</strong></span> <span class='ocrx_word' id='word_1_162' title='bbox 3638 1330 3829 1399; x_wconf 75' lang='grc' dir='ltr'><strong>ἀσύμ-</strong></span> 
     </span>
    </p>
   </div>
   <div class='ocr_carea' id='block_1_22' title="bbox 580 1422 2159 1502">
    <p class='ocr_par' dir='ltr' id='par_1_22' title="bbox 580 1423 2141 1501">
     <span class='ocr_line' id='line_1_22' title="bbox 580 1423 2141 1501; baseline -0.002 -22"><span class='ocrx_word' id='word_1_163' title='bbox 580 1426 710 1479; x_wconf 93' lang='lat' dir='ltr'><strong>mihi</strong></span> <span class='ocrx_word' id='word_1_164' title='bbox 740 1425 844 1479; x_wconf 49' lang='lat' dir='ltr'><strong>‘det</strong></span> <span class='ocrx_word' id='word_1_165' title='bbox 876 1427 1152 1491; x_wconf 88' lang='lat' dir='ltr'><strong>Dominus,</strong></span> <span class='ocrx_word' id='word_1_166' title='bbox 1191 1426 1526 1501; x_wconf 85' lang='lat' dir='ltr'><strong>accipiatnne</strong></span> <span class='ocrx_word' id='word_1_167' title='bbox 1563 1424 1725 1492; x_wconf 76' lang='lat' dir='ltr'><strong>igitur</strong></span> <span class='ocrx_word' id='word_1_168' title='bbox 1752 1433 1805 1477; x_wconf 89' lang='lat' dir='ltr'><strong>et</strong></span> <span class='ocrx_word' id='word_1_169' title='bbox 1841 1423 1970 1476; x_wconf 91' lang='lat' dir='ltr'><strong>illud</strong></span> <span class='ocrx_word' id='word_1_170' title='bbox 2001 1423 2141 1490; x_wconf 89' lang='lat' dir='ltr'><strong>quod</strong></span> 
     </span>
    </p>
   </div>
   <div class='ocr_carea' id='block_1_23' title="bbox 2264 1422 3828 1502">
    <p class='ocr_par' dir='ltr' id='par_1_23' title="bbox 2264 1422 3828 1502">
     <span class='ocr_line' id='line_1_23' title="bbox 2264 1422 3828 1502; baseline -0.007 -17"><span class='ocrx_word' id='word_1_171' title='bbox 2264 1450 2439 1502; x_wconf 72' lang='lat' dir='ltr'><strong>popov;</strong></span> <span class='ocrx_word' id='word_1_172' title='bbox 2472 1433 2579 1485; x_wconf 76' lang='lat' dir='ltr'><strong>Kal</strong></span> <span class='ocrx_word' id='word_1_173' title='bbox 2609 1431 2726 1494; x_wconf 84' lang='grc' dir='ltr'><strong>πῶς</strong></span> <span class='ocrx_word' id='word_1_174' title='bbox 2753 1429 3133 1498; x_wconf 84' lang='grc' dir='ltr'><strong>φιλάνθρωπος</strong></span> <span class='ocrx_word' id='word_1_175' title='bbox 3160 1426 3189 1479; x_wconf 90' lang='lat'><strong>6</strong></span> <span class='ocrx_word' id='word_1_176' title='bbox 3219 1427 3370 1488; x_wconf 83' lang='grc' dir='ltr'><strong>Θεὸς,</strong></span> <span class='ocrx_word' id='word_1_177' title='bbox 3405 1425 3520 1491; x_wconf 82' lang='grc' dir='ltr'><strong>είγε</strong></span> <span class='ocrx_word' id='word_1_178' title='bbox 3551 1425 3610 1476; x_wconf 92' lang='grc' dir='ltr'><strong>τὸ</strong></span> <span class='ocrx_word' id='word_1_179' title='bbox 3639 1422 3828 1492; x_wconf 81' lang='grc' dir='ltr'><strong>ἀσύμ-</strong></span> 
     </span>
    </p>
   </div>
   <div class='ocr_carea' id='block_1_24' title="bbox 579 1513 2159 1595">
    <p class='ocr_par' dir='ltr' id='par_1_24' title="bbox 579 1513 2140 1584">
     <span class='ocr_line' id='line_1_24' title="bbox 579 1513 2140 1584; baseline -0.003 -16"><span class='ocrx_word' id='word_1_180' title='bbox 579 1515 706 1568; x_wconf 89' lang='lat' dir='ltr'><strong>mihi</strong></span> <span class='ocrx_word' id='word_1_181' title='bbox 733 1531 838 1570; x_wconf 92' lang='lat' dir='ltr'><strong>non</strong></span> <span class='ocrx_word' id='word_1_182' title='bbox 872 1515 1126 1584; x_wconf 78' lang='lat' dir='ltr'><strong>expedit?</strong></span> <span class='ocrx_word' id='word_1_183' title='bbox 1153 1514 1294 1568; x_wconf 91' lang='lat' dir='ltr'><strong>Deus</strong></span> <span class='ocrx_word' id='word_1_184' title='bbox 1323 1515 1485 1584; x_wconf 78' lang='lat' dir='ltr'><strong>igitur</strong></span> <span class='ocrx_word' id='word_1_185' title='bbox 1507 1513 1776 1583; x_wconf 90' lang='lat' dir='ltr'><strong>quomodo</strong></span> <span class='ocrx_word' id='word_1_186' title='bbox 1806 1513 2140 1578; x_wconf 78' lang='lat' dir='ltr'><strong>misericors,</strong></span> 
     </span>
    </p>
   </div>
   <div class='ocr_carea' id='block_1_25' title="bbox 2264 1513 3830 1595">
    <p class='ocr_par' dir='ltr' id='par_1_25' title="bbox 2264 1513 3830 1595">
     <span class='ocr_line' id='line_1_25' title="bbox 2264 1513 3830 1595; baseline -0.01 -15"><span class='ocrx_word' id='word_1_187' title='bbox 2264 1524 2410 1595; x_wconf 66' lang='grc' dir='ltr'><strong>φορόν</strong></span> <span class='ocrx_word' id='word_1_188' title='bbox 2435 1542 2534 1595; x_wconf 90' lang='grc' dir='ltr'><strong>μου</strong></span> <span class='ocrx_word' id='word_1_189' title='bbox 2563 1523 2774 1594; x_wconf 73' lang='grc' dir='ltr'><strong>αἴτημα</strong></span> <span class='ocrx_word' id='word_1_190' title='bbox 2808 1522 3045 1591; x_wconf 81' lang='grc' dir='ltr'><strong>πληροϊ;</strong></span> <span class='ocrx_word' id='word_1_191' title='bbox 3089 1522 3287 1573; x_wconf 77' lang='grc' dir='ltr'><strong>’Ἄκουε</strong></span> <span class='ocrx_word' id='word_1_192' title='bbox 3320 1517 3432 1570; x_wconf 85' lang='grc' dir='ltr'><strong>οῦν.</strong></span> <span class='ocrx_word' id='word_1_193' title='bbox 3466 1515 3688 1586; x_wconf 82' lang='grc' dir='ltr'><strong>Πρῶτον</strong></span> <span class='ocrx_word' id='word_1_194' title='bbox 3723 1513 3830 1582; x_wconf 75' lang='grc' dir='ltr'><strong>μὲν</strong></span> 
     </span>
    </p>
   </div>
   <div class='ocr_carea' id='block_1_26' title="bbox 576 1603 2159 1684">
    <p class='ocr_par' dir='ltr' id='par_1_26' title="bbox 576 1603 2141 1674">
     <span class='ocr_line' id='line_1_26' title="bbox 576 1603 2141 1674; baseline -0.002 -17"><span class='ocrx_word' id='word_1_195' title='bbox 576 1603 622 1657; x_wconf 84' lang='lat' dir='ltr'><strong>si</strong></span> <span class='ocrx_word' id='word_1_196' title='bbox 652 1604 864 1670; x_wconf 87' lang='lat' dir='ltr'><strong>quidem</strong></span> <span class='ocrx_word' id='word_1_197' title='bbox 897 1620 1067 1659; x_wconf 86' lang='lat' dir='ltr'><strong>meam</strong></span> <span class='ocrx_word' id='word_1_198' title='bbox 1097 1605 1428 1673; x_wconf 88' lang='lat' dir='ltr'><strong>petitionem,</strong></span> <span class='ocrx_word' id='word_1_199' title='bbox 1463 1617 1583 1674; x_wconf 74' lang='lat' dir='ltr'><strong>quae</strong></span> <span class='ocrx_word' id='word_1_200' title='bbox 1609 1604 1737 1657; x_wconf 90' lang='lat' dir='ltr'><strong>mihi</strong></span> <span class='ocrx_word' id='word_1_201' title='bbox 1766 1618 1871 1657; x_wconf 94' lang='lat' dir='ltr'><strong>non</strong></span> <span class='ocrx_word' id='word_1_202' title='bbox 1902 1605 2141 1673; x_wconf 82' lang='lat' dir='ltr'><strong>prodest,</strong></span> 
     </span>
    </p>
   </div>
   <div class='ocr_carea' id='block_1_27' title="bbox 2264 1603 3836 1684">
    <p class='ocr_par' dir='ltr' id='par_1_27' title="bbox 2264 1604 3836 1684">
     <span class='ocr_line' id='line_1_27' title="bbox 2264 1604 3836 1684; baseline -0.008 -15"><span class='ocrx_word' id='word_1_203' title='bbox 2264 1618 2348 1680; x_wconf 65' lang='grc' dir='ltr'><strong>ἑτι,</strong></span> <span class='ocrx_word' id='word_1_204' title='bbox 2383 1617 2510 1668; x_wconf 82' lang='grc' dir='ltr'><strong>ὅταν</strong></span> <span class='ocrx_word' id='word_1_205' title='bbox 2542 1613 2779 1684; x_wconf 82' lang='grc' dir='ltr'><strong>ἀκούσῃς</strong></span> <span class='ocrx_word' id='word_1_206' title='bbox 2813 1613 3016 1677; x_wconf 81' lang='grc' dir='ltr'><strong>πίστιν,</strong></span> <span class='ocrx_word' id='word_1_207' title='bbox 3045 1610 3167 1680; x_wconf 79' lang='grc' dir='ltr'><strong>ούχί</strong></span> <span class='ocrx_word' id='word_1_208' title='bbox 3188 1610 3284 1676; x_wconf 72' lang='grc' dir='ltr'><strong>τὴν</strong></span> <span class='ocrx_word' id='word_1_209' title='bbox 3300 1608 3546 1678; x_wconf 84' lang='grc' dir='ltr'><strong>ἀνόητον,</strong></span> <span class='ocrx_word' id='word_1_210' title='bbox 3569 1604 3704 1659; x_wconf 79' lang='grc' dir='ltr'><strong>ἀλλὰ</strong></span> <span class='ocrx_word' id='word_1_211' title='bbox 3726 1604 3836 1671; x_wconf 72' lang='grc' dir='ltr'><strong>τὴν</strong></span> 
     </span>
    </p>
   </div>
   <div class='ocr_carea' id='block_1_28' title="bbox 580 1695 2159 1770">
    <p class='ocr_par' dir='ltr' id='par_1_28' title="bbox 580 1695 2141 1766">
     <span class='ocr_line' id='line_1_28' title="bbox 580 1695 2141 1766; baseline -0.001 -18"><span class='ocrx_word' id='word_1_212' title='bbox 580 1695 871 1764; x_wconf 83' lang='lat' dir='ltr'><strong>adimplet?</strong></span> <span class='ocrx_word' id='word_1_213' title='bbox 911 1696 1046 1750; x_wconf 84' lang='lat' dir='ltr'><strong>Audi</strong></span> <span class='ocrx_word' id='word_1_214' title='bbox 1077 1711 1226 1766; x_wconf 80' lang='lat' dir='ltr'><strong>ergo.</strong></span> <span class='ocrx_word' id='word_1_215' title='bbox 1261 1696 1500 1750; x_wconf 88' lang='lat' dir='ltr'><strong>Primum</strong></span> <span class='ocrx_word' id='word_1_216' title='bbox 1529 1711 1650 1750; x_wconf 91' lang='lat' dir='ltr'><strong>cum</strong></span> <span class='ocrx_word' id='word_1_217' title='bbox 1679 1695 1913 1748; x_wconf 87' lang='lat' dir='ltr'><strong>audieris</strong></span> <span class='ocrx_word' id='word_1_218' title='bbox 1950 1695 2141 1760; x_wconf 79' lang='lat' dir='ltr'><strong>fidem,</strong></span> 
     </span>
    </p>
   </div>
   <div class='ocr_carea' id='block_1_29' title="bbox 2264 1695 3833 1770">
    <p class='ocr_par' dir='ltr' id='par_1_29' title="bbox 2264 1695 3833 1770">
     <span class='ocr_line' id='line_1_29' title="bbox 2264 1695 3833 1770; baseline -0.007 -13"><span class='ocrx_word' id='word_1_219' title='bbox 2264 1705 2430 1766; x_wconf 74' lang='grc' dir='ltr'><strong>ἱντως,</strong></span> <span class='ocrx_word' id='word_1_220' title='bbox 2456 1707 2595 1757; x_wconf 85' lang='grc' dir='ltr'><strong>νοεῖν</strong></span> <span class='ocrx_word' id='word_1_221' title='bbox 2616 1703 2870 1770; x_wconf 75' lang='grc' dir='ltr'><strong>ὀφείλειςο</strong></span> <span class='ocrx_word' id='word_1_222' title='bbox 2902 1703 2998 1754; x_wconf 71' lang='grc' dir='ltr'><strong>καὶ</strong></span> <span class='ocrx_word' id='word_1_223' title='bbox 3027 1699 3333 1768; x_wconf 81' lang='grc' dir='ltr'><strong>προσευχὴν</strong></span> <span class='ocrx_word' id='word_1_224' title='bbox 3363 1698 3601 1766; x_wconf 85' lang='grc' dir='ltr'><strong>ἐκείνην,</strong></span> <span class='ocrx_word' id='word_1_225' title='bbox 3631 1696 3732 1765; x_wconf 84' lang='grc' dir='ltr'><strong>τὴν</strong></span> <span class='ocrx_word' id='word_1_226' title='bbox 3756 1695 3833 1748; x_wconf 80' lang='grc' dir='ltr'><strong>τὰ</strong></span> 
     </span>
    </p>
   </div>
   <div class='ocr_carea' id='block_1_30' title="bbox 578 1784 2159 1867">
    <p class='ocr_par' dir='ltr' id='par_1_30' title="bbox 578 1786 2144 1856">
     <span class='ocr_line' id='line_1_30' title="bbox 578 1786 2144 1856; baseline 0 -16"><span class='ocrx_word' id='word_1_227' title='bbox 578 1802 685 1840; x_wconf 85' lang='lat' dir='ltr'><strong>non</strong></span> <span class='ocrx_word' id='word_1_228' title='bbox 717 1786 933 1841; x_wconf 85' lang='lat' dir='ltr'><strong>stultam</strong></span> <span class='ocrx_word' id='word_1_229' title='bbox 970 1788 1112 1841; x_wconf 80' lang='lat' dir='ltr'><strong>illam</strong></span> <span class='ocrx_word' id='word_1_230' title='bbox 1148 1787 1305 1841; x_wconf 87' lang='lat' dir='ltr'><strong>fidem</strong></span> <span class='ocrx_word' id='word_1_231' title='bbox 1329 1829 1344 1854; x_wconf 92' lang='lat'><strong>,</strong></span> <span class='ocrx_word' id='word_1_232' title='bbox 1380 1787 1474 1842; x_wconf 93' lang='lat' dir='ltr'><strong>sed</strong></span> <span class='ocrx_word' id='word_1_233' title='bbox 1506 1802 1624 1842; x_wconf 88' lang='lat' dir='ltr'><strong>eam</strong></span> <span class='ocrx_word' id='word_1_234' title='bbox 1651 1802 1769 1856; x_wconf 67' lang='lat' dir='ltr'><strong>qua:</strong></span> <span class='ocrx_word' id='word_1_235' title='bbox 1793 1801 1980 1841; x_wconf 79' lang='lat' dir='ltr'><strong>revera</strong></span> <span class='ocrx_word' id='word_1_236' title='bbox 2015 1787 2144 1840; x_wconf 84' lang='lat' dir='ltr'><strong>ﬁdes</strong></span> 
     </span>
    </p>
   </div>
   <div class='ocr_carea' id='block_1_31' title="bbox 2264 1784 3830 1867">
    <p class='ocr_par' dir='ltr' id='par_1_31' title="bbox 2264 1784 3830 1867">
     <span class='ocr_line' id='line_1_31' title="bbox 2264 1784 3830 1867; baseline -0.009 -18"><span class='ocrx_word' id='word_1_237' title='bbox 2264 1796 2595 1867; x_wconf 72' lang='grc' dir='ltr'><strong>ςυμφέροντα</strong></span> <span class='ocrx_word' id='word_1_238' title='bbox 2623 1795 2970 1865; x_wconf 84' lang='grc' dir='ltr'><strong>αἰτουμένην,</strong></span> <span class='ocrx_word' id='word_1_239' title='bbox 3001 1793 3075 1855; x_wconf 81' lang='grc' dir='ltr'><strong>ὡς</strong></span> <span class='ocrx_word' id='word_1_240' title='bbox 3104 1794 3132 1843; x_wconf 93' lang='lat'><strong>6</strong></span> <span class='ocrx_word' id='word_1_241' title='bbox 3161 1790 3365 1860; x_wconf 80' lang='grc' dir='ltr'><strong>Κύριος</strong></span> <span class='ocrx_word' id='word_1_242' title='bbox 3393 1787 3700 1858; x_wconf 81' lang='grc' dir='ltr'><strong>παρέδωκε,</strong></span> <span class='ocrx_word' id='word_1_243' title='bbox 3734 1784 3830 1836; x_wconf 78' lang='grc' dir='ltr'><strong>λέ-</strong></span> 
     </span>
    </p>
   </div>
   <div class='ocr_carea' id='block_1_32' title="bbox 579 1848 2159 1958">
    <p class='ocr_par' dir='ltr' id='par_1_32' title="bbox 579 1879 2144 1950">
     <span class='ocr_line' id='line_1_32' title="bbox 579 1879 2144 1950; baseline 0.001 -20"><span class='ocrx_word' id='word_1_244' title='bbox 579 1888 684 1945; x_wconf 88' lang='lat' dir='ltr'><strong>e&#39;st,</strong></span> <span class='ocrx_word' id='word_1_245' title='bbox 713 1880 913 1946; x_wconf 80' lang='lat' dir='ltr'><strong>accipe,</strong></span> <span class='ocrx_word' id='word_1_246' title='bbox 938 1888 994 1934; x_wconf 87' lang='lat' dir='ltr'><strong>et</strong></span> <span class='ocrx_word' id='word_1_247' title='bbox 1013 1881 1444 1950; x_wconf 80' lang='lat' dir='ltr'><strong>deprecationem</strong></span> <span class='ocrx_word' id='word_1_248' title='bbox 1486 1879 1630 1934; x_wconf 87' lang='lat' dir='ltr'><strong>illam</strong></span> <span class='ocrx_word' id='word_1_249' title='bbox 1663 1895 1780 1950; x_wconf 71' lang='lat' dir='ltr'><strong>qua:</strong></span> <span class='ocrx_word' id='word_1_250' title='bbox 1812 1879 1960 1932; x_wconf 83' lang='lat' dir='ltr'><strong>utilia</strong></span> <span class='ocrx_word' id='word_1_251' title='bbox 1995 1881 2144 1947; x_wconf 90' lang='lat' dir='ltr'><strong>petit,</strong></span> 
     </span>
    </p>
   </div>
   <div class='ocr_carea' id='block_1_33' title="bbox 2264 1848 3838 1958">
    <p class='ocr_par' dir='ltr' id='par_1_33' title="bbox 2264 1848 3838 1958">
     <span class='ocr_line' id='line_1_33' title="bbox 2264 1848 3838 1958; baseline -0.011 -16"><span class='ocrx_word' id='word_1_252' title='bbox 2264 1848 2388 1956; x_wconf 63' lang='grc' dir='ltr'><strong>γωνῖ</strong></span> <span class='ocrx_word' id='word_1_253' title='bbox 2414 1848 2448 1938; x_wconf 61' lang='grc' dir='ltr'><strong>ξ’</strong></span> <span class='ocrx_word' id='word_1_254' title='bbox 2461 1887 2550 1956; x_wconf 84' lang='grc' dir='ltr'><strong>Μὴ</strong></span> <span class='ocrx_word' id='word_1_255' title='bbox 2567 1848 3076 1958; x_wconf 24' lang='grc' dir='ltr'><strong>νείσενὲγκῃςιήνμᾶς</strong></span> <span class='ocrx_word' id='word_1_256' title='bbox 3108 1883 3186 1945; x_wconf 89' lang='grc' dir='ltr'><strong>εἰς</strong></span> <span class='ocrx_word' id='word_1_257' title='bbox 3211 1848 3535 1951; x_wconf 70' lang='grc' dir='ltr'><strong>πειρασμὸν,</strong></span> <span class='ocrx_word' id='word_1_258' title='bbox 3565 1875 3698 1929; x_wconf 81' lang='grc' dir='ltr'><strong>ἀλλὰ</strong></span> <span class='ocrx_word' id='word_1_259' title='bbox 3729 1874 3838 1945; x_wconf 78' lang='grc' dir='ltr'><strong>ῥῦ-</strong></span> 
     </span>
    </p>
   </div>
   <div class='ocr_carea' id='block_1_34' title="bbox 580 1969 2146 2027">
    <p class='ocr_par' dir='ltr' id='par_1_34' title="bbox 580 1969 2146 2027">
     <span class='ocr_line' id='line_1_34' title="bbox 580 1969 2146 2027; baseline -0.002 -2"><span class='ocrx_word' id='word_1_260' title='bbox 580 1971 718 2025; x_wconf 76' lang='lat' dir='ltr'><strong>sirut</strong></span> <span class='ocrx_word' id='word_1_261' title='bbox 745 1972 960 2025; x_wconf 83' lang='lat' dir='ltr'><strong>tradidit</strong></span> <span class='ocrx_word' id='word_1_262' title='bbox 998 1972 1256 2026; x_wconf 88' lang='lat' dir='ltr'><strong>Dominus</strong></span> <span class='ocrx_word' id='word_1_263' title='bbox 1284 1973 1508 2027; x_wconf 84' lang='lat' dir='ltr'><strong>dicens:</strong></span> <span class='ocrx_word' id='word_1_264' title='bbox 1549 1990 1567 2022; x_wconf 81' lang='grc' dir='ltr'><strong>ι</strong></span> <span class='ocrx_word' id='word_1_265' title='bbox 1599 1969 1674 2024; x_wconf 80' lang='lat' dir='ltr'><strong>Ne</strong></span> <span class='ocrx_word' id='word_1_266' title='bbox 1712 1971 1932 2024; x_wconf 87' lang='lat' dir='ltr'><strong>inducas</strong></span> <span class='ocrx_word' id='word_1_267' title='bbox 1963 1985 2063 2022; x_wconf 90' lang='lat' dir='ltr'><strong>nos</strong></span> <span class='ocrx_word' id='word_1_268' title='bbox 2095 1971 2146 2022; x_wconf 91' lang='lat' dir='ltr'><strong>in</strong></span> 
     </span>
    </p>
   </div>
   <div class='ocr_carea' id='block_1_35' title="bbox 583 2061 2147 2129">
    <p class='ocr_par' dir='ltr' id='par_1_35' title="bbox 583 2061 2147 2129">
     <span class='ocr_line' id='line_1_35' title="bbox 583 2061 2147 2129; baseline 0.001 -14"><span class='ocrx_word' id='word_1_269' title='bbox 583 2064 966 2126; x_wconf 87' lang='lat' dir='ltr'><strong>tcntationem,</strong></span> <span class='ocrx_word' id='word_1_270' title='bbox 995 2064 1086 2117; x_wconf 89' lang='lat' dir='ltr'><strong>sed</strong></span> <span class='ocrx_word' id='word_1_271' title='bbox 1121 2063 1286 2118; x_wconf 89' lang='lat' dir='ltr'><strong>libera</strong></span> <span class='ocrx_word' id='word_1_272' title='bbox 1331 2079 1430 2117; x_wconf 92' lang='lat' dir='ltr'><strong>nos</strong></span> <span class='ocrx_word' id='word_1_273' title='bbox 1457 2079 1485 2115; x_wconf 86' lang='lat' dir='ltr'><strong>a</strong></span> <span class='ocrx_word' id='word_1_274' title='bbox 1521 2062 1658 2115; x_wconf 91' lang='lat' dir='ltr'><strong>malo</strong></span> <span class='ocrx_word' id='word_1_275' title='bbox 1681 2061 1768 2116; x_wconf 71' lang='lat'><strong>‘°:</strong></span> <span class='ocrx_word' id='word_1_276' title='bbox 1805 2081 1823 2114; x_wconf 80' lang='grc' dir='ltr'><strong>ι</strong></span> <span class='ocrx_word' id='word_1_277' title='bbox 1861 2071 1916 2116; x_wconf 87' lang='lat' dir='ltr'><strong>et</strong></span> <span class='ocrx_word' id='word_1_278' title='bbox 1941 2077 2060 2129; x_wconf 74' lang='lat' dir='ltr'><strong>qua:</strong></span> <span class='ocrx_word' id='word_1_279' title='bbox 2095 2062 2147 2116; x_wconf 91' lang='lat' dir='ltr'><strong>in</strong></span> 
     </span>
    </p>
   </div>
   <div class='ocr_carea' id='block_1_36' title="bbox 582 2153 2148 2222">
    <p class='ocr_par' dir='ltr' id='par_1_36' title="bbox 582 2153 2148 2222">
     <span class='ocr_line' id='line_1_36' title="bbox 582 2153 2148 2222; baseline -0.003 -14"><span class='ocrx_word' id='word_1_280' title='bbox 582 2167 644 2208; x_wconf 85' lang='lat' dir='ltr'><strong>ea</strong></span> <span class='ocrx_word' id='word_1_281' title='bbox 664 2153 906 2207; x_wconf 84' lang='lat' dir='ltr'><strong>oratione</strong></span> <span class='ocrx_word' id='word_1_282' title='bbox 924 2162 1051 2207; x_wconf 89' lang='lat' dir='ltr'><strong>sunt</strong></span> <span class='ocrx_word' id='word_1_283' title='bbox 1085 2155 1271 2208; x_wconf 88' lang='lat' dir='ltr'><strong>verba.</strong></span> <span class='ocrx_word' id='word_1_284' title='bbox 1302 2154 1524 2222; x_wconf 88' lang='lat' dir='ltr'><strong>Insuper</strong></span> <span class='ocrx_word' id='word_1_285' title='bbox 1557 2155 1679 2207; x_wconf 83' lang='lat' dir='ltr'><strong>vide</strong></span> <span class='ocrx_word' id='word_1_286' title='bbox 1705 2162 1760 2206; x_wconf 88' lang='lat' dir='ltr'><strong>et</strong></span> <span class='ocrx_word' id='word_1_287' title='bbox 1788 2153 2011 2207; x_wconf 78' lang='lat' dir='ltr'><strong>verbum</strong></span> <span class='ocrx_word' id='word_1_288' title='bbox 2041 2153 2148 2205; x_wconf 70' lang='lat' dir='ltr'><strong>hae-</strong></span> 
     </span>
    </p>
   </div>
   <div class='ocr_carea' id='block_1_37' title="bbox 582 2239 2151 2312">
    <p class='ocr_par' dir='ltr' id='par_1_37' title="bbox 582 2239 2151 2312">
     <span class='ocr_line' id='line_1_37' title="bbox 582 2239 2151 2312; baseline -0.003 -14"><span class='ocrx_word' id='word_1_289' title='bbox 582 2245 896 2298; x_wconf 82' lang='lat' dir='ltr'><strong>sitaveritis.</strong></span> <span class='ocrx_word' id='word_1_290' title='bbox 925 2245 1057 2296; x_wconf 84' lang='lat' dir='ltr'><strong>Nam</strong></span> <span class='ocrx_word' id='word_1_291' title='bbox 1092 2243 1181 2312; x_wconf 90' lang='lat' dir='ltr'><strong>qui</strong></span> <span class='ocrx_word' id='word_1_292' title='bbox 1216 2245 1401 2298; x_wconf 89' lang='lat' dir='ltr'><strong>unitus</strong></span> <span class='ocrx_word' id='word_1_293' title='bbox 1437 2239 1596 2296; x_wconf 83' lang='lat' dir='ltr'><strong>fuerit</strong></span> <span class='ocrx_word' id='word_1_294' title='bbox 1630 2242 1735 2297; x_wconf 88' lang='lat' dir='ltr'><strong>Deo</strong></span> <span class='ocrx_word' id='word_1_295' title='bbox 1762 2283 1777 2307; x_wconf 95' lang='lat'><strong>,</strong></span> <span class='ocrx_word' id='word_1_296' title='bbox 1813 2251 1866 2296; x_wconf 90' lang='lat' dir='ltr'><strong>et</strong></span> <span class='ocrx_word' id='word_1_297' title='bbox 1897 2257 2034 2296; x_wconf 80' lang='lat' dir='ltr'><strong>unus</strong></span> <span class='ocrx_word' id='word_1_298' title='bbox 2069 2250 2151 2295; x_wconf 89' lang='lat' dir='ltr'><strong>est</strong></span> 
     </span>
    </p>
   </div>
   <div class='ocr_carea' id='block_1_38' title="bbox 583 2317 2150 2402">
    <p class='ocr_par' dir='ltr' id='par_1_38' title="bbox 583 2317 2150 2402">
     <span class='ocr_line' id='line_1_38' title="bbox 583 2317 2150 2402; baseline -0.002 -15"><span class='ocrx_word' id='word_1_299' title='bbox 583 2349 704 2387; x_wconf 88' lang='lat' dir='ltr'><strong>cmn</strong></span> <span class='ocrx_word' id='word_1_300' title='bbox 750 2329 860 2398; x_wconf 88' lang='lat' dir='ltr'><strong>illo,</strong></span> <span class='ocrx_word' id='word_1_301' title='bbox 888 2344 941 2389; x_wconf 91' lang='lat' dir='ltr'><strong>et</strong></span> <span class='ocrx_word' id='word_1_302' title='bbox 980 2351 1083 2388; x_wconf 89' lang='lat' dir='ltr'><strong>non</strong></span> <span class='ocrx_word' id='word_1_303' title='bbox 1125 2335 1392 2388; x_wconf 89' lang='lat' dir='ltr'><strong>discretus</strong></span> <span class='ocrx_word' id='word_1_304' title='bbox 1424 2343 1478 2388; x_wconf 92' lang='lat' dir='ltr'><strong>et</strong></span> <span class='ocrx_word' id='word_1_305' title='bbox 1519 2343 1835 2401; x_wconf 88' lang='lat' dir='ltr'><strong>separatus,</strong></span> <span class='ocrx_word' id='word_1_306' title='bbox 1882 2317 2150 2402; x_wconf 85' lang='lat' dir='ltr'><strong>quomodo</strong></span> 
     </span>
    </p>
   </div>
   <div class='ocr_carea' id='block_1_39' title="bbox 584 2413 2152 2494">
    <p class='ocr_par' dir='ltr' id='par_1_39' title="bbox 584 2413 2152 2494">
     <span class='ocr_line' id='line_1_39' title="bbox 584 2413 2152 2494; baseline -0.003 -15"><span class='ocrx_word' id='word_1_307' title='bbox 584 2435 728 2494; x_wconf 84' lang='lat' dir='ltr'><strong>petet</strong></span> <span class='ocrx_word' id='word_1_308' title='bbox 751 2426 890 2494; x_wconf 88' lang='lat' dir='ltr'><strong>quod</strong></span> <span class='ocrx_word' id='word_1_309' title='bbox 924 2426 1113 2480; x_wconf 86' lang='lat' dir='ltr'><strong>inutile</strong></span> <span class='ocrx_word' id='word_1_310' title='bbox 1143 2425 1261 2480; x_wconf 77' lang='lat' dir='ltr'><strong>est?</strong></span> <span class='ocrx_word' id='word_1_311' title='bbox 1287 2424 1441 2480; x_wconf 91' lang='lat' dir='ltr'><strong>Unde</strong></span> <span class='ocrx_word' id='word_1_312' title='bbox 1468 2413 1512 2480; x_wconf 85' lang='lat' dir='ltr'><strong>si</strong></span> <span class='ocrx_word' id='word_1_313' title='bbox 1548 2424 1760 2479; x_wconf 89' lang='lat' dir='ltr'><strong>indivisi</strong></span> <span class='ocrx_word' id='word_1_314' title='bbox 1788 2433 1841 2478; x_wconf 89' lang='lat' dir='ltr'><strong>et</strong></span> <span class='ocrx_word' id='word_1_315' title='bbox 1873 2422 2152 2476; x_wconf 71' lang='lat' dir='ltr'><strong>indiscreti</strong></span> 
     </span>
    </p>
   </div>
   <div class='ocr_carea' id='block_1_40' title="bbox 583 2513 2153 2585">
    <p class='ocr_par' dir='ltr' id='par_1_40' title="bbox 583 2513 2153 2585">
     <span class='ocr_line' id='line_1_40' title="bbox 583 2513 2153 2585; baseline -0.002 -15"><span class='ocrx_word' id='word_1_316' title='bbox 583 2516 844 2570; x_wconf 78' lang='lat' dir='ltr'><strong>fuerimus</strong></span> <span class='ocrx_word' id='word_1_317' title='bbox 871 2530 900 2570; x_wconf 92' lang='lat' dir='ltr'><strong>a</strong></span> <span class='ocrx_word' id='word_1_318' title='bbox 932 2517 1061 2579; x_wconf 91' lang='lat' dir='ltr'><strong>Deo,</strong></span> <span class='ocrx_word' id='word_1_319' title='bbox 1091 2515 1443 2570; x_wconf 89' lang='lat' dir='ltr'><strong>conducibilia</strong></span> <span class='ocrx_word' id='word_1_320' title='bbox 1473 2526 1718 2585; x_wconf 86' lang='lat' dir='ltr'><strong>petemus</strong></span> <span class='ocrx_word' id='word_1_321' title='bbox 1749 2531 1777 2568; x_wconf 87' lang='lat' dir='ltr'><strong>a</strong></span> <span class='ocrx_word' id='word_1_322' title='bbox 1813 2513 1944 2580; x_wconf 92' lang='lat' dir='ltr'><strong>Deo,</strong></span> <span class='ocrx_word' id='word_1_323' title='bbox 1981 2523 2036 2568; x_wconf 92' lang='lat' dir='ltr'><strong>et</strong></span> <span class='ocrx_word' id='word_1_324' title='bbox 2065 2527 2153 2567; x_wconf 34' lang='lat' dir='ltr'><strong>ace</strong></span> 
     </span>
    </p>
   </div>
   <div class='ocr_carea' id='block_1_41' title="bbox 585 2608 868 2676">
    <p class='ocr_par' dir='ltr' id='par_1_41' title="bbox 585 2608 868 2676">
     <span class='ocr_line' id='line_1_41' title="bbox 585 2608 868 2676; baseline -0.011 -16"><span class='ocrx_word' id='word_1_325' title='bbox 585 2608 868 2676; x_wconf 89' lang='lat' dir='ltr'><strong>cipiemus.</strong></span> 
     </span>
    </p>
   </div>
   <div class='ocr_carea' id='block_1_42' title="bbox 657 2696 2154 2767">
    <p class='ocr_par' dir='ltr' id='par_1_42' title="bbox 657 2696 2154 2767">
     <span class='ocr_line' id='line_1_42' title="bbox 657 2696 2154 2767; baseline -0.001 -17"><span class='ocrx_word' id='word_1_326' title='bbox 657 2698 819 2752; x_wconf 73' lang='lat' dir='ltr'><strong>Vens.</strong></span> <span class='ocrx_word' id='word_1_327' title='bbox 855 2697 1042 2751; x_wconf 74' lang='lat'><strong>23-27.</strong></span> <span class='ocrx_word' id='word_1_328' title='bbox 1078 2715 1096 2748; x_wconf 80' lang='grc' dir='ltr'><strong>ι</strong></span> <span class='ocrx_word' id='word_1_329' title='bbox 1144 2697 1208 2750; x_wconf 82' lang='lat' dir='ltr'><strong>Et</strong></span> <span class='ocrx_word' id='word_1_330' title='bbox 1239 2713 1359 2751; x_wconf 93' lang='lat' dir='ltr'><strong>cum</strong></span> <span class='ocrx_word' id='word_1_331' title='bbox 1398 2701 1636 2752; x_wconf 83' lang='lat' dir='ltr'><strong>venisset</strong></span> <span class='ocrx_word' id='word_1_332' title='bbox 1665 2697 1719 2752; x_wconf 94' lang='lat' dir='ltr'><strong>in</strong></span> <span class='ocrx_word' id='word_1_333' title='bbox 1753 2696 2031 2767; x_wconf 85' lang='lat' dir='ltr'><strong>templum,</strong></span> <span class='ocrx_word' id='word_1_334' title='bbox 2063 2712 2154 2749; x_wconf 80' lang='lat' dir='ltr'><strong>ac-</strong></span> 
     </span>
    </p>
   </div>
   <div class='ocr_carea' id='block_1_43' title="bbox 587 2789 2154 2858">
    <p class='ocr_par' dir='ltr' id='par_1_43' title="bbox 587 2789 2154 2858">
     <span class='ocr_line' id='line_1_43' title="bbox 587 2789 2154 2858; baseline 0.001 -19"><span class='ocrx_word' id='word_1_335' title='bbox 587 2798 861 2843; x_wconf 85' lang='lat' dir='ltr'><strong>cesserunt</strong></span> <span class='ocrx_word' id='word_1_336' title='bbox 884 2790 949 2841; x_wconf 93' lang='lat' dir='ltr'><strong>ad</strong></span> <span class='ocrx_word' id='word_1_337' title='bbox 975 2802 1096 2842; x_wconf 90' lang='lat' dir='ltr'><strong>eum</strong></span> <span class='ocrx_word' id='word_1_338' title='bbox 1134 2789 1414 2842; x_wconf 90' lang='lat' dir='ltr'><strong>docentem</strong></span> <span class='ocrx_word' id='word_1_339' title='bbox 1443 2789 1712 2858; x_wconf 91' lang='lat' dir='ltr'><strong>principes</strong></span> <span class='ocrx_word' id='word_1_340' title='bbox 1739 2789 2075 2843; x_wconf 89' lang='lat' dir='ltr'><strong>sacerdotum</strong></span> <span class='ocrx_word' id='word_1_341' title='bbox 2102 2798 2154 2841; x_wconf 85' lang='lat' dir='ltr'><strong>et</strong></span> 
     </span>
    </p>
   </div>
   <div class='ocr_carea' id='block_1_44' title="bbox 586 2878 2152 2948">
    <p class='ocr_par' dir='ltr' id='par_1_44' title="bbox 586 2878 2152 2948">
     <span class='ocr_line' id='line_1_44' title="bbox 586 2878 2152 2948; baseline -0.001 -17"><span class='ocrx_word' id='word_1_342' title='bbox 586 2879 830 2932; x_wconf 72' lang='lat' dir='ltr'><strong>seniores</strong></span> <span class='ocrx_word' id='word_1_343' title='bbox 867 2878 1080 2946; x_wconf 87' lang='lat' dir='ltr'><strong>pepuli,</strong></span> <span class='ocrx_word' id='word_1_344' title='bbox 1114 2879 1355 2933; x_wconf 82' lang='lat' dir='ltr'><strong>dicentes</strong></span> <span class='ocrx_word' id='word_1_345' title='bbox 1385 2897 1396 2931; x_wconf 90' lang='lat'>:</span> <span class='ocrx_word' id='word_1_346' title='bbox 1430 2880 1544 2945; x_wconf 83' lang='lat' dir='ltr'><strong>Qua</strong></span> <span class='ocrx_word' id='word_1_347' title='bbox 1579 2881 1902 2932; x_wconf 86' lang='lat' dir='ltr'><strong>auctoritate</strong></span> <span class='ocrx_word' id='word_1_348' title='bbox 1935 2880 2045 2948; x_wconf 65' lang='lat' dir='ltr'><strong>harp</strong></span> <span class='ocrx_word' id='word_1_349' title='bbox 2077 2878 2152 2932; x_wconf 84' lang='lat' dir='ltr'><strong>fa-</strong></span> 
     </span>
    </p>
   </div>
   <div class='ocr_carea' id='block_1_45' title="bbox 587 2969 2127 3037">
    <p class='ocr_par' dir='ltr' id='par_1_45' title="bbox 587 2969 2127 3037">
     <span class='ocr_line' id='line_1_45' title="bbox 587 2969 2127 3037; baseline 0.001 -15"><span class='ocrx_word' id='word_1_350' title='bbox 587 2969 702 3023; x_wconf 84' lang='lat' dir='ltr'><strong>tis?</strong></span> <span class='ocrx_word' id='word_1_351' title='bbox 725 2979 776 3022; x_wconf 92' lang='lat' dir='ltr'><strong>et</strong></span> <span class='ocrx_word' id='word_1_352' title='bbox 805 2971 924 3037; x_wconf 89' lang='lat' dir='ltr'><strong>quis</strong></span> <span class='ocrx_word' id='word_1_353' title='bbox 959 2970 1047 3022; x_wconf 90' lang='lat' dir='ltr'><strong>tibi</strong></span> <span class='ocrx_word' id='word_1_354' title='bbox 1079 2970 1226 3022; x_wconf 86' lang='lat' dir='ltr'><strong>dedit</strong></span> <span class='ocrx_word' id='word_1_355' title='bbox 1257 2971 1415 3022; x_wconf 89' lang='lat' dir='ltr'><strong>istam</strong></span> <span class='ocrx_word' id='word_1_356' title='bbox 1465 2970 1882 3024; x_wconf 84' lang='lat' dir='ltr'><strong>auctoritatem?</strong></span> <span class='ocrx_word' id='word_1_357' title='bbox 1914 2971 2127 3035; x_wconf 81' lang='lat' dir='ltr'><strong>Rcspon</strong></span> 
     </span>
    </p>
   </div>
   <div class='ocr_carea' id='block_1_46' title="bbox 589 3053 2157 3132">
    <p class='ocr_par' dir='ltr' id='par_1_46' title="bbox 589 3053 2157 3132">
     <span class='ocr_line' id='line_1_46' title="bbox 589 3053 2157 3132; baseline -0.002 -18"><span class='ocrx_word' id='word_1_358' title='bbox 589 3062 720 3115; x_wconf 90' lang='lat' dir='ltr'><strong>dens</strong></span> <span class='ocrx_word' id='word_1_359' title='bbox 749 3070 924 3114; x_wconf 85' lang='lat' dir='ltr'><strong>autem</strong></span> <span class='ocrx_word' id='word_1_360' title='bbox 945 3060 1126 3126; x_wconf 72' lang='lat' dir='ltr'><strong>Iesus,</strong></span> <span class='ocrx_word' id='word_1_361' title='bbox 1157 3062 1293 3114; x_wconf 81' lang='lat' dir='ltr'><strong>dixit</strong></span> <span class='ocrx_word' id='word_1_362' title='bbox 1323 3062 1400 3114; x_wconf 89' lang='lat' dir='ltr'><strong>cis</strong></span> <span class='ocrx_word' id='word_1_363' title='bbox 1426 3080 1439 3114; x_wconf 91' lang='lat'><strong>:</strong></span> <span class='ocrx_word' id='word_1_364' title='bbox 1474 3053 1826 3132; x_wconf 76' lang='lat' dir='ltr'><strong>Interrogabo</strong></span> <span class='ocrx_word' id='word_1_365' title='bbox 1857 3078 1951 3114; x_wconf 77' lang='lat' dir='ltr'><strong>vos</strong></span> <span class='ocrx_word' id='word_1_366' title='bbox 1980 3074 2031 3114; x_wconf 87' lang='lat' dir='ltr'><strong>et</strong></span> <span class='ocrx_word' id='word_1_367' title='bbox 2058 3077 2157 3129; x_wconf 80' lang='lat' dir='ltr'><strong>ego</strong></span> 
     </span>
    </p>
   </div>
   <div class='ocr_carea' id='block_1_47' title="bbox 588 3150 2155 3221">
    <p class='ocr_par' dir='ltr' id='par_1_47' title="bbox 588 3150 2155 3221">
     <span class='ocr_line' id='line_1_47' title="bbox 588 3150 2155 3221; baseline -0.001 -17"><span class='ocrx_word' id='word_1_368' title='bbox 588 3150 864 3220; x_wconf 86' lang='lat' dir='ltr'><strong>quiddam,</strong></span> <span class='ocrx_word' id='word_1_369' title='bbox 887 3153 1029 3220; x_wconf 90' lang='lat' dir='ltr'><strong>quod</strong></span> <span class='ocrx_word' id='word_1_370' title='bbox 1063 3151 1385 3206; x_wconf 76' lang='lat' dir='ltr'><strong>sidixeritis</strong></span> <span class='ocrx_word' id='word_1_371' title='bbox 1409 3151 1562 3214; x_wconf 90' lang='lat' dir='ltr'><strong>mihi,</strong></span> <span class='ocrx_word' id='word_1_372' title='bbox 1597 3162 1650 3205; x_wconf 94' lang='lat' dir='ltr'><strong>et</strong></span> <span class='ocrx_word' id='word_1_373' title='bbox 1681 3168 1779 3221; x_wconf 79' lang='lat' dir='ltr'><strong>ego</strong></span> <span class='ocrx_word' id='word_1_374' title='bbox 1806 3152 1954 3207; x_wconf 89' lang='lat' dir='ltr'><strong>vobis</strong></span> <span class='ocrx_word' id='word_1_375' title='bbox 1985 3153 2155 3206; x_wconf 87' lang='lat' dir='ltr'><strong>dicam</strong></span> 
     </span>
    </p>
   </div>
   <div class='ocr_carea' id='block_1_48' title="bbox 587 3243 2160 3312">
    <p class='ocr_par' dir='ltr' id='par_1_48' title="bbox 587 3243 2160 3312">
     <span class='ocr_line' id='line_1_48' title="bbox 587 3243 2160 3312; baseline 0.002 -18"><span class='ocrx_word' id='word_1_376' title='bbox 587 3258 691 3312; x_wconf 88' lang='lat' dir='ltr'><strong>qua</strong></span> <span class='ocrx_word' id='word_1_377' title='bbox 717 3245 1042 3296; x_wconf 82' lang='lat' dir='ltr'><strong>auctoritate</strong></span> <span class='ocrx_word' id='word_1_378' title='bbox 1064 3245 1179 3296; x_wconf 73' lang='lat' dir='ltr'><strong>haec</strong></span> <span class='ocrx_word' id='word_1_379' title='bbox 1198 3244 1414 3298; x_wconf 84' lang='lat' dir='ltr'><strong>faciam.</strong></span> <span class='ocrx_word' id='word_1_380' title='bbox 1444 3243 1751 3312; x_wconf 83' lang='lat' dir='ltr'><strong>Baptismns</strong></span> <span class='ocrx_word' id='word_1_381' title='bbox 1774 3243 1995 3298; x_wconf 82' lang='lat' dir='ltr'><strong>Joannis</strong></span> <span class='ocrx_word' id='word_1_382' title='bbox 2021 3245 2160 3297; x_wconf 83' lang='lat' dir='ltr'><strong>unde</strong></span> 
     </span>
    </p>
   </div>
   <div class='ocr_carea' id='block_1_49' title="bbox 589 3333 2160 3404">
    <p class='ocr_par' dir='ltr' id='par_1_49' title="bbox 589 3333 2160 3404">
     <span class='ocr_line' id='line_1_49' title="bbox 589 3333 2160 3404; baseline 0.001 -15"><span class='ocrx_word' id='word_1_383' title='bbox 589 3333 804 3389; x_wconf 66' lang='lat' dir='ltr'><strong>eratie</strong></span> <span class='ocrx_word' id='word_1_384' title='bbox 835 3335 993 3398; x_wconf 62' lang='lat' dir='ltr'><strong>celo,</strong></span> <span class='ocrx_word' id='word_1_385' title='bbox 1029 3349 1094 3388; x_wconf 83' lang='lat' dir='ltr'><strong>an</strong></span> <span class='ocrx_word' id='word_1_386' title='bbox 1131 3349 1198 3388; x_wconf 82' lang='lat' dir='ltr'><strong>ex</strong></span> <span class='ocrx_word' id='word_1_387' title='bbox 1244 3335 1592 3388; x_wconf 85' lang='lat' dir='ltr'><strong>hominibus?</strong></span> <span class='ocrx_word' id='word_1_388' title='bbox 1620 3333 1688 3389; x_wconf 83' lang='lat' dir='ltr'><strong>At</strong></span> <span class='ocrx_word' id='word_1_389' title='bbox 1721 3338 1795 3390; x_wconf 92' lang='lat' dir='ltr'><strong>illi</strong></span> <span class='ocrx_word' id='word_1_390' title='bbox 1852 3337 2160 3404; x_wconf 81' lang='lat' dir='ltr'><strong>cogitabant</strong></span> 
     </span>
    </p>
   </div>
   <div class='ocr_carea' id='block_1_50' title="bbox 590 3423 2156 3494">
    <p class='ocr_par' dir='ltr' id='par_1_50' title="bbox 590 3423 2156 3494">
     <span class='ocr_line' id='line_1_50' title="bbox 590 3423 2156 3494; baseline 0 -16"><span class='ocrx_word' id='word_1_391' title='bbox 590 3427 732 3494; x_wconf 84' lang='lat' dir='ltr'><strong>aqud</strong></span> <span class='ocrx_word' id='word_1_392' title='bbox 759 3439 840 3487; x_wconf 85' lang='lat' dir='ltr'><strong>se,</strong></span> <span class='ocrx_word' id='word_1_393' title='bbox 863 3427 1143 3480; x_wconf 88' lang='lat' dir='ltr'><strong>dicentes:</strong></span> <span class='ocrx_word' id='word_1_394' title='bbox 1169 3423 1223 3478; x_wconf 93' lang='lat' dir='ltr'><strong>Si</strong></span> <span class='ocrx_word' id='word_1_395' title='bbox 1248 3425 1546 3479; x_wconf 88' lang='lat' dir='ltr'><strong>dixerimus</strong></span> <span class='ocrx_word' id='word_1_396' title='bbox 1574 3440 1603 3479; x_wconf 90' lang='lat' dir='ltr'><strong>e</strong></span> <span class='ocrx_word' id='word_1_397' title='bbox 1626 3428 1784 3490; x_wconf 87' lang='lat' dir='ltr'><strong>coelo,</strong></span> <span class='ocrx_word' id='word_1_398' title='bbox 1809 3429 1950 3481; x_wconf 89' lang='lat' dir='ltr'><strong>dicet</strong></span> <span class='ocrx_word' id='word_1_399' title='bbox 1981 3428 2156 3491; x_wconf 79' lang='lat' dir='ltr'><strong>nobis,</strong></span> 
     </span>
    </p>
   </div>
   <div class='ocr_carea' id='block_1_51' title="bbox 589 3514 2158 3584">
    <p class='ocr_par' dir='ltr' id='par_1_51' title="bbox 589 3514 2158 3584">
     <span class='ocr_line' id='line_1_51' title="bbox 589 3514 2158 3584; baseline 0.003 -17"><span class='ocrx_word' id='word_1_400' title='bbox 589 3514 766 3582; x_wconf 86' lang='lat' dir='ltr'><strong>Quare</strong></span> <span class='ocrx_word' id='word_1_401' title='bbox 800 3530 929 3584; x_wconf 72' lang='lat' dir='ltr'><strong>ergo</strong></span> <span class='ocrx_word' id='word_1_402' title='bbox 966 3530 1072 3570; x_wconf 92' lang='lat' dir='ltr'><strong>non</strong></span> <span class='ocrx_word' id='word_1_403' title='bbox 1104 3515 1412 3570; x_wconf 85' lang='lat' dir='ltr'><strong>credidistis</strong></span> <span class='ocrx_word' id='word_1_404' title='bbox 1463 3517 1536 3571; x_wconf 87' lang='lat' dir='ltr'><strong>illi</strong></span> <span class='ocrx_word' id='word_1_405' title='bbox 1558 3516 1706 3580; x_wconf 81' lang='lat' dir='ltr'><strong>?,Sin</strong></span> <span class='ocrx_word' id='word_1_406' title='bbox 1740 3528 1919 3572; x_wconf 86' lang='lat' dir='ltr'><strong>autem</strong></span> <span class='ocrx_word' id='word_1_407' title='bbox 1956 3519 2158 3572; x_wconf 85' lang='lat' dir='ltr'><strong>dixeri-</strong></span> 
     </span>
    </p>
   </div>
   <div class='ocr_carea' id='block_1_52' title="bbox 591 3591 2160 3672">
    <p class='ocr_par' dir='ltr' id='par_1_52' title="bbox 591 3591 2160 3672">
     <span class='ocr_line' id='line_1_52' title="bbox 591 3591 2160 3672; baseline 0.003 -12"><span class='ocrx_word' id='word_1_408' title='bbox 591 3623 733 3672; x_wconf 84' lang='lat' dir='ltr'><strong>mus,</strong></span> <span class='ocrx_word' id='word_1_409' title='bbox 764 3623 830 3661; x_wconf 89' lang='lat' dir='ltr'><strong>ex</strong></span> <span class='ocrx_word' id='word_1_410' title='bbox 862 3608 1199 3669; x_wconf 88' lang='lat' dir='ltr'><strong>hominibus,</strong></span> <span class='ocrx_word' id='word_1_411' title='bbox 1235 3609 1487 3663; x_wconf 90' lang='lat' dir='ltr'><strong>timemus</strong></span> <span class='ocrx_word' id='word_1_412' title='bbox 1519 3610 1750 3663; x_wconf 88' lang='lat' dir='ltr'><strong>turbam.</strong></span> <span class='ocrx_word' id='word_1_413' title='bbox 1783 3609 1984 3665; x_wconf 91' lang='lat' dir='ltr'><strong>Omnes</strong></span> <span class='ocrx_word' id='word_1_414' title='bbox 2017 3591 2160 3664; x_wconf 85' lang='lat' dir='ltr'><strong>enim</strong></span> 
     </span>
    </p>
   </div>
   <div class='ocr_carea' id='block_1_53' title="bbox 592 3697 2161 3768">
    <p class='ocr_par' dir='ltr' id='par_1_53' title="bbox 592 3697 2161 3768">
     <span class='ocr_line' id='line_1_53' title="bbox 592 3697 2161 3768; baseline 0.001 -14"><span class='ocrx_word' id='word_1_415' title='bbox 592 3699 864 3754; x_wconf 82' lang='lat' dir='ltr'><strong>habebant</strong></span> <span class='ocrx_word' id='word_1_416' title='bbox 889 3697 1151 3753; x_wconf 79' lang='lat' dir='ltr'><strong>Joannem</strong></span> <span class='ocrx_word' id='word_1_417' title='bbox 1190 3710 1249 3754; x_wconf 91' lang='grc' dir='ltr'><strong>ιιι</strong></span> <span class='ocrx_word' id='word_1_418' title='bbox 1285 3701 1625 3768; x_wconf 82' lang='lat' dir='ltr'><strong>prophetam.</strong></span> <span class='ocrx_word' id='word_1_419' title='bbox 1677 3701 1740 3753; x_wconf 85' lang='lat' dir='ltr'><strong>Et</strong></span> <span class='ocrx_word' id='word_1_420' title='bbox 1778 3703 2161 3768; x_wconf 85' lang='lat' dir='ltr'><strong>respondentes</strong></span> 
     </span>
    </p>
   </div>
   <div class='ocr_carea' id='block_1_54' title="bbox 589 3787 2163 3861">
    <p class='ocr_par' dir='ltr' id='par_1_54' title="bbox 589 3787 2163 3861">
     <span class='ocr_line' id='line_1_54' title="bbox 589 3787 2163 3861; baseline 0.001 -17"><span class='ocrx_word' id='word_1_421' title='bbox 589 3787 714 3845; x_wconf 69' lang='lat' dir='ltr'><strong>Iesu</strong></span> <span class='ocrx_word' id='word_1_422' title='bbox 741 3791 992 3844; x_wconf 85' lang='lat' dir='ltr'><strong>dixerunt</strong></span> <span class='ocrx_word' id='word_1_423' title='bbox 1014 3809 1028 3844; x_wconf 91' lang='lat'><strong>:</strong></span> <span class='ocrx_word' id='word_1_424' title='bbox 1049 3791 1346 3845; x_wconf 80' lang='lat' dir='ltr'><strong>Nescimus.</strong></span> <span class='ocrx_word' id='word_1_425' title='bbox 1387 3792 1541 3861; x_wconf 74' lang='lat'><strong>113</strong></span> <span class='ocrx_word' id='word_1_426' title='bbox 1567 3793 1648 3845; x_wconf 80' lang='lat' dir='ltr'><strong>Ait</strong></span> <span class='ocrx_word' id='word_1_427' title='bbox 1668 3793 1768 3845; x_wconf 88' lang='lat' dir='ltr'><strong>illis</strong></span> <span class='ocrx_word' id='word_1_428' title='bbox 1787 3804 1839 3847; x_wconf 90' lang='lat' dir='ltr'><strong>et</strong></span> <span class='ocrx_word' id='word_1_429' title='bbox 1864 3795 1977 3861; x_wconf 88' lang='lat' dir='ltr'><strong>ipse</strong></span> <span class='ocrx_word' id='word_1_430' title='bbox 2012 3813 2025 3848; x_wconf 89' lang='lat'><strong>:</strong></span> <span class='ocrx_word' id='word_1_431' title='bbox 2054 3793 2163 3847; x_wconf 88' lang='lat' dir='ltr'><strong>Nec</strong></span> 
     </span>
    </p>
   </div>
   <div class='ocr_carea' id='block_1_55' title="bbox 593 3882 2162 3949">
    <p class='ocr_par' dir='ltr' id='par_1_55' title="bbox 593 3882 2162 3949">
     <span class='ocr_line' id='line_1_55' title="bbox 593 3882 2162 3949; baseline 0.001 -13"><span class='ocrx_word' id='word_1_432' title='bbox 593 3896 693 3948; x_wconf 80' lang='lat' dir='ltr'><strong>ego</strong></span> <span class='ocrx_word' id='word_1_433' title='bbox 723 3882 844 3936; x_wconf 80' lang='lat' dir='ltr'><strong>dico</strong></span> <span class='ocrx_word' id='word_1_434' title='bbox 871 3883 1022 3935; x_wconf 85' lang='lat' dir='ltr'><strong>vobis</strong></span> <span class='ocrx_word' id='word_1_435' title='bbox 1047 3897 1150 3949; x_wconf 87' lang='lat' dir='ltr'><strong>qua</strong></span> <span class='ocrx_word' id='word_1_436' title='bbox 1183 3882 1508 3938; x_wconf 67' lang='lat' dir='ltr'><strong>auctoritate</strong></span> <span class='ocrx_word' id='word_1_437' title='bbox 1545 3885 1653 3936; x_wconf 75' lang='lat' dir='ltr'><strong>hrec</strong></span> <span class='ocrx_word' id='word_1_438' title='bbox 1687 3883 1908 3937; x_wconf 77' lang='lat' dir='ltr'><strong>faciam.</strong></span> <span class='ocrx_word' id='word_1_439' title='bbox 1956 3903 1974 3936; x_wconf 77' lang='grc' dir='ltr'><strong>ι</strong></span> <span class='ocrx_word' id='word_1_440' title='bbox 2014 3886 2162 3938; x_wconf 84' lang='lat' dir='ltr'><strong>Invi-</strong></span> 
     </span>
    </p>
   </div>
   <div class='ocr_carea' id='block_1_56' title="bbox 594 3970 2161 4041">
    <p class='ocr_par' dir='ltr' id='par_1_56' title="bbox 594 3970 2161 4041">
     <span class='ocr_line' id='line_1_56' title="bbox 594 3970 2161 4041; baseline 0.002 -19"><span class='ocrx_word' id='word_1_441' title='bbox 594 3973 784 4024; x_wconf 84' lang='lat' dir='ltr'><strong>dentes</strong></span> <span class='ocrx_word' id='word_1_442' title='bbox 807 3971 1098 4038; x_wconf 78' lang='lat' dir='ltr'><strong>legispcriti</strong></span> <span class='ocrx_word' id='word_1_443' title='bbox 1123 3971 1247 4025; x_wconf 81' lang='lat' dir='ltr'><strong>Jesu</strong></span> <span class='ocrx_word' id='word_1_444' title='bbox 1273 3973 1413 4039; x_wconf 88' lang='lat' dir='ltr'><strong>quod</strong></span> <span class='ocrx_word' id='word_1_445' title='bbox 1440 3970 1692 4041; x_wconf 72' lang='lat' dir='ltr'><strong>eiecisset</strong></span> <span class='ocrx_word' id='word_1_446' title='bbox 1713 3986 1741 4024; x_wconf 83' lang='lat' dir='ltr'><strong>c</strong></span> <span class='ocrx_word' id='word_1_447' title='bbox 1775 3971 1974 4041; x_wconf 86' lang='lat' dir='ltr'><strong>templo</strong></span> <span class='ocrx_word' id='word_1_448' title='bbox 2000 3987 2161 4038; x_wconf 79' lang='lat' dir='ltr'><strong>nego-</strong></span> 
     </span>
    </p>
   </div>
   <div class='ocr_carea' id='block_1_57' title="bbox 594 4064 2161 4132">
    <p class='ocr_par' dir='ltr' id='par_1_57' title="bbox 594 4064 2161 4132">
     <span class='ocr_line' id='line_1_57' title="bbox 594 4064 2161 4132; baseline 0.003 -19"><span class='ocrx_word' id='word_1_449' title='bbox 594 4064 825 4124; x_wconf 85' lang='lat' dir='ltr'><strong>tiantes,</strong></span> <span class='ocrx_word' id='word_1_450' title='bbox 860 4071 1205 4118; x_wconf 81' lang='lat' dir='ltr'><strong>accesserunt</strong></span> <span class='ocrx_word' id='word_1_451' title='bbox 1241 4065 1304 4115; x_wconf 88' lang='lat' dir='ltr'><strong>ad</strong></span> <span class='ocrx_word' id='word_1_452' title='bbox 1350 4079 1494 4128; x_wconf 90' lang='lat' dir='ltr'><strong>eum,</strong></span> <span class='ocrx_word' id='word_1_453' title='bbox 1533 4073 1585 4117; x_wconf 91' lang='lat' dir='ltr'><strong>et</strong></span> <span class='ocrx_word' id='word_1_454' title='bbox 1628 4065 1752 4116; x_wconf 86' lang='lat' dir='ltr'><strong>talia</strong></span> <span class='ocrx_word' id='word_1_455' title='bbox 1792 4064 2037 4132; x_wconf 78' lang='lat' dir='ltr'><strong>quaedam</strong></span> <span class='ocrx_word' id='word_1_456' title='bbox 2070 4079 2161 4117; x_wconf 87' lang='lat' dir='ltr'><strong>ro-</strong></span> 
     </span>
    </p>
   </div>
   <div class='ocr_carea' id='block_1_58' title="bbox 593 4155 2161 4227">
    <p class='ocr_par' dir='ltr' id='par_1_58' title="bbox 593 4155 2161 4227">
     <span class='ocr_line' id='line_1_58' title="bbox 593 4155 2161 4227; baseline 0.001 -21"><span class='ocrx_word' id='word_1_457' title='bbox 593 4163 892 4222; x_wconf 60' lang='lat' dir='ltr'><strong>paverunt:</strong></span> <span class='ocrx_word' id='word_1_458' title='bbox 921 4155 1052 4223; x_wconf 84' lang='lat' dir='ltr'><strong>Quis</strong></span> <span class='ocrx_word' id='word_1_459' title='bbox 1081 4169 1140 4210; x_wconf 89' lang='lat' dir='ltr'><strong>es</strong></span> <span class='ocrx_word' id='word_1_460' title='bbox 1162 4165 1215 4208; x_wconf 91' lang='lat' dir='ltr'><strong>tu</strong></span> <span class='ocrx_word' id='word_1_461' title='bbox 1235 4156 1327 4225; x_wconf 87' lang='lat' dir='ltr'><strong>qui</strong></span> <span class='ocrx_word' id='word_1_462' title='bbox 1349 4172 1378 4208; x_wconf 91' lang='lat' dir='ltr'><strong>e</strong></span> <span class='ocrx_word' id='word_1_463' title='bbox 1405 4158 1604 4222; x_wconf 89' lang='lat' dir='ltr'><strong>templo</strong></span> <span class='ocrx_word' id='word_1_464' title='bbox 1622 4157 1772 4223; x_wconf 78' lang='lat' dir='ltr'><strong>ejicis</strong></span> <span class='ocrx_word' id='word_1_465' title='bbox 1789 4156 2161 4227; x_wconf 75' lang='lat' dir='ltr'><strong>negotiantes?</strong></span> 
     </span>
    </p>
   </div>
   <div class='ocr_carea' id='block_1_59' title="bbox 592 4245 2162 4315">
    <p class='ocr_par' dir='ltr' id='par_1_59' title="bbox 592 4245 2162 4315">
     <span class='ocr_line' id='line_1_59' title="bbox 592 4245 2162 4315; baseline -0.001 -16"><span class='ocrx_word' id='word_1_466' title='bbox 592 4245 842 4314; x_wconf 87' lang='lat' dir='ltr'><strong>Nunquid</strong></span> <span class='ocrx_word' id='word_1_467' title='bbox 874 4247 976 4300; x_wconf 86' lang='lat' dir='ltr'><strong>hoc</strong></span> <span class='ocrx_word' id='word_1_468' title='bbox 1001 4247 1134 4300; x_wconf 80' lang='lat' dir='ltr'><strong>facis</strong></span> <span class='ocrx_word' id='word_1_469' title='bbox 1166 4257 1222 4298; x_wconf 89' lang='lat' dir='ltr'><strong>ttt</strong></span> <span class='ocrx_word' id='word_1_470' title='bbox 1251 4248 1547 4301; x_wconf 77' lang='lat' dir='ltr'><strong>sacerdos?</strong></span> <span class='ocrx_word' id='word_1_471' title='bbox 1568 4248 1634 4298; x_wconf 84' lang='lat' dir='ltr'><strong>At</strong></span> <span class='ocrx_word' id='word_1_472' title='bbox 1658 4257 1709 4299; x_wconf 89' lang='lat' dir='ltr'><strong>tu</strong></span> <span class='ocrx_word' id='word_1_473' title='bbox 1737 4249 1951 4315; x_wconf 88' lang='lat' dir='ltr'><strong>quidem</strong></span> <span class='ocrx_word' id='word_1_474' title='bbox 1981 4262 2162 4301; x_wconf 79' lang='lat' dir='ltr'><strong>sacer-</strong></span> 
     </span>
    </p>
   </div>
   <div class='ocr_carea' id='block_1_60' title="bbox 595 4335 2163 4404">
    <p class='ocr_par' dir='ltr' id='par_1_60' title="bbox 595 4335 2163 4404">
     <span class='ocr_line' id='line_1_60' title="bbox 595 4335 2163 4404; baseline 0.003 -18"><span class='ocrx_word' id='word_1_475' title='bbox 595 4335 827 4387; x_wconf 85' lang='lat' dir='ltr'><strong>dotalem</strong></span> <span class='ocrx_word' id='word_1_476' title='bbox 873 4335 1186 4404; x_wconf 83' lang='lat' dir='ltr'><strong>dignitatem</strong></span> <span class='ocrx_word' id='word_1_477' title='bbox 1219 4351 1323 4387; x_wconf 91' lang='lat' dir='ltr'><strong>non</strong></span> <span class='ocrx_word' id='word_1_478' title='bbox 1375 4335 1562 4389; x_wconf 85' lang='lat' dir='ltr'><strong>babes.</strong></span> <span class='ocrx_word' id='word_1_479' title='bbox 1607 4335 1745 4389; x_wconf 85' lang='lat' dir='ltr'><strong>Num</strong></span> <span class='ocrx_word' id='word_1_480' title='bbox 1798 4335 1898 4390; x_wconf 76' lang='lat' dir='ltr'><strong>ho&#39;c</strong></span> <span class='ocrx_word' id='word_1_481' title='bbox 1936 4337 2067 4389; x_wconf 88' lang='lat' dir='ltr'><strong>facis</strong></span> <span class='ocrx_word' id='word_1_482' title='bbox 2104 4347 2163 4390; x_wconf 93' lang='lat' dir='ltr'><strong>ut</strong></span> 
     </span>
    </p>
   </div>
   <div class='ocr_carea' id='block_1_61' title="bbox 596 4425 2164 4496">
    <p class='ocr_par' dir='ltr' id='par_1_61' title="bbox 596 4425 2164 4496">
     <span class='ocr_line' id='line_1_61' title="bbox 596 4425 2164 4496; baseline 0.002 -16"><span class='ocrx_word' id='word_1_483' title='bbox 596 4443 687 4480; x_wconf 81' lang='lat' dir='ltr'><strong>rex</strong></span> <span class='ocrx_word' id='word_1_484' title='bbox 712 4427 735 4478; x_wconf 72' lang='grc' dir='ltr'><strong><em>τ</em></strong></span> <span class='ocrx_word' id='word_1_485' title='bbox 763 4425 1049 4480; x_wconf 87' lang='lat' dir='ltr'><strong>Enimvero</strong></span> <span class='ocrx_word' id='word_1_486' title='bbox 1064 4441 1238 4494; x_wconf 88' lang='lat' dir='ltr'><strong>neque</strong></span> <span class='ocrx_word' id='word_1_487' title='bbox 1271 4442 1360 4480; x_wconf 87' lang='lat' dir='ltr'><strong>rex</strong></span> <span class='ocrx_word' id='word_1_488' title='bbox 1397 4443 1477 4491; x_wconf 91' lang='lat' dir='ltr'><strong>es,</strong></span> <span class='ocrx_word' id='word_1_489' title='bbox 1513 4443 1682 4496; x_wconf 85' lang='lat' dir='ltr'><strong>neque</strong></span> <span class='ocrx_word' id='word_1_490' title='bbox 1712 4429 1754 4482; x_wconf 89' lang='lat' dir='ltr'><strong>si</strong></span> <span class='ocrx_word' id='word_1_491' title='bbox 1783 4444 1951 4489; x_wconf 76' lang='lat' dir='ltr'><strong>esses,</strong></span> <span class='ocrx_word' id='word_1_492' title='bbox 1980 4430 2164 4483; x_wconf 87' lang='lat' dir='ltr'><strong>liceret</strong></span> 
     </span>
    </p>
   </div>
   <div class='ocr_carea' id='block_1_62' title="bbox 2251 1965 3839 2049">
    <p class='ocr_par' dir='ltr' id='par_1_62' title="bbox 2251 1965 3839 2049">
     <span class='ocr_line' id='line_1_62' title="bbox 2251 1965 3839 2049; baseline -0.01 -16"><span class='ocrx_word' id='word_1_493' title='bbox 2251 1997 2341 2033; x_wconf 87' lang='grc' dir='ltr'><strong>σαι</strong></span> <span class='ocrx_word' id='word_1_494' title='bbox 2370 1979 2516 2049; x_wconf 78' lang='grc' dir='ltr'><strong>ἡμᾶς</strong></span> <span class='ocrx_word' id='word_1_495' title='bbox 2549 1978 2658 2031; x_wconf 86' lang='grc' dir='ltr'><strong>ἀπὸ</strong></span> <span class='ocrx_word' id='word_1_496' title='bbox 2685 1978 2779 2032; x_wconf 90' lang='grc' dir='ltr'><strong>τοῦ</strong></span> <span class='ocrx_word' id='word_1_497' title='bbox 2821 1975 3058 2046; x_wconf 88' lang='grc' dir='ltr'><strong>πονηροῦ</strong></span> <span class='ocrx_word' id='word_1_498' title='bbox 3084 2014 3099 2039; x_wconf 93' lang='grc'><strong>,</strong></span> <span class='ocrx_word' id='word_1_499' title='bbox 3140 1993 3159 2025; x_wconf 74' lang='grc' dir='ltr'><strong>ι</strong></span> <span class='ocrx_word' id='word_1_500' title='bbox 3193 1973 3282 2025; x_wconf 72' lang='grc' dir='ltr'><strong>καὶ</strong></span> <span class='ocrx_word' id='word_1_501' title='bbox 3310 1971 3411 2024; x_wconf 85' lang='grc' dir='ltr'><strong>ὅσα</strong></span> <span class='ocrx_word' id='word_1_502' title='bbox 3439 1969 3538 2038; x_wconf 84' lang='grc' dir='ltr'><strong>τῆς</strong></span> <span class='ocrx_word' id='word_1_503' title='bbox 3568 1965 3839 2035; x_wconf 70' lang='grc' dir='ltr'><strong>τοιαύτης</strong></span> 
     </span>
    </p>
   </div>
   <div class='ocr_carea' id='block_1_63' title="bbox 2249 2057 3840 2139">
    <p class='ocr_par' dir='ltr' id='par_1_63' title="bbox 2249 2057 3840 2139">
     <span class='ocr_line' id='line_1_63' title="bbox 2249 2057 3840 2139; baseline -0.009 -16"><span class='ocrx_word' id='word_1_504' title='bbox 2249 2069 2416 2139; x_wconf 80' lang='grc' dir='ltr'><strong>εὐχῆς</strong></span> <span class='ocrx_word' id='word_1_505' title='bbox 2449 2071 2664 2139; x_wconf 80' lang='grc' dir='ltr'><strong>ῥήματα</strong></span> <span class='ocrx_word' id='word_1_506' title='bbox 2688 2084 2701 2097; x_wconf 78' lang='grc'><strong><em>⁸</em></strong></span> <span class='ocrx_word' id='word_1_507' title='bbox 2739 2067 2927 2120; x_wconf 77' lang='grc' dir='ltr'><strong>ἔπειτα</strong></span> <span class='ocrx_word' id='word_1_508' title='bbox 2965 2068 3066 2135; x_wconf 84' lang='grc' dir='ltr'><strong>ὅρα</strong></span> <span class='ocrx_word' id='word_1_509' title='bbox 3109 2062 3203 2116; x_wconf 73' lang='grc' dir='ltr'><strong>καὶ</strong></span> <span class='ocrx_word' id='word_1_510' title='bbox 3229 2062 3326 2132; x_wconf 84' lang='grc' dir='ltr'><strong>τὴν</strong></span> <span class='ocrx_word' id='word_1_511' title='bbox 3364 2060 3506 2123; x_wconf 84' lang='grc' dir='ltr'><strong>λέξιν</strong></span> <span class='ocrx_word' id='word_1_512' title='bbox 3538 2057 3653 2121; x_wconf 87' lang='grc' dir='ltr'><strong>τοῦ,</strong></span> <span class='ocrx_word' id='word_1_513' title='bbox 3697 2060 3840 2109; x_wconf 85' lang='grc' dir='ltr'><strong>Δια-</strong></span> 
     </span>
    </p>
   </div>
   <div class='ocr_carea' id='block_1_64' title="bbox 2250 2149 3838 2232">
    <p class='ocr_par' dir='ltr' id='par_1_64' title="bbox 2250 2149 3838 2232">
     <span class='ocr_line' id='line_1_64' title="bbox 2250 2149 3838 2232; baseline -0.009 -17"><span class='ocrx_word' id='word_1_514' title='bbox 2250 2163 2494 2232; x_wconf 80' lang='grc' dir='ltr'><strong>κριθῆτε.</strong></span> <span class='ocrx_word' id='word_1_515' title='bbox 2545 2161 2602 2214; x_wconf 86' lang='grc'><strong>’0</strong></span> <span class='ocrx_word' id='word_1_516' title='bbox 2635 2160 2743 2230; x_wconf 81' lang='grc' dir='ltr'><strong>γὰρ</strong></span> <span class='ocrx_word' id='word_1_517' title='bbox 2774 2160 3050 2228; x_wconf 79' lang='grc' dir='ltr'><strong>ἡνωμένος</strong></span> <span class='ocrx_word' id='word_1_518' title='bbox 3081 2156 3157 2225; x_wconf 84' lang='grc' dir='ltr'><strong>τῷ</strong></span> <span class='ocrx_word' id='word_1_519' title='bbox 3185 2154 3304 2224; x_wconf 87' lang='grc' dir='ltr'><strong>Θεῷ</strong></span> <span class='ocrx_word' id='word_1_520' title='bbox 3326 2195 3340 2216; x_wconf 87' lang='grc'><strong>,</strong></span> <span class='ocrx_word' id='word_1_521' title='bbox 3371 2154 3466 2206; x_wconf 81' lang='grc' dir='ltr'><strong>καὶ</strong></span> <span class='ocrx_word' id='word_1_522' title='bbox 3495 2152 3552 2205; x_wconf 83' lang='grc' dir='ltr'><strong>ἒν</strong></span> <span class='ocrx_word' id='word_1_523' title='bbox 3587 2149 3660 2204; x_wconf 83' lang='grc' dir='ltr'><strong>ὢν</strong></span> <span class='ocrx_word' id='word_1_524' title='bbox 3688 2149 3838 2218; x_wconf 85' lang='grc' dir='ltr'><strong>πρὸς</strong></span> 
     </span>
    </p>
   </div>
   <div class='ocr_carea' id='block_1_65' title="bbox 2252 2241 3840 2321">
    <p class='ocr_par' dir='ltr' id='par_1_65' title="bbox 2252 2241 3840 2321">
     <span class='ocr_line' id='line_1_65' title="bbox 2252 2241 3840 2321; baseline -0.009 -15"><span class='ocrx_word' id='word_1_525' title='bbox 2252 2256 2484 2318; x_wconf 77' lang='grc' dir='ltr'><strong>ἐκεῖνον,</strong></span> <span class='ocrx_word' id='word_1_526' title='bbox 2515 2255 2609 2306; x_wconf 77' lang='grc' dir='ltr'><strong>καὶ</strong></span> <span class='ocrx_word' id='word_1_527' title='bbox 2640 2253 2713 2321; x_wconf 81' lang='grc' dir='ltr'><strong>μὴ</strong></span> <span class='ocrx_word' id='word_1_528' title='bbox 2737 2251 3039 2320; x_wconf 68' lang='grc' dir='ltr'><strong>διακριθεὶς</strong></span> <span class='ocrx_word' id='word_1_529' title='bbox 3070 2249 3166 2302; x_wconf 72' lang='grc' dir='ltr'><strong>καὶ</strong></span> <span class='ocrx_word' id='word_1_530' title='bbox 3196 2247 3508 2318; x_wconf 74' lang='grc' dir='ltr'><strong>χωρισθεὶς,</strong></span> <span class='ocrx_word' id='word_1_531' title='bbox 3538 2243 3651 2306; x_wconf 82' lang='grc' dir='ltr'><strong>πῶς</strong></span> <span class='ocrx_word' id='word_1_532' title='bbox 3673 2242 3742 2295; x_wconf 82' lang='grc' dir='ltr'><strong>ἂν</strong></span> <span class='ocrx_word' id='word_1_533' title='bbox 3771 2241 3840 2294; x_wconf 85' lang='grc' dir='ltr'><strong>τὸ</strong></span> 
     </span>
    </p>
   </div>
   <div class='ocr_carea' id='block_1_66' title="bbox 2251 2332 3840 2412">
    <p class='ocr_par' dir='ltr' id='par_1_66' title="bbox 2251 2332 3840 2412">
     <span class='ocr_line' id='line_1_66' title="bbox 2251 2332 3840 2412; baseline -0.007 -15"><span class='ocrx_word' id='word_1_534' title='bbox 2251 2343 2568 2412; x_wconf 84' lang='grc' dir='ltr'><strong>ἀσύμφορον</strong></span> <span class='ocrx_word' id='word_1_535' title='bbox 2593 2342 2871 2411; x_wconf 85' lang='grc' dir='ltr'><strong>αἰτήσοιτο</strong></span> <span class='ocrx_word' id='word_1_536' title='bbox 2895 2358 2910 2404; x_wconf 87' lang='lat'><strong>;</strong></span> <span class='ocrx_word' id='word_1_537' title='bbox 2933 2339 3076 2393; x_wconf 84' lang='grc' dir='ltr'><strong>ὥστε</strong></span> <span class='ocrx_word' id='word_1_538' title='bbox 3095 2339 3190 2392; x_wconf 80' lang='grc' dir='ltr'><strong>ἐὰν</strong></span> <span class='ocrx_word' id='word_1_539' title='bbox 3225 2337 3516 2408; x_wconf 83' lang='grc' dir='ltr'><strong>ἀχώριστοι</strong></span> <span class='ocrx_word' id='word_1_540' title='bbox 3549 2334 3640 2388; x_wconf 76' lang='grc' dir='ltr'><strong>καὶ</strong></span> <span class='ocrx_word' id='word_1_541' title='bbox 3669 2332 3840 2387; x_wconf 69' lang='lat' dir='ltr'><strong>astat.</strong></span> 
     </span>
    </p>
   </div>
   <div class='ocr_carea' id='block_1_67' title="bbox 2251 2424 3836 2503">
    <p class='ocr_par' dir='ltr' id='par_1_67' title="bbox 2251 2424 3836 2503">
     <span class='ocr_line' id='line_1_67' title="bbox 2251 2424 3836 2503; baseline -0.008 -14"><span class='ocrx_word' id='word_1_542' title='bbox 2251 2451 2428 2503; x_wconf 85' lang='grc' dir='ltr'><strong>κριτοι</strong></span> <span class='ocrx_word' id='word_1_543' title='bbox 2449 2428 2599 2501; x_wconf 77' lang='grc' dir='ltr'><strong>ὦμεν</strong></span> <span class='ocrx_word' id='word_1_544' title='bbox 2629 2431 2723 2484; x_wconf 90' lang='grc' dir='ltr'><strong>τοῦ</strong></span> <span class='ocrx_word' id='word_1_545' title='bbox 2750 2431 2886 2485; x_wconf 83' lang='grc' dir='ltr'><strong>Θεοῦ</strong></span> <span class='ocrx_word' id='word_1_546' title='bbox 2907 2472 2921 2496; x_wconf 88' lang='grc'><strong>,</strong></span> <span class='ocrx_word' id='word_1_547' title='bbox 2956 2431 3078 2483; x_wconf 84' lang='grc' dir='ltr'><strong>τότε</strong></span> <span class='ocrx_word' id='word_1_548' title='bbox 3129 2429 3199 2484; x_wconf 83' lang='grc' dir='ltr'><strong>τὰ</strong></span> <span class='ocrx_word' id='word_1_549' title='bbox 3226 2428 3573 2500; x_wconf 77' lang='grc' dir='ltr'><strong>συμφέροντα</strong></span> <span class='ocrx_word' id='word_1_550' title='bbox 3604 2424 3836 2496; x_wconf 82' lang='grc' dir='ltr'><strong>αἰτησό-</strong></span> 
     </span>
    </p>
   </div>
   <div class='ocr_carea' id='block_1_68' title="bbox 2255 2525 2855 2598">
    <p class='ocr_par' dir='ltr' id='par_1_68' title="bbox 2255 2525 2855 2598">
     <span class='ocr_line' id='line_1_68' title="bbox 2255 2525 2855 2598; baseline -0.005 -17"><span class='ocrx_word' id='word_1_551' title='bbox 2255 2526 2393 2598; x_wconf 88' lang='grc' dir='ltr'><strong>μεθα</strong></span> <span class='ocrx_word' id='word_1_552' title='bbox 2426 2527 2520 2578; x_wconf 76' lang='grc' dir='ltr'><strong>καὶ</strong></span> <span class='ocrx_word' id='word_1_553' title='bbox 2549 2525 2855 2595; x_wconf 77' lang='grc' dir='ltr'><strong>ληψόμεθα.</strong></span> 
     </span>
    </p>
   </div>
   <div class='ocr_carea' id='block_1_69' title="bbox 2331 2695 3841 2767">
    <p class='ocr_par' dir='ltr' id='par_1_69' title="bbox 2331 2695 3841 2767">
     <span class='ocr_line' id='line_1_69' title="bbox 2331 2695 3841 2767; baseline -0.004 -15"><span class='ocrx_word' id='word_1_554' title='bbox 2331 2722 2348 2752; x_wconf 80' lang='grc' dir='ltr'><strong>ι</strong></span> <span class='ocrx_word' id='word_1_555' title='bbox 2384 2703 2492 2755; x_wconf 85' lang='grc' dir='ltr'><strong>Καί</strong></span> <span class='ocrx_word' id='word_1_556' title='bbox 2523 2701 2728 2754; x_wconf 85' lang='grc' dir='ltr'><strong>ἐλθόντι</strong></span> <span class='ocrx_word' id='word_1_557' title='bbox 2764 2699 2914 2767; x_wconf 87' lang='grc' dir='ltr'><strong>αύτῷ</strong></span> <span class='ocrx_word' id='word_1_558' title='bbox 2944 2700 3024 2759; x_wconf 88' lang='grc' dir='ltr'><strong>εἰς</strong></span> <span class='ocrx_word' id='word_1_559' title='bbox 3053 2697 3113 2749; x_wconf 84' lang='grc' dir='ltr'><strong>τὸ</strong></span> <span class='ocrx_word' id='word_1_560' title='bbox 3147 2697 3316 2767; x_wconf 85' lang='grc' dir='ltr'><strong>ἰερὸν,</strong></span> <span class='ocrx_word' id='word_1_561' title='bbox 3348 2696 3652 2767; x_wconf 81' lang='grc' dir='ltr'><strong>προσῆλθον</strong></span> <span class='ocrx_word' id='word_1_562' title='bbox 3679 2695 3841 2764; x_wconf 86' lang='grc' dir='ltr'><strong>αύτῷ</strong></span> 
     </span>
    </p>
   </div>
   <div class='ocr_carea' id='block_1_70' title="bbox 2254 2787 3841 2862">
    <p class='ocr_par' dir='ltr' id='par_1_70' title="bbox 2254 2787 3841 2862">
     <span class='ocr_line' id='line_1_70' title="bbox 2254 2787 3841 2862; baseline -0.006 -14"><span class='ocrx_word' id='word_1_563' title='bbox 2254 2795 2554 2847; x_wconf 70' lang='grc' dir='ltr'><strong>διδάσκοντι</strong></span> <span class='ocrx_word' id='word_1_564' title='bbox 2591 2794 2641 2845; x_wconf 86' lang='grc' dir='ltr'><strong>οἱ</strong></span> <span class='ocrx_word' id='word_1_565' title='bbox 2665 2793 2939 2862; x_wconf 71' lang='grc' dir='ltr'><strong>ἀρχιερεῖς</strong></span> <span class='ocrx_word' id='word_1_566' title='bbox 2967 2789 3057 2841; x_wconf 70' lang='grc' dir='ltr'><strong>καὶ</strong></span> <span class='ocrx_word' id='word_1_567' title='bbox 3081 2790 3130 2840; x_wconf 77' lang='lat' dir='ltr'><strong>oi</strong></span> <span class='ocrx_word' id='word_1_568' title='bbox 3161 2787 3525 2858; x_wconf 75' lang='grc' dir='ltr'><strong>πρεσϐύτεροι</strong></span> <span class='ocrx_word' id='word_1_569' title='bbox 3555 2787 3647 2840; x_wconf 87' lang='grc' dir='ltr'><strong>τοῦ</strong></span> <span class='ocrx_word' id='word_1_570' title='bbox 3675 2787 3841 2852; x_wconf 85' lang='grc' dir='ltr'><strong>λαοῦ,</strong></span> 
     </span>
    </p>
   </div>
   <div class='ocr_carea' id='block_1_71' title="bbox 2254 2879 3842 2952">
    <p class='ocr_par' dir='ltr' id='par_1_71' title="bbox 2254 2879 3842 2952">
     <span class='ocr_line' id='line_1_71' title="bbox 2254 2879 3842 2952; baseline -0.005 -15"><span class='ocrx_word' id='word_1_571' title='bbox 2254 2885 2522 2952; x_wconf 73' lang='grc' dir='ltr'><strong>λέγοντες·</strong></span> <span class='ocrx_word' id='word_1_572' title='bbox 2560 2882 2647 2936; x_wconf 85' lang='grc' dir='ltr'><strong>Ἐν</strong></span> <span class='ocrx_word' id='word_1_573' title='bbox 2673 2883 2801 2952; x_wconf 68' lang='grc' dir='ltr'><strong>ποίᾳ</strong></span> <span class='ocrx_word' id='word_1_574' title='bbox 2825 2881 3040 2952; x_wconf 78' lang='grc' dir='ltr'><strong>ἐξουσίᾳ</strong></span> <span class='ocrx_word' id='word_1_575' title='bbox 3065 2882 3238 2934; x_wconf 85' lang='grc' dir='ltr'><strong>ταῦτα</strong></span> <span class='ocrx_word' id='word_1_576' title='bbox 3275 2883 3478 2944; x_wconf 76' lang='grc' dir='ltr'><strong>ποιείςς</strong></span> <span class='ocrx_word' id='word_1_577' title='bbox 3509 2879 3602 2931; x_wconf 74' lang='grc' dir='ltr'><strong>καὶ</strong></span> <span class='ocrx_word' id='word_1_578' title='bbox 3631 2879 3710 2939; x_wconf 85' lang='grc' dir='ltr'><strong>τίς</strong></span> <span class='ocrx_word' id='word_1_579' title='bbox 3748 2895 3842 2930; x_wconf 87' lang='grc' dir='ltr'><strong>σοι</strong></span> 
     </span>
    </p>
   </div>
   <div class='ocr_carea' id='block_1_72' title="bbox 2257 2969 3844 3044">
    <p class='ocr_par' dir='ltr' id='par_1_72' title="bbox 2257 2969 3844 3044">
     <span class='ocr_line' id='line_1_72' title="bbox 2257 2969 3844 3044; baseline -0.004 -16"><span class='ocrx_word' id='word_1_580' title='bbox 2257 2977 2421 3028; x_wconf 77' lang='grc' dir='ltr'><strong>ἔδωκε</strong></span> <span class='ocrx_word' id='word_1_581' title='bbox 2448 2975 2544 3044; x_wconf 79' lang='grc' dir='ltr'><strong>τὴν</strong></span> <span class='ocrx_word' id='word_1_582' title='bbox 2568 2975 2813 3038; x_wconf 74' lang='grc' dir='ltr'><strong>ἐξουσίαν</strong></span> <span class='ocrx_word' id='word_1_583' title='bbox 2835 2974 3070 3039; x_wconf 62' lang='grc' dir='ltr'><strong>τεύτηνς</strong></span> <span class='ocrx_word' id='word_1_584' title='bbox 3111 2971 3454 3039; x_wconf 63' lang='grc' dir='ltr'><strong>Ἀποκριθεὶς</strong></span> <span class='ocrx_word' id='word_1_585' title='bbox 3475 2970 3530 3022; x_wconf 85' lang='grc' dir='ltr'><strong>δέ</strong></span> <span class='ocrx_word' id='word_1_586' title='bbox 3555 2972 3581 3022; x_wconf 84' lang='lat'><strong>6</strong></span> <span class='ocrx_word' id='word_1_587' title='bbox 3624 2969 3844 3036; x_wconf 70' lang='grc' dir='ltr'><strong>Ἰησοῦς</strong></span> 
     </span>
    </p>
   </div>
   <div class='ocr_carea' id='block_1_73' title="bbox 2259 3061 3846 3134">
    <p class='ocr_par' dir='ltr' id='par_1_73' title="bbox 2259 3061 3846 3134">
     <span class='ocr_line' id='line_1_73' title="bbox 2259 3061 3846 3134; baseline -0.004 -15"><span class='ocrx_word' id='word_1_588' title='bbox 2259 3064 2409 3119; x_wconf 70' lang='grc' dir='ltr'><strong>εἶπεν</strong></span> <span class='ocrx_word' id='word_1_589' title='bbox 2427 3068 2628 3128; x_wconf 75' lang='grc' dir='ltr'><strong>αὐτοῖς·</strong></span> <span class='ocrx_word' id='word_1_590' title='bbox 2666 3066 2956 3134; x_wconf 79' lang='grc' dir='ltr'><strong>Ἐρωτήσω</strong></span> <span class='ocrx_word' id='word_1_591' title='bbox 2969 3064 3124 3130; x_wconf 82' lang='grc' dir='ltr'>κάγὼ</span> <span class='ocrx_word' id='word_1_592' title='bbox 3148 3066 3290 3131; x_wconf 75' lang='grc' dir='ltr'><strong>ὑμᾶς</strong></span> <span class='ocrx_word' id='word_1_593' title='bbox 3319 3064 3474 3130; x_wconf 72' lang='grc' dir='ltr'><strong>λόγον</strong></span> <span class='ocrx_word' id='word_1_594' title='bbox 3500 3062 3614 3120; x_wconf 71' lang='grc' dir='ltr'><strong>ἕνα,</strong></span> <span class='ocrx_word' id='word_1_595' title='bbox 3644 3061 3702 3113; x_wconf 81' lang='grc' dir='ltr'><strong>ὃν</strong></span> <span class='ocrx_word' id='word_1_596' title='bbox 3734 3061 3846 3113; x_wconf 85' lang='grc' dir='ltr'><strong>ἐὰν</strong></span> 
     </span>
    </p>
   </div>
   <div class='ocr_carea' id='block_1_74' title="bbox 2261 3152 3849 3228">
    <p class='ocr_par' dir='ltr' id='par_1_74' title="bbox 2261 3152 3849 3228">
     <span class='ocr_line' id='line_1_74' title="bbox 2261 3152 3849 3228; baseline -0.003 -18"><span class='ocrx_word' id='word_1_597' title='bbox 2261 3159 2452 3225; x_wconf 77' lang='grc' dir='ltr'><strong>εἴπητέ</strong></span> <span class='ocrx_word' id='word_1_598' title='bbox 2490 3177 2606 3228; x_wconf 86' lang='grc' dir='ltr'><strong>μοι,</strong></span> <span class='ocrx_word' id='word_1_599' title='bbox 2645 3158 2798 3224; x_wconf 78' lang='grc' dir='ltr'>κάγὼ</span> <span class='ocrx_word' id='word_1_600' title='bbox 2832 3158 2958 3226; x_wconf 80' lang='grc' dir='ltr'><strong>ὑμῖν</strong></span> <span class='ocrx_word' id='word_1_601' title='bbox 2991 3156 3099 3224; x_wconf 85' lang='grc' dir='ltr'><strong>ἐρῶ</strong></span> <span class='ocrx_word' id='word_1_602' title='bbox 3139 3157 3194 3207; x_wconf 86' lang='grc' dir='ltr'><strong>ἐν</strong></span> <span class='ocrx_word' id='word_1_603' title='bbox 3234 3155 3361 3226; x_wconf 81' lang='grc' dir='ltr'><strong>ποίᾳ</strong></span> <span class='ocrx_word' id='word_1_604' title='bbox 3407 3153 3622 3223; x_wconf 78' lang='grc' dir='ltr'><strong>ἐξουσίᾳ</strong></span> <span class='ocrx_word' id='word_1_605' title='bbox 3661 3152 3849 3206; x_wconf 71' lang='grc' dir='ltr'><strong>ταῦτα</strong></span> 
     </span>
    </p>
   </div>
   <div class='ocr_carea' id='block_1_75' title="bbox 2264 3241 3847 3319">
    <p class='ocr_par' dir='ltr' id='par_1_75' title="bbox 2264 3241 3847 3319">
     <span class='ocr_line' id='line_1_75' title="bbox 2264 3241 3847 3319; baseline -0.005 -15"><span class='ocrx_word' id='word_1_606' title='bbox 2264 3252 2422 3304; x_wconf 80' lang='grc' dir='ltr'><strong>ποιῶ.</strong></span> <span class='ocrx_word' id='word_1_607' title='bbox 2458 3251 2530 3302; x_wconf 85' lang='grc' dir='ltr'><strong>Τὸ</strong></span> <span class='ocrx_word' id='word_1_608' title='bbox 2565 3251 2845 3319; x_wconf 80' lang='grc' dir='ltr'><strong>βάπτισμα</strong></span> <span class='ocrx_word' id='word_1_609' title='bbox 2895 3249 3141 3301; x_wconf 78' lang='grc' dir='ltr'><strong>Ἰωάννου</strong></span> <span class='ocrx_word' id='word_1_610' title='bbox 3174 3247 3336 3298; x_wconf 72' lang='grc' dir='ltr'><strong>ποθεν</strong></span> <span class='ocrx_word' id='word_1_611' title='bbox 3368 3241 3472 3315; x_wconf 85' lang='grc' dir='ltr'><strong>ἦν;</strong></span> <span class='ocrx_word' id='word_1_612' title='bbox 3507 3245 3562 3309; x_wconf 82' lang='grc' dir='ltr'><strong>ἐξ</strong></span> <span class='ocrx_word' id='word_1_613' title='bbox 3602 3244 3847 3313; x_wconf 75' lang='grc' dir='ltr'><strong>ούρανοῦ</strong></span> 
     </span>
    </p>
   </div>
   <div class='ocr_carea' id='block_1_76' title="bbox 2260 3333 3850 3412">
    <p class='ocr_par' dir='ltr' id='par_1_76' title="bbox 2260 3333 3850 3412">
     <span class='ocr_line' id='line_1_76' title="bbox 2260 3333 3850 3412; baseline -0.005 -20"><span class='ocrx_word' id='word_1_614' title='bbox 2260 3339 2292 3412; x_wconf 80' lang='grc' dir='ltr'>ἢ</span> <span class='ocrx_word' id='word_1_615' title='bbox 2326 3341 2384 3404; x_wconf 82' lang='grc' dir='ltr'><strong>ἐξ</strong></span> <span class='ocrx_word' id='word_1_616' title='bbox 2413 3340 2715 3408; x_wconf 75' lang='grc' dir='ltr'><strong>ἀνθρώπων</strong></span> <span class='ocrx_word' id='word_1_617' title='bbox 2736 3355 2749 3402; x_wconf 93' lang='grc'><strong>;</strong></span> <span class='ocrx_word' id='word_1_618' title='bbox 2774 3339 2836 3390; x_wconf 84' lang='grc' dir='ltr'>Οἱ</span> <span class='ocrx_word' id='word_1_619' title='bbox 2863 3339 2918 3391; x_wconf 84' lang='grc' dir='ltr'><strong>δὲ</strong></span> <span class='ocrx_word' id='word_1_620' title='bbox 2946 3337 3301 3402; x_wconf 76' lang='grc' dir='ltr'><strong>διελογίζοντο</strong></span> <span class='ocrx_word' id='word_1_621' title='bbox 3331 3337 3460 3404; x_wconf 84' lang='grc' dir='ltr'><strong>παρ’</strong></span> <span class='ocrx_word' id='word_1_622' title='bbox 3487 3335 3720 3395; x_wconf 78' lang='grc' dir='ltr'><strong>ἑαυτοῖς,</strong></span> <span class='ocrx_word' id='word_1_623' title='bbox 3749 3333 3850 3384; x_wconf 62' lang='grc' dir='ltr'><strong>λέη</strong></span> 
     </span>
    </p>
   </div>
   <div class='ocr_carea' id='block_1_77' title="bbox 2262 3424 3848 3498">
    <p class='ocr_par' dir='ltr' id='par_1_77' title="bbox 2262 3424 3848 3498">
     <span class='ocr_line' id='line_1_77' title="bbox 2262 3424 3848 3498; baseline -0.004 -16"><span class='ocrx_word' id='word_1_624' title='bbox 2262 3445 2467 3498; x_wconf 87' lang='grc' dir='ltr'><strong>γοντες·</strong></span> <span class='ocrx_word' id='word_1_625' title='bbox 2505 3429 2630 3482; x_wconf 68' lang='grc' dir='ltr'><strong>Ἐάν</strong></span> <span class='ocrx_word' id='word_1_626' title='bbox 2669 3429 2933 3497; x_wconf 77' lang='grc' dir='ltr'><strong>εἴπωμεν,</strong></span> <span class='ocrx_word' id='word_1_627' title='bbox 2973 3426 3031 3491; x_wconf 80' lang='grc' dir='ltr'><strong>ἐξ</strong></span> <span class='ocrx_word' id='word_1_628' title='bbox 3054 3425 3306 3496; x_wconf 83' lang='grc' dir='ltr'><strong>ούρανοῦ,</strong></span> <span class='ocrx_word' id='word_1_629' title='bbox 3351 3427 3462 3494; x_wconf 79' lang='grc' dir='ltr'><strong>ἐρεῖ</strong></span> <span class='ocrx_word' id='word_1_630' title='bbox 3483 3426 3611 3492; x_wconf 82' lang='grc' dir='ltr'><strong>ἡμῖν</strong></span> <span class='ocrx_word' id='word_1_631' title='bbox 3635 3441 3648 3454; x_wconf 76' lang='grc' dir='ltr'><strong><em>ο</em></strong></span> <span class='ocrx_word' id='word_1_632' title='bbox 3681 3424 3848 3476; x_wconf 84' lang='grc' dir='ltr'><strong>Διατί</strong></span> 
     </span>
    </p>
   </div>
   <div class='ocr_carea' id='block_1_78' title="bbox 2261 3517 3848 3606">
    <p class='ocr_par' dir='ltr' id='par_1_78' title="bbox 2261 3517 3848 3606">
     <span class='ocr_line' id='line_1_78' title="bbox 2261 3517 3848 3606; baseline -0.004 -31"><span class='ocrx_word' id='word_1_633' title='bbox 2261 3517 2353 3575; x_wconf 74' lang='grc' dir='ltr'><strong>οὖν</strong></span> <span class='ocrx_word' id='word_1_634' title='bbox 2413 3522 2512 3573; x_wconf 82' lang='grc' dir='ltr'><strong>οὐκ</strong></span> <span class='ocrx_word' id='word_1_635' title='bbox 2560 3519 2917 3572; x_wconf 72' lang='grc' dir='ltr'><strong>ἐπιστεύσατε</strong></span> <span class='ocrx_word' id='word_1_636' title='bbox 2965 3520 3146 3606; x_wconf 41' lang='lat' dir='ltr'><strong>agni);</strong></span> <span class='ocrx_word' id='word_1_637' title='bbox 3210 3519 3334 3571; x_wconf 82' lang='grc' dir='ltr'><strong>Ἐάν</strong></span> <span class='ocrx_word' id='word_1_638' title='bbox 3378 3518 3435 3570; x_wconf 91' lang='grc' dir='ltr'><strong>δέ</strong></span> <span class='ocrx_word' id='word_1_639' title='bbox 3477 3518 3742 3586; x_wconf 77' lang='grc' dir='ltr'><strong>εἴποιμεν,</strong></span> <span class='ocrx_word' id='word_1_640' title='bbox 3782 3519 3848 3583; x_wconf 79' lang='grc' dir='ltr'><strong>ἐξ</strong></span> 
     </span>
    </p>
   </div>
   <div class='ocr_carea' id='block_1_79' title="bbox 2262 3609 3851 3683">
    <p class='ocr_par' dir='ltr' id='par_1_79' title="bbox 2262 3609 3851 3683">
     <span class='ocr_line' id='line_1_79' title="bbox 2262 3609 3851 3683; baseline -0.002 -19"><span class='ocrx_word' id='word_1_641' title='bbox 2262 3611 2596 3683; x_wconf 79' lang='grc' dir='ltr'><strong>ἀνθρώπων,</strong></span> <span class='ocrx_word' id='word_1_642' title='bbox 2672 3609 2984 3680; x_wconf 76' lang='grc' dir='ltr'><strong>φοϐούμεθα</strong></span> <span class='ocrx_word' id='word_1_643' title='bbox 3061 3612 3153 3662; x_wconf 80' lang='grc' dir='ltr'><strong>τὸν</strong></span> <span class='ocrx_word' id='word_1_644' title='bbox 3210 3609 3401 3678; x_wconf 74' lang='grc' dir='ltr'><strong>ὄχλονο</strong></span> <span class='ocrx_word' id='word_1_645' title='bbox 3466 3610 3668 3671; x_wconf 85' lang='grc' dir='ltr'><strong>πάντες</strong></span> <span class='ocrx_word' id='word_1_646' title='bbox 3728 3610 3851 3679; x_wconf 77' lang='grc' dir='ltr'><strong>γὰρ</strong></span> 
     </span>
    </p>
   </div>
   <div class='ocr_carea' id='block_1_80' title="bbox 2264 3698 3854 3773">
    <p class='ocr_par' dir='ltr' id='par_1_80' title="bbox 2264 3698 3854 3773">
     <span class='ocr_line' id='line_1_80' title="bbox 2264 3698 3854 3773; baseline -0.003 -19"><span class='ocrx_word' id='word_1_647' title='bbox 2264 3704 2445 3773; x_wconf 77' lang='grc' dir='ltr'><strong>έχουσι</strong></span> <span class='ocrx_word' id='word_1_648' title='bbox 2479 3701 2571 3753; x_wconf 86' lang='grc' dir='ltr'><strong>τὸν</strong></span> <span class='ocrx_word' id='word_1_649' title='bbox 2613 3701 2866 3768; x_wconf 53' lang='grc' dir='ltr'><strong>Ἰωάννην</strong></span> <span class='ocrx_word' id='word_1_650' title='bbox 2897 3701 2971 3761; x_wconf 81' lang='grc' dir='ltr'><strong>ὡς</strong></span> <span class='ocrx_word' id='word_1_651' title='bbox 3008 3701 3314 3769; x_wconf 70' lang='grc' dir='ltr'><strong>προφήτην.</strong></span> <span class='ocrx_word' id='word_1_652' title='bbox 3361 3700 3470 3752; x_wconf 71' lang='grc' dir='ltr'><strong>Καὶ</strong></span> <span class='ocrx_word' id='word_1_653' title='bbox 3511 3698 3854 3768; x_wconf 68' lang='grc' dir='ltr'><strong>ἀποκριθὲν-</strong></span> 
     </span>
    </p>
   </div>
   <div class='ocr_carea' id='block_1_81' title="bbox 2263 3789 3854 3863">
    <p class='ocr_par' dir='ltr' id='par_1_81' title="bbox 2263 3789 3854 3863">
     <span class='ocr_line' id='line_1_81' title="bbox 2263 3789 3854 3863; baseline -0.003 -15"><span class='ocrx_word' id='word_1_654' title='bbox 2263 3812 2352 3857; x_wconf 89' lang='grc' dir='ltr'><strong>τες</strong></span> <span class='ocrx_word' id='word_1_655' title='bbox 2388 3794 2465 3863; x_wconf 85' lang='grc' dir='ltr'><strong>τῷ</strong></span> <span class='ocrx_word' id='word_1_656' title='bbox 2511 3792 2684 3860; x_wconf 81' lang='grc' dir='ltr'><strong>Ἰησοῦ</strong></span> <span class='ocrx_word' id='word_1_657' title='bbox 2723 3789 2894 3843; x_wconf 74' lang='grc' dir='ltr'><strong>εἷποψ</strong></span> <span class='ocrx_word' id='word_1_658' title='bbox 2935 3792 3048 3843; x_wconf 83' lang='grc' dir='ltr'><strong>Οὐκ</strong></span> <span class='ocrx_word' id='word_1_659' title='bbox 3080 3792 3324 3858; x_wconf 79' lang='grc' dir='ltr'><strong>οἴδαμεν.</strong></span> <span class='ocrx_word' id='word_1_660' title='bbox 3366 3791 3507 3859; x_wconf 65' lang='grc' dir='ltr'><strong>Ἔφη</strong></span> <span class='ocrx_word' id='word_1_661' title='bbox 3536 3791 3718 3850; x_wconf 81' lang='grc' dir='ltr'><strong>αὐτοῖς</strong></span> <span class='ocrx_word' id='word_1_662' title='bbox 3747 3791 3854 3844; x_wconf 75' lang='grc' dir='ltr'><strong>καὶ</strong></span> 
     </span>
    </p>
   </div>
   <div class='ocr_carea' id='block_1_82' title="bbox 2264 3879 3852 3951">
    <p class='ocr_par' dir='ltr' id='par_1_82' title="bbox 2264 3879 3852 3951">
     <span class='ocr_line' id='line_1_82' title="bbox 2264 3879 3852 3951; baseline -0.004 -12"><span class='ocrx_word' id='word_1_663' title='bbox 2264 3885 2457 3947; x_wconf 72' lang='grc' dir='ltr'><strong>αὑτός·</strong></span> <span class='ocrx_word' id='word_1_664' title='bbox 2486 3885 2618 3938; x_wconf 80' lang='grc' dir='ltr'><strong>Ούδέ</strong></span> <span class='ocrx_word' id='word_1_665' title='bbox 2639 3884 2750 3949; x_wconf 84' lang='grc' dir='ltr'><strong>ἐγὼ</strong></span> <span class='ocrx_word' id='word_1_666' title='bbox 2777 3883 2920 3948; x_wconf 80' lang='grc' dir='ltr'><strong>λέγω</strong></span> <span class='ocrx_word' id='word_1_667' title='bbox 2963 3883 3091 3951; x_wconf 80' lang='grc' dir='ltr'><strong>ὑμῖν</strong></span> <span class='ocrx_word' id='word_1_668' title='bbox 3137 3882 3194 3932; x_wconf 85' lang='grc' dir='ltr'><strong>ἐν</strong></span> <span class='ocrx_word' id='word_1_669' title='bbox 3237 3880 3366 3950; x_wconf 76' lang='grc' dir='ltr'><strong>ποίᾳ</strong></span> <span class='ocrx_word' id='word_1_670' title='bbox 3405 3880 3622 3950; x_wconf 76' lang='grc' dir='ltr'><strong>ἐξουσίᾳ</strong></span> <span class='ocrx_word' id='word_1_671' title='bbox 3665 3879 3852 3932; x_wconf 87' lang='grc' dir='ltr'><strong>ταῦτα</strong></span> 
     </span>
    </p>
   </div>
   <div class='ocr_carea' id='block_1_83' title="bbox 2264 3970 3852 4040">
    <p class='ocr_par' dir='ltr' id='par_1_83' title="bbox 2264 3970 3852 4040">
     <span class='ocr_line' id='line_1_83' title="bbox 2264 3970 3852 4040; baseline -0.003 -12"><span class='ocrx_word' id='word_1_672' title='bbox 2264 3975 2420 4028; x_wconf 80' lang='grc' dir='ltr'><strong>ποιῶ.</strong></span> <span class='ocrx_word' id='word_1_673' title='bbox 2464 3993 2480 4022; x_wconf 78' lang='grc' dir='ltr'><strong>ι</strong></span> <span class='ocrx_word' id='word_1_674' title='bbox 2521 3973 2845 4034; x_wconf 82' lang='grc' dir='ltr'><strong>Φθονοῦντες</strong></span> <span class='ocrx_word' id='word_1_675' title='bbox 2891 3975 2937 4024; x_wconf 88' lang='grc' dir='ltr'><strong>οἱ</strong></span> <span class='ocrx_word' id='word_1_676' title='bbox 2977 3972 3422 4040; x_wconf 73' lang='grc' dir='ltr'><strong>νομοδιδάσκαλοι</strong></span> <span class='ocrx_word' id='word_1_677' title='bbox 3468 3971 3550 4023; x_wconf 82' lang='grc' dir='ltr'><strong>ὅτι</strong></span> <span class='ocrx_word' id='word_1_678' title='bbox 3584 3970 3852 4033; x_wconf 75' lang='grc' dir='ltr'><strong>ἐξέϐαλεν</strong></span> 
     </span>
    </p>
   </div>
   <div class='ocr_carea' id='block_1_84' title="bbox 2265 4060 3853 4133">
    <p class='ocr_par' dir='ltr' id='par_1_84' title="bbox 2265 4060 3853 4133">
     <span class='ocr_line' id='line_1_84' title="bbox 2265 4060 3853 4133; baseline -0.003 -14"><span class='ocrx_word' id='word_1_679' title='bbox 2265 4066 2371 4119; x_wconf 84' lang='grc' dir='ltr'><strong>ἀπὸ</strong></span> <span class='ocrx_word' id='word_1_680' title='bbox 2414 4063 2503 4117; x_wconf 91' lang='grc' dir='ltr'><strong>τοῦ</strong></span> <span class='ocrx_word' id='word_1_681' title='bbox 2555 4063 2700 4133; x_wconf 89' lang='grc' dir='ltr'><strong>ἰεροῦ</strong></span> <span class='ocrx_word' id='word_1_682' title='bbox 2745 4063 2868 4124; x_wconf 73' lang='grc' dir='ltr'><strong>τοὺς</strong></span> <span class='ocrx_word' id='word_1_683' title='bbox 2921 4060 3361 4132; x_wconf 81' lang='grc' dir='ltr'><strong>καπηλεύοντας,</strong></span> <span class='ocrx_word' id='word_1_684' title='bbox 3442 4062 3853 4130; x_wconf 81' lang='grc' dir='ltr'><strong>προσέρχονται</strong></span> 
     </span>
    </p>
   </div>
   <div class='ocr_carea' id='block_1_85' title="bbox 2265 4154 3853 4228">
    <p class='ocr_par' dir='ltr' id='par_1_85' title="bbox 2265 4154 3853 4228">
     <span class='ocr_line' id='line_1_85' title="bbox 2265 4154 3853 4228; baseline -0.001 -19"><span class='ocrx_word' id='word_1_685' title='bbox 2265 4157 2576 4228; x_wconf 79' lang='grc' dir='ltr'><strong>ἐρωτῶντες</strong></span> <span class='ocrx_word' id='word_1_686' title='bbox 2613 4155 2774 4207; x_wconf 80' lang='grc' dir='ltr'><strong>αὑτὸν</strong></span> <span class='ocrx_word' id='word_1_687' title='bbox 2812 4155 2987 4207; x_wconf 79' lang='grc' dir='ltr'><strong>τοιάδε</strong></span> <span class='ocrx_word' id='word_1_688' title='bbox 3035 4155 3177 4217; x_wconf 76' lang='grc' dir='ltr'><strong>τινὰ,</strong></span> <span class='ocrx_word' id='word_1_689' title='bbox 3213 4155 3288 4214; x_wconf 85' lang='grc' dir='ltr'><strong>ὡς</strong></span> <span class='ocrx_word' id='word_1_690' title='bbox 3322 4155 3417 4217; x_wconf 86' lang='grc' dir='ltr'><strong>Τίς</strong></span> <span class='ocrx_word' id='word_1_691' title='bbox 3456 4155 3520 4207; x_wconf 81' lang='grc' dir='ltr'><strong>σὺ</strong></span> <span class='ocrx_word' id='word_1_692' title='bbox 3556 4154 3853 4216; x_wconf 74' lang='grc' dir='ltr'><strong>ἐκϐάλλεις</strong></span> 
     </span>
    </p>
   </div>
   <div class='ocr_carea' id='block_1_86' title="bbox 2265 4240 3856 4316">
    <p class='ocr_par' dir='ltr' id='par_1_86' title="bbox 2265 4240 3856 4316">
     <span class='ocr_line' id='line_1_86' title="bbox 2265 4240 3856 4316; baseline -0.003 -15"><span class='ocrx_word' id='word_1_693' title='bbox 2265 4249 2374 4302; x_wconf 83' lang='grc' dir='ltr'><strong>ἀπὸ</strong></span> <span class='ocrx_word' id='word_1_694' title='bbox 2419 4247 2511 4301; x_wconf 85' lang='grc' dir='ltr'><strong>τοῦ</strong></span> <span class='ocrx_word' id='word_1_695' title='bbox 2565 4246 2709 4316; x_wconf 84' lang='grc' dir='ltr'><strong>ἱεροῦ</strong></span> <span class='ocrx_word' id='word_1_696' title='bbox 2762 4246 2886 4308; x_wconf 70' lang='grc' dir='ltr'><strong>τοὺς</strong></span> <span class='ocrx_word' id='word_1_697' title='bbox 2937 4245 3532 4314; x_wconf 79' lang='grc' dir='ltr'><strong>πραγματευομένους;</strong></span> <span class='ocrx_word' id='word_1_698' title='bbox 3576 4240 3726 4316; x_wconf 74' lang='grc' dir='ltr'><strong>Ἀρα</strong></span> <span class='ocrx_word' id='word_1_699' title='bbox 3768 4245 3856 4307; x_wconf 80' lang='grc' dir='ltr'><strong>ὡς</strong></span> 
     </span>
    </p>
   </div>
   <div class='ocr_carea' id='block_1_87' title="bbox 2268 4327 3855 4407">
    <p class='ocr_par' dir='ltr' id='par_1_87' title="bbox 2268 4327 3855 4407">
     <span class='ocr_line' id='line_1_87' title="bbox 2268 4327 3855 4407; baseline -0.003 -18"><span class='ocrx_word' id='word_1_700' title='bbox 2268 4336 2483 4406; x_wconf 85' lang='grc' dir='ltr'><strong>ἱερεύς;</strong></span> <span class='ocrx_word' id='word_1_701' title='bbox 2525 4337 2620 4389; x_wconf 80' lang='grc' dir='ltr'><strong>καὶ</strong></span> <span class='ocrx_word' id='word_1_702' title='bbox 2682 4335 2788 4407; x_wconf 79' lang='grc' dir='ltr'><strong>μὴν</strong></span> <span class='ocrx_word' id='word_1_703' title='bbox 2836 4335 3114 4403; x_wconf 77' lang='grc' dir='ltr'><strong>ἱερατικὴν</strong></span> <span class='ocrx_word' id='word_1_704' title='bbox 3141 4334 3315 4404; x_wconf 77' lang='grc' dir='ltr'><strong>ἀρχὴν</strong></span> <span class='ocrx_word' id='word_1_705' title='bbox 3359 4334 3460 4385; x_wconf 77' lang='grc' dir='ltr'><strong>οὐκ</strong></span> <span class='ocrx_word' id='word_1_706' title='bbox 3504 4333 3667 4402; x_wconf 81' lang='grc' dir='ltr'><strong>ἔχεις.</strong></span> <span class='ocrx_word' id='word_1_707' title='bbox 3713 4327 3855 4403; x_wconf 71' lang='grc' dir='ltr'><strong>Ἀρ*</strong></span> 
     </span>
    </p>
   </div>
   <div class='ocr_carea' id='block_1_88' title="bbox 2266 4421 3858 4496">
    <p class='ocr_par' dir='ltr' id='par_1_88' title="bbox 2266 4421 3858 4496">
     <span class='ocr_line' id='line_1_88' title="bbox 2266 4421 3858 4496; baseline -0.001 -15"><span class='ocrx_word' id='word_1_708' title='bbox 2266 4425 2358 4481; x_wconf 74' lang='grc' dir='ltr'><strong>οὖν</strong></span> <span class='ocrx_word' id='word_1_709' title='bbox 2385 4428 2459 4489; x_wconf 81' lang='grc' dir='ltr'><strong>ὼς</strong></span> <span class='ocrx_word' id='word_1_710' title='bbox 2491 4427 2779 4496; x_wconf 83' lang='grc' dir='ltr'><strong>βασιλεύς;</strong></span> <span class='ocrx_word' id='word_1_711' title='bbox 2813 4426 2903 4478; x_wconf 80' lang='grc' dir='ltr'><strong>καί</strong></span> <span class='ocrx_word' id='word_1_712' title='bbox 2928 4424 3032 4493; x_wconf 79' lang='grc' dir='ltr'><strong>μὴν</strong></span> <span class='ocrx_word' id='word_1_713' title='bbox 3063 4424 3185 4476; x_wconf 73' lang='grc' dir='ltr'><strong>οὒτε</strong></span> <span class='ocrx_word' id='word_1_714' title='bbox 3221 4424 3474 4493; x_wconf 79' lang='grc' dir='ltr'><strong>βασιλεὺς</strong></span> <span class='ocrx_word' id='word_1_715' title='bbox 3499 4421 3572 4488; x_wconf 77' lang='grc' dir='ltr'><strong>εἴ,</strong></span> <span class='ocrx_word' id='word_1_716' title='bbox 3593 4424 3721 4478; x_wconf 81' lang='grc' dir='ltr'><strong>οὔτε</strong></span> <span class='ocrx_word' id='word_1_717' title='bbox 3748 4427 3858 4480; x_wconf 75' lang='grc' dir='ltr'><strong>ἐὰν</strong></span> 
     </span>
    </p>
   </div>
   <div class='ocr_carea' id='block_1_89' title="bbox 595 4516 2159 4590">
    <p class='ocr_par' dir='ltr' id='par_1_89' title="bbox 595 4516 2159 4589">
     <span class='ocr_line' id='line_1_89' title="bbox 595 4516 2159 4589; baseline 0.003 -20"><span class='ocrx_word' id='word_1_718' title='bbox 595 4517 692 4571; x_wconf 87' lang='lat' dir='ltr'><strong>tibi</strong></span> <span class='ocrx_word' id='word_1_719' title='bbox 727 4517 841 4571; x_wconf 72' lang='lat' dir='ltr'><strong>haec</strong></span> <span class='ocrx_word' id='word_1_720' title='bbox 871 4517 1070 4571; x_wconf 83' lang='lat' dir='ltr'><strong>facere.</strong></span> <span class='ocrx_word' id='word_1_721' title='bbox 1118 4516 1229 4570; x_wconf 77' lang='lat' dir='ltr'><strong>Non</strong></span> <span class='ocrx_word' id='word_1_722' title='bbox 1263 4517 1406 4570; x_wconf 87' lang='lat' dir='ltr'><strong>enim</strong></span> <span class='ocrx_word' id='word_1_723' title='bbox 1449 4519 1575 4572; x_wconf 85' lang='lat' dir='ltr'><strong>licet</strong></span> <span class='ocrx_word' id='word_1_724' title='bbox 1613 4521 1825 4589; x_wconf 83' lang='lat' dir='ltr'><strong>regibus</strong></span> <span class='ocrx_word' id='word_1_725' title='bbox 1863 4522 1914 4574; x_wconf 91' lang='lat' dir='ltr'><strong>in</strong></span> <span class='ocrx_word' id='word_1_726' title='bbox 1962 4521 2159 4588; x_wconf 85' lang='lat' dir='ltr'><strong>templo</strong></span> 
     </span>
    </p>
   </div>
   <div class='ocr_carea' id='block_1_90' title="bbox 2264 4516 3857 4590">
    <p class='ocr_par' dir='ltr' id='par_1_90' title="bbox 2268 4516 3857 4589">
     <span class='ocr_line' id='line_1_90' title="bbox 2268 4516 3857 4589; baseline 0.001 -20"><span class='ocrx_word' id='word_1_727' title='bbox 2268 4520 2533 4589; x_wconf 79' lang='grc' dir='ltr'><strong>ὑπῆρχες,</strong></span> <span class='ocrx_word' id='word_1_728' title='bbox 2586 4516 2712 4585; x_wconf 76' lang='grc' dir='ltr'><strong>ἐξῆν</strong></span> <span class='ocrx_word' id='word_1_729' title='bbox 2764 4533 2846 4568; x_wconf 91' lang='grc' dir='ltr'><strong>σοι</strong></span> <span class='ocrx_word' id='word_1_730' title='bbox 2885 4516 3109 4568; x_wconf 79' lang='grc' dir='ltr'><strong>τοιαῦτα</strong></span> <span class='ocrx_word' id='word_1_731' title='bbox 3161 4518 3366 4568; x_wconf 84' lang='grc' dir='ltr'><strong>ποιεῖν⁹</strong></span> <span class='ocrx_word' id='word_1_732' title='bbox 3407 4517 3466 4568; x_wconf 78' lang='grc' dir='ltr'><strong>ού</strong></span> <span class='ocrx_word' id='word_1_733' title='bbox 3509 4519 3617 4584; x_wconf 76' lang='grc' dir='ltr'><strong>γάρ</strong></span> <span class='ocrx_word' id='word_1_734' title='bbox 3663 4516 3857 4580; x_wconf 78' lang='grc' dir='ltr'><strong>ἔξεστι</strong></span> 
     </span>
    </p>
   </div>
   <div class='ocr_carea' id='block_1_91' title="bbox 595 4602 2157 4674">
    <p class='ocr_par' dir='ltr' id='par_1_91' title="bbox 595 4602 2157 4674">
     <span class='ocr_line' id='line_1_91' title="bbox 595 4602 2157 4674; baseline 0.003 -17"><span class='ocrx_word' id='word_1_735' title='bbox 595 4605 708 4658; x_wconf 68' lang='lat' dir='ltr'><strong>haec</strong></span> <span class='ocrx_word' id='word_1_736' title='bbox 738 4620 915 4672; x_wconf 71' lang='lat' dir='ltr'><strong>agere.</strong></span> <span class='ocrx_word' id='word_1_737' title='bbox 940 4602 1348 4674; x_wconf 79' lang='lat' dir='ltr'><strong>Interrogabant</strong></span> <span class='ocrx_word' id='word_1_738' title='bbox 1377 4615 1553 4658; x_wconf 89' lang='lat' dir='ltr'><strong>autem</strong></span> <span class='ocrx_word' id='word_1_739' title='bbox 1587 4609 1700 4662; x_wconf 74' lang='lat' dir='ltr'><strong>hrec</strong></span> <span class='ocrx_word' id='word_1_740' title='bbox 1731 4624 1759 4660; x_wconf 90' lang='lat' dir='ltr'><strong>a</strong></span> <span class='ocrx_word' id='word_1_741' title='bbox 1803 4609 2051 4671; x_wconf 89' lang='lat' dir='ltr'><strong>Domino,</strong></span> <span class='ocrx_word' id='word_1_742' title='bbox 2081 4621 2157 4672; x_wconf 83' lang='lat' dir='ltr'><strong>ut,</strong></span> 
     </span>
    </p>
   </div>
   <div class='ocr_carea' id='block_1_92' title="bbox 596 4695 2160 4763">
    <p class='ocr_par' dir='ltr' id='par_1_92' title="bbox 596 4695 2160 4763">
     <span class='ocr_line' id='line_1_92' title="bbox 596 4695 2160 4763; baseline 0.003 -15"><span class='ocrx_word' id='word_1_743' title='bbox 596 4696 638 4748; x_wconf 88' lang='lat' dir='ltr'><strong>si</strong></span> <span class='ocrx_word' id='word_1_744' title='bbox 663 4696 875 4763; x_wconf 90' lang='lat' dir='ltr'><strong>quidem</strong></span> <span class='ocrx_word' id='word_1_745' title='bbox 903 4695 1108 4749; x_wconf 87' lang='lat' dir='ltr'><strong>diceret</strong></span> <span class='ocrx_word' id='word_1_746' title='bbox 1134 4713 1147 4748; x_wconf 92' lang='lat'>:</span> <span class='ocrx_word' id='word_1_747' title='bbox 1175 4695 1288 4747; x_wconf 78' lang='lat' dir='ltr'><strong>Mea</strong></span> <span class='ocrx_word' id='word_1_748' title='bbox 1317 4705 1581 4762; x_wconf 90' lang='lat' dir='ltr'><strong>potestate</strong></span> <span class='ocrx_word' id='word_1_749' title='bbox 1612 4697 1724 4751; x_wconf 68' lang='lat' dir='ltr'><strong>haec</strong></span> <span class='ocrx_word' id='word_1_750' title='bbox 1751 4697 1906 4763; x_wconf 90' lang='lat' dir='ltr'><strong>facio,</strong></span> <span class='ocrx_word' id='word_1_751' title='bbox 1935 4714 2160 4753; x_wconf 85' lang='lat' dir='ltr'><strong>accusa-</strong></span> 
     </span>
    </p>
   </div>
   <div class='ocr_carea' id='block_1_93' title="bbox 596 4786 2160 4861">
    <p class='ocr_par' dir='ltr' id='par_1_93' title="bbox 596 4786 2160 4861">
     <span class='ocr_line' id='line_1_93' title="bbox 596 4786 2160 4861; baseline 0.003 -21"><span class='ocrx_word' id='word_1_752' title='bbox 596 4796 717 4840; x_wconf 86' lang='lat' dir='ltr'><strong>rent</strong></span> <span class='ocrx_word' id='word_1_753' title='bbox 762 4801 884 4840; x_wconf 90' lang='lat' dir='ltr'><strong>eum</strong></span> <span class='ocrx_word' id='word_1_754' title='bbox 920 4795 978 4839; x_wconf 87' lang='lat' dir='ltr'><strong>ut</strong></span> <span class='ocrx_word' id='word_1_755' title='bbox 1019 4786 1308 4851; x_wconf 89' lang='lat' dir='ltr'><strong>rebellem,</strong></span> <span class='ocrx_word' id='word_1_756' title='bbox 1350 4795 1402 4840; x_wconf 89' lang='lat' dir='ltr'><strong>et</strong></span> <span class='ocrx_word' id='word_1_757' title='bbox 1429 4788 1700 4861; x_wconf 86' lang='lat' dir='ltr'><strong>propriam</strong></span> <span class='ocrx_word' id='word_1_758' title='bbox 1748 4800 2065 4858; x_wconf 85' lang='lat' dir='ltr'><strong>potestatem</strong></span> <span class='ocrx_word' id='word_1_759' title='bbox 2102 4805 2160 4844; x_wconf 87' lang='lat' dir='ltr'><strong>se</strong></span> 
     </span>
    </p>
   </div>
   <div class='ocr_carea' id='block_1_94' title="bbox 601 4878 2160 4953">
    <p class='ocr_par' dir='ltr' id='par_1_94' title="bbox 601 4878 2160 4953">
     <span class='ocr_line' id='line_1_94' title="bbox 601 4878 2160 4953; baseline 0.004 -23"><span class='ocrx_word' id='word_1_760' title='bbox 601 4879 798 4931; x_wconf 86' lang='lat' dir='ltr'><strong>habere</strong></span> <span class='ocrx_word' id='word_1_761' title='bbox 837 4878 1123 4932; x_wconf 85' lang='lat' dir='ltr'><strong>dicentem.</strong></span> <span class='ocrx_word' id='word_1_762' title='bbox 1161 4878 1254 4932; x_wconf 91' lang='lat' dir='ltr'><strong>Sin</strong></span> <span class='ocrx_word' id='word_1_763' title='bbox 1289 4889 1464 4933; x_wconf 88' lang='lat' dir='ltr'><strong>autem</strong></span> <span class='ocrx_word' id='word_1_764' title='bbox 1503 4881 1699 4935; x_wconf 90' lang='lat' dir='ltr'><strong>diceret</strong></span> <span class='ocrx_word' id='word_1_765' title='bbox 1739 4899 1752 4933; x_wconf 88' lang='lat'><strong>:</strong></span> <span class='ocrx_word' id='word_1_766' title='bbox 1796 4883 1976 4936; x_wconf 87' lang='lat' dir='ltr'><strong>Divina</strong></span> <span class='ocrx_word' id='word_1_767' title='bbox 2008 4897 2160 4953; x_wconf 87' lang='lat' dir='ltr'><strong>pote-</strong></span> 
     </span>
    </p>
   </div>
   <div class='ocr_carea' id='block_1_95' title="bbox 599 4969 2161 5039">
    <p class='ocr_par' dir='ltr' id='par_1_95' title="bbox 599 4969 2161 5039">
     <span class='ocr_line' id='line_1_95' title="bbox 599 4969 2161 5039; baseline 0.003 -16"><span class='ocrx_word' id='word_1_768' title='bbox 599 4980 736 5023; x_wconf 81' lang='lat' dir='ltr'><strong>state</strong></span> <span class='ocrx_word' id='word_1_769' title='bbox 768 4970 878 5022; x_wconf 75' lang='lat' dir='ltr'><strong>hrec</strong></span> <span class='ocrx_word' id='word_1_770' title='bbox 913 4969 1069 5036; x_wconf 77' lang='lat' dir='ltr'><strong>facio,</strong></span> <span class='ocrx_word' id='word_1_771' title='bbox 1110 4971 1434 5024; x_wconf 86' lang='lat' dir='ltr'><strong>abducerent</strong></span> <span class='ocrx_word' id='word_1_772' title='bbox 1478 4973 1546 5026; x_wconf 85' lang='lat' dir='ltr'><strong>ab</strong></span> <span class='ocrx_word' id='word_1_773' title='bbox 1572 4989 1634 5026; x_wconf 88' lang='lat' dir='ltr'><strong>eo</strong></span> <span class='ocrx_word' id='word_1_774' title='bbox 1673 4975 1884 5039; x_wconf 78' lang='lat' dir='ltr'><strong>turbas,</strong></span> <span class='ocrx_word' id='word_1_775' title='bbox 1926 4975 2068 5027; x_wconf 85' lang='lat' dir='ltr'><strong>illum</strong></span> <span class='ocrx_word' id='word_1_776' title='bbox 2106 4985 2161 5028; x_wconf 87' lang='grc' dir='ltr'><strong>ιιι</strong></span> 
     </span>
    </p>
   </div>
   <div class='ocr_carea' id='block_1_96' title="bbox 604 5062 2166 5123">
    <p class='ocr_par' dir='ltr' id='par_1_96' title="bbox 604 5062 2166 5123">
     <span class='ocr_line' id='line_1_96' title="bbox 604 5062 2166 5123; baseline 0.004 -10"><span class='ocrx_word' id='word_1_777' title='bbox 604 5062 767 5114; x_wconf 90' lang='lat' dir='ltr'><strong>Deum</strong></span> <span class='ocrx_word' id='word_1_778' title='bbox 791 5062 1090 5123; x_wconf 79' lang='lat' dir='ltr'><strong>laudantes,</strong></span> <span class='ocrx_word' id='word_1_779' title='bbox 1109 5065 1654 5119; x_wconf 78' lang='lat' dir='ltr'><strong>monstranteszEcce</strong></span> <span class='ocrx_word' id='word_1_780' title='bbox 1672 5065 1831 5121; x_wconf 81' lang='lat' dir='ltr'><strong>Jesus</strong></span> <span class='ocrx_word' id='word_1_781' title='bbox 1849 5067 1933 5118; x_wconf 64' lang='lat' dir='ltr'><strong>ille,</strong></span> <span class='ocrx_word' id='word_1_782' title='bbox 1957 5084 2058 5120; x_wconf 91' lang='lat' dir='ltr'><strong>non</strong></span> <span class='ocrx_word' id='word_1_783' title='bbox 2084 5078 2166 5120; x_wconf 80' lang='lat' dir='ltr'><strong>t-st</strong></span> 
     </span>
    </p>
   </div>
   <div class='ocr_carea' id='block_1_97' title="bbox 602 5151 2166 5223">
    <p class='ocr_par' dir='ltr' id='par_1_97' title="bbox 602 5151 2166 5223">
     <span class='ocr_line' id='line_1_97' title="bbox 602 5151 2166 5223; baseline 0.004 -19"><span class='ocrx_word' id='word_1_784' title='bbox 602 5151 765 5214; x_wconf 87' lang='lat' dir='ltr'><strong>Deus,</strong></span> <span class='ocrx_word' id='word_1_785' title='bbox 801 5153 891 5205; x_wconf 90' lang='lat' dir='ltr'><strong>sed</strong></span> <span class='ocrx_word' id='word_1_786' title='bbox 934 5162 1198 5218; x_wconf 85' lang='lat' dir='ltr'><strong>potestate</strong></span> <span class='ocrx_word' id='word_1_787' title='bbox 1234 5155 1322 5207; x_wconf 91' lang='lat' dir='ltr'><strong>Dei</strong></span> <span class='ocrx_word' id='word_1_788' title='bbox 1356 5153 1470 5208; x_wconf 65' lang='lat' dir='ltr'><strong>haec</strong></span> <span class='ocrx_word' id='word_1_789' title='bbox 1518 5155 1644 5210; x_wconf 85' lang='lat' dir='ltr'><strong>facit</strong></span> <span class='ocrx_word' id='word_1_790' title='bbox 1682 5168 1738 5209; x_wconf 92' lang='lat' dir='ltr'><strong>ut</strong></span> <span class='ocrx_word' id='word_1_791' title='bbox 1777 5173 1984 5210; x_wconf 89' lang='lat' dir='ltr'><strong>servus.</strong></span> <span class='ocrx_word' id='word_1_792' title='bbox 2031 5158 2166 5223; x_wconf 86' lang='lat' dir='ltr'><strong>Quid</strong></span> 
     </span>
    </p>
   </div>
   <div class='ocr_carea' id='block_1_98' title="bbox 602 5237 2176 5323">
    <p class='ocr_par' dir='ltr' id='par_1_98' title="bbox 602 5237 2176 5323">
     <span class='ocr_line' id='line_1_98' title="bbox 602 5237 2176 5323; baseline 0.016 -35"><span class='ocrx_word' id='word_1_793' title='bbox 602 5238 766 5305; x_wconf 80' lang='lat' dir='ltr'><strong>igitur</strong></span> <span class='ocrx_word' id='word_1_794' title='bbox 808 5237 1056 5295; x_wconf 88' lang='lat' dir='ltr'><strong>Christus</strong></span> <span class='ocrx_word' id='word_1_795' title='bbox 1109 5243 1339 5310; x_wconf 81' lang='lat' dir='ltr'><strong>ipsamet</strong></span> <span class='ocrx_word' id='word_1_796' title='bbox 1391 5248 1700 5315; x_wconf 81' lang='lat' dir='ltr'><strong>sapientia?</strong></span> <span class='ocrx_word' id='word_1_797' title='bbox 1748 5250 2176 5323; x_wconf 87' lang='lat' dir='ltr'><strong>Comprehendit</strong></span> 
     </span>
    </p>
   </div>
   <div class='ocr_carea' id='block_1_99' title="bbox 600 5330 2176 5416">
    <p class='ocr_par' dir='ltr' id='par_1_99' title="bbox 600 5330 2176 5416">
     <span class='ocr_line' id='line_1_99' title="bbox 600 5330 2176 5416; baseline 0.015 -34"><span class='ocrx_word' id='word_1_798' title='bbox 600 5330 877 5398; x_wconf 79' lang='lat' dir='ltr'><strong>sapientes</strong></span> <span class='ocrx_word' id='word_1_799' title='bbox 920 5333 970 5386; x_wconf 91' lang='lat' dir='ltr'><strong>in</strong></span> <span class='ocrx_word' id='word_1_800' title='bbox 1004 5337 1238 5390; x_wconf 73' lang='lat' dir='ltr'><strong>versutia</strong></span> <span class='ocrx_word' id='word_1_801' title='bbox 1268 5354 1364 5391; x_wconf 89' lang='lat' dir='ltr'><strong>sua</strong></span> <span class='ocrx_word' id='word_1_802' title='bbox 1415 5341 1478 5404; x_wconf 64' lang='grc' dir='ltr'><strong>η,</strong></span> <span class='ocrx_word' id='word_1_803' title='bbox 1525 5350 1578 5394; x_wconf 90' lang='lat' dir='ltr'><strong>et</strong></span> <span class='ocrx_word' id='word_1_804' title='bbox 1621 5343 1915 5416; x_wconf 82' lang='lat' dir='ltr'><strong>interrogat</strong></span> <span class='ocrx_word' id='word_1_805' title='bbox 1961 5363 2055 5402; x_wconf 87' lang='lat' dir='ltr'><strong>eos</strong></span> <span class='ocrx_word' id='word_1_806' title='bbox 2109 5351 2176 5406; x_wconf 86' lang='lat' dir='ltr'><strong>de</strong></span> 
     </span>
    </p>
   </div>
   <div class='ocr_carea' id='block_1_100' title="bbox 600 5420 2176 5499">
    <p class='ocr_par' dir='ltr' id='par_1_100' title="bbox 600 5420 2176 5499">
     <span class='ocr_line' id='line_1_100' title="bbox 600 5420 2176 5499; baseline 0.014 -25"><span class='ocrx_word' id='word_1_807' title='bbox 600 5420 807 5475; x_wconf 76' lang='lat' dir='ltr'><strong>Joanne.</strong></span> <span class='ocrx_word' id='word_1_808' title='bbox 837 5425 1058 5490; x_wconf 87' lang='lat' dir='ltr'><strong>similia,</strong></span> <span class='ocrx_word' id='word_1_809' title='bbox 1097 5438 1151 5478; x_wconf 92' lang='lat' dir='ltr'><strong>ut</strong></span> <span class='ocrx_word' id='word_1_810' title='bbox 1177 5430 1220 5481; x_wconf 89' lang='lat' dir='ltr'><strong>si</strong></span> <span class='ocrx_word' id='word_1_811' title='bbox 1253 5433 1468 5499; x_wconf 79' lang='lat' dir='ltr'><strong>quidem</strong></span> <span class='ocrx_word' id='word_1_812' title='bbox 1526 5435 1766 5490; x_wconf 87' lang='lat' dir='ltr'><strong>dicerent</strong></span> <span class='ocrx_word' id='word_1_813' title='bbox 1799 5456 1812 5490; x_wconf 79' lang='grc' dir='ltr'><strong>ι</strong></span> <span class='ocrx_word' id='word_1_814' title='bbox 1847 5441 1886 5492; x_wconf 84' lang='grc' dir='ltr'>Ε</span> <span class='ocrx_word' id='word_1_815' title='bbox 1916 5441 2053 5495; x_wconf 71' lang='lat' dir='ltr'><strong>coelo</strong></span> <span class='ocrx_word' id='word_1_816' title='bbox 2076 5441 2176 5496; x_wconf 85' lang='lat' dir='ltr'><strong>fuit</strong></span> 
     </span>
    </p>
   </div>
   <div class='ocr_carea' id='block_1_101' title="bbox 601 5515 2172 5599">
    <p class='ocr_par' dir='ltr' id='par_1_101' title="bbox 601 5515 2172 5599">
     <span class='ocr_line' id='line_1_101' title="bbox 601 5515 2172 5599; baseline 0.015 -36"><span class='ocrx_word' id='word_1_817' title='bbox 601 5515 914 5581; x_wconf 69' lang='lat' dir='ltr'><strong>praedicatio</strong></span> <span class='ocrx_word' id='word_1_818' title='bbox 937 5516 1183 5584; x_wconf 80' lang='lat' dir='ltr'><strong>Joannis,</strong></span> <span class='ocrx_word' id='word_1_819' title='bbox 1211 5527 1695 5593; x_wconf 80' lang='lat' dir='ltr'><strong>eomprnbarentur</strong></span> <span class='ocrx_word' id='word_1_820' title='bbox 1722 5527 1827 5583; x_wconf 90' lang='lat' dir='ltr'><strong>Deo</strong></span> <span class='ocrx_word' id='word_1_821' title='bbox 1852 5532 2172 5599; x_wconf 79' lang='lat' dir='ltr'><strong>adversarii,</strong></span> 
     </span>
    </p>
   </div>
   <div class='ocr_carea' id='block_1_102' title="bbox 601 5604 2174 5678">
    <p class='ocr_par' dir='ltr' id='par_1_102' title="bbox 601 5604 2174 5678">
     <span class='ocr_line' id='line_1_102' title="bbox 601 5604 2174 5678; baseline 0.017 -26"><span class='ocrx_word' id='word_1_822' title='bbox 601 5604 742 5656; x_wconf 78' lang='lat' dir='ltr'><strong>tlUfld</strong></span> <span class='ocrx_word' id='word_1_823' title='bbox 777 5604 918 5658; x_wconf 86' lang='lat' dir='ltr'><strong>illam</strong></span> <span class='ocrx_word' id='word_1_824' title='bbox 941 5623 1047 5659; x_wconf 89' lang='lat' dir='ltr'><strong>non</strong></span> <span class='ocrx_word' id='word_1_825' title='bbox 1067 5615 1449 5677; x_wconf 69' lang='lat' dir='ltr'><strong>suscepissent-</strong></span> <span class='ocrx_word' id='word_1_826' title='bbox 1479 5615 1531 5664; x_wconf 64' lang='lat' dir='ltr'><strong>Si</strong></span> <span class='ocrx_word' id='word_1_827' title='bbox 1567 5626 1742 5670; x_wconf 77' lang='lat' dir='ltr'><strong>autem</strong></span> <span class='ocrx_word' id='word_1_828' title='bbox 1762 5635 1827 5671; x_wconf 77' lang='lat' dir='ltr'><strong>ex</strong></span> <span class='ocrx_word' id='word_1_829' title='bbox 1865 5622 2174 5678; x_wconf 78' lang='lat' dir='ltr'><strong>hominibus</strong></span> 
     </span>
    </p>
   </div>
   <div class='ocr_carea' id='block_1_103' title="bbox 660 5769 1690 5844">
    <p class='ocr_par' dir='ltr' id='par_1_103' title="bbox 660 5769 1690 5844">
     <span class='ocr_line' id='line_1_103' title="bbox 660 5769 1690 5844; baseline 0.016 -24"><span class='ocrx_word' id='word_1_830' title='bbox 660 5771 704 5796; x_wconf 84' lang='lat'>&quot;</span> <span class='ocrx_word' id='word_1_831' title='bbox 730 5769 913 5826; x_wconf 72' lang='lat' dir='ltr'><strong>Matth.</strong></span> <span class='ocrx_word' id='word_1_832' title='bbox 956 5792 1024 5836; x_wconf 79' lang='lat' dir='ltr'><strong>t&#39;t,</strong></span> <span class='ocrx_word' id='word_1_833' title='bbox 1065 5777 1143 5830; x_wconf 75' lang='lat'><strong>13.</strong></span> <span class='ocrx_word' id='word_1_834' title='bbox 1227 5781 1262 5809; x_wconf 77' lang='lat'>“</span> <span class='ocrx_word' id='word_1_835' title='bbox 1295 5781 1307 5832; x_wconf 89' lang='grc' dir='ltr'><strong>Ι</strong></span> <span class='ocrx_word' id='word_1_836' title='bbox 1336 5780 1454 5834; x_wconf 75' lang='lat' dir='ltr'><strong>Cttt&#39;.</strong></span> <span class='ocrx_word' id='word_1_837' title='bbox 1495 5798 1572 5844; x_wconf 79' lang='grc' dir='ltr'><strong>ιιι,</strong></span> <span class='ocrx_word' id='word_1_838' title='bbox 1612 5784 1690 5836; x_wconf 79' lang='grc' dir='ltr'><strong>ίί).</strong></span> 
     </span>
    </p>
   </div>
   <div class='ocr_carea' id='block_1_104' title="bbox 2267 4606 3858 4679">
    <p class='ocr_par' dir='ltr' id='par_1_104' title="bbox 2267 4606 3858 4679">
     <span class='ocr_line' id='line_1_104' title="bbox 2267 4606 3858 4679; baseline -0.001 -16"><span class='ocrx_word' id='word_1_839' title='bbox 2267 4611 2437 4663; x_wconf 90' lang='grc' dir='ltr'><strong>ταῦτα</strong></span> <span class='ocrx_word' id='word_1_840' title='bbox 2466 4611 2574 4670; x_wconf 71' lang='grc' dir='ltr'><strong>τοῖς</strong></span> <span class='ocrx_word' id='word_1_841' title='bbox 2607 4607 2913 4679; x_wconf 83' lang='grc' dir='ltr'><strong>βασιλεῦσιν</strong></span> <span class='ocrx_word' id='word_1_842' title='bbox 2937 4611 2992 4660; x_wconf 86' lang='grc' dir='ltr'><strong>ἐν</strong></span> <span class='ocrx_word' id='word_1_843' title='bbox 3023 4607 3152 4676; x_wconf 82' lang='grc' dir='ltr'><strong>ιερῷ</strong></span> <span class='ocrx_word' id='word_1_844' title='bbox 3179 4608 3460 4674; x_wconf 85' lang='grc' dir='ltr'><strong>πράττειν.</strong></span> <span class='ocrx_word' id='word_1_845' title='bbox 3500 4606 3760 4674; x_wconf 77' lang='grc' dir='ltr'><strong>’Πρώτων</strong></span> <span class='ocrx_word' id='word_1_846' title='bbox 3793 4609 3858 4663; x_wconf 77' lang='grc' dir='ltr'><strong>δὲ</strong></span> 
     </span>
    </p>
   </div>
   <div class='ocr_carea' id='block_1_105' title="bbox 2266 4694 3858 4768">
    <p class='ocr_par' dir='ltr' id='par_1_105' title="bbox 2266 4694 3858 4768">
     <span class='ocr_line' id='line_1_105' title="bbox 2266 4694 3858 4768; baseline -0.005 -14"><span class='ocrx_word' id='word_1_847' title='bbox 2266 4700 2438 4754; x_wconf 88' lang='grc' dir='ltr'><strong>ταῦτα</strong></span> <span class='ocrx_word' id='word_1_848' title='bbox 2464 4700 2553 4752; x_wconf 88' lang='grc' dir='ltr'><strong>τὸν</strong></span> <span class='ocrx_word' id='word_1_849' title='bbox 2584 4698 2804 4767; x_wconf 85' lang='grc' dir='ltr'><strong>Κύριον,</strong></span> <span class='ocrx_word' id='word_1_850' title='bbox 2829 4696 2936 4759; x_wconf 82' lang='grc' dir='ltr'><strong>ἵνα,</strong></span> <span class='ocrx_word' id='word_1_851' title='bbox 2961 4697 3054 4748; x_wconf 83' lang='grc' dir='ltr'><strong>ἐὰν</strong></span> <span class='ocrx_word' id='word_1_852' title='bbox 3085 4697 3182 4764; x_wconf 85' lang='grc' dir='ltr'><strong>μέν</strong></span> <span class='ocrx_word' id='word_1_853' title='bbox 3221 4694 3370 4766; x_wconf 71' lang='grc' dir='ltr'><strong>εἴπῃ,</strong></span> <span class='ocrx_word' id='word_1_854' title='bbox 3402 4697 3484 4747; x_wconf 86' lang='grc' dir='ltr'><strong>ὅτι</strong></span> <span class='ocrx_word' id='word_1_855' title='bbox 3521 4695 3610 4747; x_wconf 81' lang='grc' dir='ltr'><strong>Ἐν</strong></span> <span class='ocrx_word' id='word_1_856' title='bbox 3637 4696 3702 4764; x_wconf 82' lang='grc' dir='ltr'><strong>τῇ</strong></span> <span class='ocrx_word' id='word_1_857' title='bbox 3739 4697 3858 4768; x_wconf 75' lang='grc' dir='ltr'><strong>ἐμῇ</strong></span> 
     </span>
    </p>
   </div>
   <div class='ocr_carea' id='block_1_106' title="bbox 2270 4787 3858 4862">
    <p class='ocr_par' dir='ltr' id='par_1_106' title="bbox 2270 4787 3858 4862">
     <span class='ocr_line' id='line_1_106' title="bbox 2270 4787 3858 4862; baseline -0.006 -16"><span class='ocrx_word' id='word_1_858' title='bbox 2270 4793 2487 4862; x_wconf 78' lang='grc' dir='ltr'><strong>ἐξουσίᾳ</strong></span> <span class='ocrx_word' id='word_1_859' title='bbox 2511 4790 2683 4843; x_wconf 87' lang='grc' dir='ltr'><strong>ταῦτα</strong></span> <span class='ocrx_word' id='word_1_860' title='bbox 2710 4789 2868 4851; x_wconf 80' lang='grc' dir='ltr'><strong>ποιῶ,</strong></span> <span class='ocrx_word' id='word_1_861' title='bbox 2885 4787 3244 4840; x_wconf 81' lang='grc' dir='ltr'><strong>διαϐάλλωσιν</strong></span> <span class='ocrx_word' id='word_1_862' title='bbox 3267 4789 3428 4839; x_wconf 72' lang='grc' dir='ltr'><strong>αὐτὸν</strong></span> <span class='ocrx_word' id='word_1_863' title='bbox 3451 4788 3523 4849; x_wconf 72' lang='grc' dir='ltr'><strong>ὡς</strong></span> <span class='ocrx_word' id='word_1_864' title='bbox 3545 4787 3858 4856; x_wconf 80' lang='grc' dir='ltr'><strong>ἀντάρτην,</strong></span> 
     </span>
    </p>
   </div>
   <div class='ocr_carea' id='block_1_107' title="bbox 2271 4881 3858 4950">
    <p class='ocr_par' dir='ltr' id='par_1_107' title="bbox 2271 4881 3858 4950">
     <span class='ocr_line' id='line_1_107' title="bbox 2271 4881 3858 4950; baseline -0.007 -11"><span class='ocrx_word' id='word_1_865' title='bbox 2271 4888 2362 4940; x_wconf 75' lang='grc' dir='ltr'><strong>καὶ</strong></span> <span class='ocrx_word' id='word_1_866' title='bbox 2394 4887 2526 4938; x_wconf 81' lang='grc' dir='ltr'><strong>ἰδίαν</strong></span> <span class='ocrx_word' id='word_1_867' title='bbox 2559 4882 2804 4947; x_wconf 79' lang='grc' dir='ltr'><strong>ἐξουσίαν</strong></span> <span class='ocrx_word' id='word_1_868' title='bbox 2837 4882 2978 4950; x_wconf 79' lang='grc' dir='ltr'><strong>ἐχειν</strong></span> <span class='ocrx_word' id='word_1_869' title='bbox 3019 4881 3284 4948; x_wconf 69' lang='grc' dir='ltr'><strong>λέγονταί·</strong></span> <span class='ocrx_word' id='word_1_870' title='bbox 3319 4882 3410 4932; x_wconf 72' lang='grc' dir='ltr'><strong>ἐὰν</strong></span> <span class='ocrx_word' id='word_1_871' title='bbox 3460 4881 3513 4934; x_wconf 71' lang='grc' dir='ltr'><strong>δὲ</strong></span> <span class='ocrx_word' id='word_1_872' title='bbox 3565 4881 3696 4950; x_wconf 75' lang='grc' dir='ltr'><strong>εἴπῃ</strong></span> <span class='ocrx_word' id='word_1_873' title='bbox 3718 4920 3731 4942; x_wconf 84' lang='grc'><strong>,</strong></span> <span class='ocrx_word' id='word_1_874' title='bbox 3765 4883 3858 4933; x_wconf 76' lang='grc' dir='ltr'><strong>ὅτι</strong></span> 
     </span>
    </p>
   </div>
   <div class='ocr_carea' id='block_1_108' title="bbox 2289 4973 3862 5046">
    <p class='ocr_par' dir='ltr' id='par_1_108' title="bbox 2289 4973 3862 5046">
     <span class='ocr_line' id='line_1_108' title="bbox 2289 4973 3862 5046; baseline -0.003 -16"><span class='ocrx_word' id='word_1_875' title='bbox 2289 4977 2375 5031; x_wconf 78' lang='grc' dir='ltr'><strong>Ἑν</strong></span> <span class='ocrx_word' id='word_1_876' title='bbox 2401 4981 2465 5046; x_wconf 81' lang='grc' dir='ltr'><strong>τῇ</strong></span> <span class='ocrx_word' id='word_1_877' title='bbox 2482 4976 2600 5045; x_wconf 79' lang='grc' dir='ltr'><strong>θείᾳ</strong></span> <span class='ocrx_word' id='word_1_878' title='bbox 2625 4974 2839 5044; x_wconf 79' lang='grc' dir='ltr'><strong>ἐξουσίᾳ</strong></span> <span class='ocrx_word' id='word_1_879' title='bbox 2853 4973 3024 5025; x_wconf 87' lang='grc' dir='ltr'><strong>ταῦτα</strong></span> <span class='ocrx_word' id='word_1_880' title='bbox 3038 4974 3197 5036; x_wconf 83' lang='grc' dir='ltr'><strong>ποιῶ,</strong></span> <span class='ocrx_word' id='word_1_881' title='bbox 3223 4974 3600 5043; x_wconf 79' lang='grc' dir='ltr'><strong>άποστήσωσιν</strong></span> <span class='ocrx_word' id='word_1_882' title='bbox 3627 4973 3723 5024; x_wconf 80' lang='grc' dir='ltr'><strong>ἀπ’</strong></span> <span class='ocrx_word' id='word_1_883' title='bbox 3753 4976 3862 5025; x_wconf 77' lang='grc' dir='ltr'><strong>αύ-</strong></span> 
     </span>
    </p>
   </div>
   <div class='ocr_carea' id='block_1_109' title="bbox 2265 5065 3858 5137">
    <p class='ocr_par' dir='ltr' id='par_1_109' title="bbox 2265 5065 3858 5137">
     <span class='ocr_line' id='line_1_109' title="bbox 2265 5065 3858 5137; baseline -0.004 -13"><span class='ocrx_word' id='word_1_884' title='bbox 2265 5071 2361 5124; x_wconf 80' lang='grc' dir='ltr'><strong>τοῦ</strong></span> <span class='ocrx_word' id='word_1_885' title='bbox 2395 5071 2518 5132; x_wconf 79' lang='grc' dir='ltr'><strong>τοὺς</strong></span> <span class='ocrx_word' id='word_1_886' title='bbox 2549 5069 2737 5137; x_wconf 74' lang='grc' dir='ltr'><strong>ὄχλους</strong></span> <span class='ocrx_word' id='word_1_887' title='bbox 2765 5067 2889 5129; x_wconf 81' lang='grc' dir='ltr'><strong>τοὺς</strong></span> <span class='ocrx_word' id='word_1_888' title='bbox 2919 5065 3221 5134; x_wconf 75' lang='grc' dir='ltr'><strong>ὑμνοῦντας</strong></span> <span class='ocrx_word' id='word_1_889' title='bbox 3253 5067 3414 5116; x_wconf 80' lang='grc' dir='ltr'><strong>αὑτὸν</strong></span> <span class='ocrx_word' id='word_1_890' title='bbox 3440 5067 3512 5126; x_wconf 80' lang='grc' dir='ltr'><strong>ὡς</strong></span> <span class='ocrx_word' id='word_1_891' title='bbox 3545 5065 3702 5129; x_wconf 81' lang='grc' dir='ltr'><strong>Θεὸν,</strong></span> <span class='ocrx_word' id='word_1_892' title='bbox 3737 5065 3858 5117; x_wconf 72' lang='grc' dir='ltr'><strong>δεί-</strong></span> 
     </span>
    </p>
   </div>
   <div class='ocr_carea' id='block_1_110' title="bbox 2265 5155 3860 5226">
    <p class='ocr_par' dir='ltr' id='par_1_110' title="bbox 2265 5155 3860 5226">
     <span class='ocr_line' id='line_1_110' title="bbox 2265 5155 3860 5226; baseline -0.004 -12"><span class='ocrx_word' id='word_1_893' title='bbox 2265 5161 2453 5226; x_wconf 86' lang='grc' dir='ltr'><strong>ξαντες</strong></span> <span class='ocrx_word' id='word_1_894' title='bbox 2477 5162 2587 5222; x_wconf 86' lang='grc' dir='ltr'><strong>τοῖς</strong></span> <span class='ocrx_word' id='word_1_895' title='bbox 2617 5159 2791 5226; x_wconf 73' lang='grc' dir='ltr'><strong>ὄχλοις</strong></span> <span class='ocrx_word' id='word_1_896' title='bbox 2815 5158 2916 5215; x_wconf 84' lang='grc' dir='ltr'><strong>ὅτι,</strong></span> <span class='ocrx_word' id='word_1_897' title='bbox 2958 5156 3084 5208; x_wconf 78' lang='grc' dir='ltr'><strong>Ἰδοὺ</strong></span> <span class='ocrx_word' id='word_1_898' title='bbox 3109 5157 3208 5207; x_wconf 86' lang='grc' dir='ltr'><strong>ούκ</strong></span> <span class='ocrx_word' id='word_1_899' title='bbox 3233 5155 3348 5206; x_wconf 77' lang='grc' dir='ltr'><strong>ἐστι</strong></span> <span class='ocrx_word' id='word_1_900' title='bbox 3368 5156 3498 5217; x_wconf 86' lang='grc' dir='ltr'><strong>Θεὸς</strong></span> <span class='ocrx_word' id='word_1_901' title='bbox 3515 5156 3700 5216; x_wconf 73' lang='grc' dir='ltr'><strong>αὐτὸς,</strong></span> <span class='ocrx_word' id='word_1_902' title='bbox 3727 5156 3860 5209; x_wconf 83' lang='grc' dir='ltr'><strong>ἀλλ’</strong></span> 
     </span>
    </p>
   </div>
   <div class='ocr_carea' id='block_1_111' title="bbox 2264 5247 3855 5321">
    <p class='ocr_par' dir='ltr' id='par_1_111' title="bbox 2264 5247 3855 5321">
     <span class='ocr_line' id='line_1_111' title="bbox 2264 5247 3855 5321; baseline -0.002 -17"><span class='ocrx_word' id='word_1_903' title='bbox 2264 5255 2322 5304; x_wconf 89' lang='grc' dir='ltr'><strong>ἐν</strong></span> <span class='ocrx_word' id='word_1_904' title='bbox 2349 5256 2412 5321; x_wconf 78' lang='grc' dir='ltr'><strong>τῇ</strong></span> <span class='ocrx_word' id='word_1_905' title='bbox 2446 5250 2538 5303; x_wconf 84' lang='grc' dir='ltr'><strong>τοῦ</strong></span> <span class='ocrx_word' id='word_1_906' title='bbox 2575 5250 2707 5302; x_wconf 81' lang='grc' dir='ltr'><strong>Θεοῦ</strong></span> <span class='ocrx_word' id='word_1_907' title='bbox 2744 5249 2960 5318; x_wconf 77' lang='grc' dir='ltr'><strong>ἐξουσίᾳ</strong></span> <span class='ocrx_word' id='word_1_908' title='bbox 2992 5247 3176 5300; x_wconf 76' lang='grc' dir='ltr'><strong>ταῦτα</strong></span> <span class='ocrx_word' id='word_1_909' title='bbox 3217 5250 3360 5299; x_wconf 79' lang='grc' dir='ltr'><strong>ποιεῖ</strong></span> <span class='ocrx_word' id='word_1_910' title='bbox 3406 5248 3479 5308; x_wconf 80' lang='grc' dir='ltr'><strong>ὡς</strong></span> <span class='ocrx_word' id='word_1_911' title='bbox 3517 5247 3722 5309; x_wconf 77' lang='grc' dir='ltr'><strong>δοῦλος.</strong></span> <span class='ocrx_word' id='word_1_912' title='bbox 3781 5251 3855 5302; x_wconf 88' lang='grc' dir='ltr'><strong>Τί</strong></span> 
     </span>
    </p>
   </div>
   <div class='ocr_carea' id='block_1_112' title="bbox 2263 5335 3856 5406">
    <p class='ocr_par' dir='ltr' id='par_1_112' title="bbox 2263 5335 3856 5406">
     <span class='ocr_line' id='line_1_112' title="bbox 2263 5335 3856 5406; baseline -0.003 -15"><span class='ocrx_word' id='word_1_913' title='bbox 2263 5335 2355 5392; x_wconf 78' lang='grc' dir='ltr'><strong>οὖν</strong></span> <span class='ocrx_word' id='word_1_914' title='bbox 2384 5343 2410 5392; x_wconf 91' lang='lat'><strong>6</strong></span> <span class='ocrx_word' id='word_1_915' title='bbox 2449 5338 2680 5406; x_wconf 86' lang='grc' dir='ltr'><strong>Χριστὸς</strong></span> <span class='ocrx_word' id='word_1_916' title='bbox 2714 5339 2746 5406; x_wconf 82' lang='grc' dir='ltr'>ὴ</span> <span class='ocrx_word' id='word_1_917' title='bbox 2782 5338 3108 5404; x_wconf 83' lang='grc' dir='ltr'><strong>αὑτοσοφία;</strong></span> <span class='ocrx_word' id='word_1_918' title='bbox 3143 5337 3441 5406; x_wconf 85' lang='grc' dir='ltr'><strong>Δράττεται</strong></span> <span class='ocrx_word' id='word_1_919' title='bbox 3479 5339 3608 5398; x_wconf 77' lang='grc' dir='ltr'><strong>τοῦς</strong></span> <span class='ocrx_word' id='word_1_920' title='bbox 3646 5339 3856 5405; x_wconf 68' lang='grc' dir='ltr'><strong>σοφοὺς</strong></span> 
     </span>
    </p>
   </div>
   <div class='ocr_carea' id='block_1_113' title="bbox 2263 5430 3859 5502">
    <p class='ocr_par' dir='ltr' id='par_1_113' title="bbox 2263 5430 3859 5502">
     <span class='ocr_line' id='line_1_113' title="bbox 2263 5430 3859 5502; baseline -0.001 -17"><span class='ocrx_word' id='word_1_921' title='bbox 2263 5433 2322 5485; x_wconf 82' lang='grc' dir='ltr'><strong>ἐν</strong></span> <span class='ocrx_word' id='word_1_922' title='bbox 2347 5435 2412 5502; x_wconf 83' lang='grc' dir='ltr'><strong>τῇ</strong></span> <span class='ocrx_word' id='word_1_923' title='bbox 2450 5430 2754 5501; x_wconf 81' lang='grc' dir='ltr'><strong>κακουργίᾳ</strong></span> <span class='ocrx_word' id='word_1_924' title='bbox 2786 5431 2984 5491; x_wconf 79' lang='grc' dir='ltr'><strong>αὐτῶν,</strong></span> <span class='ocrx_word' id='word_1_925' title='bbox 3020 5432 3113 5483; x_wconf 76' lang='grc' dir='ltr'><strong>καὶ</strong></span> <span class='ocrx_word' id='word_1_926' title='bbox 3143 5431 3322 5498; x_wconf 78' lang='grc' dir='ltr'><strong>ἐρωτᾷ</strong></span> <span class='ocrx_word' id='word_1_927' title='bbox 3355 5430 3548 5492; x_wconf 70' lang='grc' dir='ltr'><strong>αὐτοὺς</strong></span> <span class='ocrx_word' id='word_1_928' title='bbox 3587 5431 3714 5498; x_wconf 79' lang='grc' dir='ltr'><strong>περὶ</strong></span> <span class='ocrx_word' id='word_1_929' title='bbox 3751 5430 3859 5483; x_wconf 76' lang='grc' dir='ltr'><strong>τοῦ</strong></span> 
     </span>
    </p>
   </div>
   <div class='ocr_carea' id='block_1_114' title="bbox 2281 5518 3855 5590">
    <p class='ocr_par' dir='ltr' id='par_1_114' title="bbox 2281 5518 3855 5590">
     <span class='ocr_line' id='line_1_114' title="bbox 2281 5518 3855 5590; baseline -0.004 -14"><span class='ocrx_word' id='word_1_930' title='bbox 2281 5522 2524 5576; x_wconf 81' lang='grc' dir='ltr'><strong>Ἰωάννου</strong></span> <span class='ocrx_word' id='word_1_931' title='bbox 2554 5521 2621 5572; x_wconf 85' lang='grc' dir='ltr'><strong>τὰ</strong></span> <span class='ocrx_word' id='word_1_932' title='bbox 2655 5523 2834 5590; x_wconf 82' lang='grc' dir='ltr'><strong>ὅμοια,</strong></span> <span class='ocrx_word' id='word_1_933' title='bbox 2870 5522 2954 5573; x_wconf 80' lang='grc' dir='ltr'><strong>ἵνα</strong></span> <span class='ocrx_word' id='word_1_934' title='bbox 3005 5521 3101 5572; x_wconf 76' lang='grc' dir='ltr'><strong>ἐὰν</strong></span> <span class='ocrx_word' id='word_1_935' title='bbox 3139 5519 3237 5588; x_wconf 83' lang='grc' dir='ltr'><strong>μὲν</strong></span> <span class='ocrx_word' id='word_1_936' title='bbox 3270 5522 3496 5571; x_wconf 76' lang='grc' dir='ltr'><strong>εἴπωσιν</strong></span> <span class='ocrx_word' id='word_1_937' title='bbox 3534 5521 3612 5571; x_wconf 80' lang='grc' dir='ltr'><strong>ὅτι</strong></span> <span class='ocrx_word' id='word_1_938' title='bbox 3656 5518 3717 5583; x_wconf 81' lang='grc' dir='ltr'><strong>ἐξ</strong></span> <span class='ocrx_word' id='word_1_939' title='bbox 3752 5522 3855 5572; x_wconf 68' lang='grc' dir='ltr'><strong>οὒ-</strong></span> 
     </span>
    </p>
   </div>
   <div class='ocr_carea' id='block_1_115' title="bbox 2273 5606 3858 5682">
    <p class='ocr_par' dir='ltr' id='par_1_115' title="bbox 2273 5606 3858 5682">
     <span class='ocr_line' id='line_1_115' title="bbox 2273 5606 3858 5682; baseline -0.001 -18"><span class='ocrx_word' id='word_1_940' title='bbox 2273 5611 2432 5681; x_wconf 86' lang='grc' dir='ltr'><strong>ρανοῦ</strong></span> <span class='ocrx_word' id='word_1_941' title='bbox 2469 5606 2535 5682; x_wconf 77' lang='grc' dir='ltr'><strong>ἦν</strong></span> <span class='ocrx_word' id='word_1_942' title='bbox 2568 5612 2626 5663; x_wconf 85' lang='grc' dir='ltr'><strong>τὸ</strong></span> <span class='ocrx_word' id='word_1_943' title='bbox 2661 5614 2921 5682; x_wconf 75' lang='grc' dir='ltr'><strong>κήρυγμα</strong></span> <span class='ocrx_word' id='word_1_944' title='bbox 2955 5609 3050 5664; x_wconf 86' lang='grc' dir='ltr'><strong>τοῦ</strong></span> <span class='ocrx_word' id='word_1_945' title='bbox 3096 5611 3376 5673; x_wconf 82' lang='grc' dir='ltr'><strong>Ἰωάννου,</strong></span> <span class='ocrx_word' id='word_1_946' title='bbox 3411 5608 3679 5681; x_wconf 83' lang='grc' dir='ltr'><strong>εύρεθῶσι</strong></span> <span class='ocrx_word' id='word_1_947' title='bbox 3728 5609 3858 5663; x_wconf 77' lang='grc' dir='ltr'><strong>θεο-</strong></span> 
     </span>
    </p>
   </div>
  </div>
