4004 6430
147 413 250 480 επ

823 413 1285 478 ἘΝᾹΒΗᾹἸἹΟ
1323 414 1407 477 IN
1439 411 1755 477 EVANGE.‘

1864 413 1949 475 IM
1985 412 2378 478 ΜΑΤΤΗΕῙ.
2415 436 2488 450 -·
2525 411 2686 477 CAP.
2727 410 2892 473 XXI.

3369 406 3477 474 378

149 536 340 610 μάχαι.
371 535 456 601 ὡς
489 532 568 608 μὴ
594 529 1038 604 παραδεξάμενοι
1094 533 1253 586 τοῦτο
1282 549 1298 565 ·
1350 531 1447 586 ἐὰν
1488 531 1546 588 δὲ
1575 530 1635 596 ἐξ
1667 532 1755 584 ἀν-

1866 529 2155 596 dicerent,
2205 528 2649 599 periclitareutur
2695 535 2923 599 propter
2974 524 3215 581 turbam.
3269 523 3474 584 Omnes

149 631 390 702 θρῶπυν
415 631 646 693 etiamet,
679 627 1104 682 κινδυνεύσωσιν
1122 629 1185 681 ὲκ
1216 626 1310 680 τοῦ
1340 625 1525 697 δχιλου.
1549 627 1764 687 Πάντες

149 723 260 796 γὰρ
298 723 380 786 ὥς
421 722 716 791 προφήτην
763 715 916 791 εἶχον
950 717 1042 771 τὸν
1088 715 1366 786 Ἰωάννην.
1404 715 1661 768 Δεὶκνυσι
1703 713 1760 766 δὲ

148 815 408 880 ὲπῑῦθὰν
438 815 472 868 6
501 812 730 884 Κύριος,
762 813 848 866 ὅτι
881 812 995 873 τοῖς
1028 807 1357 881 κακούργως
1391 806 1674 880 ἐρωτῶσιν
1699 807 1761 859 οὐ

149 913 232 968 δεῖ
257 908 691 980 ἀποκρίνεσθαι.
725 906 865 961 Οὐδὲ
908 907 1018 976 γὰρ
1049 905 1160 959 οὐδ’
1213 902 1380 967 αὐτὸς
1424 901 1762 972 ἀπεκρίνατο

145 1001 261 1066 τας
291 999 589 1072 δρωτῶσιν
625 999 792 1054 αὑτὸν
839 997 1119 1060 Ἰουδαίοις
1151 999 1210 1050 ὲν
1247 995 1415 1063 δόλῳ,
1450 995 1628 1048 καίτοι
1659 994 1761 1047 οὐκ

142 1090 348 1164 ἧόριι
377 1088 758 1163 ἀποκρίσεως.
798 1091 955 1162 Ἅμα
992 1090 1048 1144 δὲ
1083 1088 1432 1160 μανθάνομεν
1467 1088 1548 1140 ὃτι
1580 1087 1675 1140 καὶ
1701 1084 1762 1138 τὸ

143 1183 350 1248 ζαν-ὼν
386 1182 804 1251 ἑγκωμιάζειν,
832 1167 935 1237 οὐκ
973 1181 1088 1236 ἔστι
1128 1183 1274 1234 κατὰ
1310 1180 1578 1250 Χριστόν.
1624 1178 1760 1231 Ἰδοὺ

141 1276 239 1331 οῦν
258 1277 290 1330 6
318 1276 532 1348 Κύριος
562 1268 868 1346 δυνάμενος
889 1276 1064 1328 εἰπεῖν
1096 1274 1154 1327 ὲν
1177 1272 1307 1345 ποίᾳ
1337 1271 1559 1342 ἐξουσίᾳ
1585 1269 1760 1323 ταῦτα

141 1377 301 1429 mre!
323 1413 340 1434 .
383 1373 491 1425 οὐκ
520 1365 700 1432 εἶπεν,
738 1368 825 1422 ἵνα
856 1366 931 1437 μὴ
962 1366 1086 1438 δόξῃ
1119 1365 1316 1420 ἑαυτὸν
1360 1362 1758 1432 ἐγκωμιάζειν.

224 1483 244 1515 r
281 1459 357 1518 Τί
407 1462 468 1516 δι
521 1461 651 1532 ὑμῖν
703 1459 887 1525 δοκεῖς
920 1457 1247 1528 Ἀνθρωπος
1270 1452 1382 1527 εἶχε
1422 1455 1590 1508 τέκνα
1625 1452 1758 1506 δύο·

141 1559 240 1609 καὶ
266 1553 600 1626 προσελθὼν
627 1551 706 1622 τῷ
741 1549 970 1621 πρώτῳ,
999 1545 1120 1604 εἷπε
1146 1566 1160 1581 ·
1195 1549 1422 1613 Τέκνον,
1452 1547 1634 1614 ὕπαγε
1664 1546 1761 1617 σή-

141 1666 344 1721 μερον,
367 1645 609 1718 ἐργάζου
635 1646 694 1698 ὲν
724 1644 805 1714 τῷ
827 1642 1117 1714 ἀμπελῶνὶ
1159 1659 1283 1712 μου.
1326 1641 1386 1694 ’0
1416 1639 1472 1693 δὲ
1521 1640 1761 1710 ἀποκρι-

140 1733 282 1803 om,
364 1733 560 1795 εἶπεν·
594 1736 669 1789 Οὑ
731 1735 893 1789 θέλω.
928 1734 1200 1802 ’Ὕστερον
1239 1733 1297 1786 δὲ
1347 1730 1760 1804 μεταμεληθεὶς

138 1830 392 1900 ἀπῆλθε.
430 1829 545 1883 Καὶ
588 1827 905 1900 προσελθὼν
945 1826 1024 1896 τῷ
1081 1826 1347 1896 δευτέρῳ,
1378 1821 1533 1879 εἶπεν
1569 1823 1756 1878 ὡσαύ-

139 1931 282 1985 τως·
311 1923 345 1974 ό
375 1919 433 1974 δὲ
461 1919 810 1989 ἀποκριθεὶς,
839 1913 994 1971 εἶπεν
1018 1932 1034 1948 ·
1086 1916 1258 1984 Ἐγὼ,
1298 1915 1485 1984 κύριε·
1530 1914 1626 1969 καὶ
1657 1913 1760 1966 οὑκ

139 2012 390 2082 ἀπῆλθε.
424 2012 524 2075 TE;
558 2011 750 2065 ἐκτῶν
781 2010 878 2064 δύο
936 2009 1160 2077 ἐποίησε
1185 2007 1246 2062 τὸ
1273 2006 1489 2077 θέλημα
1525 2004 1620 2059 τοῦ
1656 2021 1762 2058 πα·-

141 2107 314 2178 τρόςς
357 2107 634 2174 Λέγουσιν
701 2103 872 2174 αὐτῷ·
929 2104 991 2157 '0
1024 2102 1268 2173 πρῶτος.
1302 2102 1468 2169 Λέγει
1507 2100 1693 2161 αὑτοῖς
1731 2100 1760 2152 ό

151 2199 409 2270 Ἰησοῦς·
455 2198 632 2268 Ἀμὴν
668 2197 814 2264 λέγω
858 2195 988 2266 ὑμῖν
1033 2196 1114 2249 δτι
1138 2195 1188 2248 οἱ
1247 2193 1480 2246 τελῶναι
1541 2192 1640 2246 καὶ
1702 2191 1757 2244 αἱ

138 2294 350 2363 πόρναι
380 2289 724 2362 προάγουσιν
755 2289 901 2360 ὑμᾶς
933 2290 1013 2350 εἰς
1042 2287 1144 2357 τὴν
1168 2285 1449 2356 βασιλείαν
1472 2282 1568 2336 τοῦ
1595 2280 1756 2335 Θεοῦ.

137 2379 318 2442 Ἦλθε
352 2385 470 2455 γὰρ
497 2382 636 2455 πρὸς
663 2383 812 2452 ὑμᾶς
858 2381 1116 2450 Ἰωάννης
1139 2381 1197 2433 ὲν
1241 2376 1345 2446 ὁδῷ
1377 2375 1757 2444 δικαιοσύνης,

139 2483 234 2534 καὶ
287 2481 398 2533 οὐκ
459 2476 828 2530 ἐπιστεύσατε
875 2474 1055 2544 αὐτῷ·
1089 2474 1138 2526 οἱ
1172 2472 1228 2526 δὲ
1271 2471 1504 2524 τελῶναι
1559 2471 1655 2523 καὶ
1702 2469 1757 2521 αἱ

137 2572 344 2642 πόρναι
381 2569 724 2636 ἐπίστευσαν
753 2565 905 2634 αὑτῷ
927 2582 941 2595 ·
977 2567 1137 2634 ὑμεῖς
1178 2563 1236 2617 δὲ
1275 2563 1476 2625 ἱδόντες
1507 2559 1568 2612 ού
1603 2576 1759 2629 μετε-

141 2663 427 2734 μελήθητε
465 2659 702 2728 ὕστερον
726 2657 823 2711 τοῦ
883 2656 1177 2710 πιστεῦσαι
1219 2652 1391 2724 αὐτῷ.
1437 2672 1455 2703 ι
1489 2651 1594 2706 Δύο
1623 2649 1759 2717 τάγ-

142 2771 289 2823 ματα
319 2751 569 2818 εἰσάγει·
609 2749 668 2804 ἓν
700 2750 800 2818 μὲν
841 2749 952 2802 τῶν
1005 2747 1064 2815 ἐξ
1114 2748 1292 2818 ἀρχῆς
1329 2746 1755 2816 ὑποσχομένων·

139 2841 242 2900 οἶοι
261 2841 414 2917 ἦσαν
447 2846 504 2897 οἱ
544 2841 818 2908 Ἰουδαῖοι,
872 2838 1122 2901 εἰπόντες
1149 2853 1163 2869 ο
1197 2855 1214 2888 ι
1249 2838 1437 2891 Πάντα
1467 2837 1568 2888 ὅσα
1603 2831 1758 2888 εἶπεν

137 2940 163 2989 ό
195 2936 333 2999 Θεὸς
365 2935 682 3004 ποιήσομεν
704 2932 800 2988 καὶ
823 2927 1174 3000 ἀκουσόμεθα
1205 2943 1218 2958 ·
1272 2947 1289 2979 ι
1324 2928 1512 2997 ἕτερον
1538 2927 1616 2989 δὲ,
1648 2926 1758 2980 τῶν

138 3030 597 3101 ἁπειθησάντων,
651 3020 764 3079 οἷον
807 3024 1028 3094 πορνῶν
1055 3022 1151 3075 καὶ
1211 3021 1482 3084 τελωνῶν,
1524 3019 1660 3073 ἀλλὰ
1692 3020 1757 3088 δὴ

139 3129 236 3179 καὶ
261 3124 366 3177 τοῦ
401 3121 467 3186 ἐξ
491 3119 666 3173 ἐθνῶν
697 3114 854 3182 λαοῦ,
897 3117 948 3169 οἲ
979 3114 1038 3180 ὲξ
1077 3115 1252 3185 ἀρχῆς
1296 3112 1370 3183 μὴ
1410 3111 1760 3166 ὑπακούσαν-

1787 1873 1836 1934 Β

1867 625 2092 679 enimut
2118 622 2438 692 prephetam
2465 622 2745 684 habebant
2773 619 3068 676 Joannem.
3098 618 3353 677 Ostendit
3381 636 3476 676 au-

1869 728 1973 770 tem
2007 716 2108 769 hoc
2141 715 2258 768 loco
2295 713 2592 780 Dominus,
2622 713 2766 782 quod
2802 713 3038 781 maligne
3080 713 3474 783 interroganti-

1866 811 1968 865 bus
2000 825 2104 862 nou
2147 815 2399 875 oporteat
2431 806 2788 874 respondere.
2821 804 2957 860 Nam
2985 821 3089 860 nec
3121 806 3238 875 ipse
3271 805 3474 861 Judaeis

1865 902 2053 958 dolose
2107 901 2575 969 interrogantibus
2636 901 2950 970 respondit.
3011 901 3264 970 quamvis
3329 900 3472 954 nulla

1866 995 2231 1065 respondendi
2271 991 2562 1047 difficultas
2592 1001 2758 1046 esset.
2803 992 3073 1046 Discimns
3119 1001 3300 1045 autem
3337 992 3477 1044 inte-

1868 1087 1969 1140 rim
2002 1085 2146 1155 quod
2175 1085 2530 1152 semetipsum
2558 1083 2781 1137 laudare
2811 1098 2917 1135 nou
2957 1092 3039 1136 est
3074 1081 3233 1150 juvta
3265 1081 3472 1144 Christi

1866 1179 2192 1234 doctrinam.
2232 1180 2378 1234 Ecce
2417 1177 2680 1232 Dominus
2729 1179 2878 1232 enim
2923 1179 3013 1243 qui
3061 1180 3242 1248 putuit
3293 1179 3476 1232 dicere

1866 1289 1971 1342 qua
2005 1281 2272 1341 potestate
2319 1272 2438 1326 hmc
2495 1270 2725 1338 faceret,
2759 1286 2866 1327 non
2895 1270 3070 1335 dixit,
3114 1286 3186 1327 ne
3231 1271 3473 1341 seipsum

1865 1364 2090 1418 laudare
2110 1365 2406 1418 videretur.

1938 1456 2103 1511 Vens.
2137 1455 2385 1531 98—52.:
2423 1455 2562 1522 Quid
2597 1464 2780 1509 autem
2813 1454 2969 1509 vobis
3005 1453 3265 1508 videtur?
3299 1453 3474 1510 Homo

1865 1549 2086 1618 quidam
2118 1548 2356 1604 habebat
2382 1549 2518 1604 duos
2558 1548 2736 1602 filios:
2768 1557 2824 1602 et
2851 1547 3118 1602 acCedens
3139 1549 3205 1600 ad
3232 1548 3473 1617 priorem

1864 1643 2042 1698 dixit:
2080 1642 2203 1706 Fili,
2237 1643 2373 1697 vade
2422 1643 2605 1705 hodie,
2641 1655 2870 1711 operare
2907 1642 2958 1695 in
3012 1642 3169 1695 vinea
3207 1657 3347 1694 mea.
3379 1641 3477 1696 Ille

1864 1745 2043 1791 autem
2075 1737 2411 1804 respondens
2443 1736 2548 1789 ait:
2580 1734 2736 1789 Nolo.
2766 1734 2960 1789 Postea
2987 1750 3117 1789 vero
3145 1736 3475 1803 poenitentia

1866 1838 2047 1884 motus
2070 1829 2221 1883 abiit.
2248 1829 2531 1885 Accedens
2555 1839 2733 1883 autem
2765 1829 2829 1882 ad
2863 1829 3092 1882 alterum
3117 1830 3254 1882 dixit
3287 1828 3481 1883 simili-

1870 1933 1985 1990 ter;
2011 1931 2067 1977 at
2087 1923 2176 1977 ille
2197 1923 2534 1991 respondens
2552 1923 2624 1977 ait
2658 1941 2670 1976 :
2700 1920 2800 1986 Eo,
2837 1922 3078 1986 domine,
3104 1932 3158 1975 et
3190 1937 3296 1974 non
3319 1920 3474 1975 abiit.

1868 2015 2003 2071 Uter
2031 2033 2060 2070 ε·
2088 2018 2298 2071 duobus
2343 2016 2471 2071 fecit
2514 2015 2654 2083 quod
2706 2015 2878 2071 voluit
2933 2015 3125 2079 pater?
3155 2013 3350 2068 Dicunt
3374 2012 3425 2069 ei
3459 2031 3474 2068 :

1867 2109 2043 2164 Prior.
2104 2106 2242 2162 Dicit
2302 2107 2408 2162 illis
2463 2106 2626 2162 Jesus
2660 2128 2671 2162 :
2705 2108 2878 2160 Amen
2933 2106 3058 2161 dico
3111 2107 3286 2170 vobis,
3327 2103 3477 2174 quod

1866 2201 2142 2272 publicani
2173 2212 2228 2255 et
2261 2200 2583 2256 meretrices
2613 2201 2929 2267 praecedunt
2957 2214 3052 2254 vos
3077 2200 3126 2252 in
3158 2213 3326 2269 regno
3355 2196 3475 2252 Dei.

1867 2295 2030 2351 Venit
2060 2296 2205 2350 enim
2226 2296 2292 2348 ad
2327 2310 2421 2363 vos
2450 2291 2692 2348 Joannes
2721 2309 2818 2361 per
2850 2293 2991 2345 viam
3014 2293 3264 2361 iustitiae,
3290 2301 3342 2344 et
3369 2305 3478 2344 non

1871 2389 2188 2446 credidistis
2220 2389 2269 2443 ei
2300 2407 2313 2443 :
2345 2388 2621 2458 publicani
2659 2397 2840 2442 autem
2887 2397 2944 2442 et
2977 2387 3302 2441 meretrices
3351 2400 3479 2439 cre-

1865 2483 2120 2538 diderunt
2165 2483 2238 2537 ei.
2295 2482 2404 2537 Vos
2456 2491 2637 2535 autem
2697 2496 2820 2534 cum
2878 2480 3154 2535 vidissetis
3189 2493 3337 2537 eum.
3369 2491 3477 2530 non

1863 2575 2046 2631 fuistis
2096 2575 2356 2631 commoti
2411 2573 2736 2644 paenitentia
2817 2585 3006 2640 postea
3051 2581 3111 2625 ut
3177 2569 3478 2625 crederetis

1863 2672 1934 2725 ei.
1969 2689 1987 2722 ι
2021 2670 2165 2725 Duos
2198 2671 2420 2724 ordines
2449 2666 2679 2729 inducit,
2708 2681 2877 2719 unum
2907 2663 3180 2734 principio
3215 2661 3477 2731 pollicen-

1867 2762 2023 2825 tium,
2073 2762 2266 2831 quales
2300 2760 2525 2815 fuernnt
2557 2757 2732 2813 Judazi
2762 2757 2854 2827 qui
2882 2757 3179 2820 dixerunt;
3217 2773 3235 2806 ι
3273 2754 3471 2808 Omnia

1864 2869 2204 2924 qumcunque
2232 2852 2369 2910 dixit
2418 2853 2582 2919 Deus,
2618 2852 2885 2907 faciemus
2922 2859 2976 2904 et
3018 2848 3415 2914 audiemus“;
3454 2863 3473 2897 ι

1865 2946 2100 2998 alterum
2147 2960 2338 2998 eorum
2363 2943 2455 3015 qui
2482 2959 2585 2997 non
2619 2943 2805 2996 Statim
2840 2941 3083 3011 persuasi
3109 2949 3255 3002 sunt,
3290 2938 3481 3010 quales

1865 3045 1990 3091 sunt
2047 3036 2369 3090 meretrices
2400 3045 2455 3089 et
2490 3034 2806 3105 publicani,
2839 3045 2892 3087 et
2939 3035 3030 3104 qui
3078 3049 3144 3087 ex
3192 3032 3479 3102 gentilium

1864 3127 2065 3196 populo
2110 3128 2201 3198 qui
2235 3130 2302 3181 ah
2336 3127 2493 3181 initio
2543 3143 2651 3182 non
2704 3126 3032 3182 obedierunt
3080 3125 3348 3180 voluntati
3390 3125 3479 3181 di-

141 3231 230 3276 τες
260 3213 345 3284 τῷ
371 3212 658 3282 θελήματι
682 3207 779 3262 τοῦ
807 3205 970 3272 Θεοῦ,
1003 3206 1232 3277 ὕστερον
1274 3206 1631 3274 μετέγνωσαν
1660 3206 1755 3259 καὶ

1864 3220 2024 3284 vinaz,
2056 3228 2242 3287 postea
2293 3228 2481 3272 autem
2531 3218 2871 3288 paenitudine
2923 3218 3072 3271 ducti
3124 3217 3477 3294 obedierunt.

140 3305 494 3379 ὑπήκουσαν.
523 3303 676 3374 Ὀρα
705 3295 800 3354 οῦν
821 3299 924 3369 τὴν
968 3298 1164 3368 σοφίαν
1189 3297 1286 3350 τοῦ
1338 3296 1605 3367 Χριστοῦ.
1642 3298 1757 3350 Οὐκ

139 3401 297 3464 εὖθῦς
330 3399 393 3464 ιε
425 3394 616 3466 ἀρχῆς
647 3389 804 3446 εἶπεν
856 3393 1040 3455 αὐτοῖς
1091 3391 1173 3445 ὅτι
1224 3389 1551 3462 Κρεὶττονες
1603 3391 1758 3460 ὑμῶν

144 3493 279 3544 εἰσὶν
324 3490 380 3543 οἱ
414 3485 658 3540 τελῶναι
689 3484 786 3537 καὶ
822 3483 880 3536 αἱ
911 3482 1136 3554 πόρναι,
1168 3481 1307 3535 ἀλλὰ
1368 3483 1752 3554 προκατέσχεν

144 3585 340 3646 αὑτοὺς
364 3581 464 3634 καὶ
487 3577 862 3649 ὡμολόγησαν
893 3576 976 3630 δτι
1008 3577 1072 3629 ὲκ
1109 3577 1217 3629 τῶν
1255 3575 1352 3629 δύο
1382 3574 1516 3627 υἱῶν
1548 3577 1757 3640 ἐκεῖνος

142 3677 450 3748 πειθήνιος,
485 3678 518 3728 ὀ
570 3672 810 3743 ποιήσας
849 3671 929 3730 τὸ,
953 3669 1169 3740 θέλημα
1230 3667 1327 3721 τοῦ
1378 3669 1610 3740 πατρός.
1642 3665 1760 3723 Εἶθ’

143 3768 311 3832 οὕτως
339 3764 816 3837 ὁμολογησάντων
838 3761 1084 3826 ἐκείνων,
1119 3762 1406 3831 ἐπήγαγεν
1440 3762 1525 3814 ὄτι
1545 3758 1756 3815 *Ηλθεν

153 3863 417 3932 Ἰωάννης
450 3861 512 3912 ὲν
544 3857 652 3927 όδῷ
679 3856 1060 3924 δικαιοσύνης,
1094 3855 1401 3921 τουτέστιν,
1452 3856 1509 3907 ὲν
1573 3855 1756 3925 ἀμέμ-

283 3954 389 4025 βὶῳ
412 3970 427 3984 ·
459 3951 567 4004 οὐκ
595 3949 751 4020 ἔχετε
780 3948 890 4018 γὰρ
934 3949 1111 4000 εἰπεῖν
1137 3948 1222 4001 ὅτι
1262 3947 1528 4016 ἐπίψογος
1568 3943 1636 4018 ἦν
1660 3948 1757 4010 αὑ-

144 4047 216 4116 τῷ
243 4048 270 4100 ὁ
295 4044 438 4116 βίος,
478 4041 602 4095 ἀλλ’
629 4042 781 4111 ὅμως
814 4040 871 4093 αἱ
897 4040 1094 4110 πόρναι
1123 4038 1472 4110 ὑπήκουσαν,
1507 4041 1667 4111 ὑμεῖς
1698 4042 1755 4095 δὲ

143 4138 199 4192 οῦ
227 4154 242 4169 ·
274 4137 360 4192 διὸ
401 4135 503 4189 καὶ
536 4120 880 4201 προάγουσιν
943 4132 1112 4197 ὑμᾶς,
1170 4132 1441 4193 τουτέστι,
1485 4133 1753 4203 πρότεραι

144 4229 683 4304 ὑῴνιεὶσὲρχονται
715 4226 795 4290 εἱς
839 4226 939 4292 τὴν
969 4223 1250 4295 βασιλείαν
1290 4240 1306 4257 ·
1342 4224 1485 4278 ὥστε
1549 4226 1756 4294 ἀγωνὶ-

146 4327 306 4380 sas-Bs
332 4325 436 4378 καὶ
468 4323 658 4392 ὑμεῖς,
694 4320 784 4372 ἵνα
831 4319 937 4372 κᾶν
969 4317 1102 4386 γοῦν
1159 4319 1277 4388 μετ’
1307 4319 1528 4383 ὲκείνας
1577 4319 1752 4372 εἰσέλ-

146 4426 269 4489 ιὶητε
326 4417 429 4471 καὶ
492 4414 657 4469 αὐτοὶ
714 4411 1146 4474 πιστεύσαντες·
1183 4412 1280 4464 ἐὰν
1316 4411 1374 4465 δὲ
1408 4411 1486 4483 μὴ
1522 4413 1752 4466 πιστεύ-

146 4529 295 4580 σησε.
327 4509 443 4565 οὐδ’
471 4507 616 4571 ὅλως
657 4503 1058 4559 εἱσελεύσεσθε.
1088 4505 1284 4559 Πολλοὶ
1314 4505 1372 4558 δὲ
1430 4507 1527 4558 καὶ
1581 4507 1747 4578 μέχρι

144 4603 232 4657 τοῦ
257 4603 356 4656 νῦν
387 4596 791 4670 ὑπισχνοῦνται
825 4595 924 4667 μὲν
951 4596 1029 4669 τῷ
1068 4597 1187 4667 Θεῷ
1212 4598 1308 4650 καὶ
1346 4598 1548 4668 Πατρὶ,
1583 4616 1750 4669 μονα-

149 4698 228 4766 λαὶ
260 4696 432 4768 τυχὸν
460 4691 690 4746 ἔσεσθαι
720 4691 756 4762 ἢ
803 4693 991 4763 ἱερεῖς,
1033 4691 1173 4761 μετὰ
1204 4692 1261 4745 δὲ
1304 4691 1404 4760 τὴν
1447 4693 1750 4764 ὑπόσχεσιν

151 4786 510 4858 ῥᾳθυμοῦσιν.
551 4783 774 4853 Ἕτεροι
803 4781 884 4846 δὲ,
916 4781 1221 4852 μοναχικην
1258 4783 1359 4856 μὲν
1394 4783 1422 4852 ἢ
1455 4785 1745 4856 ἱερατικὴν

145 4878 422 4948 διαγωγὴν
473 4877 581 4929 οὑκ
632 4873 1060 4942 ἐπηγγείλαντο,
1108 4875 1426 4945 μοναχικῶς
1451 4877 1507 4929 δὲ
1550 4879 1641 4931 κςιῖ¹
1675 4881 1747 4933 ἱε-

153 4972 381 5041 ρατικῶς
439 4969 767 5036 διάγουσιν·
801 4964 944 5018 ὥστε
994 4960 1143 5020 οὗτοι
1187 4967 1359 5020 τέκνα
1410 4970 1666 5041 εὐπειθῆ,
1700 4973 1749 5026 οἱ

150 5065 477 5132 apis-tower;
502 5058 609 5113 κᾶν
639 5056 810 5126 μηδὲν
845 5056 1168 5126 ὑπέσχοντο.

215 5173 240 5203 ι·
271 5153 484 5222 ’Ἄλλην
519 5148 839 5222 παραϐολὴν
865 5148 1166 5204 ἀκούσατε.
1210 5151 1535 5221 Ἄνθρωπος
1573 5147 1642 5226 ἦν
1672 5157 1749 5208 οἱ-

151 5246 498 5315 κτιδεσπότης,
541 5246 692 5305 ὅστις
725 5244 1025 5312 ἐφύτευσεν
1073 5244 1401 5313 ἀμπελῶνα,
1437 5248 1534 5299 καὶ
1599 5266 1746 5318 φρα-

151 5342 274 5410 γμὸν
295 5340 453 5411 αὐτῷ
482 5337 810 5413 περιέθηκε,
851 5337 948 5390 καὶ
986 5336 1198 5408 ὤρυξεν
1260 5339 1317 5391 ἐν
1370 5339 1521 5410 αὑτῷ
1560 5342 1742 5412 ληνόν.

154 5433 250 5488 Καὶ
274 5435 606 5506 ᾠκοδόμησε
642 5430 874 5500 πύργον,
911 5431 1006 5483 καὶ
1063 5430 1278 5494 ἐξέδοτο
1352 5433 1520 5487 αὐτὸν
1578 5453 1750 5508 γεωρ-

155 5531 272 5591 γοῖς,
308 5528 406 5582 καὶ
463 5524 852 5591 ἀπεδήμησεν.
898 5542 915 5574 ι
952 5522 1159 5592 ’Λλλην
1201 5526 1523 5594 παραϐολὴν
1552 5529 1742 5594 αὐτοῖς

156 5616 411 5684 ὶπιφέρει,
448 5612 722 5668 δεικνύων
755 5612 837 5664 ὅτι
880 5613 973 5664 καὶ
999 5613 1201 5682 μυρίας
1227 5615 1549 5685 ἐπιμελείας
1577 5620 1745 5684 ἀξιω-

157 5704 342 5774 ὓὲντες,
388 5709 493 5760 οῦκ
545 5702 978 5774 ὲΰελτιὼθησαν.
1013 5705 1344 5774 Ἄνθρωπος
1386 5709 1498 5780 γὰρ
1527 5713 1746 5766 οἰκοδε-

222 5896 258 5927 ’²
292 5897 458 5950 Esod.
501 5907 656 5954 sxw,
694 5896 749 5942 5.

4 5957 50 6430 ἱ
61 6365 70 6370 _
207 6361 216 6409 Ι
283 6375 318 6394 In

4 6405 36 6430 Ι-

1867 3313 2002 3368 Vide
2038 3313 2202 3381 igitur
2236 3311 2567 3381 sapientiam
2617 3310 2846 3367 Christi.
2883 3310 2999 3365 NOII
3035 3313 3224 3366 statim
3262 3326 3289 3364 ο
3322 3312 3480 3381 priu-

1863 3406 2005 3473 cipio
2049 3404 2189 3458 dixit
2244 3405 2398 3459 illis:
2436 3403 2695 3460 Meliores
2737 3404 2893 3458 vobis
2941 3403 3218 3474 publicani
3256 3415 3386 3457 sttut
3423 3411 3482 3458 et
3569 3459 3572 3464 _

1863 3497 2181 3552 meretrices
2209 3515 2221 3550 :
2253 3497 2351 3552 sed
2401 3498 2555 3568 prius
2601 3497 2747 3564 cepit
2789 3497 2962 3566 ipsos,
2995 3506 3050 3551 et
3079 3496 3316 3552 confessi
3349 3509 3482 3553 sunt

1861 3592 2004 3660 quod
2036 3605 2101 3645 ex
2141 3591 2350 3646 duobus
2397 3591 2522 3646 [iliis
2556 3590 2645 3645 ille
2679 3590 2844 3663 114
2874 3591 3136 3646 ohediens
3173 3590 3358 3656 fuerit,
3386 3591 3477 3660 qui

1865 3684 2054 3739 fecerit
2086 3685 2430 3739 voluntatem
2477 3685 2669 3754 patris.
2706 3683 2900 3739 Postea
2953 3686 3043 3739 ubi
3092 3685 3198 3740 hoc
3237 3684 3477 3739 confessi

1863 3774 2109 3841 fuci-unt,
2139 3776 2379 3830 subdidit
2411 3777 2625 3830 venisse
2647 3775 2919 3831 Joannem
2945 3791 3042 3846 per
3067 3778 3209 3831 viam
3227 3775 3478 3843 justitite,

1861 3869 1965 3921 hoc
1996 3878 2097 3931 est,
2131 3869 2182 3922 in
2213 3869 2320 3922 vita
2355 3852 2823 3938 irreprchensibili
2852 3885 2865 3922 :
2899 3885 3008 3924 non
3062 3870 3292 3939 p0testis
3331 3870 3477 3924 enim

1859 3963 2045 4016 dicere
2070 3962 2236 4014 vitam
2268 3959 2496 4016 Joannis
2533 3962 2702 4017 fuisse
2754 3963 3247 4032 reprehensihilem
3287 3979 3303 4019 :
3335 3972 3478 4019 atta-

1862 4069 1984 4106 nicn
2013 4053 2335 4108 meretrices
2366 4055 2802 4119 ei,obedierunt,
2853 4070 2952 4110 vos
2992 4066 3173 4110 autem
3211 4071 3357 4123 non;
3388 4058 3474 4110 id-

1859 4148 2010 4200 eirco
2036 4155 2088 4199 et
2118 4145 2435 4214 prrecedunt
2464 4161 2580 4210 vos,
2607 4146 2710 4200 hoc
2743 4157 2848 4212 est,
2878 4158 3007 4203 ante
3037 4163 3132 4202 vos
3159 4148 3482 4212 ingrediun-

1865 4247 1952 4291 tur
1994 4239 2047 4295 in
2086 4254 2313 4306 regnum
2352 4239 2616 4292 etelorutn
2653 4259 2665 4294 :
2703 4241 2944 4296 laborate
2980 4242 3168 4310 itaque
3197 4253 3253 4296 et
3288 4256 3386 4297 vos
3417 4252 3477 4295 ut

1859 4333 2050 4389 saltem
2116 4343 2236 4402 post
2297 4335 2418 4390 illas
2482 4337 2703 4391 intretis
2761 4346 2815 4390 et
2877 4337 2978 4407 ipsi
3041 4339 3384 4402 credentes:
3428 4336 3475 4391 si

1857 4438 2040 4482 autem
2082 4427 2348 4483 increduli
2388 4429 2603 4484 fueritis
2626 4471 2640 4493 ,
2671 4447 2950 4500 nunquam
2987 4430 3288 4485 intrahitis.
3315 4429 3474 4487 Multi

1859 4529 2042 4573 autem
2077 4521 2240 4573 etiam
2276 4521 2439 4575 hodie
2470 4521 2798 4590 pollicentur
2836 4522 2944 4577 Deo
2975 4534 3028 4578 et
3062 4519 3235 4587 Patri,
3277 4538 3475 4578 mona-

1860 4610 1992 4663 chos
2037 4625 2097 4665 se
2128 4609 2344 4665 futuros
2394 4611 2537 4665 forte
2568 4612 2648 4665 vel
2679 4614 2996 4668 sacerdotes
3024 4631 3046 4693 τ’,
3073 4623 3196 4683 post
3248 4614 3476 4685 promis-

1861 4702 2072 4757 sionem
2106 4713 2288 4757 autem
2323 4705 2664 4774 negligentes
2695 4717 2844 4763 sunt.
2882 4708 2986 4762 Alii
3025 4719 3209 4764 autem
3248 4723 3470 4764 monas-

1860 4796 2024 4848 ticam
2063 4795 2143 4849 vel
2175 4796 2579 4851 sacerdotalem
2639 4798 2804 4851 vitam
2856 4799 3080 4868 polliciti
3141 4816 3250 4856 non
3321 4811 3471 4866 sunt,

1859 4887 2000 4941 sicut
2057 4887 2306 4940 monachi
2348 4897 2530 4942 tamen
2568 4887 2651 4942 vel
2689 4891 3007 4944 sacerdotes
3044 4890 3276 4945 vivunt:
3307 4903 3474 4961 atque

1860 4978 1932 5032 ita
1988 4979 2061 5032 illi
2110 4988 2236 5035 sunt
2285 4981 2606 5036 obedientes
2637 4983 2816 5051 pueri,
2871 4984 2964 5053 qui
3002 4981 3213 5039 faciunt
3245 4985 3471 5041 etiamsi

1863 5071 1996 5124 nihil
2036 5073 2412 5141 promiserint.

1937 5164 2096 5218 Vens.
2124 5165 2216 5219 53.
2249 5184 2266 5216 t
2298 5167 2471 5219 Aliam
2520 5169 2834 5236 parabolam
2887 5170 3096 5225 audite.
3126 5168 3304 5224 Homo
3347 5172 3471 5241 qui-

1861 5255 1983 5308 dam
2027 5269 2146 5308 erat
2186 5257 2606 5325 paterfamilias,
2656 5261 2748 5328 qui
2807 5261 3073 5331 plantavit
3129 5263 3368 5328 vineam,
3419 5273 3474 5318 et

1859 5361 2043 5416 sepem
2091 5349 2451 5405 circumdedit
2479 5353 2551 5419 ei,
2580 5363 2634 5407 et
2679 5354 2817 5408 fodit
2874 5356 2927 5410 in
2975 5370 3040 5411 ea
3102 5357 3367 5420 torcular,
3417 5367 3472 5412 et

1857 5438 2146 5492 :rditieavit
2176 5442 2390 5505 turrim,
2417 5453 2469 5496 et
2501 5444 2704 5499 locavit
2730 5461 2852 5500 eam
2892 5448 3171 5517 agricolis.
3202 5463 3267 5512 ac
3309 5463 3469 5516 pere-

1855 5546 1950 5599 gre
1990 5535 2266 5601 prolectus
2310 5544 2415 5590 est.
2455 5556 2472 5587 ›
2526 5539 2701 5592 Aliam
2735 5541 3070 5610 Aparaholatn
3132 5545 3214 5597 eis
3274 5541 3459 5608 affert,

1854 5627 2151 5680 ostendens
2175 5628 2339 5696 quod,
2369 5630 2496 5684 licet
2535 5606 3059 5712 summaidiligentia
3093 5636 3173 5690 eis
3217 5606 3464 5690 exhibita

1801 5785 1803 5787 ι
1854 5717 1948 5786 sit,
1975 5734 2085 5774 non
2141 5720 2393 5781 meliores
2443 5725 2571 5781 faeti
2627 5727 2852 5784 fuerint.
2884 5728 3059 5784 lion.)
3091 5730 3242 5786 enim
3277 5740 3460 5801 pater-
