  <div class='ocr_page' id='page_1' title='image "/cluster/home/n/w/nwhite01/storage/ocr_20150623/123/ien.35556001659978/199.png"; bbox 0 0 4010 6410; ppageno 0'>
   <div class='ocr_carea' id='block_1_1' title="bbox 610 437 1600 596">
    <p class='ocr_par' dir='ltr' id='par_1_1' title="bbox 610 437 1600 596">
     <span class='ocr_line' id='line_1_1' title="bbox 610 437 1594 500; baseline -0.012 0"><span class='ocrx_word' id='word_1_1' title='bbox 610 437 717 500; x_wconf 79' lang='lat'><strong><em>333</em></strong></span> <span class='ocrx_word' id='word_1_2' title='bbox 1493 437 1594 489; x_wconf 86' lang='lat' dir='ltr'><strong><em>TH</em></strong></span> 
     </span>
     <span class='ocr_line' id='line_1_2' title="bbox 1140 534 1600 596; baseline -0.011 -1"><span class='ocrx_word' id='word_1_3' title='bbox 1140 537 1370 596; x_wconf 84' lang='lat' dir='ltr'><strong>CAPUT</strong></span> <span class='ocrx_word' id='word_1_4' title='bbox 1432 534 1600 591; x_wconf 76' lang='lat' dir='ltr'><strong><em>XXII.</em></strong></span> 
     </span>
    </p>
   </div>
   <div class='ocr_carea' id='block_1_2' title="bbox 609 666 2173 734">
    <p class='ocr_par' dir='ltr' id='par_1_2' title="bbox 609 666 2173 734">
     <span class='ocr_line' id='line_1_3' title="bbox 609 666 2173 734; baseline -0.011 0"><span class='ocrx_word' id='word_1_5' title='bbox 609 678 688 733; x_wconf 77' lang='lat' dir='ltr'><strong><em>De</em></strong></span> <span class='ocrx_word' id='word_1_6' title='bbox 732 675 966 731; x_wconf 76' lang='lat' dir='ltr'><strong><em>invitatis</em></strong></span> <span class='ocrx_word' id='word_1_7' title='bbox 993 675 1060 726; x_wconf 82' lang='lat' dir='ltr'><strong><em>ad</em></strong></span> <span class='ocrx_word' id='word_1_8' title='bbox 1095 673 1325 732; x_wconf 77' lang='lat' dir='ltr'><strong><em>nuptias.</em></strong></span> <span class='ocrx_word' id='word_1_9' title='bbox 1362 669 1433 723; x_wconf 81' lang='lat' dir='ltr'><strong><em>De</em></strong></span> <span class='ocrx_word' id='word_1_10' title='bbox 1461 668 1909 734; x_wconf 73' lang='lat' dir='ltr'><strong><em>interrogantibus</em></strong></span> <span class='ocrx_word' id='word_1_11' title='bbox 1943 666 2004 718; x_wconf 84' lang='lat' dir='ltr'><strong><em>ob</em></strong></span> <span class='ocrx_word' id='word_1_12' title='bbox 2051 682 2173 718; x_wconf 86' lang='lat' dir='ltr'><strong><em>cen-</em></strong></span> 
     </span>
    </p>
   </div>
   <div class='ocr_carea' id='block_1_3' title="bbox 679 737 2178 808">
    <p class='ocr_par' dir='ltr' id='par_1_3' title="bbox 679 737 2178 808">
     <span class='ocr_line' id='line_1_4' title="bbox 679 737 2178 808; baseline -0.007 -9"><span class='ocrx_word' id='word_1_13' title='bbox 679 763 812 800; x_wconf 79' lang='lat' dir='ltr'><strong><em>sum.</em></strong></span> <span class='ocrx_word' id='word_1_14' title='bbox 851 743 925 796; x_wconf 78' lang='lat' dir='ltr'><strong><em>De</em></strong></span> <span class='ocrx_word' id='word_1_15' title='bbox 962 743 1291 797; x_wconf 65' lang='lat' dir='ltr'><strong><em>Snddncazis.</em></strong></span> <span class='ocrx_word' id='word_1_16' title='bbox 1326 740 1400 793; x_wconf 83' lang='lat' dir='ltr'><strong><em>De</em></strong></span> <span class='ocrx_word' id='word_1_17' title='bbox 1425 741 1757 808; x_wconf 82' lang='lat' dir='ltr'><strong><em>jurisperito.</em></strong></span> <span class='ocrx_word' id='word_1_18' title='bbox 1813 738 1886 790; x_wconf 87' lang='lat' dir='ltr'><strong><em>De</em></strong></span> <span class='ocrx_word' id='word_1_19' title='bbox 1943 737 2108 804; x_wconf 76' lang='lat' dir='ltr'><strong><em>{actis</em></strong></span> <span class='ocrx_word' id='word_1_20' title='bbox 2149 752 2178 789; x_wconf 79' lang='grc' dir='ltr'><strong><em>α</em></strong></span> 
     </span>
    </p>
   </div>
   <div class='ocr_carea' id='block_1_4' title="bbox 682 814 1460 882">
    <p class='ocr_par' dir='ltr' id='par_1_4' title="bbox 682 814 1460 882">
     <span class='ocr_line' id='line_1_5' title="bbox 682 814 1460 882; baseline -0.008 -14"><span class='ocrx_word' id='word_1_21' title='bbox 682 815 904 868; x_wconf 74' lang='lat' dir='ltr'><strong><em>Domino</em></strong></span> <span class='ocrx_word' id='word_1_22' title='bbox 935 814 1460 882; x_wconf 71' lang='lat' dir='ltr'><strong><em>interrogationibus.</em></strong></span> 
     </span>
    </p>
   </div>
   <div class='ocr_carea' id='block_1_5' title="bbox 675 983 2178 1056">
    <p class='ocr_par' dir='ltr' id='par_1_5' title="bbox 675 983 2178 1056">
     <span class='ocr_line' id='line_1_6' title="bbox 675 983 2178 1056; baseline -0.006 -12"><span class='ocrx_word' id='word_1_23' title='bbox 675 992 840 1046; x_wconf 74' lang='lat' dir='ltr'><strong><em>Vsus.</em></strong></span> <span class='ocrx_word' id='word_1_24' title='bbox 870 993 981 1046; x_wconf 78' lang='grc'><strong>1-7.</strong></span> <span class='ocrx_word' id='word_1_25' title='bbox 1011 1009 1032 1043; x_wconf 78' lang='grc' dir='ltr'><strong>ι</strong></span> <span class='ocrx_word' id='word_1_26' title='bbox 1055 990 1118 1046; x_wconf 87' lang='lat' dir='ltr'><strong><em>Et</em></strong></span> <span class='ocrx_word' id='word_1_27' title='bbox 1147 987 1478 1056; x_wconf 83' lang='lat' dir='ltr'><strong><em>respondens</em></strong></span> <span class='ocrx_word' id='word_1_28' title='bbox 1494 985 1670 1050; x_wconf 81' lang='lat' dir='ltr'><strong><em>Jesus,</em></strong></span> <span class='ocrx_word' id='word_1_29' title='bbox 1700 986 1893 1038; x_wconf 96' lang='lat' dir='ltr'><strong><em>iterum</em></strong></span> <span class='ocrx_word' id='word_1_30' title='bbox 1913 984 2047 1037; x_wconf 88' lang='lat' dir='ltr'><strong><em>dixit</em></strong></span> <span class='ocrx_word' id='word_1_31' title='bbox 2073 983 2178 1037; x_wconf 85' lang='lat' dir='ltr'><strong><em>illis</em></strong></span> 
     </span>
    </p>
   </div>
   <div class='ocr_carea' id='block_1_6' title="bbox 605 1077 2177 1154">
    <p class='ocr_par' dir='ltr' id='par_1_6' title="bbox 605 1077 2177 1154">
     <span class='ocr_line' id='line_1_7' title="bbox 605 1077 2177 1154; baseline -0.005 -17"><span class='ocrx_word' id='word_1_32' title='bbox 605 1101 699 1154; x_wconf 83' lang='lat' dir='ltr'><strong><em>per</em></strong></span> <span class='ocrx_word' id='word_1_33' title='bbox 731 1084 1032 1152; x_wconf 76' lang='lat' dir='ltr'><strong><em>parabolas,</em></strong></span> <span class='ocrx_word' id='word_1_34' title='bbox 1067 1083 1248 1134; x_wconf 74' lang='lat' dir='ltr'><strong><em>dicens</em></strong></span> <span class='ocrx_word' id='word_1_35' title='bbox 1283 1095 1296 1131; x_wconf 90' lang='lat'><strong>:</strong></span> <span class='ocrx_word' id='word_1_36' title='bbox 1331 1079 1520 1133; x_wconf 89' lang='lat' dir='ltr'><strong><em>Simile</em></strong></span> <span class='ocrx_word' id='word_1_37' title='bbox 1573 1077 1774 1132; x_wconf 78' lang='lat' dir='ltr'><strong><em>factum</em></strong></span> <span class='ocrx_word' id='word_1_38' title='bbox 1822 1089 1904 1131; x_wconf 88' lang='lat' dir='ltr'><strong><em>est</em></strong></span> <span class='ocrx_word' id='word_1_39' title='bbox 1952 1091 2177 1145; x_wconf 79' lang='lat' dir='ltr'><strong><em>regnum</em></strong></span> 
     </span>
    </p>
   </div>
   <div class='ocr_carea' id='block_1_7' title="bbox 603 1170 2174 1242">
    <p class='ocr_par' dir='ltr' id='par_1_7' title="bbox 603 1170 2174 1242">
     <span class='ocr_line' id='line_1_8' title="bbox 603 1170 2174 1242; baseline -0.007 -9"><span class='ocrx_word' id='word_1_40' title='bbox 603 1179 865 1233; x_wconf 68' lang='lat' dir='ltr'><strong><em>cmiorum</em></strong></span> <span class='ocrx_word' id='word_1_41' title='bbox 911 1175 1113 1228; x_wconf 82' lang='lat' dir='ltr'><strong><em>humiui</em></strong></span> <span class='ocrx_word' id='word_1_42' title='bbox 1151 1174 1281 1242; x_wconf 64' lang='lat' dir='ltr'><strong><em>regi,</em></strong></span> <span class='ocrx_word' id='word_1_43' title='bbox 1314 1175 1404 1242; x_wconf 88' lang='lat' dir='ltr'><strong><em>qui</em></strong></span> <span class='ocrx_word' id='word_1_44' title='bbox 1445 1172 1571 1225; x_wconf 80' lang='lat' dir='ltr'><strong><em>fecit</em></strong></span> <span class='ocrx_word' id='word_1_45' title='bbox 1607 1173 1820 1238; x_wconf 78' lang='lat' dir='ltr'><strong><em>nuptias</em></strong></span> <span class='ocrx_word' id='word_1_46' title='bbox 1875 1170 1984 1223; x_wconf 84' lang='lat' dir='ltr'><strong><em>lilio</em></strong></span> <span class='ocrx_word' id='word_1_47' title='bbox 2030 1186 2128 1223; x_wconf 80' lang='lat' dir='ltr'><strong><em>suo</em></strong></span> <span class='ocrx_word' id='word_1_48' title='bbox 2162 1187 2174 1222; x_wconf 92' lang='lat'>:</span> 
     </span>
    </p>
   </div>
   <div class='ocr_carea' id='block_1_8' title="bbox 608 1263 2174 1331">
    <p class='ocr_par' dir='ltr' id='par_1_8' title="bbox 608 1263 2174 1331">
     <span class='ocr_line' id='line_1_9' title="bbox 608 1263 2174 1331; baseline -0.005 -9"><span class='ocrx_word' id='word_1_49' title='bbox 608 1281 655 1322; x_wconf 86' lang='lat' dir='ltr'><strong><em>et</em></strong></span> <span class='ocrx_word' id='word_1_50' title='bbox 686 1269 867 1322; x_wconf 83' lang='lat' dir='ltr'><strong><em>emisit</em></strong></span> <span class='ocrx_word' id='word_1_51' title='bbox 903 1282 1089 1319; x_wconf 80' lang='lat' dir='ltr'><strong><em>servos</em></strong></span> <span class='ocrx_word' id='word_1_52' title='bbox 1121 1279 1270 1327; x_wconf 87' lang='lat' dir='ltr'><strong><em>suos,</em></strong></span> <span class='ocrx_word' id='word_1_53' title='bbox 1299 1276 1355 1318; x_wconf 91' lang='lat' dir='ltr'><strong><em>ut</em></strong></span> <span class='ocrx_word' id='word_1_54' title='bbox 1390 1275 1640 1318; x_wconf 87' lang='lat' dir='ltr'><strong><em>vocarent</em></strong></span> <span class='ocrx_word' id='word_1_55' title='bbox 1671 1264 1923 1318; x_wconf 76' lang='lat' dir='ltr'><strong><em>invitatos</em></strong></span> <span class='ocrx_word' id='word_1_56' title='bbox 1947 1263 2010 1316; x_wconf 89' lang='lat' dir='ltr'><strong><em>ad</em></strong></span> <span class='ocrx_word' id='word_1_57' title='bbox 2037 1279 2174 1331; x_wconf 89' lang='lat' dir='ltr'><strong><em>nup-</em></strong></span> 
     </span>
    </p>
   </div>
   <div class='ocr_carea' id='block_1_9' title="bbox 605 1354 2171 1424">
    <p class='ocr_par' dir='ltr' id='par_1_9' title="bbox 605 1354 2171 1424">
     <span class='ocr_line' id='line_1_10' title="bbox 605 1354 2171 1424; baseline -0.003 -12"><span class='ocrx_word' id='word_1_58' title='bbox 605 1363 730 1424; x_wconf 84' lang='lat' dir='ltr'><strong><em>tias,</em></strong></span> <span class='ocrx_word' id='word_1_59' title='bbox 764 1370 815 1413; x_wconf 91' lang='lat' dir='ltr'><strong><em>et</em></strong></span> <span class='ocrx_word' id='word_1_60' title='bbox 850 1359 1101 1412; x_wconf 78' lang='lat' dir='ltr'><strong><em>nolebant</em></strong></span> <span class='ocrx_word' id='word_1_61' title='bbox 1131 1359 1336 1410; x_wconf 89' lang='lat' dir='ltr'><strong><em>venire.</em></strong></span> <span class='ocrx_word' id='word_1_62' title='bbox 1367 1356 1569 1409; x_wconf 84' lang='lat' dir='ltr'><strong><em>Iterum</em></strong></span> <span class='ocrx_word' id='word_1_63' title='bbox 1603 1356 1784 1408; x_wconf 89' lang='lat' dir='ltr'><strong><em>emisit</em></strong></span> <span class='ocrx_word' id='word_1_64' title='bbox 1808 1354 1941 1408; x_wconf 77' lang='lat' dir='ltr'><strong><em>alios</em></strong></span> <span class='ocrx_word' id='word_1_65' title='bbox 1966 1369 2171 1418; x_wconf 88' lang='lat' dir='ltr'><strong><em>servos,</em></strong></span> 
     </span>
    </p>
   </div>
   <div class='ocr_carea' id='block_1_10' title="bbox 602 1445 2170 1528">
    <p class='ocr_par' dir='ltr' id='par_1_10' title="bbox 602 1445 2170 1528">
     <span class='ocr_line' id='line_1_11' title="bbox 602 1445 2170 1528; baseline -0.004 -27"><span class='ocrx_word' id='word_1_66' title='bbox 602 1449 824 1514; x_wconf 81' lang='lat' dir='ltr'><strong><em>dicens:</em></strong></span> <span class='ocrx_word' id='word_1_67' title='bbox 862 1448 1029 1500; x_wconf 81' lang='lat' dir='ltr'><strong><em>Dicite</em></strong></span> <span class='ocrx_word' id='word_1_68' title='bbox 1065 1448 1301 1528; x_wconf 65' lang='lat' dir='ltr'><strong><em>ipvitatis</em></strong></span> <span class='ocrx_word' id='word_1_69' title='bbox 1336 1465 1348 1499; x_wconf 91' lang='lat'><strong>:</strong></span> <span class='ocrx_word' id='word_1_70' title='bbox 1383 1447 1520 1500; x_wconf 84' lang='lat' dir='ltr'><strong><em>Ecce</em></strong></span> <span class='ocrx_word' id='word_1_71' title='bbox 1553 1445 1835 1513; x_wconf 87' lang='lat' dir='ltr'><strong><em>prandium</em></strong></span> <span class='ocrx_word' id='word_1_72' title='bbox 1873 1460 2052 1496; x_wconf 89' lang='lat' dir='ltr'><strong><em>meum</em></strong></span> <span class='ocrx_word' id='word_1_73' title='bbox 2077 1457 2170 1510; x_wconf 89' lang='lat' dir='ltr'><strong><em>pa-</em></strong></span> 
     </span>
    </p>
   </div>
   <div class='ocr_carea' id='block_1_11' title="bbox 601 1538 2171 1598">
    <p class='ocr_par' dir='ltr' id='par_1_11' title="bbox 601 1538 2171 1598">
     <span class='ocr_line' id='line_1_12' title="bbox 601 1538 2171 1598; baseline -0.002 -5"><span class='ocrx_word' id='word_1_74' title='bbox 601 1542 714 1593; x_wconf 88' lang='lat' dir='ltr'><strong><em>ravi</em></strong></span> <span class='ocrx_word' id='word_1_75' title='bbox 754 1541 934 1593; x_wconf 87' lang='lat' dir='ltr'><strong><em>:tauri</em></strong></span> <span class='ocrx_word' id='word_1_76' title='bbox 969 1541 1072 1592; x_wconf 86' lang='lat' dir='ltr'><strong><em>mei</em></strong></span> <span class='ocrx_word' id='word_1_77' title='bbox 1117 1550 1170 1592; x_wconf 89' lang='lat' dir='ltr'><strong><em>et</em></strong></span> <span class='ocrx_word' id='word_1_78' title='bbox 1224 1541 1392 1592; x_wconf 88' lang='lat' dir='ltr'><strong><em>altilia</em></strong></span> <span class='ocrx_word' id='word_1_79' title='bbox 1441 1548 1670 1592; x_wconf 84' lang='lat' dir='ltr'><strong><em>mactata</em></strong></span> <span class='ocrx_word' id='word_1_80' title='bbox 1708 1549 1857 1598; x_wconf 85' lang='lat' dir='ltr'><strong><em>sunt.</em></strong></span> <span class='ocrx_word' id='word_1_81' title='bbox 1906 1548 1956 1590; x_wconf 87' lang='lat' dir='ltr'><strong><em>et</em></strong></span> <span class='ocrx_word' id='word_1_82' title='bbox 1991 1538 2171 1590; x_wconf 86' lang='lat' dir='ltr'><strong><em>omnia</em></strong></span> 
     </span>
    </p>
   </div>
   <div class='ocr_carea' id='block_1_12' title="bbox 599 1631 2168 1701">
    <p class='ocr_par' dir='ltr' id='par_1_12' title="bbox 599 1631 2168 1701">
     <span class='ocr_line' id='line_1_13' title="bbox 599 1631 2168 1701; baseline -0.001 -18"><span class='ocrx_word' id='word_1_83' title='bbox 599 1641 820 1701; x_wconf 82' lang='lat' dir='ltr'><strong><em>parata;</em></strong></span> <span class='ocrx_word' id='word_1_84' title='bbox 861 1633 1038 1684; x_wconf 80' lang='lat' dir='ltr'><strong><em>venite</em></strong></span> <span class='ocrx_word' id='word_1_85' title='bbox 1089 1632 1153 1684; x_wconf 91' lang='lat' dir='ltr'><strong><em>ad</em></strong></span> <span class='ocrx_word' id='word_1_86' title='bbox 1195 1633 1428 1698; x_wconf 79' lang='lat' dir='ltr'><strong><em>nuptias.</em></strong></span> <span class='ocrx_word' id='word_1_87' title='bbox 1468 1631 1547 1685; x_wconf 84' lang='lat' dir='ltr'><strong><em>Illi</em></strong></span> <span class='ocrx_word' id='word_1_88' title='bbox 1581 1643 1760 1685; x_wconf 89' lang='lat' dir='ltr'><strong><em>autem</em></strong></span> <span class='ocrx_word' id='word_1_89' title='bbox 1795 1631 2168 1701; x_wconf 80' lang='lat' dir='ltr'><strong><em>neglexerunt,</em></strong></span> 
     </span>
    </p>
   </div>
   <div class='ocr_carea' id='block_1_13' title="bbox 598 1723 2172 1792">
    <p class='ocr_par' dir='ltr' id='par_1_13' title="bbox 598 1723 2172 1792">
     <span class='ocr_line' id='line_1_14' title="bbox 598 1723 2172 1792; baseline -0.001 -17"><span class='ocrx_word' id='word_1_90' title='bbox 598 1733 648 1775; x_wconf 90' lang='lat' dir='ltr'><strong><em>et</em></strong></span> <span class='ocrx_word' id='word_1_91' title='bbox 675 1723 946 1788; x_wconf 84' lang='lat' dir='ltr'><strong><em>abierunt,</em></strong></span> <span class='ocrx_word' id='word_1_92' title='bbox 972 1723 1108 1776; x_wconf 89' lang='lat' dir='ltr'><strong><em>alius</em></strong></span> <span class='ocrx_word' id='word_1_93' title='bbox 1129 1723 1179 1776; x_wconf 91' lang='lat' dir='ltr'><strong><em>in</em></strong></span> <span class='ocrx_word' id='word_1_94' title='bbox 1209 1723 1384 1776; x_wconf 88' lang='lat' dir='ltr'><strong><em>villam</em></strong></span> <span class='ocrx_word' id='word_1_95' title='bbox 1412 1738 1586 1788; x_wconf 88' lang='lat' dir='ltr'><strong><em>suam,</em></strong></span> <span class='ocrx_word' id='word_1_96' title='bbox 1612 1723 1746 1778; x_wconf 89' lang='lat' dir='ltr'><strong><em>alius</em></strong></span> <span class='ocrx_word' id='word_1_97' title='bbox 1770 1739 1898 1777; x_wconf 90' lang='lat' dir='ltr'><strong><em>vero</em></strong></span> <span class='ocrx_word' id='word_1_98' title='bbox 1923 1723 1987 1777; x_wconf 90' lang='lat' dir='ltr'><strong><em>ad</em></strong></span> <span class='ocrx_word' id='word_1_99' title='bbox 2011 1738 2172 1792; x_wconf 76' lang='lat' dir='ltr'><strong><em>nego-</em></strong></span> 
     </span>
    </p>
   </div>
   <div class='ocr_carea' id='block_1_14' title="bbox 599 1813 2167 1883">
    <p class='ocr_par' dir='ltr' id='par_1_14' title="bbox 599 1813 2167 1883">
     <span class='ocr_line' id='line_1_15' title="bbox 599 1813 2167 1883; baseline 0.003 -18"><span class='ocrx_word' id='word_1_100' title='bbox 599 1813 876 1868; x_wconf 89' lang='lat' dir='ltr'><strong><em>tiationem</em></strong></span> <span class='ocrx_word' id='word_1_101' title='bbox 897 1829 1048 1870; x_wconf 76' lang='lat' dir='ltr'><strong><em>Suam</em></strong></span> <span class='ocrx_word' id='word_1_102' title='bbox 1084 1829 1098 1867; x_wconf 89' lang='lat'><strong>:</strong></span> <span class='ocrx_word' id='word_1_103' title='bbox 1131 1815 1320 1883; x_wconf 90' lang='lat' dir='ltr'><strong><em>reliqui</em></strong></span> <span class='ocrx_word' id='word_1_104' title='bbox 1352 1829 1479 1869; x_wconf 88' lang='lat' dir='ltr'><strong><em>vero</em></strong></span> <span class='ocrx_word' id='word_1_105' title='bbox 1507 1824 1795 1868; x_wconf 85' lang='lat' dir='ltr'><strong><em>tenuerunt</em></strong></span> <span class='ocrx_word' id='word_1_106' title='bbox 1826 1831 2014 1870; x_wconf 85' lang='lat' dir='ltr'><strong><em>servos</em></strong></span> <span class='ocrx_word' id='word_1_107' title='bbox 2031 1813 2167 1880; x_wconf 84' lang='lat' dir='ltr'><strong><em>ejus,</em></strong></span> 
     </span>
    </p>
   </div>
   <div class='ocr_carea' id='block_1_15' title="bbox 595 1903 2170 1960">
    <p class='ocr_par' dir='ltr' id='par_1_15' title="bbox 595 1903 2170 1960">
     <span class='ocr_line' id='line_1_16' title="bbox 595 1903 2170 1960; baseline 0 -2"><span class='ocrx_word' id='word_1_108' title='bbox 595 1914 652 1958; x_wconf 84' lang='lat' dir='ltr'><strong><em>et</em></strong></span> <span class='ocrx_word' id='word_1_109' title='bbox 675 1904 1020 1958; x_wconf 87' lang='lat' dir='ltr'><strong><em>contumeliis</em></strong></span> <span class='ocrx_word' id='word_1_110' title='bbox 1057 1903 1275 1959; x_wconf 80' lang='lat' dir='ltr'><strong><em>affectos</em></strong></span> <span class='ocrx_word' id='word_1_111' title='bbox 1308 1906 1647 1959; x_wconf 90' lang='lat' dir='ltr'><strong><em>occiderunt.</em></strong></span> <span class='ocrx_word' id='word_1_112' title='bbox 1685 1904 1799 1958; x_wconf 77' lang='lat' dir='ltr'><strong><em>Rex</em></strong></span> <span class='ocrx_word' id='word_1_113' title='bbox 1831 1915 2009 1960; x_wconf 89' lang='lat' dir='ltr'><strong><em>autem</em></strong></span> <span class='ocrx_word' id='word_1_114' title='bbox 2046 1921 2170 1959; x_wconf 88' lang='lat' dir='ltr'><strong><em>cum</em></strong></span> 
     </span>
    </p>
   </div>
   <div class='ocr_carea' id='block_1_16' title="bbox 595 1993 2171 2066">
    <p class='ocr_par' dir='ltr' id='par_1_16' title="bbox 595 1993 2171 2066">
     <span class='ocr_line' id='line_1_17' title="bbox 595 1993 2171 2066; baseline 0.004 -21"><span class='ocrx_word' id='word_1_115' title='bbox 595 1993 858 2058; x_wconf 80' lang='lat' dir='ltr'><strong><em>audisset,</em></strong></span> <span class='ocrx_word' id='word_1_116' title='bbox 893 1995 1060 2047; x_wconf 78' lang='lat' dir='ltr'><strong><em>iratus</em></strong></span> <span class='ocrx_word' id='word_1_117' title='bbox 1085 2005 1186 2056; x_wconf 90' lang='lat' dir='ltr'><strong><em>est,</em></strong></span> <span class='ocrx_word' id='word_1_118' title='bbox 1207 2002 1260 2047; x_wconf 91' lang='lat' dir='ltr'><strong><em>et</em></strong></span> <span class='ocrx_word' id='word_1_119' title='bbox 1288 1995 1466 2048; x_wconf 71' lang='lat' dir='ltr'><strong><em>missis</em></strong></span> <span class='ocrx_word' id='word_1_120' title='bbox 1487 1996 1817 2050; x_wconf 76' lang='lat' dir='ltr'><strong><em>exercitibus</em></strong></span> <span class='ocrx_word' id='word_1_121' title='bbox 1837 1997 1951 2050; x_wconf 88' lang='lat' dir='ltr'><strong><em>suis</em></strong></span> <span class='ocrx_word' id='word_1_122' title='bbox 1988 1998 2171 2066; x_wconf 90' lang='lat' dir='ltr'><strong><em>perdi-</em></strong></span> 
     </span>
    </p>
   </div>
   <div class='ocr_carea' id='block_1_17' title="bbox 592 2085 2162 2147">
    <p class='ocr_par' dir='ltr' id='par_1_17' title="bbox 592 2085 2162 2147">
     <span class='ocr_line' id='line_1_18' title="bbox 592 2085 2162 2147; baseline 0.003 -11"><span class='ocrx_word' id='word_1_123' title='bbox 592 2085 672 2136; x_wconf 87' lang='lat' dir='ltr'><strong><em>dit</em></strong></span> <span class='ocrx_word' id='word_1_124' title='bbox 702 2086 998 2140; x_wconf 79' lang='lat' dir='ltr'><strong><em>homicidas</em></strong></span> <span class='ocrx_word' id='word_1_125' title='bbox 1019 2085 1154 2147; x_wconf 85' lang='lat' dir='ltr'><strong><em>illos,</em></strong></span> <span class='ocrx_word' id='word_1_126' title='bbox 1183 2096 1236 2140; x_wconf 84' lang='lat' dir='ltr'><strong><em>et</em></strong></span> <span class='ocrx_word' id='word_1_127' title='bbox 1259 2087 1531 2141; x_wconf 88' lang='lat' dir='ltr'><strong><em>civitatem</em></strong></span> <span class='ocrx_word' id='word_1_128' title='bbox 1573 2087 1786 2141; x_wconf 90' lang='lat' dir='ltr'><strong><em>illorum</em></strong></span> <span class='ocrx_word' id='word_1_129' title='bbox 1813 2088 2112 2142; x_wconf 89' lang='lat' dir='ltr'><strong><em>succendit.</em></strong></span> <span class='ocrx_word' id='word_1_130' title='bbox 2143 2107 2162 2140; x_wconf 73' lang='grc' dir='ltr'><strong><em>ι</em></strong></span> 
     </span>
    </p>
   </div>
   <div class='ocr_carea' id='block_1_18' title="bbox 591 2172 2163 2245">
    <p class='ocr_par' dir='ltr' id='par_1_18' title="bbox 591 2172 2163 2245">
     <span class='ocr_line' id='line_1_19' title="bbox 591 2172 2163 2245; baseline 0.003 -17"><span class='ocrx_word' id='word_1_131' title='bbox 591 2172 658 2230; x_wconf 83' lang='lat' dir='ltr'><strong><em>Et</em></strong></span> <span class='ocrx_word' id='word_1_132' title='bbox 674 2175 784 2230; x_wconf 67' lang='lat' dir='ltr'><strong><em>haec</em></strong></span> <span class='ocrx_word' id='word_1_133' title='bbox 805 2192 865 2245; x_wconf 87' lang='lat' dir='ltr'><strong><em>pa</em></strong></span> <span class='ocrx_word' id='word_1_134' title='bbox 877 2176 1056 2230; x_wconf 88' lang='lat' dir='ltr'><strong><em>rabola</em></strong></span> <span class='ocrx_word' id='word_1_135' title='bbox 1070 2175 1376 2231; x_wconf 69' lang='lat' dir='ltr'><strong><em>Judaeorum</em></strong></span> <span class='ocrx_word' id='word_1_136' title='bbox 1395 2178 1816 2233; x_wconf 82' lang='lat' dir='ltr'><strong><em>inobedientiam</em></strong></span> <span class='ocrx_word' id='word_1_137' title='bbox 1835 2181 2163 2243; x_wconf 87' lang='lat' dir='ltr'><strong><em>subindicat,</em></strong></span> 
     </span>
    </p>
   </div>
   <div class='ocr_carea' id='block_1_19' title="bbox 591 2267 2170 2338">
    <p class='ocr_par' dir='ltr' id='par_1_19' title="bbox 591 2267 2170 2338">
     <span class='ocr_line' id='line_1_20' title="bbox 591 2267 2170 2338; baseline 0.003 -18"><span class='ocrx_word' id='word_1_138' title='bbox 591 2267 731 2321; x_wconf 85' lang='lat' dir='ltr'><strong><em>sicut</em></strong></span> <span class='ocrx_word' id='word_1_139' title='bbox 769 2277 821 2321; x_wconf 89' lang='lat' dir='ltr'><strong><em>et</em></strong></span> <span class='ocrx_word' id='word_1_140' title='bbox 861 2269 1110 2338; x_wconf 86' lang='lat' dir='ltr'><strong><em>superior</em></strong></span> <span class='ocrx_word' id='word_1_141' title='bbox 1146 2270 1212 2323; x_wconf 90' lang='lat' dir='ltr'><strong><em>de</em></strong></span> <span class='ocrx_word' id='word_1_142' title='bbox 1247 2271 1424 2326; x_wconf 90' lang='lat' dir='ltr'><strong><em>vinea.</em></strong></span> <span class='ocrx_word' id='word_1_143' title='bbox 1463 2271 1658 2325; x_wconf 81' lang='lat' dir='ltr'><strong><em>Verum</em></strong></span> <span class='ocrx_word' id='word_1_144' title='bbox 1705 2271 1845 2326; x_wconf 87' lang='lat' dir='ltr'><strong><em>sicut</em></strong></span> <span class='ocrx_word' id='word_1_145' title='bbox 1892 2271 1979 2325; x_wconf 90' lang='lat' dir='ltr'><strong><em>illa</em></strong></span> <span class='ocrx_word' id='word_1_146' title='bbox 2025 2287 2170 2326; x_wconf 87' lang='lat' dir='ltr'><strong><em>mor-</em></strong></span> 
     </span>
    </p>
   </div>
   <div class='ocr_carea' id='block_1_20' title="bbox 595 2359 2165 2431">
    <p class='ocr_par' dir='ltr' id='par_1_20' title="bbox 595 2359 2165 2431">
     <span class='ocr_line' id='line_1_21' title="bbox 595 2359 2165 2431; baseline 0.006 -23"><span class='ocrx_word' id='word_1_147' title='bbox 595 2365 700 2411; x_wconf 89' lang='lat' dir='ltr'><strong><em>tem</em></strong></span> <span class='ocrx_word' id='word_1_148' title='bbox 752 2359 974 2423; x_wconf 80' lang='lat' dir='ltr'><strong><em>Christi,</em></strong></span> <span class='ocrx_word' id='word_1_149' title='bbox 1016 2361 1088 2414; x_wconf 88' lang='lat' dir='ltr'><strong><em>ita</em></strong></span> <span class='ocrx_word' id='word_1_150' title='bbox 1145 2362 1260 2415; x_wconf 64' lang='lat' dir='ltr'><strong><em>haec</em></strong></span> <span class='ocrx_word' id='word_1_151' title='bbox 1305 2361 1546 2431; x_wconf 84' lang='lat' dir='ltr'><strong><em>nuptiale</em></strong></span> <span class='ocrx_word' id='word_1_152' title='bbox 1595 2363 1871 2430; x_wconf 80' lang='lat' dir='ltr'><strong><em>gaudium,</em></strong></span> <span class='ocrx_word' id='word_1_153' title='bbox 1915 2363 2018 2417; x_wconf 91' lang='lat' dir='ltr'><strong><em>hoc</em></strong></span> <span class='ocrx_word' id='word_1_154' title='bbox 2063 2373 2165 2427; x_wconf 88' lang='lat' dir='ltr'><strong><em>est,</em></strong></span> 
     </span>
    </p>
   </div>
   <div class='ocr_carea' id='block_1_21' title="bbox 591 2450 2170 2508">
    <p class='ocr_par' dir='ltr' id='par_1_21' title="bbox 591 2450 2170 2508">
     <span class='ocr_line' id='line_1_22' title="bbox 591 2450 2170 2508; baseline 0.005 -8"><span class='ocrx_word' id='word_1_155' title='bbox 591 2450 1050 2503; x_wconf 82' lang='lat' dir='ltr'><strong><em>resurrectionem</em></strong></span> <span class='ocrx_word' id='word_1_156' title='bbox 1112 2451 1373 2504; x_wconf 88' lang='lat' dir='ltr'><strong><em>declarat.</em></strong></span> <span class='ocrx_word' id='word_1_157' title='bbox 1411 2453 1680 2506; x_wconf 71' lang='lat' dir='ltr'><strong><em>Creterum</em></strong></span> <span class='ocrx_word' id='word_1_158' title='bbox 1732 2453 1846 2508; x_wconf 62' lang='lat' dir='ltr'><strong><em>haec</em></strong></span> <span class='ocrx_word' id='word_1_159' title='bbox 1901 2463 2170 2508; x_wconf 80' lang='lat' dir='ltr'><strong><em>monstrat</em></strong></span> 
     </span>
    </p>
   </div>
   <div class='ocr_carea' id='block_1_22' title="bbox 591 2535 2162 2612">
    <p class='ocr_par' dir='ltr' id='par_1_22' title="bbox 591 2535 2162 2612">
     <span class='ocr_line' id='line_1_23' title="bbox 591 2535 2162 2612; baseline 0.005 -23"><span class='ocrx_word' id='word_1_160' title='bbox 591 2535 760 2590; x_wconf 84' lang='lat' dir='ltr'><strong><em>multo</em></strong></span> <span class='ocrx_word' id='word_1_161' title='bbox 798 2543 1070 2594; x_wconf 85' lang='lat' dir='ltr'><strong><em>atrociora</em></strong></span> <span class='ocrx_word' id='word_1_162' title='bbox 1103 2556 1224 2608; x_wconf 69' lang='lat' dir='ltr'><strong><em>qua:</em></strong></span> <span class='ocrx_word' id='word_1_163' title='bbox 1257 2542 1525 2607; x_wconf 83' lang='lat' dir='ltr'><strong><em>patrarint</em></strong></span> <span class='ocrx_word' id='word_1_164' title='bbox 1561 2543 1658 2607; x_wconf 84' lang='lat' dir='ltr'><strong><em>illi,</em></strong></span> <span class='ocrx_word' id='word_1_165' title='bbox 1687 2558 1850 2612; x_wconf 89' lang='lat' dir='ltr'><strong><em>quam</em></strong></span> <span class='ocrx_word' id='word_1_166' title='bbox 1892 2544 2162 2612; x_wconf 78' lang='lat' dir='ltr'><strong><em>superior.</em></strong></span> 
     </span>
    </p>
   </div>
   <div class='ocr_carea' id='block_1_23' title="bbox 588 2625 2168 2700">
    <p class='ocr_par' dir='ltr' id='par_1_23' title="bbox 588 2625 2168 2700">
     <span class='ocr_line' id='line_1_24' title="bbox 588 2625 2168 2700; baseline 0.006 -19"><span class='ocrx_word' id='word_1_167' title='bbox 588 2625 665 2681; x_wconf 78' lang='lat' dir='ltr'><strong><em>illi</em></strong></span> <span class='ocrx_word' id='word_1_168' title='bbox 692 2631 835 2682; x_wconf 88' lang='lat' dir='ltr'><strong><em>enim</em></strong></span> <span class='ocrx_word' id='word_1_169' title='bbox 881 2635 1004 2683; x_wconf 87' lang='lat' dir='ltr'><strong><em>cum</em></strong></span> <span class='ocrx_word' id='word_1_170' title='bbox 1051 2633 1406 2700; x_wconf 73' lang='lat' dir='ltr'><strong><em>exigerentur</em></strong></span> <span class='ocrx_word' id='word_1_171' title='bbox 1450 2632 1680 2694; x_wconf 82' lang='lat' dir='ltr'><strong><em>fructus.</em></strong></span> <span class='ocrx_word' id='word_1_172' title='bbox 1714 2633 2036 2689; x_wconf 89' lang='lat' dir='ltr'><strong><em>occidebant</em></strong></span> <span class='ocrx_word' id='word_1_173' title='bbox 2073 2651 2168 2690; x_wconf 85' lang='lat' dir='ltr'><strong><em>eos</em></strong></span> 
     </span>
    </p>
   </div>
   <div class='ocr_carea' id='block_1_24' title="bbox 587 2721 2159 2796">
    <p class='ocr_par' dir='ltr' id='par_1_24' title="bbox 587 2721 2159 2796">
     <span class='ocr_line' id='line_1_25' title="bbox 587 2721 2159 2796; baseline 0.006 -25"><span class='ocrx_word' id='word_1_174' title='bbox 587 2721 677 2785; x_wconf 89' lang='lat' dir='ltr'><strong><em>qui</em></strong></span> <span class='ocrx_word' id='word_1_175' title='bbox 696 2721 986 2791; x_wconf 75' lang='lat' dir='ltr'><strong><em>exigebant</em></strong></span> <span class='ocrx_word' id='word_1_176' title='bbox 1010 2740 1024 2775; x_wconf 84' lang='lat'><strong><em>:</em></strong></span> <span class='ocrx_word' id='word_1_177' title='bbox 1051 2723 1102 2774; x_wconf 89' lang='lat' dir='ltr'><strong><em>hi</em></strong></span> <span class='ocrx_word' id='word_1_178' title='bbox 1133 2735 1311 2776; x_wconf 88' lang='lat' dir='ltr'><strong><em>autem</em></strong></span> <span class='ocrx_word' id='word_1_179' title='bbox 1345 2740 1464 2778; x_wconf 89' lang='lat' dir='ltr'><strong><em>cum</em></strong></span> <span class='ocrx_word' id='word_1_180' title='bbox 1493 2737 1816 2779; x_wconf 80' lang='lat' dir='ltr'><strong><em>vocarentur</em></strong></span> <span class='ocrx_word' id='word_1_181' title='bbox 1839 2729 1904 2779; x_wconf 91' lang='lat' dir='ltr'><strong><em>ad</em></strong></span> <span class='ocrx_word' id='word_1_182' title='bbox 1927 2729 2159 2796; x_wconf 87' lang='lat' dir='ltr'><strong><em>nuptias,</em></strong></span> 
     </span>
    </p>
   </div>
   <div class='ocr_carea' id='block_1_25' title="bbox 590 2811 2161 2887">
    <p class='ocr_par' dir='ltr' id='par_1_25' title="bbox 590 2811 2161 2887">
     <span class='ocr_line' id='line_1_26' title="bbox 590 2811 2161 2887; baseline 0.006 -23"><span class='ocrx_word' id='word_1_183' title='bbox 590 2811 942 2865; x_wconf 80' lang='lat' dir='ltr'><strong><em>homicidium</em></strong></span> <span class='ocrx_word' id='word_1_184' title='bbox 973 2814 1240 2870; x_wconf 78' lang='lat' dir='ltr'><strong><em>fecerunt.</em></strong></span> <span class='ocrx_word' id='word_1_185' title='bbox 1266 2814 1484 2871; x_wconf 82' lang='lat' dir='ltr'><strong><em>Homini</em></strong></span> <span class='ocrx_word' id='word_1_186' title='bbox 1519 2816 1685 2885; x_wconf 78' lang='lat' dir='ltr'><strong><em>igitur</em></strong></span> <span class='ocrx_word' id='word_1_187' title='bbox 1715 2817 1824 2887; x_wconf 73' lang='lat' dir='ltr'><strong><em>regi</em></strong></span> <span class='ocrx_word' id='word_1_188' title='bbox 1855 2819 2049 2873; x_wconf 88' lang='lat' dir='ltr'><strong><em>similis</em></strong></span> <span class='ocrx_word' id='word_1_189' title='bbox 2078 2831 2161 2873; x_wconf 86' lang='lat' dir='ltr'><strong><em>est</em></strong></span> 
     </span>
    </p>
   </div>
   <div class='ocr_carea' id='block_1_26' title="bbox 589 2903 2163 2981">
    <p class='ocr_par' dir='ltr' id='par_1_26' title="bbox 589 2903 2163 2981">
     <span class='ocr_line' id='line_1_27' title="bbox 589 2903 2163 2981; baseline 0.006 -23"><span class='ocrx_word' id='word_1_190' title='bbox 589 2903 752 2960; x_wconf 82' lang='lat' dir='ltr'><strong><em>Deus.</em></strong></span> <span class='ocrx_word' id='word_1_191' title='bbox 790 2905 902 2964; x_wconf 83' lang='lat' dir='ltr'><strong><em>Non</em></strong></span> <span class='ocrx_word' id='word_1_192' title='bbox 931 2907 1076 2960; x_wconf 88' lang='lat' dir='ltr'><strong><em>enim</em></strong></span> <span class='ocrx_word' id='word_1_193' title='bbox 1108 2918 1335 2978; x_wconf 81' lang='lat' dir='ltr'><strong><em>apparet</em></strong></span> <span class='ocrx_word' id='word_1_194' title='bbox 1381 2919 1438 2964; x_wconf 91' lang='lat' dir='ltr'><strong><em>ut</em></strong></span> <span class='ocrx_word' id='word_1_195' title='bbox 1481 2921 1584 2973; x_wconf 88' lang='lat' dir='ltr'><strong><em>est,</em></strong></span> <span class='ocrx_word' id='word_1_196' title='bbox 1629 2912 1723 2965; x_wconf 87' lang='lat' dir='ltr'><strong><em>sed</em></strong></span> <span class='ocrx_word' id='word_1_197' title='bbox 1772 2912 1982 2981; x_wconf 81' lang='lat' dir='ltr'><strong><em>qualem</em></strong></span> <span class='ocrx_word' id='word_1_198' title='bbox 2008 2915 2163 2968; x_wconf 86' lang='lat' dir='ltr'><strong><em>decet</em></strong></span> 
     </span>
    </p>
   </div>
   <div class='ocr_carea' id='block_1_27' title="bbox 587 2997 2156 3073">
    <p class='ocr_par' dir='ltr' id='par_1_27' title="bbox 587 2997 2156 3073">
     <span class='ocr_line' id='line_1_28' title="bbox 587 2997 2156 3073; baseline 0.008 -28"><span class='ocrx_word' id='word_1_199' title='bbox 587 3005 644 3046; x_wconf 90' lang='lat' dir='ltr'><strong><em>ut</em></strong></span> <span class='ocrx_word' id='word_1_200' title='bbox 710 2997 864 3052; x_wconf 87' lang='lat' dir='ltr'><strong><em>nobis</em></strong></span> <span class='ocrx_word' id='word_1_201' title='bbox 918 3011 976 3051; x_wconf 84' lang='lat' dir='ltr'><strong><em>se</em></strong></span> <span class='ocrx_word' id='word_1_202' title='bbox 1036 2999 1328 3053; x_wconf 91' lang='lat' dir='ltr'><strong><em>videndum</em></strong></span> <span class='ocrx_word' id='word_1_203' title='bbox 1392 3001 1668 3062; x_wconf 84' lang='lat' dir='ltr'><strong><em>exhibeat.</em></strong></span> <span class='ocrx_word' id='word_1_204' title='bbox 1727 3001 1863 3056; x_wconf 84' lang='lat' dir='ltr'><strong><em>Nam</em></strong></span> <span class='ocrx_word' id='word_1_205' title='bbox 1940 3005 2156 3073; x_wconf 86' lang='lat' dir='ltr'><strong><em>quando</em></strong></span> 
     </span>
    </p>
   </div>
   <div class='ocr_carea' id='block_1_28' title="bbox 583 3087 2159 3160">
    <p class='ocr_par' dir='ltr' id='par_1_28' title="bbox 583 3087 2159 3160">
     <span class='ocr_line' id='line_1_29' title="bbox 583 3087 2159 3160; baseline 0.005 -21"><span class='ocrx_word' id='word_1_206' title='bbox 583 3088 660 3140; x_wconf 84' lang='lat' dir='ltr'><strong><em>uti</em></strong></span> <span class='ocrx_word' id='word_1_207' title='bbox 700 3087 946 3143; x_wconf 80' lang='lat' dir='ltr'><strong><em>homines</em></strong></span> <span class='ocrx_word' id='word_1_208' title='bbox 987 3092 1253 3144; x_wconf 89' lang='lat' dir='ltr'><strong><em>morimur</em></strong></span> <span class='ocrx_word' id='word_1_209' title='bbox 1301 3092 1554 3147; x_wconf 90' lang='lat' dir='ltr'><strong><em>humanis</em></strong></span> <span class='ocrx_word' id='word_1_210' title='bbox 1614 3096 1850 3160; x_wconf 84' lang='lat' dir='ltr'><strong><em>peccatis</em></strong></span> <span class='ocrx_word' id='word_1_211' title='bbox 1914 3097 2159 3158; x_wconf 76' lang='lat' dir='ltr'><strong><em>obnoxii,</em></strong></span> 
     </span>
    </p>
   </div>
   <div class='ocr_carea' id='block_1_29' title="bbox 1493 411 2911 489">
    <p class='ocr_par' dir='ltr' id='par_1_29' title="bbox 1493 411 2911 489">
     <span class='ocr_line' id='line_1_30' title="bbox 1493 411 2911 489; baseline -0.012 0"><span class='ocrx_word' id='word_1_212' title='bbox 1493 425 2066 489; x_wconf 80' lang='lat' dir='ltr'><strong><em>THEOPHYLACTI</em></strong></span> <span class='ocrx_word' id='word_1_213' title='bbox 2106 415 2517 484; x_wconf 63' lang='lat' dir='ltr'><strong><em>BULGARHE</em></strong></span> <span class='ocrx_word' id='word_1_214' title='bbox 2556 411 2911 474; x_wconf 77' lang='lat' dir='ltr'><strong><em>ARCHIEP.</em></strong></span> 
     </span>
    </p>
   </div>
   <div class='ocr_carea' id='block_1_30' title="bbox 2204 530 2258 590">
    <p class='ocr_par' dir='ltr' id='par_1_30' title="bbox 2204 530 2258 590">
     <span class='ocr_line' id='line_1_31' title="bbox 2204 530 2258 590; baseline 0 0"><span class='ocrx_word' id='word_1_215' title='bbox 2204 530 2258 590; x_wconf 83' lang='lat' dir='ltr'><strong>A</strong></span> 
     </span>
    </p>
   </div>
   <div class='ocr_carea' id='block_1_31' title="bbox 3735 392 3850 461">
    <p class='ocr_par' dir='ltr' id='par_1_31' title="bbox 3735 392 3850 461">
     <span class='ocr_line' id='line_1_32' title="bbox 3735 392 3850 461; baseline -0.052 1"><span class='ocrx_word' id='word_1_216' title='bbox 3735 392 3850 461; x_wconf 59' lang='lat'><strong><em>38-!</em></strong></span> 
     </span>
    </p>
   </div>
   <div class='ocr_carea' id='block_1_32' title="bbox 2875 514 3294 572">
    <p class='ocr_par' dir='ltr' id='par_1_32' title="bbox 2875 514 3294 572">
     <span class='ocr_line' id='line_1_33' title="bbox 2875 514 3294 572; baseline -0.012 0"><span class='ocrx_word' id='word_1_217' title='bbox 2875 517 3126 572; x_wconf 78' lang='grc' dir='ltr'><strong><em>ΚΕΦΔᾹ.</em></strong></span> <span class='ocrx_word' id='word_1_218' title='bbox 3166 514 3294 569; x_wconf 85' lang='grc' dir='ltr'><strong><em>ΚΒ’.</em></strong></span> 
     </span>
    </p>
   </div>
   <div class='ocr_carea' id='block_1_33' title="bbox 2282 650 3867 732">
    <p class='ocr_par' dir='ltr' id='par_1_33' title="bbox 2282 650 3867 732">
     <span class='ocr_line' id='line_1_34' title="bbox 2282 650 3867 732; baseline -0.011 -13"><span class='ocrx_word' id='word_1_219' title='bbox 2282 665 2422 732; x_wconf 80' lang='grc' dir='ltr'>Περὶ</span> <span class='ocrx_word' id='word_1_220' title='bbox 2445 662 2564 716; x_wconf 76' lang='grc' dir='ltr'><strong><em>τῶν</em></strong></span> <span class='ocrx_word' id='word_1_221' title='bbox 2609 657 2999 732; x_wconf 62' lang='grc' dir='ltr'>καλουμὲγωις</span> <span class='ocrx_word' id='word_1_222' title='bbox 3033 657 3147 732; x_wconf 50' lang='grc' dir='ltr'>είς-</span> <span class='ocrx_word' id='word_1_223' title='bbox 3175 656 3282 708; x_wconf 63' lang='lat' dir='ltr'><strong><em>ti‘r</em></strong></span> <span class='ocrx_word' id='word_1_224' title='bbox 3312 652 3520 732; x_wconf 48' lang='grc' dir='ltr'>γάέιονς.</span> <span class='ocrx_word' id='word_1_225' title='bbox 3551 651 3683 730; x_wconf 58' lang='grc' dir='ltr'>Περὶ</span> <span class='ocrx_word' id='word_1_226' title='bbox 3723 650 3867 732; x_wconf 50' lang='grc' dir='ltr'><strong><em>’ἐθε-</em></strong></span> 
     </span>
    </p>
   </div>
   <div class='ocr_carea' id='block_1_34' title="bbox 2352 723 3868 802">
    <p class='ocr_par' dir='ltr' id='par_1_34' title="bbox 2352 723 3868 802">
     <span class='ocr_line' id='line_1_35' title="bbox 2352 723 3868 802; baseline -0.011 -15"><span class='ocrx_word' id='word_1_227' title='bbox 2352 723 2910 802; x_wconf 21' lang='grc' dir='ltr'>ἑρωτησάντωνίδζὰ</span> <span class='ocrx_word' id='word_1_228' title='bbox 2934 727 3038 802; x_wconf 55' lang='grc' dir='ltr'><strong><em>τῷ·</em></strong></span> <span class='ocrx_word' id='word_1_229' title='bbox 3061 725 3330 802; x_wconf 26' lang='grc' dir='ltr'>-κῆνσοτίκ</span> <span class='ocrx_word' id='word_1_230' title='bbox 3366 723 3505 790; x_wconf 74' lang='grc' dir='ltr'>Περὶ</span> <span class='ocrx_word' id='word_1_231' title='bbox 3561 723 3680 773; x_wconf 78' lang='grc' dir='ltr'><strong><em>τῶν</em></strong></span> <span class='ocrx_word' id='word_1_232' title='bbox 3715 723 3868 802; x_wconf 61' lang='grc' dir='ltr'><strong><em>Σαξ-</em></strong></span> 
     </span>
    </p>
   </div>
   <div class='ocr_carea' id='block_1_35' title="bbox 2354 793 3866 865">
    <p class='ocr_par' dir='ltr' id='par_1_35' title="bbox 2354 793 3866 865">
     <span class='ocr_line' id='line_1_36' title="bbox 2354 793 3866 865; baseline -0.007 -8"><span class='ocrx_word' id='word_1_233' title='bbox 2354 793 2673 857; x_wconf 63' lang='grc' dir='ltr'>ῧουκὰίων.</span> <span class='ocrx_word' id='word_1_234' title='bbox 2734 798 2871 865; x_wconf 70' lang='grc' dir='ltr'>Περὶ</span> <span class='ocrx_word' id='word_1_235' title='bbox 2907 798 3011 851; x_wconf 82' lang='grc' dir='ltr'><strong><em>τοῦ</em></strong></span> <span class='ocrx_word' id='word_1_236' title='bbox 3045 793 3552 865; x_wconf 74' lang='grc' dir='ltr'><strong><em>ἐπερωτήσαντος</em></strong></span> <span class='ocrx_word' id='word_1_237' title='bbox 3583 793 3866 861; x_wconf 79' lang='grc' dir='ltr'>νομικοῦ.</span> 
     </span>
    </p>
   </div>
   <div class='ocr_carea' id='block_1_36' title="bbox 2355 864 3502 940">
    <p class='ocr_par' dir='ltr' id='par_1_36' title="bbox 2355 864 3502 940">
     <span class='ocr_line' id='line_1_37' title="bbox 2355 864 3502 940; baseline -0.009 -13"><span class='ocrx_word' id='word_1_238' title='bbox 2355 873 2492 940; x_wconf 78' lang='grc' dir='ltr'>Περὶ</span> <span class='ocrx_word' id='word_1_239' title='bbox 2533 888 2649 929; x_wconf 82' lang='grc' dir='ltr'>των</span> <span class='ocrx_word' id='word_1_240' title='bbox 2670 870 2776 924; x_wconf 85' lang='grc' dir='ltr'><strong><em>τοῦ</em></strong></span> <span class='ocrx_word' id='word_1_241' title='bbox 2802 864 3024 936; x_wconf 80' lang='grc' dir='ltr'><strong><em>Κυρίου</em></strong></span> <span class='ocrx_word' id='word_1_242' title='bbox 3050 864 3502 933; x_wconf 76' lang='grc' dir='ltr'>ἐπερωτήσεων.</span> 
     </span>
    </p>
   </div>
   <div class='ocr_carea' id='block_1_37' title="bbox 2359 967 3869 1054">
    <p class='ocr_par' dir='ltr' id='par_1_37' title="bbox 2359 967 3869 1054">
     <span class='ocr_line' id='line_1_38' title="bbox 2359 967 3869 1054; baseline -0.007 -13"><span class='ocrx_word' id='word_1_243' title='bbox 2359 987 2499 1040; x_wconf 72' lang='grc' dir='ltr'>(Καὶ</span> <span class='ocrx_word' id='word_1_244' title='bbox 2529 984 2854 1054; x_wconf 71' lang='grc' dir='ltr'><strong><em>ἀποκριθεὶς</em></strong></span> <span class='ocrx_word' id='word_1_245' title='bbox 2877 985 2904 1034; x_wconf 90' lang='lat'><strong><em>6</em></strong></span> <span class='ocrx_word' id='word_1_246' title='bbox 2948 980 3177 1048; x_wconf 82' lang='grc' dir='ltr'>Ἰησοῦς,</span> <span class='ocrx_word' id='word_1_247' title='bbox 3204 979 3366 1033; x_wconf 83' lang='grc' dir='ltr'>πάλιν</span> <span class='ocrx_word' id='word_1_248' title='bbox 3402 967 3556 1030; x_wconf 67' lang='grc' dir='ltr'>εἶπεν</span> <span class='ocrx_word' id='word_1_249' title='bbox 3586 978 3769 1039; x_wconf 81' lang='grc' dir='ltr'>αὐτοῖς</span> <span class='ocrx_word' id='word_1_250' title='bbox 3805 977 3869 1031; x_wconf 81' lang='grc' dir='ltr'>ἐν</span> 
     </span>
    </p>
   </div>
   <div class='ocr_carea' id='block_1_38' title="bbox 2283 1068 3868 1149">
    <p class='ocr_par' dir='ltr' id='par_1_38' title="bbox 2283 1068 3868 1149">
     <span class='ocr_line' id='line_1_39' title="bbox 2283 1068 3868 1149; baseline -0.009 -17"><span class='ocrx_word' id='word_1_251' title='bbox 2283 1079 2638 1149; x_wconf 74' lang='grc' dir='ltr'>παραϐολαῖς,</span> <span class='ocrx_word' id='word_1_252' title='bbox 2667 1076 2869 1141; x_wconf 83' lang='grc' dir='ltr'>λέγων·</span> <span class='ocrx_word' id='word_1_253' title='bbox 2903 1071 3177 1140; x_wconf 82' lang='grc' dir='ltr'>Ὠμοιὼοη</span> <span class='ocrx_word' id='word_1_254' title='bbox 3209 1073 3239 1138; x_wconf 85' lang='grc' dir='ltr'>ἡ</span> <span class='ocrx_word' id='word_1_255' title='bbox 3273 1069 3520 1136; x_wconf 76' lang='grc' dir='ltr'>βασιλεία</span> <span class='ocrx_word' id='word_1_256' title='bbox 3555 1068 3663 1120; x_wconf 84' lang='grc' dir='ltr'><strong><em>τῶν</em></strong></span> <span class='ocrx_word' id='word_1_257' title='bbox 3689 1069 3868 1137; x_wconf 77' lang='grc' dir='ltr'>ούρα-</span> 
     </span>
    </p>
   </div>
   <div class='ocr_carea' id='block_1_39' title="bbox 2281 1159 3868 1238">
    <p class='ocr_par' dir='ltr' id='par_1_39' title="bbox 2281 1159 3868 1238">
     <span class='ocr_line' id='line_1_40' title="bbox 2281 1159 3868 1238; baseline -0.009 -14"><span class='ocrx_word' id='word_1_258' title='bbox 2281 1172 2388 1224; x_wconf 85' lang='grc' dir='ltr'>νῶν</span> <span class='ocrx_word' id='word_1_259' title='bbox 2415 1169 2688 1238; x_wconf 76' lang='grc' dir='ltr'><strong><em>ἀνθρώπῳ</em></strong></span> <span class='ocrx_word' id='word_1_260' title='bbox 2717 1165 2948 1236; x_wconf 79' lang='grc' dir='ltr'>βασιλεῖ,</span> <span class='ocrx_word' id='word_1_261' title='bbox 2981 1166 3132 1225; x_wconf 78' lang='grc' dir='ltr'>ὅστις</span> <span class='ocrx_word' id='word_1_262' title='bbox 3167 1163 3389 1229; x_wconf 77' lang='grc' dir='ltr'>ἐποίησε</span> <span class='ocrx_word' id='word_1_263' title='bbox 3417 1163 3628 1228; x_wconf 82' lang='grc' dir='ltr'><strong><em>γάμους</em></strong></span> <span class='ocrx_word' id='word_1_264' title='bbox 3657 1160 3735 1228; x_wconf 79' lang='grc' dir='ltr'>τῷ</span> <span class='ocrx_word' id='word_1_265' title='bbox 3762 1159 3868 1229; x_wconf 81' lang='grc' dir='ltr'>υίῷ</span> 
     </span>
    </p>
   </div>
   <div class='ocr_carea' id='block_1_40' title="bbox 2279 1251 3868 1326">
    <p class='ocr_par' dir='ltr' id='par_1_40' title="bbox 2279 1251 3868 1326">
     <span class='ocr_line' id='line_1_41' title="bbox 2279 1251 3868 1326; baseline -0.008 -9"><span class='ocrx_word' id='word_1_266' title='bbox 2279 1262 2465 1326; x_wconf 79' lang='grc' dir='ltr'>αὑτοῦ,</span> <span class='ocrx_word' id='word_1_267' title='bbox 2500 1261 2592 1314; x_wconf 67' lang='grc' dir='ltr'><strong><em>καὶ</em></strong></span> <span class='ocrx_word' id='word_1_268' title='bbox 2622 1257 2908 1313; x_wconf 81' lang='grc' dir='ltr'>ἀπέστειλε</span> <span class='ocrx_word' id='word_1_269' title='bbox 2962 1256 3089 1318; x_wconf 83' lang='grc' dir='ltr'>τοὺς</span> <span class='ocrx_word' id='word_1_270' title='bbox 3140 1254 3358 1315; x_wconf 76' lang='grc' dir='ltr'><strong><em>δούλους</em></strong></span> <span class='ocrx_word' id='word_1_271' title='bbox 3421 1252 3587 1305; x_wconf 85' lang='grc' dir='ltr'>αὑτοῦ</span> <span class='ocrx_word' id='word_1_272' title='bbox 3637 1251 3868 1304; x_wconf 81' lang='grc' dir='ltr'>καλέσαι</span> 
     </span>
    </p>
   </div>
   <div class='ocr_carea' id='block_1_41' title="bbox 2277 1346 3867 1424">
    <p class='ocr_par' dir='ltr' id='par_1_41' title="bbox 2277 1346 3867 1424">
     <span class='ocr_line' id='line_1_42' title="bbox 2277 1346 3867 1424; baseline -0.006 -15"><span class='ocrx_word' id='word_1_273' title='bbox 2277 1357 2402 1418; x_wconf 79' lang='grc' dir='ltr'>τοὺς</span> <span class='ocrx_word' id='word_1_274' title='bbox 2435 1354 2803 1424; x_wconf 79' lang='grc' dir='ltr'><strong><em>κεκλημένους</em></strong></span> <span class='ocrx_word' id='word_1_275' title='bbox 2838 1353 2915 1414; x_wconf 89' lang='grc' dir='ltr'>εἰς</span> <span class='ocrx_word' id='word_1_276' title='bbox 2950 1353 3077 1413; x_wconf 81' lang='grc' dir='ltr'>τοὺς</span> <span class='ocrx_word' id='word_1_277' title='bbox 3118 1350 3354 1417; x_wconf 78' lang='grc' dir='ltr'><strong><em>γάμους,</em></strong></span> <span class='ocrx_word' id='word_1_278' title='bbox 3400 1348 3494 1401; x_wconf 76' lang='grc' dir='ltr'><strong><em>καὶ</em></strong></span> <span class='ocrx_word' id='word_1_279' title='bbox 3543 1347 3644 1399; x_wconf 84' lang='grc' dir='ltr'><strong><em>οὐκ</em></strong></span> <span class='ocrx_word' id='word_1_280' title='bbox 3668 1346 3867 1417; x_wconf 79' lang='grc' dir='ltr'>ήθελον</span> 
     </span>
    </p>
   </div>
   <div class='ocr_carea' id='block_1_42' title="bbox 2277 1439 3866 1504">
    <p class='ocr_par' dir='ltr' id='par_1_42' title="bbox 2277 1439 3866 1504">
     <span class='ocr_line' id='line_1_43' title="bbox 2277 1439 3866 1504; baseline -0.007 -4"><span class='ocrx_word' id='word_1_281' title='bbox 2277 1447 2472 1502; x_wconf 76' lang='grc' dir='ltr'>ἐλθεῖν.</span> <span class='ocrx_word' id='word_1_282' title='bbox 2523 1445 2693 1499; x_wconf 86' lang='grc' dir='ltr'>Πάλιν</span> <span class='ocrx_word' id='word_1_283' title='bbox 2747 1443 3067 1500; x_wconf 81' lang='grc' dir='ltr'>ἀπέστειλεν</span> <span class='ocrx_word' id='word_1_284' title='bbox 3122 1441 3316 1500; x_wconf 81' lang='grc' dir='ltr'>ἄλλους</span> <span class='ocrx_word' id='word_1_285' title='bbox 3365 1440 3609 1501; x_wconf 85' lang='grc' dir='ltr'>δούλους,</span> <span class='ocrx_word' id='word_1_286' title='bbox 3641 1439 3866 1504; x_wconf 82' lang='grc' dir='ltr'>λέγων·</span> 
     </span>
    </p>
   </div>
   <div class='ocr_carea' id='block_1_43' title="bbox 2277 1530 3870 1608">
    <p class='ocr_par' dir='ltr' id='par_1_43' title="bbox 2277 1530 3870 1608">
     <span class='ocr_line' id='line_1_44' title="bbox 2277 1530 3870 1608; baseline -0.007 -16"><span class='ocrx_word' id='word_1_287' title='bbox 2277 1539 2481 1592; x_wconf 75' lang='grc' dir='ltr'>Εἴπατε</span> <span class='ocrx_word' id='word_1_288' title='bbox 2497 1542 2608 1608; x_wconf 79' lang='grc' dir='ltr'>τοῖς</span> <span class='ocrx_word' id='word_1_289' title='bbox 2633 1537 2995 1608; x_wconf 81' lang='grc' dir='ltr'><strong><em>κεκλημένοις</em></strong></span> <span class='ocrx_word' id='word_1_290' title='bbox 3015 1553 3028 1566; x_wconf 91' lang='grc'><strong>·</strong></span> <span class='ocrx_word' id='word_1_291' title='bbox 3071 1535 3201 1588; x_wconf 83' lang='grc' dir='ltr'>Ἰδοὺ</span> <span class='ocrx_word' id='word_1_292' title='bbox 3225 1534 3284 1586; x_wconf 86' lang='grc' dir='ltr'><strong><em>τὸ</em></strong></span> <span class='ocrx_word' id='word_1_293' title='bbox 3320 1532 3542 1603; x_wconf 75' lang='grc' dir='ltr'>ἄριστόν</span> <span class='ocrx_word' id='word_1_294' title='bbox 3579 1548 3680 1601; x_wconf 87' lang='grc' dir='ltr'><strong><em>μου</em></strong></span> <span class='ocrx_word' id='word_1_295' title='bbox 3709 1530 3870 1600; x_wconf 87' lang='grc' dir='ltr'>ήτοί-</span> 
     </span>
    </p>
   </div>
   <div class='ocr_carea' id='block_1_44' title="bbox 2279 1624 3868 1701">
    <p class='ocr_par' dir='ltr' id='par_1_44' title="bbox 2279 1624 3868 1701">
     <span class='ocr_line' id='line_1_45' title="bbox 2279 1624 3868 1701; baseline -0.006 -17"><span class='ocrx_word' id='word_1_296' title='bbox 2279 1648 2451 1701; x_wconf 86' lang='grc' dir='ltr'>μασα,</span> <span class='ocrx_word' id='word_1_297' title='bbox 2485 1634 2530 1684; x_wconf 88' lang='grc' dir='ltr'><strong><em>οί</em></strong></span> <span class='ocrx_word' id='word_1_298' title='bbox 2565 1631 2759 1700; x_wconf 87' lang='grc' dir='ltr'>ταῦροί</span> <span class='ocrx_word' id='word_1_299' title='bbox 2789 1648 2891 1699; x_wconf 89' lang='grc' dir='ltr'><strong><em>μου</em></strong></span> <span class='ocrx_word' id='word_1_300' title='bbox 2951 1629 3043 1682; x_wconf 75' lang='grc' dir='ltr'><strong><em>καὶ</em></strong></span> <span class='ocrx_word' id='word_1_301' title='bbox 3079 1627 3150 1679; x_wconf 77' lang='grc' dir='ltr'>τὰ</span> <span class='ocrx_word' id='word_1_302' title='bbox 3188 1626 3402 1679; x_wconf 83' lang='grc' dir='ltr'><strong><em>σιτιστὰ</em></strong></span> <span class='ocrx_word' id='word_1_303' title='bbox 3437 1625 3732 1692; x_wconf 79' lang='grc' dir='ltr'>τεθυμένα,</span> <span class='ocrx_word' id='word_1_304' title='bbox 3770 1624 3868 1675; x_wconf 72' lang='grc' dir='ltr'>καὶ</span> 
     </span>
    </p>
   </div>
   <div class='ocr_carea' id='block_1_45' title="bbox 2275 1714 3867 1792">
    <p class='ocr_par' dir='ltr' id='par_1_45' title="bbox 2275 1714 3867 1792">
     <span class='ocr_line' id='line_1_46' title="bbox 2275 1714 3867 1792; baseline -0.008 -16"><span class='ocrx_word' id='word_1_305' title='bbox 2275 1725 2453 1776; x_wconf 87' lang='grc' dir='ltr'>πάντα</span> <span class='ocrx_word' id='word_1_306' title='bbox 2475 1725 2672 1792; x_wconf 76' lang='grc' dir='ltr'>ἕτοιμα</span> <span class='ocrx_word' id='word_1_307' title='bbox 2698 1741 2712 1755; x_wconf 78' lang='grc' dir='ltr'><strong>ο</strong></span> <span class='ocrx_word' id='word_1_308' title='bbox 2735 1722 2890 1776; x_wconf 85' lang='grc' dir='ltr'>δεῦτε</span> <span class='ocrx_word' id='word_1_309' title='bbox 2925 1722 3007 1784; x_wconf 86' lang='grc' dir='ltr'><strong><em>είς</em></strong></span> <span class='ocrx_word' id='word_1_310' title='bbox 3044 1720 3171 1781; x_wconf 82' lang='grc' dir='ltr'>τοὺς</span> <span class='ocrx_word' id='word_1_311' title='bbox 3213 1718 3445 1788; x_wconf 80' lang='grc' dir='ltr'>γάμους.</span> <span class='ocrx_word' id='word_1_312' title='bbox 3478 1718 3539 1768; x_wconf 78' lang='grc' dir='ltr'>Οί</span> <span class='ocrx_word' id='word_1_313' title='bbox 3565 1716 3621 1768; x_wconf 81' lang='grc' dir='ltr'>δὲ</span> <span class='ocrx_word' id='word_1_314' title='bbox 3650 1714 3867 1784; x_wconf 87' lang='grc' dir='ltr'>ἀμελή-</span> 
     </span>
    </p>
   </div>
   <div class='ocr_carea' id='block_1_46' title="bbox 2279 1809 3862 1884">
    <p class='ocr_par' dir='ltr' id='par_1_46' title="bbox 2279 1809 3862 1884">
     <span class='ocr_line' id='line_1_47' title="bbox 2279 1809 3862 1884; baseline -0.006 -15"><span class='ocrx_word' id='word_1_315' title='bbox 2279 1834 2471 1879; x_wconf 85' lang='grc' dir='ltr'>σαντες</span> <span class='ocrx_word' id='word_1_316' title='bbox 2499 1816 2765 1884; x_wconf 76' lang='grc' dir='ltr'>ἀπῆλθον,</span> <span class='ocrx_word' id='word_1_317' title='bbox 2799 1818 2827 1868; x_wconf 87' lang='lat'><strong><em>6</em></strong></span> <span class='ocrx_word' id='word_1_318' title='bbox 2862 1816 2960 1883; x_wconf 80' lang='grc' dir='ltr'>μὲν</span> <span class='ocrx_word' id='word_1_319' title='bbox 2997 1817 3077 1876; x_wconf 89' lang='grc' dir='ltr'><strong><em>είς</em></strong></span> <span class='ocrx_word' id='word_1_320' title='bbox 3107 1812 3197 1865; x_wconf 85' lang='grc' dir='ltr'><strong><em>τὸν</em></strong></span> <span class='ocrx_word' id='word_1_321' title='bbox 3247 1812 3378 1864; x_wconf 80' lang='grc' dir='ltr'>ἴδιον</span> <span class='ocrx_word' id='word_1_322' title='bbox 3408 1810 3598 1878; x_wconf 80' lang='grc' dir='ltr'>ἀγρὸν,</span> <span class='ocrx_word' id='word_1_323' title='bbox 3639 1809 3668 1861; x_wconf 90' lang='lat'><strong><em>6</em></strong></span> <span class='ocrx_word' id='word_1_324' title='bbox 3694 1810 3753 1862; x_wconf 85' lang='grc' dir='ltr'><strong><em>δέ</em></strong></span> <span class='ocrx_word' id='word_1_325' title='bbox 3781 1809 3862 1870; x_wconf 69' lang='grc' dir='ltr'>είς,</span> 
     </span>
    </p>
   </div>
   <div class='ocr_carea' id='block_1_47' title="bbox 2273 1902 3867 1976">
    <p class='ocr_par' dir='ltr' id='par_1_47' title="bbox 2273 1902 3867 1976">
     <span class='ocr_line' id='line_1_48' title="bbox 2273 1902 3867 1976; baseline -0.003 -18"><span class='ocrx_word' id='word_1_326' title='bbox 2273 1907 2372 1976; x_wconf 79' lang='grc' dir='ltr'>τὴν</span> <span class='ocrx_word' id='word_1_327' title='bbox 2403 1908 2674 1976; x_wconf 73' lang='grc' dir='ltr'><strong><em>ἐμπορίαν</em></strong></span> <span class='ocrx_word' id='word_1_328' title='bbox 2704 1908 2872 1962; x_wconf 79' lang='grc' dir='ltr'>αὐτοῦ</span> <span class='ocrx_word' id='word_1_329' title='bbox 2900 1923 2912 1936; x_wconf 93' lang='grc'>·</span> <span class='ocrx_word' id='word_1_330' title='bbox 2943 1908 2992 1959; x_wconf 82' lang='grc' dir='ltr'>οἱ</span> <span class='ocrx_word' id='word_1_331' title='bbox 3022 1906 3078 1959; x_wconf 83' lang='grc' dir='ltr'><strong><em>δέ</em></strong></span> <span class='ocrx_word' id='word_1_332' title='bbox 3107 1906 3305 1969; x_wconf 69' lang='grc' dir='ltr'>λοιποὶ,</span> <span class='ocrx_word' id='word_1_333' title='bbox 3325 1904 3700 1974; x_wconf 86' lang='grc' dir='ltr'>κρατήσαντες</span> <span class='ocrx_word' id='word_1_334' title='bbox 3731 1902 3867 1962; x_wconf 80' lang='grc' dir='ltr'>τοὺς</span> 
     </span>
    </p>
   </div>
   <div class='ocr_carea' id='block_1_48' title="bbox 2271 1991 3864 2068">
    <p class='ocr_par' dir='ltr' id='par_1_48' title="bbox 2271 1991 3864 2068">
     <span class='ocr_line' id='line_1_49' title="bbox 2271 1991 3864 2068; baseline -0.003 -18"><span class='ocrx_word' id='word_1_335' title='bbox 2271 1991 2488 2061; x_wconf 79' lang='grc' dir='ltr'>δούλους</span> <span class='ocrx_word' id='word_1_336' title='bbox 2529 1999 2694 2052; x_wconf 84' lang='grc' dir='ltr'>αὑτοῦ</span> <span class='ocrx_word' id='word_1_337' title='bbox 2757 1998 2986 2068; x_wconf 77' lang='grc' dir='ltr'>ὕϐρισαν</span> <span class='ocrx_word' id='word_1_338' title='bbox 3014 2000 3106 2051; x_wconf 76' lang='grc' dir='ltr'>καὶ</span> <span class='ocrx_word' id='word_1_339' title='bbox 3140 1999 3490 2050; x_wconf 80' lang='grc' dir='ltr'>ἀπέκτειναν.</span> <span class='ocrx_word' id='word_1_340' title='bbox 3547 1996 3652 2048; x_wconf 73' lang='grc' dir='ltr'><strong><em>Καὶ</em></strong></span> <span class='ocrx_word' id='word_1_341' title='bbox 3685 1993 3864 2046; x_wconf 80' lang='grc' dir='ltr'>ἀκού-</span> 
     </span>
    </p>
   </div>
   <div class='ocr_carea' id='block_1_49' title="bbox 2277 2084 3868 2157">
    <p class='ocr_par' dir='ltr' id='par_1_49' title="bbox 2277 2084 3868 2157">
     <span class='ocr_line' id='line_1_50' title="bbox 2277 2084 3868 2157; baseline -0.001 -17"><span class='ocrx_word' id='word_1_342' title='bbox 2277 2105 2376 2150; x_wconf 87' lang='grc' dir='ltr'><strong><em>σας</em></strong></span> <span class='ocrx_word' id='word_1_343' title='bbox 2409 2089 2718 2156; x_wconf 83' lang='grc' dir='ltr'>ὁβασιλεὺς</span> <span class='ocrx_word' id='word_1_344' title='bbox 2767 2089 2996 2150; x_wconf 86' lang='grc' dir='ltr'>ἐκεῖνος,</span> <span class='ocrx_word' id='word_1_345' title='bbox 3034 2085 3306 2157; x_wconf 81' lang='grc' dir='ltr'>ὠργίσθη,</span> <span class='ocrx_word' id='word_1_346' title='bbox 3366 2085 3462 2137; x_wconf 60' lang='grc' dir='ltr'><strong><em>καὶ⁵</em></strong></span> <span class='ocrx_word' id='word_1_347' title='bbox 3511 2085 3734 2153; x_wconf 78' lang='grc' dir='ltr'>πέμψας</span> <span class='ocrx_word' id='word_1_348' title='bbox 3794 2084 3868 2138; x_wconf 73' lang='grc' dir='ltr'>τὰ</span> 
     </span>
    </p>
   </div>
   <div class='ocr_carea' id='block_1_50' title="bbox 2272 2175 3864 2248">
    <p class='ocr_par' dir='ltr' id='par_1_50' title="bbox 2272 2175 3864 2248">
     <span class='ocr_line' id='line_1_51' title="bbox 2272 2175 3864 2248; baseline 0.001 -18"><span class='ocrx_word' id='word_1_349' title='bbox 2272 2178 2660 2248; x_wconf 74' lang='grc' dir='ltr'><strong><em>στρατεύματα</em></strong></span> <span class='ocrx_word' id='word_1_350' title='bbox 2683 2178 2849 2231; x_wconf 85' lang='grc' dir='ltr'>αὑτοῦ</span> <span class='ocrx_word' id='word_1_351' title='bbox 2869 2217 2882 2242; x_wconf 95' lang='grc'><strong><em>,</em></strong></span> <span class='ocrx_word' id='word_1_352' title='bbox 2913 2177 3164 2229; x_wconf 76' lang='grc' dir='ltr'>ἀπώλεσε</span> <span class='ocrx_word' id='word_1_353' title='bbox 3208 2177 3336 2239; x_wconf 79' lang='grc' dir='ltr'>τοὺς</span> <span class='ocrx_word' id='word_1_354' title='bbox 3363 2179 3546 2242; x_wconf 75' lang='grc' dir='ltr'>φονεῖς</span> <span class='ocrx_word' id='word_1_355' title='bbox 3589 2175 3864 2238; x_wconf 82' lang='grc' dir='ltr'>ἐκείνους.</span> 
     </span>
    </p>
   </div>
   <div class='ocr_carea' id='block_1_51' title="bbox 2270 2266 3868 2338">
    <p class='ocr_par' dir='ltr' id='par_1_51' title="bbox 2270 2266 3868 2338">
     <span class='ocr_line' id='line_1_52' title="bbox 2270 2266 3868 2338; baseline -0.001 -17"><span class='ocrx_word' id='word_1_356' title='bbox 2270 2269 2367 2321; x_wconf 81' lang='grc' dir='ltr'><strong><em>καὶ</em></strong></span> <span class='ocrx_word' id='word_1_357' title='bbox 2389 2267 2488 2337; x_wconf 83' lang='grc' dir='ltr'>τὴν</span> <span class='ocrx_word' id='word_1_358' title='bbox 2521 2269 2674 2320; x_wconf 87' lang='grc' dir='ltr'>πόλιν</span> <span class='ocrx_word' id='word_1_359' title='bbox 2709 2266 2888 2320; x_wconf 85' lang='grc' dir='ltr'>αὐτῶν</span> <span class='ocrx_word' id='word_1_360' title='bbox 2927 2268 3249 2338; x_wconf 79' lang='grc' dir='ltr'><strong><em>ἐνέπρησεν.</em></strong></span> <span class='ocrx_word' id='word_1_361' title='bbox 3295 2286 3313 2317; x_wconf 72' lang='grc' dir='ltr'><strong><em>ι</em></strong></span> <span class='ocrx_word' id='word_1_362' title='bbox 3346 2267 3456 2318; x_wconf 80' lang='grc' dir='ltr'><strong><em>Καὶ</em></strong></span> <span class='ocrx_word' id='word_1_363' title='bbox 3499 2267 3637 2334; x_wconf 76' lang='grc' dir='ltr'>αὕτη</span> <span class='ocrx_word' id='word_1_364' title='bbox 3671 2268 3703 2336; x_wconf 82' lang='grc' dir='ltr'><strong><em>ή</em></strong></span> <span class='ocrx_word' id='word_1_365' title='bbox 3751 2285 3868 2321; x_wconf 75' lang='grc' dir='ltr'>ποι-</span> 
     </span>
    </p>
   </div>
   <div class='ocr_carea' id='block_1_52' title="bbox 2275 2356 3864 2429">
    <p class='ocr_par' dir='ltr' id='par_1_52' title="bbox 2275 2356 3864 2429">
     <span class='ocr_line' id='line_1_53' title="bbox 2275 2356 3864 2429; baseline -0.001 -20"><span class='ocrx_word' id='word_1_366' title='bbox 2275 2356 2476 2426; x_wconf 84' lang='grc' dir='ltr'>ραϐολὴ</span> <span class='ocrx_word' id='word_1_367' title='bbox 2503 2356 2602 2429; x_wconf 81' lang='grc' dir='ltr'><strong><em>τήν</em></strong></span> <span class='ocrx_word' id='word_1_368' title='bbox 2648 2357 2757 2409; x_wconf 84' lang='grc' dir='ltr'>τῶν</span> <span class='ocrx_word' id='word_1_369' title='bbox 2807 2356 3078 2409; x_wconf 84' lang='grc' dir='ltr'>Ἰουδαίων</span> <span class='ocrx_word' id='word_1_370' title='bbox 3124 2356 3409 2410; x_wconf 82' lang='grc' dir='ltr'>ἀπείθειαν</span> <span class='ocrx_word' id='word_1_371' title='bbox 3464 2357 3864 2426; x_wconf 79' lang='grc' dir='ltr'>ὑποσημαίνει,</span> 
     </span>
    </p>
   </div>
   <div class='ocr_carea' id='block_1_53' title="bbox 2271 2447 3868 2519">
    <p class='ocr_par' dir='ltr' id='par_1_53' title="bbox 2271 2447 3868 2519">
     <span class='ocr_line' id='line_1_54' title="bbox 2271 2447 3868 2519; baseline 0.001 -21"><span class='ocrx_word' id='word_1_372' title='bbox 2271 2447 2460 2519; x_wconf 76' lang='grc' dir='ltr'>ὥσπερ</span> <span class='ocrx_word' id='word_1_373' title='bbox 2489 2450 2582 2501; x_wconf 75' lang='grc' dir='ltr'><strong><em>καὶ</em></strong></span> <span class='ocrx_word' id='word_1_374' title='bbox 2617 2448 2770 2518; x_wconf 88' lang='grc' dir='ltr'>ήτοῦ</span> <span class='ocrx_word' id='word_1_375' title='bbox 2797 2447 3144 2517; x_wconf 82' lang='grc' dir='ltr'>ἀμπελῶνος.</span> <span class='ocrx_word' id='word_1_376' title='bbox 3198 2448 3344 2517; x_wconf 79' lang='grc' dir='ltr'>Πλὴν</span> <span class='ocrx_word' id='word_1_377' title='bbox 3377 2449 3500 2500; x_wconf 85' lang='grc' dir='ltr'>ὅσον</span> <span class='ocrx_word' id='word_1_378' title='bbox 3537 2450 3719 2516; x_wconf 86' lang='grc' dir='ltr'>ἐκείνη</span> <span class='ocrx_word' id='word_1_379' title='bbox 3758 2449 3868 2516; x_wconf 79' lang='grc' dir='ltr'><strong><em>μὲν</em></strong></span> 
     </span>
    </p>
   </div>
   <div class='ocr_carea' id='block_1_54' title="bbox 2269 2538 3863 2611">
    <p class='ocr_par' dir='ltr' id='par_1_54' title="bbox 2269 2538 3863 2611">
     <span class='ocr_line' id='line_1_55' title="bbox 2269 2538 3863 2611; baseline -0.001 -19"><span class='ocrx_word' id='word_1_380' title='bbox 2269 2539 2360 2592; x_wconf 79' lang='grc' dir='ltr'><strong><em>τὸν</em></strong></span> <span class='ocrx_word' id='word_1_381' title='bbox 2387 2539 2615 2593; x_wconf 83' lang='grc' dir='ltr'>θάνατον</span> <span class='ocrx_word' id='word_1_382' title='bbox 2648 2539 2745 2592; x_wconf 86' lang='grc' dir='ltr'><strong><em>τοῦ</em></strong></span> <span class='ocrx_word' id='word_1_383' title='bbox 2777 2539 3035 2611; x_wconf 86' lang='grc' dir='ltr'>Χριστοῦ,</span> <span class='ocrx_word' id='word_1_384' title='bbox 3065 2538 3207 2607; x_wconf 79' lang='grc' dir='ltr'>αὕτη</span> <span class='ocrx_word' id='word_1_385' title='bbox 3237 2539 3292 2591; x_wconf 80' lang='grc' dir='ltr'>δὲ</span> <span class='ocrx_word' id='word_1_386' title='bbox 3335 2539 3512 2608; x_wconf 68' lang='grc' dir='ltr'>χαρὰν</span> <span class='ocrx_word' id='word_1_387' title='bbox 3556 2540 3863 2608; x_wconf 82' lang='grc' dir='ltr'>γαμήλιον,</span> 
     </span>
    </p>
   </div>
   <div class='ocr_carea' id='block_1_55' title="bbox 2269 2629 3865 2700">
    <p class='ocr_par' dir='ltr' id='par_1_55' title="bbox 2269 2629 3865 2700">
     <span class='ocr_line' id='line_1_56' title="bbox 2269 2629 3865 2700; baseline 0 -19"><span class='ocrx_word' id='word_1_388' title='bbox 2269 2631 2390 2698; x_wconf 83' lang='grc' dir='ltr'>ήτοι</span> <span class='ocrx_word' id='word_1_389' title='bbox 2423 2631 2522 2698; x_wconf 83' lang='grc' dir='ltr'><strong><em>τὴν</em></strong></span> <span class='ocrx_word' id='word_1_390' title='bbox 2561 2629 2862 2683; x_wconf 80' lang='grc' dir='ltr'>ἀνάστασιν</span> <span class='ocrx_word' id='word_1_391' title='bbox 2895 2631 3064 2700; x_wconf 83' lang='grc' dir='ltr'>δηλοῖ.</span> <span class='ocrx_word' id='word_1_392' title='bbox 3092 2631 3342 2684; x_wconf 85' lang='grc' dir='ltr'>Δείκνυσι</span> <span class='ocrx_word' id='word_1_393' title='bbox 3365 2631 3423 2683; x_wconf 84' lang='grc' dir='ltr'>δὲ</span> <span class='ocrx_word' id='word_1_394' title='bbox 3452 2630 3587 2698; x_wconf 86' lang='grc' dir='ltr'>αῦτη</span> <span class='ocrx_word' id='word_1_395' title='bbox 3618 2630 3712 2682; x_wconf 79' lang='grc' dir='ltr'>καὶ</span> <span class='ocrx_word' id='word_1_396' title='bbox 3736 2630 3865 2698; x_wconf 76' lang='grc' dir='ltr'>χεί-</span> 
     </span>
    </p>
   </div>
   <div class='ocr_carea' id='block_1_56' title="bbox 2272 2721 3865 2792">
    <p class='ocr_par' dir='ltr' id='par_1_56' title="bbox 2272 2721 3865 2792">
     <span class='ocr_line' id='line_1_57' title="bbox 2272 2721 3865 2792; baseline 0.001 -20"><span class='ocrx_word' id='word_1_397' title='bbox 2272 2737 2403 2790; x_wconf 87' lang='grc' dir='ltr'>ρονα</span> <span class='ocrx_word' id='word_1_398' title='bbox 2469 2722 2976 2790; x_wconf 85' lang='grc' dir='ltr'>πλημμελήσαντας</span> <span class='ocrx_word' id='word_1_399' title='bbox 3024 2723 3251 2785; x_wconf 90' lang='grc' dir='ltr'>τούτους</span> <span class='ocrx_word' id='word_1_400' title='bbox 3291 2721 3400 2774; x_wconf 86' lang='grc' dir='ltr'>τῶν</span> <span class='ocrx_word' id='word_1_401' title='bbox 3430 2724 3486 2774; x_wconf 91' lang='grc' dir='ltr'><strong><em>ἐν</em></strong></span> <span class='ocrx_word' id='word_1_402' title='bbox 3506 2725 3569 2792; x_wconf 84' lang='grc' dir='ltr'>τῇ</span> <span class='ocrx_word' id='word_1_403' title='bbox 3608 2723 3865 2792; x_wconf 72' lang='grc' dir='ltr'>προτέρα</span> 
     </span>
    </p>
   </div>
   <div class='ocr_carea' id='block_1_57' title="bbox 2269 2813 3862 2885">
    <p class='ocr_par' dir='ltr' id='par_1_57' title="bbox 2269 2813 3862 2885">
     <span class='ocr_line' id='line_1_58' title="bbox 2269 2813 3862 2885; baseline 0 -18"><span class='ocrx_word' id='word_1_404' title='bbox 2269 2814 2576 2884; x_wconf 83' lang='grc' dir='ltr'>παραϐολῇ.</span> <span class='ocrx_word' id='word_1_405' title='bbox 2618 2813 2852 2867; x_wconf 83' lang='grc' dir='ltr'>Ἐκεῖνοι</span> <span class='ocrx_word' id='word_1_406' title='bbox 2881 2815 2980 2883; x_wconf 84' lang='grc' dir='ltr'>μὲν</span> <span class='ocrx_word' id='word_1_407' title='bbox 3011 2815 3118 2885; x_wconf 77' lang='grc' dir='ltr'><strong><em>γὰρ</em></strong></span> <span class='ocrx_word' id='word_1_408' title='bbox 3153 2813 3862 2884; x_wconf 68' lang='grc' dir='ltr'>καρποῦςκάπαιτούμενοι.</span> 
     </span>
    </p>
   </div>
   <div class='ocr_carea' id='block_1_58' title="bbox 2267 2897 3866 2974">
    <p class='ocr_par' dir='ltr' id='par_1_58' title="bbox 2267 2897 3866 2974">
     <span class='ocr_line' id='line_1_59' title="bbox 2267 2897 3866 2974; baseline 0.001 -20"><span class='ocrx_word' id='word_1_409' title='bbox 2267 2904 2568 2970; x_wconf 74' lang='grc' dir='ltr'>ἐφόνευσαν</span> <span class='ocrx_word' id='word_1_410' title='bbox 2604 2907 2732 2966; x_wconf 85' lang='grc' dir='ltr'>τοὺς</span> <span class='ocrx_word' id='word_1_411' title='bbox 2763 2906 3074 2974; x_wconf 85' lang='grc' dir='ltr'>ἀπαιτητάς</span> <span class='ocrx_word' id='word_1_412' title='bbox 3095 2921 3108 2935; x_wconf 78' lang='grc' dir='ltr'><strong>ο</strong></span> <span class='ocrx_word' id='word_1_413' title='bbox 3144 2897 3292 2957; x_wconf 82' lang='grc' dir='ltr'>οῦτοι</span> <span class='ocrx_word' id='word_1_414' title='bbox 3319 2904 3375 2958; x_wconf 87' lang='grc' dir='ltr'>δὲ</span> <span class='ocrx_word' id='word_1_415' title='bbox 3403 2905 3483 2966; x_wconf 90' lang='grc' dir='ltr'><strong><em>είς</em></strong></span> <span class='ocrx_word' id='word_1_416' title='bbox 3514 2905 3731 2972; x_wconf 79' lang='grc' dir='ltr'>γάμους</span> <span class='ocrx_word' id='word_1_417' title='bbox 3757 2921 3866 2956; x_wconf 86' lang='grc' dir='ltr'>κα-</span> 
     </span>
    </p>
   </div>
   <div class='ocr_carea' id='block_1_59' title="bbox 2265 2992 3864 3066">
    <p class='ocr_par' dir='ltr' id='par_1_59' title="bbox 2265 2992 3864 3066">
     <span class='ocr_line' id='line_1_60' title="bbox 2265 2992 3864 3066; baseline 0.001 -21"><span class='ocrx_word' id='word_1_418' title='bbox 2265 2994 2542 3064; x_wconf 86' lang='grc' dir='ltr'>λούμενοι,</span> <span class='ocrx_word' id='word_1_419' title='bbox 2601 2996 2701 3066; x_wconf 84' lang='grc' dir='ltr'><strong><em>τὴν</em></strong></span> <span class='ocrx_word' id='word_1_420' title='bbox 2769 2998 3086 3066; x_wconf 77' lang='grc' dir='ltr'>μιαιφονίαν</span> <span class='ocrx_word' id='word_1_421' title='bbox 3153 2997 3528 3061; x_wconf 79' lang='grc' dir='ltr'>ἐπεδείξαντο·</span> <span class='ocrx_word' id='word_1_422' title='bbox 3577 2992 3864 3066; x_wconf 81' lang='grc' dir='ltr'>ἀνθρώπῳ</span> 
     </span>
    </p>
   </div>
   <div class='ocr_carea' id='block_1_60' title="bbox 2265 3083 3864 3160">
    <p class='ocr_par' dir='ltr' id='par_1_60' title="bbox 2265 3083 3864 3160">
     <span class='ocr_line' id='line_1_61' title="bbox 2265 3083 3864 3160; baseline 0.001 -21"><span class='ocrx_word' id='word_1_423' title='bbox 2265 3083 2357 3139; x_wconf 82' lang='grc' dir='ltr'><strong><em>οῦν</em></strong></span> <span class='ocrx_word' id='word_1_424' title='bbox 2390 3087 2601 3157; x_wconf 84' lang='grc' dir='ltr'>βασιλεῖ</span> <span class='ocrx_word' id='word_1_425' title='bbox 2631 3089 2913 3158; x_wconf 81' lang='grc' dir='ltr'>ὁμοιοῦται</span> <span class='ocrx_word' id='word_1_426' title='bbox 2935 3092 2962 3142; x_wconf 97' lang='lat'><strong><em>6</em></strong></span> <span class='ocrx_word' id='word_1_427' title='bbox 3005 3089 3158 3153; x_wconf 74' lang='grc' dir='ltr'>Θεὸς,</span> <span class='ocrx_word' id='word_1_428' title='bbox 3189 3091 3251 3142; x_wconf 81' lang='grc' dir='ltr'><strong><em>οὐ</em></strong></span> <span class='ocrx_word' id='word_1_429' title='bbox 3298 3091 3408 3160; x_wconf 78' lang='grc' dir='ltr'><strong><em>γὰρ</em></strong></span> <span class='ocrx_word' id='word_1_430' title='bbox 3459 3087 3710 3157; x_wconf 84' lang='grc' dir='ltr'>φαίνεται</span> <span class='ocrx_word' id='word_1_431' title='bbox 3738 3083 3864 3150; x_wconf 82' lang='grc' dir='ltr'>οἷός</span> 
     </span>
    </p>
   </div>
   <div class='ocr_carea' id='block_1_61' title="bbox 585 3175 2158 3260">
    <p class='ocr_par' dir='ltr' id='par_1_61' title="bbox 585 3177 2157 3251">
     <span class='ocr_line' id='line_1_62' title="bbox 585 3177 2157 3251; baseline 0.006 -25"><span class='ocrx_word' id='word_1_432' title='bbox 585 3185 647 3230; x_wconf 90' lang='lat' dir='ltr'><strong><em>ut</em></strong></span> <span class='ocrx_word' id='word_1_433' title='bbox 723 3177 882 3231; x_wconf 89' lang='lat' dir='ltr'><strong><em>homo</em></strong></span> <span class='ocrx_word' id='word_1_434' title='bbox 942 3179 1096 3232; x_wconf 88' lang='lat' dir='ltr'><strong><em>nobis</em></strong></span> <span class='ocrx_word' id='word_1_435' title='bbox 1151 3190 1373 3248; x_wconf 88' lang='lat' dir='ltr'><strong><em>apparet</em></strong></span> <span class='ocrx_word' id='word_1_436' title='bbox 1420 3180 1562 3234; x_wconf 84' lang='lat' dir='ltr'><strong><em>Deus</em></strong></span> <span class='ocrx_word' id='word_1_437' title='bbox 1602 3184 1878 3251; x_wconf 81' lang='lat' dir='ltr'><strong><em>:quando</em></strong></span> <span class='ocrx_word' id='word_1_438' title='bbox 1939 3196 2157 3245; x_wconf 91' lang='lat' dir='ltr'><strong><em>autem,</em></strong></span> 
     </span>
    </p>
   </div>
   <div class='ocr_carea' id='block_1_62' title="bbox 2269 3175 3861 3260">
    <p class='ocr_par' dir='ltr' id='par_1_62' title="bbox 2269 3175 3861 3252">
     <span class='ocr_line' id='line_1_63' title="bbox 2269 3175 3861 3252; baseline 0 -20"><span class='ocrx_word' id='word_1_439' title='bbox 2269 3181 2432 3239; x_wconf 79' lang='grc' dir='ltr'>ἐστιν.</span> <span class='ocrx_word' id='word_1_440' title='bbox 2459 3181 2575 3234; x_wconf 78' lang='grc' dir='ltr'>ἀλλ’</span> <span class='ocrx_word' id='word_1_441' title='bbox 2599 3175 2711 3234; x_wconf 76' lang='grc' dir='ltr'>οἷον</span> <span class='ocrx_word' id='word_1_442' title='bbox 2741 3181 2822 3234; x_wconf 85' lang='grc' dir='ltr'><strong><em>δεῖ</em></strong></span> <span class='ocrx_word' id='word_1_443' title='bbox 2844 3182 2980 3252; x_wconf 86' lang='grc' dir='ltr'>πρὸς</span> <span class='ocrx_word' id='word_1_444' title='bbox 3005 3183 3152 3251; x_wconf 81' lang='grc' dir='ltr'>ἡμᾶς</span> <span class='ocrx_word' id='word_1_445' title='bbox 3195 3181 3505 3250; x_wconf 83' lang='grc' dir='ltr'>φαίνεσθαι.</span> <span class='ocrx_word' id='word_1_446' title='bbox 3540 3181 3713 3234; x_wconf 81' lang='grc' dir='ltr'>Ὅταν</span> <span class='ocrx_word' id='word_1_447' title='bbox 3753 3181 3861 3250; x_wconf 82' lang='grc' dir='ltr'>μὲν</span> 
     </span>
    </p>
   </div>
   <div class='ocr_carea' id='block_1_63' title="bbox 583 3269 2157 3347">
    <p class='ocr_par' dir='ltr' id='par_1_63' title="bbox 583 3269 2157 3347">
     <span class='ocr_line' id='line_1_64' title="bbox 583 3269 2157 3347; baseline 0.007 -27"><span class='ocrx_word' id='word_1_448' title='bbox 583 3278 644 3322; x_wconf 86' lang='lat' dir='ltr'><strong><em>ut</em></strong></span> <span class='ocrx_word' id='word_1_449' title='bbox 697 3269 767 3320; x_wconf 88' lang='lat' dir='ltr'><strong><em>dii</em></strong></span> <span class='ocrx_word' id='word_1_450' title='bbox 811 3270 1184 3337; x_wconf 86' lang='lat' dir='ltr'><strong><em>ambulamus,</em></strong></span> <span class='ocrx_word' id='word_1_451' title='bbox 1230 3283 1358 3326; x_wconf 88' lang='lat' dir='ltr'><strong><em>tunc</em></strong></span> <span class='ocrx_word' id='word_1_452' title='bbox 1400 3280 1510 3327; x_wconf 85' lang='lat' dir='ltr'><strong><em>stat</em></strong></span> <span class='ocrx_word' id='word_1_453' title='bbox 1568 3273 1712 3328; x_wconf 88' lang='lat' dir='ltr'><strong><em>.Deus</em></strong></span> <span class='ocrx_word' id='word_1_454' title='bbox 1771 3275 1824 3328; x_wconf 91' lang='lat' dir='ltr'><strong><em>in</em></strong></span> <span class='ocrx_word' id='word_1_455' title='bbox 1880 3291 2157 3347; x_wconf 79' lang='lat' dir='ltr'><strong><em>synagoga</em></strong></span> 
     </span>
    </p>
   </div>
   <div class='ocr_carea' id='block_1_64' title="bbox 587 3361 2159 3436">
    <p class='ocr_par' dir='ltr' id='par_1_64' title="bbox 587 3361 2159 3436">
     <span class='ocr_line' id='line_1_65' title="bbox 587 3361 2159 3436; baseline 0.007 -23"><span class='ocrx_word' id='word_1_456' title='bbox 587 3361 755 3430; x_wconf 73' lang='grc'><strong><em>117·</em></strong></span> <span class='ocrx_word' id='word_1_457' title='bbox 781 3362 1002 3417; x_wconf 89' lang='lat' dir='ltr'><strong><em>deorum</em></strong></span> <span class='ocrx_word' id='word_1_458' title='bbox 1038 3364 1080 3394; x_wconf 84' lang='lat'><strong>&quot;</strong></span> <span class='ocrx_word' id='word_1_459' title='bbox 1112 3382 1126 3420; x_wconf 88' lang='lat'><strong>:</strong></span> <span class='ocrx_word' id='word_1_460' title='bbox 1161 3366 1302 3420; x_wconf 85' lang='lat' dir='ltr'><strong><em>sicut</em></strong></span> <span class='ocrx_word' id='word_1_461' title='bbox 1332 3376 1386 3420; x_wconf 88' lang='lat' dir='ltr'><strong><em>et</em></strong></span> <span class='ocrx_word' id='word_1_462' title='bbox 1426 3368 1638 3436; x_wconf 83' lang='lat' dir='ltr'><strong><em>quando</em></strong></span> <span class='ocrx_word' id='word_1_463' title='bbox 1666 3367 1901 3421; x_wconf 83' lang='lat' dir='ltr'><strong><em>ferarum</em></strong></span> <span class='ocrx_word' id='word_1_464' title='bbox 1934 3379 2159 3424; x_wconf 81' lang='lat' dir='ltr'><strong><em>naturas</em></strong></span> 
     </span>
    </p>
   </div>
   <div class='ocr_carea' id='block_1_65' title="bbox 583 3454 2161 3526">
    <p class='ocr_par' dir='ltr' id='par_1_65' title="bbox 583 3454 2161 3526">
     <span class='ocr_line' id='line_1_66' title="bbox 583 3454 2161 3526; baseline 0.007 -22"><span class='ocrx_word' id='word_1_465' title='bbox 583 3454 938 3517; x_wconf 86' lang='lat' dir='ltr'><strong><em>assumimus,</em></strong></span> <span class='ocrx_word' id='word_1_466' title='bbox 976 3455 1036 3509; x_wconf 87' lang='lat' dir='ltr'><strong><em>ﬁt</em></strong></span> <span class='ocrx_word' id='word_1_467' title='bbox 1073 3466 1124 3510; x_wconf 88' lang='lat' dir='ltr'><strong><em>et</em></strong></span> <span class='ocrx_word' id='word_1_468' title='bbox 1161 3457 1250 3512; x_wconf 91' lang='lat' dir='ltr'><strong><em>ille</em></strong></span> <span class='ocrx_word' id='word_1_469' title='bbox 1279 3459 1436 3512; x_wconf 85' lang='lat' dir='ltr'><strong><em>nobis</em></strong></span> <span class='ocrx_word' id='word_1_470' title='bbox 1471 3457 1753 3526; x_wconf 86' lang='lat' dir='ltr'><strong><em>panthera,</em></strong></span> <span class='ocrx_word' id='word_1_471' title='bbox 1789 3472 1840 3514; x_wconf 89' lang='lat' dir='ltr'><strong><em>et</em></strong></span> <span class='ocrx_word' id='word_1_472' title='bbox 1878 3477 2060 3522; x_wconf 77' lang='lat' dir='ltr'><strong><em>ursus.</em></strong></span> <span class='ocrx_word' id='word_1_473' title='bbox 2104 3470 2161 3517; x_wconf 89' lang='lat' dir='ltr'><strong><em>et</em></strong></span> 
     </span>
    </p>
   </div>
   <div class='ocr_carea' id='block_1_66' title="bbox 583 3541 2155 3618">
    <p class='ocr_par' dir='ltr' id='par_1_66' title="bbox 583 3541 2155 3618">
     <span class='ocr_line' id='line_1_67' title="bbox 583 3541 2155 3618; baseline 0.006 -23"><span class='ocrx_word' id='word_1_474' title='bbox 583 3541 688 3596; x_wconf 89' lang='lat' dir='ltr'><strong><em>leo.</em></strong></span> <span class='ocrx_word' id='word_1_475' title='bbox 721 3542 871 3597; x_wconf 83' lang='lat' dir='ltr'><strong><em>Facit</em></strong></span> <span class='ocrx_word' id='word_1_476' title='bbox 916 3553 1092 3598; x_wconf 91' lang='lat' dir='ltr'><strong><em>autem</em></strong></span> <span class='ocrx_word' id='word_1_477' title='bbox 1149 3549 1366 3615; x_wconf 79' lang='lat' dir='ltr'><strong><em>nuptias</em></strong></span> <span class='ocrx_word' id='word_1_478' title='bbox 1401 3545 1537 3600; x_wconf 85' lang='lat' dir='ltr'><strong><em>Filio</em></strong></span> <span class='ocrx_word' id='word_1_479' title='bbox 1586 3563 1683 3604; x_wconf 80' lang='lat' dir='ltr'><strong><em>Suo</em></strong></span> <span class='ocrx_word' id='word_1_480' title='bbox 1731 3551 1986 3618; x_wconf 90' lang='lat' dir='ltr'><strong><em>copulans</em></strong></span> <span class='ocrx_word' id='word_1_481' title='bbox 2034 3568 2155 3605; x_wconf 88' lang='lat' dir='ltr'><strong><em>eum</em></strong></span> 
     </span>
    </p>
   </div>
   <div class='ocr_carea' id='block_1_67' title="bbox 576 3633 2156 3710">
    <p class='ocr_par' dir='ltr' id='par_1_67' title="bbox 576 3633 2156 3710">
     <span class='ocr_line' id='line_1_68' title="bbox 576 3633 2156 3710; baseline 0.008 -25"><span class='ocrx_word' id='word_1_482' title='bbox 576 3633 728 3686; x_wconf 63' lang='lat' dir='ltr'><strong><em>&quot;omni</em></strong></span> <span class='ocrx_word' id='word_1_483' title='bbox 785 3633 1039 3690; x_wconf 66' lang='lat' dir='ltr'><strong><em>formosas</em></strong></span> <span class='ocrx_word' id='word_1_484' title='bbox 1100 3639 1312 3691; x_wconf 65' lang='lat' dir='ltr'><strong><em>animae.</em></strong></span> <span class='ocrx_word' id='word_1_485' title='bbox 1377 3637 1620 3707; x_wconf 81' lang='lat' dir='ltr'><strong><em>Sponsus</em></strong></span> <span class='ocrx_word' id='word_1_486' title='bbox 1677 3642 1821 3694; x_wconf 86' lang='lat' dir='ltr'><strong><em>enim</em></strong></span> <span class='ocrx_word' id='word_1_487' title='bbox 1881 3643 2156 3710; x_wconf 79' lang='lat' dir='ltr'><strong><em>Christus,</em></strong></span> 
     </span>
    </p>
   </div>
   <div class='ocr_carea' id='block_1_68' title="bbox 583 3723 2158 3804">
    <p class='ocr_par' dir='ltr' id='par_1_68' title="bbox 583 3723 2158 3804">
     <span class='ocr_line' id='line_1_69' title="bbox 583 3723 2158 3804; baseline 0.008 -26"><span class='ocrx_word' id='word_1_488' title='bbox 583 3723 793 3790; x_wconf 85' lang='lat' dir='ltr'><strong><em>Sponsa</em></strong></span> <span class='ocrx_word' id='word_1_489' title='bbox 841 3737 1019 3780; x_wconf 81' lang='lat' dir='ltr'><strong><em>autem</em></strong></span> <span class='ocrx_word' id='word_1_490' title='bbox 1058 3727 1297 3784; x_wconf 86' lang='lat' dir='ltr'><strong><em>Ecclesia</em></strong></span> <span class='ocrx_word' id='word_1_491' title='bbox 1349 3740 1403 3785; x_wconf 90' lang='lat' dir='ltr'><strong><em>et</em></strong></span> <span class='ocrx_word' id='word_1_492' title='bbox 1437 3733 1640 3786; x_wconf 87' lang='lat' dir='ltr'><strong><em>anima.</em></strong></span> <span class='ocrx_word' id='word_1_493' title='bbox 1687 3733 1838 3787; x_wconf 86' lang='lat' dir='ltr'><strong><em>Servi</em></strong></span> <span class='ocrx_word' id='word_1_494' title='bbox 1884 3750 2012 3788; x_wconf 84' lang='lat' dir='ltr'><strong><em>vero</em></strong></span> <span class='ocrx_word' id='word_1_495' title='bbox 2044 3737 2158 3804; x_wconf 88' lang='lat' dir='ltr'><strong><em>pri-</em></strong></span> 
     </span>
    </p>
   </div>
   <div class='ocr_carea' id='block_1_69' title="bbox 581 3820 2159 3892">
    <p class='ocr_par' dir='ltr' id='par_1_69' title="bbox 581 3820 2159 3892">
     <span class='ocr_line' id='line_1_70' title="bbox 581 3820 2159 3892; baseline 0.008 -22"><span class='ocrx_word' id='word_1_496' title='bbox 581 3835 730 3872; x_wconf 87' lang='lat' dir='ltr'><strong><em>nmm</em></strong></span> <span class='ocrx_word' id='word_1_497' title='bbox 764 3821 934 3884; x_wconf 81' lang='lat' dir='ltr'><strong><em>missi,</em></strong></span> <span class='ocrx_word' id='word_1_498' title='bbox 972 3820 1146 3877; x_wconf 82' lang='lat' dir='ltr'><strong><em>Moses</em></strong></span> <span class='ocrx_word' id='word_1_499' title='bbox 1186 3833 1238 3877; x_wconf 90' lang='lat' dir='ltr'><strong><em>et</em></strong></span> <span class='ocrx_word' id='word_1_500' title='bbox 1285 3824 1396 3888; x_wconf 91' lang='lat' dir='ltr'><strong><em>alii,</em></strong></span> <span class='ocrx_word' id='word_1_501' title='bbox 1433 3825 1632 3892; x_wconf 87' lang='lat' dir='ltr'><strong><em>quibus</em></strong></span> <span class='ocrx_word' id='word_1_502' title='bbox 1673 3841 1779 3880; x_wconf 91' lang='lat' dir='ltr'><strong><em>non</em></strong></span> <span class='ocrx_word' id='word_1_503' title='bbox 1812 3827 2159 3883; x_wconf 86' lang='lat' dir='ltr'><strong><em>crediderunt</em></strong></span> 
     </span>
    </p>
   </div>
   <div class='ocr_carea' id='block_1_70' title="bbox 581 3910 2157 3988">
    <p class='ocr_par' dir='ltr' id='par_1_70' title="bbox 581 3910 2157 3988">
     <span class='ocr_line' id='line_1_71' title="bbox 581 3910 2157 3988; baseline 0.005 -22"><span class='ocrx_word' id='word_1_504' title='bbox 581 3910 815 3976; x_wconf 69' lang='lat' dir='ltr'><strong><em>Hebraei,</em></strong></span> <span class='ocrx_word' id='word_1_505' title='bbox 848 3915 940 3966; x_wconf 83' lang='lat' dir='ltr'><strong><em>sed</em></strong></span> <span class='ocrx_word' id='word_1_506' title='bbox 974 3925 1436 3982; x_wconf 78' lang='lat' dir='ltr'><strong><em>exasperavernnt</em></strong></span> <span class='ocrx_word' id='word_1_507' title='bbox 1473 3917 1634 3970; x_wconf 88' lang='lat' dir='ltr'><strong><em>Demn</em></strong></span> <span class='ocrx_word' id='word_1_508' title='bbox 1679 3919 1730 3971; x_wconf 92' lang='lat' dir='ltr'><strong><em>in</em></strong></span> <span class='ocrx_word' id='word_1_509' title='bbox 1775 3919 1992 3973; x_wconf 79' lang='lat' dir='ltr'><strong><em>deserto</em></strong></span> <span class='ocrx_word' id='word_1_510' title='bbox 2022 3935 2157 3988; x_wconf 90' lang='lat' dir='ltr'><strong><em>qua-</em></strong></span> 
     </span>
    </p>
   </div>
   <div class='ocr_carea' id='block_1_71' title="bbox 579 4001 2154 4069">
    <p class='ocr_par' dir='ltr' id='par_1_71' title="bbox 579 4001 2154 4069">
     <span class='ocr_line' id='line_1_72' title="bbox 579 4001 2154 4069; baseline 0.007 -13"><span class='ocrx_word' id='word_1_511' title='bbox 579 4001 830 4069; x_wconf 71' lang='lat' dir='ltr'><strong><em>draginta</em></strong></span> <span class='ocrx_word' id='word_1_512' title='bbox 865 4003 1041 4068; x_wconf 89' lang='lat' dir='ltr'><strong><em>annis,</em></strong></span> <span class='ocrx_word' id='word_1_513' title='bbox 1072 4015 1124 4058; x_wconf 90' lang='lat' dir='ltr'><strong><em>et</em></strong></span> <span class='ocrx_word' id='word_1_514' title='bbox 1159 4007 1449 4059; x_wconf 89' lang='lat' dir='ltr'><strong><em>noluerunt</em></strong></span> <span class='ocrx_word' id='word_1_515' title='bbox 1481 4023 1787 4063; x_wconf 77' lang='lat' dir='ltr'><strong><em>sermobem</em></strong></span> <span class='ocrx_word' id='word_1_516' title='bbox 1817 4011 1908 4063; x_wconf 87' lang='lat' dir='ltr'><strong><em>Dei</em></strong></span> <span class='ocrx_word' id='word_1_517' title='bbox 1943 4020 1992 4064; x_wconf 91' lang='lat' dir='ltr'><strong><em>et</em></strong></span> <span class='ocrx_word' id='word_1_518' title='bbox 2024 4015 2154 4066; x_wconf 87' lang='lat' dir='ltr'><strong><em>cha-</em></strong></span> 
     </span>
    </p>
   </div>
   <div class='ocr_carea' id='block_1_72' title="bbox 580 4093 2157 4164">
    <p class='ocr_par' dir='ltr' id='par_1_72' title="bbox 580 4093 2157 4164">
     <span class='ocr_line' id='line_1_73' title="bbox 580 4093 2157 4164; baseline 0.007 -18"><span class='ocrx_word' id='word_1_519' title='bbox 580 4093 795 4147; x_wconf 89' lang='lat' dir='ltr'><strong><em>ritatem</em></strong></span> <span class='ocrx_word' id='word_1_520' title='bbox 828 4095 1100 4163; x_wconf 86' lang='lat' dir='ltr'><strong><em>suscipere</em></strong></span> <span class='ocrx_word' id='word_1_521' title='bbox 1151 4097 1512 4164; x_wconf 90' lang='lat' dir='ltr'><strong><em>spiritualem.</em></strong></span> <span class='ocrx_word' id='word_1_522' title='bbox 1567 4099 1767 4153; x_wconf 87' lang='lat' dir='ltr'><strong><em>Deinde</em></strong></span> <span class='ocrx_word' id='word_1_523' title='bbox 1818 4103 1968 4156; x_wconf 88' lang='lat' dir='ltr'><strong><em>missi</em></strong></span> <span class='ocrx_word' id='word_1_524' title='bbox 2032 4115 2157 4157; x_wconf 92' lang='lat' dir='ltr'><strong><em>sunt</em></strong></span> 
     </span>
    </p>
   </div>
   <div class='ocr_carea' id='block_1_73' title="bbox 577 4185 2158 4258">
    <p class='ocr_par' dir='ltr' id='par_1_73' title="bbox 577 4185 2158 4258">
     <span class='ocr_line' id='line_1_74' title="bbox 577 4185 2158 4258; baseline 0.007 -20"><span class='ocrx_word' id='word_1_525' title='bbox 577 4185 720 4239; x_wconf 71' lang='lat' dir='ltr'><strong><em>servi</em></strong></span> <span class='ocrx_word' id='word_1_526' title='bbox 749 4185 860 4245; x_wconf 83' lang='lat' dir='ltr'><strong><em>alii,</em></strong></span> <span class='ocrx_word' id='word_1_527' title='bbox 895 4192 1172 4253; x_wconf 69' lang='lat' dir='ltr'><strong><em>prophetas</em></strong></span> <span class='ocrx_word' id='word_1_528' title='bbox 1208 4204 1220 4240; x_wconf 93' lang='lat'>:</span> <span class='ocrx_word' id='word_1_529' title='bbox 1254 4189 1346 4240; x_wconf 87' lang='lat' dir='ltr'><strong><em>sed</em></strong></span> <span class='ocrx_word' id='word_1_530' title='bbox 1383 4199 1438 4242; x_wconf 91' lang='lat' dir='ltr'><strong><em>et</em></strong></span> <span class='ocrx_word' id='word_1_531' title='bbox 1470 4189 1683 4243; x_wconf 87' lang='lat' dir='ltr'><strong><em>illorum</em></strong></span> <span class='ocrx_word' id='word_1_532' title='bbox 1724 4195 1982 4258; x_wconf 76' lang='lat' dir='ltr'><strong><em>quosdam</em></strong></span> <span class='ocrx_word' id='word_1_533' title='bbox 2013 4197 2158 4249; x_wconf 83' lang='lat' dir='ltr'><strong><em>occi-</em></strong></span> 
     </span>
    </p>
   </div>
   <div class='ocr_carea' id='block_1_74' title="bbox 580 4276 2154 4353">
    <p class='ocr_par' dir='ltr' id='par_1_74' title="bbox 580 4276 2154 4353">
     <span class='ocr_line' id='line_1_75' title="bbox 580 4276 2154 4353; baseline 0.008 -23"><span class='ocrx_word' id='word_1_534' title='bbox 580 4279 795 4338; x_wconf 88' lang='lat' dir='ltr'><strong><em>derunt,</em></strong></span> <span class='ocrx_word' id='word_1_535' title='bbox 820 4289 876 4330; x_wconf 90' lang='lat' dir='ltr'><strong><em>ut</em></strong></span> <span class='ocrx_word' id='word_1_536' title='bbox 909 4276 1097 4330; x_wconf 86' lang='lat' dir='ltr'><strong><em>Isaiam</em></strong></span> <span class='ocrx_word' id='word_1_537' title='bbox 1131 4294 1144 4333; x_wconf 92' lang='lat'><strong>:</strong></span> <span class='ocrx_word' id='word_1_538' title='bbox 1179 4281 1437 4346; x_wconf 84' lang='lat' dir='ltr'><strong><em>quosdam</em></strong></span> <span class='ocrx_word' id='word_1_539' title='bbox 1472 4284 1814 4338; x_wconf 88' lang='lat' dir='ltr'><strong><em>contumeliis</em></strong></span> <span class='ocrx_word' id='word_1_540' title='bbox 1837 4286 2154 4353; x_wconf 70' lang='lat' dir='ltr'><strong><em>affecerunt,</em></strong></span> 
     </span>
    </p>
   </div>
   <div class='ocr_carea' id='block_1_75' title="bbox 580 4367 2156 4444">
    <p class='ocr_par' dir='ltr' id='par_1_75' title="bbox 580 4367 2156 4444">
     <span class='ocr_line' id='line_1_76' title="bbox 580 4367 2156 4444; baseline 0.007 -23"><span class='ocrx_word' id='word_1_541' title='bbox 580 4379 638 4421; x_wconf 90' lang='lat' dir='ltr'><strong><em>ut</em></strong></span> <span class='ocrx_word' id='word_1_542' title='bbox 665 4367 979 4433; x_wconf 81' lang='lat' dir='ltr'><strong><em>Jeremiam,</em></strong></span> <span class='ocrx_word' id='word_1_543' title='bbox 1019 4384 1177 4436; x_wconf 89' lang='lat' dir='ltr'><strong><em>quem</em></strong></span> <span class='ocrx_word' id='word_1_544' title='bbox 1221 4370 1271 4422; x_wconf 92' lang='lat' dir='ltr'><strong><em>in</em></strong></span> <span class='ocrx_word' id='word_1_545' title='bbox 1319 4370 1492 4425; x_wconf 88' lang='lat' dir='ltr'><strong><em>lacum</em></strong></span> <span class='ocrx_word' id='word_1_546' title='bbox 1531 4373 1624 4426; x_wconf 89' lang='lat' dir='ltr'><strong><em>luti</em></strong></span> <span class='ocrx_word' id='word_1_547' title='bbox 1659 4374 1978 4441; x_wconf 87' lang='lat' dir='ltr'><strong><em>injecerunt.</em></strong></span> <span class='ocrx_word' id='word_1_548' title='bbox 2025 4378 2156 4444; x_wconf 85' lang='lat' dir='ltr'><strong><em>Qui-</em></strong></span> 
     </span>
    </p>
   </div>
   <div class='ocr_carea' id='block_1_76' title="bbox 577 4459 2150 4534">
    <p class='ocr_par' dir='ltr' id='par_1_76' title="bbox 577 4459 2150 4534">
     <span class='ocr_line' id='line_1_77' title="bbox 577 4459 2150 4534; baseline 0.008 -22"><span class='ocrx_word' id='word_1_549' title='bbox 577 4460 702 4512; x_wconf 62' lang='lat' dir='ltr'><strong><em>dam</em></strong></span> <span class='ocrx_word' id='word_1_550' title='bbox 735 4468 912 4512; x_wconf 89' lang='lat' dir='ltr'><strong><em>autem</em></strong></span> <span class='ocrx_word' id='word_1_551' title='bbox 945 4459 1124 4513; x_wconf 90' lang='lat' dir='ltr'><strong><em>minus</em></strong></span> <span class='ocrx_word' id='word_1_552' title='bbox 1160 4460 1307 4522; x_wconf 86' lang='lat' dir='ltr'><strong><em>mali,</em></strong></span> <span class='ocrx_word' id='word_1_553' title='bbox 1341 4461 1440 4514; x_wconf 90' lang='lat' dir='ltr'><strong><em>sibi</em></strong></span> <span class='ocrx_word' id='word_1_554' title='bbox 1475 4464 1543 4516; x_wconf 89' lang='lat' dir='ltr'><strong><em>ab</em></strong></span> <span class='ocrx_word' id='word_1_555' title='bbox 1582 4464 1886 4534; x_wconf 71' lang='lat' dir='ltr'><strong><em>huiusmodi</em></strong></span> <span class='ocrx_word' id='word_1_556' title='bbox 1939 4468 2150 4534; x_wconf 89' lang='lat' dir='ltr'><strong><em>injuriis</em></strong></span> 
     </span>
    </p>
   </div>
   <div class='ocr_carea' id='block_1_77' title="bbox 2264 3264 3861 3343">
    <p class='ocr_par' dir='ltr' id='par_1_77' title="bbox 2264 3264 3861 3343">
     <span class='ocr_line' id='line_1_78' title="bbox 2264 3264 3861 3343; baseline 0.004 -23"><span class='ocrx_word' id='word_1_557' title='bbox 2264 3264 2358 3321; x_wconf 75' lang='grc' dir='ltr'><strong><em>οὖν</em></strong></span> <span class='ocrx_word' id='word_1_558' title='bbox 2391 3271 2466 3333; x_wconf 86' lang='grc' dir='ltr'><strong><em>ὡς</em></strong></span> <span class='ocrx_word' id='word_1_559' title='bbox 2495 3272 2773 3340; x_wconf 76' lang='grc' dir='ltr'>ἄνθρωποι</span> <span class='ocrx_word' id='word_1_560' title='bbox 2807 3272 3269 3343; x_wconf 79' lang='grc' dir='ltr'>ἀποθνήσκωμεν,</span> <span class='ocrx_word' id='word_1_561' title='bbox 3310 3275 3425 3335; x_wconf 82' lang='grc' dir='ltr'>τοῖς</span> <span class='ocrx_word' id='word_1_562' title='bbox 3483 3270 3861 3343; x_wconf 82' lang='grc' dir='ltr'>ἀνθρωπίνοις</span> 
     </span>
    </p>
   </div>
   <div class='ocr_carea' id='block_1_78' title="bbox 2264 3360 3862 3433">
    <p class='ocr_par' dir='ltr' id='par_1_78' title="bbox 2264 3360 3862 3433">
     <span class='ocr_line' id='line_1_79' title="bbox 2264 3360 3862 3433; baseline 0.002 -21"><span class='ocrx_word' id='word_1_563' title='bbox 2264 3360 2641 3430; x_wconf 79' lang='grc' dir='ltr'>ἐλαττώμασιν</span> <span class='ocrx_word' id='word_1_564' title='bbox 2681 3363 3056 3433; x_wconf 81' lang='grc' dir='ltr'>ὑποκείμενοι,</span> <span class='ocrx_word' id='word_1_565' title='bbox 3111 3363 3187 3426; x_wconf 85' lang='grc' dir='ltr'>ὡς</span> <span class='ocrx_word' id='word_1_566' title='bbox 3251 3360 3539 3433; x_wconf 77' lang='grc' dir='ltr'>ἄνθρωπος</span> <span class='ocrx_word' id='word_1_567' title='bbox 3599 3361 3862 3431; x_wconf 84' lang='grc' dir='ltr'>φαίνεται</span> 
     </span>
    </p>
   </div>
   <div class='ocr_carea' id='block_1_79' title="bbox 2264 3453 3860 3526">
    <p class='ocr_par' dir='ltr' id='par_1_79' title="bbox 2264 3453 3860 3526">
     <span class='ocr_line' id='line_1_80' title="bbox 2264 3453 3860 3526; baseline 0.002 -22"><span class='ocrx_word' id='word_1_568' title='bbox 2264 3454 2395 3522; x_wconf 86' lang='grc' dir='ltr'>ήμίν</span> <span class='ocrx_word' id='word_1_569' title='bbox 2427 3454 2454 3504; x_wconf 88' lang='lat'><strong><em>6</em></strong></span> <span class='ocrx_word' id='word_1_570' title='bbox 2493 3454 2662 3516; x_wconf 77' lang='grc' dir='ltr'>Θεόςο</span> <span class='ocrx_word' id='word_1_571' title='bbox 2698 3454 2827 3507; x_wconf 82' lang='grc' dir='ltr'>ὅταν</span> <span class='ocrx_word' id='word_1_572' title='bbox 2881 3455 2938 3507; x_wconf 84' lang='grc' dir='ltr'><strong><em>δέ</em></strong></span> <span class='ocrx_word' id='word_1_573' title='bbox 2975 3453 3052 3518; x_wconf 84' lang='grc' dir='ltr'>ὡς</span> <span class='ocrx_word' id='word_1_574' title='bbox 3103 3455 3220 3508; x_wconf 72' lang='grc' dir='ltr'>θεοὶ</span> <span class='ocrx_word' id='word_1_575' title='bbox 3264 3454 3696 3526; x_wconf 81' lang='grc' dir='ltr'>περιπατῶμεν,</span> <span class='ocrx_word' id='word_1_576' title='bbox 3757 3455 3860 3507; x_wconf 86' lang='grc' dir='ltr'><strong><em>τό·-</em></strong></span> 
     </span>
    </p>
   </div>
   <div class='ocr_carea' id='block_1_80' title="bbox 2261 3546 3861 3619">
    <p class='ocr_par' dir='ltr' id='par_1_80' title="bbox 2261 3546 3861 3619">
     <span class='ocr_line' id='line_1_81' title="bbox 2261 3546 3861 3619; baseline -0.001 -21"><span class='ocrx_word' id='word_1_577' title='bbox 2261 3563 2320 3598; x_wconf 86' lang='grc' dir='ltr'><strong><em>τε</em></strong></span> <span class='ocrx_word' id='word_1_578' title='bbox 2370 3547 2582 3598; x_wconf 81' lang='grc' dir='ltr'>ἵσταται</span> <span class='ocrx_word' id='word_1_579' title='bbox 2643 3549 2670 3599; x_wconf 89' lang='lat'><strong><em>6</em></strong></span> <span class='ocrx_word' id='word_1_580' title='bbox 2720 3547 2852 3610; x_wconf 78' lang='grc' dir='ltr'>Θεὸς</span> <span class='ocrx_word' id='word_1_581' title='bbox 2913 3547 2971 3599; x_wconf 84' lang='grc' dir='ltr'><strong><em>ἐν</em></strong></span> <span class='ocrx_word' id='word_1_582' title='bbox 3041 3549 3337 3615; x_wconf 80' lang='grc' dir='ltr'>συναγωγῇ</span> <span class='ocrx_word' id='word_1_583' title='bbox 3393 3546 3566 3600; x_wconf 84' lang='grc' dir='ltr'>Θεῶν.</span> <span class='ocrx_word' id='word_1_584' title='bbox 3629 3547 3861 3619; x_wconf 81' lang='grc' dir='ltr'>Ὠσπερ</span> 
     </span>
    </p>
   </div>
   <div class='ocr_carea' id='block_1_81' title="bbox 2261 3636 3863 3712">
    <p class='ocr_par' dir='ltr' id='par_1_81' title="bbox 2261 3636 3863 3712">
     <span class='ocr_line' id='line_1_82' title="bbox 2261 3636 3863 3712; baseline 0 -20"><span class='ocrx_word' id='word_1_585' title='bbox 2261 3636 2354 3692; x_wconf 73' lang='grc' dir='ltr'><strong><em>οῦν</em></strong></span> <span class='ocrx_word' id='word_1_586' title='bbox 2389 3642 2480 3693; x_wconf 77' lang='grc' dir='ltr'><strong><em>καὶ</em></strong></span> <span class='ocrx_word' id='word_1_587' title='bbox 2514 3641 2645 3694; x_wconf 83' lang='grc' dir='ltr'>ὅταν</span> <span class='ocrx_word' id='word_1_588' title='bbox 2676 3641 2750 3704; x_wconf 82' lang='grc' dir='ltr'>ὡς</span> <span class='ocrx_word' id='word_1_589' title='bbox 2808 3642 2970 3712; x_wconf 85' lang='grc' dir='ltr'>θηρία</span> <span class='ocrx_word' id='word_1_590' title='bbox 3013 3641 3218 3708; x_wconf 79' lang='grc' dir='ltr'>ζῶμεν,</span> <span class='ocrx_word' id='word_1_591' title='bbox 3277 3642 3507 3709; x_wconf 57' lang='grc' dir='ltr'>γίνεται»</span> <span class='ocrx_word' id='word_1_592' title='bbox 3550 3640 3645 3694; x_wconf 66' lang='grc' dir='ltr'><strong><em>καλ⁸</em></strong></span> <span class='ocrx_word' id='word_1_593' title='bbox 3701 3642 3863 3692; x_wconf 76' lang='grc' dir='ltr'>ἐκεῖ-</span> 
     </span>
    </p>
   </div>
   <div class='ocr_carea' id='block_1_82' title="bbox 2262 3731 3861 3803">
    <p class='ocr_par' dir='ltr' id='par_1_82' title="bbox 2262 3731 3861 3803">
     <span class='ocr_line' id='line_1_83' title="bbox 2262 3731 3861 3803; baseline 0.002 -21"><span class='ocrx_word' id='word_1_594' title='bbox 2262 3749 2349 3794; x_wconf 86' lang='grc' dir='ltr'><strong><em>νος</em></strong></span> <span class='ocrx_word' id='word_1_595' title='bbox 2398 3735 2530 3801; x_wconf 76' lang='grc' dir='ltr'>ἡμῖν</span> <span class='ocrx_word' id='word_1_596' title='bbox 2593 3732 2829 3803; x_wconf 81' lang='grc' dir='ltr'>πάνθηρ,</span> <span class='ocrx_word' id='word_1_597' title='bbox 2893 3733 2989 3785; x_wconf 80' lang='grc' dir='ltr'>καὶ</span> <span class='ocrx_word' id='word_1_598' title='bbox 3024 3733 3242 3802; x_wconf 76' lang='grc' dir='ltr'>ἄρκτος,</span> <span class='ocrx_word' id='word_1_599' title='bbox 3282 3735 3376 3785; x_wconf 74' lang='grc' dir='ltr'>καὶ</span> <span class='ocrx_word' id='word_1_600' title='bbox 3403 3733 3539 3786; x_wconf 82' lang='grc' dir='ltr'>λέων</span> <span class='ocrx_word' id='word_1_601' title='bbox 3565 3747 3580 3762; x_wconf 85' lang='grc'><em>’</em></span> <span class='ocrx_word' id='word_1_602' title='bbox 3617 3733 3762 3784; x_wconf 86' lang='grc' dir='ltr'>ποιεῖ</span> <span class='ocrx_word' id='word_1_603' title='bbox 3795 3731 3861 3785; x_wconf 78' lang='grc' dir='ltr'>δὲ</span> 
     </span>
    </p>
   </div>
   <div class='ocr_carea' id='block_1_83' title="bbox 2260 3823 3856 3894">
    <p class='ocr_par' dir='ltr' id='par_1_83' title="bbox 2260 3823 3856 3894">
     <span class='ocr_line' id='line_1_84' title="bbox 2260 3823 3856 3894; baseline 0.001 -20"><span class='ocrx_word' id='word_1_604' title='bbox 2260 3824 2435 3891; x_wconf 79' lang='grc' dir='ltr'>γάμον</span> <span class='ocrx_word' id='word_1_605' title='bbox 2488 3824 2565 3893; x_wconf 74' lang='grc' dir='ltr'>τῷ</span> <span class='ocrx_word' id='word_1_606' title='bbox 2609 3824 2723 3893; x_wconf 74' lang='grc' dir='ltr'><strong><em>Υἱῷ</em></strong></span> <span class='ocrx_word' id='word_1_607' title='bbox 2791 3826 2958 3877; x_wconf 71' lang='grc' dir='ltr'>αὐτοῦ</span> <span class='ocrx_word' id='word_1_608' title='bbox 3000 3866 3014 3889; x_wconf 92' lang='grc'><strong><em>,</em></strong></span> <span class='ocrx_word' id='word_1_609' title='bbox 3073 3825 3366 3878; x_wconf 81' lang='grc' dir='ltr'>συνάπτων</span> <span class='ocrx_word' id='word_1_610' title='bbox 3460 3823 3625 3878; x_wconf 77' lang='grc' dir='ltr'>αὐτὸν</span> <span class='ocrx_word' id='word_1_611' title='bbox 3693 3824 3856 3894; x_wconf 81' lang='grc' dir='ltr'>πάσῃ</span> 
     </span>
    </p>
   </div>
   <div class='ocr_carea' id='block_1_84' title="bbox 2259 3915 3853 3986">
    <p class='ocr_par' dir='ltr' id='par_1_84' title="bbox 2259 3915 3853 3986">
     <span class='ocr_line' id='line_1_85' title="bbox 2259 3915 3853 3986; baseline 0 -19"><span class='ocrx_word' id='word_1_612' title='bbox 2259 3916 2404 3986; x_wconf 80' lang='grc' dir='ltr'>ψυχῇ</span> <span class='ocrx_word' id='word_1_613' title='bbox 2458 3916 2657 3986; x_wconf 76' lang='grc' dir='ltr'>ὡραία.</span> <span class='ocrx_word' id='word_1_614' title='bbox 2717 3917 2966 3985; x_wconf 86' lang='grc' dir='ltr'>Νυμφίος</span> <span class='ocrx_word' id='word_1_615' title='bbox 2999 3917 3156 3986; x_wconf 87' lang='grc' dir='ltr'><strong><em>γάρὸ</em></strong></span> <span class='ocrx_word' id='word_1_616' title='bbox 3212 3917 3467 3984; x_wconf 81' lang='grc' dir='ltr'>Χριστὸς,</span> <span class='ocrx_word' id='word_1_617' title='bbox 3515 3916 3701 3982; x_wconf 79' lang='grc' dir='ltr'>νύμφη</span> <span class='ocrx_word' id='word_1_618' title='bbox 3726 3915 3786 3968; x_wconf 79' lang='grc' dir='ltr'>δὲ</span> <span class='ocrx_word' id='word_1_619' title='bbox 3815 3919 3853 3986; x_wconf 79' lang='grc' dir='ltr'><strong><em>ή</em></strong></span> 
     </span>
    </p>
   </div>
   <div class='ocr_carea' id='block_1_85' title="bbox 2272 4009 3857 4082">
    <p class='ocr_par' dir='ltr' id='par_1_85' title="bbox 2272 4009 3857 4082">
     <span class='ocr_line' id='line_1_86' title="bbox 2272 4009 3857 4082; baseline -0.001 -20"><span class='ocrx_word' id='word_1_620' title='bbox 2272 4010 2569 4078; x_wconf 78' lang='grc' dir='ltr'>Ἐκκλησία</span> <span class='ocrx_word' id='word_1_621' title='bbox 2628 4010 2722 4063; x_wconf 75' lang='grc' dir='ltr'>καὶ</span> <span class='ocrx_word' id='word_1_622' title='bbox 2779 4012 2811 4078; x_wconf 86' lang='grc' dir='ltr'><strong><em>ή</em></strong></span> <span class='ocrx_word' id='word_1_623' title='bbox 2868 4011 3036 4082; x_wconf 74' lang='grc' dir='ltr'>ψυχή.</span> <span class='ocrx_word' id='word_1_624' title='bbox 3094 4011 3285 4062; x_wconf 84' lang='grc' dir='ltr'>Δοῦλοι</span> <span class='ocrx_word' id='word_1_625' title='bbox 3331 4009 3388 4063; x_wconf 85' lang='grc' dir='ltr'><strong><em>δὲ</em></strong></span> <span class='ocrx_word' id='word_1_626' title='bbox 3441 4009 3857 4070; x_wconf 79' lang='grc' dir='ltr'>ἀποσταλέντες</span> 
     </span>
    </p>
   </div>
   <div class='ocr_carea' id='block_1_86' title="bbox 2261 4097 3859 4173">
    <p class='ocr_par' dir='ltr' id='par_1_86' title="bbox 2261 4097 3859 4173">
     <span class='ocr_line' id='line_1_87' title="bbox 2261 4097 3859 4173; baseline 0 -19"><span class='ocrx_word' id='word_1_627' title='bbox 2261 4103 2547 4172; x_wconf 79' lang='grc' dir='ltr'>πρότερον,</span> <span class='ocrx_word' id='word_1_628' title='bbox 2585 4105 2634 4154; x_wconf 72' lang='grc' dir='ltr'><strong><em>οἱ</em></strong></span> <span class='ocrx_word' id='word_1_629' title='bbox 2660 4103 2788 4173; x_wconf 77' lang='grc' dir='ltr'>περὶ</span> <span class='ocrx_word' id='word_1_630' title='bbox 2817 4109 2908 4154; x_wconf 75' lang='grc' dir='ltr'><strong><em>τὸν</em></strong></span> <span class='ocrx_word' id='word_1_631' title='bbox 2938 4103 3143 4155; x_wconf 79' lang='grc' dir='ltr'>Μωσέα</span> <span class='ocrx_word' id='word_1_632' title='bbox 3163 4105 3318 4164; x_wconf 60' lang='grc' dir='ltr'>εἰσιν,</span> <span class='ocrx_word' id='word_1_633' title='bbox 3347 4097 3429 4163; x_wconf 77' lang='grc' dir='ltr'>οἷς</span> <span class='ocrx_word' id='word_1_634' title='bbox 3455 4102 3554 4153; x_wconf 85' lang='grc' dir='ltr'><strong><em>οὐκ</em></strong></span> <span class='ocrx_word' id='word_1_635' title='bbox 3588 4100 3859 4172; x_wconf 79' lang='grc' dir='ltr'>ἐπείσθη-</span> 
     </span>
    </p>
   </div>
   <div class='ocr_carea' id='block_1_87' title="bbox 2265 4192 3857 4264">
    <p class='ocr_par' dir='ltr' id='par_1_87' title="bbox 2265 4192 3857 4264">
     <span class='ocr_line' id='line_1_88' title="bbox 2265 4192 3857 4264; baseline 0 -18"><span class='ocrx_word' id='word_1_636' title='bbox 2265 4212 2361 4247; x_wconf 91' lang='grc' dir='ltr'><strong><em>σαν</em></strong></span> <span class='ocrx_word' id='word_1_637' title='bbox 2415 4196 2464 4248; x_wconf 75' lang='lat' dir='ltr'><strong><em>oi</em></strong></span> <span class='ocrx_word' id='word_1_638' title='bbox 2506 4195 2764 4264; x_wconf 81' lang='grc' dir='ltr'>Ἑϐραῖοι,</span> <span class='ocrx_word' id='word_1_639' title='bbox 2829 4195 2964 4247; x_wconf 82' lang='grc' dir='ltr'><strong><em>ἀλλά</em></strong></span> <span class='ocrx_word' id='word_1_640' title='bbox 3025 4195 3453 4263; x_wconf 78' lang='grc' dir='ltr'>παρεπίκραναν</span> <span class='ocrx_word' id='word_1_641' title='bbox 3488 4193 3581 4245; x_wconf 76' lang='grc' dir='ltr'>τὸν</span> <span class='ocrx_word' id='word_1_642' title='bbox 3624 4192 3759 4245; x_wconf 82' lang='grc' dir='ltr'>Θεὸν</span> <span class='ocrx_word' id='word_1_643' title='bbox 3792 4195 3857 4246; x_wconf 84' lang='grc' dir='ltr'><strong><em>ἐν</em></strong></span> 
     </span>
    </p>
   </div>
   <div class='ocr_carea' id='block_1_88' title="bbox 2261 4287 3856 4358">
    <p class='ocr_par' dir='ltr' id='par_1_88' title="bbox 2261 4287 3856 4358">
     <span class='ocr_line' id='line_1_89' title="bbox 2261 4287 3856 4358; baseline 0.002 -20"><span class='ocrx_word' id='word_1_644' title='bbox 2261 4291 2323 4358; x_wconf 82' lang='grc' dir='ltr'>τῇ</span> <span class='ocrx_word' id='word_1_645' title='bbox 2360 4289 2554 4358; x_wconf 81' lang='grc' dir='ltr'>ἐρήμῳ</span> <span class='ocrx_word' id='word_1_646' title='bbox 2606 4288 3017 4357; x_wconf 84' lang='grc' dir='ltr'>τεσσαράκοντα</span> <span class='ocrx_word' id='word_1_647' title='bbox 3049 4288 3167 4356; x_wconf 79' lang='grc' dir='ltr'>ἐτη,</span> <span class='ocrx_word' id='word_1_648' title='bbox 3195 4288 3292 4340; x_wconf 83' lang='grc' dir='ltr'>καὶ</span> <span class='ocrx_word' id='word_1_649' title='bbox 3322 4288 3421 4340; x_wconf 82' lang='grc' dir='ltr'>οὐκ</span> <span class='ocrx_word' id='word_1_650' title='bbox 3461 4287 3732 4357; x_wconf 70' lang='grc' dir='ltr'>ἠθέλησαν</span> <span class='ocrx_word' id='word_1_651' title='bbox 3755 4287 3856 4341; x_wconf 82' lang='grc' dir='ltr'><strong><em>τὸν</em></strong></span> 
     </span>
    </p>
   </div>
   <div class='ocr_carea' id='block_1_89' title="bbox 2259 4380 3855 4453">
    <p class='ocr_par' dir='ltr' id='par_1_89' title="bbox 2259 4380 3855 4453">
     <span class='ocr_line' id='line_1_90' title="bbox 2259 4380 3855 4453; baseline 0 -21"><span class='ocrx_word' id='word_1_652' title='bbox 2259 4381 2416 4449; x_wconf 84' lang='grc' dir='ltr'>λόγον</span> <span class='ocrx_word' id='word_1_653' title='bbox 2469 4382 2561 4434; x_wconf 90' lang='grc' dir='ltr'><strong><em>τοῦ</em></strong></span> <span class='ocrx_word' id='word_1_654' title='bbox 2615 4381 2880 4448; x_wconf 51' lang='grc' dir='ltr'>Θεοῦ-καὶ</span> <span class='ocrx_word' id='word_1_655' title='bbox 2942 4384 3039 4453; x_wconf 76' lang='grc' dir='ltr'><strong><em>τήν</em></strong></span> <span class='ocrx_word' id='word_1_656' title='bbox 3069 4384 3242 4452; x_wconf 76' lang='grc' dir='ltr'>χαρὰν</span> <span class='ocrx_word' id='word_1_657' title='bbox 3296 4380 3706 4450; x_wconf 79' lang='grc' dir='ltr'>παραδέξασθαι</span> <span class='ocrx_word' id='word_1_658' title='bbox 3747 4382 3855 4448; x_wconf 72' lang='grc' dir='ltr'>τὴν</span> 
     </span>
    </p>
   </div>
   <div class='ocr_carea' id='block_1_90' title="bbox 2261 4471 3853 4545">
    <p class='ocr_par' dir='ltr' id='par_1_90' title="bbox 2261 4471 3853 4545">
     <span class='ocr_line' id='line_1_91' title="bbox 2261 4471 3853 4545; baseline -0.004 -17"><span class='ocrx_word' id='word_1_659' title='bbox 2261 4477 2660 4545; x_wconf 86' lang='grc' dir='ltr'>πνευματικήν.</span> <span class='ocrx_word' id='word_1_660' title='bbox 2709 4471 2844 4528; x_wconf 82' lang='grc' dir='ltr'>Εἶτα</span> <span class='ocrx_word' id='word_1_661' title='bbox 2903 4475 3291 4543; x_wconf 81' lang='grc' dir='ltr'>ἀπεστάλησαν</span> <span class='ocrx_word' id='word_1_662' title='bbox 3345 4473 3494 4526; x_wconf 83' lang='grc' dir='ltr'>ἄλλοι</span> <span class='ocrx_word' id='word_1_663' title='bbox 3563 4471 3764 4532; x_wconf 73' lang='grc' dir='ltr'>δοῦλοι,</span> <span class='ocrx_word' id='word_1_664' title='bbox 3799 4473 3853 4523; x_wconf 79' lang='grc' dir='ltr'><strong><em>οἱ</em></strong></span> 
     </span>
    </p>
   </div>
   <div class='ocr_carea' id='block_1_91' title="bbox 580 4548 2158 4637">
    <p class='ocr_par' dir='ltr' id='par_1_91' title="bbox 580 4552 2149 4630">
     <span class='ocr_line' id='line_1_92' title="bbox 580 4552 2149 4630; baseline 0.007 -26"><span class='ocrx_word' id='word_1_665' title='bbox 580 4559 1034 4620; x_wconf 82' lang='lat' dir='ltr'><strong><em>temperaverunt,</em></strong></span> <span class='ocrx_word' id='word_1_666' title='bbox 1060 4552 1151 4604; x_wconf 91' lang='lat' dir='ltr'><strong><em>sed</em></strong></span> <span class='ocrx_word' id='word_1_667' title='bbox 1179 4552 1313 4607; x_wconf 83' lang='lat' dir='ltr'><strong><em>alius</em></strong></span> <span class='ocrx_word' id='word_1_668' title='bbox 1339 4554 1553 4621; x_wconf 87' lang='lat' dir='ltr'><strong><em>quidem</em></strong></span> <span class='ocrx_word' id='word_1_669' title='bbox 1592 4558 1641 4609; x_wconf 93' lang='lat' dir='ltr'><strong><em>in</em></strong></span> <span class='ocrx_word' id='word_1_670' title='bbox 1669 4561 1939 4626; x_wconf 86' lang='lat' dir='ltr'><strong><em>proprium</em></strong></span> <span class='ocrx_word' id='word_1_671' title='bbox 1965 4577 2149 4630; x_wconf 83' lang='lat' dir='ltr'><strong><em>agrum</em></strong></span> 
     </span>
    </p>
   </div>
   <div class='ocr_carea' id='block_1_92' title="bbox 2269 4548 3849 4637">
    <p class='ocr_par' dir='ltr' id='par_1_92' title="bbox 2269 4563 3849 4637">
     <span class='ocr_line' id='line_1_93' title="bbox 2269 4563 3849 4637; baseline -0.004 -18"><span class='ocrx_word' id='word_1_672' title='bbox 2269 4567 2558 4637; x_wconf 76' lang='grc' dir='ltr'>προφῆται.</span> <span class='ocrx_word' id='word_1_673' title='bbox 2605 4566 2766 4620; x_wconf 80' lang='grc' dir='ltr'>Ἀλλά</span> <span class='ocrx_word' id='word_1_674' title='bbox 2812 4568 2908 4620; x_wconf 75' lang='grc' dir='ltr'>καὶ</span> <span class='ocrx_word' id='word_1_675' title='bbox 2941 4565 3147 4618; x_wconf 88' lang='grc' dir='ltr'>τούτων</span> <span class='ocrx_word' id='word_1_676' title='bbox 3180 4565 3307 4627; x_wconf 81' lang='grc' dir='ltr'>τοὺς</span> <span class='ocrx_word' id='word_1_677' title='bbox 3344 4563 3441 4633; x_wconf 79' lang='grc' dir='ltr'><strong><em>μὲν</em></strong></span> <span class='ocrx_word' id='word_1_678' title='bbox 3487 4563 3849 4623; x_wconf 80' lang='grc' dir='ltr'>ἀπέκτειναν,</span> 
     </span>
    </p>
   </div>
   <div class='ocr_carea' id='block_1_93' title="bbox 578 4645 2148 4718">
    <p class='ocr_par' dir='ltr' id='par_1_93' title="bbox 578 4645 2148 4718">
     <span class='ocr_line' id='line_1_94' title="bbox 578 4645 2148 4718; baseline 0.01 -21"><span class='ocrx_word' id='word_1_679' title='bbox 578 4645 731 4706; x_wconf 88' lang='lat' dir='ltr'><strong><em>abiit,</em></strong></span> <span class='ocrx_word' id='word_1_680' title='bbox 765 4646 865 4697; x_wconf 91' lang='lat' dir='ltr'><strong><em>hoc</em></strong></span> <span class='ocrx_word' id='word_1_681' title='bbox 900 4655 1000 4709; x_wconf 83' lang='lat' dir='ltr'><strong><em>est,</em></strong></span> <span class='ocrx_word' id='word_1_682' title='bbox 1031 4646 1248 4699; x_wconf 88' lang='lat' dir='ltr'><strong><em>indulsit</em></strong></span> <span class='ocrx_word' id='word_1_683' title='bbox 1292 4646 1502 4701; x_wconf 85' lang='lat' dir='ltr'><strong><em>deliciis</em></strong></span> <span class='ocrx_word' id='word_1_684' title='bbox 1537 4659 1590 4702; x_wconf 91' lang='lat' dir='ltr'><strong><em>et</em></strong></span> <span class='ocrx_word' id='word_1_685' title='bbox 1625 4651 1988 4718; x_wconf 79' lang='lat' dir='ltr'><strong><em>voluptatibus</em></strong></span> <span class='ocrx_word' id='word_1_686' title='bbox 2023 4659 2148 4712; x_wconf 68' lang='lat' dir='ltr'><strong><em>vitae</em></strong></span> 
     </span>
    </p>
   </div>
   <div class='ocr_carea' id='block_1_94' title="bbox 579 4736 2148 4808">
    <p class='ocr_par' dir='ltr' id='par_1_94' title="bbox 579 4736 2148 4808">
     <span class='ocr_line' id='line_1_95' title="bbox 579 4736 2148 4808; baseline 0.008 -21"><span class='ocrx_word' id='word_1_687' title='bbox 579 4736 1026 4803; x_wconf 81' lang='lat' dir='ltr'><strong><em>(uniuscujusque</em></strong></span> <span class='ocrx_word' id='word_1_688' title='bbox 1065 4737 1206 4788; x_wconf 88' lang='lat' dir='ltr'><strong><em>enim</em></strong></span> <span class='ocrx_word' id='word_1_689' title='bbox 1248 4752 1376 4805; x_wconf 82' lang='lat' dir='ltr'><strong><em>ager</em></strong></span> <span class='ocrx_word' id='word_1_690' title='bbox 1402 4751 1486 4792; x_wconf 87' lang='lat' dir='ltr'><strong><em>est</em></strong></span> <span class='ocrx_word' id='word_1_691' title='bbox 1529 4743 1769 4808; x_wconf 90' lang='lat' dir='ltr'><strong><em>corpus),</em></strong></span> <span class='ocrx_word' id='word_1_692' title='bbox 1795 4745 1933 4798; x_wconf 87' lang='lat' dir='ltr'><strong><em>alius</em></strong></span> <span class='ocrx_word' id='word_1_693' title='bbox 1965 4757 2148 4801; x_wconf 87' lang='lat' dir='ltr'><strong><em>autem</em></strong></span> 
     </span>
    </p>
   </div>
   <div class='ocr_carea' id='block_1_95' title="bbox 578 4825 2150 4898">
    <p class='ocr_par' dir='ltr' id='par_1_95' title="bbox 578 4825 2150 4898">
     <span class='ocr_line' id='line_1_96' title="bbox 578 4825 2150 4898; baseline 0.011 -21"><span class='ocrx_word' id='word_1_694' title='bbox 578 4825 630 4877; x_wconf 89' lang='lat' dir='ltr'><strong><em>in</em></strong></span> <span class='ocrx_word' id='word_1_695' title='bbox 682 4827 1103 4898; x_wconf 77' lang='lat' dir='ltr'><strong><em>negotiationem</em></strong></span> <span class='ocrx_word' id='word_1_696' title='bbox 1151 4844 1305 4883; x_wconf 88' lang='lat' dir='ltr'><strong><em>suam</em></strong></span> <span class='ocrx_word' id='word_1_697' title='bbox 1332 4871 1346 4895; x_wconf 93' lang='lat'><strong><em>,</em></strong></span> <span class='ocrx_word' id='word_1_698' title='bbox 1386 4832 1486 4886; x_wconf 92' lang='lat' dir='ltr'><strong><em>hoc</em></strong></span> <span class='ocrx_word' id='word_1_699' title='bbox 1518 4842 1618 4896; x_wconf 89' lang='lat' dir='ltr'><strong><em>est,</em></strong></span> <span class='ocrx_word' id='word_1_700' title='bbox 1666 4838 1908 4893; x_wconf 73' lang='lat' dir='ltr'><strong><em>avaritiae</em></strong></span> <span class='ocrx_word' id='word_1_701' title='bbox 1939 4841 2150 4895; x_wconf 88' lang='lat' dir='ltr'><strong><em>deditus</em></strong></span> 
     </span>
    </p>
   </div>
   <div class='ocr_carea' id='block_1_96' title="bbox 573 4916 2148 4996">
    <p class='ocr_par' dir='ltr' id='par_1_96' title="bbox 573 4916 2148 4996">
     <span class='ocr_line' id='line_1_97' title="bbox 573 4916 2148 4996; baseline 0.013 -26"><span class='ocrx_word' id='word_1_702' title='bbox 573 4916 694 4970; x_wconf 81' lang='lat' dir='ltr'><strong><em>fuit.</em></strong></span> <span class='ocrx_word' id='word_1_703' title='bbox 730 4917 1127 4987; x_wconf 78' lang='lat' dir='ltr'><strong><em>Negotiatorum</em></strong></span> <span class='ocrx_word' id='word_1_704' title='bbox 1160 4924 1300 4975; x_wconf 88' lang='lat' dir='ltr'><strong><em>enim</em></strong></span> <span class='ocrx_word' id='word_1_705' title='bbox 1337 4939 1502 4990; x_wconf 77' lang='lat' dir='ltr'><strong><em>genus</em></strong></span> <span class='ocrx_word' id='word_1_706' title='bbox 1537 4944 1756 4982; x_wconf 86' lang='lat' dir='ltr'><strong><em>avarum</em></strong></span> <span class='ocrx_word' id='word_1_707' title='bbox 1788 4943 1890 4996; x_wconf 89' lang='lat' dir='ltr'><strong><em>est,</em></strong></span> <span class='ocrx_word' id='word_1_708' title='bbox 1921 4941 1974 4988; x_wconf 90' lang='lat' dir='ltr'><strong><em>et</em></strong></span> <span class='ocrx_word' id='word_1_709' title='bbox 2012 4933 2148 4990; x_wconf 88' lang='lat' dir='ltr'><strong><em>lucri</em></strong></span> 
     </span>
    </p>
   </div>
   <div class='ocr_carea' id='block_1_97' title="bbox 572 5010 2137 5094">
    <p class='ocr_par' dir='ltr' id='par_1_97' title="bbox 572 5010 2137 5094">
     <span class='ocr_line' id='line_1_98' title="bbox 572 5010 2137 5094; baseline 0.014 -34"><span class='ocrx_word' id='word_1_710' title='bbox 572 5010 1000 5077; x_wconf 86' lang='lat' dir='ltr'><strong><em>cupidissimmu.</em></strong></span> <span class='ocrx_word' id='word_1_711' title='bbox 1029 5012 1279 5069; x_wconf 85' lang='lat' dir='ltr'><strong><em>Ostendit</em></strong></span> <span class='ocrx_word' id='word_1_712' title='bbox 1312 5018 1472 5086; x_wconf 79' lang='lat' dir='ltr'><strong><em>igitur</em></strong></span> <span class='ocrx_word' id='word_1_713' title='bbox 1503 5021 1776 5089; x_wconf 85' lang='lat' dir='ltr'><strong><em>parabola,</em></strong></span> <span class='ocrx_word' id='word_1_714' title='bbox 1813 5027 1954 5092; x_wconf 90' lang='lat' dir='ltr'><strong><em>quod</em></strong></span> <span class='ocrx_word' id='word_1_715' title='bbox 1982 5027 2072 5094; x_wconf 91' lang='lat' dir='ltr'><strong><em>qui</em></strong></span> <span class='ocrx_word' id='word_1_716' title='bbox 2109 5043 2137 5081; x_wconf 87' lang='lat' dir='ltr'><strong><em>a</em></strong></span> 
     </span>
    </p>
   </div>
   <div class='ocr_carea' id='block_1_98' title="bbox 572 5100 2145 5174">
    <p class='ocr_par' dir='ltr' id='par_1_98' title="bbox 572 5100 2145 5174">
     <span class='ocr_line' id='line_1_99' title="bbox 572 5100 2145 5174; baseline 0.014 -22"><span class='ocrx_word' id='word_1_717' title='bbox 572 5100 938 5167; x_wconf 84' lang='lat' dir='ltr'><strong><em>spiritualibus</em></strong></span> <span class='ocrx_word' id='word_1_718' title='bbox 969 5105 1172 5171; x_wconf 84' lang='lat' dir='ltr'><strong><em>nuptiis</em></strong></span> <span class='ocrx_word' id='word_1_719' title='bbox 1202 5117 1256 5159; x_wconf 89' lang='lat' dir='ltr'><strong><em>et</em></strong></span> <span class='ocrx_word' id='word_1_720' title='bbox 1285 5111 1533 5163; x_wconf 85' lang='lat' dir='ltr'><strong><em>convivio</em></strong></span> <span class='ocrx_word' id='word_1_721' title='bbox 1563 5123 1615 5165; x_wconf 89' lang='lat' dir='ltr'><strong><em>et</em></strong></span> <span class='ocrx_word' id='word_1_722' title='bbox 1648 5112 1851 5168; x_wconf 87' lang='lat' dir='ltr'><strong><em>Christi</em></strong></span> <span class='ocrx_word' id='word_1_723' title='bbox 1884 5118 2145 5174; x_wconf 88' lang='lat' dir='ltr'><strong><em>societate</em></strong></span> 
     </span>
    </p>
   </div>
   <div class='ocr_carea' id='block_1_99' title="bbox 572 5189 2143 5266">
    <p class='ocr_par' dir='ltr' id='par_1_99' title="bbox 572 5189 2143 5266">
     <span class='ocr_line' id='line_1_100' title="bbox 572 5189 2143 5266; baseline 0.017 -29"><span class='ocrx_word' id='word_1_724' title='bbox 572 5189 955 5256; x_wconf 86' lang='lat' dir='ltr'><strong><em>destituuntur,</em></strong></span> <span class='ocrx_word' id='word_1_725' title='bbox 979 5193 1047 5247; x_wconf 90' lang='lat' dir='ltr'><strong><em>ob</em></strong></span> <span class='ocrx_word' id='word_1_726' title='bbox 1073 5195 1170 5248; x_wconf 90' lang='lat' dir='ltr'><strong><em>bas</em></strong></span> <span class='ocrx_word' id='word_1_727' title='bbox 1195 5197 1330 5250; x_wconf 87' lang='lat' dir='ltr'><strong><em>duas</em></strong></span> <span class='ocrx_word' id='word_1_728' title='bbox 1361 5200 1700 5266; x_wconf 90' lang='lat' dir='ltr'><strong><em>potissimum</em></strong></span> <span class='ocrx_word' id='word_1_729' title='bbox 1733 5220 1926 5260; x_wconf 86' lang='lat' dir='ltr'><strong><em>causas</em></strong></span> <span class='ocrx_word' id='word_1_730' title='bbox 1956 5209 2143 5262; x_wconf 79' lang='lat' dir='ltr'><strong><em>exclu-</em></strong></span> 
     </span>
    </p>
   </div>
   <div class='ocr_carea' id='block_1_100' title="bbox 572 5280 2141 5362">
    <p class='ocr_par' dir='ltr' id='par_1_100' title="bbox 572 5280 2141 5362">
     <span class='ocr_line' id='line_1_101' title="bbox 572 5280 2141 5362; baseline 0.015 -31"><span class='ocrx_word' id='word_1_731' title='bbox 572 5280 792 5341; x_wconf 91' lang='lat' dir='ltr'><strong><em>duntur,</em></strong></span> <span class='ocrx_word' id='word_1_732' title='bbox 824 5283 903 5334; x_wconf 84' lang='lat' dir='ltr'><strong><em>vel</em></strong></span> <span class='ocrx_word' id='word_1_733' title='bbox 936 5297 1152 5353; x_wconf 80' lang='lat' dir='ltr'><strong><em>propter</em></strong></span> <span class='ocrx_word' id='word_1_734' title='bbox 1189 5291 1499 5356; x_wconf 81' lang='lat' dir='ltr'><strong><em>corporales</em></strong></span> <span class='ocrx_word' id='word_1_735' title='bbox 1530 5295 1854 5362; x_wconf 85' lang='lat' dir='ltr'><strong><em>voluptates,</em></strong></span> <span class='ocrx_word' id='word_1_736' title='bbox 1904 5300 1982 5354; x_wconf 85' lang='lat' dir='ltr'><strong><em>vel</em></strong></span> <span class='ocrx_word' id='word_1_737' title='bbox 2016 5317 2141 5354; x_wconf 87' lang='lat' dir='ltr'><strong><em>ava-</em></strong></span> 
     </span>
    </p>
   </div>
   <div class='ocr_carea' id='block_1_101' title="bbox 567 5371 2139 5456">
    <p class='ocr_par' dir='ltr' id='par_1_101' title="bbox 567 5371 2139 5456">
     <span class='ocr_line' id='line_1_102' title="bbox 567 5371 2139 5456; baseline 0.015 -34"><span class='ocrx_word' id='word_1_738' title='bbox 567 5371 707 5422; x_wconf 61' lang='lat' dir='ltr'><strong><em>ritia!</em></strong></span> <span class='ocrx_word' id='word_1_739' title='bbox 739 5375 1004 5428; x_wconf 87' lang='lat' dir='ltr'><strong><em>morbum.</em></strong></span> <span class='ocrx_word' id='word_1_740' title='bbox 1044 5379 1336 5432; x_wconf 84' lang='lat' dir='ltr'><strong><em>Prandium</em></strong></span> <span class='ocrx_word' id='word_1_741' title='bbox 1365 5395 1543 5436; x_wconf 85' lang='lat' dir='ltr'><strong><em>autem</em></strong></span> <span class='ocrx_word' id='word_1_742' title='bbox 1589 5388 1686 5439; x_wconf 90' lang='lat' dir='ltr'><strong><em>hoc</em></strong></span> <span class='ocrx_word' id='word_1_743' title='bbox 1731 5389 1847 5442; x_wconf 91' lang='lat' dir='ltr'><strong><em>loco</em></strong></span> <span class='ocrx_word' id='word_1_744' title='bbox 1877 5393 2139 5456; x_wconf 87' lang='lat' dir='ltr'><strong><em>nominat,</em></strong></span> 
     </span>
    </p>
   </div>
   <div class='ocr_carea' id='block_1_102' title="bbox 567 5466 2141 5542">
    <p class='ocr_par' dir='ltr' id='par_1_102' title="bbox 567 5466 2141 5542">
     <span class='ocr_line' id='line_1_103' title="bbox 567 5466 2141 5542; baseline 0.018 -29"><span class='ocrx_word' id='word_1_745' title='bbox 567 5466 810 5526; x_wconf 71' lang='lat' dir='ltr'><strong><em>Quamvis</em></strong></span> <span class='ocrx_word' id='word_1_746' title='bbox 845 5467 948 5519; x_wconf 89' lang='lat' dir='ltr'><strong><em>alio</em></strong></span> <span class='ocrx_word' id='word_1_747' title='bbox 981 5468 1093 5523; x_wconf 79' lang='lat' dir='ltr'><strong><em>loco</em></strong></span> <span class='ocrx_word' id='word_1_748' title='bbox 1128 5486 1336 5527; x_wconf 72' lang='lat' dir='ltr'><strong><em>cmnam</em></strong></span> <span class='ocrx_word' id='word_1_749' title='bbox 1372 5491 1488 5529; x_wconf 90' lang='lat' dir='ltr'><strong><em>eam</em></strong></span> <span class='ocrx_word' id='word_1_750' title='bbox 1520 5479 1732 5533; x_wconf 73' lang='lat' dir='ltr'><strong><em>dixerit.</em></strong></span> <span class='ocrx_word' id='word_1_751' title='bbox 1759 5480 1870 5535; x_wconf 84' lang='lat' dir='ltr'><strong><em>Non</em></strong></span> <span class='ocrx_word' id='word_1_752' title='bbox 1910 5484 2141 5542; x_wconf 85' lang='lat' dir='ltr'><strong><em>absurde</em></strong></span> 
     </span>
    </p>
   </div>
   <div class='ocr_carea' id='block_1_103' title="bbox 565 5563 2138 5643">
    <p class='ocr_par' dir='ltr' id='par_1_103' title="bbox 565 5563 2138 5643">
     <span class='ocr_line' id='line_1_104' title="bbox 565 5563 2138 5643; baseline 0.018 -39"><span class='ocrx_word' id='word_1_753' title='bbox 565 5567 772 5607; x_wconf 64' lang='lat' dir='ltr'><strong><em>coenam</em></strong></span> <span class='ocrx_word' id='word_1_754' title='bbox 811 5574 822 5609; x_wconf 91' lang='lat'>:</span> <span class='ocrx_word' id='word_1_755' title='bbox 864 5574 985 5610; x_wconf 85' lang='lat' dir='ltr'><strong><em>nam</em></strong></span> <span class='ocrx_word' id='word_1_756' title='bbox 1052 5563 1100 5614; x_wconf 94' lang='lat' dir='ltr'><strong><em>in</em></strong></span> <span class='ocrx_word' id='word_1_757' title='bbox 1154 5567 1459 5619; x_wconf 79' lang='lat' dir='ltr'><strong><em>novissimis</em></strong></span> <span class='ocrx_word' id='word_1_758' title='bbox 1511 5574 1841 5639; x_wconf 82' lang='lat' dir='ltr'><strong><em>temporibus</em></strong></span> <span class='ocrx_word' id='word_1_759' title='bbox 1900 5577 2138 5643; x_wconf 70' lang='lat' dir='ltr'><strong><em>perfecte</em></strong></span> 
     </span>
    </p>
   </div>
   <div class='ocr_carea' id='block_1_104' title="bbox 566 5649 2136 5734">
    <p class='ocr_par' dir='ltr' id='par_1_104' title="bbox 566 5649 2136 5734">
     <span class='ocr_line' id='line_1_105' title="bbox 566 5649 2136 5734; baseline 0.018 -38"><span class='ocrx_word' id='word_1_760' title='bbox 566 5649 896 5713; x_wconf 77' lang='lat' dir='ltr'><strong><em>apparebunt</em></strong></span> <span class='ocrx_word' id='word_1_761' title='bbox 948 5651 1048 5706; x_wconf 66' lang='lat' dir='ltr'><strong><em>illa:</em></strong></span> <span class='ocrx_word' id='word_1_762' title='bbox 1099 5657 1312 5724; x_wconf 57' lang='lat' dir='ltr'><strong><em>nuptiis,</em></strong></span> <span class='ocrx_word' id='word_1_763' title='bbox 1363 5671 1416 5712; x_wconf 90' lang='lat' dir='ltr'><strong><em>et</em></strong></span> <span class='ocrx_word' id='word_1_764' title='bbox 1467 5663 1532 5714; x_wconf 88' lang='lat' dir='ltr'><strong><em>ad</em></strong></span> <span class='ocrx_word' id='word_1_765' title='bbox 1587 5678 1890 5734; x_wconf 86' lang='lat' dir='ltr'><strong><em>vesperum,</em></strong></span> <span class='ocrx_word' id='word_1_766' title='bbox 1941 5683 2032 5723; x_wconf 83' lang='lat' dir='ltr'><strong><em>seu</em></strong></span> <span class='ocrx_word' id='word_1_767' title='bbox 2072 5673 2136 5724; x_wconf 79' lang='lat' dir='ltr'><strong><em>ad</em></strong></span> 
     </span>
    </p>
   </div>
   <div class='ocr_carea' id='block_1_105' title="bbox 639 5806 1179 5878">
    <p class='ocr_par' dir='ltr' id='par_1_105' title="bbox 639 5806 1179 5878">
     <span class='ocr_line' id='line_1_106' title="bbox 639 5806 1179 5878; baseline 0.013 -19"><span class='ocrx_word' id='word_1_768' title='bbox 639 5806 683 5837; x_wconf 58' lang='grc' dir='ltr'>λ’</span> <span class='ocrx_word' id='word_1_769' title='bbox 723 5809 861 5862; x_wconf 65' lang='grc' dir='ltr'>Ρςςιῐ.</span> <span class='ocrx_word' id='word_1_770' title='bbox 906 5829 1088 5878; x_wconf 71' lang='lat' dir='ltr'><strong><em>tvm,</em></strong></span> <span class='ocrx_word' id='word_1_771' title='bbox 1135 5816 1179 5866; x_wconf 82' lang='grc'><strong>1.</strong></span> 
     </span>
    </p>
   </div>
   <div class='ocr_carea' id='block_1_106' title="bbox 2254 4655 3844 4729">
    <p class='ocr_par' dir='ltr' id='par_1_106' title="bbox 2254 4655 3844 4729">
     <span class='ocr_line' id='line_1_107' title="bbox 2254 4655 3844 4729; baseline -0.006 -16"><span class='ocrx_word' id='word_1_772' title='bbox 2254 4659 2329 4722; x_wconf 86' lang='grc' dir='ltr'>ὡς</span> <span class='ocrx_word' id='word_1_773' title='bbox 2360 4660 2451 4713; x_wconf 80' lang='grc' dir='ltr'><strong><em>τὸν</em></strong></span> <span class='ocrx_word' id='word_1_774' title='bbox 2493 4660 2720 4714; x_wconf 69' lang='grc' dir='ltr'>Ἡσαΐαν</span> <span class='ocrx_word' id='word_1_775' title='bbox 2741 4677 2754 4692; x_wconf 76' lang='grc' dir='ltr'><strong><em>ο</em></strong></span> <span class='ocrx_word' id='word_1_776' title='bbox 2787 4661 2914 4724; x_wconf 76' lang='grc' dir='ltr'>τοὺς</span> <span class='ocrx_word' id='word_1_777' title='bbox 2941 4661 2997 4714; x_wconf 84' lang='grc' dir='ltr'><strong><em>δέ</em></strong></span> <span class='ocrx_word' id='word_1_778' title='bbox 3026 4660 3279 4729; x_wconf 75' lang='grc' dir='ltr'>ὕϐρισαν,</span> <span class='ocrx_word' id='word_1_779' title='bbox 3315 4659 3390 4720; x_wconf 85' lang='grc' dir='ltr'>ὡς</span> <span class='ocrx_word' id='word_1_780' title='bbox 3419 4658 3510 4709; x_wconf 80' lang='grc' dir='ltr'><strong><em>τὸν</em></strong></span> <span class='ocrx_word' id='word_1_781' title='bbox 3549 4655 3844 4724; x_wconf 79' lang='grc' dir='ltr'>Ἱερεμίαν,</span> 
     </span>
    </p>
   </div>
   <div class='ocr_carea' id='block_1_107' title="bbox 2224 4748 3844 4831">
    <p class='ocr_par' dir='ltr' id='par_1_107' title="bbox 2224 4748 3844 4831">
     <span class='ocr_line' id='line_1_108' title="bbox 2224 4748 3844 4831; baseline -0.002 -27"><span class='ocrx_word' id='word_1_782' title='bbox 2224 4753 2335 4814; x_wconf 59' lang='lat' dir='ltr'><strong><em>sel;</em></strong></span> <span class='ocrx_word' id='word_1_783' title='bbox 2373 4754 2572 4806; x_wconf 81' lang='grc' dir='ltr'>λάκκον</span> <span class='ocrx_word' id='word_1_784' title='bbox 2627 4753 2889 4823; x_wconf 86' lang='grc' dir='ltr'>βορϐόρου</span> <span class='ocrx_word' id='word_1_785' title='bbox 2946 4752 3298 4821; x_wconf 84' lang='grc' dir='ltr'>ἐμϐαλόντες.</span> <span class='ocrx_word' id='word_1_786' title='bbox 3332 4751 3396 4802; x_wconf 74' lang='lat' dir='ltr'><strong><em>Oi</em></strong></span> <span class='ocrx_word' id='word_1_787' title='bbox 3444 4748 3844 4831; x_wconf 65' lang='lat' dir='ltr'><strong><em>6sps=pubts-</em></strong></span> 
     </span>
    </p>
   </div>
   <div class='ocr_carea' id='block_1_108' title="bbox 2256 4842 3845 4918">
    <p class='ocr_par' dir='ltr' id='par_1_108' title="bbox 2256 4842 3845 4918">
     <span class='ocr_line' id='line_1_109' title="bbox 2256 4842 3845 4918; baseline -0.003 -20"><span class='ocrx_word' id='word_1_788' title='bbox 2256 4861 2338 4916; x_wconf 87' lang='grc' dir='ltr'><strong><em>ροι</em></strong></span> <span class='ocrx_word' id='word_1_789' title='bbox 2362 4847 2770 4918; x_wconf 79' lang='grc' dir='ltr'>παρῃτήσαντο,</span> <span class='ocrx_word' id='word_1_790' title='bbox 2804 4847 2834 4898; x_wconf 84' lang='lat'><strong><em>6</em></strong></span> <span class='ocrx_word' id='word_1_791' title='bbox 2862 4848 2959 4917; x_wconf 80' lang='grc' dir='ltr'>μὲν</span> <span class='ocrx_word' id='word_1_792' title='bbox 2988 4849 3068 4908; x_wconf 88' lang='grc' dir='ltr'>εἰς</span> <span class='ocrx_word' id='word_1_793' title='bbox 3113 4846 3204 4897; x_wconf 75' lang='grc' dir='ltr'>τὸν</span> <span class='ocrx_word' id='word_1_794' title='bbox 3255 4845 3387 4896; x_wconf 80' lang='grc' dir='ltr'>ἴδιον</span> <span class='ocrx_word' id='word_1_795' title='bbox 3445 4842 3619 4912; x_wconf 77' lang='grc' dir='ltr'>ἀγρὸν</span> <span class='ocrx_word' id='word_1_796' title='bbox 3668 4842 3845 4894; x_wconf 85' lang='grc' dir='ltr'>ἀπελ-</span> 
     </span>
    </p>
   </div>
   <div class='ocr_carea' id='block_1_109' title="bbox 2254 4929 3846 5010">
    <p class='ocr_par' dir='ltr' id='par_1_109' title="bbox 2254 4929 3846 5010">
     <span class='ocr_line' id='line_1_110' title="bbox 2254 4929 3846 5010; baseline -0.004 -18"><span class='ocrx_word' id='word_1_797' title='bbox 2254 4939 2388 5003; x_wconf 89' lang='grc' dir='ltr'>θὼν,</span> <span class='ocrx_word' id='word_1_798' title='bbox 2437 4941 2742 5005; x_wconf 85' lang='grc' dir='ltr'>τουτέστιν,</span> <span class='ocrx_word' id='word_1_799' title='bbox 2794 4943 2874 5005; x_wconf 86' lang='grc' dir='ltr'><strong><em>είς</em></strong></span> <span class='ocrx_word' id='word_1_800' title='bbox 2905 4941 3236 5010; x_wconf 82' lang='grc' dir='ltr'>φιλόσαρκον</span> <span class='ocrx_word' id='word_1_801' title='bbox 3289 4941 3402 5009; x_wconf 84' lang='grc' dir='ltr'>βίον</span> <span class='ocrx_word' id='word_1_802' title='bbox 3435 4929 3531 4991; x_wconf 75' lang='grc' dir='ltr'><strong><em>καὶ</em></strong></span> <span class='ocrx_word' id='word_1_803' title='bbox 3560 4935 3846 5006; x_wconf 76' lang='grc' dir='ltr'>τρυφηλδν</span> 
     </span>
    </p>
   </div>
   <div class='ocr_carea' id='block_1_110' title="bbox 2248 5031 3845 5106">
    <p class='ocr_par' dir='ltr' id='par_1_110' title="bbox 2248 5031 3845 5106">
     <span class='ocr_line' id='line_1_111' title="bbox 2248 5031 3845 5106; baseline -0.003 -18"><span class='ocrx_word' id='word_1_804' title='bbox 2248 5034 2554 5098; x_wconf 85' lang='grc' dir='ltr'>ἀπονεύσας</span> <span class='ocrx_word' id='word_1_805' title='bbox 2577 5052 2593 5067; x_wconf 74' lang='grc' dir='ltr'><strong>ο</strong></span> <span class='ocrx_word' id='word_1_806' title='bbox 2640 5034 2810 5106; x_wconf 72' lang='grc' dir='ltr'>ἀγρὸς</span> <span class='ocrx_word' id='word_1_807' title='bbox 2867 5037 2976 5106; x_wconf 83' lang='grc' dir='ltr'><strong><em>γὰρ</em></strong></span> <span class='ocrx_word' id='word_1_808' title='bbox 3007 5037 3241 5088; x_wconf 80' lang='grc' dir='ltr'>ἑκάστου</span> <span class='ocrx_word' id='word_1_809' title='bbox 3279 5035 3409 5096; x_wconf 85' lang='grc' dir='ltr'>ῐδιος</span> <span class='ocrx_word' id='word_1_810' title='bbox 3450 5032 3511 5086; x_wconf 81' lang='grc' dir='ltr'><strong><em>τὸ</em></strong></span> <span class='ocrx_word' id='word_1_811' title='bbox 3566 5031 3730 5101; x_wconf 83' lang='grc' dir='ltr'>σῶμα</span> <span class='ocrx_word' id='word_1_812' title='bbox 3765 5046 3782 5064; x_wconf 88' lang='grc'><strong>·</strong></span> <span class='ocrx_word' id='word_1_813' title='bbox 3813 5031 3845 5084; x_wconf 86' lang='lat'><strong><em>6</em></strong></span> 
     </span>
    </p>
   </div>
   <div class='ocr_carea' id='block_1_111' title="bbox 2249 5125 3842 5200">
    <p class='ocr_par' dir='ltr' id='par_1_111' title="bbox 2249 5125 3842 5200">
     <span class='ocr_line' id='line_1_112' title="bbox 2249 5125 3842 5200; baseline 0.001 -21"><span class='ocrx_word' id='word_1_814' title='bbox 2249 5125 2306 5179; x_wconf 86' lang='grc' dir='ltr'><strong><em>δέ</em></strong></span> <span class='ocrx_word' id='word_1_815' title='bbox 2363 5129 2442 5190; x_wconf 85' lang='grc' dir='ltr'><strong><em>είς</em></strong></span> <span class='ocrx_word' id='word_1_816' title='bbox 2494 5130 2596 5198; x_wconf 79' lang='grc' dir='ltr'><strong><em>τὴν</em></strong></span> <span class='ocrx_word' id='word_1_817' title='bbox 2650 5129 2922 5200; x_wconf 81' lang='grc' dir='ltr'>ἐμπορίαν</span> <span class='ocrx_word' id='word_1_818' title='bbox 2951 5130 3139 5192; x_wconf 85' lang='grc' dir='ltr'>αὐτοῦ,</span> <span class='ocrx_word' id='word_1_819' title='bbox 3177 5131 3480 5194; x_wconf 82' lang='grc' dir='ltr'>τουτέστιν,</span> <span class='ocrx_word' id='word_1_820' title='bbox 3514 5131 3594 5190; x_wconf 80' lang='grc' dir='ltr'>εἰς</span> <span class='ocrx_word' id='word_1_821' title='bbox 3625 5129 3721 5180; x_wconf 77' lang='grc' dir='ltr'><strong><em>τὸν</em></strong></span> <span class='ocrx_word' id='word_1_822' title='bbox 3746 5145 3842 5194; x_wconf 78' lang='grc' dir='ltr'><strong><em>φι-</em></strong></span> 
     </span>
    </p>
   </div>
   <div class='ocr_carea' id='block_1_112' title="bbox 2245 5218 3844 5292">
    <p class='ocr_par' dir='ltr' id='par_1_112' title="bbox 2245 5218 3844 5292">
     <span class='ocr_line' id='line_1_113' title="bbox 2245 5218 3844 5292; baseline 0.001 -22"><span class='ocrx_word' id='word_1_823' title='bbox 2245 5218 2470 5290; x_wconf 84' lang='grc' dir='ltr'>λοκερδῆ</span> <span class='ocrx_word' id='word_1_824' title='bbox 2533 5219 2690 5289; x_wconf 80' lang='grc' dir='ltr'>βίονο</span> <span class='ocrx_word' id='word_1_825' title='bbox 2754 5223 2802 5274; x_wconf 79' lang='grc' dir='ltr'><strong><em>οἱ</em></strong></span> <span class='ocrx_word' id='word_1_826' title='bbox 2869 5221 2975 5292; x_wconf 87' lang='grc' dir='ltr'><strong><em>γάρ</em></strong></span> <span class='ocrx_word' id='word_1_827' title='bbox 3022 5221 3278 5292; x_wconf 74' lang='grc' dir='ltr'>ἔμποροι,</span> <span class='ocrx_word' id='word_1_828' title='bbox 3351 5219 3844 5289; x_wconf 76' lang='grc' dir='ltr'>φιλοκερδέστατον</span> 
     </span>
    </p>
   </div>
   <div class='ocr_carea' id='block_1_113' title="bbox 2253 5309 3841 5386">
    <p class='ocr_par' dir='ltr' id='par_1_113' title="bbox 2253 5309 3841 5386">
     <span class='ocr_line' id='line_1_114' title="bbox 2253 5309 3841 5386; baseline 0.003 -25"><span class='ocrx_word' id='word_1_829' title='bbox 2253 5309 2426 5376; x_wconf 77' lang='grc' dir='ltr'>γένος.</span> <span class='ocrx_word' id='word_1_830' title='bbox 2465 5311 2751 5366; x_wconf 88' lang='grc' dir='ltr'>Δείκνυσιν</span> <span class='ocrx_word' id='word_1_831' title='bbox 2767 5312 2917 5384; x_wconf 81' lang='grc' dir='ltr'>οῦνή</span> <span class='ocrx_word' id='word_1_832' title='bbox 2965 5315 3271 5386; x_wconf 81' lang='grc' dir='ltr'>παραϐολὴ,</span> <span class='ocrx_word' id='word_1_833' title='bbox 3303 5316 3384 5367; x_wconf 81' lang='grc' dir='ltr'>ὅτι</span> <span class='ocrx_word' id='word_1_834' title='bbox 3419 5317 3466 5366; x_wconf 84' lang='grc' dir='ltr'>οἱ</span> <span class='ocrx_word' id='word_1_835' title='bbox 3516 5316 3841 5382; x_wconf 79' lang='grc' dir='ltr'>ἀποτυγχά-</span> 
     </span>
    </p>
   </div>
   <div class='ocr_carea' id='block_1_114' title="bbox 2251 5404 3841 5476">
    <p class='ocr_par' dir='ltr' id='par_1_114' title="bbox 2251 5404 3841 5476">
     <span class='ocr_line' id='line_1_115' title="bbox 2251 5404 3841 5476; baseline 0.013 -25"><span class='ocrx_word' id='word_1_836' title='bbox 2251 5418 2431 5464; x_wconf 77' lang='grc' dir='ltr'>νοντες</span> <span class='ocrx_word' id='word_1_837' title='bbox 2452 5404 2546 5456; x_wconf 82' lang='grc' dir='ltr'><strong><em>τοῦ</em></strong></span> <span class='ocrx_word' id='word_1_838' title='bbox 2589 5407 2964 5474; x_wconf 83' lang='grc' dir='ltr'>πνευματικοῦ</span> <span class='ocrx_word' id='word_1_839' title='bbox 2997 5408 3201 5476; x_wconf 83' lang='grc' dir='ltr'>γάμου.</span> <span class='ocrx_word' id='word_1_840' title='bbox 3263 5405 3486 5471; x_wconf 73' lang='grc' dir='ltr'>καὶτῆς</span> <span class='ocrx_word' id='word_1_841' title='bbox 3523 5405 3658 5473; x_wconf 71' lang='grc' dir='ltr'>πρὸς</span> <span class='ocrx_word' id='word_1_842' title='bbox 3699 5406 3841 5474; x_wconf 76' lang='grc' dir='ltr'>Χρι-</span> 
     </span>
    </p>
   </div>
   <div class='ocr_carea' id='block_1_115' title="bbox 2253 5493 3842 5564">
    <p class='ocr_par' dir='ltr' id='par_1_115' title="bbox 2253 5493 3842 5564">
     <span class='ocr_line' id='line_1_116' title="bbox 2253 5493 3842 5564; baseline 0.003 -20"><span class='ocrx_word' id='word_1_843' title='bbox 2253 5493 2377 5545; x_wconf 75' lang='grc' dir='ltr'>στὸν</span> <span class='ocrx_word' id='word_1_844' title='bbox 2431 5497 2726 5564; x_wconf 77' lang='grc' dir='ltr'>συναφείας</span> <span class='ocrx_word' id='word_1_845' title='bbox 2793 5500 2887 5551; x_wconf 71' lang='grc' dir='ltr'><strong><em>καὶ</em></strong></span> <span class='ocrx_word' id='word_1_846' title='bbox 2945 5502 3264 5563; x_wconf 70' lang='grc' dir='ltr'>ἑστιάσεως,</span> <span class='ocrx_word' id='word_1_847' title='bbox 3298 5499 3388 5550; x_wconf 73' lang='grc' dir='ltr'><strong><em>διὰ</em></strong></span> <span class='ocrx_word' id='word_1_848' title='bbox 3419 5497 3510 5549; x_wconf 87' lang='grc' dir='ltr'><strong><em>δύο</em></strong></span> <span class='ocrx_word' id='word_1_849' title='bbox 3549 5496 3726 5550; x_wconf 84' lang='grc' dir='ltr'>ταῦτα</span> <span class='ocrx_word' id='word_1_850' title='bbox 3764 5498 3842 5557; x_wconf 77' lang='grc' dir='ltr'>ὡς</span> 
     </span>
    </p>
   </div>
   <div class='ocr_carea' id='block_1_116' title="bbox 2249 5588 3842 5661">
    <p class='ocr_par' dir='ltr' id='par_1_116' title="bbox 2249 5588 3842 5661">
     <span class='ocr_line' id='line_1_117' title="bbox 2249 5588 3842 5661; baseline 0.003 -23"><span class='ocrx_word' id='word_1_851' title='bbox 2249 5588 2340 5638; x_wconf 73' lang='grc' dir='ltr'><strong><em>ἐπὶ</em></strong></span> <span class='ocrx_word' id='word_1_852' title='bbox 2371 5588 2431 5639; x_wconf 77' lang='grc' dir='ltr'>τὸ</span> <span class='ocrx_word' id='word_1_853' title='bbox 2459 5589 2708 5642; x_wconf 81' lang='grc' dir='ltr'>πλεῖστον</span> <span class='ocrx_word' id='word_1_854' title='bbox 2744 5593 3213 5661; x_wconf 77' lang='grc' dir='ltr'>ἀποτυγχάνουσιν</span> <span class='ocrx_word' id='word_1_855' title='bbox 3243 5607 3256 5620; x_wconf 86' lang='grc'><em>”</em></span> <span class='ocrx_word' id='word_1_856' title='bbox 3291 5591 3322 5660; x_wconf 83' lang='grc' dir='ltr'><strong>ἢ</strong></span> <span class='ocrx_word' id='word_1_857' title='bbox 3356 5593 3441 5644; x_wconf 65' lang='grc' dir='ltr'>διὰ</span> <span class='ocrx_word' id='word_1_858' title='bbox 3465 5594 3563 5651; x_wconf 67' lang='grc' dir='ltr'>τὶς</span> <span class='ocrx_word' id='word_1_859' title='bbox 3591 5609 3842 5660; x_wconf 56' lang='lat' dir='ltr'><strong><em>carpat:-</em></strong></span> 
     </span>
    </p>
   </div>
   <div class='ocr_carea' id='block_1_117' title="bbox 2249 5675 3805 5753">
    <p class='ocr_par' dir='ltr' id='par_1_117' title="bbox 2249 5675 3805 5753">
     <span class='ocr_line' id='line_1_118' title="bbox 2249 5675 3805 5753; baseline -0.004 -15"><span class='ocrx_word' id='word_1_860' title='bbox 2249 5675 2348 5737; x_wconf 69' lang='grc' dir='ltr'><strong><em>κάς</em></strong></span> <span class='ocrx_word' id='word_1_861' title='bbox 2396 5677 2668 5750; x_wconf 79' lang='grc' dir='ltr'>ἡδονὰς.ἧ</span> <span class='ocrx_word' id='word_1_862' title='bbox 2704 5679 2791 5732; x_wconf 78' lang='grc' dir='ltr'>διὰ</span> <span class='ocrx_word' id='word_1_863' title='bbox 2823 5682 2880 5733; x_wconf 76' lang='grc' dir='ltr'>τὸ</span> <span class='ocrx_word' id='word_1_864' title='bbox 2904 5682 2998 5750; x_wconf 80' lang='grc' dir='ltr'>τῆς</span> <span class='ocrx_word' id='word_1_865' title='bbox 3031 5684 3406 5753; x_wconf 67' lang='grc' dir='ltr'>φιλοκερδείας</span> <span class='ocrx_word' id='word_1_866' title='bbox 3434 5685 3624 5746; x_wconf 74' lang='grc' dir='ltr'>πάθος,</span> <span class='ocrx_word' id='word_1_867' title='bbox 3667 5687 3805 5750; x_wconf 67' lang='grc' dir='ltr'>’Λςιι</span> 
     </span>
    </p>
   </div>
  </div>
