4010 6466
534 446 636 509 337
1150 484 1155 489 .
1400 421 1980 491 THEUPHYLACTI
2028 416 2432 484 BULGARLE
2470 417 2673 478 ARCH
2686 419 2698 476 l
2711 413 2823 477 ΕΡ.
3682 410 3821 473 388

540 552 695 608 trasti
744 527 847 605 non
876 547 1084 603 habens
1127 550 1328 597 vestem
1354 538 1649 608 nuptialem
1682 535 1705 587 ?
1738 533 1799 587 At
1837 532 1921 586 ille
1959 532 2104 586 obti-

2233 528 2285 595 ιὴ
2316 527 2455 596 ἔχων
2485 527 2692 597 ἔνδυμα
2724 527 2901 595 γάμου
2928 542 2942 589 ;
2989 526 3042 576 Ὀ
3063 524 3116 577 δὲ
3151 523 3421 594 ἐςιμώϐη.
3459 522 3592 575 τότε
3634 518 3816 575 εἶπεν

539 644 671 700 cuit.
702 638 853 694 Tunc
886 636 1024 690 dixit
1068 620 1157 688 rex
1198 630 1462 686 ministris
1498 645 1514 680 :
1559 626 1763 696 Ligatis
1792 623 2017 694 pedibus
2049 631 2104 675 et

2233 646 2235 663 ι
2275 618 2527 687 βασιλεὺς
2587 620 2699 679 τοῖς
2759 617 3051 679 διακόνοιςσ
3099 619 3374 687 Δήσαντες
3398 615 3564 669 αὐτοῦ
3596 617 3816 685 χεῖρας

538 734 785 791 manibus
808 730 945 798 ejus,
975 726 1140 781 tollite
1158 738 1284 779 eum
1310 720 1572 796 etejicite
1604 720 1654 772 in
1683 718 1934 773 tem-bras
1957 726 2105 768 cxte-

2231 712 2300 762 ιαὶ
2330 710 2518 772 πόδας,
2554 710 2719 779 ἄρατε
2749 708 2913 762 αὑτὸν
2966 710 3059 761 καὶ
3090 707 3349 761 ἐκϐάλετε
3386 710 3466 770 είς
3500 706 3561 759 τὸ
3594 707 3814 768 σκότςς

541 827 712 881 riores
748 840 761 876 :
806 820 879 875 ibi
934 820 1040 873 erit
1091 817 1269 880 ﬂetus,
1297 826 1354 870 et
1391 813 1592 869 stridor
1632 810 1893 865 dentium.
1952 805 2105 860 Multi

2233 801 2266 853 ’ὸ
2290 799 2573 871 ἐξώτερον
2608 804 2725 854 ἐκεῖ
2768 801 2923 853 ἔσται
2955 803 2982 855 6
3014 799 3291 869 κλαυθμὸς
3351 801 3441 853 καὶ
3478 803 3504 853 6
3540 798 3816 869 βρυγμὸς

538 916 679 969 enim
707 923 832 968 sunt
864 911 1063 975 vocati,
1104 909 1261 977 pauci
1288 921 1419 962 vero
1446 905 1621 960 electi.
1667 920 1687 953 ›
1725 902 2002 969 Ingressus
2038 896 2104 950 ad

2233 891 2314 944 πῶν
2343 893 2573 945 ὀδόντων
2595 910 2610 924 ο
2656 894 2839 947 πολλοὶ
2883 894 2993 961 γάρ
3023 894 3126 946 είσι
3181 893 3388 963 κλητοί,
3420 892 3594 959 ὀλίγοι
3616 890 3675 943 δὲ
3699 892 3816 943 ὲκ·-

539 1004 753 1072 nuptias
816 1004 936 1056 sine
991 998 1373 1069 dijudicatione
1443 996 1520 1049 ﬁt.
1576 993 1757 1049 Gratia
1803 990 1944 1045 enim
1993 988 2106 1042 sola

2232 985 2407 1039 εκτοί.
2450 1005 2468 1036 ι
2512 985 2573 1040 Ἡ
2604 985 2703 1054 μὲν
2734 988 2813 1046 εἰς
2839 986 2933 1039 τὸν
2982 986 3159 1055 γάμον
3189 986 3487 1049 εἰσέλευσις
3516 987 3643 1038 ἄνευ
3671 985 3815 1038 δια-

537 1086 723 1149 onines
756 1093 925 1147 vocati
960 1107 1148 1146 sumus
1187 1099 1295 1144 tam
1338 1090 1460 1143 boui
1492 1102 1651 1159 quam
1689 1085 1812 1139 mali
1844 1100 1857 1136 :
1904 1092 1958 1136 at
2000 1082 2105 1133 vita

2231 1078 2443 1146 ιρίσεως
2511 1076 2947 1146 γίνεται-χάριτι
3003 1080 3109 1147 γὰρ
3160 1078 3296 1147 μόνῃ
3328 1075 3814 1146 πάντε,ἐκ>,ήθη-

540 1202 730 1242 eorum
760 1188 851 1257 qui
886 1184 1115 1253 ingressi
1147 1183 1344 1237 iuerint
1377 1182 1601 1251 posthac
1630 1193 1732 1233 non
1768 1175 2108 1244 intlisqnisita

2230 1185 2333 1230 ιεν,
2373 1166 2566 1235 ἀγαθοί
2590 1184 2648 1219 τε
2677 1170 2772 1221 καὶ
2823 1165 3069 1237 πονηριὶ,
3104 1169 3137 1236 ἡ
3168 1168 3222 1220 δὲ
3259 1168 3373 1237 ζωὴ
3430 1167 3570 1237 μετὰ
3613 1167 3813 1221 ταῦτα

540 1280 666 1341 erit,
695 1279 787 1335 sed
821 1292 1046 1331 examen
1086 1274 1244 1328 valde
1287 1287 1534 1342 magnum
1576 1270 1737 1323 faciet
1780 1283 1873 1334 rex
1919 1281 2107 1321 eorum

2231 1257 2317 1309 τῶν
2348 1258 2720 1324 εἰσελθόντων,
2769 1261 2867 1312 οὐκ
2907 1260 3263 1323 ἀνεξέταστος
3321 1260 3496 1325 ἔσται,
3526 1260 3671 1313 ἀλλὰ
3701 1262 3814 1314 καὶ

541 1368 632 1435 qui
664 1375 787 1435 pust
815 1366 1114 1436 ingressum
1149 1364 1214 1416 ad
1266 1361 1515 1420 lidemjn
1553 1358 1769 1413 sordido
1795 1356 1979 1411 habitu
2027 1356 2108 1407 in-

2229 1352 2355 1404 πάνυ
2395 1350 2594 1422 πολλὴν
2629 1352 2874 1416 ἐξέτασιν
2907 1356 3140 1407 ποιεῖται
3172 1356 3198 1404 ὁ
3224 1354 3479 1423 βασιλεὺς
3510 1354 3624 1408 τῶν
3651 1357 3812 1425 μετὰ

545 1460 841 1512 venientur.
894 1436 1222 1511 Horreamus
1269 1454 1429 1523 igitur
1470 1451 1784 1519 cogitantes,
1815 1450 1966 1516 quin,
2005 1447 2107 1500 nisi

2220 1444 2272 1494 τὸ
2309 1443 2575 1496 εἰσελθεῖν
2601 1446 2675 1507 είς
2700 1446 2799 1513 τὴν
2834 1446 3017 1497 πίστιν
3051 1446 3318 1516 ῥυπαρῶν
3352 1447 3803 1516 εὑρισκομένων.

540 1549 663 1618 quis
713 1548 884 1602 vitam
936 1549 1127 1601 habeat
1160 1560 1372 1617 puram,
1410 1544 1542 1597 nihil
1594 1543 1641 1597 ei
1678 1542 1914 1610 proderit
1970 1541 2107 1593 nuda

2228 1533 2492 1603 Ρρίξωμεν
2538 1534 2632 1589 οῦν
2665 1536 3037 1605 ἐννοήσαντες,
3076 1540 3179 1605 δτι,
3217 1540 3264 1591 εἰ
3298 1540 3371 1608 μὴ
3412 1538 3525 1609 ἔχοι
3564 1558 3645 1603 τις
3678 1539 3811 1609 βίον

539 1622 723 1695 θύεθί
754 1622 860 1693 rion
894 1639 1064 1694 solum
1097 1638 1239 1693 enim
1276 1652 1306 1691 e
1339 1636 1538 1705 nuptiis
1564 1634 1800 1702 ejicitur,
1839 1633 1930 1686 sed
1970 1642 2022 1685 et
2056 1636 2108 1683 in

2227 1626 2471 1696 ιαθαρὸν,
2515 1628 2670 1681 οὐδὲν
2705 1630 2867 1681 αὑτὸν
2887 1630 3147 1701 ώφελείή
3186 1632 3371 1695 πίστις
3397 1632 3530 1701 μόνη
3552 1647 3564 1661 ·
3600 1634 3661 1685 οὐ
3700 1633 3810 1701 μό-

541 1735 721 1800 igncm
772 1732 1024 1785 mittitur.
1077 1728 1209 1797 Quis
1240 1740 1325 1784 est
1373 1728 1462 1782 ille
1518 1729 1731 1782 sordida
1788 1726 2108 1779 vestimenta

2215 1739 2298 1775 νον
2348 1724 2457 1791 γὰρ
2488 1720 2811 1775 ἐκϐάλλεται
2840 1723 2902 1773 ἐκ
2937 1720 3027 1772 τοῦ
3076 1722 3277 1789 γάμου,
3312 1706 3448 1774 ἀλλὰ
3490 1723 3584 1775 και
3619 1724 3702 1785 εἷς
3729 1721 3798 1774 τδ

542 1822 787 1893 gerens?
837 1821 883 1876 Is
912 1822 1005 1891 qui
1040 1837 1143 1876 non
1185 1822 1405 1875 indutus
1437 1828 1519 1873 est
1552 1819 1759 1872 viscera
1806 1815 2109 1869 miseratio-

2226 1813 2327 1883 πῦρ
2383 1814 2791 1884 ἀποπέμπεται.
2849 1814 3041 1893 Τίςδὲ
3074 1815 3221 1866 ἐστιν
3255 1814 3282 1865 6
3311 1812 3542 1883 ’ῥυπαρὰ
3596 1814 3809 1883 ἱμάτια

546 1892 695 1977 num,
729 1913 1147 1978 fraternitatem,
1179 1910 1589 1983 benignitatem.
1628 1908 1775 1962 Multi
1831 1910 1991 1977 igitur
2020 1920 2109 1961 se-

2225 1905 2436 1974 poptbv;
2481 1904 2540 1956 ὐ
2573 1903 2648 1975 μὴ
2705 1892 3069 1973 ἐνδυσάμενος
3123 1904 3410 1971 σπλάγχνα
3465 1903 3808 1972 οἰκτιρμῶν,

544 2003 692 2071 ipsos
745 2020 877 2059 vana
928 2019 1023 2072 Spe
1053 1982 1402 2073 decipientes,
1454 2012 1645 2072 putant
1689 2004 1830 2068 quod
1890 2008 2110 2069 regnum

2230 1995 2581 2066 (ρηστότητα,
2637 1995 2991 2064 φιλαδελφίαν
3027 2010 3039 2022 ·
3079 1995 3263 2047 πολλοί
3297 1994 3388 2048 οῦν
3412 1995 3639 2058 ἑαυτοὺς
3711 1994 3813 2061 εξ-

541 2096 800 2151 ccelorum‘
836 2105 1211 2167 assequentur,
1254 2105 1308 2150 et
1336 2097 1541 2163 seipsos
1594 2094 1754 2148 simul
1803 2094 2112 2147 immiscent

2228 2089 2536 2150 ιπατῶντες
2599 2090 2778 2151 κεναῖς
2808 2088 3007 2150 ἐλπίσι,
3061 2087 3374 2156 νομίζουσιν
3398 2088 3479 2140 ὅτι
3510 2086 3611 2155 τῆς
3640 2085 3811 2156 βασι-

540 2188 987 2243 disCumbentiuut
1024 2190 1211 2249 choro,
1241 2188 1536 2241 sentientes
1565 2187 1629 2240 de
1662 2186 1853 2255 seipsis
1887 2197 2107 2251 magna.

2213 2181 2357 2243 λείας
2390 2181 2497 2233 τῶν
2523 2181 2768 2251 οὐρανῶν
2804 2179 3205 2244 ὲπιτεύξονται,
3246 2182 3340 2232 καὶ
3371 2180 3793 2261 παρεμϐάλλου-

541 2276 825 2334 Rationem
877 2280 1038 2349 igitur
1080 2293 1299 2333 sumens
1336 2276 1596 2332 Dominus
1630 2277 1697 2331 ab
1750 2277 1967 2344 indigno
2000 2274 2110 2338 illo,

2217 2288 2299 2323 σιν
2347 2272 2571 2332 ἑαυτοὺς
2600 2269 2675 2340 τῷ
2723 2270 2832 2323 τῶν
2878 2270 3256 2339 ἀνακειμένων
3318 2269 3484 2341 χορῷ.
3546 2269 3800 2337 οἰόμενοι

542 2379 809 2425 monstrat
853 2368 1006 2425 nobis
1053 2371 1158 2423 duo
1206 2369 1360 2423 lucc:
1396 2382 1586 2431 unum,
1621 2366 1762 2435 quod
1804 2364 2113 2419 miserimus

2229 2363 2344 2431 περὶ
2377 2361 2587 2414 ἑαυτῶν
2631 2360 2863 2430 μεγάλα.
2902 2360 3424 2431 Δικαιολογούμενος
3452 2361 3509 2413 δὲ
3539 2363 3566 2413 6
3586 2359 3812 2430 Κύριος

544 2460 616 2514 sit
641 2477 655 2525 ;
690 2460 944 2525 alterum,
991 2460 1130 2526 quod
1149 2466 1200 2512 et
1222 2472 1322 2512 nos
1352 2456 1532 2509 nullos
1561 2454 1922 2510 condemnare
1951 2453 2115 2507 debe-

2225 2454 2349 2525 πρὸς
2382 2454 2472 2506 τὸν
2505 2451 2722 2516 ἀνάξιον
2754 2454 2981 2515 ἐκεῖνον,
3006 2452 3281 2505 δείκνυσιν
3316 2453 3451 2524 ἡμῖν
3476 2452 3567 2504 δύο
3595 2452 3808 2506 ταῦτα·

543 2564 687 2615 ntus,
726 2549 937 2603 etiamsi
974 2547 1263 2602 manifeste
1302 2553 1546 2615 peccent,
1582 2544 1686 2598 nisi
1722 2543 2117 2612 redarguzunur

2228 2541 2275 2595 ἓν
2302 2542 2421 2612 μὲν,
2452 2542 2535 2595 ὅτι
2580 2540 2963 2611 φιλάνθρωπός
3016 2544 3187 2605 ἐστιν,
3249 2540 3441 2613 ἕτερον
3471 2542 3548 2606 δὲ,
3582 2542 3664 2595 ὅτι
3704 2542 3811 2595 καὶ

544 2650 851 2709 peccantes.
893 2636 1033 2692 Dicit
1072 2637 1240 2707 igitur
1287 2636 1552 2690 Dominus
1590 2635 1877 2698 ministris,
1912 2633 2118 2702 angelis

2297 2635 2365 2696 ηᾶς
2423 2634 2504 2686 δεῖ
2547 2633 2623 2703 μὴ
2668 2630 3100 2700 καταγινώσκειν
3152 2632 3339 2697 τινῶν,
3388 2631 3487 2685 κᾶν
3545 2631 3812 2702 φανερᾶς
3872 2640 3880 2643 ·

549 2728 881 2782 tortoribus:
921 2745 939 2778 ι
980 2727 1180 2796 Ligatis
1216 2726 1460 2780 inanibus
1498 2734 1553 2781 et
1582 2726 1826 2794 pedibus,
1879 2742 1897 2775 ι
1935 2725 1987 2777 id
2012 2732 2115 2787 est,

2233 2724 2561 2794 Ξμάρτωσιν,
2588 2725 2637 2775 εί
2669 2722 2745 2793 μὴ
2776 2723 3109 2792 ἐλεγχθῶσιν
3138 2724 3189 2775 οἱ
3228 2722 3587 2793 ἁμαρτόντες.
3634 2722 3816 2791 Λέγει

549 2818 841 2887 operativis
872 2819 993 2885 t‘jUS
1023 2818 1328 2871 virtutibus.
1360 2815 1413 2869 ln
1445 2816 1645 2878 szeculo
1676 2816 1819 2869 enim
1864 2813 2116 2883 praesenti

2229 2811 2311 2869 νῦν
2330 2817 2359 2869 6
2386 2816 2587 2886 Κύριος
2614 2817 2727 2877 τοῖς
2752 2816 3043 2881 διακόνοις,
3072 2816 3325 2883 ἀγγέλοις
3367 2816 3812 2885 τιμωρητικοϊςο

550 2911 763 2978 sperari
800 2925 1103 2978 pOSSllllillS,
1143 2911 1193 2963 in
1226 2912 1405 2963 futuro
1443 2920 1623 2964 autem
1652 2909 1848 2961 saeculo
1882 2907 2105 2976 ligantur

2229 2927 2244 2960 ι
2272 2909 2545 2977 Δήσαντες
2573 2907 2738 2959 αὐτοῦ
2769 2910 2960 2977 χεῖρας
2991 2909 3087 2960 καὶ
3118 2908 3308 2971 πόδας,
3346 2927 3363 2959 ι
3400 2906 3669 2969 τουτέστι,
3695 2904 3812 2971 τὰς

548 3015 737 3054 omnes
792 3002 1015 3057 virtutes
1073 3002 1269 3055 animae
1324 2990 1638 3068 opt-rati'vaa,
1683 3008 1738 3052 et
1784 3014 1887 3052 non
1944 3008 2121 3066 potest

2234 3000 2529 3069 πρακτικὰς
2557 3002 2653 3069 τῆς
2678 2997 2856 3068 ψυχῆς
2876 2998 3041 3052 αὑτοῦ
3076 3000 3362 3068 δυνάμεις.
3410 2999 3500 3051 Ἐν
3534 2997 3610 3068 τῷ
3641 2996 3817 3049 αίῶνι

548 3090 664 3145 ﬁeri
696 3091 895 3160 aliquid
928 3092 1049 3146 boni
1083 3091 1135 3144 in
1159 3091 1485 3149 ablutionem
1509 3100 1876 3167 peccatorum.
1910 3091 2122 3146 Stridor

2236 3094 2324 3162 μὲν
2384 3093 2492 3160 γὰρ
2523 3092 2598 3161 τῷ
2627 3092 2908 3158 ἐνεστῶτι,
2968 3094 3084 3145 ἐστι
3119 3093 3325 3163 πρᾶξαι
3384 3094 3478 3145 καὶ
3501 3090 3819 3162 ἐνεργῆσαί

550 3194 731 3237 autem
769 3182 1037 3244 dentium,
1074 3182 1391 3251 pmnitentia
1422 3192 1526 3247 est,
1559 3197 1679 3253 quae
1712 3192 1840 3248 tunc
1871 3184 2036 3238 stulte
2066 3196 2120 3236 et

2239 3203 2299 3250 τι,
2333 3186 2470 3252 ἐν,δέ
2496 3185 2570 3255 τῷ
2615 3186 2887 3254 μέλλοντι,
2917 3184 3246 3255 δεσμοῦνται
3278 3186 3450 3239 πᾶσαι
3482 3186 3538 3237 αἱ
3570 3201 3822 3255 πρακτι-

556 3273 820 3327 inutiliter
848 3273 925 3329 iit.
960 3273 1111 3329 Multi
1141 3285 1321 3330 autem
1349 3284 1474 3330 sunt
1502 3276 1701 3340 vocati,
1738 3274 1899 3345 119
1926 3275 2125 3330 multos

2239 3280 2322 3331 Ital.
2384 3278 2642 3347 δυνάμεις
2697 3279 2797 3345 τῆς
2848 3277 3046 3347 ψυχῆς.
3104 3278 3213 3330 Καὶ
3235 3279 3335 3351 οὐκ
3362 3278 3476 3330 ἐστι
3511 3281 3822 3349 ποιῆσαίτι

552 3364 696 3416 enim
723 3365 805 3417 vel
824 3367 997 3433 potius
1019 3381 1205 3421 omnes
1224 3377 1382 3422 vocat
1414 3365 1589 3424 Deus:
1617 3370 1772 3437 pauci
1799 3384 1926 3423 vero
1945 3370 2123 3423 electi.

2236 3370 2427 3436 ὶγαοὺν
2458 3372 2533 3429 είς
2586 3370 2953 3437 ἀντισήκωσιν
2978 3370 3087 3420 τῶν
3123 3370 3432 3439 ἁμαρτιῶν·
3470 3370 3713 3441 βρυγμὸς
3753 3372 3819 3427 δὲ

487 3518 499 3532 ⁸
550 3454 710 3510 Pauci
752 3458 893 3509 enim
927 3459 1016 3526 qui
1042 3458 1343 3523 salvantur,
1371 3469 1425 3514 et
1451 3462 1541 3530 qui
1589 3461 1734 3531 digni
1787 3471 1918 3516 sunt
1952 3473 2008 3516 ut
2031 3463 2070 3515 el

2234 3460 2476 3523 ὀδόντων,
2523 3462 2551 3530 ἡ
2585 3462 2705 3513 τότε
2744 3461 3091 3532 γενησομένη
3123 3462 3395 3531 ἀνονήτως
3428 3464 3775 3531 μεταμέλεια
3800 3480 3817 3497 ο

551 3538 746 3617 gantur
775 3565 801 3601 a
838 3547 943 3604 Deo
976 3568 989 3603 :
1018 3551 1090 3606 ita
1125 3561 1178 3604 ut
1209 3550 1297 3604 Dei
1326 3551 1541 3621 quidem
1575 3553 1645 3606 sit
1680 3569 1890 3615 vocare,
1922 3556 2127 3610 electos

2234 3551 2417 3605 πολλοὶ
2444 3553 2497 3604 δέ
2525 3557 2632 3604 εἰσι
2684 3551 2894 3622 κλητοὶ,
2948 3552 3177 3616 πολλοὺς
3230 3554 3340 3623 γὰρ
3381 3553 3539 3607 καλεῖ
3588 3557 3615 3607 6
3649 3554 3817 3620 θεὸς,

550 3653 730 3695 autem
748 3643 882 3709 ﬁeri,
907 3644 989 3697 vel
1008 3657 1131 3708 non,
1154 3655 1396 3699 nostrum
1417 3654 1518 3701 est.
1540 3644 1787 3699 Ostendit
1805 3645 1967 3715 igitur
1984 3647 2126 3714 quod

2240 3644 2433 3713 μᾶλλον
2461 3643 2520 3697 δὲ
2555 3645 2781 3708 πάντας·
2808 3646 2979 3713 ὀλίγοι
3006 3646 3065 3699 δὲ
3097 3646 3373 3699 ἐκλεκτοί.
3421 3646 3620 3712 Ὀλίγοι
3654 3649 3749 3698 καί
3768 3651 3823 3701 οἱ

552 3744 766 3802 pt-Opter
799 3733 1008 3790 Jutlaeos
1037 3736 1176 3789 dicta
1211 3736 1281 3789 sit
1302 3736 1580 3805 parabola,
1605 3735 1694 3804 qui
1721 3737 2126 3804 vocatiquidem

2241 3733 2532 3804 σωζόμενοι
2566 3738 2659 3789 καὶ
2689 3737 2829 3802 ἄξιοι
2864 3737 2958 3790 τοῦ
2987 3738 3277 3806 ὲκλεγῆναι
3308 3738 3459 3809 παρὰ
3484 3739 3640 3791 Θεοῦ·
3670 3738 3824 3792 ὥστε

554 3820 725 3885 fuere.
770 3840 873 3879 non
916 3834 1093 3879 autem
1134 3825 1311 3888 electi,
1384 3840 1449 3879 eo
1494 3826 1636 3893 quod
1668 3840 1768 3878 non
1801 3826 2115 3879 audierunt.

2244 3827 2330 3879 τοῦ
2365 3830 2463 3898 μὲν
2511 3830 2672 3891 Θεοῦ,
2710 3831 2768 3882 τὸ
2802 3832 3010 3893 καλεῖν,
3038 3831 3178 3885 τὸδὲ
3213 3832 3505 3895 ἐκλεκτοὺς
3559 3831 3827 3900 γενέσθαι

559 3914 717 3985 ἡμὴ,
754 3916 1020 3986 ἡμέτερόν
1051 3917 1202 3967 ἐστι’
1257 3914 1497 3967 δείκνυσι
1544 3914 1743 3980 τοίνυν,
1810 3916 1889 3969 ὅτι
1936 3916 2020 3968 διὸ.
2046 3916 2172 3978 τοὺς
2228 3916 2511 3981 Ἰουδαίους
2543 3918 2735 3989 ἐλέχθη
2784 3921 2816 3989 ὴ
2864 3920 3166 3989 παραϐολὴ,
3220 3921 3271 3972 οἱ
3326 3921 3635 3992 ἐκλήθησαν
3692 3922 3829 3992 μὲν⁹

559 4007 659 4057 οὐκ
691 4006 1019 4074 ἐξελέγησαν
1057 4006 1136 4071 δέ,
1166 4006 1240 4067 ὼς
1277 4005 1351 4075 μὴ
1382 4003 1736 4066 ἀκούσαντες.

631 4098 791 4155 sts.
836 4101 923 4163 15,
963 4100 1048 4153 l6.
1091 4116 1111 4150 ι
1165 4098 1318 4152 Tunc
1362 4100 1621 4151 abeuntes
1652 4096 1907 4151 Pbarismi
1954 4099 2132 4151 consi—

2311 4116 2328 4147 ι
2354 4096 2487 4150 Τότε
2506 4096 2859 4165 πορευθέντες
2888 4098 2938 4148 οἱ
2968 4098 3249 4165 Φαρισαῖοι
3279 4097 3601 4167 συμϐούλιον
3627 4100 3832 4174 ἔλαϐον

558 4193 688 4251 lium
720 4202 977 4260 ceperunt
1030 4202 1089 4244 ut
1144 4190 1499 4258 illaqueareut
1551 4203 1673 4240 eum
1722 4189 1773 4240 in
1823 4202 2073 4240 SCI'IIIOtte
2115 4205 2127 4240 :

2251 4190 2382 4251 5πως
2406 4188 2569 4242 αὐτὸν
2602 4189 3005 4255 παγιδεύσωσιν
3028 4191 3086 4239 ἐν
3114 4188 3278 4258 λόγῳ·
3322 4191 3417 4241 καὶ
3458 4191 3834 4246 ἀποστέλλου-

557 4295 616 4339 et
674 4286 739 4338 ad
790 4286 937 4337 illum
987 4284 1240 4339 emittunt
1277 4282 1571 4349 discipulos
1626 4296 1751 4334 suos
1786 4294 1910 4335 cum
1965 4279 2134 4334 ΙΙιϊυ-

2250 4296 2328 4333 πιν
2380 4281 2528 4351 αὐτῷ
2558 4282 2685 4343 τοὺς
2710 4282 2958 4352 μαθητὰς
3005 4282 3183 4335 αὐτῶν
3218 4284 3357 4352 μετὰ
3400 4284 3507 4336 τῶν
3557 4286 3833 4358 Ἡρωδια-

563 4374 760 4431 dianis.
800 4393 817 4424 ι
854 4373 955 4427 Per
1002 4374 1226 4427 insidias
1278 4375 1391 4427 haec
1440 4371 1640 4426 ﬁebant
1692 4389 1703 4424 :
1745 4384 2028 4440 propterea
2080 4381 2135 4425 et

2249 4372 2365 4427 νῶν.
2406 4390 2425 4422 ι
2497 4371 2794 4441 Ἐπιϐουλὴ
2820 4368 2888 4441 ἦν
2918 4372 2978 4423 τὸ
3015 4373 3325 4442 γινόμενον,
3363 4373 3450 4427 διὰ
3479 4373 3637 4428 τοῦτο
3669 4379 3771 4431 καὶ
3802 4382 3832 4432 6

561 4465 740 4522 Lucas
778 4466 1119 4521 insidiatores
1168 4466 1287 4521 illos
1335 4476 1510 4528 vocat,
1545 4474 1799 4531 tanquam
1845 4464 2040 4519 missos
2077 4465 2131 4521 in

2251 4464 2452 4526 Mundi;
2467 4463 2798 4532 ἐγκαθέτους
2820 4466 2944 4527 τοὺς
2972 4465 3247 4525 τοιούτους
3273 4466 3553 4535 ὀνομάζει,
3587 4469 3663 4531 ὡς
3689 4469 3834 4523 ύποτ

564 4562 667 4615 hoc
697 4570 753 4613 ut
802 4562 1121 4614 insidientur
1165 4557 1404 4612 Christo.
1449 4557 1732 4611 Herodiani
1768 4565 1947 4610 autem
1980 4567 2133 4611 erant

2249 4555 2586 4624 πεμφθέντας
2617 4556 2707 4607 ἐπὶ
2734 4556 2794 4607 τὺ
2818 4555 3200 4609 ἐπιϐουλεῦσαι
3226 4559 3468 4630 Χριστῷ
3498 4559 3832 4630 Ίιρωδιανοὶ

566 4655 649 4707 vel
697 4653 920 4706 ilerodis
984 4653 1203 4713 milites,
1268 4651 1351 4703 vel
1400 4651 1493 4717 qui
1558 4652 1815 4718 putabant
1874 4649 2135 4703 llerodcm

2251 4647 2296 4697 δὲ
2325 4643 2485 4716 ἦσαν,
2519 4648 2551 4713 ἢ
2589 4649 2636 4698 oi
2663 4647 2756 4697 τοῦ
2804 4647 3044 4716 Ἡρώδου
3099 4651 3449 4718 στρατιῶται,
3486 4650 3517 4719 ἢ
3563 4653 3613 4704 οἱ
3669 4654 3834 4723 νομί-

566 4746 864 4798 Christum.
915 4744 1178 4807 Quoniam
1212 4742 1354 4795 enim
1393 4742 1767 4795 deﬁcientibus
1810 4742 2139 4809 principibus

2252 4734 2426 4799 ζοντες
2468 4738 2717 4807 Ἡρώδην
2767 4732 2907 4791 εἶναι
2942 4740 3030 4791 τὸν
3089 4742 3347 4811 Χριστόν’
3390 4728 3515 4795 ἐπεὶ,
3547 4746 3653 4815 γὰρ
3684 4747 3835 4801 ἐκλι-

567 4833 699 4887 ,Ιιιιία
751 4836 991 4900 regnavit
1046 4834 1307 4893 Herodes,
1344 4830 1754 4883 arbitrabantur
1797 4832 1969 4897 ipsqu
2017 4844 2139 4883 esse

2249 4828 2457 4880 πάντων
2502 4829 2609 4881 τῶν
2662 4830 2938 4899 ἀρχόντων
2985 4831 3174 4895 Ἰούδα,
3204 4834 3607 4893 ὲόασίλευσενὸ
3648 4840 3832 4912 Ἡρώ-

568 4926 839 4979 Christum
890 4942 905 4976 :
958 4926 1181 4977 veniunt
1230 4923 1391 4990 igitur
1428 4921 1686 4974 Pharisaei
1721 4936 1841 4973 cum
1887 4919 1993 4973 illis
2028 4918 2141 4973 illa-

2247 4920 2357 4989 δης,
2396 4922 2673 4991 ἐνόμισαν,
2712 4926 2793 4977 ὅτι
2820 4924 2981 4987 αὑτός
3015 4928 3163 4977 ἐστιν
3186 4929 3212 4979 6
3234 4916 3491 4998 Χριστός.
3530 4932 3830 5001 Ἐρχσνται

569 5016 815 5085 qucaturi
866 5032 1010 5071 eum.
1060 5016 1197 5069 Audi
1250 5016 1393 5069 cnitn
1432 5014 1703 5083 quomodo
1744 5014 2032 5084 loquantur
2063 5014 2143 5066 di-

2244 5012 2424 5065 τοίνυν
2464 5016 2510 5066 οί
2545 5015 2827 5082 Φαρισαῖοι
2863 5015 3001 5084 μετὰ
3026 5016 3231 5070 τούτων
3263 5021 3687 5087 παγιδεύσοντες
3727 5026 3827 5077 αύ-

571 5118 751 5159 ceutes
788 5122 801 5159 :
2246 5105 2354 5158 τόν.
2396 5107 2592 5158 Ἀκουε
2630 5108 2686 5158 δὲ
2719 5108 2835 5169 πῶς
2871 5108 3153 5177 ὁμιλοῦσιν
3180 5112 3349 5181 αὐτῷ,
3374 5113 3642 5181 λέγοντεςο

649 5193 811 5249 Vens.
837 5192 1017 5246 lii-22.
1058 5210 1073 5241 ι
1117 5192 1394 5260 Magister,
1428 5193 1629 5247 scimus
1656 5193 1799 5261 quod
1846 5208 2005 5245 verax
2045 5193 2139 5256 sis,

2324 5217 2341 5246 ι
2379 5196 2699 5258 Διδάσκαλε,
2734 5196 2977 5266 οἴδαμεν,
3001 5200 3082 5251 ὃτι
3108 5200 3317 5270 ἀληθὴς
3349 5198 3418 5262 sl,
3456 5205 3548 5255 καὶ
3578 5204 3676 5273 τὴν
3708 5205 3831 5258 ὁδὸν

574 5295 627 5339 et
658 5286 794 5336 viam
824 5285 913 5337 Dei
953 5287 1002 5337 in
1048 5288 1279 5339 veritate
1334 5288 1514 5347 doces,
1552 5301 1721 5353 neque
1773 5300 1929 5338 cures
1956 5301 2143 5353 quem-

2248 5287 2342 5340 τοῦ
2402 5290 2536 5343 Θεοῦ
2585 5291 2642 5340 ἐν
2680 5288 2910 5361 ἀληθεία
2962 5292 3254 5358 διδάσκεις,
3294 5296 3385 5345 καὶ
3415 5296 3473 5347 ού
3515 5295 3699 5364 μέλλει
3744 5313 3830 5352 σοι

576 5392 735 5445 quam
769 5390 782 5427 :
814 5392 916 5429 non
944 5379 1083 5430 enim
1118 5379 1342 5445 respicis
1383 5394 1663 5445 perstumm
1705 5380 2008 5431 hominum.
2055 5378 2146 5431 Dic

2254 5380 2382 5452 περὶ
2411 5381 2647 5443 οὐδενὸς,
2674 5382 2732 5433 ού
2762 5382 2869 5453 γὰρ
2921 5383 3138 5452 βλέπεις
3171 5387 3249 5447 είς
3286 5387 3576 5453 πρόσωπον
3612 5388 3831 5461 ἀνθρώ-

574 5482 703 5535 ergo
759 5467 933 5530 nobis,
966 5469 1093 5535 quid
1141 5468 1235 5521 tibi
1294 5470 1547 5521 videtur?
1577 5468 1723 5521 Licet
1769 5484 1983 5521 sensum
2030 5468 2146 5521 dari

2252 5490 2387 5525 πων.
2440 5472 2572 5523 Εἰπὲ
2604 5472 2697 5526 οῦν
2742 5476 2893 5542 ἡμῖν,
2942 5475 2993 5527 τί
3026 5492 3105 5527 σοι
3137 5475 3328 5541 δοκεῖς
3371 5477 3614 5542 Ἔξεστιν
3635 5479 3827 5534 δοῦναι

573 5558 797 5622 Caesari,
822 5574 1002 5611 annon
1041 5560 1063 5612 ’ί
1090 5559 1312 5630 Cognita
1345 5570 1518 5613 autem
1538 5559 1694 5615 Iesus
1713 5562 1912 5615 malitia
1938 5577 2143 5624 eorum,

2255 5565 2452 5633 κῆνσον
2486 5566 2747 5635 Καίσαρι,
2782 5566 2813 5636 ἢ
2840 5565 2897 5619 ού
2923 5585 2937 5632 ;
2971 5568 3141 5630 Γνοὺς
3165 5568 3220 5620 δὲ
3258 5571 3299 5624 6,
3318 5571 3523 5636 Ἰησοῦς
3543 5572 3644 5640 τὴν
3662 5590 3834 5644 πονη-

579 5651 654 5704 ait
684 5670 697 5707 :
728 5652 867 5716 Quid
899 5667 983 5707 me
1027 5654 1268 5717 leutatis,
1304 5655 1605 5723 hypocrita:
1634 5655 1655 5707 ?
1688 5652 1969 5708 Ostendite
2013 5653 2145 5708 mihi

2255 5654 2377 5723 ρίαν
2433 5654 2631 5715 αὐτῶν,
2680 5652 2842 5708 εἶπε·
2876 5656 2945 5707 εΓί
3013 5656 3078 5725 μὲ
3116 5659 3431 5728 πειράζετε,
3499 5662 3829 5732 ύττοκριταίς

579 5740 847 5793 numisma
889 5754 1099 5793 census.
1140 5744 1203 5795 At
1234 5743 1306 5796 illi
1337 5742 1649 5797 obtulerunt
1682 5745 1727 5797 ei
1756 5746 2056 5799 denarium.
2084 5742 2147 5797 Et

2268 5746 2599 5811 Ἐπιδείξατὲ
2625 5764 2712 5817 μοι
2733 5748 2792 5799 τὸ
2822 5749 3062 5820 νόμισμα
3094 5751 3187 5802 τοῦ
3222 5753 3443 5819 κήνσου.
3478 5756 3551 5807 Ὀἱ
3579 5756 3632 5807 δὲ
3656 5774 3832 5825 προς.

583 5830 657 5883 ait
681 5830 820 5885 illis:
854 5831 1019 5902 Cujus
1050 5842 1129 5889 cst
1168 5837 1341 5905 imago
1383 5838 1493 5889 lucc
1529 5846 1581 5889 et
1611 5838 1925 5907 inscriptio?
1953 5839 2147 5894 Dicunt

2258 5842 2492 5911 ήνεγκτν
2538 5840 2683 5907 αὐτ·ἶί
2730 5840 3001 5911 δηνάριον.
3043 5844 3152 5895 Καὶ
3197 5843 3352 5909 λέγει
3383 5847 3583 5909 αὐτοῖς’
3619 5849 3827 5917 Τίνεμὴ
