4010 6416
591 383 695 452 391

1441 386 2031 450 THEOPHYLACTI
2058 388 2478 460 'BULGARIAS
2520 395 2881 457 ARCHIE‘P.

3761 396 3887 458 392

594 511 804 561 Diceret
847 505 993 575 quis,
1027 503 1076 559 Ο
1119 503 1473 558 contaminati
1516 504 1822 586 Saddut-aai,
1854 509 2053 576 prioris
2078 525 2152 576 qu

2273 513 2365 563 καὶ
2412 513 2574 576 τίνος
2637 514 2839 577 αὐτῶν,
2890 513 3077 581 φασὶν,
3133 514 3289 568 ἔσται
3323 517 3355 584 ἡ
3384 513 3745 584 γυνή;Εῖποι
3774 516 3887 570 οὑν

592 601 821 654 duxerat
866 613 1001 652 uxor
1046 597 1168 658 erit,
1217 596 1483 665 sieuidetu
1534 599 1954 653 concederemus
1998 600 2051 653 in
2085 616 2168 653 re-

591 690 928 745 surrectione
971 689 1186 758 nuptias
1225 685 1345 742 fore
1391 703 1406 741 :
1445 686 1538 742 alii
1567 689 1711 743 enim
1760 705 1866 742 non
1907 689 2041 755 veri,
2075 690 2167 743 sed

595 781 690 833 viri
720 787 877 832 erant
907 779 1220 834 accessorii.

658 955 822 1011 Vens.
861 958 1053 1014 19-33.
1107 977 1126 1010 ι
1177 944 1532 1029 Respondens
1571 966 1751 1013 autem
1800 958 1982 1024 Jesus,
2032 960 2167 1014 dixit

585 1049 688 1104 illis
717 1067 730 1102 :
764 1051 989 1111 Erratis,
1015 1052 1318 1105 nescientes
1350 1049 1685 1118 Scripturas,
1707 1062 1888 1119 neque
1909 1052 2163 1104 virtutem

591 1137 706 1192 Dei.
760 1139 819 1194 ln
877 1141 1275 1194 resurrectione
1333 1142 1476 1194 ettim
1528 1156 1702 1208 neque
1761 1142 2164 1195 matrimonium

586 1239 935 1297 contrahunt,
975 1247 1147 1299 neque
1191 1231 1507 1310 elocantur,
1527 1233 1624 1287 sed
1660 1233 1952 1287 sunt-sicut
1992 1233 2164 1301 angeli

585 1323 680 1375 Dei
719 1325 770 1376 in
805 1323 962 1376 caelo.
991 1324 1065 1376 De
1088 1325 1484 1378 resurrectione
1518 1338 1644 1376 vero
1679 1331 2016 1376 mortuormn
2055 1339 2159 1375 non

585 1414 792 1481 legistis
822 1417 961 1482 quod
999 1416 1148 1468 vobis
1177 1416 1376 1468 dictum
1407 1423 1489 1469 est
1517 1429 1545 1467 a
1580 1414 1707 1480 Deo,
1733 1415 1844 1484 Ego
1871 1429 1990 1467 sum
2019 1414 2160 1466 Deus

580 1505 878 1570 Abraham,
903 1505 1047 1557 Deus
1079 1503 1246 1563 Isaac.
1269 1517 1318 1558 et
1348 1506 1485 1559 Deus
1505 1504 1713 1558 Jacob?
1742 1505 1860 1557 Non
1885 1513 1967 1559 est
1996 1504 2158 1570 Deus,

583 1604 916 1650 mortuorum
953 1594 1116 1654 Deus.
1151 1597 1245 1649 sed
1281 1597 1592 1650 viventium.
1632 1596 1842 1650 Etcum
1879 1597 2160 1652 audissent

583 1686 778 1748 turbae,
832 1695 1158 1756 Stupuerunt
1217 1690 1281 1743 de
1333 1686 1576 1743 dcctriiia
1636 1690 1775 1759 ejus.
1831 1708 1848 1740 ι
1908 1689 2158 1744 Ostendit

583 1779 834 1835 Salvator
865 1797 915 1834 et
953 1784 1408 1837 resurrectionem
1457 1782 1716 1848 futuram,
1751 1794 1804 1836 et
1849 1799 1955 1836 non
1995 1785 2155 1837 talem

578 1873 874 1937 cartmlem,
914 1884 968 1925 ut
1012 1884 1218 1934 errant,
1254 1875 1347 1928 sed
1377 1875 1701 1926 diviniorem
1734 1883 1786 1926 et
1813 1875 2151 1942 spirituulio-
2187 1862 2228 1920 Β

581 1981 714 2018 rem.
756 1966 892 2030 Quid
937 1968 1103 2030 enim,
1162 1967 1354 2036 inquit,
1408 1967 1640 2030 erratis,
1674 1968 1975 2022 nescientes
2009 1966 2155 2022 Scri-

579 2069 790 2126 pturas,
841 2065 896 2111 et
940 2057 1046 2109 vim
1091 2056 1235 2110 Dei?
1283 2056 1413 2110 Dium
1469 2057 1512 2110 si
1565 2056 1871 2124 Scripturas
1918 2061 2151 2125 sciretis,

578 2149 875 2202 crederetis
905 2149 1088 2216 utique
1113 2148 1277 2199 Deum
1307 2162 1566 2202 nonesse
1600 2149 1764 2201 Deum
1794 2164 2151 2215 mortuorum,

579 2239 678 2292 sed
715 2238 1037 2292 viventium.
1070 2238 1222 2303 Qttod
1261 2239 1305 2292 si
1345 2241 1595 2294 virtutem
1638 2242 1727 2306 Dei
1778 2246 2011 2307 sciretis,
2063 2259 2151 2297 eo-

579 2330 917 2398 gnosceretis
971 2330 1156 2398 utique
1190 2331 1297 2383 Deo
1343 2334 1521 2384 omnia
1582 2348 1727 2392 esse,
1763 2333 2063 2402 possibilia,
2098 2348 2152 2390 et

576 2434 734 2489 posse
769 2420 931 2472 Deum
972 2418 1156 2474 facere
1189 2431 1244 2473 ut
1282 2423 1530 2476 homines
1572 2425 1757 2477 vivant
1790 2429 1927 2479 sicut
1953 2429 2148 2496 angeli.

578 2506 711 2562 Vide
767 2517 945 2561 autem
1002 2510 1326 2578 sapientiam
1387 2512 1618 2567 Domini.
1673 2512 1751 2567 Illi
1811 2531 1906 2585 per
1967 2516 2150 2571 Mosen

577 2601 914 2654 conabantur
957 2602 1150 2671 dogma
1185 2603 1250 2656 de
1290 2605 1694 2659 resurrectione
1733 2610 2070 2674 subvertere,
2100 2623 2154 2662 et

575 2689 839 2744 Dominus
892 2706 986 2760 per
1037 2689 1222 2746 Mosen
1279 2695 1384 2748 illis
1429 2695 1622 2750 iterum
1674 2701 1984 2768 perSuadet.
2041 2701 2151 2771 Ego

577 2780 723 2831 enitn
750 2778 894 2842 sum,
924 2779 1129 2846 inquit,
1168 2779 1309 2834 Deus
1342 2781 1637 2848 Abraham,
1684 2796 1738 2838 et
1770 2784 1943 2851 lsaa'c,
1977 2799 2026 2842 et
2061 2789 2152 2842 Ja-

579 2867 704 2920 cob.
742 2866 854 2921 Hoc
899 2880 1078 2921 autem
1131 2872 1311 2925 dicere
1336 2873 1443 2924 vult
1473 2891 1485 2926 :
1519 2875 1659 2929 Deus
1691 2891 1796 2930 non
1842 2890 1922 2932 est
1963 2892 2148 2935 eorum

575 2955 722 3012 Deus
755 2961 845 3026 qui
880 2975 984 3012 non
1024 2971 1172 3024 sunt,
1209 2963 1301 3016 sed
1327 2965 1416 3030 qui
1449 2966 1750 3020 Subsistunt
1778 2981 1833 3023 et
1876 2981 2024 3024 sunt.
2050 2970 2152 3026 Nea

576 3062 685 3116 (μισ
731 3049 873 3102 enim
922 3051 1078 3116 dixit,
1123 3052 1276 3120 121
1313 3054 1424 3122 Ego
1465 3070 1633 3120 erant,
1667 3060 1784 3122 sed,
1819 3059 1972 3113 Sum.
2016 3059 2147 3113 Nam

578 3140 828 3206 quamvis
883 3144 1081 3195 mortui
1135 3146 1282 3207 sint,
1340 3159 1436 3213 spe
1491 3158 1667 3202 tamen
1734 3153 2148 3206 resurreuionis

579 3230 790 3284 vivunt.
822 3232 1127 3300 Intern-eges
1165 3245 1364 3301 autem,
1392 3238 1674 3301 Quomodo
1711 3245 1872 3312 igitur
1904 3246 2008 3298 alio
2037 3241 2153 3299 ioco
2181 3217 2225 3275 ο

581 3323 711 3377 dicit
738 3340 752 3376 :
781 3322 1111 3380 Mortttorum
1139 3340 1193 3379 et
1223 3331 1517 3384 Viventiunt
1555 3331 1812 3388 Dominus
1840 3337 1968 3389 est?
1997 3337 2154 3390 Disce

577 3413 743 3483 igitur
772 3416 930 3483 quod
957 3428 1196 3472 mortuos
1238 3420 1357 3474 illos
1390 3423 1499 3475 illic
1530 3425 1662 3477 dicit
1708 3427 1988 3482 defunctos
2034 3429 2153 3496 qui-

577 3507 724 3569 dem,
757 3509 995 3562 victuros
1034 3524 1212 3564 autem
1249 3529 1264 3565 :
1302 3513 1390 3567 hic
1421 3530 1545 3568 vero
1579 3515 1838 3570 Dominus
1868 3523 2153 3586 respondet

577 3597 771 3654 haeresi
805 3599 1248 3667 Saddueteorum,
1284 3608 1588 3660 docentium
1621 3624 1727 3660 non
1758 3625 1878 3661 esse
1913 3612 2149 3664 animam

576 3691 958 3760 immortalem,
1012 3699 1105 3751 sed
1148 3714 1372 3777 omnino
1401 3702 1698 3771 corrumpi,
1751 3704 1939 3758 dircns
1985 3704 2148 3759 Deum

575 3799 685 3838 non
713 3800 834 3839 esse
861 3787 1028 3841 Deutn
1069 3783 1438 3857 moriuorum,
1477 3794 1576 3861 ιιυο
1605 3805 1708 3858 est,
1742 3798 1878 3847 sicut
1925 3812 2017 3864 vos
2047 3812 2148 3864 pu-

576 3878 727 3940 tatis,
761 3879 981 3932 mnniiio
1011 3887 1378 3949 pereuntium,
1422 3887 1514 3938 sed
1565 3887 1878 3951 viventium,
1915 3889 2012 3943 hoc
2041 3902 2144 3956 est,

575 3967 940 4023 immortalem
974 3973 1290 4026 liabetitimu
1340 3978 1602 4043 animum,
1645 3986 1699 4031 et
1731 3983 2146 4048 resurgentium,

573 4061 786 4114 etiamsi
801 4064 1023 4116 mortui
1039 4058 1276 4120 iuerint.

642 4235 809 4290 Vnus.
842 4237 1037 4291 5440.
1106 4257 1123 4291 t
1169 4238 1426 4295 Pharisaei
1461 4254 1642 4296 autem
1699 4262 1818 4298 eum
1870 4248 2151 4303 audissent

572 4329 717 4398 quod
748 4330 1021 4383 silentium
1052 4333 1398 4401 imposuisset
1418 4335 1752 4401 Sudducwis,
1777 4354 2147 4396 convenerunt

572 4419 625 4472 iu
660 4437 850 4482 unum,
885 4433 938 4474 et
966 4424 1320 4490 interrogavit
1347 4442 1468 4480 eum
1506 4443 1644 4482 UllllS
1674 4445 1738 4483 ex
1765 4435 1843 4486 eis
1875 4435 2148 4502 legislator

573 4512 862 4578 quispiam,
899 4525 1114 4566 tentatus
1143 4531 1285 4581 cum,
1322 4526 1375 4570 et
1415 4518 1640 4572 dicens:
1688 4519 1967 4592 Magister,
2002 4529 2144 4593 quod

571 4609 656 4652 est
696 4605 1004 4654 mandatum
1055 4619 1306 4671 maguum
1362 4608 1414 4659 in
1474 4610 1627 4677 lege?
1682 4616 1772 4665 Ait
1823 4614 1892 4666 illi
1945 4614 2141 4670 Jesus:

572 4689 772 4760 Diliges
817 4691 1101 4747 Dominum
1164 4696 1327 4749 Deum
1387 4709 1530 4751 tuum
1569 4716 1637 4753 ex
1684 4711 1794 4754 toto
1829 4707 1990 4758 corde
2033 4718 2140 4772 tuo,

569 4793 624 4835 et
651 4782 701 4834 in
734 4792 840 4836 tota
876 4786 1053 4836 anima
1087 4792 1178 4839 tua
1203 4828 1216 4850 ,
1259 4797 1311 4840 et
1353 4789 1403 4841 in
1438 4801 1546 4842 tota
1583 4802 1759 4845 mente
1787 4803 1893 4846 tua.
1925 4795 2036 4851 Hoc
2065 4808 2148 4853 est

568 4873 799 4942 primum
830 4885 884 4928 et
929 4892 1177 4945 magnum
1210 4881 1541 4937 mandatum.
1585 4881 1889 4939 Secundum
1924 4900 2006 4942 est
2046 4907 2145 4943 au-

535 4977 680 5019 .tem
731 4969 904 5021 simile
958 4972 1124 5023 huic:
1195 4972 1389 5041 Diliges
1443 4977 1752 5043 proximum
1810 4990 1956 5032 tuum
2008 4981 2149 5037 sicut

574 5060 824 5126 leipsum.
859 5061 912 5113 In
953 5063 1036 5116 his
1063 5064 1206 5115 enim
1244 5065 1452 5118 duobus
1481 5069 1751 5124 mandatis
1780 5073 2030 5126 universa
2060 5076 2143 5130 lex

571 5160 627 5204 et
661 5151 931 5218 propheta:
963 5155 1216 5219 pendent.
1252 5174 1268 5206 ι
1311 5155 1387 5209 Ex
1420 5157 1706 5212 immodica
1751 5161 1949 5216 invidia
1982 5180 2143 5220 accc-

570 5242 647 5295 dit
675 5253 903 5296 tentatus.
931 5237 1065 5310 Quia
1085 5250 1224 5301 enim
1250 5251 1492 5302 viderunt
1520 5252 1843 5309 Sadducaaos
1861 5259 2140 5328 confusos,

571 5322 948 5390 et‘laudatum
990 5340 1269 5394 Dominum
1336 5346 1402 5396 ob
1461 5349 1820 5414 sapit-titiam,
1875 5356 2142 5409 accedunt

574 5433 848 5478 tentantes
892 5427 934 5480 si
963 5442 1196 5496 apponat
1230 5432 1424 5498 aliquid
1460 5441 1712 5492 mandato
1751 5442 1952 5509 primo,
1986 5449 2136 5514 quasi

574 5515 747 5582 legem
778 5520 1067 5589 corrigens,
1107 5532 1162 5575 ut
1202 5525 1478 5579 inveniant
1510 5541 1694 5585 centra
1726 5534 1894 5602 ipsum
1929 5553 2136 5595 ansam.

575 5606 836 5662 Dominus
884 5621 1059 5667 autem
1109 5615 1392 5685 invulgans
1425 5635 1608 5674 eorum
1662 5628 1954 5693 malitiam,
1993 5636 2135 5700 quod

571 5712 679 5755 non
713 5701 781 5754 ad
826 5703 1140 5760 discendum
1189 5710 1494 5774 venissent,
1549 5716 1642 5768 sed
1674 5722 1824 5773 vaeui
1872 5724 2136 5782 eharitate

568 5789 846 5851 invideant
887 5799 1064 5866 potius
1103 5808 1154 5855 et
1181 5803 1522 5872 aemulentur,
1553 5811 1789 5866 ostendit
1816 5813 2130 5874 charitatcm

2267 605 2333 657 ἀν
2357 620 2443 666 τις
2465 619 2478 632 ·
2516 602 2586 656 Ὢ
2618 607 2808 674 μιαροὶ
2834 603 3207 669 Σαδδουκαῖοι,
3238 604 3332 659 τοῦ
3361 605 3592 677 πρώτως
3615 621 3884 675 γεγαμη-

2269 694 2424 757 κότος
2475 695 2628 748 ἐσται
2653 698 2686 766 ἡ
2711 697 2869 767 γυνὴ,
2909 698 3022 764 εἷγε
3048 698 3522 767 συγχωρήσωμεν,
3555 697 3638 749 ὅτι
3667 701 3766 748 καὶ
3799 697 3870 748 ὲν

2268 793 2332 859 τῇ
2374 790 2672 843 ἀναστάσει
2705 794 2885 861 γάμος
2935 790 3085 843 ἐστίν
3109 807 3121 820 ·
3157 793 3207 842 οἱ
3239 789 3348 861 γὰρ
3387 789 3560 855 ἄλλοι,
3604 788 3878 842 ὑποϐολι-

2271 885 2445 952 μαῖοι,
2483 883 2604 953 οὐχὶ
2636 885 2859 954 νόμιμοι
2896 883 3111 954 ἄνδρες.

2346 996 2364 1028 ι
2422 978 2770 1047 Ἀποκριθεὶς
2792 976 2900 1029 δὲδ
2945 973 3156 1046 Ἰησοῦς
3202 972 3357 1028 εἶπεν
3387 974 3593 1037 αὐτοῖς·
3649 975 3880 1029 Πλανᾶ-

2268 1070 2387 1130 σθε,
2415 1070 2490 1140 μὴ
2514 1070 2717 1132 εἰδότες
2746 1069 2844 1132 τὰς
2889 1069 3133 1140 Γραφάς,
3168 1066 3303 1138 μηδὲ
3356 1067 3455 1136 τὴν
3507 1064 3741 1137 δύναμιν
3766 1068 3875 1121 τοῦ

2267 1163 2426 1215 Θεοῦ.
2477 1163 2562 1215 Ἐν
2596 1164 2706 1232 γὰρ
2737 1165 2803 1233 τῇ
2846 1161 3167 1223 ἀναστάσει,
3231 1159 3353 1213 οὔτε
3405 1160 3874 1230 γαμοῦσιν,-οῦτε

2268 1251 2682 1323 ἐκγὸιμίζονται,
2715 1253 2830 1307 ἀλλ’
2862 1255 2938 1316 ὡς
2965 1253 3190 1322 ἄγγελοι
3223 1252 3357 1306 Θεοῦ
3390 1253 3445 1304 ἐν
3483 1252 3699 1322 οὐρανῷ
3725 1255 3871 1304 είσι.

2267 1343 2403 1418 Περὶ
2432 1348 2489 1399 δὲ
2511 1349 2611 1416 τῆς
2647 1348 2998 1411 ἀναστάσεως
3033 1347 3142 1400 τῶν
3168 1346 3402 1416 νεκρῶν.
3435 1346 3533 1398 οὐκ
3577 1346 3868 1413 ἀνέγνωτε

2261 1441 2321 1492 τὸ
2350 1433 2513 1510 ῥηθὲν
2546 1440 2675 1509 ὑμῖν
2723 1441 2827 1493 ὑπὸ
2884 1440 2976 1493 τοῦ
3006 1436 3142 1493 Θεοῦ
3171 1438 3444 1507 λέγοντος·
3507 1437 3647 1506 Ἐγώ
3679 1440 3801 1507 ειμι
3843 1442 3874 1491 6

2262 1531 2395 1593 Θεὸς
2442 1531 2710 1601 Ἀϐραὰμ,
2749 1535 2838 1584 καὶ
2867 1535 2909 1584 ὁ·
2923 1531 3054 1595 Θεὸς
3071 1532 3274 1592 Ἰσαὰκ,
3307 1531 3398 1585 καὶ
3420 1533 3447 1584 6
3470 1531 3600 1594 Θεὸς
3618 1530 3823 1584 Ἰακώὸ
3853 1547 3869 1594 ;

2261 1625 2360 1677 οὐκ
2394 1625 2540 1676 ἔστιν
2563 1627 2590 1677 6
2620 1625 2773 1689 Θεὸς,
2828 1624 2962 1687 Θεὸς
3017 1624 3247 1694 νεκρῶν,
3281 1623 3417 1676 ἀλλά
3471 1622 3710 1688 ζώντων.
3745 1622 3872 1676 Καὶ

2261 1717 2596 1780 ἀκούσαντες
2630 1719 2679 1769 οἱ
2719 1717 2888 1788 ὄχλοι,
2952 1717 3350 1784 ἐξεπλήσσοντο
3398 1716 3491 1768 ἐπὶ
3542 1719 3606 1787 τῇ
3658 1717 3866 1788 διδαχῇ

2264 1807 2452 1860 αὑτοῦ.
2476 1827 2492 1858 ι
2523 1809 2802 1860 Δείκνυσιν
2826 1810 2852 1861 6
2881 1809 3092 1877 Σωτὴρ,
3115 1809 3197 1859 ὅτι
3227 1809 3320 1860 καὶ
3344 1807 3644 1870 ἀνάστασις
3669 1808 3863 1871 ἔσται,

2263 1901 2430 1952 καὶού
2462 1899 2687 1966 τοιαύτη
2714 1900 2952 1970 σαρκικὴ
2973 1900 3049 1962 ὡς
3081 1899 3414 1963 πλανῶνται,
3439 1900 3573 1953 ἀλλά
3599 1902 3864 1972 θειοτέρα.

2264 1993 2355 2043 καὶ
2396 1993 2912 2063 πνευματικωτέρα.
2955 1994 3020 2046 Τί
3048 1995 3180 2065 γὰρ,
3218 1997 3373 2066 φησι,
3437 1997 3738 2074 πλανᾶσθε,
3775 1999 3862 2067 μὴ

2265 2081 2466 2146 εἰδότες
2493 2084 2591 2145 τὰς
2617 2083 2848 2151 Γραφὰς
2877 2083 3010 2154 μηδὲ
3041 2086 3140 2154 τὴν
3181 2087 3411 2157 δύναμιν
3440 2086 3535 2140 τοῦ
3567 2087 3740 2152 Θεοῦ;
3788 2087 3863 2140 ΕΞ

2266 2170 2364 2238 μὲν
2390 2172 2500 2240 γὰρ
2536 2170 2634 2234 τὰς
2660 2172 2879 2242 Γραφάς
2914 2176 3267 2242 ὲγινώσκετε,
3303 2177 3611 2247 ἠπίστασθε
3637 2179 3725 2244 ἂν,
3769 2177 3863 2231 ὅτι

2259 2262 2287 2312 ὁ
2319 2262 2451 2324 Θεὸς
2487 2264 2587 2315 οὐκ
2638 2262 2754 2316 ἐστι
2787 2265 3000 2334 νεκρῶν
3059 2265 3215 2331 Θεὸς,
3252 2267 3389 2320 ἀλλά
3419 2267 3637 2332 ζώντων
3671 2285 3685 2299 ⁸
3715 2271 3767 2322 εἰ
3795 2268 3862 2322 δὲ

2259 2350 2358 2420 τὴν
2381 2351 2612 2421 δύναμιν
2639 2354 2734 2406 τοῦ
2769 2349 2906 2409 Θεοῦ
2942 2357 3144 2428 ᾔδειτε,
3185 2359 3514 2428 ἐγινώσκετε
3536 2361 3619 2422 ἀν,
3656 2362 3738 2414 ὅτι
3770 2363 3864 2432 τῷ

2261 2443 2380 2514 Θεῷ
2441 2444 2618 2499 πάντα
2661 2446 2886 2512 δυνατὰ,
2944 2448 3085 2502 ὥστε
3118 2453 3372 2515 καὶτοὺς
3418 2452 3743 2522 ἀνθρώπους
3775 2455 3864 2517 ὼς

2261 2535 2529 2602 ἀγγέλους
2568 2539 2794 2608 ποιῆσαι
2827 2541 3234 2598 πολιτεύεσθαι.
3271 2545 3411 2612 Ὅρα
3432 2543 3486 2596 δὲ
3516 2544 3614 2614 τὴν
3651 2547 3862 2615 σοφίαν

2258 2623 2352 2678 τοῦ
2406 2628 2612 2698 Κυρίου
2647 2645 2661 2660 ο
2713 2631 2908 2684 ἐκεῖνοι
2937 2633 3044 2684 ἀπὸ
3075 2633 3167 2686 τοῦ
3227 2636 3471 2700 Μωσέως
3511 2638 3862 2702 ἐσπούδαζον

2261 2719 2594 2788 περιτρέψαι
2617 2719 2678 2772 τὸ
2710 2722 2808 2790 τῆς
2828 2722 3181 2788 ἀναστάσεως
3208 2726 3404 2796 δόγμα,
3433 2730 3529 2782 καὶ
3550 2724 3707 2791 οὗτος
3740 2732 3864 2784 ἀπὸ

2259 2809 2356 2861 τοῦ
2419 2811 2665 2875 Μωσέως
2714 2813 2876 2866 πάλιν
2919 2817 3098 2868 πείθει
3129 2818 3350 2880 αὐτούς.
3391 2819 3535 2888 Ἐγὼ
3556 2822 3666 2892 γὰρ
3702 2821 3856 2892 εἰμὶ,

2258 2907 2441 2971 φησὶν,
2468 2905 2496 2955 6
2527 2905 2652 2968 Θεὸς
2695 2906 2962 2978 Ἀϐραὰμ,
3001 2911 3097 2962 καὶ
3133 2911 3341 2976 Ἰσαὰκ,
3400 2915 3496 2966 καὶ
3561 2912 3784 2967 Ἰακώϐ·
3821 2913 3858 2968 ὃ

2257 2994 2313 3045 δέ
2339 2993 2490 3061 λέγει
2541 2998 2782 3050 τοιοῦτόν
2847 3003 3034 3052 ἐστιν’
3077 3001 3139 3054 '0
3171 3001 3304 3065 Θεὸς
3333 3004 3433 3056 οὐκ
3474 3003 3590 3056 ἐστι
3625 3004 3734 3058 τῶν
3771 3006 3858 3076 μὴ

2257 3081 2427 3136 ὄντων
2453 3084 2606 3150 Θεὸς,
2657 3087 2791 3139 ἀλλὰ
2816 3087 2925 3140 τῶν
2952 3091 3340 3159 ὑφισταμένων
3368 3095 3462 3146 καὶ⁵
3489 3094 3656 3147 ὄντων
3677 3111 3690 3123 ο
3717 3095 3857 3149 οὐδὲ

2258 3173 2364 3245 γὰρ
2393 3171 2563 3229 εἶπεν·
2612 3178 2750 3244 Ἐγὼ
2781 3181 2951 3249 ἥμην,
2995 3181 3133 3247 ἀλλ’,
3165 3183 3315 3252 Εἰμὶ.
3340 3185 3546 3255 ιΕῐγὰρ
3584 3187 3677 3239 καὶ
3727 3190 3851 3242 ἐτε-

2257 3267 2548 3335 λεύτησαν,
2607 3270 2740 3323 ἀλλά
2767 3274 2832 3340 τῇ
2857 3272 3030 3324 ἐλπίδι
3090 3273 3191 3341 τῆς
3243 3275 3595 3339 ἀναστάσεως
3651 3277 3851 3340 ζῶσιν.

2269 3357 2410 3410 Ἀλλ’
2461 3360 2691 3430 ἐρωτᾷς,
2764 3363 2888 3425 Πῶς
2940 3363 3032 3416 οῦν
3089 3365 3324 3434 ἀλλαχοῦ
3380 3385 3566 3438 φησιν,
3616 3370 3697 3424 ὅτι
3749 3371 3860 3426 καὶ

2255 3448 2464 3518 νεκρῶν
2518 3454 2608 3502 καὶ
2660 3452 2880 3516 ζώντων
2922 3456 3204 3526 κυριεύει;
3239 3459 3397 3512 Μάθε
3423 3460 3603 3512 τοίνυν
3634 3461 3716 3514 ὅτι
3753 3480 3854 3516 νε-

2254 3541 2419 3608 κροὺς
2451 3543 2567 3594 ἐκεῖ
2595 3542 2742 3609 λέγει
2790 3546 2915 3608 τοὺς
2965 3546 3340 3611 ἀποθανόντας
3383 3554 3504 3620 μὲν,
3546 3538 3856 3621 μέλλοντας

2251 3633 2306 3684 δέ
2336 3632 2620 3702 ζήσεσθαι.
2662 3635 2929 3690 Ἐνταῦθα
2951 3639 3004 3690 δὲ
3036 3640 3063 3692 ὁ
3093 3640 3300 3712 Κύριος
3333 3643 3474 3712 πρὸς
3506 3645 3605 3714 τὴν
3625 3646 3856 3714 αἰρεσιν

2251 3722 2359 3773 τῶν
2402 3721 2778 3776 Σαδδουκαίων
2846 3727 3224 3797 ἐνιστάμενος,
3272 3733 3715 3801 δογματιζόντων
3769 3734 3854 3808 μὴ

2251 3809 2391 3865 εἶναι
2445 3814 2546 3884 τὴν
2607 3815 2786 3885 ψυχὴν
2839 3817 3130 3885 ἀθάνατον,
3159 3822 3294 3875 ἀλλά
3317 3825 3494 3894 πάντη
3529 3826 3856 3899 διαφθείρε-

2252 3902 2396 3969 σθαι,
2448 3923 2613 3975 φησιν
2653 3907 2735 3959 ὅτι
2770 3908 2870 3959 οὐκ
2902 3908 3048 3964 ἔστιν
3088 3914 3116 3964 6
3138 3912 3271 3977 Θεὸς
3305 3916 3535 3986 νεκρῶν,
3567 3922 3855 3984 τουτέστι,

2250 3995 2360 4044 τῶν
2389 3995 2464 4058 ὡς
2513 3997 2642 4065 ὑμῖν
2672 3998 2822 4051 δοκεῖ
2855 3998 3330 4074 διαφθειρομένων
3361 4007 3669 4073 παντελῶς,
3696 4010 3856 4080 sua

2250 4085 2356 4136 τῶν
2381 4084 2620 4152 ζώντων,
2648 4091 2899 4145 τουτέστι
2951 4094 3059 4146 τῶν
3115 4095 3385 4151 ἀθάνατον
3441 4101 3676 4169 ἐχόντων
3731 4105 3848 4169 τὴν

2251 4177 2453 4247 ψυχὴν,
2489 4182 2584 4231 καὶ
2618 4184 3100 4254 ἀναστησομένων,
3123 4191 3170 4240 εί
3208 4191 3300 4242 καὶ
3330 4190 3425 4244 νῦν
3455 4194 3640 4264 νεκροί
3671 4195 3852 4254 εἰσιν,

2327 4286 2344 4318 t
2383 4268 2446 4320 υἱ
2479 4269 2534 4321 δὲ
2590 4273 2875 4341 Φαρισαῖοι
2929 4277 3262 4341 ἀκούσαντες
3296 4282 3378 4334 ὅτι
3427 4284 3675 4352 ἐφίμωσε
3709 4289 3851 4352 τοὺς

2251 4361 2669 4449 Σαδδουκαίους,
2704 4369 3054 4439 συνήχθησαν
3075 4373 3168 4426 ἐπὶ
3205 4373 3266 4427 τὸ
3300 4376 3456 4441 αὐτὸ,
3493 4382 3586 4430 καὶ
3612 4379 3850 4449 ἐπηρώεο

2250 4467 2412 4520 τησεν
2447 4447 2525 4514 εἷς
2563 4451 2623 4517 ἐξ
2674 4457 2853 4510 αὐτῶν
2906 4462 3151 4529 νομικὸς,
3194 4467 3472 4535 πειράζων
3524 4447 3853 4535 αὑτὸνξκαὶ

2177 4565 2224 4622 D
2249 4541 2426 4608 λέγων
2447 4559 2458 4572 ·
2497 4546 2820 4611 Διδάσκαλε,
2845 4553 2974 4604 ποία
2998 4554 3187 4623 ἐντολὴ
3215 4558 3426 4628 μεγάλη
3457 4562 3513 4613 ἐν
3544 4561 3620 4629 τῷ
3651 4563 3808 4632 νόμῳ
3831 4582 3850 4630 ;

2260 4633 2319 4686 Ὀ
2347 4635 2404 4687 δέ
2436 4637 2646 4704 Ἰησοῦς
2671 4641 2772 4709 ἔφη
2801 4645 2946 4712 αὐτῷ
2969 4661 2980 4674 ·
3017 4647 3350 4714 Ἀγαπήσεις
3371 4650 3574 4720 Κύριον
3597 4650 3690 4705 τὸν
3709 4655 3849 4709 Θεόν

2253 4741 2345 4775 σου
2385 4727 2440 4778 ἐν
2483 4727 2582 4800 ὅλῃ
2614 4733 2680 4799 τῇ
2724 4733 2924 4802 καρδίᾳ
2958 4751 3072 4798 σου,
3106 4737 3202 4789 καὶ
3238 4739 3294 4791 ἐν
3323 4739 3505 4812 δλῃὶτῇ
3543 4743 3688 4814 ψυχῇ
3718 4759 3844 4808 σου,

2253 4817 2347 4867 καὶ
2379 4819 2434 4870 ἐν
2473 4819 2568 4889 ὂλῃ
2623 4823 2688 4891 τῇ
2745 4822 3076 4896 διανοίᾳσου
3101 4841 3115 4856 ⁸
3168 4826 3310 4900 αὕτη
3342 4831 3459 4884 ἐστὶ
3496 4834 3689 4905 πρώτη
3741 4838 3847 4889 καὶ

2255 4909 2464 4980 μεγάλη
2493 4911 2680 4983 ἐντολή
2707 4930 2720 4944 ·
2750 4915 2978 4986 δευτέρα
3001 4919 3079 4982 δὲ,
3099 4923 3258 4990 ὁμοία
3287 4924 3424 4994 αὐτῇ
3448 4941 3462 4954 ·
3499 4926 3840 4997 Ἀγαπήσεις

2249 4999 2340 5050 τὸν
2371 5001 2600 5071 πλησίον
2634 5021 2728 5057 σου
2761 5005 2835 5070 ὡς
2863 5011 3108 5062 σεαυτόν.
3161 5013 3248 5064 Ἐν
3277 5014 3505 5078 ταύταις
3534 5020 3651 5079 ταῖς
3681 5019 3844 5072 δυσὶν

2251 5092 2520 5157 ἐντολαῖς,
2553 5097 2671 5160 ὅλος
2697 5100 2725 5150 6
2756 5101 2917 5168 νόμος
2944 5105 3037 5154 καὶ
3071 5105 3120 5155 οἱ
3152 5107 3429 5175 προφῆται
3449 5112 3782 5180 κρέμανται.
3814 5131 3833 5164 ι

2264 5183 2355 5249 Ἐξ
2389 5187 2632 5257 ἀμέτρου
2693 5190 2893 5257 φθόνου
2945 5196 3229 5264 πρόσεισιν
3265 5200 3292 5250 ὁ
3348 5201 3667 5270 πειράζωνο
3711 5205 3840 5257 ἐπεὶ

2246 5277 2354 5346 γὰρ
2389 5273 2532 5330 εἶδον
2580 5285 3080 5352 καταισχυνθέντας
3109 5292 3236 5353 τοὺς
3276 5291 3693 5355 Σαδδουκαίους,
3741 5301 3839 5349 καὶ

2244 5369 2640 5438 ἐπαινούμενον
2682 5375 2775 5428 τὸν
2807 5378 3012 5447 Κύριον
3068 5382 3162 5434 ἐπὶ
3220 5384 3287 5454 τῇ
3332 5389 3516 5456 σοφίᾳ,
3569 5389 3836 5456 προσίασι

2248 5463 2625 5528 πειράζοντες,
2656 5468 2705 5518 εἰ
2737 5472 3062 5541 προστίθησί
3093 5492 3144 5526 τι
3183 5477 3370 5548 ἐντολῇ
3410 5482 3474 5548 τῇ
3511 5478 3729 5550 πρώτῃ,
3757 5483 3836 5546 ὡς

2240 5551 2626 5624 διορθούμενος
2659 5559 2749 5612 τὸν
2781 5563 2965 5631 νόμον,
2990 5565 3076 5618 ἵνα
3111 5555 3313 5638 εὕρωσι
3356 5571 3527 5642 λαϐὴν
3560 5575 3682 5624 κατ’
3731 5577 3835 5629 otti-

2241 5645 2357 5699 τοῦ.
2405 5647 2463 5698 Ὀ
2493 5649 2547 5700 δὲ
2586 5650 2790 5722 Κύριος
2844 5654 3184 5723 δημοσιεύων
3244 5663 3425 5714 αὐτῶν
3456 5665 3562 5733 τὴν·
3603 5670 3827 5730 κακίαν,

2240 5735 2323 5789 ὄτι
2376 5739 2434 5790 ού
2466 5740 2552 5793 διὰ
2581 5743 2641 5794 τὸ
2669 5743 2862 5811 μαθεῖν
2910 5743 3096 5818 ἦλθον,
3133 5752 3248 5805 ἀλλ’
3281 5755 3408 5806 ἀπὸ·
3444 5755 3534 5809 τοῦ
3562 5757 3637 5828 μὴ
3679 5759 3834 5827 ἔχειν

2243 5829 2489 5900 ἀγάπην,
2541 5833 2629 5885 διὰ
2660 5836 2718 5886 τὸ
2750 5837 2965 5904 φθονεῖν
3015 5841 3071 5894 δὲ
3100 5843 3300 5912 μᾶλλον
3330 5847 3420 5900 καὶ
3473 5848 3832 5923 ζηλοτυπεῖν,
