4010 6414
134 400 230 464 3δ3

704 388 1148 459 ENARRATIO
1191 392 1281 456 IN
1312 390 1724 456 EVANGELII

1855 388 2249 454 ΜΛἸἾῊᾸΞΙ.
2280 415 2347 427 ·-
2385 392 2547 454 CAP.
2590 388 2784 451 XXII.

3328 388 3437 454 394

135 516 373 569 δείκνυσι
404 514 511 584 τὴν
542 511 766 581 ἀγάπην
787 510 1191 581 ’ὑπερέχουσαν
1212 510 1322 562 τῶν
1341 505 1598 560 ἐντολῶν.
1623 502 1724 557 Kal

1844 505 1983 560 inter
2033 505 2289 561 mandata
2322 505 2636 575 praecellere
2668 524 2682 561 :
2738 503 3007 575 docetque
3047 490 3340 573 quodnon
3372 523 3438 562 ex

136 608 400 669 διδάσκει,
430 606 515 659 ὅτι
545 604 605 658 οῦ
646 605 890 673 μερικῶς
942 603 1022 655 δεῖ
1045 602 1268 672 ἀγαπᾷν
1304 600 1398 654 τὸν
1426 599 1581 662 Θεὸν,
1616 597 1732 652 ἀλλ’

133 702 282 763 ὅλους
332 698 571 761 ἑαυτοὺς
606 697 824 773 ,διδόναι
867 694 945 765 τῷ
979 694 1117 764 Θεῷ.
1166 695 1328 765 Τρεῖς
1380 693 1491 763 γὰρ
1524 690 1732 753 ταύτας

133 795 256 861 περὶ
288 792 390 857 τὴν
412 791 511 844 τοῦ
528 789 819 861 ἀνθρώπου
836 788 1018 858 ψυχὴν
1042 787 1413 856 κατανοοῦμεν
1441 784 1728 855 διαφορὰς.

130 886 185 936 τὸ
211 884 471 953 φυτικὸν,
515 881 578 935 τὸ
602 880 837 945 ζωῶδες,
896 880 957 931 τὸ
988 878 1226 943 λογικόν.
1262 877 1400 933 Καθ’
1430 876 1458 929 ὃ
1490 877 1591 947 μὲν
1621 874 1731 945 γὰρ

134 974 349 1037 αὒξεται
373 972 472 1025 καὶ
497 970 778 1040 τρέφεται,
815 969 910 1023 καὶ
949 968 1011 1020 τὸ
1043 970 1228 1037 ὅμοιον
1262 968 1449 1037 γεννᾷ,
1482 967 1593 1028 τοῖς
1613 982 1731 1032 φυ-

130 1064 233 1122 τοῖς
266 1058 564 1127 ὁμοιοῦται
593 1076 605 1088 ·
657 1058 778 1111 καθ’
828 1056 855 1107 ὂ
911 1055 969 1108 δὲ
1005 1056 1268 1126 θυμοῦται
1322 1055 1417 1110 καὶ
1448 1054 1727 1124 ἐπιθυμεῐ,

131 1154 237 1215 τοῖς
274 1151 446 1216 ζώοις
474 1168 486 1179 ·
523 1151 647 1204 καθ’
705 1150 731 1202 ὅ
762 1151 819 1203 δὲ
871 1148 1189 1212 διανοεῖται,
1234 1148 1453 1215 λογικὸς
1486 1144 1725 1215 λέγεται.

131 1246 272 1315 Ὅρα
327 1242 427 1297 οῦν
483 1243 722 1297 ἐνταῦθα
778 1242 1160 1312 σημαινόμενα
1212 1240 1386 1296 ταῦτα
1440 1238 1727 1309 πατρία·

133 1354 152 1387 ι
203 1334 559 1401 ’Δγαπήσεις
583 1334 674 1387 τὸν
718 1333 853 1385 Θεόν
880 1350 976 1385 σου
1004 1333 1062 1407 ὲν
1095 1332 1195 1402 ὅλῃ
1217 1331 1284 1401 τῇ
1313 1328 1668 1401 καρδίαδσου·
1700 1334 1725 1377 “›

124 1428 281 1481 τοῦτο
308 1426 372 1480 τὸ
403 1426 623 1491 ζωῶδες
655 1426 822 1496 μέρος
847 1425 941 1477 τοῦ
996 1424 1288 1494 ἀνθρώπου
1318 1439 1329 1451 ·
1368 1441 1385 1472 ι
1418 1422 1513 1474 καὶ
1544 1422 1601 1472 εν
1635 1420 1732 1489 ὅλῃ

122 1520 377 1592 saeua
410 1534 530 1573 σου·
566 1537 586 1571 ι
626 1517 807 1582 τοῦτο,
847 1518 908 1570 τὸ
953 1518 1213 1586 φυτικόν·
1250 1514 1472 1584 ἔμψυχα
1521 1512 1628 1581 γὰρ
1664 1512 1732 1563 τὰ

122 1612 286 1679 φυτά’
322 1632 340 1664 ι
363 1613 464 1667 καὶ
482 1615 541 1665 ὲν
563 1612 662 1683 ὅλῃ
686 1612 749 1681 τῇ
772 1609 987 1681 διανοίᾳ
1010 1623 1128 1662 σουο
1153 1627 1171 1659 ι
1202 1606 1362 1660 τοῦτο
1400 1604 1462 1657 τὸ
1490 1602 1729 1670 λογικόν.

127 1707 290 1759 Ὥστε
312 1706 377 1759 τὸ
399 1707 516 1759 δεῖν
539 1706 766 1775 ἀγαπᾷν
798 1703 891 1756 τὸν
916 1702 1047 1756 Θεὸν
1076 1700 1376 1772 ὀλοψύχως,
1401 1697 1562 1753 τοῦτο
1585 1698 1607 1749 ἔ
1621 1714 1726 1763 στι,

122 1800 181 1849 τὸ
229 1798 324 1851 διὰ
352 1798 582 1851 πάντων
611 1798 720 1849 τῶν
754 1796 856 1865 τῆς
891 1794 1068 1865 ψυχῆς
1105 1791 1291 1864 μερῶν
1320 1792 1417 1845 καὶ
1437 1792 1727 1859 δυνάμεων

124 1889 276 1960 αὐτῷ
305 1891 630 1961 προσέχειν.
666 1907 683 1939 ι
709 1888 858 1958 Αὕτη
886 1889 1075 1957 πρώτη
1099 1887 1194 1941 καὶ
1219 1884 1432 1957 μεγάλη
1458 1882 1665 1953 ἐντολὴ,
1700 1902 1718 1933 ι

121 1988 199 2047 εἰς
235 1983 534 2038 εὐσέϐειαν
569 1985 717 2052 ἡμᾶς
748 1979 1126 2049 γυμνάζουσα·
1150 1996 1185 2055 γι
1224 1978 1452 2047 δευτέρα
1477 1976 1533 2027 δὲ
1564 1974 1727 2045 ὁμοία

122 2078 285 2147 αὐτῇ,
324 2094 344 2126 ι
383 2077 470 2135 είς
496 2075 567 2129 τὰ
599 2076 734 2143 πρὸς
766 2071 1089 2141 ἀνθρώπους
1130 2071 1316 2123 δίκαια
1348 2068 1719 2136 διεγείρουσα.

120 2169 220 2221 Δύο
253 2169 372 2239 γάρ
398 2171 510 2220 εἱσι
542 2166 613 2219 τὰ
643 2168 722 2228 είς
744 2165 1023 2219 ἀπώλειαν
1057 2162 1316 2232 φέροντα,
1348 2161 1598 2229 δόγματα
1626 2176 1720 2212 πο-

121 2261 283 2330 ηρά.
324 2259 424 2311 καὶ
455 2257 571 2328 βίος
603 2256 1020 2326 διεφθαρμένος.
1065 2256 1184 2307 Ἵνα
1217 2254 1314 2322 μὲν
1346 2252 1439 2305 οῦν
1488 2252 1562 2321 μὴ
1622 2253 1725 2321 ἐμ-

122 2351 384 2419 πέσωμεν
426 2352 509 2408 είς
554 2350 801 2417 δὸγματα
839 2348 911 2400 ἀσ
926 2346 1047 2417 εϐἧ,
1081 2347 1161 2399 δεῖ
1190 2347 1415 2413 ἀγαπᾷν
1447 2344 1540 2397 τὸν
1562 2344 1722 2396 Θεόν*

122 2444 205 2495 ι”.α
236 2444 295 2495 δὲ
324 2443 404 2513 μὴ
433 2442 650 2511 ἔχωμεν
687 2440 801 2509 βίον
832 2438 1253 2509 διεφθαρμένον,
1275 2438 1356 2489 δεῖ
1384 2439 1606 2507 ἀγαπᾷν
1635 2440 1726 2489 τὸν

121 2534 355 2603 πλησίον
377 2551 390 2563 ·
433 2535 464 2585 ὁ
495 2532 604 2601 γὰρ
621 2531 852 2599 ἀγαπῶν
881 2532 971 2583 τὸν
999 2530 1252 2599 πλησίον,
1283 2530 1464 2590 πάσας
1514 2530 1609 2589 τὰς
1643 2530 1726 2579 ὲν-

118 2626 277 2689 soli;
316 2624 556 2694 πληροῖ·
589 2622 687 2676 καὶ
710 2624 736 2675 ὁ
762 2622 987 2693 πληρῶν
1007 2623 1104 2685 τὰς
1134 2620 1377 2685 ἐντολὰς,
1411 2620 1608 2689 ἀγαπᾷ
1634 2618 1725 2670 τὸν

120 2718 293 2771 Θεὸν·
355 2715 500 2768 ῶστε
556 2714 624 2766 δι’
662 2714 908 2783 ἀλλήλων
965 2712 1397 2785 συγκροτοῦνται
1445 2712 1540 2766 καὶ
1604 2727 1728 2761 συν-ο

125 2811 380 2864 ίστανται
411 2814 467 2860 αἰ
490 2806 585 2861 δύο
620 2802 781 2861 αὗται
810 2806 1043 2874 ἐντολαὶ,
1076 2808 1169 2859 καλ⁸
1194 2806 1511 2875 περιέχουσι
1545 2805 1729 2866 πάσας

117 2903 211 2964 τὰς
244 2900 419 2963 ἄλλας
472 2900 718 2960 ἐντολὰς.
760 2896 858 2961 Τίς
891 2899 999 2969 γὰρ
1057 2895 1290 2964 ἀγαπῶν
1329 2896 1420 2947 τὸν
1458 2895 1590 2948 Θεὸν
1632 2896 1727 2946 καὶ

119 2994 207 3048 τὸν
240 2991 503 3061 πλησίον,
536 2992 569 3059 ἢ
596 2990 865 3060 κλέψει,ῆ
898 2989 1325 3060 μνησικακήσει,
1353 2987 1387 3055 ἢ
1419 2985 1725 3057 μοιχεύσει,

118 3084 151 3155 ἦ
205 3082 560 3154 φονεύσει,ἢ
618 3082 946 3151 πορνεύσει;
993 3074 1161 3143 Οῦτος
1195 3080 1251 3133 δὲ
1308 3083 1336 3132 ὁ
1370 3078 1613 3149 Νομικὸς
1669 3077 1729 3142 ἐξ

119 3176 293 3246 ἀρχῆς
363 3173 465 3245 μὲν
509 3172 794 3242 πειράζων
832 3168 1019 3241 ἦλθεν,
1054 3166 1174 3225 εἶτα
1210 3169 1318 3222 ἀπὸ
1340 3168 1439 3238 τῆς
1467 3168 1562 3221 τοῦ
1592 3169 1727 3239 Χρι-

1839 608 1993 665 parte
2026 606 2241 666 oportet
2290 598 2520 668 diligere
2572 597 2742 653 Deum
2772 636 2785 659 ,
2834 596 2929 653 sed
2979 612 3080 656 nos
3135 605 3276 655 totos
3308 599 3440 658 dire

1838 688 1969 744 Deo;
2002 688 2140 744 Tres
2169 691 2314 745 enim
2347 691 2485 747 tales
2516 691 2570 745 in
2604 692 2784 757 anima
2817 690 3082 746 discimus
3114 706 3239 747 esse
3269 694 3437 757 vires,

1837 783 2224 852 plantativam,
2287 784 2584 837 animalem
2641 792 2696 838 et
2739 782 3083 839 rationalem.
3127 782 3437 839 Secundum

1836 875 1978 941 quod
2014 874 2217 935 crescit
2248 882 2300 929 et
2336 873 2598 938 nutritur,
2636 884 2691 927 et
2727 873 3193 943 similegenerat,
3237 874 3439 945 plantis

1836 965 2205 1041 assimilatnr:
2244 946 2565 1037 secundum,
2595 965 2739 1037 quod
2792 964 3048 1019 irascitur
3098 976 3152 1021 et
3179 966 3440 1035 concupi-

1835 1058 1959 1121 scit,
2000 1057 2174 1124 brutis
2201 1064 2591 1131 comparatur:
2632 1057 2933 1113 secundum
2965 1059 3111 1127 quod
3144 1058 3435 1129 intelligit,

1836 1150 2121 1204 rationalis
2179 1149 2400 1205 dicitur.
2441 1147 2573 1206 Vi‘de
2621 1140 2789 1222 igitur
2840 1151 2944 1206 hoc
2985 1153 3107 1207 loco
3156 1150 3303 1222 quod
3348 1151 3437 1206 illa

1836 1243 1940 1296 tria
2000 1242 2421 1312 signiﬁcentur:
2464 1260 2482 1293 ι
2540 1242 2746 1315 Diliges
2800 1245 2968 1300 Deum
3015 1255 3169 1299 tuum
3221 1244 3276 1299 in
3325 1253 3440 1299 toto

1834 1334 1999 1387 corde
2033 1343 2146 1397 tuo,
2189 1350 2207 1385 ι
2261 1333 2376 1389 haec
2422 1346 2507 1394 est
2558 1334 2792 1407 brutalis
2827 1337 3023 1391 anima:
3052 1352 3222 1407 pars:
3256 1357 3275 1391 ι
3304 1339 3438 1394 etin

1838 1434 1946 1478 tota
1979 1426 2157 1479 anima
2194 1434 2308 1491 tua,
2339 1444 2359 1478 ι
2391 1428 2505 1481 lucc
2523 1438 2607 1482 est
2640 1428 2943 1497 plantativa
2966 1429 3161 1495 virtus,
3185 1431 3441 1487 animatae

1834 1518 1980 1572 enim
2013 1528 2141 1573 sunt
2167 1520 2401 1588 plantae:
2441 1536 2460 1570 ι
2491 1528 2545 1573 et
2577 1520 2629 1574 in
2666 1529 2775 1574 tota
2798 1532 2980 1576 mente
3011 1529 3125 1586 tua,
3153 1523 3324 1578 whac
3352 1533 3441 1580 est

1837 1610 1918 1664 vis
1947 1610 2256 1667 rationalis.
2308 1612 2371 1666 Et
2429 1603 2511 1667 sic
2568 1623 2787 1681 oportet
2821 1612 2991 1668 Deum
3044 1615 3275 1687 diligere
3326 1626 3439 1672 tota

1834 1703 2051 1765 anima,
2084 1703 2186 1760 hoc
2232 1716 2315 1759 est
2384 1706 2642 1762 omnibus
2720 1709 2985 1776 partibus
3025 1720 3081 1765 et
3143 1712 3440 1767 virtutibus

1832 1796 2033 1865 animae
2064 1797 2113 1864 pi
2147 1796 2450 1861 adhaerere.
2490 1817 2508 1851 ι
2543 1797 2657 1867 Hoc
2688 1810 2775 1855 est
2829 1802 3065 1876 primum
3091 1811 3147 1857 et
3178 1818 3440 1873 magnum

1836 1892 2176 1953 mandatum,
2209 1909 2227 1941 ι
2254 1893 2317 1943 ad
2342 1891 2599 1958 pietatem
2624 1886 3043 1962 nosnexercens.
3076 1910 3095 1945 ι
3123 1892 3440 1951 Secundum

1832 1990 2017 2036 autem
2041 1981 2218 2039 simile
2243 1984 2439 2048 estilli,
2470 2003 2489 2036 ι
2523 1986 2666 2053 quod
2695 2000 2793 2040 nos
2814 1987 3102 2041 excitatad
3122 1987 3437 2044 faciendum

1830 2088 1951 2141 qua:
1982 2082 2110 2127 sunt
2136 2074 2279 2143 iusta
2324 2076 2555 2130 homini.
2596 2075 2710 2133 Duo
2734 2078 2882 2133 enim
2931 2093 3033 2133 nos
3062 2080 3114 2135 in
3153 2081 3437 2137 interitum

1832 2166 2055 2230 ducunt,
2078 2166 2216 2219 mala
2232 2167 2504 2232 doctrina,
2524 2178 2579 2225 et
2601 2181 2860 2239 corrupta
2888 2171 3015 2225 vita.
3045 2170 3112 2225 Ut
3142 2173 3306 2244 igitur
3329 2191 3438 2231 non

1832 2258 2139 2312 incidamus
2175 2260 2229 2312 in
2265 2259 2427 2327 impia
2455 2262 2739 2331 dogmata,
2774 2264 3083 2335 diligendus
3116 2276 3202 2322 est
3247 2265 3389 2323 Deus
3418 2282 3436 2321 :

1833 2366 1901 2405 nc
1930 2360 2105 2406 autem
2144 2354 2215 2407 sit
2242 2355 2345 2407 vita
2377 2369 2659 2424 perversa,
2683 2357 2990 2429 diligendus
3017 2371 3099 2415 est
3130 2363 3437 2431 proximus.

1831 2441 2098 2507 Quienim
2124 2444 2299 2514 diligit
2331 2446 2666 2513 proximum,
2713 2453 2894 2505 omnia
2928 2454 3181 2510 mandata
3209 2455 3435 2526 implet:

1830 2541 1884 2585 ct
1912 2533 2000 2600 qui
2034 2533 2224 2600 implet
2253 2536 2531 2601 mandata,
2569 2539 2746 2609 diligit
2783 2538 2951 2594 Deum
2983 2560 2995 2595 :
3030 2553 3196 2613 atque
3232 2546 3301 2599 ita
3332 2547 3439 2601 duo

1833 2623 1919 2675 illa
1974 2627 2234 2680 mandata
2291 2626 2431 2681 inter
2482 2642 2543 2681 se
2592 2632 2871 2686 cohzercnt
2905 2644 2960 2689 et
2991 2636 3341 2704 copulantur,
3383 2649 3441 2693 et

1832 2715 2122 2771 continent
2178 2720 2363 2773 omnia
2423 2721 2528 2775 alia
2582 2724 2860 2779 mandata.
2916 2724 3051 2791 Quis
3092 2728 3253 2799 122
3288 2730 3436 2785 enim

1830 2804 2064 2871 diligens
2106 2806 2272 2861 Deum
2304 2819 2358 2864 et
2395 2811 2741 2880 proximum,
2794 2816 2875 2870 vel
2924 2816 3285 2886 furatur,'vel
3316 2823 3437 2877 vin-

1829 2896 1987 2951 dictae
2038 2900 2229 2953 avidus
2280 2911 2398 2966 est,
2450 2903 2537 2955 vel
2568 2904 2893 2960 adulterium
2953 2911 3283 2979 committit,
3348 2915 3435 2970 vel

1827 3000 2123 3056 scortator,
2153 2992 2238 3046 vel
2261 2994 2505 3049 occidit?
2536 2988 2632 3051 llic
2665 3006 2847 3053 autem
2881 2999 3259 3071 Legisperitus
3286 3008 3437 3074 prin-

1832 3081 1974 3151 cipio
2002 3084 2223 3151 quidem
2247 3085 2400 3139 venit
2432 3097 2676 3155 tentans,
2707 3092 2903 3146 deinde
2939 3109 3201 3165 responso
3227 3097 3436 3155 Christi

1831 3174 2170 3229 emendatior
2214 3174 2419 3241 Iactus,
2478 3178 2735 3235 laudatus
2767 3192 2871 3244 est,
2925 3185 3070 3240 sicut
3114 3200 3166 3243 et
3214 3189 3434 3247 Marcus

122 3233 663 3336 «πεδί-ἀποκρίσεως
694 3233 1042 3334 νβελτιωθεὶς
1114 3233 1491 3333 ἐπῃνέθηςνὼς
1551 3233 1657 3313 καὶ-
1699 3264 1724 3313 ό

1836 3266 2038 3335 inquit,
2092 3269 2239 3343 quod
2289 3282 2543 3338 spectans
2593 3288 2717 3328 eum
2764 3273 2926 3331 Jesus
2970 3280 3315 3351 amplexatus
3364 3285 3435 3341 sit

118 3362 353 3433 Ηὰρκος
384 3361 582 3428 φησὶν,
626 3359 707 3410 ὅτι
734 3356 1013 3426 ipsum;
1046 3356 1194 3425 αὐτῷ
1217 3356 1246 3408 ὁ
1288 3352 1518 3423 Ἰησοῦς,
1546 3352 1723 3421 ἠσπά-

121 3468 252 3507 σατο
290 3450 487 3515 αὑτὸν,
520 3450 614 3502 καὶ
649 3442 807 3502 εἶπεν
837 3447 987 3519 αὐτῷ
1011 3465 1025 3477 ·
1062 3447 1139 3501 Οὐ
1165 3446 1385 3517 μακρὰν
1416 3442 1465 3497 εἴ
1495 3446 1593 3515 τῆς
1625 3444 1720 3515 βα-

123 3546 335 3608 σιλείας
372 3543 470 3595 τοῦ
504 3542 659 3597 Θεοῦ.

192 3655 211 3689 ι
251 3636 637 3704 Συνηγμένων
656 3632 712 3687 δὲ
742 3630 849 3685 τῶν
877 3631 1212 3701 Φαρισαίων,
1245 3629 1606 3701 ἐπηρώτησεν
1630 3630 1727 3682 ac-

118 3732 242 3794 τοὺς
273 3732 304 3783 ὁ
344 3727 581 3797 Ἰησοῦς,
617 3726 797 3795 λέγων
821 3742 832 3754 ·
864 3724 929 3779 Τί
968 3728 1098 3795 ὑμῖν
1129 3726 1278 3777 δοκεῖ
1300 3725 1433 3794 περὶ
1458 3723 1548 3777 τοῦ
1586 3724 1726 3792 Χρι-

121 3823 285 3887 nos;
321 3820 472 3880 τίνος
504 3820 619 3882 υἱός
680 3820 826 3883 Ean;
860 3817 1125 3885 Λέγουσιν
1179 3816 1349 3885 αὐτῷ·
1381 3816 1490 3870 Τοῦ
1539 3816 1722 3873 Δαυῖδ.

118 3918 286 3986 Λέγει
339 3917 565 3978 αὐτοῖς·
620 3914 746 3977 Πῶς
792 3910 885 3965 οὖν
917 3912 1079 3965 Δαυῒδ
1126 3914 1183 3965 ὲν
1223 3914 1491 3983 πνεύματι
1524 3915 1728 3987 Κύριον

118 4008 279 4061 αὑτὸν
308 3990 499 4069 καλεῖ,
530 4005 706 4072 λέγων
725 4018 741 4034 ’
786 4000 953 4057 Εἶπεν
982 4006 1010 4056 ὁ
1040 4002 1245 4073 Κύριος
1268 4006 1348 4076 τῷ
1377 4008 1567 4078 Κυρίῳ
1598 4022 1725 4075 μου’

120 4100 307 4154 Κάθου
372 4103 436 4151 ἐκ
468 4098 658 4162 δεξιῶν
707 4114 831 4167 μου,
870 4097 972 4158 ἕως
1000 4096 1066 4149 ἂν
1102 4097 1179 4149 θῶ
1211 4100 1335 4160 τοὺς
1370 4099 1600 4168 ἐχθρούς
1634 4116 1727 4152 σου

122 4191 427 4245 ὑποπόδιον
460 4190 570 4241 τῶν
600 4187 775 4242 ποδῶν
804 4203 932 4254 σου;
962 4184 1025 4238 Εἰ
1058 4181 1150 4239 οὖν
1184 4186 1347 4240 Δαυτδ
1386 4189 1540 4240 καλεῖ
1566 4190 1728 4242 αὑτὸν

118 4283 351 4352 Κύριον,
413 4280 531 4343 πῶς
564 4279 678 4343 υίὸς
725 4277 890 4331 αὑτοῦ
934 4280 1086 4344 tm;
1132 4279 1239 4332 Kal.
1277 4280 1456 4343 οὐδεὶς
1495 4280 1729 4349 ἠδύνατο

119 4374 501 4445 ἀποκριθῆναι
540 4373 689 4442 αὑτῷ
746 4372 927 4439 λόγον,
983 4371 1103 4423 οὐδὲ
1152 4372 1420 4442 ἐτόλμησέ
1464 4390 1570 4437 ,τις
1622 4372 1718 4425 ἀπ’

117 4468 340 4537 iusim;
389 4467 491 4535 τῆς
525 4466 741 4535 ἡμέρας
780 4466 1129 4534 ἐπερωτῆσαι
1163 4466 1329 4517 αὑτὸν
1392 4465 1493 4518 οὐκ
1559 4464 1659 4519 ἔτι.
1700 4485 1719 4516 ι

134 4560 363 4628 Ἐπειδὴ
400 4557 559 4630 ψιλὸν
591 4558 883 4627 ἄνθρωπον
922 4560 1085 4613 αὑτὸν
1116 4560 1368 4630 ἐνόμιζον
1405 4556 1566 4623 εἶναι,
1596 4560 1726 4612 ἀνα-

121 4656 317 4724 τρέπει
347 4651 538 4705 αὐτῶν
566 4651 663 4721 τὴν
682 4651 866 4717 δόξαν,
910 4652 1006 4705 καὶ
1038 4653 1283 4706 διδάσκει
1312 4652 1372 4705 τὸ
1400 4653 1599 4720 ἀληθὲς
1634 4653 1722 4706 διὰ

120 4745 220 4815 τῆς
254 4744 361 4798 τοῦ
395 4743 564 4797 Δαυῒδ
588 4743 952 4813 προφητείας,
985 4745 1068 4797 ὅτι
1098 4744 1194 4797 καὶ
1218 4744 1421 4813 Κύριός
1452 4746 1590 4809 ἐστι,
1622 4748 1720 4814 τὴν

118 4835 357 4908 θεότητα
395 4836 499 4905 τὴν
549 4834 745 4888 ἑαυτοῦ
804 4836 1226 4906 ἀνακηρύττων.
1292 4835 1572 4889 Είπόντων
1611 4836 1721 4906 γὰρ

116 4930 225 4983 τῶν
277 4928 605 4999 Φαρισαίων
635 4927 717 4981 ὅτι
752 4926 881 4990 Υἱός
909 4929 1026 4981 ἐστι
1055 4929 1150 4982 τοῦ
1204 4928 1367 4981 Δαυῖδ
1393 4932 1420 4983 ὁ
1462 4909 1720 5000 Χριστὸς,

116 5024 432 5086 τουτέστιν,
479 5020 771 5088 ἄνθρωπος
809 5019 986 5088 ψιλὸς,
1019 5022 1153 5090 φησί
1186 5036 1199 5050 ’
1234 5020 1358 5084 Πῶς
1390 5019 1482 5073 οὖν
1504 5022 1531 5072 ὁ
1560 5018 1722 5072 Annia

118 5094 330 5189 Κύριον
358 5115 527 5169 αὑτὸν
550 5113 849 5182 ὀνομάζει;
880 5114 975 5166 καὶ
999 5114 1097 5183 οὐχ
1121 5113 1305 5174 ἁπλῶς
1335 5112 1562 5183 Κύριον,
1604 5113 1717 5164 ἀλλ’

118 5211 171 5262 tv
235 5208 544 5275 πνεύματι.
574 5208 821 5259 τουτέστι
850 5207 939 5258 διὰ
958 5208 1057 5277 τῆς
1082 5206 1178 5259 τοῦ
1211 5206 1529 5275 Πνεύματος
1563 5208 1720 5277 χάρι-

116 5320 202 5364 τος
235 5300 658 5366 ἀποκαλυφθεὶς
685 5300 881 5365 αύτόνς
908 5300 1022 5351 Οὐκ
1043 5299 1378 5371 ἀρνούμενος
1400 5300 1456 5352 δὲ
1486 5300 1546 5351 τὸ
1575 5295 1716 5352 εἶναι

120 5396 232 5459 υἱὸς
301 5392 472 5447 Δαυτδ
504 5391 680 5445 ταῦτα
719 5392 891 5459 λέγει,
930 5390 1071 5445 ἀλλὰ
1120 5391 1280 5444 τοῦτο
1313 5390 1598 5454 δεικνύων,
1638 5393 1718 5445 ὅτι

118 5491 215 5543 οὒκ
246 5490 365 5541 ἔστι
414 5485 573 5557 ψιλὸς
622 5487 931 5555 ἅνθρωπος,
982 5484 1047 5537 ἐκ
1086 5485 1250 5553 μόνου
1284 5485 1379 5537 τοῦ
1429 5485 1717 5539 Δαυῖδικοῦ

183 5667 232 5701 ⁸·
267 5666 442 5724 Ilurc.
474 5684 577 5731 xu,
614 5667 703 5721 δι.

188 5831 271 5899 (α)
302 5830 449 5885 Edit.
491 5828 619 5883 Lut.
652 5826 875 5891 omittit,
911 5831 1049 5896 quod
1084 5830 1339 5884 Dominus
1368 5843 1464 5888 est.

443 5928 722 5987 PATROL.
772 5926 888 5986 Gn.
942 5926 1223 5989 CXXIII.

1833 3359 2006 3424 illum,
2042 3373 2096 3413 et
2130 3361 2265 3415 dixit
2304 3363 2391 3417 ei:
2431 3362 2550 3420 Non
2593 3365 2755 3437 longe
2788 3382 2848 3423 es
2876 3384 2907 3424 a
2949 3387 3115 3443 regno
3160 3375 3253 3432 Dei
3273 3376 3342 3431 “.

1908 3649 2073 3705 Vsus.
2123 3651 2319 3709 ιιι-ιϐ.
2382 3672 2400 3706 ι
2438 3652 2801 3728 Congregatis
2856 3668 3038 3717 autem
3102 3663 3430 3740 Pharisazis,

1830 3740 2193 3813 interrogatit
2227 3760 2321 3800 eos
2355 3745 2517 3802 Jesus
2540 3788 2553 3812 ,
2590 3750 2782 3805 dicens
2810 3769 2824 3806 :
2856 3753 2993 3819 Quid
3038 3757 3192 3814 vobis
3218 3760 3426 3819 videtur

1832 3835 1897 3889 de
1939 3835 2201 3892 Christo?
2234 3839 2387 3906 cujus
2433 3840 2578 3897 ﬁlius
2608 3845 2733 3899 est'?
2769 3844 2969 3903 Dicunt
3013 3851 3084 3918 ei,
3108 3852 3307 3912 David.
3340 3858 3435 3912 Ait

1833 3925 1977 3982 illis:
2026 3928 2311 3994 Quomodo
2358 3948 2490 4003 ergo
2540 3934 2712 3991 David
2767 3939 2821 3991 in
2874 3944 3065 4009 spiritu
3104 3956 3261 4001 vocat
3304 3965 3429 4007 eum

1832 4018 2121 4074 Dominum
2156 4024 2377 4079 dicens:
2408 4026 2555 4081 Dixit
2575 4029 2837 4087 Dominus
2860 4032 3089 4092 Domino
3116 4053 3257 4107 meo,
3286 4042 3427 4099 Sede

1832 4129 1860 4166 a
1900 4115 2106 4168 dextris
2141 4116 2298 4182 meis,
2330 4118 2502 4173 donec
2535 4135 2735 4188 ponam
2776 4125 3025 4182 inimicos
3064 4140 3185 4186 tuos
3219 4136 3435 4189 subsel-

1833 4203 1959 4257 lium
2000 4206 2199 4274 pedum
2238 4210 2500 4262 tuorum?
2532 4210 2589 4265 Si
2619 4226 2749 4284 ergo
2786 4214 2949 4272 David
2984 4232 3142 4276 vocat
3172 4237 3293 4278 eum
3330 4226 3432 4281 Do-

1834 4297 2067 4361 minum,
2097 4300 2372 4367 quomodo
2405 4302 2549 4357 ﬁlius
2574 4304 2694 4374 ejus
2742 4308 2869 4362 est?
2916 4309 2982 4364 Et
3024 4327 3183 4367 nemo
3216 4326 3433 4385 poterat

1832 4390 1880 4442 ei
1925 4392 2258 4459 respondere
2290 4392 2546 4459 verbum,
2580 4412 2757 4465 neque
2802 4416 2972 4456 ausus
3005 4403 3111 4458 fuit
3141 4410 3430 4478 quisquam

1833 4497 1896 4536 ex
1928 4497 1993 4536 eo
2022 4485 2107 4538 die
2146 4499 2267 4539 eum
2301 4487 2535 4555 amplius
2560 4490 2924 4563 interrogare.
2968 4514 2987 4548 ι
3021 4497 3289 4563 Quoniam
3324 4519 3432 4571 pu-

1757 4597 1801 4651 D
1834 4586 1952 4624 rum
1992 4572 2271 4627 hominem
2323 4575 2605 4633 Christum
2654 4596 2775 4636 esse
2826 4585 3104 4653 putabant,
3159 4593 3433 4648 subvertit

1833 4678 2021 4717 corum
2062 4666 2404 4736 opinionem,
2450 4680 2517 4725 et
2566 4672 2728 4730 docet
2777 4682 3064 4735 veritatem
3114 4698 3212 4754 per
3257 4686 3427 4743 David

1830 4757 2195 4825 prophetiam,
2223 4763 2369 4830 quod
2398 4762 2663 4821 Dominus
2686 4778 2769 4821 est
2788 4769 2884 4837 (a),
2912 4771 3249 4829 divinitatem
3274 4794 3428 4833 suam

1831 4849 2164 4933 praedicans.
2218 4850 2531 4908 Dicentibns
2586 4857 2731 4910 enim
2781 4857 3101 4930 Pharisaais,
3141 4865 3314 4923 Filius
3346 4882 3432 4925 est

1832 4936 2003 4993 David
2048 4939 2320 5006 Christus,
2383 4946 2487 5000 hoc
2521 4956 2626 5011 est,
2662 4950 2826 5005 homo
2861 4968 3052 5022 purus,
3089 4960 3241 5025 dicit,
3279 4960 3431 5029 Quo-

1835 5034 1994 5086 modo
2028 5034 2191 5104 igitur
2231 5038 2394 5093 David
2424 5040 2712 5097 Domiuum
2749 5060 2873 5101 eum
2924 5053 3208 5107 nominat?
3236 5065 3288 5109 et
3320 5073 3428 5112 non

1828 5122 2149 5192 simpliciter
2178 5142 2302 5182 eum
2342 5132 2587 5187 nominat
2625 5134 2938 5205 DOniinum,
2969 5145 3063 5196 sed
3104 5145 3157 5198 in
3206 5150 3426 5215 spiritu,

1832 5213 1932 5268 hoc
1964 5226 2070 5281 est,
2109 5234 2204 5287 per
2237 5218 2471 5299 Spiritus
2504 5227 2734 5293 gratiam
2760 5229 2935 5298 ipsum
2975 5213 3275 5292 revelavit?
3305 5213 3421 5295 Non

1831 5319 1991 5373 negat
2048 5320 2229 5363 autem
2286 5314 2455 5367 lilium
2515 5316 2684 5371 David
2722 5336 2844 5377 esse
2892 5324 2995 5378 hoc
3026 5328 3293 5396 dicendo,
3332 5337 3424 5388 sed

1832 5410 2099 5454 mOnstrat
2124 5406 2267 5468 quod
2297 5422 2398 5459 non
2434 5408 2503 5461 sit
2527 5425 2696 5476 purus
2728 5414 2891 5469 homo
2924 5433 2986 5471 ex
3022 5422 3139 5475 solo
3164 5423 3425 5483 Davialico

1832 5492 2039 5546 semine
2066 5494 2423 5563 descendens,
2455 5498 2579 5557 Haec
2608 5512 2789 5559 autem
2815 5507 3116 5579 interrogat
3141 5514 3428 5589 Dominus,

3026 5955 3093 6013 l3
