  <div class='ocr_page' id='page_1' title='image "/cluster/home/n/w/nwhite01/storage/ocr_20150623/123/ien.35556001659978/205.png"; bbox 0 0 4010 6420; ppageno 0'>
   <div class='ocr_carea' id='block_1_1' title="bbox 618 407 727 470">
    <p class='ocr_par' dir='ltr' id='par_1_1' title="bbox 618 407 727 470">
     <span class='ocr_line' id='line_1_1' title="bbox 618 407 727 470; baseline 0.018 -2"><span class='ocrx_word' id='word_1_1' title='bbox 618 407 727 470; x_wconf 81' lang='lat'><strong>395</strong></span> 
     </span>
    </p>
   </div>
   <div class='ocr_carea' id='block_1_2' title="bbox 1469 404 2914 468">
    <p class='ocr_par' dir='ltr' id='par_1_2' title="bbox 1469 404 2914 468">
     <span class='ocr_line' id='line_1_2' title="bbox 1469 404 2914 468; baseline 0 -3"><span class='ocrx_word' id='word_1_2' title='bbox 1469 404 2062 466; x_wconf 66' lang='grc' dir='ltr'><strong>ΤΗΕΟΡΠΥΙΑΟΤΙ</strong></span> <span class='ocrx_word' id='word_1_3' title='bbox 2104 405 2517 468; x_wconf 64' lang='lat' dir='ltr'><strong>BULGARIE</strong></span> <span class='ocrx_word' id='word_1_4' title='bbox 2553 405 2914 466; x_wconf 68' lang='lat' dir='ltr'><strong>ARCI—IIEP.</strong></span> 
     </span>
    </p>
   </div>
   <div class='ocr_carea' id='block_1_3' title="bbox 3778 407 3889 470">
    <p class='ocr_par' dir='ltr' id='par_1_3' title="bbox 3778 407 3889 470">
     <span class='ocr_line' id='line_1_3' title="bbox 3778 407 3889 470; baseline -0.018 0"><span class='ocrx_word' id='word_1_5' title='bbox 3778 407 3889 470; x_wconf 72' lang='lat'><strong>39-6</strong></span> 
     </span>
    </p>
   </div>
   <div class='ocr_carea' id='block_1_4' title="bbox 621 518 2195 592">
    <p class='ocr_par' dir='ltr' id='par_1_4' title="bbox 621 519 2194 589">
     <span class='ocr_line' id='line_1_4' title="bbox 621 519 2194 589; baseline -0.001 -13"><span class='ocrx_word' id='word_1_6' title='bbox 621 533 684 576; x_wconf 86' lang='grc' dir='ltr'><strong>ιιι</strong></span> <span class='ocrx_word' id='word_1_7' title='bbox 713 524 756 576; x_wconf 99' lang='lat' dir='ltr'><strong>si</strong></span> <span class='ocrx_word' id='word_1_8' title='bbox 795 520 876 576; x_wconf 82' lang='lat' dir='ltr'><strong>vel</strong></span> <span class='ocrx_word' id='word_1_9' title='bbox 906 520 1086 577; x_wconf 88' lang='lat' dir='ltr'><strong>dicant</strong></span> <span class='ocrx_word' id='word_1_10' title='bbox 1118 533 1176 579; x_wconf 77' lang='lat' dir='ltr'><strong>se</strong></span> <span class='ocrx_word' id='word_1_11' title='bbox 1211 519 1452 583; x_wconf 86' lang='lat' dir='ltr'><strong>nescire,</strong></span> <span class='ocrx_word' id='word_1_12' title='bbox 1488 521 1825 589; x_wconf 71' lang='lat' dir='ltr'><strong>interrogent</strong></span> <span class='ocrx_word' id='word_1_13' title='bbox 1857 534 1920 572; x_wconf 91' lang='lat' dir='ltr'><strong>ac</strong></span> <span class='ocrx_word' id='word_1_14' title='bbox 1952 520 2194 585; x_wconf 85' lang='lat' dir='ltr'><strong>discant,</strong></span> 
     </span>
    </p>
   </div>
   <div class='ocr_carea' id='block_1_5' title="bbox 2302 518 3890 592">
    <p class='ocr_par' dir='ltr' id='par_1_5' title="bbox 2302 518 3890 592">
     <span class='ocr_line' id='line_1_5' title="bbox 2302 518 3890 592; baseline 0.001 -19"><span class='ocrx_word' id='word_1_15' title='bbox 2302 522 2615 591; x_wconf 86' lang='grc' dir='ltr'>σπέρματος</span> <span class='ocrx_word' id='word_1_16' title='bbox 2640 520 2984 589; x_wconf 88' lang='grc' dir='ltr'>καταγόμενο</span> <span class='ocrx_word' id='word_1_17' title='bbox 2996 537 3035 583; x_wconf 77' lang='grc' dir='ltr'><strong>ς.</strong></span> <span class='ocrx_word' id='word_1_18' title='bbox 3074 518 3260 574; x_wconf 79' lang='grc' dir='ltr'>Ταῦτα</span> <span class='ocrx_word' id='word_1_19' title='bbox 3287 520 3345 575; x_wconf 81' lang='grc' dir='ltr'><strong>δέ</strong></span> <span class='ocrx_word' id='word_1_20' title='bbox 3388 522 3569 592; x_wconf 74' lang='grc' dir='ltr'>ἐρωτᾷ</span> <span class='ocrx_word' id='word_1_21' title='bbox 3596 521 3624 573; x_wconf 98' lang='lat'><strong>6</strong></span> <span class='ocrx_word' id='word_1_22' title='bbox 3654 522 3890 592; x_wconf 80' lang='grc' dir='ltr'>Κύριος,</span> 
     </span>
    </p>
   </div>
   <div class='ocr_carea' id='block_1_6' title="bbox 619 609 2196 681">
    <p class='ocr_par' dir='ltr' id='par_1_6' title="bbox 619 609 2196 681">
     <span class='ocr_line' id='line_1_6' title="bbox 619 609 2196 681; baseline -0.001 -13"><span class='ocrx_word' id='word_1_23' title='bbox 619 613 703 669; x_wconf 87' lang='lat' dir='ltr'><strong>vel</strong></span> <span class='ocrx_word' id='word_1_24' title='bbox 735 614 779 670; x_wconf 91' lang='lat' dir='ltr'><strong>si</strong></span> <span class='ocrx_word' id='word_1_25' title='bbox 803 615 981 668; x_wconf 91' lang='lat' dir='ltr'><strong>dicant</strong></span> <span class='ocrx_word' id='word_1_26' title='bbox 1010 611 1316 676; x_wconf 73' lang='lat' dir='ltr'><strong>veritatem,</strong></span> <span class='ocrx_word' id='word_1_27' title='bbox 1344 612 1611 667; x_wconf 87' lang='lat' dir='ltr'><strong>credant:</strong></span> <span class='ocrx_word' id='word_1_28' title='bbox 1641 609 1725 665; x_wconf 86' lang='lat' dir='ltr'><strong>vel</strong></span> <span class='ocrx_word' id='word_1_29' title='bbox 1747 610 1792 664; x_wconf 90' lang='lat' dir='ltr'><strong>si</strong></span> <span class='ocrx_word' id='word_1_30' title='bbox 1827 610 1963 664; x_wconf 84' lang='lat' dir='ltr'><strong>nihil</strong></span> <span class='ocrx_word' id='word_1_31' title='bbox 1991 613 2196 681; x_wconf 87' lang='lat' dir='ltr'><strong>possint</strong></span> 
     </span>
    </p>
   </div>
   <div class='ocr_carea' id='block_1_7' title="bbox 619 703 2194 770">
    <p class='ocr_par' dir='ltr' id='par_1_7' title="bbox 619 703 2194 770">
     <span class='ocr_line' id='line_1_7' title="bbox 619 703 2194 770; baseline 0.001 -10"><span class='ocrx_word' id='word_1_32' title='bbox 619 707 834 768; x_wconf 86' lang='lat' dir='ltr'><strong>dicere,</strong></span> <span class='ocrx_word' id='word_1_33' title='bbox 895 703 1298 761; x_wconf 73' lang='lat' dir='ltr'><strong>confundantur</strong></span> <span class='ocrx_word' id='word_1_34' title='bbox 1344 713 1399 760; x_wconf 89' lang='lat' dir='ltr'><strong>et</strong></span> <span class='ocrx_word' id='word_1_35' title='bbox 1443 707 1722 770; x_wconf 81' lang='lat' dir='ltr'><strong>secedant,</strong></span> <span class='ocrx_word' id='word_1_36' title='bbox 1767 719 1876 760; x_wconf 89' lang='lat' dir='ltr'><strong>non</strong></span> <span class='ocrx_word' id='word_1_37' title='bbox 1930 705 2194 761; x_wconf 82' lang='lat' dir='ltr'><strong>audentes</strong></span> 
     </span>
    </p>
   </div>
   <div class='ocr_carea' id='block_1_8' title="bbox 621 795 1323 868">
    <p class='ocr_par' dir='ltr' id='par_1_8' title="bbox 621 795 1323 868">
     <span class='ocr_line' id='line_1_8' title="bbox 621 795 1323 868; baseline -0.001 -18"><span class='ocrx_word' id='word_1_38' title='bbox 621 799 756 851; x_wconf 85' lang='lat' dir='ltr'><strong>ultra</strong></span> <span class='ocrx_word' id='word_1_39' title='bbox 792 797 1129 868; x_wconf 82' lang='lat' dir='ltr'><strong>interrogare</strong></span> <span class='ocrx_word' id='word_1_40' title='bbox 1161 795 1323 852; x_wconf 91' lang='lat' dir='ltr'><strong>illum.</strong></span> 
     </span>
    </p>
   </div>
   <div class='ocr_carea' id='block_1_9' title="bbox 1173 1025 1633 1085">
    <p class='ocr_par' dir='ltr' id='par_1_9' title="bbox 1173 1025 1633 1085">
     <span class='ocr_line' id='line_1_9' title="bbox 1173 1025 1633 1085; baseline 0 -1"><span class='ocrx_word' id='word_1_41' title='bbox 1173 1025 1402 1085; x_wconf 81' lang='lat' dir='ltr'><strong>CAPUT</strong></span> <span class='ocrx_word' id='word_1_42' title='bbox 1441 1027 1633 1084; x_wconf 81' lang='lat' dir='ltr'><strong>XXIII.</strong></span> 
     </span>
    </p>
   </div>
   <div class='ocr_carea' id='block_1_10' title="bbox 996 1100 1785 1236">
    <p class='ocr_par' dir='ltr' id='par_1_10' title="bbox 1018 1140 1785 1198">
     <span class='ocr_line' id='line_1_10' title="bbox 1018 1140 1785 1198; baseline -0.001 -3"><span class='ocrx_word' id='word_1_43' title='bbox 1018 1141 1093 1195; x_wconf 83' lang='lat' dir='ltr'><strong>De</strong></span> <span class='ocrx_word' id='word_1_44' title='bbox 1119 1143 1338 1196; x_wconf 79' lang='lat' dir='ltr'><strong>miseria</strong></span> <span class='ocrx_word' id='word_1_45' title='bbox 1367 1140 1785 1198; x_wconf 70' lang='lat' dir='ltr'><strong>Pharisaeorum.</strong></span> 
     </span>
    </p>
   </div>
   <div class='ocr_carea' id='block_1_11' title="bbox 691 1251 2198 1312">
    <p class='ocr_par' dir='ltr' id='par_1_11' title="bbox 691 1251 2198 1312">
     <span class='ocr_line' id='line_1_11' title="bbox 691 1251 2198 1312; baseline -0.001 -3"><span class='ocrx_word' id='word_1_46' title='bbox 691 1255 855 1311; x_wconf 68' lang='lat' dir='ltr'><strong>Vnus.</strong></span> <span class='ocrx_word' id='word_1_47' title='bbox 896 1256 1012 1312; x_wconf 77' lang='grc'><strong>1-5.</strong></span> <span class='ocrx_word' id='word_1_48' title='bbox 1049 1274 1068 1308; x_wconf 79' lang='grc' dir='ltr'><strong>ι</strong></span> <span class='ocrx_word' id='word_1_49' title='bbox 1107 1253 1261 1310; x_wconf 84' lang='lat' dir='ltr'><strong>Tunc</strong></span> <span class='ocrx_word' id='word_1_50' title='bbox 1289 1253 1447 1310; x_wconf 80' lang='lat' dir='ltr'><strong>Jesus</strong></span> <span class='ocrx_word' id='word_1_51' title='bbox 1470 1255 1681 1310; x_wconf 89' lang='lat' dir='ltr'><strong>locutus</strong></span> <span class='ocrx_word' id='word_1_52' title='bbox 1705 1263 1791 1309; x_wconf 87' lang='lat' dir='ltr'><strong>est</strong></span> <span class='ocrx_word' id='word_1_53' title='bbox 1822 1253 1887 1309; x_wconf 89' lang='lat' dir='ltr'><strong>ad</strong></span> <span class='ocrx_word' id='word_1_54' title='bbox 1926 1251 2112 1308; x_wconf 82' lang='lat' dir='ltr'><strong>turbas</strong></span> <span class='ocrx_word' id='word_1_55' title='bbox 2144 1263 2198 1307; x_wconf 92' lang='lat' dir='ltr'><strong>ct</strong></span> 
     </span>
    </p>
   </div>
   <div class='ocr_carea' id='block_1_12' title="bbox 617 1344 2198 1418">
    <p class='ocr_par' dir='ltr' id='par_1_12' title="bbox 617 1344 2198 1418">
     <span class='ocr_line' id='line_1_12' title="bbox 617 1344 2198 1418; baseline -0.001 -14"><span class='ocrx_word' id='word_1_56' title='bbox 617 1349 686 1404; x_wconf 88' lang='lat' dir='ltr'><strong>ad</strong></span> <span class='ocrx_word' id='word_1_57' title='bbox 739 1347 1030 1418; x_wconf 76' lang='lat' dir='ltr'><strong>discipulos</strong></span> <span class='ocrx_word' id='word_1_58' title='bbox 1083 1363 1232 1410; x_wconf 87' lang='lat' dir='ltr'><strong>suos,</strong></span> <span class='ocrx_word' id='word_1_59' title='bbox 1287 1347 1516 1403; x_wconf 89' lang='lat' dir='ltr'><strong>dicens:</strong></span> <span class='ocrx_word' id='word_1_60' title='bbox 1579 1346 1638 1402; x_wconf 90' lang='lat' dir='ltr'><strong>In</strong></span> <span class='ocrx_word' id='word_1_61' title='bbox 1687 1346 1946 1401; x_wconf 82' lang='lat' dir='ltr'><strong>cathedra</strong></span> <span class='ocrx_word' id='word_1_62' title='bbox 1994 1344 2198 1417; x_wconf 79' lang='lat' dir='ltr'><strong>Moysis</strong></span> 
     </span>
    </p>
   </div>
   <div class='ocr_carea' id='block_1_13' title="bbox 617 1423 2198 1504">
    <p class='ocr_par' dir='ltr' id='par_1_13' title="bbox 617 1423 2198 1504">
     <span class='ocr_line' id='line_1_13' title="bbox 617 1423 2198 1504; baseline -0.001 -15"><span class='ocrx_word' id='word_1_63' title='bbox 617 1438 874 1492; x_wconf 87' lang='lat' dir='ltr'><strong>sederunt</strong></span> <span class='ocrx_word' id='word_1_64' title='bbox 905 1423 1111 1492; x_wconf 75' lang='lat' dir='ltr'><strong>Scriba:</strong></span> <span class='ocrx_word' id='word_1_65' title='bbox 1137 1446 1190 1490; x_wconf 89' lang='lat' dir='ltr'><strong>et</strong></span> <span class='ocrx_word' id='word_1_66' title='bbox 1224 1434 1486 1491; x_wconf 81' lang='lat' dir='ltr'><strong>Pharisaei</strong></span> <span class='ocrx_word' id='word_1_67' title='bbox 1514 1452 1530 1490; x_wconf 89' lang='lat'><strong>:</strong></span> <span class='ocrx_word' id='word_1_68' title='bbox 1565 1437 1747 1490; x_wconf 88' lang='lat' dir='ltr'><strong>omnia</strong></span> <span class='ocrx_word' id='word_1_69' title='bbox 1782 1449 1916 1504; x_wconf 87' lang='lat' dir='ltr'><strong>ergo</strong></span> <span class='ocrx_word' id='word_1_70' title='bbox 1938 1448 2198 1504; x_wconf 72' lang='lat' dir='ltr'><strong>qutecun-</strong></span> 
     </span>
    </p>
   </div>
   <div class='ocr_carea' id='block_1_14' title="bbox 615 1526 2194 1602">
    <p class='ocr_par' dir='ltr' id='par_1_14' title="bbox 615 1526 2194 1602">
     <span class='ocr_line' id='line_1_14' title="bbox 615 1526 2194 1602; baseline 0.001 -22"><span class='ocrx_word' id='word_1_71' title='bbox 615 1543 724 1602; x_wconf 88' lang='lat' dir='ltr'><strong>que</strong></span> <span class='ocrx_word' id='word_1_72' title='bbox 749 1527 1006 1598; x_wconf 70' lang='lat' dir='ltr'><strong>iusserint</strong></span> <span class='ocrx_word' id='word_1_73' title='bbox 1035 1543 1131 1585; x_wconf 85' lang='lat' dir='ltr'><strong>vos</strong></span> <span class='ocrx_word' id='word_1_74' title='bbox 1161 1543 1404 1594; x_wconf 79' lang='lat' dir='ltr'><strong>servare,</strong></span> <span class='ocrx_word' id='word_1_75' title='bbox 1445 1537 1663 1585; x_wconf 79' lang='lat' dir='ltr'><strong>servate</strong></span> <span class='ocrx_word' id='word_1_76' title='bbox 1685 1537 1739 1583; x_wconf 90' lang='lat' dir='ltr'><strong>et</strong></span> <span class='ocrx_word' id='word_1_77' title='bbox 1763 1526 1922 1584; x_wconf 86' lang='lat' dir='ltr'><strong>facite</strong></span> <span class='ocrx_word' id='word_1_78' title='bbox 1947 1544 1961 1581; x_wconf 88' lang='lat'>:</span> <span class='ocrx_word' id='word_1_79' title='bbox 1993 1541 2194 1583; x_wconf 87' lang='lat' dir='ltr'><strong>secun-</strong></span> 
     </span>
    </p>
   </div>
   <div class='ocr_carea' id='block_1_15' title="bbox 617 1617 2192 1691">
    <p class='ocr_par' dir='ltr' id='par_1_15' title="bbox 617 1617 2192 1691">
     <span class='ocr_line' id='line_1_15' title="bbox 617 1617 2192 1691; baseline -0.004 -16"><span class='ocrx_word' id='word_1_80' title='bbox 617 1621 742 1675; x_wconf 93' lang='lat' dir='ltr'><strong>dum</strong></span> <span class='ocrx_word' id='word_1_81' title='bbox 769 1633 934 1691; x_wconf 89' lang='lat' dir='ltr'><strong>opera</strong></span> <span class='ocrx_word' id='word_1_82' title='bbox 967 1633 1097 1674; x_wconf 89' lang='lat' dir='ltr'><strong>vero</strong></span> <span class='ocrx_word' id='word_1_83' title='bbox 1128 1633 1314 1674; x_wconf 90' lang='lat' dir='ltr'><strong>eorum</strong></span> <span class='ocrx_word' id='word_1_84' title='bbox 1348 1619 1520 1674; x_wconf 89' lang='lat' dir='ltr'><strong>nolite</strong></span> <span class='ocrx_word' id='word_1_85' title='bbox 1555 1617 1780 1674; x_wconf 88' lang='lat' dir='ltr'><strong>facere:</strong></span> <span class='ocrx_word' id='word_1_86' title='bbox 1814 1619 2000 1674; x_wconf 90' lang='lat' dir='ltr'><strong>dicunt</strong></span> <span class='ocrx_word' id='word_1_87' title='bbox 2027 1619 2192 1682; x_wconf 86' lang='lat' dir='ltr'><strong>enim,</strong></span> 
     </span>
    </p>
   </div>
   <div class='ocr_carea' id='block_1_16' title="bbox 616 1714 2195 1783">
    <p class='ocr_par' dir='ltr' id='par_1_16' title="bbox 616 1714 2195 1783">
     <span class='ocr_line' id='line_1_16' title="bbox 616 1714 2195 1783; baseline 0 -15"><span class='ocrx_word' id='word_1_88' title='bbox 616 1724 672 1769; x_wconf 86' lang='lat' dir='ltr'><strong>et</strong></span> <span class='ocrx_word' id='word_1_89' title='bbox 703 1730 806 1770; x_wconf 92' lang='lat' dir='ltr'><strong>non</strong></span> <span class='ocrx_word' id='word_1_90' title='bbox 831 1714 1058 1772; x_wconf 88' lang='lat' dir='ltr'><strong>faciunt.</strong></span> <span class='ocrx_word' id='word_1_91' title='bbox 1091 1734 1110 1767; x_wconf 72' lang='grc' dir='ltr'><strong>ι</strong></span> <span class='ocrx_word' id='word_1_92' title='bbox 1142 1715 1369 1783; x_wconf 82' lang='lat' dir='ltr'><strong>Quando</strong></span> <span class='ocrx_word' id='word_1_93' title='bbox 1395 1730 1495 1773; x_wconf 85' lang='lat' dir='ltr'><strong>eos</strong></span> <span class='ocrx_word' id='word_1_94' title='bbox 1522 1716 1846 1782; x_wconf 86' lang='lat' dir='ltr'><strong>confutavit,</strong></span> <span class='ocrx_word' id='word_1_95' title='bbox 1874 1725 1929 1771; x_wconf 86' lang='lat' dir='ltr'><strong>et</strong></span> <span class='ocrx_word' id='word_1_96' title='bbox 1956 1715 2195 1772; x_wconf 80' lang='lat' dir='ltr'><strong>ostendit</strong></span> 
     </span>
    </p>
   </div>
   <div class='ocr_carea' id='block_1_17' title="bbox 616 1808 2196 1879">
    <p class='ocr_par' dir='ltr' id='par_1_17' title="bbox 616 1808 2196 1879">
     <span class='ocr_line' id='line_1_17' title="bbox 616 1808 2196 1879; baseline -0.001 -17"><span class='ocrx_word' id='word_1_97' title='bbox 616 1808 998 1865; x_wconf 86' lang='lat' dir='ltr'><strong>incurabiliter</strong></span> <span class='ocrx_word' id='word_1_98' title='bbox 1025 1817 1374 1879; x_wconf 70' lang='lat' dir='ltr'><strong>aegrotantes,</strong></span> <span class='ocrx_word' id='word_1_99' title='bbox 1414 1817 1545 1864; x_wconf 89' lang='lat' dir='ltr'><strong>tunc</strong></span> <span class='ocrx_word' id='word_1_100' title='bbox 1576 1809 1645 1864; x_wconf 90' lang='lat' dir='ltr'><strong>de</strong></span> <span class='ocrx_word' id='word_1_101' title='bbox 1688 1809 1820 1879; x_wconf 89' lang='lat' dir='ltr'><strong>ipsis</strong></span> <span class='ocrx_word' id='word_1_102' title='bbox 1852 1809 2025 1871; x_wconf 83' lang='lat' dir='ltr'><strong>dicit,</strong></span> <span class='ocrx_word' id='word_1_103' title='bbox 2051 1817 2103 1860; x_wconf 94' lang='lat' dir='ltr'><strong>et</strong></span> <span class='ocrx_word' id='word_1_104' title='bbox 2131 1809 2196 1861; x_wconf 89' lang='lat' dir='ltr'><strong>de</strong></span> 
     </span>
    </p>
   </div>
   <div class='ocr_carea' id='block_1_18' title="bbox 617 1899 2193 1971">
    <p class='ocr_par' dir='ltr' id='par_1_18' title="bbox 617 1899 2193 1971">
     <span class='ocr_line' id='line_1_18' title="bbox 617 1899 2193 1971; baseline 0 -20"><span class='ocrx_word' id='word_1_105' title='bbox 617 1900 729 1955; x_wconf 80' lang='lat' dir='ltr'><strong>vita</strong></span> <span class='ocrx_word' id='word_1_106' title='bbox 758 1914 820 1955; x_wconf 89' lang='lat' dir='ltr'><strong>ac</strong></span> <span class='ocrx_word' id='word_1_107' title='bbox 845 1900 1086 1956; x_wconf 83' lang='lat' dir='ltr'><strong>moribus</strong></span> <span class='ocrx_word' id='word_1_108' title='bbox 1119 1899 1335 1954; x_wconf 82' lang='lat' dir='ltr'><strong>illorum</strong></span> <span class='ocrx_word' id='word_1_109' title='bbox 1383 1899 1647 1971; x_wconf 82' lang='lat' dir='ltr'><strong>loquitur,</strong></span> <span class='ocrx_word' id='word_1_110' title='bbox 1683 1903 1984 1954; x_wconf 88' lang='lat' dir='ltr'><strong>admonens</strong></span> <span class='ocrx_word' id='word_1_111' title='bbox 2022 1899 2193 1952; x_wconf 81' lang='lat' dir='ltr'><strong>audi--</strong></span> 
     </span>
    </p>
   </div>
   <div class='ocr_carea' id='block_1_19' title="bbox 620 1991 2198 2061">
    <p class='ocr_par' dir='ltr' id='par_1_19' title="bbox 620 1991 2198 2061">
     <span class='ocr_line' id='line_1_19' title="bbox 620 1991 2198 2061; baseline -0.003 -14"><span class='ocrx_word' id='word_1_112' title='bbox 620 2003 789 2061; x_wconf 88' lang='lat' dir='ltr'><strong>tores,</strong></span> <span class='ocrx_word' id='word_1_113' title='bbox 832 2008 901 2048; x_wconf 86' lang='lat' dir='ltr'><strong>ne</strong></span> <span class='ocrx_word' id='word_1_114' title='bbox 947 2001 1301 2048; x_wconf 83' lang='lat' dir='ltr'><strong>contemnant</strong></span> <span class='ocrx_word' id='word_1_115' title='bbox 1334 1992 1621 2054; x_wconf 86' lang='lat' dir='ltr'><strong>doctores.</strong></span> <span class='ocrx_word' id='word_1_116' title='bbox 1655 1991 1873 2047; x_wconf 83' lang='lat' dir='ltr'><strong>etiamsi</strong></span> <span class='ocrx_word' id='word_1_117' title='bbox 1923 2000 2198 2058; x_wconf 66' lang='lat' dir='ltr'><strong>corruptae</strong></span> 
     </span>
    </p>
   </div>
   <div class='ocr_carea' id='block_1_20' title="bbox 622 2081 2196 2154">
    <p class='ocr_par' dir='ltr' id='par_1_20' title="bbox 622 2081 2196 2154">
     <span class='ocr_line' id='line_1_20' title="bbox 622 2081 2196 2154; baseline -0.003 -16"><span class='ocrx_word' id='word_1_118' title='bbox 622 2087 743 2140; x_wconf 67' lang='lat' dir='ltr'><strong>vitae</strong></span> <span class='ocrx_word' id='word_1_119' title='bbox 798 2084 929 2140; x_wconf 79' lang='lat' dir='ltr'><strong>sint.</strong></span> <span class='ocrx_word' id='word_1_120' title='bbox 981 2082 1230 2139; x_wconf 87' lang='lat' dir='ltr'><strong>Ostendit</strong></span> <span class='ocrx_word' id='word_1_121' title='bbox 1284 2092 1545 2154; x_wconf 62' lang='lat' dir='ltr'><strong>praete-rea</strong></span> <span class='ocrx_word' id='word_1_122' title='bbox 1600 2082 1746 2152; x_wconf 91' lang='lat' dir='ltr'><strong>quod</strong></span> <span class='ocrx_word' id='word_1_123' title='bbox 1799 2081 1900 2152; x_wconf 82' lang='lat' dir='ltr'><strong>legi</strong></span> <span class='ocrx_word' id='word_1_124' title='bbox 1957 2098 2062 2135; x_wconf 92' lang='lat' dir='ltr'><strong>non</strong></span> <span class='ocrx_word' id='word_1_125' title='bbox 2126 2081 2196 2135; x_wconf 87' lang='lat' dir='ltr'><strong>sit</strong></span> 
     </span>
    </p>
   </div>
   <div class='ocr_carea' id='block_1_21' title="bbox 619 2173 2191 2242">
    <p class='ocr_par' dir='ltr' id='par_1_21' title="bbox 619 2173 2191 2242">
     <span class='ocr_line' id='line_1_21' title="bbox 619 2173 2191 2242; baseline -0.004 -12"><span class='ocrx_word' id='word_1_126' title='bbox 619 2177 986 2240; x_wconf 81' lang='lat' dir='ltr'><strong>adversarius,</strong></span> <span class='ocrx_word' id='word_1_127' title='bbox 1037 2175 1130 2231; x_wconf 82' lang='lat' dir='ltr'><strong>sed</strong></span> <span class='ocrx_word' id='word_1_128' title='bbox 1178 2173 1330 2230; x_wconf 86' lang='lat' dir='ltr'><strong>malit</strong></span> <span class='ocrx_word' id='word_1_129' title='bbox 1380 2187 1591 2230; x_wconf 81' lang='lat' dir='ltr'><strong>servari</strong></span> <span class='ocrx_word' id='word_1_130' title='bbox 1621 2189 1685 2229; x_wconf 90' lang='lat' dir='ltr'><strong>ea</strong></span> <span class='ocrx_word' id='word_1_131' title='bbox 1715 2188 1836 2242; x_wconf 69' lang='lat' dir='ltr'><strong>quae</strong></span> <span class='ocrx_word' id='word_1_132' title='bbox 1875 2175 2009 2240; x_wconf 81' lang='lat' dir='ltr'><strong>legis</strong></span> <span class='ocrx_word' id='word_1_133' title='bbox 2045 2183 2191 2238; x_wconf 88' lang='lat' dir='ltr'><strong>sunt,</strong></span> 
     </span>
    </p>
   </div>
   <div class='ocr_carea' id='block_1_22' title="bbox 618 2263 2192 2338">
    <p class='ocr_par' dir='ltr' id='par_1_22' title="bbox 618 2263 2192 2338">
     <span class='ocr_line' id='line_1_22' title="bbox 618 2263 2192 2338; baseline -0.005 -14"><span class='ocrx_word' id='word_1_134' title='bbox 618 2270 864 2338; x_wconf 79' lang='lat' dir='ltr'><strong>quamvis</strong></span> <span class='ocrx_word' id='word_1_135' title='bbox 895 2283 960 2325; x_wconf 84' lang='lat' dir='ltr'><strong>ea</strong></span> <span class='ocrx_word' id='word_1_136' title='bbox 981 2268 1241 2323; x_wconf 84' lang='lat' dir='ltr'><strong>docentes</strong></span> <span class='ocrx_word' id='word_1_137' title='bbox 1276 2266 1482 2337; x_wconf 90' lang='lat' dir='ltr'><strong>indigni</strong></span> <span class='ocrx_word' id='word_1_138' title='bbox 1507 2267 1636 2321; x_wconf 91' lang='lat' dir='ltr'><strong>sint.</strong></span> <span class='ocrx_word' id='word_1_139' title='bbox 1668 2264 2018 2332; x_wconf 67' lang='lat' dir='ltr'><strong>Quaecunque</strong></span> <span class='ocrx_word' id='word_1_140' title='bbox 2048 2263 2192 2318; x_wconf 85' lang='lat' dir='ltr'><strong>enim</strong></span> 
     </span>
    </p>
   </div>
   <div class='ocr_carea' id='block_1_23' title="bbox 615 2356 2196 2428">
    <p class='ocr_par' dir='ltr' id='par_1_23' title="bbox 615 2356 2196 2428">
     <span class='ocr_line' id='line_1_23' title="bbox 615 2356 2196 2428; baseline -0.005 -12"><span class='ocrx_word' id='word_1_141' title='bbox 615 2365 805 2418; x_wconf 89' lang='lat' dir='ltr'><strong>dicunt</strong></span> <span class='ocrx_word' id='word_1_142' title='bbox 857 2364 1138 2427; x_wconf 86' lang='lat' dir='ltr'><strong>doctores,</strong></span> <span class='ocrx_word' id='word_1_143' title='bbox 1201 2359 1294 2417; x_wconf 86' lang='lat' dir='ltr'><strong>illa</strong></span> <span class='ocrx_word' id='word_1_144' title='bbox 1357 2358 1576 2428; x_wconf 74' lang='lat' dir='ltr'><strong>Moysen</strong></span> <span class='ocrx_word' id='word_1_145' title='bbox 1620 2368 1805 2426; x_wconf 89' lang='lat' dir='ltr'><strong>putate</strong></span> <span class='ocrx_word' id='word_1_146' title='bbox 1839 2359 2047 2420; x_wconf 87' lang='lat' dir='ltr'><strong>dicere,</strong></span> <span class='ocrx_word' id='word_1_147' title='bbox 2085 2356 2196 2410; x_wconf 89' lang='lat' dir='ltr'><strong>imo</strong></span> 
     </span>
    </p>
   </div>
   <div class='ocr_carea' id='block_1_24' title="bbox 615 2447 2192 2522">
    <p class='ocr_par' dir='ltr' id='par_1_24' title="bbox 615 2447 2192 2522">
     <span class='ocr_line' id='line_1_24' title="bbox 615 2447 2192 2522; baseline -0.004 -15"><span class='ocrx_word' id='word_1_148' title='bbox 615 2452 806 2509; x_wconf 87' lang='lat' dir='ltr'><strong>Deum.</strong></span> <span class='ocrx_word' id='word_1_149' title='bbox 835 2451 1176 2507; x_wconf 84' lang='lat' dir='ltr'><strong>Faciendane</strong></span> <span class='ocrx_word' id='word_1_150' title='bbox 1198 2451 1359 2522; x_wconf 79' lang='lat' dir='ltr'><strong>igitur</strong></span> <span class='ocrx_word' id='word_1_151' title='bbox 1377 2449 1558 2504; x_wconf 86' lang='lat' dir='ltr'><strong>omnia</strong></span> <span class='ocrx_word' id='word_1_152' title='bbox 1590 2464 1711 2518; x_wconf 66' lang='lat' dir='ltr'><strong>quae</strong></span> <span class='ocrx_word' id='word_1_153' title='bbox 1737 2449 1947 2514; x_wconf 90' lang='lat' dir='ltr'><strong>dicunt,</strong></span> <span class='ocrx_word' id='word_1_154' title='bbox 1979 2447 2192 2502; x_wconf 89' lang='lat' dir='ltr'><strong>etiamsi</strong></span> 
     </span>
    </p>
   </div>
   <div class='ocr_carea' id='block_1_25' title="bbox 618 2542 2196 2613">
    <p class='ocr_par' dir='ltr' id='par_1_25' title="bbox 618 2542 2196 2613">
     <span class='ocr_line' id='line_1_25' title="bbox 618 2542 2196 2613; baseline -0.006 -9"><span class='ocrx_word' id='word_1_155' title='bbox 618 2548 757 2604; x_wconf 89' lang='lat' dir='ltr'><strong>mala</strong></span> <span class='ocrx_word' id='word_1_156' title='bbox 790 2546 1033 2602; x_wconf 79' lang='lat' dir='ltr'><strong>fuerint?</strong></span> <span class='ocrx_word' id='word_1_157' title='bbox 1059 2545 1298 2600; x_wconf 82' lang='lat' dir='ltr'><strong>Dicimus</strong></span> <span class='ocrx_word' id='word_1_158' title='bbox 1322 2544 1486 2613; x_wconf 78' lang='lat' dir='ltr'><strong>igitur</strong></span> <span class='ocrx_word' id='word_1_159' title='bbox 1540 2543 1796 2612; x_wconf 86' lang='lat' dir='ltr'><strong>primum,</strong></span> <span class='ocrx_word' id='word_1_160' title='bbox 1826 2543 1968 2611; x_wconf 87' lang='lat' dir='ltr'><strong>quod</strong></span> <span class='ocrx_word' id='word_1_161' title='bbox 1997 2542 2196 2596; x_wconf 87' lang='lat' dir='ltr'><strong>docens</strong></span> 
     </span>
    </p>
   </div>
   <div class='ocr_carea' id='block_1_26' title="bbox 617 2632 2196 2706">
    <p class='ocr_par' dir='ltr' id='par_1_26' title="bbox 617 2632 2196 2706">
     <span class='ocr_line' id='line_1_26' title="bbox 617 2632 2196 2706; baseline -0.004 -14"><span class='ocrx_word' id='word_1_162' title='bbox 617 2639 821 2694; x_wconf 89' lang='lat' dir='ltr'><strong>nullum</strong></span> <span class='ocrx_word' id='word_1_163' title='bbox 853 2651 1092 2706; x_wconf 81' lang='lat' dir='ltr'><strong>unquam</strong></span> <span class='ocrx_word' id='word_1_164' title='bbox 1132 2637 1295 2690; x_wconf 78' lang='lat' dir='ltr'><strong>audet</strong></span> <span class='ocrx_word' id='word_1_165' title='bbox 1323 2634 1604 2689; x_wconf 84' lang='lat' dir='ltr'><strong>adhortari</strong></span> <span class='ocrx_word' id='word_1_166' title='bbox 1638 2633 1692 2687; x_wconf 90' lang='lat' dir='ltr'><strong>in</strong></span> <span class='ocrx_word' id='word_1_167' title='bbox 1735 2635 1956 2687; x_wconf 85' lang='lat' dir='ltr'><strong>malum.</strong></span> <span class='ocrx_word' id='word_1_168' title='bbox 1991 2632 2196 2687; x_wconf 84' lang='lat' dir='ltr'><strong>Deinde</strong></span> 
     </span>
    </p>
   </div>
   <div class='ocr_carea' id='block_1_27' title="bbox 615 2723 2190 2798">
    <p class='ocr_par' dir='ltr' id='par_1_27' title="bbox 615 2723 2190 2798">
     <span class='ocr_line' id='line_1_27' title="bbox 615 2723 2190 2798; baseline -0.005 -15"><span class='ocrx_word' id='word_1_169' title='bbox 615 2741 674 2786; x_wconf 89' lang='lat' dir='ltr'><strong>nt</strong></span> <span class='ocrx_word' id='word_1_170' title='bbox 711 2733 898 2787; x_wconf 81' lang='lat' dir='ltr'><strong>domus</strong></span> <span class='ocrx_word' id='word_1_171' title='bbox 936 2729 1040 2785; x_wconf 89' lang='lat' dir='ltr'><strong>hoc</strong></span> <span class='ocrx_word' id='word_1_172' title='bbox 1073 2737 1131 2784; x_wconf 90' lang='lat' dir='ltr'><strong>ut</strong></span> <span class='ocrx_word' id='word_1_173' title='bbox 1167 2727 1292 2798; x_wconf 85' lang='lat' dir='ltr'><strong>quis</strong></span> <span class='ocrx_word' id='word_1_174' title='bbox 1324 2727 1377 2780; x_wconf 91' lang='lat' dir='ltr'><strong>in</strong></span> <span class='ocrx_word' id='word_1_175' title='bbox 1413 2725 1608 2779; x_wconf 88' lang='lat' dir='ltr'><strong>malam</strong></span> <span class='ocrx_word' id='word_1_176' title='bbox 1651 2725 1816 2778; x_wconf 89' lang='lat' dir='ltr'><strong>vitam</strong></span> <span class='ocrx_word' id='word_1_177' title='bbox 1861 2723 2190 2787; x_wconf 83' lang='lat' dir='ltr'><strong>inhortetur,</strong></span> 
     </span>
    </p>
   </div>
   <div class='ocr_carea' id='block_1_28' title="bbox 615 2816 2190 2893">
    <p class='ocr_par' dir='ltr' id='par_1_28' title="bbox 615 2816 2190 2893">
     <span class='ocr_line' id='line_1_28' title="bbox 615 2816 2190 2893; baseline -0.007 -15"><span class='ocrx_word' id='word_1_178' title='bbox 615 2841 723 2878; x_wconf 86' lang='lat' dir='ltr'><strong>non</strong></span> <span class='ocrx_word' id='word_1_179' title='bbox 748 2835 876 2878; x_wconf 84' lang='lat' dir='ltr'><strong>tunc</strong></span> <span class='ocrx_word' id='word_1_180' title='bbox 895 2837 926 2876; x_wconf 83' lang='lat' dir='ltr'><strong>a</strong></span> <span class='ocrx_word' id='word_1_181' title='bbox 952 2821 1152 2893; x_wconf 76' lang='lat' dir='ltr'><strong>Moysis</strong></span> <span class='ocrx_word' id='word_1_182' title='bbox 1183 2819 1460 2882; x_wconf 77' lang='lat' dir='ltr'><strong>cathedra,</strong></span> <span class='ocrx_word' id='word_1_183' title='bbox 1494 2832 1672 2886; x_wconf 86' lang='lat' dir='ltr'><strong>neque</strong></span> <span class='ocrx_word' id='word_1_184' title='bbox 1704 2818 1765 2870; x_wconf 90' lang='lat' dir='ltr'><strong>de</strong></span> <span class='ocrx_word' id='word_1_185' title='bbox 1792 2816 1908 2886; x_wconf 83' lang='lat' dir='ltr'><strong>lege</strong></span> <span class='ocrx_word' id='word_1_186' title='bbox 1931 2817 2190 2882; x_wconf 89' lang='lat' dir='ltr'><strong>loqttitttr.</strong></span> 
     </span>
    </p>
   </div>
   <div class='ocr_carea' id='block_1_29' title="bbox 618 2910 2193 2983">
    <p class='ocr_par' dir='ltr' id='par_1_29' title="bbox 618 2910 2193 2983">
     <span class='ocr_line' id='line_1_29' title="bbox 618 2910 2193 2983; baseline -0.005 -13"><span class='ocrx_word' id='word_1_187' title='bbox 618 2917 879 2971; x_wconf 81' lang='lat' dir='ltr'><strong>Dominus</strong></span> <span class='ocrx_word' id='word_1_188' title='bbox 915 2925 1092 2967; x_wconf 90' lang='lat' dir='ltr'><strong>autem</strong></span> <span class='ocrx_word' id='word_1_189' title='bbox 1137 2913 1293 2983; x_wconf 73' lang='lat'><strong>123</strong></span> <span class='ocrx_word' id='word_1_190' title='bbox 1318 2912 1452 2966; x_wconf 81' lang='lat' dir='ltr'><strong>dicit</strong></span> <span class='ocrx_word' id='word_1_191' title='bbox 1483 2912 1549 2966; x_wconf 87' lang='lat' dir='ltr'><strong>de</strong></span> <span class='ocrx_word' id='word_1_192' title='bbox 1589 2911 1674 2965; x_wconf 86' lang='lat' dir='ltr'><strong>his</strong></span> <span class='ocrx_word' id='word_1_193' title='bbox 1715 2910 1806 2981; x_wconf 92' lang='lat' dir='ltr'><strong>qui</strong></span> <span class='ocrx_word' id='word_1_194' title='bbox 1847 2910 1903 2964; x_wconf 90' lang='lat' dir='ltr'><strong>in</strong></span> <span class='ocrx_word' id='word_1_195' title='bbox 1937 2910 2193 2963; x_wconf 81' lang='lat' dir='ltr'><strong>cathedra</strong></span> 
     </span>
    </p>
   </div>
   <div class='ocr_carea' id='block_1_30' title="bbox 615 3002 2198 3081">
    <p class='ocr_par' dir='ltr' id='par_1_30' title="bbox 615 3002 2198 3081">
     <span class='ocr_line' id='line_1_30' title="bbox 615 3002 2198 3081; baseline -0.006 -16"><span class='ocrx_word' id='word_1_196' title='bbox 615 3010 786 3081; x_wconf 80' lang='lat' dir='ltr'><strong>Moysi</strong></span> <span class='ocrx_word' id='word_1_197' title='bbox 821 3008 1034 3072; x_wconf 87' lang='lat' dir='ltr'><strong>sede-nt,</strong></span> <span class='ocrx_word' id='word_1_198' title='bbox 1068 3007 1168 3061; x_wconf 88' lang='lat' dir='ltr'><strong>hoc</strong></span> <span class='ocrx_word' id='word_1_199' title='bbox 1202 3016 1306 3073; x_wconf 89' lang='lat' dir='ltr'><strong>est,</strong></span> <span class='ocrx_word' id='word_1_200' title='bbox 1346 3005 1432 3061; x_wconf 89' lang='lat' dir='ltr'><strong>his</strong></span> <span class='ocrx_word' id='word_1_201' title='bbox 1460 3005 1552 3076; x_wconf 85' lang='lat' dir='ltr'><strong>qui</strong></span> <span class='ocrx_word' id='word_1_202' title='bbox 1584 3019 1648 3060; x_wconf 92' lang='lat' dir='ltr'><strong>ea</strong></span> <span class='ocrx_word' id='word_1_203' title='bbox 1691 3019 1813 3074; x_wconf 68' lang='lat' dir='ltr'><strong>quas</strong></span> <span class='ocrx_word' id='word_1_204' title='bbox 1857 3003 1908 3056; x_wconf 91' lang='lat' dir='ltr'><strong>in</strong></span> <span class='ocrx_word' id='word_1_205' title='bbox 1951 3002 2067 3072; x_wconf 82' lang='lat' dir='ltr'><strong>lege</strong></span> <span class='ocrx_word' id='word_1_206' title='bbox 2098 3002 2198 3056; x_wconf 83' lang='lat' dir='ltr'><strong>ha-</strong></span> 
     </span>
    </p>
   </div>
   <div class='ocr_carea' id='block_1_31' title="bbox 615 3093 2193 3169">
    <p class='ocr_par' dir='ltr' id='par_1_31' title="bbox 615 3093 2193 3169">
     <span class='ocr_line' id='line_1_31' title="bbox 615 3093 2193 3169; baseline -0.006 -12"><span class='ocrx_word' id='word_1_207' title='bbox 615 3105 833 3168; x_wconf 84' lang='lat' dir='ltr'><strong>bentur,</strong></span> <span class='ocrx_word' id='word_1_208' title='bbox 856 3101 1072 3156; x_wconf 89' lang='lat' dir='ltr'><strong>docent.</strong></span> <span class='ocrx_word' id='word_1_209' title='bbox 1096 3097 1199 3154; x_wconf 81' lang='lat' dir='ltr'><strong>Eos</strong></span> <span class='ocrx_word' id='word_1_210' title='bbox 1221 3097 1384 3169; x_wconf 88' lang='lat' dir='ltr'><strong>igitur</strong></span> <span class='ocrx_word' id='word_1_211' title='bbox 1402 3099 1492 3168; x_wconf 91' lang='lat' dir='ltr'><strong>qui</strong></span> <span class='ocrx_word' id='word_1_212' title='bbox 1523 3097 1720 3152; x_wconf 91' lang='lat' dir='ltr'><strong>docent</strong></span> <span class='ocrx_word' id='word_1_213' title='bbox 1738 3097 1972 3150; x_wconf 85' lang='lat' dir='ltr'><strong>divinam</strong></span> <span class='ocrx_word' id='word_1_214' title='bbox 1996 3093 2193 3166; x_wconf 75' lang='lat' dir='ltr'><strong>leg&#39;eui,</strong></span> 
     </span>
    </p>
   </div>
   <div class='ocr_carea' id='block_1_32' title="bbox 615 3187 1884 3262">
    <p class='ocr_par' dir='ltr' id='par_1_32' title="bbox 615 3187 1884 3262">
     <span class='ocr_line' id='line_1_32' title="bbox 615 3187 1884 3262; baseline -0.005 -15"><span class='ocrx_word' id='word_1_215' title='bbox 615 3194 780 3248; x_wconf 87' lang='lat' dir='ltr'><strong>etiam</strong></span> <span class='ocrx_word' id='word_1_216' title='bbox 807 3192 852 3247; x_wconf 88' lang='lat' dir='ltr'><strong>si</strong></span> <span class='ocrx_word' id='word_1_217' title='bbox 883 3191 983 3262; x_wconf 87' lang='lat' dir='ltr'><strong>ipsi</strong></span> <span class='ocrx_word' id='word_1_218' title='bbox 1017 3205 1122 3247; x_wconf 90' lang='lat' dir='ltr'><strong>non</strong></span> <span class='ocrx_word' id='word_1_219' title='bbox 1157 3187 1382 3254; x_wconf 79' lang='lat' dir='ltr'><strong>faciant,</strong></span> <span class='ocrx_word' id='word_1_220' title='bbox 1425 3188 1616 3244; x_wconf 90' lang='lat' dir='ltr'><strong>audire</strong></span> <span class='ocrx_word' id='word_1_221' title='bbox 1646 3197 1884 3258; x_wconf 85' lang='lat' dir='ltr'><strong>oportet.</strong></span> 
     </span>
    </p>
   </div>
   <div class='ocr_carea' id='block_1_33' title="bbox 686 3456 2194 3530">
    <p class='ocr_par' dir='ltr' id='par_1_33' title="bbox 686 3456 2194 3530">
     <span class='ocr_line' id='line_1_33' title="bbox 686 3456 2194 3530; baseline -0.006 -11"><span class='ocrx_word' id='word_1_222' title='bbox 686 3463 851 3520; x_wconf 72' lang='lat' dir='ltr'><strong>Vens.</strong></span> <span class='ocrx_word' id='word_1_223' title='bbox 879 3464 934 3527; x_wconf 72' lang='grc'><strong>4,</strong></span> <span class='ocrx_word' id='word_1_224' title='bbox 967 3463 1019 3518; x_wconf 79' lang='lat'><strong>5.</strong></span> <span class='ocrx_word' id='word_1_225' title='bbox 1054 3479 1074 3514; x_wconf 76' lang='grc' dir='ltr'><strong>ι</strong></span> <span class='ocrx_word' id='word_1_226' title='bbox 1109 3459 1381 3530; x_wconf 84' lang='lat' dir='ltr'><strong>Colligant</strong></span> <span class='ocrx_word' id='word_1_227' title='bbox 1413 3465 1592 3513; x_wconf 89' lang='lat' dir='ltr'><strong>autem</strong></span> <span class='ocrx_word' id='word_1_228' title='bbox 1624 3470 1789 3512; x_wconf 88' lang='lat' dir='ltr'><strong>onera</strong></span> <span class='ocrx_word' id='word_1_229' title='bbox 1850 3456 2033 3526; x_wconf 85' lang='lat' dir='ltr'><strong>gravia</strong></span> <span class='ocrx_word' id='word_1_230' title='bbox 2060 3456 2194 3511; x_wconf 85' lang='lat' dir='ltr'><strong>dim-</strong></span> 
     </span>
    </p>
   </div>
   <div class='ocr_carea' id='block_1_34' title="bbox 615 3551 2194 3628">
    <p class='ocr_par' dir='ltr' id='par_1_34' title="bbox 615 3551 2194 3628">
     <span class='ocr_line' id='line_1_34' title="bbox 615 3551 2194 3628; baseline -0.005 -14"><span class='ocrx_word' id='word_1_231' title='bbox 615 3560 848 3628; x_wconf 87' lang='lat' dir='ltr'><strong>ciliaque</strong></span> <span class='ocrx_word' id='word_1_232' title='bbox 878 3565 1129 3627; x_wconf 86' lang='lat' dir='ltr'><strong>portatu,</strong></span> <span class='ocrx_word' id='word_1_233' title='bbox 1165 3565 1220 3610; x_wconf 94' lang='lat' dir='ltr'><strong>et</strong></span> <span class='ocrx_word' id='word_1_234' title='bbox 1266 3553 1553 3623; x_wconf 90' lang='lat' dir='ltr'><strong>imponunt</strong></span> <span class='ocrx_word' id='word_1_235' title='bbox 1609 3555 1664 3607; x_wconf 93' lang='lat' dir='ltr'><strong>in</strong></span> <span class='ocrx_word' id='word_1_236' title='bbox 1722 3551 1980 3606; x_wconf 83' lang='lat' dir='ltr'><strong>humeros</strong></span> <span class='ocrx_word' id='word_1_237' title='bbox 2020 3552 2194 3606; x_wconf 86' lang='lat' dir='ltr'><strong>homi-</strong></span> 
     </span>
    </p>
   </div>
   <div class='ocr_carea' id='block_1_35' title="bbox 617 3646 2195 3716">
    <p class='ocr_par' dir='ltr' id='par_1_35' title="bbox 617 3646 2195 3716">
     <span class='ocr_line' id='line_1_35' title="bbox 617 3646 2195 3716; baseline -0.004 -10"><span class='ocrx_word' id='word_1_238' title='bbox 617 3659 1056 3716; x_wconf 76' lang='lat' dir='ltr'><strong>num,-ea:terum</strong></span> <span class='ocrx_word' id='word_1_239' title='bbox 1087 3648 1255 3716; x_wconf 88' lang='lat' dir='ltr'><strong>digito</strong></span> <span class='ocrx_word' id='word_1_240' title='bbox 1280 3661 1380 3702; x_wconf 91' lang='lat' dir='ltr'><strong>suo</strong></span> <span class='ocrx_word' id='word_1_241' title='bbox 1409 3647 1599 3701; x_wconf 90' lang='lat' dir='ltr'><strong>nolunt</strong></span> <span class='ocrx_word' id='word_1_242' title='bbox 1630 3661 1694 3700; x_wconf 91' lang='lat' dir='ltr'><strong>ea</strong></span> <span class='ocrx_word' id='word_1_243' title='bbox 1721 3661 1960 3701; x_wconf 68' lang='lat' dir='ltr'><strong>inurere.</strong></span> <span class='ocrx_word' id='word_1_244' title='bbox 1999 3646 2195 3701; x_wconf 87' lang='lat' dir='ltr'><strong>Omnia</strong></span> 
     </span>
    </p>
   </div>
   <div class='ocr_carea' id='block_1_36' title="bbox 615 3736 2199 3810">
    <p class='ocr_par' dir='ltr' id='par_1_36' title="bbox 615 3736 2199 3810">
     <span class='ocr_line' id='line_1_36' title="bbox 615 3736 2199 3810; baseline -0.004 -14"><span class='ocrx_word' id='word_1_245' title='bbox 615 3757 746 3799; x_wconf 87' lang='lat' dir='ltr'><strong>vero</strong></span> <span class='ocrx_word' id='word_1_246' title='bbox 774 3756 938 3810; x_wconf 87' lang='lat' dir='ltr'><strong>opera</strong></span> <span class='ocrx_word' id='word_1_247' title='bbox 978 3753 1077 3796; x_wconf 83' lang='lat' dir='ltr'><strong>sua</strong></span> <span class='ocrx_word' id='word_1_248' title='bbox 1121 3739 1352 3804; x_wconf 90' lang='lat' dir='ltr'><strong>faciunt,</strong></span> <span class='ocrx_word' id='word_1_249' title='bbox 1406 3746 1466 3791; x_wconf 93' lang='lat' dir='ltr'><strong>ut</strong></span> <span class='ocrx_word' id='word_1_250' title='bbox 1512 3744 1830 3806; x_wconf 87' lang='lat' dir='ltr'><strong>spectentur</strong></span> <span class='ocrx_word' id='word_1_251' title='bbox 1858 3737 1925 3792; x_wconf 90' lang='lat' dir='ltr'><strong>ab</strong></span> <span class='ocrx_word' id='word_1_252' title='bbox 1961 3736 2199 3790; x_wconf 85' lang='lat' dir='ltr'><strong>hemini-</strong></span> 
     </span>
    </p>
   </div>
   <div class='ocr_carea' id='block_1_37' title="bbox 617 3827 2196 3899">
    <p class='ocr_par' dir='ltr' id='par_1_37' title="bbox 617 3827 2196 3899">
     <span class='ocr_line' id='line_1_37' title="bbox 617 3827 2196 3899; baseline -0.003 -11"><span class='ocrx_word' id='word_1_253' title='bbox 617 3834 740 3890; x_wconf 88' lang='lat' dir='ltr'><strong>bus.</strong></span> <span class='ocrx_word' id='word_1_254' title='bbox 771 3829 1010 3885; x_wconf 86' lang='lat' dir='ltr'><strong>Dila&#39;tant</strong></span> <span class='ocrx_word' id='word_1_255' title='bbox 1034 3837 1213 3889; x_wconf 80' lang='lat' dir='ltr'><strong>autem</strong></span> <span class='ocrx_word' id='word_1_256' title='bbox 1245 3827 1580 3899; x_wconf 87' lang='lat' dir='ltr'><strong>phylacteria</strong></span> <span class='ocrx_word' id='word_1_257' title='bbox 1609 3841 1727 3893; x_wconf 86' lang='lat' dir='ltr'><strong>sua,</strong></span> <span class='ocrx_word' id='word_1_258' title='bbox 1757 3836 1810 3882; x_wconf 90' lang='lat' dir='ltr'><strong>et</strong></span> <span class='ocrx_word' id='word_1_259' title='bbox 1847 3827 2196 3896; x_wconf 75' lang='lat' dir='ltr'><strong>magnificant</strong></span> 
     </span>
    </p>
   </div>
   <div class='ocr_carea' id='block_1_38' title="bbox 617 3920 2193 3993">
    <p class='ocr_par' dir='ltr' id='par_1_38' title="bbox 617 3920 2193 3993">
     <span class='ocr_line' id='line_1_38' title="bbox 617 3920 2193 3993; baseline -0.004 -12"><span class='ocrx_word' id='word_1_260' title='bbox 617 3925 860 3982; x_wconf 80' lang='lat' dir='ltr'><strong>fimbrias</strong></span> <span class='ocrx_word' id='word_1_261' title='bbox 901 3924 1185 3993; x_wconf 79' lang='lat' dir='ltr'><strong>palliorum</strong></span> <span class='ocrx_word' id='word_1_262' title='bbox 1219 3937 1463 3978; x_wconf 89' lang='lat' dir='ltr'><strong>suorum.</strong></span> <span class='ocrx_word' id='word_1_263' title='bbox 1499 3937 1518 3972; x_wconf 70' lang='grc' dir='ltr'><strong>ι</strong></span> <span class='ocrx_word' id='word_1_264' title='bbox 1554 3922 1728 3976; x_wconf 87' lang='lat' dir='ltr'><strong>Onera</strong></span> <span class='ocrx_word' id='word_1_265' title='bbox 1777 3920 1964 3991; x_wconf 88' lang='lat' dir='ltr'><strong>gravia</strong></span> <span class='ocrx_word' id='word_1_266' title='bbox 2014 3920 2193 3990; x_wconf 89' lang='lat' dir='ltr'><strong>impo-</strong></span> 
     </span>
    </p>
   </div>
   <div class='ocr_carea' id='block_1_39' title="bbox 615 4013 2196 4086">
    <p class='ocr_par' dir='ltr' id='par_1_39' title="bbox 615 4013 2196 4086">
     <span class='ocr_line' id='line_1_39' title="bbox 615 4013 2196 4086; baseline -0.004 -12"><span class='ocrx_word' id='word_1_267' title='bbox 615 4019 816 4074; x_wconf 87' lang='lat' dir='ltr'><strong>nebant</strong></span> <span class='ocrx_word' id='word_1_268' title='bbox 871 4016 1166 4082; x_wconf 66' lang='lat' dir='ltr'><strong>Pharisaei,</strong></span> <span class='ocrx_word' id='word_1_269' title='bbox 1200 4024 1460 4086; x_wconf 80' lang='lat' dir='ltr'><strong>cogentes</strong></span> <span class='ocrx_word' id='word_1_270' title='bbox 1498 4014 1748 4070; x_wconf 86' lang='lat' dir='ltr'><strong>homines</strong></span> <span class='ocrx_word' id='word_1_271' title='bbox 1783 4025 1842 4069; x_wconf 93' lang='lat' dir='ltr'><strong>ut</strong></span> <span class='ocrx_word' id='word_1_272' title='bbox 1900 4013 2196 4083; x_wconf 89' lang='lat' dir='ltr'><strong>implerent</strong></span> 
     </span>
    </p>
   </div>
   <div class='ocr_carea' id='block_1_40' title="bbox 615 4105 2196 4179">
    <p class='ocr_par' dir='ltr' id='par_1_40' title="bbox 615 4105 2196 4179">
     <span class='ocr_line' id='line_1_40' title="bbox 615 4105 2196 4179; baseline -0.004 -12"><span class='ocrx_word' id='word_1_273' title='bbox 615 4113 870 4167; x_wconf 87' lang='lat' dir='ltr'><strong>mandata</strong></span> <span class='ocrx_word' id='word_1_274' title='bbox 907 4110 1060 4178; x_wconf 87' lang='lat' dir='ltr'><strong>legis,</strong></span> <span class='ocrx_word' id='word_1_275' title='bbox 1106 4109 1354 4179; x_wconf 85' lang='lat' dir='ltr'><strong>quamvis</strong></span> <span class='ocrx_word' id='word_1_276' title='bbox 1394 4107 1577 4162; x_wconf 88' lang='lat' dir='ltr'><strong>tenuia</strong></span> <span class='ocrx_word' id='word_1_277' title='bbox 1625 4116 1810 4160; x_wconf 85' lang='lat' dir='ltr'><strong>essent</strong></span> <span class='ocrx_word' id='word_1_278' title='bbox 1873 4116 1928 4160; x_wconf 92' lang='lat' dir='ltr'><strong>et</strong></span> <span class='ocrx_word' id='word_1_279' title='bbox 1960 4105 2196 4161; x_wconf 85' lang='lat' dir='ltr'><strong>diliicilia</strong></span> 
     </span>
    </p>
   </div>
   <div class='ocr_carea' id='block_1_41' title="bbox 616 4199 2196 4270">
    <p class='ocr_par' dir='ltr' id='par_1_41' title="bbox 616 4199 2196 4270">
     <span class='ocr_line' id='line_1_41' title="bbox 616 4199 2196 4270; baseline -0.004 -12"><span class='ocrx_word' id='word_1_280' title='bbox 616 4204 924 4258; x_wconf 88' lang='lat' dir='ltr'><strong>observatu.</strong></span> <span class='ocrx_word' id='word_1_281' title='bbox 957 4200 1054 4254; x_wconf 77' lang='lat' dir='ltr'><strong>Vel</strong></span> <span class='ocrx_word' id='word_1_282' title='bbox 1080 4202 1241 4255; x_wconf 87' lang='lat' dir='ltr'><strong>etiam</strong></span> <span class='ocrx_word' id='word_1_283' title='bbox 1280 4200 1431 4270; x_wconf 88' lang='lat' dir='ltr'><strong>plura</strong></span> <span class='ocrx_word' id='word_1_284' title='bbox 1467 4199 1602 4269; x_wconf 89' lang='lat' dir='ltr'><strong>legis</strong></span> <span class='ocrx_word' id='word_1_285' title='bbox 1649 4201 1900 4254; x_wconf 87' lang='lat' dir='ltr'><strong>mandata</strong></span> <span class='ocrx_word' id='word_1_286' title='bbox 1929 4213 2196 4270; x_wconf 86' lang='lat' dir='ltr'><strong>aggrava-</strong></span> 
     </span>
    </p>
   </div>
   <div class='ocr_carea' id='block_1_42' title="bbox 619 4275 2190 4362">
    <p class='ocr_par' dir='ltr' id='par_1_42' title="bbox 619 4275 2190 4362">
     <span class='ocr_line' id='line_1_42' title="bbox 619 4275 2190 4362; baseline -0.002 -13"><span class='ocrx_word' id='word_1_287' title='bbox 619 4307 777 4357; x_wconf 91' lang='lat' dir='ltr'><strong>runt,</strong></span> <span class='ocrx_word' id='word_1_288' title='bbox 833 4275 1146 4348; x_wconf 79' lang='lat' dir='ltr'><strong>traditiones</strong></span> <span class='ocrx_word' id='word_1_289' title='bbox 1181 4293 1444 4362; x_wconf 87' lang='lat' dir='ltr'><strong>quasdam</strong></span> <span class='ocrx_word' id='word_1_290' title='bbox 1501 4291 1640 4346; x_wconf 85' lang='lat' dir='ltr'><strong>ultra</strong></span> <span class='ocrx_word' id='word_1_291' title='bbox 1693 4290 1840 4361; x_wconf 81' lang='lat' dir='ltr'><strong>leges</strong></span> <span class='ocrx_word' id='word_1_292' title='bbox 1894 4294 2190 4357; x_wconf 86' lang='lat' dir='ltr'><strong>tradentes,</strong></span> 
     </span>
    </p>
   </div>
   <div class='ocr_carea' id='block_1_43' title="bbox 617 4383 2193 4458">
    <p class='ocr_par' dir='ltr' id='par_1_43' title="bbox 617 4383 2193 4458">
     <span class='ocr_line' id='line_1_43' title="bbox 617 4383 2193 4458; baseline -0.002 -17"><span class='ocrx_word' id='word_1_293' title='bbox 617 4403 754 4458; x_wconf 86' lang='lat' dir='ltr'><strong>quas</strong></span> <span class='ocrx_word' id='word_1_294' title='bbox 792 4387 892 4456; x_wconf 90' lang='lat' dir='ltr'><strong>ipsi</strong></span> <span class='ocrx_word' id='word_1_295' title='bbox 942 4387 1110 4455; x_wconf 86' lang='lat' dir='ltr'><strong>digito</strong></span> <span class='ocrx_word' id='word_1_296' title='bbox 1153 4398 1252 4438; x_wconf 88' lang='lat' dir='ltr'><strong>suo</strong></span> <span class='ocrx_word' id='word_1_297' title='bbox 1299 4398 1404 4438; x_wconf 91' lang='lat' dir='ltr'><strong>non</strong></span> <span class='ocrx_word' id='word_1_298' title='bbox 1441 4392 1682 4448; x_wconf 84' lang='lat' dir='ltr'><strong>movent,</strong></span> <span class='ocrx_word' id='word_1_299' title='bbox 1714 4383 1848 4437; x_wconf 90' lang='lat' dir='ltr'><strong>nihil</strong></span> <span class='ocrx_word' id='word_1_300' title='bbox 1881 4395 2193 4454; x_wconf 79' lang='lat' dir='ltr'><strong>cperantes,</strong></span> 
     </span>
    </p>
   </div>
   <div class='ocr_carea' id='block_1_44' title="bbox 617 4473 2194 4547">
    <p class='ocr_par' dir='ltr' id='par_1_44' title="bbox 617 4473 2194 4547">
     <span class='ocr_line' id='line_1_44' title="bbox 617 4473 2194 4547; baseline -0.001 -15"><span class='ocrx_word' id='word_1_301' title='bbox 617 4492 790 4547; x_wconf 83' lang='lat' dir='ltr'><strong>neque</strong></span> <span class='ocrx_word' id='word_1_302' title='bbox 816 4479 881 4530; x_wconf 91' lang='lat' dir='ltr'><strong>ad</strong></span> <span class='ocrx_word' id='word_1_303' title='bbox 917 4475 1040 4528; x_wconf 89' lang='lat' dir='ltr'><strong>talia</strong></span> <span class='ocrx_word' id='word_1_304' title='bbox 1087 4489 1251 4528; x_wconf 90' lang='lat' dir='ltr'><strong>onera</strong></span> <span class='ocrx_word' id='word_1_305' title='bbox 1305 4475 1529 4542; x_wconf 82' lang='lat' dir='ltr'><strong>propius</strong></span> <span class='ocrx_word' id='word_1_306' title='bbox 1561 4475 1918 4539; x_wconf 69' lang='lat' dir='ltr'><strong>accedentes.</strong></span> <span class='ocrx_word' id='word_1_307' title='bbox 1969 4473 2194 4540; x_wconf 87' lang='lat' dir='ltr'><strong>Quando</strong></span> 
     </span>
    </p>
   </div>
   <div class='ocr_carea' id='block_1_45' title="bbox 617 4546 2273 4633">
    <p class='ocr_par' dir='ltr' id='par_1_45' title="bbox 617 4546 2273 4633">
     <span class='ocr_line' id='line_1_45' title="bbox 617 4546 2273 4633; baseline -0.001 -12"><span class='ocrx_word' id='word_1_308' title='bbox 617 4546 762 4621; x_wconf 86' lang='lat' dir='ltr'><strong>enim</strong></span> <span class='ocrx_word' id='word_1_309' title='bbox 799 4567 887 4633; x_wconf 85' lang='lat' dir='ltr'><strong>qui</strong></span> <span class='ocrx_word' id='word_1_310' title='bbox 930 4566 1106 4627; x_wconf 88' lang='lat' dir='ltr'><strong>docet,</strong></span> <span class='ocrx_word' id='word_1_311' title='bbox 1142 4579 1245 4616; x_wconf 92' lang='lat' dir='ltr'><strong>non</strong></span> <span class='ocrx_word' id='word_1_312' title='bbox 1283 4563 1456 4616; x_wconf 88' lang='lat' dir='ltr'><strong>solum</strong></span> <span class='ocrx_word' id='word_1_313' title='bbox 1487 4564 1678 4626; x_wconf 88' lang='lat' dir='ltr'><strong>docet,</strong></span> <span class='ocrx_word' id='word_1_314' title='bbox 1706 4565 1798 4617; x_wconf 88' lang='lat' dir='ltr'><strong>sed</strong></span> <span class='ocrx_word' id='word_1_315' title='bbox 1833 4573 1885 4618; x_wconf 90' lang='lat' dir='ltr'><strong>et</strong></span> <span class='ocrx_word' id='word_1_316' title='bbox 1918 4575 2192 4633; x_wconf 84' lang='lat' dir='ltr'><strong>operatur,</strong></span> <span class='ocrx_word' id='word_1_317' title='bbox 2222 4546 2273 4605; x_wconf 82' lang='lat' dir='ltr'><strong>D</strong></span> 
     </span>
    </p>
   </div>
   <div class='ocr_carea' id='block_1_46' title="bbox 621 4655 2195 4724">
    <p class='ocr_par' dir='ltr' id='par_1_46' title="bbox 621 4655 2195 4724">
     <span class='ocr_line' id='line_1_46' title="bbox 621 4655 2195 4724; baseline 0.003 -16"><span class='ocrx_word' id='word_1_318' title='bbox 621 4659 833 4712; x_wconf 78' lang='lat' dir='ltr'><strong>videtur</strong></span> <span class='ocrx_word' id='word_1_319' title='bbox 879 4657 1036 4710; x_wconf 89' lang='lat' dir='ltr'><strong>simul</strong></span> <span class='ocrx_word' id='word_1_320' title='bbox 1085 4670 1204 4709; x_wconf 90' lang='lat' dir='ltr'><strong>cum</strong></span> <span class='ocrx_word' id='word_1_321' title='bbox 1257 4655 1341 4710; x_wconf 90' lang='lat' dir='ltr'><strong>his</strong></span> <span class='ocrx_word' id='word_1_322' title='bbox 1391 4655 1481 4724; x_wconf 92' lang='lat' dir='ltr'><strong>qui</strong></span> <span class='ocrx_word' id='word_1_323' title='bbox 1532 4656 1828 4723; x_wconf 85' lang='lat' dir='ltr'><strong>docentur,</strong></span> <span class='ocrx_word' id='word_1_324' title='bbox 1865 4655 2112 4712; x_wconf 82' lang='lat' dir='ltr'><strong>laborare</strong></span> <span class='ocrx_word' id='word_1_325' title='bbox 2142 4667 2195 4713; x_wconf 87' lang='lat' dir='ltr'><strong>et</strong></span> 
     </span>
    </p>
   </div>
   <div class='ocr_carea' id='block_1_47' title="bbox 620 4749 2195 4818">
    <p class='ocr_par' dir='ltr' id='par_1_47' title="bbox 620 4749 2195 4818">
     <span class='ocr_line' id='line_1_47' title="bbox 620 4749 2195 4818; baseline 0.001 -14"><span class='ocrx_word' id='word_1_326' title='bbox 620 4750 856 4818; x_wconf 86' lang='lat' dir='ltr'><strong>Operari.</strong></span> <span class='ocrx_word' id='word_1_327' title='bbox 892 4751 1022 4802; x_wconf 82' lang='lat' dir='ltr'><strong>Cum</strong></span> <span class='ocrx_word' id='word_1_328' title='bbox 1060 4764 1188 4802; x_wconf 86' lang='lat' dir='ltr'><strong>vero</strong></span> <span class='ocrx_word' id='word_1_329' title='bbox 1215 4749 1302 4802; x_wconf 89' lang='lat' dir='ltr'><strong>ille</strong></span> <span class='ocrx_word' id='word_1_330' title='bbox 1334 4763 1422 4803; x_wconf 90' lang='lat' dir='ltr'><strong>me</strong></span> <span class='ocrx_word' id='word_1_331' title='bbox 1457 4758 1672 4814; x_wconf 77' lang='lat' dir='ltr'><strong>onerat,</strong></span> <span class='ocrx_word' id='word_1_332' title='bbox 1705 4750 1817 4815; x_wconf 88' lang='lat' dir='ltr'><strong>ipse</strong></span> <span class='ocrx_word' id='word_1_333' title='bbox 1847 4763 2025 4804; x_wconf 88' lang='lat' dir='ltr'><strong>autem</strong></span> <span class='ocrx_word' id='word_1_334' title='bbox 2061 4751 2195 4805; x_wconf 89' lang='lat' dir='ltr'><strong>nihil</strong></span> 
     </span>
    </p>
   </div>
   <div class='ocr_carea' id='block_1_48' title="bbox 621 4833 2196 4908">
    <p class='ocr_par' dir='ltr' id='par_1_48' title="bbox 621 4833 2196 4908">
     <span class='ocr_line' id='line_1_48' title="bbox 621 4833 2196 4908; baseline 0.003 -17"><span class='ocrx_word' id='word_1_335' title='bbox 621 4842 748 4908; x_wconf 74' lang='lat' dir='ltr'><strong>agit,</strong></span> <span class='ocrx_word' id='word_1_336' title='bbox 787 4839 957 4906; x_wconf 72' lang='lat' dir='ltr'><strong>magis</strong></span> <span class='ocrx_word' id='word_1_337' title='bbox 990 4853 1074 4892; x_wconf 91' lang='lat' dir='ltr'><strong>me</strong></span> <span class='ocrx_word' id='word_1_338' title='bbox 1099 4847 1326 4906; x_wconf 79' lang='lat' dir='ltr'><strong>gravat:</strong></span> <span class='ocrx_word' id='word_1_339' title='bbox 1363 4839 1485 4891; x_wconf 91' lang='lat' dir='ltr'><strong>inde</strong></span> <span class='ocrx_word' id='word_1_340' title='bbox 1513 4833 1810 4893; x_wconf 68' lang='lat' dir='ltr'><strong>ostendens</strong></span> <span class='ocrx_word' id='word_1_341' title='bbox 1831 4857 1890 4893; x_wconf 84' lang='lat' dir='ltr'><strong>ea</strong></span> <span class='ocrx_word' id='word_1_342' title='bbox 1923 4857 2040 4908; x_wconf 82' lang='lat' dir='ltr'><strong>qua:</strong></span> <span class='ocrx_word' id='word_1_343' title='bbox 2066 4842 2196 4896; x_wconf 87' lang='lat' dir='ltr'><strong>dicit</strong></span> 
     </span>
    </p>
   </div>
   <div class='ocr_carea' id='block_1_49' title="bbox 621 4926 2192 4997">
    <p class='ocr_par' dir='ltr' id='par_1_49' title="bbox 621 4926 2192 4997">
     <span class='ocr_line' id='line_1_49' title="bbox 621 4926 2192 4997; baseline 0.004 -18"><span class='ocrx_word' id='word_1_344' title='bbox 621 4928 734 4979; x_wconf 82' lang='lat' dir='ltr'><strong>ticri</strong></span> <span class='ocrx_word' id='word_1_345' title='bbox 771 4942 874 4979; x_wconf 90' lang='lat' dir='ltr'><strong>non</strong></span> <span class='ocrx_word' id='word_1_346' title='bbox 914 4939 1090 4995; x_wconf 89' lang='lat' dir='ltr'><strong>posse.</strong></span> <span class='ocrx_word' id='word_1_347' title='bbox 1125 4928 1316 4994; x_wconf 84' lang='lat' dir='ltr'><strong>Arguit</strong></span> <span class='ocrx_word' id='word_1_348' title='bbox 1368 4927 1531 4997; x_wconf 82' lang='lat' dir='ltr'><strong>igitur</strong></span> <span class='ocrx_word' id='word_1_349' title='bbox 1561 4926 1820 4984; x_wconf 85' lang='lat' dir='ltr'><strong>Dominus</strong></span> <span class='ocrx_word' id='word_1_350' title='bbox 1865 4929 2192 4995; x_wconf 73' lang='lat' dir='ltr'><strong>Pharismos,</strong></span> 
     </span>
    </p>
   </div>
   <div class='ocr_carea' id='block_1_50' title="bbox 620 5019 2193 5091">
    <p class='ocr_par' dir='ltr' id='par_1_50' title="bbox 620 5019 2193 5091">
     <span class='ocr_line' id='line_1_50' title="bbox 620 5019 2193 5091; baseline 0.007 -22"><span class='ocrx_word' id='word_1_351' title='bbox 620 5037 683 5070; x_wconf 83' lang='lat' dir='ltr'><strong>cn</strong></span> <span class='ocrx_word' id='word_1_352' title='bbox 714 5021 851 5086; x_wconf 80' lang='lat' dir='ltr'><strong>quod</strong></span> <span class='ocrx_word' id='word_1_353' title='bbox 901 5019 1087 5072; x_wconf 90' lang='lat' dir='ltr'><strong>nolunt</strong></span> <span class='ocrx_word' id='word_1_354' title='bbox 1133 5021 1291 5072; x_wconf 87' lang='lat' dir='ltr'><strong>simul</strong></span> <span class='ocrx_word' id='word_1_355' title='bbox 1337 5031 1552 5091; x_wconf 84' lang='lat' dir='ltr'><strong>gestare</strong></span> <span class='ocrx_word' id='word_1_356' title='bbox 1579 5037 1742 5077; x_wconf 81' lang='lat' dir='ltr'><strong>onera</strong></span> <span class='ocrx_word' id='word_1_357' title='bbox 1816 5030 2193 5081; x_wconf 82' lang='lat' dir='ltr'><strong>mandatorum</strong></span> 
     </span>
    </p>
   </div>
   <div class='ocr_carea' id='block_1_51' title="bbox 624 5110 2191 5180">
    <p class='ocr_par' dir='ltr' id='par_1_51' title="bbox 624 5110 2191 5180">
     <span class='ocr_line' id='line_1_51' title="bbox 624 5110 2191 5180; baseline 0.005 -18"><span class='ocrx_word' id='word_1_358' title='bbox 624 5123 672 5162; x_wconf 68' lang='lat' dir='ltr'><strong>vt</strong></span> <span class='ocrx_word' id='word_1_359' title='bbox 706 5113 1002 5178; x_wconf 82' lang='lat' dir='ltr'><strong>cooperari.</strong></span> <span class='ocrx_word' id='word_1_360' title='bbox 1045 5110 1160 5165; x_wconf 75' lang='lat' dir='ltr'><strong>Non</strong></span> <span class='ocrx_word' id='word_1_361' title='bbox 1195 5113 1372 5166; x_wconf 88' lang='lat' dir='ltr'><strong>solum</strong></span> <span class='ocrx_word' id='word_1_362' title='bbox 1405 5123 1584 5168; x_wconf 89' lang='lat' dir='ltr'><strong>autem</strong></span> <span class='ocrx_word' id='word_1_363' title='bbox 1635 5117 1770 5169; x_wconf 85' lang='lat' dir='ltr'><strong>nihil</strong></span> <span class='ocrx_word' id='word_1_364' title='bbox 1813 5117 1935 5170; x_wconf 89' lang='lat' dir='ltr'><strong>boni</strong></span> <span class='ocrx_word' id='word_1_365' title='bbox 1966 5118 2191 5180; x_wconf 80' lang='lat' dir='ltr'><strong>faciunt,</strong></span> 
     </span>
    </p>
   </div>
   <div class='ocr_carea' id='block_1_52' title="bbox 621 5205 2194 5278">
    <p class='ocr_par' dir='ltr' id='par_1_52' title="bbox 621 5205 2194 5278">
     <span class='ocr_line' id='line_1_52' title="bbox 621 5205 2194 5278; baseline 0.004 -20"><span class='ocrx_word' id='word_1_366' title='bbox 621 5207 715 5259; x_wconf 88' lang='lat' dir='ltr'><strong>sed</strong></span> <span class='ocrx_word' id='word_1_367' title='bbox 749 5217 800 5258; x_wconf 91' lang='lat' dir='ltr'><strong>ct</strong></span> <span class='ocrx_word' id='word_1_368' title='bbox 831 5205 1083 5259; x_wconf 78' lang='lat' dir='ltr'><strong>simulant</strong></span> <span class='ocrx_word' id='word_1_369' title='bbox 1109 5206 1262 5274; x_wconf 91' lang='lat' dir='ltr'><strong>quasi</strong></span> <span class='ocrx_word' id='word_1_370' title='bbox 1315 5206 1512 5260; x_wconf 77' lang='lat' dir='ltr'><strong>faciant</strong></span> <span class='ocrx_word' id='word_1_371' title='bbox 1542 5225 1556 5259; x_wconf 90' lang='lat'><strong>:</strong></span> <span class='ocrx_word' id='word_1_372' title='bbox 1591 5209 1736 5278; x_wconf 88' lang='lat' dir='ltr'><strong>atqui</strong></span> <span class='ocrx_word' id='word_1_373' title='bbox 1779 5211 1994 5264; x_wconf 88' lang='lat' dir='ltr'><strong>etiamsi</strong></span> <span class='ocrx_word' id='word_1_374' title='bbox 2044 5211 2194 5264; x_wconf 83' lang='lat' dir='ltr'><strong>l‘ace-</strong></span> 
     </span>
    </p>
   </div>
   <div class='ocr_carea' id='block_1_53' title="bbox 623 5297 2194 5365">
    <p class='ocr_par' dir='ltr' id='par_1_53' title="bbox 623 5297 2194 5365">
     <span class='ocr_line' id='line_1_53' title="bbox 623 5297 2194 5365; baseline 0.003 -14"><span class='ocrx_word' id='word_1_375' title='bbox 623 5309 762 5362; x_wconf 70' lang='lat' dir='ltr'><strong>rn&#39;nl,</strong></span> <span class='ocrx_word' id='word_1_376' title='bbox 813 5298 854 5349; x_wconf 88' lang='lat' dir='ltr'><strong>si</strong></span> <span class='ocrx_word' id='word_1_377' title='bbox 905 5307 1080 5349; x_wconf 89' lang='lat' dir='ltr'><strong>tamen</strong></span> <span class='ocrx_word' id='word_1_378' title='bbox 1128 5309 1185 5350; x_wconf 92' lang='lat' dir='ltr'><strong>ut</strong></span> <span class='ocrx_word' id='word_1_379' title='bbox 1220 5297 1531 5352; x_wconf 78' lang='lat' dir='ltr'><strong>viderentur</strong></span> <span class='ocrx_word' id='word_1_380' title='bbox 1581 5298 1854 5365; x_wconf 87' lang='lat' dir='ltr'><strong>facerent,</strong></span> <span class='ocrx_word' id='word_1_381' title='bbox 1891 5303 2194 5356; x_wconf 85' lang='lat' dir='ltr'><strong>auferretur</strong></span> 
     </span>
    </p>
   </div>
   <div class='ocr_carea' id='block_1_54' title="bbox 623 5389 2190 5464">
    <p class='ocr_par' dir='ltr' id='par_1_54' title="bbox 623 5389 2190 5464">
     <span class='ocr_line' id='line_1_54' title="bbox 623 5389 2190 5464; baseline 0.008 -24"><span class='ocrx_word' id='word_1_382' title='bbox 623 5392 807 5457; x_wconf 81' lang='lat' dir='ltr'><strong>utique</strong></span> <span class='ocrx_word' id='word_1_383' title='bbox 841 5389 1048 5443; x_wconf 87' lang='lat' dir='ltr'><strong>illorum</strong></span> <span class='ocrx_word' id='word_1_384' title='bbox 1103 5407 1311 5446; x_wconf 73' lang='lat' dir='ltr'><strong>merces</strong></span> <span class='ocrx_word' id='word_1_385' title='bbox 1348 5411 1359 5445; x_wconf 91' lang='lat'>:</span> <span class='ocrx_word' id='word_1_386' title='bbox 1412 5409 1553 5448; x_wconf 91' lang='lat' dir='ltr'><strong>nunc</strong></span> <span class='ocrx_word' id='word_1_387' title='bbox 1595 5404 1770 5449; x_wconf 90' lang='lat' dir='ltr'><strong>autem</strong></span> <span class='ocrx_word' id='word_1_388' title='bbox 1805 5409 2008 5464; x_wconf 91' lang='lat' dir='ltr'><strong>quanta</strong></span> <span class='ocrx_word' id='word_1_389' title='bbox 2060 5415 2190 5453; x_wconf 86' lang='lat' dir='ltr'><strong>eon-</strong></span> 
     </span>
    </p>
   </div>
   <div class='ocr_carea' id='block_1_55' title="bbox 623 5482 2191 5554">
    <p class='ocr_par' dir='ltr' id='par_1_55' title="bbox 623 5482 2191 5554">
     <span class='ocr_line' id='line_1_55' title="bbox 623 5482 2191 5554; baseline 0.008 -20"><span class='ocrx_word' id='word_1_390' title='bbox 623 5482 962 5534; x_wconf 64' lang='lat' dir='ltr'><strong>dcmnationc</strong></span> <span class='ocrx_word' id='word_1_391' title='bbox 991 5482 1155 5550; x_wconf 87' lang='lat' dir='ltr'><strong>digni,</strong></span> <span class='ocrx_word' id='word_1_392' title='bbox 1190 5485 1406 5551; x_wconf 84' lang='lat' dir='ltr'><strong>quando</strong></span> <span class='ocrx_word' id='word_1_393' title='bbox 1444 5501 1617 5554; x_wconf 86' lang='lat' dir='ltr'><strong>neque</strong></span> <span class='ocrx_word' id='word_1_394' title='bbox 1668 5485 1905 5552; x_wconf 87' lang='lat' dir='ltr'><strong>faciunt,</strong></span> <span class='ocrx_word' id='word_1_395' title='bbox 1939 5501 1991 5542; x_wconf 92' lang='lat' dir='ltr'><strong>et</strong></span> <span class='ocrx_word' id='word_1_396' title='bbox 2023 5492 2191 5547; x_wconf 72' lang='lat' dir='ltr'><strong>videri</strong></span> 
     </span>
    </p>
   </div>
   <div class='ocr_carea' id='block_1_56' title="bbox 624 5571 2194 5641">
    <p class='ocr_par' dir='ltr' id='par_1_56' title="bbox 624 5571 2194 5641">
     <span class='ocr_line' id='line_1_56' title="bbox 624 5571 2194 5641; baseline 0.011 -20"><span class='ocrx_word' id='word_1_397' title='bbox 624 5571 806 5624; x_wconf 68' lang='lat' dir='ltr'><strong>volunt</strong></span> <span class='ocrx_word' id='word_1_398' title='bbox 841 5572 994 5641; x_wconf 81' lang='lat' dir='ltr'><strong>quasi</strong></span> <span class='ocrx_word' id='word_1_399' title='bbox 1030 5573 1274 5626; x_wconf 83' lang='lat' dir='ltr'><strong>faciant?</strong></span> <span class='ocrx_word' id='word_1_400' title='bbox 1313 5576 1447 5640; x_wconf 86' lang='lat' dir='ltr'><strong>Quid</strong></span> <span class='ocrx_word' id='word_1_401' title='bbox 1477 5586 1655 5630; x_wconf 87' lang='lat' dir='ltr'><strong>autem</strong></span> <span class='ocrx_word' id='word_1_402' title='bbox 1688 5576 1932 5633; x_wconf 87' lang='lat' dir='ltr'><strong>faciunt?</strong></span> <span class='ocrx_word' id='word_1_403' title='bbox 1961 5580 2194 5637; x_wconf 81' lang='lat' dir='ltr'><strong>Dilatant</strong></span> 
     </span>
    </p>
   </div>
   <div class='ocr_carea' id='block_1_57' title="bbox 625 5667 2190 5737">
    <p class='ocr_par' dir='ltr' id='par_1_57' title="bbox 625 5667 2190 5737">
     <span class='ocr_line' id='line_1_57' title="bbox 625 5667 2190 5737; baseline 0.01 -24"><span class='ocrx_word' id='word_1_404' title='bbox 625 5667 947 5733; x_wconf 68' lang='lat' dir='ltr'><strong>ph_\&#39;lactcria</strong></span> <span class='ocrx_word' id='word_1_405' title='bbox 998 5681 1116 5730; x_wconf 90' lang='lat' dir='ltr'><strong>sua,</strong></span> <span class='ocrx_word' id='word_1_406' title='bbox 1173 5674 1226 5719; x_wconf 90' lang='lat' dir='ltr'><strong>et</strong></span> <span class='ocrx_word' id='word_1_407' title='bbox 1276 5669 1622 5737; x_wconf 86' lang='lat' dir='ltr'><strong>tnagnilicant</strong></span> <span class='ocrx_word' id='word_1_408' title='bbox 1670 5669 1911 5726; x_wconf 83' lang='lat' dir='ltr'><strong>fimbrias</strong></span> <span class='ocrx_word' id='word_1_409' title='bbox 1965 5680 2190 5728; x_wconf 76' lang='lat' dir='ltr'><strong>vestium</strong></span> 
     </span>
    </p>
   </div>
   <div class='ocr_carea' id='block_1_58' title="bbox 624 5759 2189 5832">
    <p class='ocr_par' dir='ltr' id='par_1_58' title="bbox 624 5759 2189 5832">
     <span class='ocr_line' id='line_1_58' title="bbox 624 5759 2189 5832; baseline 0.006 -21"><span class='ocrx_word' id='word_1_410' title='bbox 624 5775 863 5812; x_wconf 79' lang='lat' dir='ltr'><strong>suarum.</strong></span> <span class='ocrx_word' id='word_1_411' title='bbox 894 5759 1003 5813; x_wconf 88' lang='lat' dir='ltr'><strong>lloc</strong></span> <span class='ocrx_word' id='word_1_412' title='bbox 1027 5771 1202 5813; x_wconf 90' lang='lat' dir='ltr'><strong>autem</strong></span> <span class='ocrx_word' id='word_1_413' title='bbox 1232 5760 1301 5813; x_wconf 89' lang='lat' dir='ltr'><strong>ita</strong></span> <span class='ocrx_word' id='word_1_414' title='bbox 1333 5778 1388 5815; x_wconf 87' lang='lat' dir='ltr'><strong>se</strong></span> <span class='ocrx_word' id='word_1_415' title='bbox 1416 5763 1664 5817; x_wconf 84' lang='lat' dir='ltr'><strong>habebat.</strong></span> <span class='ocrx_word' id='word_1_416' title='bbox 1695 5765 1750 5817; x_wconf 91' lang='lat' dir='ltr'><strong>In</strong></span> <span class='ocrx_word' id='word_1_417' title='bbox 1779 5767 1892 5832; x_wconf 80' lang='lat' dir='ltr'><strong>lege</strong></span> <span class='ocrx_word' id='word_1_418' title='bbox 1922 5768 2150 5822; x_wconf 76' lang='lat' dir='ltr'><strong>habetur</strong></span> <span class='ocrx_word' id='word_1_419' title='bbox 2178 5787 2189 5820; x_wconf 89' lang='lat'>:</span> 
     </span>
    </p>
   </div>
   <div class='ocr_carea' id='block_1_59' title="bbox 623 5851 2184 5919">
    <p class='ocr_par' dir='ltr' id='par_1_59' title="bbox 623 5851 2184 5919">
     <span class='ocr_line' id='line_1_59' title="bbox 623 5851 2184 5919; baseline 0.006 -13"><span class='ocrx_word' id='word_1_420' title='bbox 623 5851 922 5919; x_wconf 77' lang='lat' dir='ltr'><strong>Alligabitis</strong></span> <span class='ocrx_word' id='word_1_421' title='bbox 971 5865 1035 5910; x_wconf 82' lang='lat' dir='ltr'><strong>ea</strong></span> <span class='ocrx_word' id='word_1_422' title='bbox 1086 5852 1136 5906; x_wconf 85' lang='lat' dir='ltr'><strong>in</strong></span> <span class='ocrx_word' id='word_1_423' title='bbox 1188 5868 1350 5908; x_wconf 83' lang='lat' dir='ltr'><strong>manu</strong></span> <span class='ocrx_word' id='word_1_424' title='bbox 1390 5864 1587 5919; x_wconf 77' lang='lat' dir='ltr'><strong>vestra,</strong></span> <span class='ocrx_word' id='word_1_425' title='bbox 1642 5867 1905 5914; x_wconf 75' lang='lat' dir='ltr'><strong>et&#39;untuue</strong></span> <span class='ocrx_word' id='word_1_426' title='bbox 1965 5863 2184 5915; x_wconf 57' lang='lat' dir='ltr'><strong>intritum</strong></span> 
     </span>
    </p>
   </div>
   <div class='ocr_carea' id='block_1_60' title="bbox 2297 611 3892 683">
    <p class='ocr_par' dir='ltr' id='par_1_60' title="bbox 2297 611 3892 683">
     <span class='ocr_line' id='line_1_60' title="bbox 2297 611 3892 683; baseline 0 -17"><span class='ocrx_word' id='word_1_427' title='bbox 2297 612 2374 674; x_wconf 84' lang='grc' dir='ltr'>ὡς</span> <span class='ocrx_word' id='word_1_428' title='bbox 2407 612 2475 664; x_wconf 85' lang='grc' dir='ltr'><strong>ἂν</strong></span> <span class='ocrx_word' id='word_1_429' title='bbox 2514 611 2546 681; x_wconf 83' lang='grc' dir='ltr'>ἦ</span> <span class='ocrx_word' id='word_1_430' title='bbox 2577 611 2844 674; x_wconf 71' lang='grc' dir='ltr'><strong>εἰπόντες,</strong></span> <span class='ocrx_word' id='word_1_431' title='bbox 2875 613 2978 675; x_wconf 82' lang='grc' dir='ltr'>ὅτι,</span> <span class='ocrx_word' id='word_1_432' title='bbox 3017 611 3134 664; x_wconf 75' lang='grc' dir='ltr'>Οὐκ</span> <span class='ocrx_word' id='word_1_433' title='bbox 3156 611 3403 682; x_wconf 76' lang='grc' dir='ltr'>οἴδαμεν,</span> <span class='ocrx_word' id='word_1_434' title='bbox 3441 613 3764 683; x_wconf 77' lang='grc' dir='ltr'><strong>ἐρωτήσωσι</strong></span> <span class='ocrx_word' id='word_1_435' title='bbox 3794 617 3892 667; x_wconf 73' lang='grc' dir='ltr'>καὶ</span> 
     </span>
    </p>
   </div>
   <div class='ocr_carea' id='block_1_61' title="bbox 2302 703 3893 776">
    <p class='ocr_par' dir='ltr' id='par_1_61' title="bbox 2302 703 3893 776">
     <span class='ocr_line' id='line_1_61' title="bbox 2302 703 3893 776; baseline 0.001 -19"><span class='ocrx_word' id='word_1_436' title='bbox 2302 703 2631 776; x_wconf 81' lang='grc' dir='ltr'>μάθωσιν,ἢ</span> <span class='ocrx_word' id='word_1_437' title='bbox 2662 704 2907 768; x_wconf 77' lang='grc' dir='ltr'><strong>εἰπόντες</strong></span> <span class='ocrx_word' id='word_1_438' title='bbox 2934 706 2996 756; x_wconf 81' lang='grc' dir='ltr'><strong>τὸ</strong></span> <span class='ocrx_word' id='word_1_439' title='bbox 3021 703 3239 771; x_wconf 79' lang='grc' dir='ltr'><strong>ἀληθὲς,</strong></span> <span class='ocrx_word' id='word_1_440' title='bbox 3282 705 3665 767; x_wconf 87' lang='grc' dir='ltr'>πιστεύσωσιν,</span> <span class='ocrx_word' id='word_1_441' title='bbox 3715 706 3747 775; x_wconf 78' lang='grc' dir='ltr'>ἢ</span> <span class='ocrx_word' id='word_1_442' title='bbox 3786 723 3893 776; x_wconf 86' lang='grc' dir='ltr'><strong>μη-</strong></span> 
     </span>
    </p>
   </div>
   <div class='ocr_carea' id='block_1_62' title="bbox 2299 797 3890 870">
    <p class='ocr_par' dir='ltr' id='par_1_62' title="bbox 2299 797 3890 870">
     <span class='ocr_line' id='line_1_62' title="bbox 2299 797 3890 870; baseline 0 -18"><span class='ocrx_word' id='word_1_443' title='bbox 2299 798 2387 852; x_wconf 81' lang='grc' dir='ltr'>δὲν</span> <span class='ocrx_word' id='word_1_444' title='bbox 2418 799 2633 867; x_wconf 79' lang='grc' dir='ltr'><strong>ἔχοντες</strong></span> <span class='ocrx_word' id='word_1_445' title='bbox 2659 801 2856 864; x_wconf 80' lang='grc' dir='ltr'>είπεῐν,</span> <span class='ocrx_word' id='word_1_446' title='bbox 2882 797 3317 868; x_wconf 83' lang='grc' dir='ltr'>καταισχυνθῶσι</span> <span class='ocrx_word' id='word_1_447' title='bbox 3340 798 3436 853; x_wconf 71' lang='grc' dir='ltr'>καὶ</span> <span class='ocrx_word' id='word_1_448' title='bbox 3458 800 3890 870; x_wconf 67' lang='grc' dir='ltr'><strong>ἀναχωρήσωσι,</strong></span> 
     </span>
    </p>
   </div>
   <div class='ocr_carea' id='block_1_63' title="bbox 2303 891 3361 963">
    <p class='ocr_par' dir='ltr' id='par_1_63' title="bbox 2303 891 3361 963">
     <span class='ocr_line' id='line_1_63' title="bbox 2303 891 3361 963; baseline 0.003 -20"><span class='ocrx_word' id='word_1_449' title='bbox 2303 892 2503 963; x_wconf 81' lang='grc' dir='ltr'>μηκέτι</span> <span class='ocrx_word' id='word_1_450' title='bbox 2526 891 2837 961; x_wconf 74' lang='grc' dir='ltr'><strong>τολμῶντες</strong></span> <span class='ocrx_word' id='word_1_451' title='bbox 2867 891 3044 961; x_wconf 84' lang='grc' dir='ltr'>ἐρωτῆ</span> <span class='ocrx_word' id='word_1_452' title='bbox 3053 907 3144 944; x_wconf 86' lang='grc' dir='ltr'><strong>σαι</strong></span> <span class='ocrx_word' id='word_1_453' title='bbox 3175 891 3361 946; x_wconf 79' lang='grc' dir='ltr'><strong>αὐτόν.</strong></span> 
     </span>
    </p>
   </div>
   <div class='ocr_carea' id='block_1_64' title="bbox 2888 1026 3298 1080">
    <p class='ocr_par' dir='ltr' id='par_1_64' title="bbox 2888 1026 3298 1080">
     <span class='ocr_line' id='line_1_64' title="bbox 2888 1026 3298 1080; baseline 0.002 -1"><span class='ocrx_word' id='word_1_454' title='bbox 2888 1026 3140 1080; x_wconf 77' lang='grc' dir='ltr'><strong>ΚΕΦΛΛ.</strong></span> <span class='ocrx_word' id='word_1_455' title='bbox 3170 1027 3298 1080; x_wconf 73' lang='lat' dir='ltr'><strong>Kl&quot;.</strong></span> 
     </span>
    </p>
   </div>
   <div class='ocr_carea' id='block_1_65' title="bbox 2473 1141 3707 1213">
    <p class='ocr_par' dir='ltr' id='par_1_65' title="bbox 2473 1141 3707 1213">
     <span class='ocr_line' id='line_1_65' title="bbox 2473 1141 3707 1213; baseline 0.002 -15"><span class='ocrx_word' id='word_1_456' title='bbox 2473 1145 2612 1213; x_wconf 76' lang='grc' dir='ltr'><strong>Περὶ</strong></span> <span class='ocrx_word' id='word_1_457' title='bbox 2640 1143 2744 1199; x_wconf 84' lang='grc' dir='ltr'><strong>τοῦ</strong></span> <span class='ocrx_word' id='word_1_458' title='bbox 2781 1141 3163 1211; x_wconf 79' lang='grc' dir='ltr'>ταλανισμοῦ</span> <span class='ocrx_word' id='word_1_459' title='bbox 3193 1141 3314 1197; x_wconf 81' lang='grc' dir='ltr'><strong>τῶν</strong></span> <span class='ocrx_word' id='word_1_460' title='bbox 3347 1145 3707 1212; x_wconf 81' lang='grc' dir='ltr'><strong>Φαρισαίων.</strong></span> 
     </span>
    </p>
   </div>
   <div class='ocr_carea' id='block_1_66' title="bbox 2374 1255 3892 1328">
    <p class='ocr_par' dir='ltr' id='par_1_66' title="bbox 2374 1255 3892 1328">
     <span class='ocr_line' id='line_1_66' title="bbox 2374 1255 3892 1328; baseline 0 -18"><span class='ocrx_word' id='word_1_461' title='bbox 2374 1279 2392 1310; x_wconf 80' lang='grc' dir='ltr'><strong>ι</strong></span> <span class='ocrx_word' id='word_1_462' title='bbox 2422 1258 2555 1312; x_wconf 85' lang='grc' dir='ltr'><strong>Τότε</strong></span> <span class='ocrx_word' id='word_1_463' title='bbox 2575 1260 2605 1312; x_wconf 90' lang='grc' dir='ltr'>ὀ</span> <span class='ocrx_word' id='word_1_464' title='bbox 2639 1257 2847 1327; x_wconf 82' lang='grc' dir='ltr'><strong>Ἰησοῦς</strong></span> <span class='ocrx_word' id='word_1_465' title='bbox 2869 1256 3099 1325; x_wconf 83' lang='grc' dir='ltr'>ἐλάλησε</span> <span class='ocrx_word' id='word_1_466' title='bbox 3125 1258 3238 1319; x_wconf 77' lang='grc' dir='ltr'>τοῖς</span> <span class='ocrx_word' id='word_1_467' title='bbox 3259 1255 3436 1326; x_wconf 82' lang='grc' dir='ltr'>δχλοις</span> <span class='ocrx_word' id='word_1_468' title='bbox 3458 1255 3549 1310; x_wconf 74' lang='grc' dir='ltr'>καὶ</span> <span class='ocrx_word' id='word_1_469' title='bbox 3571 1260 3683 1320; x_wconf 75' lang='grc' dir='ltr'><strong>τοῖς</strong></span> <span class='ocrx_word' id='word_1_470' title='bbox 3709 1257 3892 1328; x_wconf 79' lang='grc' dir='ltr'>μαθηο</span> 
     </span>
    </p>
   </div>
   <div class='ocr_carea' id='block_1_67' title="bbox 2297 1348 3896 1420">
    <p class='ocr_par' dir='ltr' id='par_1_67' title="bbox 2297 1348 3896 1420">
     <span class='ocr_line' id='line_1_67' title="bbox 2297 1348 3896 1420; baseline -0.003 -14"><span class='ocrx_word' id='word_1_471' title='bbox 2297 1355 2418 1417; x_wconf 80' lang='grc' dir='ltr'>ταῖς</span> <span class='ocrx_word' id='word_1_472' title='bbox 2445 1350 2636 1415; x_wconf 85' lang='grc' dir='ltr'>αὑτοῦ,</span> <span class='ocrx_word' id='word_1_473' title='bbox 2671 1351 2862 1419; x_wconf 83' lang='grc' dir='ltr'>λέγων·</span> <span class='ocrx_word' id='word_1_474' title='bbox 2907 1349 3028 1404; x_wconf 74' lang='grc' dir='ltr'><strong>Ἐπὶ</strong></span> <span class='ocrx_word' id='word_1_475' title='bbox 3049 1351 3148 1420; x_wconf 86' lang='grc' dir='ltr'><strong>τῆς</strong></span> <span class='ocrx_word' id='word_1_476' title='bbox 3183 1349 3425 1412; x_wconf 86' lang='grc' dir='ltr'>Μωσέως</span> <span class='ocrx_word' id='word_1_477' title='bbox 3452 1348 3725 1420; x_wconf 82' lang='grc' dir='ltr'><strong>καθέδρας</strong></span> <span class='ocrx_word' id='word_1_478' title='bbox 3755 1351 3896 1405; x_wconf 64' lang='grc' dir='ltr'>ἐλά-</span> 
     </span>
    </p>
   </div>
   <div class='ocr_carea' id='block_1_68' title="bbox 2299 1442 3897 1516">
    <p class='ocr_par' dir='ltr' id='par_1_68' title="bbox 2299 1442 3897 1516">
     <span class='ocr_line' id='line_1_68' title="bbox 2299 1442 3897 1516; baseline -0.003 -17"><span class='ocrx_word' id='word_1_479' title='bbox 2299 1445 2457 1500; x_wconf 76' lang='grc' dir='ltr'>θισαν</span> <span class='ocrx_word' id='word_1_480' title='bbox 2492 1446 2540 1498; x_wconf 87' lang='grc' dir='ltr'>οἱ</span> <span class='ocrx_word' id='word_1_481' title='bbox 2596 1444 2951 1516; x_wconf 83' lang='grc' dir='ltr'>Γραμματεῖς</span> <span class='ocrx_word' id='word_1_482' title='bbox 2982 1443 3078 1496; x_wconf 72' lang='grc' dir='ltr'>καὶ</span> <span class='ocrx_word' id='word_1_483' title='bbox 3112 1445 3159 1496; x_wconf 74' lang='lat' dir='ltr'><strong>oi</strong></span> <span class='ocrx_word' id='word_1_484' title='bbox 3210 1443 3497 1514; x_wconf 78' lang='grc' dir='ltr'>Φαρισαῖοι</span> <span class='ocrx_word' id='word_1_485' title='bbox 3519 1457 3533 1472; x_wconf 80' lang='grc'><strong>⁸</strong></span> <span class='ocrx_word' id='word_1_486' title='bbox 3567 1443 3751 1496; x_wconf 83' lang='grc' dir='ltr'>πάντα</span> <span class='ocrx_word' id='word_1_487' title='bbox 3795 1442 3897 1496; x_wconf 83' lang='grc' dir='ltr'><strong>οὖν</strong></span> 
     </span>
    </p>
   </div>
   <div class='ocr_carea' id='block_1_69' title="bbox 2297 1519 3892 1605">
    <p class='ocr_par' dir='ltr' id='par_1_69' title="bbox 2297 1519 3892 1605">
     <span class='ocr_line' id='line_1_69' title="bbox 2297 1519 3892 1605; baseline -0.003 -13"><span class='ocrx_word' id='word_1_488' title='bbox 2297 1539 2400 1592; x_wconf 81' lang='grc' dir='ltr'>ὅσα</span> <span class='ocrx_word' id='word_1_489' title='bbox 2448 1538 2514 1591; x_wconf 84' lang='grc' dir='ltr'><strong>ἂν</strong></span> <span class='ocrx_word' id='word_1_490' title='bbox 2544 1537 2776 1591; x_wconf 84' lang='grc' dir='ltr'>είπωσιν</span> <span class='ocrx_word' id='word_1_491' title='bbox 2832 1535 2963 1605; x_wconf 81' lang='grc' dir='ltr'><strong>ὑμῖν</strong></span> <span class='ocrx_word' id='word_1_492' title='bbox 2994 1519 3205 1604; x_wconf 74' lang='grc' dir='ltr'>τηρεῗν,</span> <span class='ocrx_word' id='word_1_493' title='bbox 3246 1539 3461 1605; x_wconf 75' lang='grc' dir='ltr'><strong>τηρεῖτε</strong></span> <span class='ocrx_word' id='word_1_494' title='bbox 3511 1534 3605 1588; x_wconf 82' lang='grc' dir='ltr'>καὶ</span> <span class='ocrx_word' id='word_1_495' title='bbox 3653 1537 3892 1600; x_wconf 82' lang='grc' dir='ltr'><strong>ποιεῖτε,</strong></span> 
     </span>
    </p>
   </div>
   <div class='ocr_carea' id='block_1_70' title="bbox 2299 1625 3896 1701">
    <p class='ocr_par' dir='ltr' id='par_1_70' title="bbox 2299 1625 3896 1701">
     <span class='ocr_line' id='line_1_70' title="bbox 2299 1625 3896 1701; baseline -0.003 -17"><span class='ocrx_word' id='word_1_496' title='bbox 2299 1631 2440 1684; x_wconf 74' lang='grc' dir='ltr'>κατὰ</span> <span class='ocrx_word' id='word_1_497' title='bbox 2473 1629 2530 1683; x_wconf 84' lang='grc' dir='ltr'>δὲ</span> <span class='ocrx_word' id='word_1_498' title='bbox 2562 1628 2629 1682; x_wconf 77' lang='grc' dir='ltr'><strong>τὰ</strong></span> <span class='ocrx_word' id='word_1_499' title='bbox 2645 1628 2782 1701; x_wconf 78' lang='grc' dir='ltr'>ἔργα</span> <span class='ocrx_word' id='word_1_500' title='bbox 2813 1626 2993 1681; x_wconf 82' lang='grc' dir='ltr'>αὐτῶν</span> <span class='ocrx_word' id='word_1_501' title='bbox 3025 1627 3099 1696; x_wconf 83' lang='grc' dir='ltr'><strong>μὴ</strong></span> <span class='ocrx_word' id='word_1_502' title='bbox 3131 1627 3356 1679; x_wconf 76' lang='grc' dir='ltr'><strong>ποιεῖτε.</strong></span> <span class='ocrx_word' id='word_1_503' title='bbox 3386 1626 3619 1694; x_wconf 82' lang='grc' dir='ltr'><strong>Λέγουσι</strong></span> <span class='ocrx_word' id='word_1_504' title='bbox 3647 1625 3760 1694; x_wconf 79' lang='grc' dir='ltr'><strong>γὰρ</strong></span> <span class='ocrx_word' id='word_1_505' title='bbox 3791 1628 3896 1679; x_wconf 75' lang='grc' dir='ltr'>καὶ</span> 
     </span>
    </p>
   </div>
   <div class='ocr_carea' id='block_1_71' title="bbox 2298 1715 3896 1788">
    <p class='ocr_par' dir='ltr' id='par_1_71' title="bbox 2298 1715 3896 1788">
     <span class='ocr_line' id='line_1_71' title="bbox 2298 1715 3896 1788; baseline -0.005 -11"><span class='ocrx_word' id='word_1_506' title='bbox 2298 1724 2357 1778; x_wconf 80' lang='grc' dir='ltr'>ού</span> <span class='ocrx_word' id='word_1_507' title='bbox 2392 1721 2657 1776; x_wconf 76' lang='grc' dir='ltr'>ποιοῦσιν.</span> <span class='ocrx_word' id='word_1_508' title='bbox 2695 1740 2714 1772; x_wconf 73' lang='grc' dir='ltr'><strong>ι</strong></span> <span class='ocrx_word' id='word_1_509' title='bbox 2753 1719 2885 1775; x_wconf 85' lang='grc' dir='ltr'><strong>Ὀτε</strong></span> <span class='ocrx_word' id='word_1_510' title='bbox 2927 1719 3124 1781; x_wconf 84' lang='grc' dir='ltr'><strong>αὐτοὺς</strong></span> <span class='ocrx_word' id='word_1_511' title='bbox 3162 1718 3518 1788; x_wconf 72' lang='grc' dir='ltr'><strong>ἐπεστόμισε,</strong></span> <span class='ocrx_word' id='word_1_512' title='bbox 3551 1717 3642 1770; x_wconf 69' lang='grc' dir='ltr'>καὶ</span> <span class='ocrx_word' id='word_1_513' title='bbox 3679 1715 3896 1781; x_wconf 71' lang='grc' dir='ltr'>ἔδειξεν</span> 
     </span>
    </p>
   </div>
   <div class='ocr_carea' id='block_1_72' title="bbox 2298 1806 3898 1879">
    <p class='ocr_par' dir='ltr' id='par_1_72' title="bbox 2298 1806 3898 1879">
     <span class='ocr_line' id='line_1_72' title="bbox 2298 1806 3898 1879; baseline -0.003 -15"><span class='ocrx_word' id='word_1_514' title='bbox 2298 1813 2494 1865; x_wconf 85' lang='grc' dir='ltr'><strong>ἀνίατα</strong></span> <span class='ocrx_word' id='word_1_515' title='bbox 2527 1809 2836 1872; x_wconf 76' lang='grc' dir='ltr'><strong>νοσοῦντας,</strong></span> <span class='ocrx_word' id='word_1_516' title='bbox 2860 1807 2980 1861; x_wconf 87' lang='grc' dir='ltr'><strong>τότε</strong></span> <span class='ocrx_word' id='word_1_517' title='bbox 3013 1807 3142 1876; x_wconf 74' lang='grc' dir='ltr'>περὶ</span> <span class='ocrx_word' id='word_1_518' title='bbox 3168 1806 3352 1860; x_wconf 75' lang='grc' dir='ltr'>αὐτῶν</span> <span class='ocrx_word' id='word_1_519' title='bbox 3383 1806 3567 1874; x_wconf 90' lang='grc' dir='ltr'>λέγει·</span> <span class='ocrx_word' id='word_1_520' title='bbox 3604 1807 3736 1879; x_wconf 77' lang='grc' dir='ltr'>περὶ</span> <span class='ocrx_word' id='word_1_521' title='bbox 3768 1806 3898 1878; x_wconf 86' lang='grc' dir='ltr'>βίου</span> 
     </span>
    </p>
   </div>
   <div class='ocr_carea' id='block_1_73' title="bbox 2299 1897 3900 1968">
    <p class='ocr_par' dir='ltr' id='par_1_73' title="bbox 2299 1897 3900 1968">
     <span class='ocr_line' id='line_1_73' title="bbox 2299 1897 3900 1968; baseline -0.006 -8"><span class='ocrx_word' id='word_1_522' title='bbox 2299 1905 2355 1960; x_wconf 79' lang='grc' dir='ltr'><strong>δέ</strong></span> <span class='ocrx_word' id='word_1_523' title='bbox 2418 1905 2513 1958; x_wconf 66' lang='grc' dir='ltr'>καὶ</span> <span class='ocrx_word' id='word_1_524' title='bbox 2567 1901 2842 1963; x_wconf 73' lang='grc' dir='ltr'>πολιτείας</span> <span class='ocrx_word' id='word_1_525' title='bbox 2905 1899 3260 1967; x_wconf 82' lang='grc' dir='ltr'><strong>διαλέγεται,</strong></span> <span class='ocrx_word' id='word_1_526' title='bbox 3316 1897 3698 1968; x_wconf 77' lang='grc' dir='ltr'><strong>διορθούμενος</strong></span> <span class='ocrx_word' id='word_1_527' title='bbox 3760 1902 3900 1962; x_wconf 69' lang='grc' dir='ltr'><strong>τοὺς</strong></span> 
     </span>
    </p>
   </div>
   <div class='ocr_carea' id='block_1_74' title="bbox 2300 1986 3898 2062">
    <p class='ocr_par' dir='ltr' id='par_1_74' title="bbox 2300 1986 3898 2062">
     <span class='ocr_line' id='line_1_74' title="bbox 2300 1986 3898 2062; baseline -0.006 -12"><span class='ocrx_word' id='word_1_528' title='bbox 2300 1996 2625 2058; x_wconf 85' lang='grc' dir='ltr'>ἀκούοντας,</span> <span class='ocrx_word' id='word_1_529' title='bbox 2661 1993 2749 2047; x_wconf 77' lang='grc' dir='ltr'>ἵνα</span> <span class='ocrx_word' id='word_1_530' title='bbox 2803 1991 2879 2062; x_wconf 82' lang='grc' dir='ltr'><strong>μὴ</strong></span> <span class='ocrx_word' id='word_1_531' title='bbox 2935 1987 3324 2060; x_wconf 77' lang='grc' dir='ltr'>καταφρονῶσι</span> <span class='ocrx_word' id='word_1_532' title='bbox 3383 1986 3492 2043; x_wconf 73' lang='grc' dir='ltr'><strong>τῶν</strong></span> <span class='ocrx_word' id='word_1_533' title='bbox 3520 1987 3898 2057; x_wconf 72' lang='grc' dir='ltr'>διδασκάλων,</span> 
     </span>
    </p>
   </div>
   <div class='ocr_carea' id='block_1_75' title="bbox 2299 2077 3899 2158">
    <p class='ocr_par' dir='ltr' id='par_1_75' title="bbox 2299 2077 3899 2158">
     <span class='ocr_line' id='line_1_75' title="bbox 2299 2077 3899 2158; baseline -0.005 -14"><span class='ocrx_word' id='word_1_534' title='bbox 2299 2088 2403 2144; x_wconf 76' lang='grc' dir='ltr'><strong>κᾶν</strong></span> <span class='ocrx_word' id='word_1_535' title='bbox 2429 2087 2834 2158; x_wconf 82' lang='grc' dir='ltr'>διεφθαρμένου</span> <span class='ocrx_word' id='word_1_536' title='bbox 2893 2083 3011 2155; x_wconf 83' lang='grc' dir='ltr'>βίου</span> <span class='ocrx_word' id='word_1_537' title='bbox 3040 2077 3200 2138; x_wconf 74' lang='grc' dir='ltr'>ὦσιν.</span> <span class='ocrx_word' id='word_1_538' title='bbox 3227 2085 3381 2152; x_wconf 71' lang='lat' dir='ltr'><strong>&quot;Atta.</strong></span> <span class='ocrx_word' id='word_1_539' title='bbox 3412 2082 3468 2135; x_wconf 83' lang='grc' dir='ltr'>δὲ</span> <span class='ocrx_word' id='word_1_540' title='bbox 3495 2081 3769 2136; x_wconf 85' lang='grc' dir='ltr'>δείκνυσιν</span> <span class='ocrx_word' id='word_1_541' title='bbox 3804 2084 3899 2136; x_wconf 83' lang='grc' dir='ltr'><strong>ὅτι</strong></span> 
     </span>
    </p>
   </div>
   <div class='ocr_carea' id='block_1_76' title="bbox 2297 2172 3903 2249">
    <p class='ocr_par' dir='ltr' id='par_1_76' title="bbox 2297 2172 3903 2249">
     <span class='ocr_line' id='line_1_76' title="bbox 2297 2172 3903 2249; baseline -0.002 -17"><span class='ocrx_word' id='word_1_542' title='bbox 2297 2181 2418 2233; x_wconf 78' lang='grc' dir='ltr'><strong>οὐδὲ</strong></span> <span class='ocrx_word' id='word_1_543' title='bbox 2452 2178 2528 2248; x_wconf 80' lang='grc' dir='ltr'><strong>τῷ</strong></span> <span class='ocrx_word' id='word_1_544' title='bbox 2556 2179 2707 2249; x_wconf 83' lang='grc' dir='ltr'><strong>νόμῳ</strong></span> <span class='ocrx_word' id='word_1_545' title='bbox 2756 2174 3118 2241; x_wconf 82' lang='grc' dir='ltr'>ἐναντιοῦται,</span> <span class='ocrx_word' id='word_1_546' title='bbox 3174 2174 3312 2228; x_wconf 75' lang='grc' dir='ltr'>ἀλλὰ</span> <span class='ocrx_word' id='word_1_547' title='bbox 3371 2172 3573 2241; x_wconf 82' lang='grc' dir='ltr'>μᾶλλον</span> <span class='ocrx_word' id='word_1_548' title='bbox 3620 2172 3767 2226; x_wconf 88' lang='grc' dir='ltr'>θέλει</span> <span class='ocrx_word' id='word_1_549' title='bbox 3823 2175 3903 2228; x_wconf 75' lang='grc' dir='ltr'><strong>τὰ</strong></span> 
     </span>
    </p>
   </div>
   <div class='ocr_carea' id='block_1_77' title="bbox 2296 2265 3901 2340">
    <p class='ocr_par' dir='ltr' id='par_1_77' title="bbox 2296 2265 3901 2340">
     <span class='ocr_line' id='line_1_77' title="bbox 2296 2265 3901 2340; baseline -0.004 -15"><span class='ocrx_word' id='word_1_550' title='bbox 2296 2271 2390 2325; x_wconf 85' lang='grc' dir='ltr'>τοῦ</span> <span class='ocrx_word' id='word_1_551' title='bbox 2438 2276 2605 2340; x_wconf 80' lang='grc' dir='ltr'>νόμου</span> <span class='ocrx_word' id='word_1_552' title='bbox 2657 2268 3018 2338; x_wconf 85' lang='grc' dir='ltr'>πράττεσθαι,</span> <span class='ocrx_word' id='word_1_553' title='bbox 3070 2267 3176 2322; x_wconf 72' lang='grc' dir='ltr'><strong>κᾶν</strong></span> <span class='ocrx_word' id='word_1_554' title='bbox 3215 2267 3264 2320; x_wconf 82' lang='grc' dir='ltr'>οἱ</span> <span class='ocrx_word' id='word_1_555' title='bbox 3311 2266 3487 2321; x_wconf 82' lang='grc' dir='ltr'>ταῦτα</span> <span class='ocrx_word' id='word_1_556' title='bbox 3540 2265 3901 2330; x_wconf 67' lang='grc' dir='ltr'>διδάσκοντες</span> 
     </span>
    </p>
   </div>
   <div class='ocr_carea' id='block_1_78' title="bbox 2296 2361 3902 2438">
    <p class='ocr_par' dir='ltr' id='par_1_78' title="bbox 2296 2361 3902 2438">
     <span class='ocr_line' id='line_1_78' title="bbox 2296 2361 3902 2438; baseline -0.004 -14"><span class='ocrx_word' id='word_1_557' title='bbox 2296 2367 2506 2436; x_wconf 80' lang='grc' dir='ltr'>ἀνάξιοι</span> <span class='ocrx_word' id='word_1_558' title='bbox 2525 2361 2680 2424; x_wconf 77' lang='grc' dir='ltr'>ὦσιν.</span> <span class='ocrx_word' id='word_1_559' title='bbox 2714 2368 2859 2420; x_wconf 86' lang='grc' dir='ltr'>Ὅσα</span> <span class='ocrx_word' id='word_1_560' title='bbox 2875 2365 3008 2438; x_wconf 74' lang='grc' dir='ltr'>γὰρ,</span> <span class='ocrx_word' id='word_1_561' title='bbox 3030 2366 3186 2436; x_wconf 76' lang='grc' dir='ltr'>φησὶ,</span> <span class='ocrx_word' id='word_1_562' title='bbox 3207 2365 3459 2434; x_wconf 86' lang='grc' dir='ltr'>λέγουσιν</span> <span class='ocrx_word' id='word_1_563' title='bbox 3484 2365 3533 2417; x_wconf 88' lang='grc' dir='ltr'><strong>οί</strong></span> <span class='ocrx_word' id='word_1_564' title='bbox 3554 2363 3902 2426; x_wconf 83' lang='grc' dir='ltr'>διδάσκαλοι,</span> 
     </span>
    </p>
   </div>
   <div class='ocr_carea' id='block_1_79' title="bbox 2296 2457 3904 2530">
    <p class='ocr_par' dir='ltr' id='par_1_79' title="bbox 2296 2457 3904 2530">
     <span class='ocr_line' id='line_1_79' title="bbox 2296 2457 3904 2530; baseline -0.003 -15"><span class='ocrx_word' id='word_1_565' title='bbox 2296 2463 2389 2515; x_wconf 74' lang='grc' dir='ltr'><strong>τὸν</strong></span> <span class='ocrx_word' id='word_1_566' title='bbox 2422 2462 2665 2530; x_wconf 81' lang='grc' dir='ltr'>Μωῦσῆν</span> <span class='ocrx_word' id='word_1_567' title='bbox 2705 2459 2958 2530; x_wconf 79' lang='grc' dir='ltr'><strong>νομίζετε</strong></span> <span class='ocrx_word' id='word_1_568' title='bbox 2990 2459 3168 2513; x_wconf 83' lang='grc' dir='ltr'>ταῦτα</span> <span class='ocrx_word' id='word_1_569' title='bbox 3215 2457 3421 2526; x_wconf 86' lang='grc' dir='ltr'>λέγειν,</span> <span class='ocrx_word' id='word_1_570' title='bbox 3464 2457 3664 2527; x_wconf 80' lang='grc' dir='ltr'>μᾶλλον</span> <span class='ocrx_word' id='word_1_571' title='bbox 3692 2457 3752 2511; x_wconf 80' lang='grc' dir='ltr'>δὲ</span> <span class='ocrx_word' id='word_1_572' title='bbox 3796 2459 3904 2510; x_wconf 70' lang='grc' dir='ltr'>τὸν</span> 
     </span>
    </p>
   </div>
   <div class='ocr_carea' id='block_1_80' title="bbox 2297 2533 3904 2625">
    <p class='ocr_par' dir='ltr' id='par_1_80' title="bbox 2297 2533 3904 2625">
     <span class='ocr_line' id='line_1_80' title="bbox 2297 2533 3904 2625; baseline -0.002 -19"><span class='ocrx_word' id='word_1_573' title='bbox 2297 2554 2451 2607; x_wconf 88' lang='grc' dir='ltr'>Θεόν.</span> <span class='ocrx_word' id='word_1_574' title='bbox 2502 2549 2628 2625; x_wconf 68' lang='grc' dir='ltr'><strong>Ἆρ’</strong></span> <span class='ocrx_word' id='word_1_575' title='bbox 2670 2548 2763 2605; x_wconf 83' lang='grc' dir='ltr'><strong>οὖν</strong></span> <span class='ocrx_word' id='word_1_576' title='bbox 2814 2553 2992 2604; x_wconf 75' lang='grc' dir='ltr'>πάντα</span> <span class='ocrx_word' id='word_1_577' title='bbox 3030 2552 3130 2605; x_wconf 81' lang='grc' dir='ltr'>ὅσα</span> <span class='ocrx_word' id='word_1_578' title='bbox 3182 2550 3402 2618; x_wconf 85' lang='grc' dir='ltr'>λέγουσι</span> <span class='ocrx_word' id='word_1_579' title='bbox 3441 2549 3521 2602; x_wconf 74' lang='grc' dir='ltr'>δεῖ</span> <span class='ocrx_word' id='word_1_580' title='bbox 3548 2533 3752 2616; x_wconf 29' lang='grc' dir='ltr'>ἑποιείν,</span> <span class='ocrx_word' id='word_1_581' title='bbox 3785 2551 3904 2604; x_wconf 84' lang='grc' dir='ltr'><strong>κᾶν</strong></span> 
     </span>
    </p>
   </div>
   <div class='ocr_carea' id='block_1_81' title="bbox 2297 2641 3903 2716">
    <p class='ocr_par' dir='ltr' id='par_1_81' title="bbox 2297 2641 3903 2716">
     <span class='ocr_line' id='line_1_81' title="bbox 2297 2641 3903 2716; baseline -0.001 -17"><span class='ocrx_word' id='word_1_582' title='bbox 2297 2645 2445 2699; x_wconf 82' lang='grc' dir='ltr'>κακὰ</span> <span class='ocrx_word' id='word_1_583' title='bbox 2483 2641 2624 2712; x_wconf 65' lang='lat' dir='ltr'><strong>tim;</strong></span> <span class='ocrx_word' id='word_1_584' title='bbox 2663 2646 2915 2716; x_wconf 85' lang='grc' dir='ltr'>Λέγομεν</span> <span class='ocrx_word' id='word_1_585' title='bbox 2947 2646 3042 2700; x_wconf 76' lang='grc' dir='ltr'><strong>οὖν</strong></span> <span class='ocrx_word' id='word_1_586' title='bbox 3103 2645 3319 2716; x_wconf 87' lang='grc' dir='ltr'>πρῶτον</span> <span class='ocrx_word' id='word_1_587' title='bbox 3354 2645 3454 2714; x_wconf 74' lang='grc' dir='ltr'><strong>μὲν</strong></span> <span class='ocrx_word' id='word_1_588' title='bbox 3495 2644 3577 2698; x_wconf 84' lang='grc' dir='ltr'>ὅτι</span> <span class='ocrx_word' id='word_1_589' title='bbox 3609 2643 3730 2697; x_wconf 65' lang='grc' dir='ltr'>οὐδὲ</span> <span class='ocrx_word' id='word_1_590' title='bbox 3762 2644 3903 2698; x_wconf 84' lang='grc' dir='ltr'>τολ-</span> 
     </span>
    </p>
   </div>
   <div class='ocr_carea' id='block_1_82' title="bbox 2301 2739 3904 2812">
    <p class='ocr_par' dir='ltr' id='par_1_82' title="bbox 2301 2739 3904 2812">
     <span class='ocr_line' id='line_1_82' title="bbox 2301 2739 3904 2812; baseline 0.001 -21"><span class='ocrx_word' id='word_1_591' title='bbox 2301 2740 2493 2809; x_wconf 83' lang='grc' dir='ltr'>μήσειέ</span> <span class='ocrx_word' id='word_1_592' title='bbox 2525 2756 2654 2793; x_wconf 79' lang='grc' dir='ltr'><strong>ποτε</strong></span> <span class='ocrx_word' id='word_1_593' title='bbox 2690 2742 2718 2793; x_wconf 88' lang='grc' dir='ltr'>ὁ</span> <span class='ocrx_word' id='word_1_594' title='bbox 2766 2739 3034 2794; x_wconf 82' lang='grc' dir='ltr'>διδάσκων</span> <span class='ocrx_word' id='word_1_595' title='bbox 3064 2739 3478 2812; x_wconf 68' lang='grc' dir='ltr'>προτρέψασθαι</span> <span class='ocrx_word' id='word_1_596' title='bbox 3507 2757 3630 2792; x_wconf 86' lang='grc' dir='ltr'>τινα</span> <span class='ocrx_word' id='word_1_597' title='bbox 3677 2740 3759 2801; x_wconf 76' lang='grc' dir='ltr'><strong>είς</strong></span> <span class='ocrx_word' id='word_1_598' title='bbox 3797 2757 3904 2793; x_wconf 81' lang='grc' dir='ltr'>κα-</span> 
     </span>
    </p>
   </div>
   <div class='ocr_carea' id='block_1_83' title="bbox 2297 2833 3905 2904">
    <p class='ocr_par' dir='ltr' id='par_1_83' title="bbox 2297 2833 3905 2904">
     <span class='ocr_line' id='line_1_83' title="bbox 2297 2833 3905 2904; baseline 0 -18"><span class='ocrx_word' id='word_1_599' title='bbox 2297 2833 2412 2886; x_wconf 81' lang='grc' dir='ltr'>κόν.</span> <span class='ocrx_word' id='word_1_600' title='bbox 2451 2833 2685 2886; x_wconf 86' lang='grc' dir='ltr'>Ἔπειτα</span> <span class='ocrx_word' id='word_1_601' title='bbox 2714 2836 2763 2886; x_wconf 90' lang='grc' dir='ltr'>εί</span> <span class='ocrx_word' id='word_1_602' title='bbox 2794 2834 2888 2887; x_wconf 74' lang='grc' dir='ltr'>καὶ</span> <span class='ocrx_word' id='word_1_603' title='bbox 2917 2835 3099 2904; x_wconf 86' lang='grc' dir='ltr'>δῶμεν</span> <span class='ocrx_word' id='word_1_604' title='bbox 3161 2834 3340 2896; x_wconf 82' lang='grc' dir='ltr'><strong>τοῦτο,</strong></span> <span class='ocrx_word' id='word_1_605' title='bbox 3381 2835 3462 2887; x_wconf 83' lang='grc' dir='ltr'><strong>ὅτι</strong></span> <span class='ocrx_word' id='word_1_606' title='bbox 3510 2833 3664 2887; x_wconf 72' lang='grc' dir='ltr'>ἔσται</span> <span class='ocrx_word' id='word_1_607' title='bbox 3695 2851 3782 2896; x_wconf 90' lang='grc' dir='ltr'><strong>τις</strong></span> <span class='ocrx_word' id='word_1_608' title='bbox 3809 2835 3905 2898; x_wconf 89' lang='grc' dir='ltr'>είς</span> 
     </span>
    </p>
   </div>
   <div class='ocr_carea' id='block_1_84' title="bbox 2298 2924 3902 2998">
    <p class='ocr_par' dir='ltr' id='par_1_84' title="bbox 2298 2924 3902 2998">
     <span class='ocr_line' id='line_1_84' title="bbox 2298 2924 3902 2998; baseline 0.001 -20"><span class='ocrx_word' id='word_1_609' title='bbox 2298 2925 2468 2979; x_wconf 81' lang='grc' dir='ltr'>κακὸν</span> <span class='ocrx_word' id='word_1_610' title='bbox 2507 2924 2622 2995; x_wconf 89' lang='grc' dir='ltr'><strong>βίον</strong></span> <span class='ocrx_word' id='word_1_611' title='bbox 2667 2927 3140 2998; x_wconf 80' lang='grc' dir='ltr'>προτρεπόμενος,</span> <span class='ocrx_word' id='word_1_612' title='bbox 3177 2926 3278 2981; x_wconf 88' lang='grc' dir='ltr'><strong>ούκ</strong></span> <span class='ocrx_word' id='word_1_613' title='bbox 3321 2925 3430 2980; x_wconf 72' lang='grc' dir='ltr'>ἀπὸ</span> <span class='ocrx_word' id='word_1_614' title='bbox 3477 2927 3580 2995; x_wconf 79' lang='grc' dir='ltr'><strong>τῆς</strong></span> <span class='ocrx_word' id='word_1_615' title='bbox 3637 2926 3902 2992; x_wconf 81' lang='grc' dir='ltr'>Μωσέως</span> 
     </span>
    </p>
   </div>
   <div class='ocr_carea' id='block_1_85' title="bbox 2298 3016 3900 3089">
    <p class='ocr_par' dir='ltr' id='par_1_85' title="bbox 2298 3016 3900 3089">
     <span class='ocr_line' id='line_1_85' title="bbox 2298 3016 3900 3089; baseline 0.001 -19"><span class='ocrx_word' id='word_1_616' title='bbox 2298 3016 2568 3086; x_wconf 77' lang='grc' dir='ltr'>καθέδρας</span> <span class='ocrx_word' id='word_1_617' title='bbox 2610 3019 2639 3070; x_wconf 90' lang='lat'><strong>6</strong></span> <span class='ocrx_word' id='word_1_618' title='bbox 2682 3018 2944 3083; x_wconf 83' lang='grc' dir='ltr'>τοιοῦτος,</span> <span class='ocrx_word' id='word_1_619' title='bbox 2977 3019 3089 3073; x_wconf 83' lang='grc' dir='ltr'>οὐδ’</span> <span class='ocrx_word' id='word_1_620' title='bbox 3114 3019 3224 3074; x_wconf 80' lang='grc' dir='ltr'><strong>ἀπὸ</strong></span> <span class='ocrx_word' id='word_1_621' title='bbox 3249 3018 3344 3072; x_wconf 84' lang='grc' dir='ltr'><strong>τοῦ</strong></span> <span class='ocrx_word' id='word_1_622' title='bbox 3365 3019 3532 3089; x_wconf 87' lang='grc' dir='ltr'>νόμου</span> <span class='ocrx_word' id='word_1_623' title='bbox 3559 3019 3900 3087; x_wconf 78' lang='grc' dir='ltr'>φθέγγεται.</span> 
     </span>
    </p>
   </div>
   <div class='ocr_carea' id='block_1_86' title="bbox 2311 3106 3904 3182">
    <p class='ocr_par' dir='ltr' id='par_1_86' title="bbox 2311 3106 3904 3182">
     <span class='ocr_line' id='line_1_86' title="bbox 2311 3106 3904 3182; baseline 0.002 -21"><span class='ocrx_word' id='word_1_624' title='bbox 2311 3106 2369 3161; x_wconf 84' lang='grc' dir='ltr'><strong>Ὀ</strong></span> <span class='ocrx_word' id='word_1_625' title='bbox 2386 3108 2441 3161; x_wconf 86' lang='grc' dir='ltr'><strong>δέ</strong></span> <span class='ocrx_word' id='word_1_626' title='bbox 2474 3108 2677 3177; x_wconf 84' lang='grc' dir='ltr'>Κύριος</span> <span class='ocrx_word' id='word_1_627' title='bbox 2717 3109 2979 3180; x_wconf 73' lang='grc' dir='ltr'>περὶτῶν</span> <span class='ocrx_word' id='word_1_628' title='bbox 3006 3111 3065 3164; x_wconf 93' lang='grc' dir='ltr'>ἐν</span> <span class='ocrx_word' id='word_1_629' title='bbox 3100 3112 3166 3180; x_wconf 85' lang='grc' dir='ltr'><strong>τῇ</strong></span> <span class='ocrx_word' id='word_1_630' title='bbox 3200 3110 3444 3171; x_wconf 84' lang='grc' dir='ltr'>Μωσέως</span> <span class='ocrx_word' id='word_1_631' title='bbox 3476 3109 3718 3182; x_wconf 77' lang='grc' dir='ltr'>καθέδρᾳ</span> <span class='ocrx_word' id='word_1_632' title='bbox 3751 3111 3904 3164; x_wconf 83' lang='grc' dir='ltr'>καθ-</span> 
     </span>
    </p>
   </div>
   <div class='ocr_carea' id='block_1_87' title="bbox 2222 3201 3904 3273">
    <p class='ocr_par' dir='ltr' id='par_1_87' title="bbox 2222 3201 3904 3273">
     <span class='ocr_line' id='line_1_87' title="bbox 2222 3201 3904 3273; baseline 0.001 -19"><span class='ocrx_word' id='word_1_633' title='bbox 2222 3209 2265 3267; x_wconf 84' lang='lat' dir='ltr'>c</span> <span class='ocrx_word' id='word_1_634' title='bbox 2298 3201 2520 3271; x_wconf 84' lang='grc' dir='ltr'>ημένων</span> <span class='ocrx_word' id='word_1_635' title='bbox 2551 3201 2720 3270; x_wconf 81' lang='grc' dir='ltr'>λέγει,</span> <span class='ocrx_word' id='word_1_636' title='bbox 2749 3203 3020 3267; x_wconf 80' lang='grc' dir='ltr'>τουτέστι,</span> <span class='ocrx_word' id='word_1_637' title='bbox 3051 3202 3159 3256; x_wconf 91' lang='grc' dir='ltr'>τῶν</span> <span class='ocrx_word' id='word_1_638' title='bbox 3181 3203 3249 3255; x_wconf 66' lang='grc' dir='ltr'>τὰ</span> <span class='ocrx_word' id='word_1_639' title='bbox 3272 3201 3367 3256; x_wconf 84' lang='grc' dir='ltr'><strong>τοῦ</strong></span> <span class='ocrx_word' id='word_1_640' title='bbox 3395 3202 3566 3273; x_wconf 79' lang='grc' dir='ltr'>νόμου</span> <span class='ocrx_word' id='word_1_641' title='bbox 3600 3201 3904 3255; x_wconf 75' lang='grc' dir='ltr'>διδασκόν-</span> 
     </span>
    </p>
   </div>
   <div class='ocr_carea' id='block_1_88' title="bbox 2297 3292 3906 3349">
    <p class='ocr_par' dir='ltr' id='par_1_88' title="bbox 2297 3292 3906 3349">
     <span class='ocr_line' id='line_1_88' title="bbox 2297 3292 3906 3349; baseline 0.001 -3"><span class='ocrx_word' id='word_1_642' title='bbox 2297 3310 2429 3349; x_wconf 89' lang='grc' dir='ltr'>των.</span> <span class='ocrx_word' id='word_1_643' title='bbox 2472 3295 2565 3347; x_wconf 81' lang='grc' dir='ltr'><strong>Δεῖ</strong></span> <span class='ocrx_word' id='word_1_644' title='bbox 2611 3292 2706 3347; x_wconf 79' lang='grc' dir='ltr'><strong>οὖν</strong></span> <span class='ocrx_word' id='word_1_645' title='bbox 2762 3292 2874 3348; x_wconf 89' lang='grc' dir='ltr'><strong>τῶν</strong></span> <span class='ocrx_word' id='word_1_646' title='bbox 2922 3293 3284 3348; x_wconf 79' lang='grc' dir='ltr'>διδασκόντων</span> <span class='ocrx_word' id='word_1_647' title='bbox 3333 3311 3386 3347; x_wconf 94' lang='grc' dir='ltr'>τι</span> <span class='ocrx_word' id='word_1_648' title='bbox 3439 3294 3548 3348; x_wconf 78' lang='grc' dir='ltr'><strong>ἀπὸ</strong></span> <span class='ocrx_word' id='word_1_649' title='bbox 3590 3294 3686 3348; x_wconf 81' lang='grc' dir='ltr'>τοῦ</span> <span class='ocrx_word' id='word_1_650' title='bbox 3739 3293 3906 3348; x_wconf 87' lang='grc' dir='ltr'>θείου</span> 
     </span>
    </p>
   </div>
   <div class='ocr_carea' id='block_1_89' title="bbox 2299 3385 3454 3457">
    <p class='ocr_par' dir='ltr' id='par_1_89' title="bbox 2299 3385 3454 3457">
     <span class='ocr_line' id='line_1_89' title="bbox 2299 3385 3454 3457; baseline 0.002 -19"><span class='ocrx_word' id='word_1_651' title='bbox 2299 3385 2468 3455; x_wconf 90' lang='grc' dir='ltr'>νόμου</span> <span class='ocrx_word' id='word_1_652' title='bbox 2499 3386 2744 3450; x_wconf 83' lang='grc' dir='ltr'>ἀκούειν,</span> <span class='ocrx_word' id='word_1_653' title='bbox 2788 3385 2893 3439; x_wconf 75' lang='grc' dir='ltr'><strong>κᾶν</strong></span> <span class='ocrx_word' id='word_1_654' title='bbox 2917 3386 3072 3439; x_wconf 73' lang='grc' dir='ltr'>αὐτοὶ</span> <span class='ocrx_word' id='word_1_655' title='bbox 3103 3386 3178 3457; x_wconf 85' lang='grc' dir='ltr'><strong>μὴ</strong></span> <span class='ocrx_word' id='word_1_656' title='bbox 3203 3385 3454 3440; x_wconf 84' lang='grc' dir='ltr'>ποιῶσιν.</span> 
     </span>
    </p>
   </div>
   <div class='ocr_carea' id='block_1_90' title="bbox 2376 3477 3906 3550">
    <p class='ocr_par' dir='ltr' id='par_1_90' title="bbox 2376 3477 3906 3550">
     <span class='ocr_line' id='line_1_90' title="bbox 2376 3477 3906 3550; baseline 0.004 -21"><span class='ocrx_word' id='word_1_657' title='bbox 2376 3496 2394 3529; x_wconf 78' lang='grc' dir='ltr'><strong>ι</strong></span> <span class='ocrx_word' id='word_1_658' title='bbox 2433 3477 2769 3546; x_wconf 86' lang='grc' dir='ltr'>Δεσμεύουσι</span> <span class='ocrx_word' id='word_1_659' title='bbox 2793 3477 2904 3548; x_wconf 83' lang='grc' dir='ltr'><strong>γὰρ</strong></span> <span class='ocrx_word' id='word_1_660' title='bbox 2934 3479 3135 3548; x_wconf 79' lang='grc' dir='ltr'>φορτία</span> <span class='ocrx_word' id='word_1_661' title='bbox 3167 3478 3339 3550; x_wconf 79' lang='grc' dir='ltr'>βαρέα</span> <span class='ocrx_word' id='word_1_662' title='bbox 3363 3479 3458 3533; x_wconf 78' lang='grc' dir='ltr'>καὶ</span> <span class='ocrx_word' id='word_1_663' title='bbox 3472 3479 3906 3547; x_wconf 82' lang='grc' dir='ltr'>δυσδόιστακτα,</span> 
     </span>
    </p>
   </div>
   <div class='ocr_carea' id='block_1_91' title="bbox 2299 3571 3908 3647">
    <p class='ocr_par' dir='ltr' id='par_1_91' title="bbox 2299 3571 3908 3647">
     <span class='ocr_line' id='line_1_91' title="bbox 2299 3571 3908 3647; baseline 0.004 -23"><span class='ocrx_word' id='word_1_664' title='bbox 2299 3572 2393 3634; x_wconf 76' lang='grc' dir='ltr'>καὶ</span> <span class='ocrx_word' id='word_1_665' title='bbox 2426 3571 2768 3626; x_wconf 74' lang='grc' dir='ltr'>ἐπιτιθέασιν</span> <span class='ocrx_word' id='word_1_666' title='bbox 2796 3572 2889 3624; x_wconf 66' lang='grc' dir='ltr'><strong>ἐστι’)⁵</strong></span> <span class='ocrx_word' id='word_1_667' title='bbox 2927 3574 3051 3636; x_wconf 74' lang='grc' dir='ltr'><strong>τοὺς</strong></span> <span class='ocrx_word' id='word_1_668' title='bbox 3099 3572 3281 3643; x_wconf 78' lang='grc' dir='ltr'><strong>ὤμους</strong></span> <span class='ocrx_word' id='word_1_669' title='bbox 3313 3573 3422 3626; x_wconf 91' lang='grc' dir='ltr'><strong>τῶν</strong></span> <span class='ocrx_word' id='word_1_670' title='bbox 3449 3574 3782 3646; x_wconf 83' lang='grc' dir='ltr'>ἀνθρώπων,</span> <span class='ocrx_word' id='word_1_671' title='bbox 3813 3579 3908 3647; x_wconf 82' lang='grc' dir='ltr'>τῷ</span> 
     </span>
    </p>
   </div>
   <div class='ocr_carea' id='block_1_92' title="bbox 2298 3660 3908 3742">
    <p class='ocr_par' dir='ltr' id='par_1_92' title="bbox 2298 3660 3908 3742">
     <span class='ocr_line' id='line_1_92' title="bbox 2298 3660 3908 3742; baseline 0.006 -29"><span class='ocrx_word' id='word_1_672' title='bbox 2298 3660 2356 3714; x_wconf 81' lang='grc' dir='ltr'><strong>δέ</strong></span> <span class='ocrx_word' id='word_1_673' title='bbox 2398 3662 2644 3731; x_wconf 80' lang='grc' dir='ltr'>δακτύλῳ</span> <span class='ocrx_word' id='word_1_674' title='bbox 2674 3662 2856 3742; x_wconf 26' lang='grc' dir='ltr'>αὒτιῶν</span> <span class='ocrx_word' id='word_1_675' title='bbox 2883 3664 2941 3716; x_wconf 75' lang='grc' dir='ltr'><strong>οὗ</strong></span> <span class='ocrx_word' id='word_1_676' title='bbox 2975 3663 3188 3718; x_wconf 85' lang='grc' dir='ltr'>θέλουσι</span> <span class='ocrx_word' id='word_1_677' title='bbox 3232 3665 3456 3734; x_wconf 83' lang='grc' dir='ltr'>κινῆσαι</span> <span class='ocrx_word' id='word_1_678' title='bbox 3479 3668 3654 3721; x_wconf 75' lang='grc' dir='ltr'>αὑτά·</span> <span class='ocrx_word' id='word_1_679' title='bbox 3704 3670 3908 3723; x_wconf 81' lang='grc' dir='ltr'>πάντα.</span> 
     </span>
    </p>
   </div>
   <div class='ocr_carea' id='block_1_93' title="bbox 2298 3753 3910 3829">
    <p class='ocr_par' dir='ltr' id='par_1_93' title="bbox 2298 3753 3910 3829">
     <span class='ocr_line' id='line_1_93' title="bbox 2298 3753 3910 3829; baseline 0.006 -22"><span class='ocrx_word' id='word_1_680' title='bbox 2298 3753 2356 3808; x_wconf 76' lang='grc' dir='ltr'>δὲ</span> <span class='ocrx_word' id='word_1_681' title='bbox 2391 3754 2459 3807; x_wconf 84' lang='grc' dir='ltr'>τὰ</span> <span class='ocrx_word' id='word_1_682' title='bbox 2510 3755 2646 3823; x_wconf 76' lang='grc' dir='ltr'>ἔργα</span> <span class='ocrx_word' id='word_1_683' title='bbox 2683 3755 2864 3808; x_wconf 85' lang='grc' dir='ltr'>αὐτῶν</span> <span class='ocrx_word' id='word_1_684' title='bbox 2899 3756 3114 3810; x_wconf 79' lang='grc' dir='ltr'>ποιοῦσι</span> <span class='ocrx_word' id='word_1_685' title='bbox 3152 3756 3289 3827; x_wconf 83' lang='grc' dir='ltr'>πρὸς</span> <span class='ocrx_word' id='word_1_686' title='bbox 3332 3760 3394 3813; x_wconf 79' lang='grc' dir='ltr'><strong>τὸ</strong></span> <span class='ocrx_word' id='word_1_687' title='bbox 3452 3759 3716 3829; x_wconf 83' lang='grc' dir='ltr'>θεαθῆναι</span> <span class='ocrx_word' id='word_1_688' title='bbox 3776 3766 3910 3827; x_wconf 83' lang='grc' dir='ltr'>τοῖς</span> 
     </span>
    </p>
   </div>
   <div class='ocr_carea' id='block_1_94' title="bbox 2297 3843 3906 3919">
    <p class='ocr_par' dir='ltr' id='par_1_94' title="bbox 2297 3843 3906 3919">
     <span class='ocr_line' id='line_1_94' title="bbox 2297 3843 3906 3919; baseline 0.005 -22"><span class='ocrx_word' id='word_1_689' title='bbox 2297 3843 2642 3914; x_wconf 81' lang='grc' dir='ltr'>ἀνθρώποις·</span> <span class='ocrx_word' id='word_1_690' title='bbox 2680 3844 3015 3899; x_wconf 82' lang='grc' dir='ltr'>πλατύνουσι</span> <span class='ocrx_word' id='word_1_691' title='bbox 3043 3847 3100 3900; x_wconf 88' lang='grc' dir='ltr'><strong>δέ</strong></span> <span class='ocrx_word' id='word_1_692' title='bbox 3145 3849 3215 3901; x_wconf 79' lang='grc' dir='ltr'>τὰ</span> <span class='ocrx_word' id='word_1_693' title='bbox 3266 3850 3618 3919; x_wconf 83' lang='grc' dir='ltr'>φυλακτήρια</span> <span class='ocrx_word' id='word_1_694' title='bbox 3679 3851 3906 3917; x_wconf 82' lang='grc' dir='ltr'>αὐτῶν,</span> 
     </span>
    </p>
   </div>
   <div class='ocr_carea' id='block_1_95' title="bbox 2299 3933 3902 4009">
    <p class='ocr_par' dir='ltr' id='par_1_95' title="bbox 2299 3933 3902 4009">
     <span class='ocr_line' id='line_1_95' title="bbox 2299 3933 3902 4009; baseline 0.006 -22"><span class='ocrx_word' id='word_1_695' title='bbox 2299 3933 2395 3987; x_wconf 76' lang='grc' dir='ltr'>καὶ</span> <span class='ocrx_word' id='word_1_696' title='bbox 2427 3934 2791 4004; x_wconf 84' lang='grc' dir='ltr'>μεγαλύνουσι</span> <span class='ocrx_word' id='word_1_697' title='bbox 2813 3935 2883 3989; x_wconf 84' lang='grc' dir='ltr'>τὰ</span> <span class='ocrx_word' id='word_1_698' title='bbox 2905 3937 3189 4008; x_wconf 85' lang='grc' dir='ltr'>κράσπεδα</span> <span class='ocrx_word' id='word_1_699' title='bbox 3217 3938 3327 3992; x_wconf 89' lang='grc' dir='ltr'>τῶν</span> <span class='ocrx_word' id='word_1_700' title='bbox 3358 3941 3591 4009; x_wconf 77' lang='grc' dir='ltr'>ἱματίων</span> <span class='ocrx_word' id='word_1_701' title='bbox 3624 3941 3836 3996; x_wconf 83' lang='grc' dir='ltr'>αὐτῶν.</span> <span class='ocrx_word' id='word_1_702' title='bbox 3879 3965 3902 3996; x_wconf 69' lang='grc' dir='ltr'>ι</span> 
     </span>
    </p>
   </div>
   <div class='ocr_carea' id='block_1_96' title="bbox 2297 4026 3911 4102">
    <p class='ocr_par' dir='ltr' id='par_1_96' title="bbox 2297 4026 3911 4102">
     <span class='ocr_line' id='line_1_96' title="bbox 2297 4026 3911 4102; baseline 0.006 -23"><span class='ocrx_word' id='word_1_703' title='bbox 2297 4027 2500 4097; x_wconf 76' lang='grc' dir='ltr'>Φορτία</span> <span class='ocrx_word' id='word_1_704' title='bbox 2529 4026 2700 4098; x_wconf 84' lang='grc' dir='ltr'>βαρέα</span> <span class='ocrx_word' id='word_1_705' title='bbox 2725 4027 3042 4081; x_wconf 74' lang='grc' dir='ltr'>ἐπετίθεσαν</span> <span class='ocrx_word' id='word_1_706' title='bbox 3065 4031 3118 4081; x_wconf 85' lang='lat' dir='ltr'><strong>ot</strong></span> <span class='ocrx_word' id='word_1_707' title='bbox 3143 4031 3452 4101; x_wconf 77' lang='grc' dir='ltr'>Φαρισαῖοι,</span> <span class='ocrx_word' id='word_1_708' title='bbox 3483 4034 3911 4102; x_wconf 61' lang='grc' dir='ltr'>ἀναγκάζοντες</span> 
     </span>
    </p>
   </div>
   <div class='ocr_carea' id='block_1_97' title="bbox 2300 4117 3908 4196">
    <p class='ocr_par' dir='ltr' id='par_1_97' title="bbox 2300 4117 3908 4196">
     <span class='ocr_line' id='line_1_97' title="bbox 2300 4117 3908 4196; baseline 0.006 -24"><span class='ocrx_word' id='word_1_709' title='bbox 2300 4119 2426 4179; x_wconf 82' lang='grc' dir='ltr'>τοὺς</span> <span class='ocrx_word' id='word_1_710' title='bbox 2457 4117 2781 4188; x_wconf 76' lang='grc' dir='ltr'>ἀνθρώπους</span> <span class='ocrx_word' id='word_1_711' title='bbox 2809 4118 2907 4183; x_wconf 81' lang='grc' dir='ltr'><strong>τὰς</strong></span> <span class='ocrx_word' id='word_1_712' title='bbox 2936 4121 3156 4184; x_wconf 83' lang='grc' dir='ltr'>ἐντολὰς</span> <span class='ocrx_word' id='word_1_713' title='bbox 3192 4121 3288 4175; x_wconf 79' lang='grc' dir='ltr'><strong>τοῦ</strong></span> <span class='ocrx_word' id='word_1_714' title='bbox 3347 4125 3516 4195; x_wconf 78' lang='grc' dir='ltr'>νόμου</span> <span class='ocrx_word' id='word_1_715' title='bbox 3546 4126 3908 4196; x_wconf 73' lang='grc' dir='ltr'>ἐκπληροῦν,</span> 
     </span>
    </p>
   </div>
   <div class='ocr_carea' id='block_1_98' title="bbox 2299 4209 3913 4286">
    <p class='ocr_par' dir='ltr' id='par_1_98' title="bbox 2299 4209 3913 4286">
     <span class='ocr_line' id='line_1_98' title="bbox 2299 4209 3913 4286; baseline 0.006 -24"><span class='ocrx_word' id='word_1_716' title='bbox 2299 4210 2505 4273; x_wconf 76' lang='grc' dir='ltr'>λεπτὰς</span> <span class='ocrx_word' id='word_1_717' title='bbox 2537 4209 2702 4274; x_wconf 76' lang='grc' dir='ltr'>οὔσας</span> <span class='ocrx_word' id='word_1_718' title='bbox 2736 4211 2828 4264; x_wconf 79' lang='grc' dir='ltr'>καὶ</span> <span class='ocrx_word' id='word_1_719' title='bbox 2871 4212 3280 4281; x_wconf 80' lang='grc' dir='ltr'>δυσφυλάκτους</span> <span class='ocrx_word' id='word_1_720' title='bbox 3305 4231 3318 4245; x_wconf 90' lang='grc'><strong>·</strong></span> <span class='ocrx_word' id='word_1_721' title='bbox 3375 4215 3407 4286; x_wconf 80' lang='grc' dir='ltr'>ἢ</span> <span class='ocrx_word' id='word_1_722' title='bbox 3446 4217 3541 4269; x_wconf 81' lang='grc' dir='ltr'><strong>καὶ</strong></span> <span class='ocrx_word' id='word_1_723' title='bbox 3575 4218 3749 4271; x_wconf 85' lang='grc' dir='ltr'>πλείω</span> <span class='ocrx_word' id='word_1_724' title='bbox 3785 4220 3913 4272; x_wconf 77' lang='grc' dir='ltr'>τῶν</span> 
     </span>
    </p>
   </div>
   <div class='ocr_carea' id='block_1_99' title="bbox 2301 4301 3915 4379">
    <p class='ocr_par' dir='ltr' id='par_1_99' title="bbox 2301 4301 3915 4379">
     <span class='ocr_line' id='line_1_99' title="bbox 2301 4301 3915 4379; baseline 0.006 -24"><span class='ocrx_word' id='word_1_725' title='bbox 2301 4302 2528 4355; x_wconf 87' lang='grc' dir='ltr'>ἐντολῶν</span> <span class='ocrx_word' id='word_1_726' title='bbox 2556 4301 2650 4355; x_wconf 81' lang='grc' dir='ltr'><strong>τοῦ</strong></span> <span class='ocrx_word' id='word_1_727' title='bbox 2678 4304 2844 4373; x_wconf 88' lang='grc' dir='ltr'>νόμου</span> <span class='ocrx_word' id='word_1_728' title='bbox 2879 4303 3167 4375; x_wconf 80' lang='grc' dir='ltr'>ἐδάρυνον,</span> <span class='ocrx_word' id='word_1_729' title='bbox 3204 4308 3534 4379; x_wconf 84' lang='grc' dir='ltr'>παραδόσεις</span> <span class='ocrx_word' id='word_1_730' title='bbox 3579 4310 3736 4372; x_wconf 82' lang='grc' dir='ltr'>τινὰς</span> <span class='ocrx_word' id='word_1_731' title='bbox 3785 4329 3915 4365; x_wconf 77' lang='grc' dir='ltr'>πα-</span> 
     </span>
    </p>
   </div>
   <div class='ocr_carea' id='block_1_100' title="bbox 2302 4395 3914 4475">
    <p class='ocr_par' dir='ltr' id='par_1_100' title="bbox 2302 4395 3914 4475">
     <span class='ocr_line' id='line_1_100' title="bbox 2302 4395 3914 4475; baseline 0.005 -28"><span class='ocrx_word' id='word_1_732' title='bbox 2302 4395 2607 4465; x_wconf 88' lang='grc' dir='ltr'>ραδιδόντες</span> <span class='ocrx_word' id='word_1_733' title='bbox 2637 4395 2894 4448; x_wconf 73' lang='grc' dir='ltr'>ἐπέκεινα</span> <span class='ocrx_word' id='word_1_734' title='bbox 2921 4395 3016 4450; x_wconf 85' lang='grc' dir='ltr'><strong>τοῦ</strong></span> <span class='ocrx_word' id='word_1_735' title='bbox 3038 4398 3228 4467; x_wconf 73' lang='grc' dir='ltr'>νόμου,</span> <span class='ocrx_word' id='word_1_736' title='bbox 3264 4397 3418 4452; x_wconf 79' lang='grc' dir='ltr'>αὐτοὶ</span> <span class='ocrx_word' id='word_1_737' title='bbox 3445 4399 3500 4452; x_wconf 77' lang='grc' dir='ltr'>δὲ</span> <span class='ocrx_word' id='word_1_738' title='bbox 3535 4399 3610 4469; x_wconf 83' lang='grc' dir='ltr'>τῷ</span> <span class='ocrx_word' id='word_1_739' title='bbox 3635 4401 3914 4475; x_wconf 80' lang='grc' dir='ltr'>δακτύλῳ</span> 
     </span>
    </p>
   </div>
   <div class='ocr_carea' id='block_1_101' title="bbox 2300 4487 3914 4565">
    <p class='ocr_par' dir='ltr' id='par_1_101' title="bbox 2300 4487 3914 4565">
     <span class='ocr_line' id='line_1_101' title="bbox 2300 4487 3914 4565; baseline 0.005 -25"><span class='ocrx_word' id='word_1_740' title='bbox 2300 4489 2478 4542; x_wconf 82' lang='grc' dir='ltr'>αὐτῶν</span> <span class='ocrx_word' id='word_1_741' title='bbox 2529 4488 2602 4558; x_wconf 82' lang='grc' dir='ltr'><strong>μὴ</strong></span> <span class='ocrx_word' id='word_1_742' title='bbox 2640 4487 2942 4552; x_wconf 84' lang='grc' dir='ltr'>κινοῦντες,</span> <span class='ocrx_word' id='word_1_743' title='bbox 2994 4491 3266 4557; x_wconf 84' lang='grc' dir='ltr'>τουτέστι,</span> <span class='ocrx_word' id='word_1_744' title='bbox 3323 4491 3488 4562; x_wconf 77' lang='grc' dir='ltr'>μηδὲν</span> <span class='ocrx_word' id='word_1_745' title='bbox 3524 4493 3683 4546; x_wconf 71' lang='grc' dir='ltr'>αὐτοὶ</span> <span class='ocrx_word' id='word_1_746' title='bbox 3737 4497 3914 4565; x_wconf 80' lang='grc' dir='ltr'>ἐνερ-</span> 
     </span>
    </p>
   </div>
   <div class='ocr_carea' id='block_1_102' title="bbox 2303 4577 3914 4650">
    <p class='ocr_par' dir='ltr' id='par_1_102' title="bbox 2303 4577 3914 4650">
     <span class='ocr_line' id='line_1_102' title="bbox 2303 4577 3914 4650; baseline 0.006 -19"><span class='ocrx_word' id='word_1_747' title='bbox 2303 4579 2548 4647; x_wconf 81' lang='grc' dir='ltr'><strong>γοῦντες,</strong></span> <span class='ocrx_word' id='word_1_748' title='bbox 2587 4577 2743 4647; x_wconf 74' lang='grc' dir='ltr'>’μηδέ</span> <span class='ocrx_word' id='word_1_749' title='bbox 2777 4578 3078 4649; x_wconf 83' lang='grc' dir='ltr'>πλησιάσαι</span> <span class='ocrx_word' id='word_1_750' title='bbox 3107 4583 3419 4650; x_wconf 82' lang='grc' dir='ltr'><strong>τολμῶντες</strong></span> <span class='ocrx_word' id='word_1_751' title='bbox 3458 4585 3570 4645; x_wconf 83' lang='grc' dir='ltr'>τοῖς</span> <span class='ocrx_word' id='word_1_752' title='bbox 3621 4585 3914 4650; x_wconf 79' lang='grc' dir='ltr'>τοιούτοις</span> 
     </span>
    </p>
   </div>
   <div class='ocr_carea' id='block_1_103' title="bbox 2303 4670 3910 4744">
    <p class='ocr_par' dir='ltr' id='par_1_103' title="bbox 2303 4670 3910 4744">
     <span class='ocr_line' id='line_1_103' title="bbox 2303 4670 3910 4744; baseline 0.004 -21"><span class='ocrx_word' id='word_1_753' title='bbox 2303 4670 2565 4741; x_wconf 83' lang='grc' dir='ltr'>φορτίοις.</span> <span class='ocrx_word' id='word_1_754' title='bbox 2610 4671 2784 4722; x_wconf 84' lang='grc' dir='ltr'>Ὂταν</span> <span class='ocrx_word' id='word_1_755' title='bbox 2806 4670 2914 4740; x_wconf 79' lang='grc' dir='ltr'>γὰρ</span> <span class='ocrx_word' id='word_1_756' title='bbox 2961 4673 2990 4724; x_wconf 88' lang='lat'><strong>6</strong></span> <span class='ocrx_word' id='word_1_757' title='bbox 3027 4671 3296 4727; x_wconf 81' lang='grc' dir='ltr'>διδάσκων</span> <span class='ocrx_word' id='word_1_758' title='bbox 3332 4675 3391 4726; x_wconf 85' lang='grc' dir='ltr'><strong>οὺ</strong></span> <span class='ocrx_word' id='word_1_759' title='bbox 3422 4674 3581 4743; x_wconf 77' lang='grc' dir='ltr'>μόνον</span> <span class='ocrx_word' id='word_1_760' title='bbox 3617 4676 3910 4744; x_wconf 80' lang='grc' dir='ltr'>διδάσκει,</span> 
     </span>
    </p>
   </div>
   <div class='ocr_carea' id='block_1_104' title="bbox 2303 4761 3914 4841">
    <p class='ocr_par' dir='ltr' id='par_1_104' title="bbox 2303 4761 3914 4841">
     <span class='ocr_line' id='line_1_104' title="bbox 2303 4761 3914 4841; baseline 0.005 -26"><span class='ocrx_word' id='word_1_761' title='bbox 2303 4762 2437 4816; x_wconf 75' lang='grc' dir='ltr'>ἀλλὰ</span> <span class='ocrx_word' id='word_1_762' title='bbox 2468 4761 2565 4815; x_wconf 75' lang='grc' dir='ltr'>καὶ</span> <span class='ocrx_word' id='word_1_763' title='bbox 2626 4764 2879 4832; x_wconf 78' lang='grc' dir='ltr'>πράττει,</span> <span class='ocrx_word' id='word_1_764' title='bbox 2917 4763 3067 4816; x_wconf 87' lang='grc' dir='ltr'>δοκεῖ</span> <span class='ocrx_word' id='word_1_765' title='bbox 3099 4763 3506 4835; x_wconf 77' lang='grc' dir='ltr'>συμδαστάξειν</span> <span class='ocrx_word' id='word_1_766' title='bbox 3548 4767 3642 4819; x_wconf 72' lang='grc' dir='ltr'>καὶ</span> <span class='ocrx_word' id='word_1_767' title='bbox 3693 4785 3914 4841; x_wconf 86' lang='grc' dir='ltr'>συνερ-</span> 
     </span>
    </p>
   </div>
   <div class='ocr_carea' id='block_1_105' title="bbox 2301 4845 3914 4935">
    <p class='ocr_par' dir='ltr' id='par_1_105' title="bbox 2301 4845 3914 4935">
     <span class='ocr_line' id='line_1_105' title="bbox 2301 4845 3914 4935; baseline 0.007 -29"><span class='ocrx_word' id='word_1_768' title='bbox 2301 4859 2419 4923; x_wconf 83' lang='grc' dir='ltr'><strong>γεῖν</strong></span> <span class='ocrx_word' id='word_1_769' title='bbox 2471 4856 2586 4917; x_wconf 82' lang='grc' dir='ltr'>τοῖς</span> <span class='ocrx_word' id='word_1_770' title='bbox 2614 4854 3026 4925; x_wconf 83' lang='grc' dir='ltr'>διδασκομένοις</span> <span class='ocrx_word' id='word_1_771' title='bbox 3051 4873 3064 4887; x_wconf 85' lang='grc'><strong>·</strong></span> <span class='ocrx_word' id='word_1_772' title='bbox 3104 4858 3231 4911; x_wconf 79' lang='grc' dir='ltr'>ὅταν</span> <span class='ocrx_word' id='word_1_773' title='bbox 3285 4857 3348 4911; x_wconf 51' lang='grc' dir='ltr'><strong>δὲ’</strong></span> <span class='ocrx_word' id='word_1_774' title='bbox 3374 4845 3472 4929; x_wconf 83' lang='grc' dir='ltr'>ἐμὲ</span> <span class='ocrx_word' id='word_1_775' title='bbox 3508 4859 3611 4929; x_wconf 87' lang='grc' dir='ltr'><strong>μέν</strong></span> <span class='ocrx_word' id='word_1_776' title='bbox 3655 4863 3914 4935; x_wconf 84' lang='grc' dir='ltr'>ἐπιφορ-</span> 
     </span>
    </p>
   </div>
   <div class='ocr_carea' id='block_1_106' title="bbox 2303 4945 3905 5024">
    <p class='ocr_par' dir='ltr' id='par_1_106' title="bbox 2303 4945 3905 5024">
     <span class='ocr_line' id='line_1_106' title="bbox 2303 4945 3905 5024; baseline 0.007 -25"><span class='ocrx_word' id='word_1_777' title='bbox 2303 4948 2444 5019; x_wconf 74' lang='grc' dir='ltr'>τίζῃ,</span> <span class='ocrx_word' id='word_1_778' title='bbox 2494 4947 2652 5010; x_wconf 80' lang='grc' dir='ltr'>αὐτὸς</span> <span class='ocrx_word' id='word_1_779' title='bbox 2683 4949 2737 5000; x_wconf 85' lang='grc' dir='ltr'><strong>δέ</strong></span> <span class='ocrx_word' id='word_1_780' title='bbox 2771 4949 2936 5018; x_wconf 80' lang='grc' dir='ltr'>μηδὲν</span> <span class='ocrx_word' id='word_1_781' title='bbox 2977 4945 3214 5022; x_wconf 73' lang='grc' dir='ltr'>πράττῃ,</span> <span class='ocrx_word' id='word_1_782' title='bbox 3260 4950 3480 5024; x_wconf 85' lang='grc' dir='ltr'>βαρύνει</span> <span class='ocrx_word' id='word_1_783' title='bbox 3519 4953 3722 5016; x_wconf 81' lang='grc' dir='ltr'>μᾶλλον</span> <span class='ocrx_word' id='word_1_784' title='bbox 3763 4958 3905 5016; x_wconf 77' lang='grc' dir='ltr'>ἐμέ·</span> 
     </span>
    </p>
   </div>
   <div class='ocr_carea' id='block_1_107' title="bbox 2300 5035 3910 5112">
    <p class='ocr_par' dir='ltr' id='par_1_107' title="bbox 2300 5035 3910 5112">
     <span class='ocr_line' id='line_1_107' title="bbox 2300 5035 3910 5112; baseline 0.006 -19"><span class='ocrx_word' id='word_1_785' title='bbox 2300 5041 2560 5094; x_wconf 86' lang='grc' dir='ltr'>δεικνύων</span> <span class='ocrx_word' id='word_1_786' title='bbox 2593 5041 2652 5106; x_wconf 80' lang='grc' dir='ltr'>ἐξ</span> <span class='ocrx_word' id='word_1_787' title='bbox 2681 5036 2754 5095; x_wconf 83' lang='grc' dir='ltr'>ὧν</span> <span class='ocrx_word' id='word_1_788' title='bbox 2781 5042 2946 5105; x_wconf 79' lang='grc' dir='ltr'>αὐτὸς</span> <span class='ocrx_word' id='word_1_789' title='bbox 2977 5043 3280 5112; x_wconf 83' lang='grc' dir='ltr'>ἀμελεῖ,ὼς</span> <span class='ocrx_word' id='word_1_790' title='bbox 3311 5044 3573 5099; x_wconf 79' lang='grc' dir='ltr'>ἀδύνατόν</span> <span class='ocrx_word' id='word_1_791' title='bbox 3603 5035 3722 5099; x_wconf 75' lang='grc' dir='ltr'>ἐστί</span> <span class='ocrx_word' id='word_1_792' title='bbox 3746 5067 3910 5102; x_wconf 85' lang='grc' dir='ltr'>κατ-</span> 
     </span>
    </p>
   </div>
   <div class='ocr_carea' id='block_1_108' title="bbox 2298 5131 3912 5207">
    <p class='ocr_par' dir='ltr' id='par_1_108' title="bbox 2298 5131 3912 5207">
     <span class='ocr_line' id='line_1_108' title="bbox 2298 5131 3912 5207; baseline 0.004 -23"><span class='ocrx_word' id='word_1_793' title='bbox 2298 5133 2600 5203; x_wconf 80' lang='grc' dir='ltr'>ορθωθῆναι</span> <span class='ocrx_word' id='word_1_794' title='bbox 2656 5131 2690 5185; x_wconf 81' lang='grc' dir='ltr'>ἂ</span> <span class='ocrx_word' id='word_1_795' title='bbox 2746 5132 2916 5198; x_wconf 89' lang='grc' dir='ltr'>λέγει.</span> <span class='ocrx_word' id='word_1_796' title='bbox 2965 5132 3222 5200; x_wconf 84' lang='grc' dir='ltr'>Ἐγκαλεῖ</span> <span class='ocrx_word' id='word_1_797' title='bbox 3269 5135 3451 5187; x_wconf 88' lang='grc' dir='ltr'>τοίνυν</span> <span class='ocrx_word' id='word_1_798' title='bbox 3479 5137 3505 5188; x_wconf 88' lang='grc' dir='ltr'><strong>ό</strong></span> <span class='ocrx_word' id='word_1_799' title='bbox 3537 5137 3746 5207; x_wconf 81' lang='grc' dir='ltr'>Κύριος</span> <span class='ocrx_word' id='word_1_800' title='bbox 3784 5146 3912 5199; x_wconf 75' lang='grc' dir='ltr'>τοῖς</span> 
     </span>
    </p>
   </div>
   <div class='ocr_carea' id='block_1_109' title="bbox 2303 5224 3912 5305">
    <p class='ocr_par' dir='ltr' id='par_1_109' title="bbox 2303 5224 3912 5305">
     <span class='ocr_line' id='line_1_109' title="bbox 2303 5224 3912 5305; baseline 0.006 -29"><span class='ocrx_word' id='word_1_801' title='bbox 2303 5224 2643 5293; x_wconf 79' lang='grc' dir='ltr'>Φαρισαίοις,</span> <span class='ocrx_word' id='word_1_802' title='bbox 2693 5225 2768 5288; x_wconf 84' lang='grc' dir='ltr'><strong>ὠς</strong></span> <span class='ocrx_word' id='word_1_803' title='bbox 2804 5227 2879 5296; x_wconf 80' lang='grc' dir='ltr'><strong>μὴ</strong></span> <span class='ocrx_word' id='word_1_804' title='bbox 2928 5225 3144 5278; x_wconf 84' lang='grc' dir='ltr'>θέλουσι</span> <span class='ocrx_word' id='word_1_805' title='bbox 3176 5227 3586 5296; x_wconf 73' lang='grc' dir='ltr'>συμσαστάζειν</span> <span class='ocrx_word' id='word_1_806' title='bbox 3640 5233 3708 5284; x_wconf 82' lang='grc' dir='ltr'><strong>τὰ</strong></span> <span class='ocrx_word' id='word_1_807' title='bbox 3751 5232 3912 5305; x_wconf 77' lang='grc' dir='ltr'><strong>βάρη</strong></span> 
     </span>
    </p>
   </div>
   <div class='ocr_carea' id='block_1_110' title="bbox 2298 5315 3912 5390">
    <p class='ocr_par' dir='ltr' id='par_1_110' title="bbox 2298 5315 3912 5390">
     <span class='ocr_line' id='line_1_110' title="bbox 2298 5315 3912 5390; baseline 0.004 -22"><span class='ocrx_word' id='word_1_808' title='bbox 2298 5315 2406 5368; x_wconf 89' lang='grc' dir='ltr'><strong>τῶν</strong></span> <span class='ocrx_word' id='word_1_809' title='bbox 2454 5316 2682 5368; x_wconf 79' lang='grc' dir='ltr'>ἐντολῶν</span> <span class='ocrx_word' id='word_1_810' title='bbox 2735 5319 2828 5368; x_wconf 73' lang='grc' dir='ltr'>καὶ</span> <span class='ocrx_word' id='word_1_811' title='bbox 2891 5318 3284 5387; x_wconf 77' lang='grc' dir='ltr'>συμπράττειν.</span> <span class='ocrx_word' id='word_1_812' title='bbox 3348 5322 3421 5373; x_wconf 80' lang='grc' dir='ltr'><strong>Οὐ</strong></span> <span class='ocrx_word' id='word_1_813' title='bbox 3481 5324 3642 5390; x_wconf 65' lang='grc' dir='ltr'>μόνον</span> <span class='ocrx_word' id='word_1_814' title='bbox 3714 5326 3773 5377; x_wconf 76' lang='grc' dir='ltr'>δὲ</span> <span class='ocrx_word' id='word_1_815' title='bbox 3843 5331 3912 5379; x_wconf 62' lang='grc' dir='ltr'>ο)</span> 
     </span>
    </p>
   </div>
   <div class='ocr_carea' id='block_1_111' title="bbox 2303 5407 3917 5481">
    <p class='ocr_par' dir='ltr' id='par_1_111' title="bbox 2303 5407 3917 5481">
     <span class='ocr_line' id='line_1_111' title="bbox 2303 5407 3917 5481; baseline 0.006 -20"><span class='ocrx_word' id='word_1_816' title='bbox 2303 5409 2517 5462; x_wconf 76' lang='grc' dir='ltr'>ποιοῦσί</span> <span class='ocrx_word' id='word_1_817' title='bbox 2557 5427 2610 5460; x_wconf 83' lang='grc' dir='ltr'><strong>τι</strong></span> <span class='ocrx_word' id='word_1_818' title='bbox 2637 5407 2862 5476; x_wconf 74' lang='grc' dir='ltr'>ἀγαθὸν,</span> <span class='ocrx_word' id='word_1_819' title='bbox 2898 5410 3032 5463; x_wconf 79' lang='grc' dir='ltr'>ἀλλὰ</span> <span class='ocrx_word' id='word_1_820' title='bbox 3061 5413 3154 5464; x_wconf 72' lang='grc' dir='ltr'><strong>καὶ</strong></span> <span class='ocrx_word' id='word_1_821' title='bbox 3190 5414 3621 5481; x_wconf 72' lang='grc' dir='ltr'>σχηματίζονται</span> <span class='ocrx_word' id='word_1_822' title='bbox 3665 5417 3746 5480; x_wconf 81' lang='grc' dir='ltr'><strong>ὠς</strong></span> <span class='ocrx_word' id='word_1_823' title='bbox 3778 5438 3917 5471; x_wconf 77' lang='grc' dir='ltr'>ποι-</span> 
     </span>
    </p>
   </div>
   <div class='ocr_carea' id='block_1_112' title="bbox 2302 5499 3910 5575">
    <p class='ocr_par' dir='ltr' id='par_1_112' title="bbox 2302 5499 3910 5575">
     <span class='ocr_line' id='line_1_112' title="bbox 2302 5499 3910 5575; baseline 0.006 -24"><span class='ocrx_word' id='word_1_824' title='bbox 2302 5499 2510 5561; x_wconf 75' lang='grc' dir='ltr'>οῦντες·</span> <span class='ocrx_word' id='word_1_825' title='bbox 2566 5499 2742 5552; x_wconf 79' lang='grc' dir='ltr'>καίτοι</span> <span class='ocrx_word' id='word_1_826' title='bbox 2789 5499 2894 5552; x_wconf 78' lang='grc' dir='ltr'><strong>κᾶν</strong></span> <span class='ocrx_word' id='word_1_827' title='bbox 2944 5501 3200 5565; x_wconf 81' lang='grc' dir='ltr'>ἐποίουν,</span> <span class='ocrx_word' id='word_1_828' title='bbox 3251 5502 3339 5555; x_wconf 79' lang='grc' dir='ltr'><strong>διὰ</strong></span> <span class='ocrx_word' id='word_1_829' title='bbox 3386 5503 3442 5555; x_wconf 82' lang='grc' dir='ltr'>δὲ</span> <span class='ocrx_word' id='word_1_830' title='bbox 3499 5505 3558 5555; x_wconf 74' lang='grc' dir='ltr'><strong>τὸ</strong></span> <span class='ocrx_word' id='word_1_831' title='bbox 3621 5505 3910 5575; x_wconf 69' lang='grc' dir='ltr'>θεαθῆναι</span> 
     </span>
    </p>
   </div>
   <div class='ocr_carea' id='block_1_113' title="bbox 2304 5591 3910 5668">
    <p class='ocr_par' dir='ltr' id='par_1_113' title="bbox 2304 5591 3910 5668">
     <span class='ocr_line' id='line_1_113' title="bbox 2304 5591 3910 5668; baseline 0.006 -26"><span class='ocrx_word' id='word_1_832' title='bbox 2304 5591 2543 5653; x_wconf 83' lang='grc' dir='ltr'>ἐποίουν,</span> <span class='ocrx_word' id='word_1_833' title='bbox 2571 5591 2832 5660; x_wconf 79' lang='grc' dir='ltr'>ὑφῃρεῖτο</span> <span class='ocrx_word' id='word_1_834' title='bbox 2863 5591 2927 5642; x_wconf 85' lang='grc' dir='ltr'><strong>ἂν</strong></span> <span class='ocrx_word' id='word_1_835' title='bbox 2952 5591 3136 5654; x_wconf 77' lang='grc' dir='ltr'><strong>αὐτοῖς</strong></span> <span class='ocrx_word' id='word_1_836' title='bbox 3165 5595 3224 5644; x_wconf 73' lang='grc' dir='ltr'><strong>τὸ</strong></span> <span class='ocrx_word' id='word_1_837' title='bbox 3253 5594 3472 5663; x_wconf 78' lang='grc' dir='ltr'>κέρδος·</span> <span class='ocrx_word' id='word_1_838' title='bbox 3505 5594 3600 5647; x_wconf 78' lang='grc' dir='ltr'><strong>νῦν</strong></span> <span class='ocrx_word' id='word_1_839' title='bbox 3623 5596 3680 5649; x_wconf 78' lang='grc' dir='ltr'>δὲ</span> <span class='ocrx_word' id='word_1_840' title='bbox 3715 5602 3910 5668; x_wconf 65' lang='grc' dir='ltr'>πόσης</span> 
     </span>
    </p>
   </div>
   <div class='ocr_carea' id='block_1_114' title="bbox 2304 5683 3916 5753">
    <p class='ocr_par' dir='ltr' id='par_1_114' title="bbox 2304 5683 3916 5753">
     <span class='ocr_line' id='line_1_114' title="bbox 2304 5683 3916 5753; baseline 0.009 -20"><span class='ocrx_word' id='word_1_841' title='bbox 2304 5683 2602 5753; x_wconf 78' lang='grc' dir='ltr'>καταδίκης</span> <span class='ocrx_word' id='word_1_842' title='bbox 2657 5684 2814 5747; x_wconf 80' lang='grc' dir='ltr'><strong>ἄξιοι,</strong></span> <span class='ocrx_word' id='word_1_843' title='bbox 2850 5683 2976 5737; x_wconf 79' lang='grc' dir='ltr'>ὅταν</span> <span class='ocrx_word' id='word_1_844' title='bbox 3008 5683 3131 5737; x_wconf 66' lang='grc' dir='ltr'>οὔτε</span> <span class='ocrx_word' id='word_1_845' title='bbox 3187 5687 3402 5751; x_wconf 73' lang='grc' dir='ltr'>ποιῶσι,</span> <span class='ocrx_word' id='word_1_846' title='bbox 3443 5691 3534 5740; x_wconf 80' lang='grc' dir='ltr'>καὶ</span> <span class='ocrx_word' id='word_1_847' title='bbox 3578 5690 3786 5745; x_wconf 77' lang='grc' dir='ltr'>θέλωσι</span> <span class='ocrx_word' id='word_1_848' title='bbox 3825 5696 3916 5747; x_wconf 65' lang='lat' dir='ltr'><strong>Ert-</strong></span> 
     </span>
    </p>
   </div>
   <div class='ocr_carea' id='block_1_115' title="bbox 2304 5773 3916 5843">
    <p class='ocr_par' dir='ltr' id='par_1_115' title="bbox 2304 5773 3916 5843">
     <span class='ocr_line' id='line_1_115' title="bbox 2304 5773 3916 5843; baseline 0.011 -20"><span class='ocrx_word' id='word_1_849' title='bbox 2304 5773 2559 5836; x_wconf 78' lang='grc' dir='ltr'>ξὰζεσθαι</span> <span class='ocrx_word' id='word_1_850' title='bbox 2595 5775 2670 5835; x_wconf 73' lang='grc' dir='ltr'><strong>ὡς</strong></span> <span class='ocrx_word' id='word_1_851' title='bbox 2722 5776 3043 5842; x_wconf 82' lang='grc' dir='ltr'>ποιοῦντες;</span> <span class='ocrx_word' id='word_1_852' title='bbox 3087 5779 3151 5830; x_wconf 73' lang='grc' dir='ltr'>Τί</span> <span class='ocrx_word' id='word_1_853' title='bbox 3180 5777 3234 5830; x_wconf 79' lang='grc' dir='ltr'>δὲ</span> <span class='ocrx_word' id='word_1_854' title='bbox 3269 5779 3505 5843; x_wconf 73' lang='grc' dir='ltr'>ποιοῦσι;</span> <span class='ocrx_word' id='word_1_855' title='bbox 3547 5782 3916 5840; x_wconf 64' lang='grc' dir='ltr'>Πλατύνιυσι</span> 
     </span>
    </p>
   </div>
   <div class='ocr_carea' id='block_1_116' title="bbox 2300 5867 3914 5933">
    <p class='ocr_par' dir='ltr' id='par_1_116' title="bbox 2300 5867 3914 5933">
     <span class='ocr_line' id='line_1_116' title="bbox 2300 5867 3914 5933; baseline 0.007 -15"><span class='ocrx_word' id='word_1_856' title='bbox 2300 5867 2364 5918; x_wconf 63' lang='grc' dir='ltr'>τὰ</span> <span class='ocrx_word' id='word_1_857' title='bbox 2403 5867 2745 5922; x_wconf 58' lang='grc' dir='ltr'>τυλακτίοια</span> <span class='ocrx_word' id='word_1_858' title='bbox 2770 5867 2970 5924; x_wconf 76' lang='grc' dir='ltr'><strong>αὐτῶν.</strong></span> <span class='ocrx_word' id='word_1_859' title='bbox 3000 5870 3094 5923; x_wconf 84' lang='grc' dir='ltr'><strong>καί</strong></span> <span class='ocrx_word' id='word_1_860' title='bbox 3121 5871 3480 5933; x_wconf 71' lang='grc' dir='ltr'>μεγαλύνουσι</span> <span class='ocrx_word' id='word_1_861' title='bbox 3510 5873 3576 5926; x_wconf 69' lang='grc' dir='ltr'><strong>τὰ</strong></span> <span class='ocrx_word' id='word_1_862' title='bbox 3602 5873 3914 5932; x_wconf 50' lang='lat' dir='ltr'><strong>maiori;</strong></span> 
     </span>
    </p>
   </div>
  </div>
