4010 6408
596 418 702 481 3Ἱ9

1435 403 2006 467 TilEOi'lIYLACTI
2051 397 2456 462 BULGARUE
2493 396 2848 456 ARCiliEP.

3714 388 3840 454 400

596 525 1054 582 condctnnatioms
1086 521 1372 590 accipietis,
1419 541 1435 571 ι
1475 536 1537 573 eo
1566 519 1710 587 quod
1732 534 1790 571 ca
1819 533 1934 586 qua:
1962 515 2149 570 vidua-

2272 510 2658 579 ,κμυελίζοντες
2683 507 2895 570 αὑτούς.
2919 525 2939 558 ι
2969 506 3059 559 At?»
3077 505 3166 559 καὶ
3191 507 3572 578 περισσότερον
3589 507 3845 577 λήψεσθε

599 637 740 682 runt,
780 617 1077 680 comeditis,
1117 615 1309 683 quibus
1357 615 1640 681 oportebat
1681 611 1848 679 magis
1899 607 2149 678 suppedi-

598 722 734 773 tare,
772 716 842 761 ,ει
899 705 1136 774 ipsarum
1186 705 1418 771 inOpiam
1475 702 1780 756 sublevare.
1830 699 1922 753 Vel
1973 699 2162 760 aliter,

598 801 763 856 multo
786 797 900 868 plus
923 796 1287 853 damnationis
1307 795 1610 863 accipietis,
1636 810 1699 848 eo
1724 793 1862 860 quod
1891 799 2150 860 praetextu

2257 602 2450 669 κρίμα,
2485 618 2504 649 ι
2544 599 2680 651 διότι
2701 598 2915 650 ἅπαντα
2950 595 3015 647 τὰ
3035 594 3146 647 τῶν
3167 594 3349 666 χηρῶν
3379 593 3718 656 κατεσθίετε,
3745 589 3846 656 αἷς

2257 692 2368 745 εδει
2406 689 2604 760 μᾶλλον
2636 690 2980 758 ὲκχορηγεῖν,
3014 688 3110 739 καὶ
3139 689 3235 755 τὴν
3265 686 3454 739 πενίαν
3487 685 3666 740 αὐτῶν
3699 685 3854 752 diop-

2259 779 2503 834 θοῦσθαι.
2540 781 2645 833 Καὶ
2674 779 2848 842 ἄλλως
2875 779 2952 840 δὲ,
2986 777 3371 846 περισσότερον
3400 775 3553 827 ἔσται
3580 776 3641 829 τὸ
3664 776 3855 828 κατὰ·

596 892 717 946 boni
747 865 927 958 operis
959 887 1154 942 malum
1208 885 1462 954 quiddam
1539 883 1876 939 committitis
1901 921 1915 944 ,
1965 894 2153 950 nempe

2272 887 2456 942 κριμα,
2508 871 2591 923 ὅτι
2639 871 2725 924 διὰ
2780 869 3169 940 προσχήματος
3227 865 3432 934 ἀγαθοῦ
3493 867 3678 937 ἔργου,
3742 867 3851 918 τοῦ

596 982 864 1049 precando
895 979 1172 1032 viduarum
1200 977 1340 1031 bona
1387 978 1751 1032 comedentes.
1791 973 1976 1043 lil:«jori
2008 973 2150 1027 enim

596 1067 1043 1125 condemnatione
1069 1068 1276 1139 dignus,
1306 1065 1396 1136 qui
1430 1075 1689 1134 praetextu
1719 1064 1842 1119 boni
1875 1064 1927 1116 in
1957 1063 2152 1116 malum

595 1162 782 1217 allicit.

671 1343 830 1400 Vnus.
869 1344 955 1397 15.
993 1356 1011 1392 ι
1039 1339 1127 1394 Vae
1159 1338 1334 1404 vobis,
1363 1336 1566 1392 Scriba:
1609 1342 1661 1388 et
1692 1332 1944 1388 Pharisaei
1979 1333 2148 1401 hypo-

595 1436 764 1499 critae,
793 1435 914 1502 quia
951 1431 1196 1488 clauditis
1247 1441 1466 1498 regnum
1500 1429 1761 1480 caelorum
1806 1434 1931 1478 ante
1965 1423 2139 1477 horni-

597 1540 730 1590 nes:
767 1539 864 1580 vos
893 1523 1036 1577 enim
1069 1536 1174 1577 non
1207 1519 1571 1588 ingredimini,
1607 1529 1783 1585 neque
1807 1515 2156 1569 advenientes

599 1615 780 1672 sinitis
813 1614 1038 1684 ingredi.
1079 1631 1096 1663 ›
1143 1609 1258 1665 Non
1289 1609 1486 1674 solum,
1522 1609 1714 1678 inquit,
1747 1623 1844 1664 vos
1896 1607 2155 1661 increduli

596 1707 758 1773 estis,
795 1717 849 1763 et
896 1706 1055 1759 vitam
1095 1704 1306 1758 habetis
1361 1711 1707 1769 corruptam:
1766 1699 1858 1752 sed
1919 1707 1974 1752 et
2023 1698 2156 1752 alios

598 1799 799 1853 docetis
835 1811 900 1851 ne
932 1797 1063 1850 mihi
1100 1795 1365 1857 credant,
1401 1801 1454 1846 et
1485 1807 1576 1859 per
1609 1792 1725 1843 vitm
1759 1801 1946 1845 vestra:
1977 1804 2158 1845 exeru-

2261 962 2684 1034 προσεύχεσθαι,
2737 961 2972 1029 πονηρόν
2999 978 3050 1011 τι
3101 957 3556 1030 κατεργάζονται,
3591 958 3650 1010 τὸ
3713 976 3854 1010 κατ⁹

2259 1055 2463 1108 εσθίειν
2509 1051 2575 1106 τὰ
2608 1052 2714 1105 τῶν
2759 1051 2945 1122 χηρῶν
2967 1068 2980 1080 ’
3013 1049 3273 1118 πλείστης
3294 1051 3402 1118 γὰρ
3459 1049 3856 1120 κατακρίσεως

2259 1149 2408 1212 ἄξιος
2461 1151 2487 1201 ό
2543 1148 2630 1201 διὰ
2666 1147 3053 1218 προσχήματος
3083 1144 3287 1212 ἀγαθοῦ
3345 1143 3616 1209 δελεάζων
3651 1145 3732 1207 είς
3785 1146 3857 1195 τδ

2263 1240 2454 1293 κακόν.

2340 1348 2358 1380 ι
2398 1329 2531 1383 Ούαὶ
2549 1330 2702 1399 ὑμῖν,
2728 1329 3080 1400 Γραμματεῑς
3105 1329 3198 1382 καὶ
3219 1329 3500 1398 Φαρισαῖοι
3521 1328 3855 1398 ὑποκριταὶ,

2261 1420 2344 1474 δτι
2391 1420 2600 1472 κλείετε
2640 1421 2740 1490 τὴν
2792 1420 3066 1489 βασιλείαν
3109 1420 3218 1473 τῶν
3255 1420 3500 1491 οὐρανῶν
3530 1419 3857 1488 ἔμπροσθεν

2260 1509 2369 1562 τῶν
2396 1510 2700 1581 ἀνθρώπων
2723 1527 2734 1538 ·
2767 1511 2924 1579 ὑμεῖς
2943 1510 3052 1580 γὰρ
3079 1511 3178 1562 οὑκ
3201 1507 3534 1579 εἰσέρχεσθε,
3567 1507 3688 1559 οὐδὲ
3716 1509 3857 1569 τοὺς

2263 1603 2675 1672 εἰσερχομένους
2707 1602 2896 1670 ἀφίετε
2928 1601 3209 1654 εἰσελθεῖν.
3255 1619 3273 1651 ι
3307 1602 3380 1654 Οὑ
3417 1601 3596 1670 μόνον,
3647 1598 3852 1680 φησὶν,

2266 1695 2420 1764 ὑμεῖς
2443 1695 2662 1748 ἄπιστοί
2687 1696 2829 1758 ἐστε,
2856 1694 2950 1746 καὶ
2978 1693 3069 1747 τὸν
3102 1694 3216 1763 βίον
3246 1692 3640 1763 διεφθαρμένον
3659 1691 3855 1761 ἔχετε,

2252 1785 2397 1838 ana
2435 1789 2526 1839 καὶ
2557 1786 2778 1857 ἑτέρους
2807 1785 3086 1840 διδάσκετε
3133 1785 3207 1855 μὴ
3247 1784 3522 1837 πιστεύειν
3555 1785 3676 1852 ἐμοὶ
3701 1823 3717 1850 ,
3750 1785 3858 1836 καὶ

599 1892 743 1960 plum
776 1887 1141 1957 corrumpitis.
1186 1884 1331 1941 Solet
1377 1887 1521 1938 enim
1569 1882 1796 1952 populus
1833 1881 2162 1950 principibus

2272 1873 2354 1927 διὰ
2383 1875 2475 1927 τοῦ
2503 1874 2619 1944 βίου
2649 1873 2742 1928 τοῦ
2771 1875 3038 1945 ὑμετέρου
3071 1876 3164 1928 καὶ
3189 1873 3280 1926 τοῦ
3310 1875 3707 1944 ὑποδείγματος
3730 1875 3858 1926 δια-

602 1981 718 2036 ﬁeri
744 1979 958 2044 similis,
1002 1986 1055 2032 et
1096 1977 1268 2045 magis
1311 1975 1355 2029 si
1404 1975 1521 2028 illos
1553 1975 1603 2027 in
1639 1973 1836 2028 malum
1867 1973 2012 2027 videt
2038 1987 2162 2040 pro-

599 2089 811 2144 pensos.
867 2071 1056 2128 Omnis
1114 2073 1296 2139 itaque
1349 2071 1518 2124 malus
1566 2070 1753 2123 doctor
1803 2078 1858 2122 et
1913 2068 2162 2137 princeps

597 2167 778 2220 videat
811 2165 938 2232 quid
977 2164 1234 2227 lucretur,
1269 2177 1459 2229 nempe
1483 2175 1578 2223 vae,
1612 2175 1676 2214 eo
1708 2160 1846 2228 quod
1883 2175 1980 2229 per
2005 2174 2157 2214 suam

601 2256 762 2309 vitam
801 2270 902 2308 non
933 2254 1064 2308 sinit
1094 2254 1226 2309 alios
1257 2253 1314 2306 in
1347 2251 1489 2306 bono
1526 2252 1806 2320 prolicere.

672 2434 836 2488 Vens.
871 2434 951 2488 15.
1003 2454 1040 2486 ι.
1064 2432 1155 2487 νιε
1184 2432 1352 2495 vobis,
1386 2429 1588 2485 Scriba:
1619 2439 1670 2483 ct
1703 2429 1957 2484 Phariszci
1991 2431 2160 2498 hypo—

601 2525 776 2588 critae,
811 2525 932 2591 quia
965 2523 1266 2576 circumitis
1294 2535 1441 2574 mare
1477 2532 1530 2574 et
1576 2521 1778 2573 aridam
1802 2560 1816 2585 ,
1852 2529 1908 2573 ut
1955 2519 2165 2573 faciatis

599 2632 760 2669 unum
790 2615 1114 2684 proselytutn
1146 2631 1158 2664 :
1195 2624 1248 2666 et
1275 2625 1392 2666 cum
1418 2610 1579 2664 fuerit
1609 2611 1802 2675 lactus,
1841 2611 2015 2664 tacitis
2043 2624 2162 2662 eum

599 2707 762 2759 tilium
798 2707 1052 2775 gehenna:
1080 2704 1241 2770 duplo
1281 2701 1450 2770 magis
1488 2715 1642 2768 quam
1673 2715 1765 2754 vos
1799 2701 1951 2754 estis.
1996 2718 2013 2750 ι
2048 2699 2163 2753 Non

595 2799 790 2860 solum,
841 2796 1030 2864 ittquit,
1070 2793 1279 2847 ludzeos
1326 2793 1691 2860 corrumpitis,
1743 2794 1834 2846 scd
1859 2804 1912 2846 et
1947 2808 2041 2847 eos
2073 2797 2163 2863 qui

596 2903 657 2940 ex
713 2872 974 2945 idolorum
1029 2882 1187 2953 125
1237 2881 1380 2937 cultu
1431 2883 1495 2935 ad
1543 2882 1820 2936 Judaicam
1853 2884 2164 2952 religionem

599 2985 962 3032 accesserunt.
1002 2974 1110 3028 llos
1133 2974 1276 3029 enim
1310 2974 1611 3043 proselytos
1639 2974 2009 3028 nominabant.
2044 2971 2166 3028 Stu-

598 3070 738 3122 detis
793 3067 1008 3135 quidem
1067 3077 1382 3119 convertere
1454 3065 1685 3133 aliquem
1753 3067 1817 3118 ad
1886 3064 2166 3120 Judaicam

598 3161 1058 3212 ronversationetn
1107 3166 1160 3210 et
1192 3155 1257 3210 ad
1304 3156 1763 3210 circumcisionem
1790 3171 1804 3208 :
1832 3157 2045 3224 quando
2069 3174 2164 3210 au-

603 3263 706 3302 tem
735 3249 992 3315 judaizat,
1036 3257 1161 3299 tunc
1199 3248 1334 3315 perit
1379 3262 1408 3298 a
1441 3258 1616 3300 vestra
1653 3247 1882 3301 infectus
1920 3251 2165 3303 malitia:

602 3339 744 3394 tilius
777 3351 951 3392 autem
980 3339 1257 3408 gehennze,
1289 3338 1377 3406 qui
1413 3337 1608 3406 dignus
1650 3348 1731 3394 est
1766 3340 1872 3404 illa,
1915 3356 2034 3395 cum
2066 3349 2170 3410 qua

600 3431 1018 3484 familiaritatem
1053 3430 1215 3483 habet
1240 3433 1288 3482 in
1321 3430 1406 3480 illa
1452 3430 1792 3499 ﬂagratnrus.

672 3519 838 3575 Vens.
863 3520 1048 3574 16-22.
1088 3540 1104 3571 ι
1141 3521 1226 3573 ναξ
1261 3522 1433 3583 vobis,
1465 3524 1630 3575 duces
1650 3523 1799 3587 caeci,
1829 3517 1917 3590 qui
1950 3523 2125 3577 dicitis
2154 3543 2166 3578 :

599 3609 915 3679 Quicumque
941 3608 1198 3676 juraterit
1219 3624 1309 3676 per
1342 3610 1617 3676 tetnplum,
1638 3611 1769 3664 nihil
1802 3621 1881 3665 est
1915 3628 1926 3663 :
1961 3613 2046 3678 qui
2075 3629 2170 3665 au-

605 3713 707 3754 tem
744 3702 1001 3767 iuraverit
1049 3715 1141 3769 per
1182 3702 1614 3769 aurutn'templi,
1667 3704 1843 3756 debet.
1902 3703 2062 3758 Stulti
2115 3714 2169 3759 et

600 3794 750 3855 neci,
773 3794 901 3861 quid
928 3796 1069 3846 enim
1092 3792 1267 3860 majus
1290 3803 1393 3855 est,
1431 3809 1639 3858 aurum,
1668 3811 1732 3847 an
1754 3797 2005 3864 templum
2027 3798 2170 3865 quod

600 3886 905 3937 sanctiﬁcat
956 3882 1180 3936 aurum?
1217 3882 1282 3937 Et
1333 3885 1641 3952 quicunque
1667 3885 1932 3952 juraverit
1964 3901 2057 3956 per
2089 3888 2167 3942 al-

604 3989 735 4039 tare,
780 3976 909 4029 nihil
964 3985 1086 4030 est:
1145 3977 1446 4044 quicunque
1515 3987 1693 4032 autem
1753 3979 2018 4046 juraverit
2073 3994 2169 4048 per

601 4073 796 4122 donum
833 4072 972 4140 quod
993 4081 1077 4124 est
1108 4085 1266 4137 super
1297 4070 1448 4134 illud,
1494 4073 1669 4124 debet.
1715 4070 1879 4124 Stulti
1915 4073 1983 4124 ac'
2015 4073 2164 4134 caeci,

599 4162 725 4227 quid
749 4166 889 4213 enim
919 4162 1087 4227 majus
1110 4169 1215 4226 est,
1249 4161 1467 4226 donum,
1502 4177 1566 4213 an
1602 4162 1770 4214 altare
1804 4162 1944 4230 quod
1971 4165 2170 4218 sancti.

601 4255 722 4304 tieut
777 4251 1013 4303 donum?
1060 4250 1158 4316 Qui
1198 4251 1618 4321 ergojuraverit
1656 4267 1750 4320 per
1787 4254 1985 4317 altare,
2021 4253 2168 4322 jurat

600 4357 694 4407 per
751 4342 876 4393 illud
921 4351 974 4394 et
1053 4356 1148 4410 per
1192 4342 1371 4396 omnia
1418 4358 1536 4411 qua:
1574 4357 1733 4411 super
1759 4343 1888 4398 illud
1918 4357 2062 4399 sunt.
2103 4346 2168 4402 Et

598 4432 686 4497 qui
727 4430 992 4498 juraverit
1031 4445 1124 4498 per
1179 4430 1648 4512 tetnplptnﬁjurat
1683 4444 1778 4499 per
1807 4430 1935 4484 illud
1968 4442 2022 4486 et
2074 4447 2168 4501 per

2264 1955 2538 2035 φθείρετε.
2565 1965 2736 2020 Εἴωθε
2768 1966 2876 2037 γὰρ
2907 1969 2935 2018 ό
2965 1967 3090 2030 λαός
3113 1967 3430 2036 ὁμοιοῦσθαι
3454 1970 3562 2030 τοῖς
3585 1968 3854 2037 ἄρχουσι,

2264 2057 2356 2109 καὶ
2394 2055 2592 2125 μᾶλλον
2622 2059 2668 2110 εί
2701 2058 2840 2127 πρὸς
2869 2059 2928 2110 τὸ
2965 2059 3132 2112 κακὸν
3168 2060 3435 2130 ῥέποντας
3468 2061 3568 2129 ὁρᾷ
3593 2059 3852 2121 τούτους..

2266 2147 2379 2208 na,-
2409 2142 2500 2199 οὖν
2547 2150 2781 2219 πονηρὸς
2819 2149 3139 2212 διδάσκαλος
3189 2151 3280 2203 καὶ
3334 2153 3517 2220 ἄρχων
3583 2152 3768 2221 δράτω
3798 2154 3859 2203 τί

2265 2239 2563 2307 κερδαίνει,
2599 2241 2679 2293 ὅτι
2717 2240 2776 2293 τὸ
2830 2243 2974 2307 οὐαὶ,
3039 2243 3112 2306 ὼς
3144 2243 3230 2296 διὰ
3255 2243 3348 2296 τοῦ
3380 2242 3580 2296 οἰκείου
3623 2243 3739 2312 βίου
3774 2246 3858 2316 μὴ

2265 2329 2369 2381 ὲῶν
2392 2348 2543 2394 τινας
2579 2335 2910 2403 προκόπτειν
2948 2337 3026 2398 εἰς
3051 2335 3109 2388 τὸ
3137 2336 3362 2400 ἀγαθόν.
3419 2382 3422 2386 .

2343 2443 2361 2475 ι
2401 2413 2535 2479 Οὑαὶ
2571 2427 2721 2496 ὑμῖν,
2781 2428 3132 2498 Γραμματεῖς
3179 2432 3266 2481 καὶ
3300 2431 3580 2500 Φαρισαῖοι
3617 2432 3859 2502 ὑποκρι-

2266 2517 2378 2578 ταὶ,
2425 2517 2503 2568 ὅτι
2537 2519 2830 2587 περιάγετε
2880 2520 2979 2586 τὴν
3019 2521 3295 2574 θάλασσαν
3355 2523 3447 2576 καὶ
3503 2524 3600 2591 τὴν
3649 2522 3856 2593 ξηρὰν,

2269 2610 2491 2674 ποιῆσαι
2517 2610 2612 2663 ἕνα
2651 2611 3024 2680 προσήλυτον·
3077 2612 3168 2664 καὶ
3203 2615 3330 2665 ὃταν
3361 2614 3600 2683 γένηται,
3641 2616 3858 2666 ποιεῖτε

2268 2699 2428 2752 αὐτὸν
2465 2699 2579 2750 υἱὸν
2639 2699 2863 2768 γεέννης
2907 2701 3222 2769 διπλότερον
3280 2701 3452 2770 ὑμῶν.
3490 2721 3507 2753 ι
3543 2703 3614 2756 Οὔ
3651 2703 3856 2771 μόνον,

2269 2794 2418 2859 φησι,
2447 2791 2572 2851 τοὺς
2614 2789 2894 2852 Ἰουδαίους
2933 2792 3306 2860 διαφθείρετε,
3337 2793 3473 2846 ἀλλὰ
3502 2795 3594 2846 καὶ
3618 2798 3746 2858 τοὶς
3793 2798 3860 2861 ἐξ

2269 2878 2668 2948 εἰδωλολατρῶν
2709 2878 3102 2947 προσελθόντας
3140 2884 3204 2951 τῇ
3252 2882 3516 2954 Ἰουδαϊκῇ
3549 2882 3854 2954 Θρησκείᾳι

2269 2969 2487 3030 τούτους
2552 2969 2661 3039 γὰρ
2716 2970 3091 3042 προσηλύτους
3157 2972 3457 3041 ὠνόμαζον.
3510 2976 3860 3041 Σπουδάζετε

2275 3061 2373 3128 μὲν
2409 3062 2516 3131 γὰρ
2542 3063 2874 3131 ἐπιστρέψαι
2900 3065 3019 3116 τινὰ
3058 3064 3186 3134 πρὸς
3221 3065 3318 3135 τὴν
3355 3067 3675 3140 Ὶουδαῐκὴν-
3698 3069 3863 3136 ἀγωα

2272 3151 2372 3222 γὴν
2425 3155 2519 3205 καὶ
2544 3156 2866 3224 περιτομήν
2897 3156 3024 3208 ὅταν
3053 3156 3106 3208 δὲ
3145 3158 3429 3230 Ἰουδαϊσῃ,
3457 3161 3576 3212 τότε
3613 3161 3864 3214 ἀπόλλυ-

2280 3261 2386 3307 ται,
2416 3243 2860 3314 διαφθειρόμενος
2905 3247 3008 3299 ὑπὸ
3045 3249 3141 3316 τῆς
3185 3249 3338 3318 ὑμῶν
3370 3251 3566 3313 κακίας
3590 3267 3602 3280 ·
3644 3253 3758 3316 υίὸς
3796 3255 3860 3307 δὲ

2275 3337 2526 3404 γεέννης,
2556 3340 2582 3389 ό
2621 3338 2772 3403 ἄξιος
2812 3339 3037 3409 ταύτης,
3076 3343 3166 3393 καὶ
3219 3343 3529 3411 οἰκειότητά
3561 3361 3680 3398 τινα
3711 3348 3861 3415 πρὶς

2274 3428 2442 3496 αὐτὴν
2466 3428 2604 3498 ἔχων
2636 3428 2773 3480 ὥστε
2805 3431 3076 3500 καυθῆναι
3107 3431 3196 3484 ὑπ’
3224 3435 3416 3505 αὐτῆς.

2349 3538 2366 3568 ι
2412 3519 2546 3571 Οὐαὶ
2574 3515 2723 3589 ὑμῖν,
2749 3521 2933 3590 ὁδηγοὶ
2977 3525 3199 3593 τυφλοὶ,
3235 3529 3283 3578 oi
3317 3523 3573 3596 ’λέγοντες
3596 3546 3608 3560 '
3659 3533 3754 3595 Ὅς
3787 3531 3862 3586 ἂν

2270 3610 2442 3680 ὀμόσῃ
2473 3611 2530 3662 ὲν
2559 3612 2633 3679 τῷ
2668 3612 2801 3681 ναῷ,
2831 3614 2982 3666 οὐδέν
3016 3617 3182 3668 ἐστιν’
3215 3617 3273 3680 ὃς
3301 3616 3345 3670 δ’
3388 3619 3453 3672 ἂν
3482 3620 3654 3692 ὀμόσῃ
3686 3621 3744 3673 ὲν

2271 3702 2455 3770 χρυσῷ
2489 3701 2581 3753 τοῦ
2616 3703 2744 3755 ναοῦ
2765 3744 2778 3769 ,
2815 3704 3041 3771 ὀφείλει.
3076 3709 3262 3776 Μωροὶ
3297 3714 3391 3763 καὶ
3421 3712 3631 3781 τυφλοὶ,
3663 3713 3715 3766 τί
3743 3717 3863 3786 γὰρ

2273 3795 2455 3863 μεῖζον
2503 3795 2684 3858 ἐστὶν,
2759 3797 2788 3848 ὀ
2835 3799 3061 3866 χρυσὸς,
3108 3800 3139 3868 ἢ
3181 3803 3208 3852 ό
3254 3803 3378 3866 ναὸς
3408 3805 3436 3856 ὁ
3477 3806 3718 3872 ἁγιάζων
3760 3811 3864 3862 τὸν

2268 3885 2499 3954 γρυσόν;
2535 3887 2643 3938 Καὶ
2668 3886 2726 3949 ὀς
2755 3887 2848 3940 ἐὰν
2880 3889 3054 3961 ὀμόσῃ
3087 3892 3144 3944 ἐν
3171 3893 3246 3962 τῷ
3274 3892 3666 3968 θυσιαστηρίῳ,
3697 3900 3862 3955 οὐδέν

2269 3978 2416 4030 ἐστιν
2444 3998 2455 4010 ·
2490 3978 2548 4040 ὃς
2579 3979 2622 4031 δ’
2652 3979 2719 4032 ἂν
2745 3981 2916 4052 ὀμόσῃ
2950 3985 3005 4035 ἐν
3038 3983 3112 4053 τῷ
3132 3984 3289 4057 δώρῳ
3335 3987 3413 4058 τῷ
3445 3989 3629 4042 ὲπάνω
3659 3991 3860 4058 αὑτοῦ,

2271 4071 2495 4139 ὀφείλει.
2530 4073 2720 4142 Μωροὶ
2749 4076 2840 4125 καὶ
2870 4076 3082 4142 τυφλοὶ,
3110 4077 3162 4127 τί
3186 4078 3294 4147 γὰρ
3329 4075 3534 4148 μεῖξον,
3562 4079 3621 4132 τὸ
3653 4081 3859 4153 δῶρον,

2272 4161 2304 4230 ἢ
2332 4163 2391 4214 τὸ
2419 4161 2803 4234 θυσιαστήριον
2840 4168 2900 4218 τὸ
2925 4168 3150 4235 ἁγιάζον
3185 4172 3246 4221 τὸ
3269 4171 3475 4240 δῶρον;
3519 4172 3575 4225 '0
3603 4172 3692 4226 οῦν
3719 4175 3860 4244 ὀμό-

2273 4271 2370 4316 σας
2399 4256 2456 4305 ὲν
2485 4254 2561 4324 τῷ
2589 4254 2972 4328 Θύσιαστηρίῳ,
3001 4260 3188 4326 ὀμνύει
3216 4263 3274 4314 ὲν
3303 4263 3453 4334 αὐτῷ
3497 4266 3588 4317 καὶ
3622 4267 3680 4320 ὲν
3713 4269 3861 4322 πᾶσι

2270 4346 2382 4407 τοῖς
2409 4344 2592 4398 ἐπάνω
2625 4346 2788 4399 αὑτοῦ
2820 4387 2833 4410 ,
2873 4351 2965 4401 καὶ
2995 4351 3023 4402 ὁ
3056 4352 3260 4420 ὀμόσας
3292 4356 3348 4406 ὲν
3374 4356 3450 4424 τῷ
3485 4356 3629 4424 ναῷ,
3661 4359 3861 4428 ὀμνύει

2277 4435 2332 4485 ἐν
2369 4434 2517 4504 αύτῴ
2546 4437 2641 4489 καὶ
2668 4439 2724 4489 ὲν
2752 4439 2830 4507 τῷ
2864 4441 3206 4495 κατοικοῦντι
3237 4447 3419 4508 αὑτὸν,
3454 4447 3546 4499 καὶ
3573 4449 3601 4500 ό
3644 4450 3861 4519 ὀμόσας

597 4535 718 4572 eum
739 4527 823 4587 qui
859 4521 1061 4574 habitat
1090 4521 1142 4573 in
1167 4521 1303 4588 ipso.
1334 4519 1395 4573 Et
1424 4524 1511 4588 qui
1541 4521 1804 4591 juraverit
1834 4539 1928 4592 per
1948 4528 2162 4592 coelum,

2272 4528 2330 4578 ὲν
2365 4526 2442 4595 τῷ
2479 4528 2730 4598 οὐρανῷ,
2772 4531 2962 4600 ὀμνύει
3005 4537 3060 4586 ἐν
3099 4535 3174 4604 τῴ
3219 4535 3388 4608 θρόνῳ
3424 4540 3516 4591 τοῦ
3562 4541 3718 4602 Θεοῦ,
3757 4547 3860 4598 καὶ

594 4625 739 4677 ]ιιι·;ιι
770 4628 862 4677 per
907 4615 1156 4664 thronum
1205 4610 1296 4663 Dei
1341 4620 1390 4663 et
1437 4627 1528 4678 per
1563 4627 1681 4665 eum
1711 4614 1800 4681 qui
1828 4617 1977 4669 sedet
2008 4632 2169 4686 super

602 4707 765 4755 nium.
795 4722 810 4751 ι
849 4703 1029 4756 Caecos
1054 4718 1144 4755 eos
1176 4702 1434 4766 nominat,
1466 4704 1586 4771 quia
1620 4704 1867 4759 nolebant
1889 4705 2081 4760 docere
2104 4725 2167 4762 ea

598 4813 718 4860 qua:
755 4795 977 4847 decebat
1017 4803 1112 4846 :et
1163 4807 1279 4862 quae
1331 4794 1527 4848 minori
1579 4795 1698 4849 loco
1748 4798 2011 4852 debebant
2044 4801 2168 4864 coli,

599 4886 993 4938 unerubautur
1031 4901 1044 4936 :
1094 4899 1215 4952 qua:
1266 4885 1534 4954 prazcipua
1572 4895 1748 4953 erant,
1789 4887 1840 4940 in
1873 4891 2165 4944 secundum

597 4980 839 5029 mdittcnt
907 4975 1225 5028 referebant.
1282 4974 1493 5030 Etenim
1529 4991 1718 5030 aurum
1760 4979 1811 5031 in
1856 4981 2074 5047 templo,
2116 4991 2168 5036 et

599 5069 892 5132 cherubin,
925 5077 1222 5120 etaureum
1264 5081 1483 5121 urceum
1522 5068 1876 5136 praeferebant
1925 5073 2118 5140 templo
2150 5093 2161 5126 :

604 5160 720 5207 ιιῖυυ
751 5169 798 5208 et
837 5157 1030 5209 :nultos
1063 5157 1324 5210 docebant
1353 5159 1493 5226 quod
1533 5161 1665 5212 nihil
1691 5161 1758 5214 sit
1783 5178 1878 5229 per
1912 5165 2166 5232 templum

594 5249 802 5315 jurare,
841 5249 932 5300 sed
965 5264 1054 5315 per
1081 5264 1266 5301 aurum
1293 5250 1347 5301 in
1368 5250 1562 5318 templo
1582 5252 1792 5320 jacens,
1822 5257 1960 5321 quod
1987 5265 2164 5309 tamen

600 5350 880 5403 propterea
931 5340 1229 5391 venerabile
1267 5348 1404 5405 erat,
1437 5340 1560 5408 quia
1605 5341 1654 5393 in
1693 5343 1890 5411 templo
1922 5347 2162 5400 contine-

598 5433 774 5481 batur.
804 5426 868 5480 Et
895 5427 1027 5481 dona
1061 5444 1178 5496 quae
1212 5429 1262 5481 in
1297 5429 1486 5484 altario
1529 5431 1886 5500 ponebantur,
1920 5435 2164 5503 digniora

599 5519 846 5569 ιμιυὺιιιιι
885 5517 1075 5570 altario
1133 5518 1297 5585 ipso:
1348 5527 1508 5588 atque
1569 5522 1701 5577 adeo
1767 5523 2023 5580 Pharisaei
2087 5530 2164 5583 sic

600 5607 879 5672 docebant,
916 5618 970 5660 ut
1016 5609 1058 5662 si
1096 5609 1216 5677 quis
1246 5608 1476 5677 iurasset
1517 5626 1613 5678 per
1666 5628 1888 5670 aureum
1930 5633 2041 5675 Vas.
2083 5623 2163 5673 vel

601 5701 786 5748 let-em
815 5703 896 5750 vel
926 5712 1079 5751 ovem
1117 5699 1352 5753 oblatam
1390 5702 1441 5755 in
1496 5704 1844 5770 sacriﬁcium,
1883 5721 1934 5761 et
1970 5709 2164 5765 deinde

600 5785 911 5854 ‘l'jtfl'dsst'l,
943 5785 1135 5840 similia
1171 5788 1522 5857 persolveret.
1559 5791 1764 5847 Donum
1799 5795 1940 5849 enim
1973 5799 2164 5851 altat-io

2273 4619 2329 4669 ὲν
2366 4618 2442 4689 τῷ
2489 4621 2785 4690 καθημένῳ
2835 4625 3018 4678 ἐπάνω
3055 4628 3241 4681 αὑτοῦ.
3296 4648 3314 4680 ι
3368 4631 3614 4699 Τυφλοὺς
3654 4636 3859 4702 αὐτοὺς

2271 4709 2545 4779 ὀνομάζει,
2587 4714 2662 4777 ὼς
2706 4716 2780 4786 μὴ
2824 4715 3075 4782 θέλοντας
3112 4722 3178 4772 τὰ
3224 4723 3505 4792 πρέποντα
3542 4727 3857 4794 διδάσκειν,

2272 4803 2364 4854 καὶ
2409 4803 2476 4856 τὰ
2529 4804 2627 4873 μὲν
2677 4807 3060 4882 ἐλαχιστότερα
3105 4814 3417 4883 τιμῶντας,
3469 4819 3537 4870 τὰ
3578 4819 3635 4871 δὲ
3687 4823 3860 4891 τιμῆς

2271 4892 2705 4983 ἀξιομόευτέρου
2767 4898 2925 4966 λόγου
2960 4902 3262 4968 ἀξιοῦντας.
3299 4907 3408 4960 Καὶ
3438 4909 3547 4976 γὰρ
3591 4911 3680 4962 τὸν
3725 4930 3863 4983 χρυ-

2273 4982 2363 5032 σὸν
2394 4982 2484 5036 τὸν
2519 4986 2576 5037 ὲν
2612 4987 2687 5056 τῷ
2722 4989 2853 5058 ναῷ,
2884 4992 2976 5043 καὶ
3022 4993 3089 5045 τὰ
3137 4995 3418 5066 Χερουϐὶμ
3454 5002 3546 5052 καὶ
3591 5002 3691 5069 τὴν
3724 4982 3829 5057 στα

2275 5089 2404 5138 μνον
2448 5075 2546 5145 τὴν
2606 5081 2808 5149 χρυσῆν
2871 5085 3180 5152 προετίμων
3216 5087 3381 5140 αὑτοῦ
3425 5090 3576 5146 ναοῦ.
3619 5095 3711 5146 Διὸ
3758 5113 3859 5150 κα.

2268 5164 2393 5224 τοὺς
2439 5167 2665 5230 πολλοὺς
2713 5171 2988 5225 ἐδίδασκον
3019 5175 3096 5226 ὅτι
3133 5175 3282 5230 οὐδέν
3313 5181 3426 5232 ἐστι
3476 5181 3534 5232 τὸ
3574 5185 3721 5238 κατὰ
3756 5187 3854 5240 τοῦ

2273 5254 2396 5307 ναοῦ
2438 5258 2681 5326 ὀμνύειν,
2730 5262 2866 5315 ἀλλὰ
2900 5265 2960 5316 τὸ
3005 5267 3084 5325 εἰς
3126 5267 3214 5318 τὸν
3261 5271 3461 5337 χρυσὸν
3495 5273 3585 5323 τὸν
3625 5275 3704 5342 τῷ
3739 5278 3856 5347 ναῷ

2270 5349 2672 5422 περικείμενον,
2708 5351 2762 5416 ὃς
2788 5354 2874 5406 διὰ
2909 5354 3063 5407 τοῦτο
3089 5359 3305 5421 πάντως
3336 5361 3612 5428 αἰδέσιμος
3649 5359 3739 5433 ἦν,
3771 5367 3801 5419 ὅ
3831 5396 3833 5399 ι

2265 5439 2344 5509 τῷ
2375 5441 2486 5511 ναῷ
2515 5445 2842 5514 περιέκειτο.
2894 5447 3002 5501 Καὶ
3032 5449 3100 5500 τὰ
3135 5448 3280 5519 δῶρα
3314 5451 3369 5504 δὲ
3402 5453 3469 5505 τὰ
3507 5456 3598 5507 ἐπὶ
3626 5456 3722 5509 τοῦ
3755 5458 3824 5511 θυ

2269 5535 2582 5602 σιαστηρίου
2622 5537 2900 5605 τιθέμενα,
2941 5540 3240 5610 τιμιώτερα
3289 5541 3472 5610 ἔλεγον
3507 5538 3644 5600 εἶναι
3686 5550 3860 5605 αὑτοῦ

2269 5623 2361 5674 τοῦ
2419 5625 2804 5697 θυσιαστηρίου
2829 5647 2841 5658 ”
2886 5631 3026 5684 ὣστε
3065 5635 3155 5686 καὶ
3195 5634 3365 5696 οὕτως
3399 5635 3760 5703 ἐδογμάτιζον
3810 5645 3862 5696 oi

2269 5714 2582 5782 Φαρισαῖοι,
2645 5720 2725 5770 ὃτι
2783 5721 2875 5771 ἐὰν
2919 5739 3003 5784 τις
3068 5723 3249 5792 ὤμοσε
3299 5728 3438 5778 κατὰ
3497 5725 3588 5778 τοῦ
3642 5731 3858 5800 χρυσοῦ

2279 5806 2544 5874 σκεύους,
2584 5811 2614 5878 ἢ
2649 5810 2767 5878 β.δς
2804 5812 2834 5880 ἦ
2868 5814 3139 5880 προϐάτου
3175 5819 3249 5877 εἰς
3290 5819 3481 5883 θυσίαν
3515 5821 3858 5893 προσαχθέν-
