4010 6394
182 461 258 526 401

184 602 251 645 τος
269 625 280 644 ,
306 576 412 635 εἶτα
434 580 749 653 ὲπιὼρκησε
771 628 784 650 ,
814 584 1204 649 κατεδικάζετο
1230 585 1297 638 τά
1330 586 1421 638 ῖσα
1444 586 1722 641 ἀποτίσαι.
1762 592 1804 647 Α

184 677 239 729 Τὸ
273 676 368 744 γὰρ
394 675 563 745 δῶρον
605 676 700 729 τοῦ
748 676 1137 746 θυσιαστηρίου
1196 678 1511 745 προετίμων
1537 677 1627 729 διὰ
1661 677 1730 729 τὰ

182 771 231 820 ὲκ
257 769 350 821 τῶν
387 768 589 821 θυσιῶν
638 769 828 840 κέρδη.
870 771 932 823 El
963 770 1021 821 δὲ
1067 768 1206 823 κατά
1238 768 1332 822 τοῦ
1362 768 1491 821 ναοῦ
1523 769 1730 837 ὀμόσας

183 857 485 925 ἐπιώρκησεν
505 897 521 920 ,
568 860 691 909 ἐπεὶ
719 859 821 911 οὐκ
847 857 1079 927 ἠδύνατο
1112 860 1299 929 ὅμοιον
1340 858 1416 929 τῷ
1446 858 1558 925 ναῴ
1610 859 1729 911 κτί-

185 966 267 1010 an,
293 948 371 1000 διὰ
403 948 559 1002 τοῦτο
591 951 859 1003 ἀπελύετο
887 968 899 980 ’
944 952 1039 1004 καὶ
1071 952 1244 1005 ἐδόκει
1279 951 1463 1004 λοιπὸν
1494 949 1729 1020 ἐλαφρὸ-

182 1058 304 1109 τερος
331 1036 463 1093 εἶναι
492 1044 520 1094 ὀ
541 1044 702 1113 ὅρκος
733 1045 760 1095 ὀ
792 1045 871 1106 είς
902 1044 991 1096 τὸν
1017 1045 1163 1109 ναὸν,
1198 1045 1285 1097 om
1321 1044 1383 1095 τὸ
1413 1042 1727 1111 φιλοκερδὲς

182 1132 265 1181 τῶν
289 1132 587 1201 1διιρισαίων
612 1149 626 1165 ο
672 1135 769 1186 ἐπὶ
804 1134 902 1202 μὲν
932 1134 1024 1187 οὖν
1054 1136 1153 1203 τῆς
1188 1135 1448 1198 παλαιᾶς,
1485 1135 1547 1185 οὐ
1600 1149 1729 1199 συγ-

183 1226 365 1291 χνυρείὁ
402 1226 638 1293 Χριστὸς
682 1228 867 1296 μεῖζον
912 1224 1142 1280 εἶναιτὸ
1178 1228 1352 1297 δῶρον
1407 1225 1500 1279 τοῦ
1540 1226 1730 1278 θυσια-

183 1315 388 1381 στηρίου,
447 1317 534 1386 ἐφ’
592 1319 751 1387 ἡμῶν
820 1320 875 1371 δὲ
924 1320 987 1372 τὸ
1037 1320 1427 1391 θυσιαστήριον
1470 1319 1575 1371 ὑπὸ
1624 1316 1732 1369 τῶν

179 1404 334 1474 δώρων
374 1409 657 1476 ἁγιάζεται
704 1411 939 1479 μᾶλλον
992 1412 1071 1474 εἰς
1131 1412 1239 1481 γὰρ
1299 1411 1358 1463 τὸ
1390 1410 1729 1462 Δεσποτικὸν

742 465 1195 526 ENARRATIO
1236 465 1317 525 IN
1359 466 1736 527 EVANGELI

1843 466 1865 526 ί
1906 465 2299 529 ΜΑΤΤΗᾸΞΙ.
2345 488 2411 501 -·
2438 466 2599 527 CAP.
2633 465 2865 527 XXIII.

3328 464 3437 531 402

1836 583 2198 651 praeferebant
2243 593 2463 650 propter
2513 582 2815 637 hostiarum
2850 582 3019 639 lucra.
3049 580 3279 665 Quodsi
3312 584 3436 651 quis

1839 690 1936 744 per
1958 675 2216 744 templum
2244 676 2434 741 juraus
2476 674 2799 742 peierasset,
2834 689 2940 727 non
2970 674 3190 741 potuiss:
3214 683 3233 727 t
3258 673 3439 728 simile

1839 765 2039 833 templo
2074 764 2367 829 aediﬁcare,
2399 774 2453 819 et
2497 773 2782 833 propterea
2828 763 3232 829 absolvebatur,
3280 764 3438 819 vide-

1835 859 2104 927 baturque
2161 869 2345 927 postea
2385 858 2552 914 levius
2602 858 3113 926 essejuramentum
3174 872 3269 922 per
3304 868 3441 911 tem-

1838 952 2006 1020 plum,
2041 960 2266 1019 propter
2310 949 2709 1004 Pharisaeorum
2781 949 3085 1003 avaritiam.
3142 948 3328 1017 Itaque
3384 951 3439 1002 in

1836 1042 2007 1094 veteri
2065 1056 2171 1094 non
2231 1042 2499 1110 permittit
2550 1040 2801 1093 Christus
2836 1041 3036 1096 donum
3098 1040 3278 1108 majus
3317 1054 3440 1094 esse

1836 1132 2048 1185 altario.
2084 1132 2237 1200 Apud
2271 1148 2369 1187 nos
2396 1146 2576 1186 autem
2604 1133 2859 1188 altarium
2896 1150 2924 1185 a
2957 1132 3116 1187 donis
3153 1132 3324 1199 magis
3352 1148 3441 1183 sa-

1837 1235 2022 1278 cratur
2062 1242 2075 1277 :
2136 1240 2304 1294 panes
2347 1226 2492 1281 enim
2534 1225 2586 1279 in
2640 1227 2970 1281 dominicum
3012 1240 3209 1291 corpus
3259 1224 3439 1279 divina

1838 1316 2008 1382 gratia
2056 1327 2451 1371 convertuntur
2497 1336 2507 1369 :
2550 1318 2667 1373 ideo
2708 1326 2765 1371 et
2815 1317 3191 1371 sanctitieatur
3223 1314 3291 1368 ab
3358 1314 3441 1369 eis

1836 1408 2031 1463 altare.
3232 1410 3243 1419 ’

182 1504 312 1571 σῶμα
392 1508 525 1559 αὐτὸ
578 1508 755 1560 έκεῖνο
817 1508 1243 1579 μεταϐάλλονται
1301 1509 1421 1578 θείᾳ
1472 1508 1655 1578 χάριτι
1715 1504 1764 1556 οἱ
1806 1503 1998 1574 ἄρτοι*
2057 1509 2137 1561 διὸ
2227 1512 2320 1563 καὶ
2382 1510 2668 1579 ἁγιάζεται
2722 1511 2826 1563 ὑπὸ
2875 1508 3081 1563 τούτων
3134 1506 3194 1560 τὸ
3249 1506 3441 1558 Gustat-

180 1596 255 1651 στή
265 1614 382 1651 οιον.

239 1614 255 1645 r
295 1615 382 1651 ιον.

239 1614 417 1743 έρούαὶ
452 1691 601 1759 ὑμῖν,
648 1694 1001 1762 Γραμματεῖς
1047 1695 1140 1745 καὶ
1173 1695 1459 1764 Φαρισαῖοι
1502 1694 1736 1761 ὐποκρικ

178 1783 280 1843 ταὶ,
322 1782 397 1833 ὅτι
440 1783 844 1835 ἀποδεκατοῦτε
889 1786 949 1836 τὸ
987 1785 1257 1856 ἡδύοσμον
1292 1788 1383 1836 καὶ
1421 1786 1481 1835 τὸ
1535 1784 1735 1850 ἄνηθον

1914 1685 2079 1740 Vsus.
2114 1687 2205 1750 ‘25,
2247 1687 2335 1742 24.
2380 1708 2397 1739 t
2460 1689 2551 1743 Va:
2599 1691 2771 1752 vobis,
2829 1690 3037 1743 SCl‘iblB
3071 1700 3125 1741 et
3176 1671 3439 1743 Pharisaei

1842 1780 2158 1848 hypocrita,
2185 1781 2309 1847 quia
2337 1780 2625 1834 declinatis
2665 1784 2963 1843 mentbam,
2997 1793 3049 1833 et
3072 1782 3353 1841 anethum,
3389 1792 3443 1835 et

179 1874 256 1941 καὶ
283 1874 336 1924 τὸ
376 1875 601 1942 κύμινον
626 1914 639 1936 ,
675 1877 765 1927 καὶ
803 1878 1047 1946 ἀφήκατε
1096 1878 1163 1929 τὰ
1200 1875 1479 1945 βαρύτερα
1516 1876 1612 1928 τοῦ
1649 1876 1733 1929 νύ,

1843 1872 2135 1939 oyminum,
2176 1883 2228 1925 et
2276 1871 2573 1941 reliquistis
2622 1888 2740 1941 qua:
2783 1877 3033 1941 graviora
3078 1883 3205 1927 sunt
3280 1874 3440 1943 legis,

179 1983 280 2032 μου,
306 1966 395 2034 τὴν
421 1968 604 2037 κρίσιν
636 1969 840 2021 καὶτὸν
871 1970 1020 2021 ἔλεον
1054 1971 1147 2021 καὶ
1171 1968 1271 2038 τὴν
1306 1970 1504 2021 πίστιν.
1544 1969 1731 2021 Ταῦτα

176 2058 258 2109 ἔδει
288 2060 535 2126 ποιῆσαι,
590 2062 818 2113 κάκεῖνα
859 2062 932 2131 μὴ
977 2062 1237 2130 ἀφιέναι*
1284 2062 1471 2131 ὁδηγοὶ
1504 2060 1727 2129 τυφλοὶ,

177 2151 212 2200 οἱ
244 2151 558 2215 διυλίζοντες
601 2154 690 2205 τὸν
730 2155 966 2206 κώνωπα
996 2196 1009 2217 ,
1044 2154 1140 2222 τὴν
1173 2154 1228 2206 δὲ
1275 2155 1520 2225 κάμηλον
1557 2170 1732 2207 κατα-

180 2244 410 2305 πίνοντες.
470 2265 489 2295 »
550 2245 719 2297 Πάλιν
766 2245 1011 2309 ὀνειδίζει
1065 2246 1263 2308 αὐτοὺς
1308 2245 1382 2306 ὡς
1431 2246 1729 2314 ἀνοήτους,

175 2332 278 2383 ﬁtﬁt:
304 2335 402 2387 τῶν
432 2334 698 2403 μειζόνων
732 2336 963 2389 ἐντολῶν
998 2335 1490 2404 καταφρονοῦντες,
1526 2337 1583 2387 ὲν
1622 2336 1733 2396 τοῖς

178 2428 361 2493 μικροῖς
400 2428 630 2496 ἐζήτουν
663 2430 761 2496 τὴν
792 2428 1077 2498 ἀκρίϐειαν
1102 2445 1113 2456 °
1157 2430 1279 2482 οὐδὲ
1308 2428 1405 2498 τὴν
1438 2426 1533 2481 τοῦ
1564 2427 1733 2496 κυμί-

176 2534 247 2569 νου
288 2518 582 2573 δεκάτωσιν
617 2520 968 2593 παρορῶντες
992 2563 1004 2587 ,
1038 2522 1174 2576 ἀλλά
1208 2523 1430 2576 κάκεῖνο
1464 2521 1735 2575 ἀποδεκα-

174 2610 356 2673 τυῦντες
382 2629 394 2641 ·
434 2613 630 2675 καὶεί
657 2630 739 2676 τις
779 2614 978 2677 αὐτοὺς
1009 2615 1406 2685 κατεμέμψατο
1430 2615 1505 2679 ὡς
1543 2634 1733 2685 μικροο

176 2699 350 2766 λόγους,
382 2704 689 2773 προέφερον
719 2706 800 2757 ὅτι
834 2707 860 2757 ὀ
890 2706 1055 2776 νόμος
1086 2705 1244 2759 τοῦτο
1267 2707 1435 2773 λέγει.
1470 2708 1733 2775 Κρεῖττον

173 2793 214 2842 δὲ
242 2787 298 2861 ἦν
330 2796 420 2847 καὶ
445 2796 894 2867 θεαρεστότερον,
926 2800 973 2849 εἰ
1006 2797 1104 2866 τὴν
1131 2796 1315 2866 κρίσιν
1341 2798 1435 2851 καὶ
1460 2798 1551 2850 τὸν
1584 2798 1737 2851 ἔλεον

175 2886 247 2935 καὶ
276 2886 364 2954 τὴν
391 2886 581 2938 πίστιν
611 2888 851 2958 ἀπῄτουν
880 2888 1033 2957 παρά
1056 2888 1150 2941 τοῦ
1185 2889 1336 2943 λαοῦ.
1374 2891 1468 2952 Τίς
1503 2889 1560 2942 δέ
1584 2892 1734 2943 ἐστιν

177 2976 200 3041 ὴ
227 2976 423 3044 κρίσις;
466 2977 545 3031 Τὸ
576 2978 745 3047 μηδὲν
768 2980 953 3033 ἄδικον
995 2982 1089 3032 καὶ
1119 2980 1314 3047 ἄλογον
1345 2982 1551 3041 ποιεῖν,
1598 2980 1735 3035 ἀλλὰ

175 3068 323 3121 πάντα
354 3071 701 3141 κεκριμένως
741 3072 835 3123 καὶ
882 3072 1023 3140 μετά
1056 3072 1239 3141 λόγου.
1288 3074 1499 3129 Αὐτίκα
1525 3076 1633 3145 γὰρ
1666 3077 1732 3144 τῇ

176 3160 321 3230 κρίσει
345 3164 538 3218 ἕπεται
568 3165 662 3216 καὶ
688 3165 715 3216 ὁ
744 3164 913 3228 ἔλεος.
950 3167 1007 3218 '0
1042 3167 1152 3236 γὰρ
1184 3166 1527 3237 κεκριμένως
1566 3170 1734 3222 ποιῶν

174 3250 323 3303 πάντα
345 3292 357 3315 ,
398 3249 510 3315 οἶδε
540 3254 633 3306 καὶ
668 3254 820 3315 τίνας
859 3255 942 3307 δεῖ
977 3234 1150 3309 ἐλεεῖν
1173 3272 1185 3286 °
1220 3234 1300 3326 τῶ
1331 3234 1387 3310 δὲ
1438 3258 1573 3329 ἐλέῳ
1600 3260 1731 3313 ἱπε-
1762 3234 1803 3293 C

173 3358 244 3393 ται
278 3347 307 3415 ἠ
345 3347 554 3409 πίστις.
624 3345 697 3399 ⁸ον
734 3348 843 3416 γὰρ
888 3346 1057 3400 ἐλεῶν
1095 3348 1344 3402 πιστεύει
1382 3351 1601 3413 πάντως
1652 3350 1734 3403 ὃτι

175 3436 296 3489 οὐδὲν
323 3438 614 3504 ἀπολέσει,
652 3439 785 3492 ἀλλά
827 3440 1007 3493 πάντα
1042 3440 1271 3511 λήψεται
1294 3458 1306 3471 ·
1336 3442 1511 3504 ἄλλως
1541 3460 1621 3505 τε,
1654 3444 1735 3496 δεῖ

175 3528 347 3595 δλεεῖν,
397 3532 542 3587 ἀλλά
594 3535 686 3585 καὶ
740 3532 1020 3586 πιστεύειν
1071 3534 1192 3604 Θεῷ
1236 3533 1500 3605 ἀληθινῷ.
1540 3537 1734 3589 Πολλοὶ

174 3620 257 3691 γὰρ
280 3622 383 3678 τῶν
432 3624 706 3695 Ἐλλήνων
742 3625 892 3679 ἔλεον
922 3626 1019 3695 μὲν
1049 3620 1218 3697 εἶχον,
1277 3626 1355 3698 μὴ
1383 3630 1732 3694 πιστεύοντες

173 3714 216 3765 δὲ
240 3719 309 3779 είς
337 3719 427 3771 τὸν
455 3716 638 3781 ζῶντα
669 3719 825 3781 Θεὸν,
873 3721 975 3771 οὐκ
1008 3716 1154 3789 εἶχον
1185 3719 1262 3790 τῷ
1286 3719 1421 3790 ἐλέῳ
1461 3721 1735 3791 ἑπομένην

174 3806 251 3874 τὴν
288 3809 487 3862 πίστιν.
531 3812 622 3862 Δεῖ
654 3808 745 3861 οὖν
786 3810 1017 3863 ἕκαστον
1047 3811 1155 3863 τῶν
1204 3810 1547 3865 διδασκάλων
1595 3812 1735 3865 ἀπο-

173 3899 401 3954 ὰκατοῦν
428 3902 543 3955 ἀπὸ
577 3902 668 3954 τοῦ
705 3902 838 3955 λαοῦ
884 3902 1049 3955 αὑτοῦ
1072 3944 1084 3967 ,
1130 3904 1411 3958 τουτέστιν
1434 3946 1447 3969 ,
1481 3907 1734 3960 ἀπαιτεῖν

173 3990 263 4043 ἀπὸ
282 3992 385 4045 τῶν
418 3994 556 4047 δέκα
584 3994 912 4064 αἰσθήσεων,
941 3995 1052 4047 τῶν
1078 3996 1237 4048 πέντε
1274 3996 1606 4065 σωματικῶν
1641 3998 1733 4050 καὶ

172 4084 261 4135 τῶν
296 4088 453 4141 πέντε
502 4086 789 4157 ψυχικῶν,
831 4086 929 4157 τὴν
962 4089 1145 4156 κρίσιν
1176 4090 1271 4141 καὶ
1317 4088 1409 4141 τὸν
1458 4089 1606 4143 ἔλεον
1642 4092 1734 4143 καὶ

172 4176 250 4239 τὴν
274 4178 465 4232 πίστιν·
494 4178 556 4231 τὸ
576 4179 654 4243 δὲ,
680 4178 862 4251 Ταῦτα
886 4178 989 4230 ἔδει
1014 4181 1259 4249 ποιῆσαι,
1283 4176 1437 4232 εἶπεν
1460 4180 1487 4231 ὁ
1509 4182 1731 4249 Κύριος,

172 4269 219 4321 οὐ
249 4271 687 4341 προτρεπόμενος
727 4271 821 4325 ἐπὶ
865 4274 928 4324 τὸ
970 4272 1341 4325 ἀποδεκατοῦν
1383 4277 1449 4326 τὰ
1482 4274 1729 4341 λάχανα,

171 4360 264 4413 ἀλλ’
300 4364 385 4417 ἴνα
438 4364 518 4435 μὴ
567 4364 693 4436 δόξῃ
752 4364 1188 4433 ἀντινομοθετεῖν
1231 4365 1368 4427 τέως
1400 4365 1481 4437 τῷ
1522 4368 1733 4423 Μωσεί.

180 4454 413 4527 Ὀδηγοὺς
437 4458 495 4511 δὲ
528 4458 761 4525 τυφλοὺς
792 4458 987 4521 αὐτοὺς
1021 4457 1276 4527 ὀνομάζει
1300 4500 1311 4517 ,
1338 4458 1472 4511 διότι
1501 4459 1733 4527 αὐχοῦν-

169 4563 243 4610 τες
276 4550 546 4605 διδάσκειν
582 4554 675 4605 καὶ
727 4552 906 4604 πάντα
944 4552 1172 4614 εἰδέναι,
1217 4552 1409 4604 οὐδένα
1449 4552 1727 4621 ὠφέλουν,
1764 4575 1810 4633 ο

170 4641 283 4695 ἅ).λά
338 4645 431 4699 καὶ
488 4644 691 4714 μᾶλλον
748 4643 956 4705 πάντας
1011 4643 1353 4711 διέφθειρον,
1406 4646 1486 4706 είς
1540 4644 1733 4716 βόθρον

173 4733 424 4799 ῥίπτοντες
450 4735 736 4799 ἀπιστίας.
763 4736 866 4788 Τὸν
896 4736 1133 4789 κώνωπα
1163 4736 1220 4787 δὲ
1247 4736 1585 4800 διυλίζοντας
1609 4739 1734 4792 τού-

169 4839 272 4887 τους
306 4828 597 4899 ὀνομάζει,
630 4828 707 4891 ὡς
754 4826 821 4881 τὰ
867 4827 964 4895 μὲν
997 4828 1169 4898 μικρά
1208 4830 1587 4899 ἁμαρτήματα
1626 4848 1732 4886 πα-

172 4919 677 4990 ραφυλαττομένους,
712 4918 812 4989 τὴν
838 4919 893 4973 δὲ
922 4919 1189 4990 κάμηλον,
1224 4919 1342 4991 ἦτοι
1378 4922 1445 4976 τά
1494 4924 1729 4993 μεγάλα,

170 5013 551 5074 καταπίνοντας
584 5012 683 5066 καὶ
720 5013 1099 5081 παρορῶντας.

230 5126 247 5158 ι
280 5110 409 5163 Οὐαὶ
434 5110 589 5180 ὑμῖν,
618 5108 971 5179 Γραμματεῖς
993 5110 1085 5162 καὶ
1107 5110 1392 5179 Φαρισαῖοι
1420 5114 1732 5185 ὑποκριταὶ,

164 5197 232 5264 ,ὅτι
262 5202 583 5273 καθαρίζετε
607 5200 881 5265 τδέξωθεν
910 5200 1001 5255 τοῦ
1038 5203 1301 5271 ποτηρίου
1329 5204 1421 5256 καὶ
1451 5205 1551 5273 τῆς
1585 5223 1731 5277 παρ.

171 5288 355 5356 οῷίδος,
393 5292 601 5345 ἔσωθεν
644 5292 712 5361 δὲ,
749 5292 1013 5361 γέμουσιν
1060 5293 1118 5359 ἐξ
1176 5294 1432 5364 ἀρπαγῆς
1484 5298 1579 5349 καὶ
1618 5298 1734 5351 ἀδι-

172 5382 291 5445 κίας.
329 5386 594 5455 Φαρισαῖε
642 5384 841 5452 τυφλέ,
880 5384 1179 5454 καθάρισον
1232 5387 1450 5457 πρῶτον
1479 5388 1540 5442 τὸ
1582 5390 1734 5455 ἐντὸς

170 5463 241 5525 τῦὖ
270 5479 531 5549 ποτηρίου
562 5478 658 5531 καὶ
686 5479 783 5548 τῆς
823 5477 1138 5551 παροψίδος,
1179 5480 1264 5533 ῖνα
1300 5486 1523 5551 γένηται
1551 5483 1645 5535 καὶ
1676 5482 1735 5535 τὸ

173 5564 300 5629 em;
331 5569 515 5623 αὐτῶν
555 5568 817 5639 καθαρόν.
860 5590 879 5621 ι
928 5571 1039 5633 Τὰς
1082 5571 1414 5641 παραδόσεις
1458 5571 1567 5625 τῶν
1596 5589 1735 5642 πρε-

175 5658 419 5727 σευτέρων
463 5662 826 5733 κρατοῦντες,
866 5663 1094 5716 ἔπλυνον
1126 5664 1194 5717 τὰ
1226 5664 1462 5735 ποτήρια
1497 5666 1593 5718 καὶ
1635 5666 1734 5728 τὰς

174 5752 471 5820 παροψίδας,
516 5754 784 5817 τουτέστι,
832 5756 958 5819 τοὺς
1015 5756 1250 5819 πίνακας
1296 5758 1354 5809 ὲν
1386 5753 1467 5819 οἷς
1512 5758 1581 5809 τὰ
1628 5755 1737 5826 δψα

172 5838 416 5896 τίθενται·
452 5843 514 5909 ἐξ
549 5846 800 5914 ἁρπαγῆς
832 5846 888 5899 δὲ
913 5847 1097 5901 ἔπινον
1129 5842 1303 5913 οἶνον,
1338 5851 1432 5901 καὶ
1462 5850 1738 5919 ἐδέσματα

175 5933 350 6004 ﬁcium,
373 5937 404 5990 ἃ
424 5939 683 6008 ἐμόλυνον
706 5959 736 6010 μ
751 5940 906 5993 ἄλλον
924 5941 1079 5996 αὐτά·
1109 5941 1199 6011 Μὴ
1224 5942 1397 6013 κτήσῃ
1415 5937 1530 6009 “'3'”,
1550 5941 1738 6012 φηθὶνθ

1832 1960 2095 2028 judicium
2132 1981 2193 2015 ac
2224 1965 2654 2018 miscricordiam
2687 1974 2741 2019 et
2780 1965 2961 2019 ﬁdem.
3003 1964 3127 2019 Haec
3153 1967 3441 2033 oportebat

1840 2054 2039 2115 facere,
2072 2063 2125 2108 ct
2158 2055 2242 2106 illa
2282 2071 2388 2107 non
2419 2056 2690 2109 omittere.
2744 2056 2915 2110 Duces
2949 2056 3099 2119 caeci,
3129 2056 3443 2113 excolaotes

1838 2144 2085 2209 calicem,
2140 2148 2407 2200 camelum
2465 2156 2644 2200 autem
2691 2148 3005 2216 glutientes.
3046 2166 3063 2199 ι
3106 2147 3306 2203 lterum
3340 2148 3442 2202 ob-

1836 2237 2021 2306 jurgat
2094 2253 2189 2291 eos
2246 2247 2302 2291 ut
2355 2223 2694 2309 insipientes,
2728 2255 2790 2293 eo
2833 2240 2977 2307 quod
3025 2251 3441 2307 contemnentes

1842 2334 2097 2383 mandata
2136 2333 2367 2401 majora,
2402 2333 2454 2386 in
2486 2332 2669 2401 parvis
2708 2332 2998 2401 diligentes
3036 2344 3212 2398 erant,
3262 2344 3441 2403 et-cy-

1839 2424 1967 2476 mini
2009 2423 2429 2478 .decimationem
2464 2440 2568 2479 non
2604 2425 2969 2495 negligebant,
3020 2425 3115 2481 sed
3147 2427 3276 2480 illud
3312 2442 3447 2495 quo-

1838 2526 1941 2579 que
1968 2513 2330 2568 decimabant.
2361 2513 2425 2569 Et
2456 2514 2498 2569 si
2524 2515 2645 2584 quis
2670 2516 3109 2583 reprehendisset
3139 2526 3195 2571 ut
3222 2532 3441 2585 parcos,

1839 2604 2207 2671 praetexebant
2236 2605 2406 2675 legem
2441 2606 2543 2661 hoc
2569 2608 2787 2661 docere.
2809 2606 3003 2661 Melius
3039 2616 3218 2662 autem
3249 2608 3442 2661 fuisset

1839 2708 1902 2747 ac
1942 2694 2100 2765 126
2133 2694 2241 2748 Deo
2268 2697 2497 2765 gratius,
2537 2698 2581 2750 si
2614 2696 2881 2766 judicium
2912 2707 2965 2751 et
3000 2698 3436 2752 misericordiam

1836 2797 1891 2840 et
1925 2787 2081 2840 tidem
2112 2789 2444 2855 expetissent
2483 2803 2511 2841 a
2547 2788 2762 2858 pepulo.
2798 2788 2938 2855 Quid
2973 2800 3156 2845 autem
3189 2790 3443 2856 estjudi—

1838 2878 2025 2931 cium?
2054 2878 2198 2931 Nihil
2222 2880 2481 2945 iniustum
2511 2881 2881 2933 etabsurdum
2907 2880 3110 2945 facere,
3140 2880 3234 2936 sed
3256 2882 3439 2937 omnia

1838 2986 1959 3024 cum
1992 2969 2197 3037 judicio
2229 2980 2280 3022 et
2306 2972 2536 3026 ratione.
2565 2970 2760 3027 Statim
2794 2972 3225 3043 enimjudicium
3251 2976 3439 3044 sequi-

1842 3072 1926 3116 tur
1961 3074 2013 3116 et
2048 3064 2442 3119 misericordia.
2477 3064 2581 3131 Qui
2617 3068 2761 3119 enim
2798 3065 3035 3119 discrete
3073 3063 3206 3121 facit
3231 3068 3438 3132 omnia,

1840 3157 1939 3210 scit
1968 3168 2019 3209 et
2047 3156 2735 3225 quosdebeat'misereri:
2779 3159 3213 3215 misericordiam
3257 3168 3437 3217 autem

1840 3250 2085 3317 sequitur
2133 3248 2284 3302 ﬁdes.
2322 3249 2425 3313 Qui
2457 3251 2601 3305 enim
2656 3252 2964 3317 miseretur,
3008 3254 3183 3306 credit
3210 3256 3438 3309 omnino

1841 3342 1983 3409 quod
2019 3340 2150 3394 nihil
2185 3342 2397 3409 perdat,
2433 3343 2526 3397 sed
2575 3344 2760 3397 omnia
2801 3346 3059 3413 accipiat.
3121 3346 3211 3399 Vel
3250 3347 3438 3410 aliter,

1840 3442 2053 3502 oportet
2096 3434 2366 3497 misereri,
2403 3443 2457 3488 et
2508 3438 2731 3489 credere
2764 3436 2873 3490 Deo
2907 3452 3055 3492 vero.
3096 3437 3245 3493 Multi
3292 3442 3439 3494 enim

1840 3541 2171 3593 paganorum
2222 3527 2609 3581 misericordes
2639 3528 2858 3597 quidem
2896 3528 3137 3595 fuerunt,
3174 3546 3279 3585 non
3320 3549 3441 3587 cre-

1841 3619 2031 3671 dentes
2063 3628 2241 3674 autem
2274 3620 2325 3674 in
2375 3621 2543 3675 Deum
2578 3621 2780 3686 vivum,
2810 3640 2917 3676 non
2942 3624 3249 3679 habuerunt
3276 3628 3443 3681 mise-

1842 3713 2087 3768 ricordiae
2112 3717 2366 3769 comitem
2397 3715 2579 3771 ﬁdem.
2602 3716 2829 3784 Oportet
2856 3726 3043 3771 autem
3073 3733 3440 3789 unumquem-

1838 3824 1943 3879 que
1962 3810 2246 3863 doctorum
2276 3808 2549 3863 decimare
2566 3824 2593 3861 a
2614 3808 2813 3879 populo
2838 3825 2958 3874 suo,
2996 3810 3097 3864 hoc
3118 3821 3224 3877 est,
3254 3821 3443 3883 petere

1839 3918 1867 3957 a
1901 3904 2085 3956 decem
2120 3902 2393 3965 sensibus,
2427 3902 2530 3956 hoc
2564 3910 2667 3965 est,
2703 3916 2729 3955 a
2758 3902 3006 3972 quinque
3037 3906 3439 3973 corporalibus,

1838 4003 1895 4047 ct
1923 3996 2164 4063 quinque
2194 3993 2542 4057 animalibus,
2570 3994 2863 4064 judicium,
2922 3997 3355 4053 misericordiam
3387 4012 3443 4055 et

1841 4086 2022 4139 ﬁdem.
2053 4083 2176 4139 Htcc
2216 4086 2433 4155 quidem
2457 4086 2745 4156 oportebat
2774 4086 2979 4154 facere,
3004 4088 3136 4143 dicit
3168 4087 3441 4151 Christus,

1841 4191 1947 4230 non
1968 4178 2265 4231 adhortans
2289 4179 2353 4231 ad
2375 4177 2755 4231 decimandum
2784 4178 3002 4246 herbas,
3024 4180 3117 4234 sed
3146 4194 3214 4234 ne
3233 4180 3442 4235 videre-

1843 4275 1929 4319 tur
1948 4277 2073 4320 tunc
2096 4268 2403 4321 contrarius
2421 4266 2608 4337 Moysi.
2632 4267 2809 4322 Duces
2835 4279 3016 4324 autem
3038 4285 3210 4324 caseos
3232 4287 3327 4326 eos
3350 4290 3443 4326 uo-

1842 4359 2033 4423 minat,
2061 4372 2124 4412 eo
2143 4360 2284 4427 quod
2304 4359 2678 4427 gloriabantur
2695 4374 2752 4414 se
2778 4361 2958 4415 omnia
2984 4364 3123 4418 scire
3143 4371 3197 4419 et
3219 4365 3439 4431 docrre,

1842 4452 2085 4520 nullique
2115 4451 2433 4519 proderant,
2474 4454 2565 4505 sed
2594 4468 2784 4509 omnes
2810 4455 2986 4523 potius
3014 4460 3441 4526 corrumpebant

1844 4544 1896 4596 in
1954 4542 2273 4596 barathrum
2352 4542 2693 4599 infidelitatis
2754 4543 3125 4612 projicientes.
3197 4547 3438 4602 Culicem

1844 4645 2023 4688 autem
2047 4636 2363 4690 excolantes
2386 4651 2479 4689 eos
2509 4637 2775 4699 nominat,
2807 4646 2865 4690 ut
2888 4652 3048 4706 parva
3087 4649 3305 4707 peccata
3342 4643 3440 4694 ob-

1843 4738 2125 4783 servantes
2149 4770 2163 4791 ,
2201 4728 2468 4783 camelum
2508 4736 2709 4795 autem,
2763 4732 2867 4785 hoc
2900 4739 3002 4797 est,
3038 4748 3231 4803 magna
3260 4731 3443 4805 degit».

1847 4821 2041 4876 ticutes
2072 4830 2123 4874 et
2159 4820 2539 4890 despiciestes.

1917 5112 2086 5166 Vens.
2127 5108 2218 5173 25,
2254 5106 2347 5162 26.
2387 5126 2405 5159 ι
2442 5105 2533 5162 Va:
2598 5106 2773 5172 vobis,
2826 5106 3031 5163 Scriba:
3086 5118 3138 5164 et
3176 5107 3438 5168 Pharisaei

1841 5204 2160 5279 hypocrita,
2190 5202 2316 5272 quia
2357 5199 2601 5270 purgatis
2649 5201 2977 5255 exteriorem
3002 5202 3176 5269 poculi
3212 5205 3439 5271 patina:—

1841 5313 1945 5368 que
1990 5307 2226 5366 partem,
2266 5304 2521 5349 caeterum
2565 5293 2710 5348 intus
2758 5294 2914 5360 plena
2967 5306 3093 5348 sunt
3153 5296 3340 5365 rapina
3382 5309 3439 5351 et

1840 5388 2284 5459 intemperantia.
2308 5387 2581 5441 Pharisaze
2609 5402 2773 5450 careo,
2800 5402 2967 5457 purga
3002 5387 3151 5456 prius
3176 5390 3320 5456 quod
3356 5402 3439 5443 est

1840 5482 1979 5535 intra
2014 5480 2264 5549 poculum
2297 5488 2353 5532 et
2399 5478 2662 5547 patinam,
2698 5483 2755 5529 ut
2805 5490 2860 5530 et
2907 5478 3205 5531 exteriores
3243 5480 3436 5532 horum

1844 5583 2028 5643 partes
2056 5588 2203 5640 porte
2242 5572 2563 5625 reddantur.
2608 5589 2625 5622 ι
2660 5568 2760 5632 Qui
2802 5571 3125 5623 traditiones
3154 5572 3431 5624 seniorum

1845 5666 2237 5728 observabant,
2298 5664 2557 5718 lavabant
2617 5664 2813 5717 calices
2848 5673 2903 5717 et
2953 5662 3290 5732 paropsides,
3336 5664 3439 5717 hoc

1845 5768 1927 5812 est
1982 5758 2214 5825 patinas,
2246 5758 2298 5810 in
2330 5757 2528 5824 quibus
2558 5757 2783 5825 opsonia
2812 5765 3121 5825 ponuntur:
3153 5770 3217 5808 ex
3246 5756 3433 5822 rapina

1847 5861 2026 5904 autem
2070 5848 2328 5903 bibebant
2370 5850 2574 5915 vinum,
2628 5859 2680 5903 et
2715 5849 3070 5903 comedebant
3121 5846 3274 5899 cibos
3343 5849 3435 5915 qui

1850 5939 2019 6010 magis
2046 5939 2494 6009 coinquiuabaut.
2535 5938 2673 5994 Dicit
2711 5937 2904 6008 igitur:
2937 5934 3010 5991 Nc
3034 5931 3315 6003 possideas
3348 5932 3430 5985 vi-
