4010 6416
588 493 693 560 403

1432 482 2007 547 THEOPHYLACTI
2045 478 2456 541 BELGARIE
2494 475 2848 537 ARCIIIEP.

3722 463 3828 528 404

589 631 713 669 nmn
752 613 947 683 injuste
974 618 1203 682 partum,
1257 614 1310 662 et
1362 607 1590 660 mundus
1624 604 1782 657 etiam
1836 602 1977 655 intus
2011 599 2148 656 calix

2269 596 2393 653 δῖνον
2436 596 2495 661 ἐξ
2528 596 2768 661 ἀδικίας,
2799 594 2893 647 καί⁵
2937 590 3146 660 γίνεται
3180 586 3367 642 λοιπὸν
3406 586 3468 641 τὺ
3498 584 3704 640 ἔσωθεν
3730 582 3825 637 τοῦ

590 709 716 759 erit.
770 705 864 759 Vel
899 718 1000 757 non
1031 702 1095 756 de
1134 699 1392 756 calicibus
1426 706 1479 752 et
1513 696 1711 764 patinis
1764 693 1912 758 dicit,
1967 694 2060 747 sed
2087 694 2153 745 de

590 804 810 849 externa
839 804 892 847 et
932 792 1198 861 corporali
1222 789 1554 851 habitudine,
1583 799 1635 841 et
1672 787 1879 839 interna
1913 794 1965 839 et
1990 784 2151 849 spiri-

591 887 740 940 tnali.
775 883 853 937 Tu
886 885 1052 947 enim,
1087 883 1280 952 inquit,
1311 881 1606 935 exteriores
1636 877 1809 948 poculi
1832 886 2029 945 partes,
2052 875 2154 927 hoc

588 988 668 1031 est
708 958 1048 1031 [exteriorem
1100 986 1241 1030 tuam
1293 974 1679 1037 habitudinem,
1713 970 1894 1032 fricas,
1930 978 1985 1021 ut
2046 966 2156 1021 ele-

586 1068 864 1134 gantiores
897 1069 1004 1120 sint
1031 1083 1044 1119 :
1074 1068 1215 1119 intus
1252 1075 1426 1117 autem
1466 1075 1515 1116 te
1543 1064 1732 1129 imples
1750 1062 2021 1121 sordibus,
2051 1060 2153 1113 hoc

586 1168 690 1223 ρει,
743 1158 944 1226 rapinis
968 1160 1019 1211 et
1055 1157 1248 1224 injuria
1283 1156 1413 1210 alios
1466 1153 1651 1209 aiiieis.
1703 1150 1927 1222 Oportet
1970 1160 2149 1203 autem

588 1261 638 1301 te
670 1252 811 1303 intus
834 1250 1024 1313 lavari,
1058 1250 1157 1305 hoc
1198 1252 1354 1304 estin
1384 1250 1584 1309 anima,
1614 1258 1669 1299 ut
1701 1247 1931 1313 puritate
1960 1244 2151 1297 animae

586 1341 966 1396 celtouestetur
995 1350 1048 1395 et
1071 1342 1303 1395 exterior
1340 1340 1586 1409 dignitas.

658 1514 821 1570 Vens.
846 1517 934 1581 27,
967 1516 1053 1571 28.
1092 1535 1108 1567 ι
1148 1515 1232 1569 ναι
1264 1518 1437 1578 vobis,
1468 1514 1669 1570 Scriba:
1695 1524 1747 1569 et
1768 1513 2023 1568 Pharisaai
2053 1516 2151 1585 hy-

584 1610 828 1677 pocritae,
862 1609 981 1675 quia
1019 1608 1222 1662 similes
1256 1610 1385 1662 estis
1415 1609 1675 1676 sepulcris
1715 1608 1997 1668 dealbatis,
2034 1620 2152 1673 qum

589 1700 721 1754 foris
749 1701 965 1769 quidem
1001 1701 1554 1770 apparentspeciosa,
1604 1700 1748 1754 intus
1775 1708 1952 1752 autem
1994 1698 2150 1767 plena

588 1800 713 1845 sunt
770 1792 984 1847 ossibus
1040 1801 1370 1845 mortuorum
1420 1791 1676 1859 omnique
1718 1792 1969 1860 spurcitia
2010 1808 2021 1842 :
2074 1791 2153 1843 sic

587 1889 641 1934 et
670 1895 761 1935 vos
798 1881 928 1935 foris
957 1882 1169 1950 quidem
1190 1882 1457 1949 apparetis
1482 1882 1789 1936 hominibus
1821 1882 1971 1951 justi,
2009 1882 2153 1935 intus

586 1984 765 2027 autem
807 1974 948 2043 pleni
996 1973 1123 2029 estis
1167 1974 1383 2028 fictione
1430 1984 1484 2028 et
1524 1974 1833 2043 iniquitate.
1876 1993 1895 2026 ι
1939 1975 2003 2027 Et
2041 1975 2154 2027 haec

585 2065 844 2133 parabole
876 2066 1127 2120 similiter
1155 2066 1467 2134 intelligitur
1504 2076 1557 2119 ut
1586 2066 1916 2135 praecedens.
1948 2066 2155 2120 Dubaut

585 2157 728 2211 enim
753 2171 969 2225 operam
1003 2166 1059 2210 ut
1088 2157 1342 2212 exteriori
1366 2156 1674 2211 habitudine
1708 2156 1889 2211 decori
1914 2157 2154 2211 videren-

586 2261 694 2310 tur,
723 2251 863 2304 sicut
888 2249 1135 2319 sepulcra
1173 2250 1438 2313 dealbata,
1484 2251 1535 2304 id
1564 2258 1645 2304 est
1672 2264 1838 2319 gypso
1860 2263 1916 2304 et
1938 2251 2165 2303 ashesto-

586 2340 856 2405 dealbata,
895 2342 1037 2396 intus
1067 2351 1243 2395 autem
1274 2342 1423 2396 omni
1454 2350 1505 2394 et
1534 2349 1865 2395 mortuorum
1897 2351 1949 2395 et
1985 2342 2156 2412 putri-

586 2429 777 2485 dorum
808 2444 1028 2498 operum
1061 2430 1401 2486 immunditia
1432 2441 1587 2486 erant
1612 2431 1777 2500 pleni.

661 2606 825 2662 Vens.
848 2608 1043 2662 29-3l.
1078 2627 1096 2659 ι
1126 2606 1216 2661 νεε
1248 2608 1419 2672 vobis,
1452 2607 1656 2663 Scriba:
1677 2619 1731 2663 et
1762 2607 2019 2663 Phariszei
2056 2612 2153 2679 Ity-

586 2704 829 2774 pocritte,
854 2704 1009 2772 137
1034 2703 1154 2770 quia
1180 2702 1459 2756 mdiﬂeatis
1486 2702 1727 2770 sepulcra
1753 2703 2153 2770 prophetarum,

586 2810 641 2853 et
674 2798 879 2852 ornatis
904 2805 1249 2850 monumenta
1269 2795 1558 2863 justorum,
1588 2809 1653 2849 ac
1683 2794 1859 2849 dicitis
1888 2812 1899 2847 :
1939 2793 1994 2847 Si
2026 2794 2159 2848 ruis—

586 2902 772 2943 semus
806 2887 857 2942 in
888 2886 1082 2941 diebus
1118 2893 1330 2950 patrum
1374 2893 1703 2947 nostrorum,
1738 2898 1839 2935 non
1872 2884 2159 2936 fuissemus

588 2977 725 3031 sorii
760 2990 944 3031 eorum
976 2975 1027 3027 in
1056 2976 1319 3043 sanguine
1347 2974 1757 3041 prephelarum.
1794 2972 1975 3039 Itaque
2007 2973 2158 3025 testi-

587 3068 771 3122 monio
801 3068 930 3121 estis
958 3064 1380 3133 vobismetipsis,
1404 3065 1546 3133 quod
1588 3064 1680 3117 ﬁlii
1702 3063 1822 3117 sitis
1850 3078 2033 3117 eorum
2070 3063 2157 3131 qui

590 3159 885 3227 prophetas
941 3156 1277 3210 occiderunt.
1320 3174 1339 3207 ι
1400 3153 1623 3207 Miseros
1679 3154 1810 3207 dicit
1860 3154 2002 3219 illos,
2055 3168 2158 3208 non

2254 690 2515 759 ποτηρίου
2543 687 2784 758 καθαρόν
2805 703 2819 716 ’
2849 685 2882 755 ἡ
2914 684 2975 737 οὐ
3002 683 3127 753 περὶ
3150 682 3426 751 ποτηρίων
3457 679 3556 732 καὶ
3577 676 3813 730 πινάκωε

2252 786 2433 856 λέγει,
2472 784 2605 837 ἀλλὰ
2640 783 2766 852 περὶ
2798 782 2896 851 τῆς
2930 776 3249 848 σωματικῆς
3291 774 3385 827 καὶ
3417 774 3523 840 ἔξω
3558 769 3809 826 καταστά

2255 896 2392 941 σεως
2412 920 2426 943 ,
2456 877 2550 929 καὶ
2594 875 2692 945 τῆς
2723 873 2832 927 έσω
2866 872 2960 926 καὶ
2992 867 3387 937 πνευματικῆς.
3431 866 3504 917 ΣΞ)
3540 865 3639 933 μὲν
3684 861 3796 932 γὰρ
3816 899 3833 924 ,

2254 972 2414 1041 φησι,
2462 969 2522 1022 τὸ
2564 968 2668 1033 ἔξω
2697 965 2789 1018 τοῦ
2808 963 3109 1033 ποτηρίου,
3167 959 3411 1013 τουτέστι
3461 956 3559 1025 τὴν
3591 956 3695 1021 ἔξω
3734 969 3835 1007 σου

2253 1062 2620 1122 κατάστασιν,
2664 1054 3020 1127 σχηματίζεις
3053 1053 3132 1115 είς
3163 1052 3224 1104 τὸ
3250 1047 3833 1119 σεμνοπρεπέστερον,

2251 1159 2312 1211 τὸ
2338 1157 2393 1209 δὲ
2432 1156 2536 1208 ἔσω
2579 1170 2671 1206 σου
2704 1152 2865 1220 γέμει
2898 1137 3103 1221 ῥύπου·
3135 1145 3405 1215 ἀρπάζεις
3438 1144 3548 1211 γὰρ
3577 1142 3672 1195 καὶ
3717 1139 3838 1193 ἁδι-

2254 1252 2388 1309 κεῖς.
2442 1249 2531 1298 Δεῖ
2575 1245 2630 1297 δὲ
2668 1243 2735 1295 τὰ
2769 1241 2877 1293 έσω
2910 1238 3151 1300 πλύνειν,
3189 1235 3430 1289 τουτέστι
3489 1231 3586 1298 τὴν
3630 1228 3835 1298 ψυχὴν.

2254 1342 2341 1393 ἵνα
2382 1341 2451 1407 τῇ
2495 1335 2831 1403 καθαρότητι
2888 1331 2984 1398 τῆς
3029 1328 3208 1398 ψυχῆς
3265 1321 3619 1392 συνεκλάμψῃ
3663 1320 3756 1371 καὶ
3800 1320 3835 1386 ἡ

2253 1431 2451 1498 ἔξωθεν
2483 1427 2911 1497 σεμνοπρέπεια.

2330 1543 2347 1574 ι
2394 1523 2532 1574 Οὐαὶ
2569 1519 2719 1587 ὑμῖν,
2764 1514 3117 1583 Γραμματεῖς
3160 1509 3253 1563 καὶ
3283 1508 3563 1579 Φαρισαῖοι
3604 1504 3840 1571 ὑποκρι-

2252 1615 2360 1679 ταὶ,
2395 1614 2478 1666 ὅτι
2511 1609 2913 1679 παρομοιάζετε
2951 1605 3143 1671 τάφοις
3179 1597 3603 1667 κεκονιαμένοις,
3637 1594 3841 1655 οἵτινες

2254 1706 2451 1771 ἔξωθεν
2491 1703 2590 1773 μὲν
2628 1701 2909 1768 φαίνονται
2947 1696 3169 1766 ὡραῖοι,
3216 1692 3417 1743 ἔσωθεν
3465 1689 3520 1740 δὲ
3569 1688 3843 1755 γέμουσιν

2253 1799 2453 1851 ὀστέων
2497 1793 2708 1862 νεκρῶν
2734 1832 2747 1852 ,
2798 1792 2888 1843 καὶ
2920 1788 3098 1855 πάσης
3134 1783 3509 1852 ἀκαθαρσίας·
3559 1777 3703 1831 οὑτω
3738 1776 3842 1828 καὶ

2254 1891 2434 1959 ὑμεῖς,
2467 1888 2665 1953 ἔξωθεν
2705 1884 2802 1954 μὲν
2834 1880 3090 1949 φαίνεσθε
3127 1881 3239 1938 τοῖς
3274 1873 3580 1945 ἀνθρώποις
3605 1871 3840 1929 δίκαιοι,

2257 1981 2457 2033 ἔσωθεν
2487 1978 2542 2030 δὲ
2591 1974 2779 2045 μεστοί
2828 1975 2950 2025 ὲστε
3001 1969 3341 2038 ὑποκρίσεως
3385 1966 3478 2017 καὶ
3510 1961 3766 2031 ἀνομίας.
3817 1977 3837 2009 ι

2255 2073 2363 2125 Καὶ
2410 2068 2546 2137 αὕτη
2607 2070 2640 2137 ἡ
2696 2064 2979 2134 παραϐολή
3018 2060 3222 2127 ὁμοίως
3274 2059 3474 2109 νοεῖται
3515 2055 3580 2123 τῇ
3633 2051 3848 2121 προλα-

2257 2163 2455 2233 ϐούσῃο
2490 2159 2818 2222 ἐσπούδαζον
2850 2157 2959 2225 γὰρ
2990 2156 3089 2223 τὴν
3129 2152 3227 2221 μὲν
3268 2149 3466 2215 ἔξωθεν
3500 2146 3845 2205 κατάστασιν

2259 2257 2444 2325 σεμνοὶ
2474 2252 2758 2323 φαίνεσθαι
2785 2291 2798 2313 ,
2840 2249 3030 2318 ὥσπερ
3063 2249 3111 2299 οἱ
3149 2246 3307 2313 τάφοι
3337 2243 3386 2295 οἱ
3422 2236 3843 2306 κεκονιαμένοι,

2255 2348 2501 2401 τουτέστι
2556 2348 2620 2415 τῇ
2656 2343 2811 2412 γύψῳ
2842 2342 2936 2394 καὶ
2976 2342 3041 2409 τῇ
3092 2336 3342 2405 ἀσϐέστῳ
3385 2326 3843 2397 λελευκασμένοιο

2256 2439 2325 2493 τὰ
2355 2440 2410 2491 δὲ
2466 2438 2575 2491 έσω
2610 2437 2785 2503 πάσης
2817 2432 3162 2502 ἀκαθαρσίας
3198 2428 3293 2481 καὶ
3317 2425 3527 2496 νεκρῶν
3557 2422 3652 2475 καὶ
3678 2434 3849 2489 σεση-

2260 2533 2436 2586 πότων
2466 2532 2643 2601 ἔργων
2670 2525 2811 2598 ἦσαν
2843 2526 3093 2595 πλήρεις.

2335 2642 2353 2675 ι
2382 2624 2515 2676 Οὑαὶ
2542 2622 2691 2691 ὑμῖν,
2710 2618 3063 2687 Γραμματεῖς
3090 2613 3185 2667 καὶ
3214 2610 3497 2683 Φαρισαῖοι
3522 2602 3847 2668 ὑποκριταὶ,

2258 2720 2340 2772 ὅτι
2374 2715 2707 2785 οἰκοδομεῖτε
2742 2712 2867 2772 τοὺς
2895 2709 3100 2774 τάφους
3133 2706 3241 2758 τῶν
3272 2700 3588 2773 προφητῶν,
3625 2698 3720 2750 καὶ
3749 2714 3846 2748 κο-

2262 2812 2447 2877 σμεῖτε
2498 2806 2565 2859 τὰ
2624 2804 2864 2875 μνημεῖα
2908 2800 3017 2854 τῶν
3046 2798 3303 2857 δικαίων,
3346 2794 3439 2846 καὶ
3482 2792 3668 2857 λέγετε
3713 2806 3729 2820 ·
3779 2786 3849 2838 Εἰ

2260 2898 2401 2971 ἦμεν
2445 2901 2501 2951 ὲν
2539 2900 2658 2957 ταῖς
2689 2895 2924 2965 ἡμέραις
2972 2892 3081 2945 τῶν
3112 2889 3363 2959 πατέρων
3404 2885 3594 2955 ἡμῶν,
3637 2886 3738 2935 οὑκ
3780 2880 3860 2934 ἂν

2262 2986 2405 3060 ἦμεν
2435 2985 2679 3041 κοινωνοὶ
2722 2984 2901 3037 αὐτῶν
2937 2984 3001 3035 δν
3038 2980 3117 3049 τῷ
3148 2980 3340 3047 αἵματι
3379 2976 3487 3029 τῶν
3525 2972 3857 3042 προφητῶν.

2267 3080 2429 3133 Ὥστε
2463 3077 2793 3149 μαρτυρεῖτε
2844 3074 3059 3133 ἑαυτοῖς
3102 3072 3183 3123 ὅτι
3220 3068 3324 3121 υἱοί
3359 3068 3479 3118 έστε
3516 3065 3621 3116 τῶν
3653 3079 3861 3130 φονευ-

2266 3175 2474 3227 σάντων
2512 3171 2638 3231 τοὺς
2667 3168 2975 3237 προφήτας.
3022 3182 3040 3214 ι
3080 3158 3369 3222 Ταλανίξει
3405 3156 3597 3217 αὐτοὺς
3622 3155 3722 3223 οὑχ
3765 3155 3859 3207 ὅτι

590 3250 733 3314 quod
777 3248 1021 3315 sepulcra
1088 3246 1358 3300 aediﬁcant
1408 3246 1788 3314 pr0plietarum
1831 3244 1957 3313 (hoc
2010 3244 2156 3298 enim

2269 3260 2599 3331 οἰκοδομοῦσι
2636 3259 2761 3319 τοὺς
2800 3257 3010 3333 τάφους
3034 3254 3142 3307 τῶν
3184 3250 3505 3322 προφητῶν⁴
3539 3246 3695 3299 τοῦτο
3736 3245 3861 3313 γὰρ

593 3338 706 3396 Deo
738 3336 998 3409 gratum),
1025 3339 1117 3391 sed
1152 3338 1273 3407 quia
1297 3338 1365 3389 ita
1392 3336 1738 3403 simulabant,
1758 3343 1810 3390 et
1829 3343 2006 3404 patres
2031 3348 2159 3391 suos

592 3432 1047 3497 condemnabam,
1068 3429 1354 3485 deteriores
1372 3430 1476 3484 illis
1490 3432 1833 3493 exsistentes,
1855 3427 2162 3497 malitiaque

592 3540 687 3579 eos
735 3523 1059 3578 excellentes
1100 3523 1495 3577 mentiebantur
1542 3520 1849 3585 manifeste,
1932 3520 2057 3589 quia
2108 3518 2161 3574 Si

592 3617 885 3672 fuissemus
940 3616 991 3670 in
1041 3614 1227 3670 diebus
1276 3624 1486 3684 patrum
1538 3624 1867 3675 nostrorum,
1924 3626 2030 3665 non
2076 3626 2165 3665 oc-

596 3710 925 3763 cidissemus
975 3708 1318 3777 prophetas:
1378 3708 1479 3775 ipsi
1551 3708 1695 3760 enim
1778 3705 2160 3774 pr0pltetarum

596 3801 885 3855 Dominum
947 3800 1117 3855 rabidi
1178 3801 1422 3855 occidere
1482 3798 1790 3868 cupiebant.
1851 3797 2057 3853 Idcirco
2108 3805 2160 3850 et

595 3890 726 3943 dicit
758 3908 776 3943 ι
1530 3894 1531 3897 “

670 3978 833 4035 Vsus.
863 3982 955 4044 ὅθ,
986 3981 1075 4035 35.
1122 4001 1140 4032 ι
1170 3962 1291 4034 ⁸νος
1339 3994 1551 4049 quoque
1583 3981 1799 4049 implete
1858 3995 2160 4041 mensuram

594 4085 810 4144 patrum
851 4083 1169 4128 vestrorum.
1192 4072 1500 4142 Serpentes,
1531 4073 1813 4143 progenies
1838 4074 2162 4141 viperarum,

597 4167 871 4233 quomodo
900 4164 1167 4234 eﬂ‘ugietis
1192 4166 1450 4234 judicium
1493 4166 1793 4234 gehennre?
1830 4183 1848 4214 ι
1898 4162 2013 4217 Non
2057 4164 2161 4215 im-

597 4268 775 4321 perat,
835 4267 931 4309 aut
961 4256 1229 4324 compellit
1277 4256 1397 4310 illos
1438 4264 1491 4309 ut
1526 4271 1585 4310 se
1641 4256 1907 4317 occidant,
1956 4256 2159 4319 dicens,

597 4346 820 4417 implete
856 4357 908 4401 et
957 4361 1049 4400 vos
1097 4362 1401 4400 mensuram
1445 4357 1655 4414 patrum
1680 4360 1982 4403 vestrorum
2023 4367 2036 4401 :
2072 4349 2165 4403 sed

597 4439 699 4491 hoc
733 4446 813 4490 est
846 4436 986 4504 quod
1023 4436 1344 4502 dicit:Quia
1388 4447 1665 4506 serpentes
1709 4440 1860 4498 estis.
1895 4447 1948 4491 et
1978 4438 2160 4492 talium

596 4537 812 4594 patrum
872 4528 1185 4595 progenies,
1236 4535 1289 4581 et
1331 4528 1384 4580 in
1434 4536 1578 4580 tanta
1634 4529 1841 4585 insania
1904 4529 2157 4584 obstinati

2266 3356 2573 3424 θεάρεστον·
2602 3350 2723 3403 ἀλλ’
2743 3350 2821 3401 ὃτι
2854 3346 3310 3417 προσποιούμενοι
3338 3340 3532 3405 ταῦτα,
3562 3340 3653 3392 καὶ
3679 3338 3860 3405 δῆθεν

2264 3443 2764 3511 καταγινώσκοντες
2800 3440 2907 3494 τῶν
2942 3439 3196 3507 πατέρων
3222 3436 3423 3497 αὑτῶν,
3456 3434 3675 3505 χείρονα
3703 3431 3862 3483 ὲκεί-

2266 3558 2370 3593 νων
2390 3539 2623 3601 ἐποίουν,
2660 3538 2753 3591 καὶ
2796 3533 3232 3605 ὑπερηκόντισαν
3276 3532 3516 3591 ἐκείνους
3547 3529 3614 3596 τῇ
3650 3525 3861 3595 κακίᾳ,

2266 3632 2582 3702 ψευδόμενοι
2608 3628 2920 3699 προφανῶς,
2950 3629 3055 3690 ὅτι,
3093 3626 3154 3678 ΕΙ
3186 3621 3326 3694 ἦμεν
3361 3626 3420 3675 ὲν
3452 3622 3569 3682 ταῖς
3607 3618 3863 3687 ἡμέραις

2266 3722 2375 3773 τῶν
2418 3713 2667 3789 πατέρων
2710 3716 2899 3786 ἡμῶν,
2931 3716 3029 3767 οὑκ
3070 3714 3135 3766 ἂν
3172 3713 3499 3779 ὲφονεύομεν
3533 3711 3657 3771 τοὺς
3705 3724 3861 3775 προ-

2267 3814 2461 3882 φήτας
2490 3812 2644 3864 αὐτοὶ
2673 3808 2779 3876 γὰρ
2812 3806 2902 3859 τὸν
2928 3806 3032 3858 τῶν
3060 3802 3357 3874 προφητῶν
3385 3801 3663 3868 Δεσπότην
3689 3797 3862 3851 ἐλύτ-

2266 3923 2372 3959 των
2402 3902 2678 3972 φονεῦσαι.
2712 3902 2801 3953 Διὸ
2827 3898 2919 3951 καί
2951 3912 3136 3967 φησιν’

2344 4017 2362 4047 ι
2410 3996 2519 4048 Καὶ
2559 3995 2715 4063 ὑμεῖς
2759 3990 3083 4061 πληρώσατε
3113 3988 3173 4039 τὸ
3224 3986 3419 4054 μέτρον
3445 3983 3558 4035 τῶν
3592 3980 3867 4051 πατέρων

2269 4087 2452 4157 ὑμῶν’
2484 4086 2671 4154 ὄφεις,
2707 4084 3018 4152 γεννήματα
3050 4078 3274 4148 ἐχιδνῶν
3295 4118 3309 4140 ,
3347 4076 3466 4138 πῶς
3497 4079 3707 4141 φύγητε
3742 4071 3866 4125 ἀπὸ

2266 4178 2366 4247 τῆς
2395 4176 2629 4247 κρίσεως
2659 4174 2757 4243 τῆς
2796 4173 3058 4241 γεέννης;
3102 4189 3119 4220 ι
3151 4171 3265 4221 Οὑκ
3296 4167 3599 4220 ἐπιτάττων
3623 4162 3860 4225 αὐτοὺς,

2267 4268 2299 4337 ἡ
2343 4265 2597 4319 συνωθῶν
2638 4264 2773 4335 πρὸς
2809 4263 2870 4315 τὸ
2900 4261 3158 4330 φονεῦσαι
3199 4258 3382 4321 αὑτὸν,
3414 4255 3561 4320 λέγει
3585 4253 3665 4318 τὸ,
3708 4252 3864 4322 Πλη-

2270 4360 2481 4429 ρῶσατε
2514 4357 2573 4410 τὸ
2598 4358 2794 4425 μέτρον
2816 4354 2925 4407 τῶν
2954 4352 3207 4422 πατέρων
3234 4349 3408 4417 ὑμῶν,
3440 4344 3575 4397 ἀλλὰ
3604 4340 3864 4396 τοιοῦτόν

2267 4468 2319 4504 τι
2346 4450 2515 4518 λέγει·
2552 4446 2769 4517 Ἐπειδὴ
2802 4446 2953 4515 ὄφεις
2977 4445 3097 4497 ἐστὲ
3130 4443 3220 4496 καὶ
3248 4442 3564 4509 γεννήματα
3591 4434 3864 4487 τοιούτων

2270 4543 2541 4613 πατέρων,
2576 4542 2669 4595 καὶ
2706 4543 2783 4602 είς
2810 4537 3078 4605 τοσαύτην
3104 4533 3301 4595 κακίαν
3332 4526 3860 4599 ὲξετραχηλίσθητε,

598 4619 749 4681 estis,
776 4627 833 4671 ut
862 4617 1183 4671 ineurabiles
1211 4617 1327 4671 sitis
1362 4618 1661 4687 :reliquum
1694 4630 1774 4675 est
1797 4635 1917 4675 eum
1950 4636 2160 4690 operam

2276 4630 2414 4685 ὥστε
2454 4632 2685 4691 ἀνιάτως
2717 4628 2897 4698 ἔχειν,
2938 4624 3345 4694 συντομώτερον
3385 4618 3724 4673 σπουδάσατε
3776 4635 3865 4669 νι-

599 4708 823 4771 dabitis,
858 4718 914 4761 ut
942 4719 1123 4777 patres
1159 4720 1365 4764 vestros
1417 4712 1667 4775 vincatis,
1696 4712 1796 4767 hoc
1824 4714 1928 4766 erit
1952 4704 2166 4782 quando

603 4817 691 4854 me
716 4802 995 4853 occidetis.
1016 4799 1167 4855 Tunc
1185 4802 1325 4865 enim
1358 4818 1626 4856 summum
1660 4804 1875 4857 malitia:
1907 4806 2164 4865 verticem

602 4892 1041 4959 apprehendetis,
1094 4907 1215 4947 cum
1281 4892 1535 4946 omissam
1600 4908 1628 4945 a
1673 4894 1918 4962 patribus
1975 4900 2168 4951 vestris

600 4984 801 5036 caedem
845 4983 1155 5050 implebitis.
1200 4984 1332 5037 Cum
1362 4984 1523 5054 igitur
1556 4985 1686 5039 tales
1716 4986 1855 5051 sitis,
1900 4988 2170 5055 quomodo

599 5087 815 5141 poenam
851 5076 1153 5142 eﬂ'ugietist

680 5170 836 5221 Vsus.
869 5167 961 5221 54.
1000 5186 1017 5218 ι
1046 5166 1171 5220 Ideo
1190 5182 1314 5221 ecce
1343 5182 1442 5237 ego
1475 5170 1627 5219 mitto
1658 5171 1722 5221 ad
1752 5185 1848 5224 vos
1880 5172 2169 5239 prophetas

606 5271 659 5312 et
689 5261 981 5329 sapientes,
1015 5270 1066 5312 et
1091 5260 1322 5325 scribas,
1339 5271 1392 5311 et
1419 5260 1625 5313 illorum
1654 5262 1859 5331 aliquot
1884 5264 2165 5324 occldetis,

609 5351 1065 5419 cruciﬁgetisque,
1132 5361 1186 5403 et
1224 5350 1434 5404 illorum
1488 5352 1778 5407 nonnullos
1829 5352 2169 5422 ﬂagellabitis

609 5439 664 5492 in
689 5439 974 5508 synagogis
1006 5442 1227 5503 vestris,
1249 5450 1302 5493 et
1337 5444 1733 5509 persequentini
1766 5444 1829 5496 de
1862 5445 2083 5497 civitate
2118 5447 2166 5497 in

607 5531 902 5583 civitatem.
947 5548 965 5580 ι
1006 5531 1191 5598 Arguit
1230 5534 1347 5585 illos
1392 5536 1676 5597 mendacii,
1732 5536 1969 5589 dicentes
2032 5538 2171 5605 quod

610 5620 665 5674 Si
693 5618 978 5674 fuissemus
1015 5621 1065 5672 itt
1087 5620 1269 5675 diebus
1296 5632 1505 5689 patrum
1540 5631 1863 5690 nostrorum,
1896 5638 1999 5677 non
2031 5625 2173 5678 oeci-

609 5713 876 5765 dissemus
906 5712 1211 5779 prophetas.
1264 5713 1403 5768 Ecce
1438 5713 1581 5767 enim
1623 5728 1739 5781 ego,
1788 5714 1982 5783 inquit,
2018 5716 2172 5769 mitto

606 5804 923 5873 prophetas,
949 5813 1003 5859 et
1030 5806 1314 5871 sapientes,
1338 5816 1390 5861 et
1419 5806 1907 5870 scribas;attamen
1935 5822 2029 5862 vos
2054 5808 2173 5862 illos

608 5893 885 5951 eccidetis.
917 5897 985 5950 De
1014 5896 1270 5967 apostolis
1292 5907 1464 5952 autem
1486 5898 1597 5951 hmo
1617 5896 1763 5963 dicit,
1784 5913 1917 5966 quos
1939 5898 2172 5965 Spiritus

2273 4722 2441 4791 κῆσαι
2468 4722 2593 4783 τοὺς
2632 4721 2883 4789 πατέρας
2906 4715 3061 4787 ὑμῶν
3085 4732 3097 4745 ·
3130 4712 3287 4766 τοῦτο
3317 4711 3372 4763 δὲ
3407 4711 3582 4774 ἔσται,
3622 4707 3716 4759 ἐὰν
3754 4706 3864 4775 ἐμὲ

2273 4814 2569 4884 φονεύσητε
2595 4832 2608 4845 ο
2636 4812 2767 4865 αὐτὸ
2797 4811 2905 4880 γὰρ
2936 4811 2996 4862 τὸ
3044 4808 3342 4877 ἀκρότατον
3391 4804 3490 4872 τῆς
3520 4800 3717 4861 κακίας
3756 4817 3868 4851 κας

2272 4905 2573 4975 ταλὴψεσθε
2590 4946 2604 4970 ,
2640 4904 2734 4957 ἐὰν
2761 4903 2857 4971 τὴν
2884 4902 3235 4954 ἐλλείπουσαν
3260 4899 3369 4958 τοῖς
3395 4893 3663 4962 πατράσιν
3694 4891 3873 4959 ὑμῶν.

2278 4994 2585 5065 μιαιφονίαν
2616 4992 3047 5063 ἀναπληρώσητε
3074 5007 3085 5019 ·
3124 4990 3239 5051 πῶς
3272 4987 3362 5041 οὖν
3402 4985 3629 5039 τοιοῖτοι
3662 4981 3820 5051 ὄντες
3843 5021 3877 5045 ,,

2274 5086 2480 5157 φύγητε
2513 5085 2609 5155 τὴν
2639 5085 2857 5137 κόλασιν
2874 5101 2888 5149 ;

2351 5197 2369 5229 ι
2410 5177 2506 5230 Διὰ
2535 5175 2693 5229 τοῦτο
2732 5175 2837 5227 ίδοὺ
2869 5174 2977 5243 ἐγὼ
3017 5171 3329 5226 ἀποστέλλω
3366 5169 3503 5239 πρὸς
3529 5168 3671 5237 ὑμᾶς
3709 5181 3860 5234 προ-

2276 5271 2472 5339 φὴτας,
2508 5271 2601 5321 καὶ
2638 5268 2855 5335 σοφοὺς,
2894 5256 2990 5319 καὶ
3020 5266 3366 5337 γραμματεῖς
3396 5280 3408 5293 ο
3448 5262 3541 5315 καὶ
3580 5259 3638 5323 ὲξ
3669 5258 3867 5311 αὑτῶν

2276 5362 2624 5413 ἀποκτενεῖτε
2666 5358 2761 5411 καὶ
2796 5358 3174 5427 σταυρώσετε,
3221 5357 3315 5407 καὶ
3356 5354 3415 5418 ἐξ
3443 5352 3622 5408 αὑτῶν
3650 5368 3859 5421 μαστι-

2276 5446 2483 5514 γώσετε
2546 5448 2603 5499 ὲν
2653 5448 2772 5509 ταῖς
2839 5444 3180 5514 συναγωγαῖς
3238 5444 3424 5512 ὑμῶν,
3487 5443 3582 5496 καὶ
3632 5440 3859 5506 διώξετε

2276 5538 2385 5592 ἀπὸ
2440 5536 2645 5599 πόλεως
2681 5538 2760 5599 είς
2810 5536 2983 5589 πόλιν.
3026 5556 3043 5587 ι
3087 5536 3330 5605 Ἐλέγχει
3376 5534 3595 5596 αὐτοὺς,
3638 5532 3859 5600 ψευδῶς

2277 5631 2549 5692 εἰπόντας,
2590 5630 2668 5681 ὃτι
2702 5629 2761 5680 El
2787 5624 2926 5699 ἦμεν
2959 5630 3013 5680 ὲν
3042 5631 3159 5690 ταῖς
3196 5629 3429 5698 ἡμέραις
3460 5627 3566 5677 τῶν
3598 5625 3857 5695 πατέρων

2278 5720 2469 5790 ἡμῶν,
2524 5719 2623 5771 οὑκ
2678 5718 2745 5771 ἂν
2797 5719 3125 5787 έφονεύομεν
3173 5720 3299 5781 τοὺς
3343 5716 3646 5787 προφήτας.
3719 5715 3857 5769 ’ἰδοὺ

2276 5808 2405 5876 γὰρ,
2437 5807 2620 5877 φησὶν,
2648 5806 2756 5875 ἐγὼ
2793 5807 3104 5861 ἀποστέλλω
3134 5809 3443 5880 προφήτας,
3482 5806 3576 5858 καὶ
3625 5805 3852 5873 σοφοὺς,

2276 5900 2371 5952 καὶ
2422 5899 2802 5967 γραμματεῖς,
2855 5897 2969 5951 ἀλλ’
3020 5899 3168 5964 ὅμως
3225 5898 3573 5954 ἀποκτενεῖτε
3625 5896 3848 5961 αὐτούς.
