4010 6412
202 474 297 550 ιω

781 483 1231 549 ENARRATIO
1266 487 1353 552 ἸΝ
1395 488 1793 554 ΕνΑΝοΕιῐ

1936 487 2328 553 ΜΑΤἸἮΕΙ.
2366 515 2438 530 -·
2473 491 2632 554 CAP.
2671 492 2878 554 XXIV.

3369 487 3480 552 ιιο

202 610 282 664 ῐνα
316 609 394 678 μὴ
419 607 718 674 νομίσωσιν
767 605 851 659 ὅτι
884 603 1070 674 πρὶνῆ
1103 602 1386 673 κηρύξωσι
1419 608 1779 679 συντελεσθῆ-

1907 618 2303 664 :ousummetur
2337 609 2600 675 mudus,
2630 610 2802 666 dicit:
2849 605 2929 663 Ne
2980 588 3293 662 lurltem'ini.
3329 606 3481 661 Non-

201 718 344 756 σεται
387 703 418 754 ὁ
444 699 674 769 κόσμος,
710 697 865 768 φησι·
903 698 994 767 Μὴ
1034 695 1377 774 θορυϐεῖσθε.
1413 699 1586 754 Οὔπω
1609 701 1720 769 γὰρ
1750 702 1782 771 ἠ

200 794 477 848 συντέλεια
497 810 512 824 ·
562 793 681 846 οὐδὲ
709 793 820 863 γὰρ
852 793 965 864 ἃμα
993 796 1060 865 τῇ
1089 797 1416 864 κατασκαφῇ
1444 795 1542 864 τῆς
1584 794 1786 864 Ἰερου-

201 885 376 956 σαλὴμ
431 888 527 938 καί
558 888 589 955 ή
620 886 775 952 κοινὴ
815 885 1098 939 συντέλεια
1149 886 1325 940 ἔσται.
1361 887 1554 950 Ἐθνος
1583 887 1642 940 δὲ
1693 887 1788 940 ἐπὶ

200 976 371 1040 εθνὸς,
413 976 510 1028 καὶ
541 975 815 1045 βασιλείαν
847 978 938 1029 ἐπὶ
957 976 1231 1044 βασιλείαν
1261 978 1659 1049 ἑγερθήσεσθαι
1695 978 1788 1030 λέ-

196 1081 299 1132 γει,
324 1065 417 1118 διά
452 1065 520 1118 τὰ
555 1065 788 1133 ἐσόμενα
809 1068 919 1128 τοῖς
962 1068 1239 1130 Ἰουδαίοις
1271 1069 1435 1130 κακὰ,
1475 1068 1620 1139 ἀπερ
1648 1069 1786 1123 εἰσὶν

194 1159 335 1228 ἀρχὴ
363 1158 597 1212 ὠδίνων.
657 1158 870 1227 Ὠσπερ
907 1159 1014 1230 γὰρ
1039 1162 1094 1212 at!
1128 1160 1316 1223 ὠδῖνες
1335 1163 1577 1229 γίνονται
1603 1163 1670 1232 τῇ
1703 1179 1786 1216 τι-

194 1249 423 1321 κτούσῃ,
459 1251 553 1303 καὶ
600 1248 744 1303 οὕτω
795 1251 989 1314 τίκτει,
1049 1251 1194 1305 οὕτω
1229 1255 1322 1306 καὶ
1353 1253 1382 1304 ὁ
1422 1253 1614 1323 παρὼν
1651 1252 1786 1307 αίὼν

195 1346 335 1412 μετά
373 1345 472 1404 τάς
503 1344 795 1414 συγχύσεις
829 1344 921 1396 καὶ
949 1345 1076 1410 τοὺς
1117 1345 1390 1417 πολέμους
1421 1349 1787 1419 ἀπογεννὴσει

193 1444 259 1495 1'1
303 1444 571 1512 μέλλοντα
582 1488 594 1499 .

271 1554 288 1585 ι
337 1535 475 1588 Τότε
529 1536 944 1606 παραδώσουσιν
993 1536 1136 1606 ὑμᾶς
1171 1537 1250 1597 εἰς
1295 1533 1498 1602 θλίψιν,
1531 1533 1623 1585 καὶ
1655 1533 1790 1586 ἀπο-

194 1628 481 1680 κτενοῦσιν
525 1629 669 1696 ὑμᾶς
690 1645 702 1658 ·
735 1631 828 1682 καὶ
856 1629 1044 1682 ἔσεσθε
1090 1628 1408 1698 μισούμενοι
1435 1626 1537 1678 ὑπὸ
1571 1627 1790 1680 πάντων

193 1721 302 1773 τῶν
332 1720 508 1775 ἐθνῶν
535 1721 624 1773 διὰ
659 1721 721 1774 τὸ
745 1721 918 1790 ὄνομά
949 1738 1050 1790 μου
1077 1738 1090 1752 ο
1118 1721 1358 1774 καὶντότε
1396 1719 1789 1786 σκανδαλισθή-

195 1831 380 1867 σονται
406 1813 618 1878 πολλοὶ,
645 1817 735 1867 καλ⁵
759 1815 1022 1883 ἀλλήλους
1057 1812 1465 1882 παραδώσουσι,
1501 1813 1592 1863 καὶ
1627 1812 1782 1879 μισή-

197 1919 383 1955 σουσιν
422 1903 721 1972 ἀλλήλους’
776 1904 872 1955 καὶ
935 1903 1118 1956 πολλοὶ
1148 1902 1597 1971 ψευδοπρογῆται
1635 1904 1792 1971 ἐγερο

1890 701 2016 757 dum
2067 701 2213 757 enim
2250 703 2687 767 consummatio,
2733 716 2907 771 neque
2947 716 3070 756 cum
3123 701 3480 765 subversinne

1890 793 2230 849 Hierusalem
2278 795 2386 850 erit
2439 795 2712 865 generalis
2774 793 3197 857 consummatio.
3247 795 3478 848 Gentem

1893 900 2021 940 vero
2075 895 2267 941 contra
2327 895 2578 956 gentem,
2632 881 2687 941 ἐι
2739 902 2963 956 regnum
3013 898 3202 960 contra
3253 902 3480 954 regnum

1891 986 2273 1033 exsurrectura
2301 970 2435 1032 dicit
2467 985 2687 1047 prepter
2713 962 3048 1032 imminentia
3070 976 3270 1031 Judaeis
3304 977 3480 1032 mala:
3531 1040 3537 1044 I

1893 1086 2014 1140 qua
2067 1071 2218 1126 initia
2267 1078 2395 1125 sunt
2443 1069 2726 1124 dolorum-
2769 1070 2927 1124 Sicut
2975 1071 3122 1123 enim
3170 1069 3483 1138 parturiens

1893 1161 2056 1226 dolet,
2104 1171 2160 1216 et
2203 1162 2282 1217 sic
2321 1162 2506 1230 parit:
2552 1161 2626 1215 ita
2675 1170 2728 1215 et
2780 1175 3020 1248 praesens
3054 1161 3312 1216 saeculum
3363 1169 3485 1230 post

1892 1253 2242 1310 confusioues
2267 1265 2321 1310 et
2348 1253 2485 1310 bella
2515 1254 2691 1323 pariet
2720 1253 2925 1311 futura.

1963 1516 2125 1571 Vsus.
2159 1514 2212 1570 9.
2257 1533 2275 1568 ι
2309 1514 2466 1571 Tunc
2509 1515 2726 1569 tradent
2772 1528 2868 1570 vos
2914 1511 3357 1570 in‘aﬂlietionetn
3383 1555 3395 1577 ,
3427 1521 3486 1568 et

1893 1611 2145 1665 occident
2171 1624 2287 1675 vos,
2330 1619 2384 1663 et
2413 1609 2569 1664 eritis
2605 1608 2765 1661 invisi
2807 1608 3022 1662 cunctis
3069 1607 3319 1674 gentibus
3355 1620 3485 1673 pro-

1894 1716 2014 1771 pter
2046 1708 2239 1757 no‘tneu
2272 1716 2480 1756 meum.
2523 1700 2589 1756 Et
2626 1710 2754 1756 tunc
2783 1699 3172 1754 oﬂ‘endiculum
3212 1699 3486 1769 patientur

1895 1795 2073 1855 multi.
2105 1803 2158 1847 et
2199 1795 2341 1848 alius
2382 1793 2546 1847 alium
2583 1793 2816 1846 imicem
2862 1792 3114 1853 tradent,
3153 1805 3320 1858 seque
3361 1789 3486 1842 odio

1897 1888 2171 1942 habebunt
2194 1889 2448 1949 invicem,
2474 1894 2527 1938 et
2556 1886 2707 1938 multi
2737 1887 3220 1954 pseudoproplietae
3244 1891 3486 1950 surgent,

193 1993 479 2063 θήσονται,
525 1995 618 2047 καὶ
654 1995 988 2063 πλανήσουσι
1023 1994 1249 2055 πολλούς
1273 2012 1285 2024 ·
1314 1995 1407 2046 καὶ
1446 1995 1533 2047 διὰ
1557 1995 1617 2045 τὸ
1650 1994 1786 2063 πλη-

1907 1995 1944 2036 3t
1983 1980 2475 2036 seJucent-multos
2509 1996 2523 2034 :
2561 1989 2616 2032 et
2651 1981 2909 2042 quoniam
2954 1978 3253 2030 abundabit
3287 1975 3489 2042 iniqui-

191 2087 459 2153 θυνθῆναι
485 2086 580 2156 τὴν
615 2089 866 2156 ἀνομίαν,
890 2088 1198 2158 ψυγήσεται
1234 2091 1263 2157 ἡ
1302 2089 1487 2156 ἀγάπη
1519 2087 1790 2150 τῶνπτολι

189 2180 320 2232 λῶν.
359 2181 424 2234 '0
454 2181 510 2233 δὲ
553 2181 850 2249 ὑπομείνας
888 2183 968 2244 εἰς
1006 2182 1180 2246 τέλος,
1222 2174 1378 2244 οὗτος
1407 2182 1732 2249 σωθήσεται.
1768 2199 1784 2232 i

191 2273 463 2342 Προλέγει
496 2274 565 2327 τὰ
609 2273 1000 2343 συμϐησόμενα
1028 2276 1198 2332 κακὰ,
1230 2273 1677 2344 παραθαρρύνων
1705 2272 1791 2324 διὰ

189 2367 285 2416 τοῦ
321 2366 622 2435 προλέγειν
646 2368 774 2428 τοὺς
809 2366 1078 2436 μαθητάς.
1113 2368 1184 2419 Τὸ
1235 2369 1343 2435 γὰρ
1383 2367 1791 2435 ἀπροσδόκητον

189 2458 385 2516 εἴωθεν
414 2457 671 2526 ἐκφοϐεῖν
722 2458 816 2510 καὶ
841 2460 1150 2527 ταράττειν.
1189 2459 1552 2530 Προομαλίζει
1585 2458 1676 2510 οὖν
1701 2460 1790 2510 τὸν

189 2549 359 2616 φόϐον
387 2549 476 2603 διὰ
510 2549 602 2600 τοῦ
635 2550 1032 2620 προαγορεύειν
1063 2550 1130 2603 τά
1165 2550 1425 2619 μέλλοντα
1473 2551 1642 2614 δεινὰ,
1666 2553 1794 2613 τοὺς

189 2641 445 2709 φθόνους,
476 2640 574 2704 τάς
601 2640 823 2712 ἔχθρας,
847 2642 972 2704 τοὺς
1009 2641 1465 2710 σκανδαλισμοὺς,
1503 2645 1630 2704 τοὺς
1659 2643 1792 2710 ψευ-

189 2733 571 2804 δοπροφήτας,
629 2735 679 2787 οἳ
718 2732 1012 2803 πρόδρομοι
1070 2733 1164 2786 τοῦ
1211 2734 1588 2803 Ἀντιχρίστου
1629 2736 1788 2795 εἰσὶν,

189 2825 625 2886 ἀποπλανώντες
663 2814 804 2888 ’τοὺς
859 2825 1107 2889 πολλοὺς,
1139 2823 1281 2878 ὥστε
1317 2827 1454 2897 πρὸς
1495 2827 1602 2878 πᾶν
1652 2822 1792 2888 εἶδος

189 2917 423 2986 ἀνομίας
461 2917 880 2988 ὲκτραχηλίζειν
911 2917 1107 2972 α’ῗ-τούς
1131 2933 1144 2947 ³
1190 2918 1279 2972 διὰ
1303 2917 1358 2970 δὲ
1391 2920 1451 2970 τὸ
1476 2916 1793 2987 πληθυνθῆ-

189 3028 278 3063 ναι
301 3012 402 3080 τὴν
440 3010 676 3078 ἀνομίαν
716 3012 780 3062 ὲκ
813 3012 912 3079 τῆς
973 3010 1185 3079 πλάνης
1233 3010 1328 3062 τοῦ
1397 3009 1791 3078 Ἀντιχρίστου,

190 3102 706 3174 ἑκθηριωθήσονται
753 3103 803 3154 οἱ
839 3101 1138 3172 ἄνθρωποι,
1180 3102 1255 3164 ὼς
1323 3102 1462 3170 μηδὲ
1508 3100 1645 3171 πρὸς
1670 3099 1794 3162 τοὺς

188 3194 567 3256 οἰκειοτάτους
602 3193 798 3258 σώζειν
839 3195 1046 3264 ίκμάδα
1075 3194 1198 3246 τινὰ
1243 3193 1490 3262 ἀγάπης,
1528 3193 1663 3246 ἀλλά
1695 3209 1796 3244 πα-

191 3283 508 3354 ραδίδοσθαι
539 3283 628 3337 ὑπ’
656 3283 904 3354 ἀλλήλων
926 3301 940 3315 ⁶
965 3285 993 3336 ὁ
1019 3284 1074 3336 δὲ
1100 3285 1228 3354 ἄχρι
1256 3284 1445 3346 τέλους
1469 3285 1794 3351 ὑπομείνας,

1900 2085 1999 2132 tas.
2040 2074 2354 2141 refrigescet
2387 2073 2630 2126 cliaritas
2660 2072 2975 2125 multorum.
3012 2068 3114 2134 Qui
3154 2081 3331 2121 autem
3364 2083 3488 2136 per-

1893 2169 2229 2222 severaverit
2265 2183 2438 2235 usque
2471 2170 2521 2222 in
2559 2169 2753 2231 linem,
2801 2168 2885 2218 hic
2916 2165 3096 2218 salt-us
3126 2164 3251 2216 erit.
3293 2181 3310 2212 ν
3341 2160 3488 2213 Przr-

1893 2265 2026 2318 dieit
2072 2272 2330 2317 eventura
2378 2262 2538 2332 130
2583 2261 2720 2314 mala
2745 2301 2758 2323 ,
2788 2259 3036 2312 animans
3069 2255 3362 2322 discipulos
3393 2269 3490 2321 per

1897 2362 1997 2414 hoc
2048 2361 2191 2429 quod
2247 2358 2511 2428 prtcdicit.
2571 2357 2707 2411 Nam
2763 2356 3140 2423 inexspectata
3195 2362 3404 2404 terrere
3433 2358 3490 2401 et

1898 2455 2117 2506 turbare
2151 2459 2579 2507 consueverunt.
2628 2449 2966 2517 Prmmitigat
3012 2445 3176 2515 igitur
3211 2446 3484 2504 timorem,

1895 2547 2238 2615 praedicendo
2285 2545 2464 2600 futura
2504 2545 2716 2614 gravia,
2746 2542 2894 2603 odia,
2939 2538 3280 2600 inimicitias,
3319 2535 3492 2590 “treu-

1897 2645 2098 2709 sioues,
2131 2641 2654 2712 pseudoproplietas,
2684 2638 2772 2705 qui
2810 2649 3186 2705 praecursores
3217 2641 3342 2687 sunt
3379 2631 3493 2683 An-

1897 2737 2168 2800 tichristi,
2235 2736 2556 2792 seducentes
2615 2734 2857 2797 multos,
2917 2732 2991 2785 ita
3058 2739 3117 2783 ut
3171 2730 3224 2782 in
3271 2743 3488 2780 omnem

1897 2829 2240 2898 iniquitatem
2285 2840 2380 2880 eos
2424 2825 2786 2895 prazcipiteut.
2832 2823 2968 2891 Quia
3007 2833 3192 2877 autem
3228 2820 3491 2888 multipli-

1895 2924 2109 2975 cabitur
2138 2920 2403 2991 iniquitas
2444 2932 2540 2989 per
2575 2918 2907 2987 imposluras
2949 2916 3312 2978 Antichristi,
3345 2929 3490 2967 exa-

1897 3014 2264 3083 sperabuntur
2293 3021 2347 3065 et
2373 3008 2528 3064 efferi
2577 3019 2736 3063 erunt
2781 3008 3070 3072 homines,
3112 3006 3184 3060 ita
3225 3017 3284 3059 ut
3317 3020 3490 3074 neque

1898 3120 2022 3161 cum
2051 3103 2498 3158 familiarissimis
2528 3101 2695 3156 ullum
2736 3109 2960 3155 servent
2987 3099 3270 3154 charitatis
3308 3097 3493 3151 vincu-

1898 3199 2029 3261 lum,
2068 3198 2159 3252 sed
2191 3206 2435 3251 mutuum
2458 3211 2515 3249 se
2545 3194 2847 3248 tradant“.
2870 3191 2970 3258 Qui
3002 3201 3185 3246 autem
3217 3204 3384 3258 usque
3418 3189 3487 3240 ad

1903 3291 2064 3343 finem
2122 3285 2588 3356 perseveraverit,
2648 3294 2698 3337 et
2764 3284 2977 3339 fortiter
3041 3283 3258 3347 tulerit,
3319 3295 3496 3350 neque

191 3377 288 3428 καὶ
339 3377 696 3446 καρτερικῶς
753 3375 954 3446 φέρων,
1007 3377 1099 3429 καὶ¹
1154 3376 1228 3446 μὴ
1292 3376 1477 3439 ἐνδοὺς
1532 3373 1668 3444 πρὸς
1729 3375 1793 3428 τὰ

1907 3380 2130 3436 cesserit
2173 3377 2260 3432 his
2309 3392 2428 3446 qua:
2479 3374 2829 3439 inferuntur,
2875 3382 3004 3429 tunc
3045 3371 3232 3428 salvus
3274 3373 3400 3435 erit,
3441 3379 3499 3427 et

191 3467 537 3536 ἑπαγόμενα,
571 3466 881 3535 σωθήσεται
913 3464 987 3529 ώς
1016 3465 1240 3534 δόκιμος
1284 3464 1628 3535 στρατιώτης
1660 3466 1798 3518 ἀνα-

193 3557 410 3625 φανείς.

271 3667 289 3698 ι
333 3648 445 3701 Καὶ
478 3645 888 3718 κηρυχθήσεται
923 3645 1082 3699 τοῦτο
1111 3645 1173 3699 τὸ
1209 3648 1277 3698 Εὐ
1291 3648 1541 3714 αγγὲλιον
1571 3649 1669 3716 τῆς
1699 3645 1798 3716 βα-

195 3737 406 3800 σιλείας
466 3739 526 3790 ἐν
571 3738 668 3809 ὅλῃ
696 3741 762 3808 τῇ
820 3738 1142 3809 οἰκουμένῃ,
1200 3739 1280 3799 εἰς
1318 3738 1624 3807 μαρτύριον
1661 3738 1798 3789 πᾶσι

189 3833 305 3893 τοῖς
338 3829 543 3896 ἔθνεσι,
569 3829 666 3882 καὶ
686 3829 807 3881 τότε
829 3829 949 3899 ἥξει
972 3828 1032 3881 τὸ
1063 3830 1236 3891 τέλος.
1275 3847 1292 3880 t
1323 3829 1440 3881 Ούκ
1462 3829 1801 3898 ὲμποδισθήη

193 3923 357 3977 σεσθε
383 3923 465 3985 είς
491 3924 554 3974 τὸ
577 3921 896 3992 κηρύττειν,
931 3920 1207 3993 θαρρεῖτε.
1231 3921 1661 3992 Κηρυχθήσεται
1688 3921 1798 3991 γὰρ

190 4017 252 4070 τδ
277 4015 618 4083 Εὖαγγέλιον
675 4015 732 4066 ὲν
765 4015 903 4067 πᾶσι
932 4017 1043 4076 τοῖς
1098 4013 1335 4075 ἔθνεσιν,
1359 4015 1438 4076 εἰς
1474 4013 1798 4083 μαρτύριον,

190 4107 479 4161 τουτέστιν
522 4107 603 4168 είς
652 4104 896 4176 ἔλεγχον,
981 4108 1059 4167 είς
1084 4105 1424 4176 κατηγορίαν
1453 4104 1562 4158 τῶν
1597 4106 1672 4174 μὴ
1706 4123 1799 4158 πι-

195 4201 569 4262 στευσάντων,
590 4201 683 4253 καὶ
701 4200 825 4252 τότε
855 4198 976 4269 ἥξει
1004 4199 1065 4251 τὸ
1090 4199 1264 4262 τέλος,
1290 4199 1410 4268 οὐχὶ
1439 4197 1534 4251 τοῦ
1569 4199 1797 4269 κόσμου,

195 4295 337 4348 ἀλλά
363 4296 464 4365 τῆς
507 4292 890 4363 Ἰερουσαλήμ*
960 4291 1067 4360 πρὸ
1122 4290 1232 4361 γὰρ
1284 4290 1380 4343 τοῦ
1437 4291 1641 4342 ἁλῶναι
1700 4291 1800 4360 τὴν

205 4383 574 4453 Ἰερουσαλὴμ
608 4380 891 4452 ἐκηρύχθη
927 4381 987 4433 τὸ
1028 4381 1383 4447 Εὑαγγέλιον,
1415 4380 1609 4450 ὥσπερ
1644 4382 1738 4433 καὶ
1773 4382 1801 4433 ὁ

195 4476 415 4540 ῐιαῦλος
446 4475 616 4544 λέγει’
653 4474 761 4527 Τοῦ
793 4473 1126 4542 Εὑαγγελιόυ
1157 4471 1533 4544 κηρυχθέντος,
1565 4474 1621 4524 ὲν
1653 4472 1802 4543 πάσῃ

192 4569 262 4636 τῇ
306 4566 489 4618 κτίσει
515 4567 582 4635 τῇ
621 4563 712 4616 ὑπ’
744 4565 998 4631 οὐρανόν.
1033 4563 1158 4616 Ὀτι
1188 4564 1298 4632 γὰρ
1326 4563 1458 4630 περὶ
1485 4563 1578 4614 τοῦ
1611 4562 1799 4624 τέλους

194 4657 306 4710 τῶν
351 4655 746 4727 Ἱεροσολύμων
770 4654 939 4723 λέγει,
980 4653 1142 4723 δῆλον
1165 4654 1274 4706 ἀπὸ
1321 4652 1430 4705 τῶν
1460 4653 1624 4722 ἑξῆς·
1664 4654 1801 4721 φησὶ

197 4763 333 4818 7⁸9⁸

277 4859 298 4893 ¢
349 4840 524 4894 Ὅταν
577 4832 670 4892 οὖν
727 4838 875 4906 ἴδητε
904 4836 966 4889 τδ
997 4835 1275 4906 βδέλυγμα
1305 4836 1403 4904 τῆς
1438 4835 1795 4905 ἐρημώσεως,

194 4934 259 4988 τδ
295 4931 464 5004 ῥηθὲν
493 4931 582 4988 διὰ
607 4930 807 5001 Δανιὴλ
861 4929 954 4983 τοῦ
988 4931 1294 5000 προφήτου,
1325 4927 1497 4990 ἑστὼς
1550 4927 1607 4978 ἐν
1650 4926 1800 4995 τόπῳ

198 5026 366 5095 ἁγίῳ,
396 5024 426 5077 δ
458 5021 854 5090 ἀναγινώσκων
884 5021 1092 5076 νοείτω.
1137 5041 1155 5072 ι
1205 5020 1494 5090 Βδέλυγμα
1525 5021 1626 5088 τῆς
1667 5020 1800 5088 ὲρη-

202 5116 439 5188 μώσεως
481 5114 580 5184 τὴν
629 5114 832 5184 στήλην
862 5112 1009 5181 λέγει
1045 5112 1139 5166 τοῦ
1160 5112 1258 5183 τὴν
1292 5114 1447 5165 πάλιν
1482 5113 1797 5182 κρατήσαν-

197 5231 314 5277 τος,
369 5213 438 5283 ἢν
491 5211 717 5280 εστησεν
772 5210 830 5261 ὲν
879 5211 990 5271 τοῖς
1023 5208 1237 5270 ἀδύτοις
1261 5209 1356 5261 τοῦ
1382 5208 1516 5261 ναοῦ
1538 5225 1549 5236 ·
1585 5207 1801 5277 ἐρημώ-

202 5319 346 5364 σεως
375 5303 474 5370 μὲν
506 5295 620 5362 οὖν,
647 5300 783 5353 διότι
813 5298 1092 5369 neposet;
1118 5301 1150 5368 ἠ
1186 5300 1374 5378 πόλις·
1410 5300 1692 5370 βδέλυγμα
1720 5299 1801 5362 δὲ,

200 5397 344 5449 διόἹ
395 5396 491 5456 τὰς
555 5393 754 5462 στήλας
784 5393 1000 5454 καὶτὰς
1061 5393 1276 5455 εἰκόνας
1302 5393 1411 5445 τῶν
1461 5392 1795 5462 ἀνθρώπων,

203 5487 560 5559 βδελύγματα
594 5483 876 5554 ὠνόμαζον
935 5487 982 5536 οἱ
1053 5483 1316 5555 Ἑϐραῖοι,
1371 5486 1470 5553 τὴν
1522 5484 1806 5536 είδωλολα-

199 5583 366 5652 τρίαν
395 5577 711 5649 μισοῦντες.

281 5694 300 5724 ι
344 5674 480 5726 Τότε
503 5672 554 5724 οί
586 5673 641 5723 ἐν
669 5675 734 5742 τῇ
779 5671 1027 5740 Ἰουδαία,
1059 5671 1416 5739 φευγέτωσαν
1447 5671 1538 5724 ἐπὶ
1562 5672 1628 5724 τὰ
1671 5671 1796 5740 δρη-

203 5769 230 5820 ὀ
268 5765 366 5818 ἐπὶ
390 5762 484 5815 τοῦ
510 5760 778 5833 δώματος,
822 5764 898 5834 μὴ
929 5763 1306 5820 καταϐαινέτω
1347 5761 1480 5839 ἆραι
1511 5765 1576 5817 τά
1612 5765 1675 5818 ἐκ
1707 5765 1806 5834 τῆς

272 5945 321 5976 ⁸³
350 5941 570 5997 Coloss.
610 5956 648 5994 ι.

1825 4701 1880 4760 D

1900 3469 2347 3540 comprobabitur
2367 3477 2624 3525 strenuus
2646 3464 2821 3520 miles.

1975 3650 2140 3710 Vsus,
2166 3648 2252 3704 14.
2287 3667 2304 3701 ι
2339 3646 2405 3704 Et
2427 3645 2812 3716 praedicabitur
2834 3646 2938 3699 hoc
2967 3642 3317 3712 Evangelium
3346 3642 3499 3713 regni

1903 3743 1954 3796 in
1988 3743 2244 3794 universo
2273 3740 2426 3805 orbe,
2453 3739 2506 3793 in
2538 3739 2916 3792 testimonium
2941 3737 3197 3791 omnibus
3218 3737 3497 3804 gentibus,

1903 3843 1957 3886 et
1989 3845 2116 3885 tunc
2143 3831 2322 3884 veniet
2352 3830 2776 3884 consummatio.
2819 3846 2837 3878 ι
2879 3826 2996 3880 Non
3027 3826 3133 3881 erit
3166 3825 3322 3880 vobis
3353 3839 3496 3895 pra:-

1902 3922 2118 3976 dicandi
2161 3921 2496 3975 obstaculuut
2522 3959 2537 3984 ,
2585 3920 2888 3988 confidite,
2935 3918 3326 3988 praedicabitur
3351 3919 3501 3973 enim

1903 4013 2256 4084 Evangelium
2305 4013 2358 4066 in
2398 4011 2658 4068 omnibus
2694 4012 2973 4081 gentibus,
3005 4012 3058 4066 itt
3097 4011 3500 4077 testimonium,

1904 4109 2009 4163 hoc
2057 4116 2181 4172 est,
2239 4107 2291 4161 itt
2349 4105 2832 4174 reprehensionem
2884 4113 2937 4158 et
2989 4104 3502 4158 condemnationeut

1904 4216 2091 4256 eorum
2120 4197 2210 4268 qui
2242 4212 2348 4253 non
2376 4197 2724 4252 crediderunt
2752 4215 2764 4251 :
2795 4207 2851 4251 et
2880 4207 3008 4252 tunc
3039 4195 3219 4251 veniet
3243 4211 3503 4250 consum-

1907 4293 2108 4356 matio,
2163 4306 2268 4345 non
2329 4289 2560 4356 mundi,
2622 4291 2718 4344 sed
2776 4287 3140 4344 Hierusalem.
3192 4288 3325 4342 Nam
3377 4300 3504 4343 ante

1904 4393 2118 4454 captant
2172 4381 2511 4437 Hierusalem
2570 4381 2936 4450 praedicatum.
2982 4391 3066 4435 est
3123 4380 3500 4450 Evangelium,

1905 4476 2048 4529 sicut
2076 4483 2130 4529 et
2171 4472 2366 4526 Paulus
2400 4473 2530 4526 dicit
2561 4488 2575 4525 :
2615 4470 2924 4540 Evangelii,
2965 4473 3110 4540 quod
3147 4469 3506 4540 praedicatum

1907 4579 1991 4623 est
2019 4569 2071 4621 in
2102 4568 2249 4622 omni
2293 4581 2412 4636 qua:
2447 4568 2546 4620 sub
2577 4566 2718 4621 uelo
2750 4576 3029 4620 creatura.
3068 4562 3200 4618 Nam
3248 4565 3393 4634 quod
3441 4566 3505 4620 tle

1911 4661 2016 4713 line
2047 4657 2552 4728 Hierosolymorum
2585 4658 2764 4721 dicat,
2799 4656 3153 4710 manifestum
3188 4669 3272 4711 est
3311 4672 3373 4712 ex
3415 4672 3506 4713 sc-

1908 4750 2221 4818 qttetttihus.
2260 4748 2402 4804 Dicit
2435 4747 2575 4802 enitr
2615 4764 2629 4802 :

1982 4842 2147 4896 Vsus.
2209 4841 2295 4895 15.
2373 4838 2562 4895 «Cum
2631 4855 2785 4910 ergo,
2851 4841 3098 4897 videritis
3144 4841 3509 4898 abominatio-

1912 4950 2034 4988 uetn
2067 4933 2444 4998 desolationis,
2473 4948 2594 5002 qum
2625 4933 2767 4987 dicta
2796 4946 2882 4988 est
2903 4951 2930 4988 a
2967 4935 3187 4991 Daniele
3221 4935 3506 5005 propheta,

1911 5035 2146 5079 stantem
2202 5024 2254 5078 in
2311 5023 2432 5079 loco
2484 5033 2712 5086 sancto.
2763 5025 2852 5092 qui
2915 5024 3078 5097 legit,
3138 5027 3424 5097 inteilignt.
3486 5046 3507 5080 ι

1907 5120 2383 5175 Abominationnn
2429 5120 2786 5174 desolationis
2825 5120 2958 5173 dicit
2993 5131 3230 5175 statuam
3269 5121 3386 5190 ejus
3414 5126 3514 5190 qui

1909 5215 2117 5268 civitati
2157 5214 2479 5283 itttpet‘atil,
2531 5228 2692 5281 quam
2745 5214 2919 5267 erexit
2963 5214 3017 5266 in
3071 5213 3249 5283 adytis
3298 5216 3507 5281 templi.

1913 5307 2279 5362 Desolationis
2325 5317 2506 5361 autent
2562 5305 2794 5370 dicitur,
2848 5321 2912 5360 eo
2957 5307 3100 5374 quod
3147 5306 3509 5375 expugnanda

1915 5409 2060 5453 esset
2090 5399 2304 5456 civitas.
2338 5399 2687 5454 Abominatio
2719 5413 2849 5452 vero
2878 5439 2892 5461 ,
2931 5413 2994 5453 eo
3025 5399 3169 5468 quod
3212 5410 3424 5454 statuas
3459 5409 3514 5453 et

1917 5492 2182 5560 imagines
2205 5492 2484 5546 hominum
2515 5489 2725 5545 Hebrazi
2755 5491 3193 5546 aliouiinationcs
3216 5490 3509 5552 vocabant,

1920 5582 2043 5636 odio
2076 5581 2416 5635 idololatrias.

1994 5669 2157 5726 Vsus.
2199 5669 2288 5724 16.
2335 5688 2353 5721 t
2394 5669 2544 5724 Tunc
2578 5669 2630 5722 lti
2675 5669 2765 5737 qui
2802 5667 2854 5722 in
2887 5666 3069 5724 ludam
3107 5684 3227 5722 sunt
3254 5707 3267 5729 ,
3305 5667 3512 5738 fugiant

1919 5763 1972 5818 in
1999 5774 2213 5819 tuentes
2249 5779 2261 5816 :
2297 5762 2342 5818 is
2371 5762 2546 5834 qui-in
2591 5771 2754 5828 tecto,
2791 5776 2898 5815 non
2934 5761 3226 5814 descendat
3262 5766 3320 5814 ut
3362 5759 3514 5815 tollat
