4010 6410
572 491 672 554 411

1455 484 2029 547 THEOPIIYLACTI
2076 482 2489 543 BULGARIrE
2530 476 2893 541 ARCHIEP.

3725 468 3837 535 41:7.

571 604 865 673 quidquam
909 603 974 657 de
1018 602 1175 655 dom’o
1224 614 1364 655 sua:
1415 599 1565 653 etis
1603 597 1694 667 qui
1745 598 1801 651 in
1846 612 1997 667 agro,
2043 609 2131 650 nor

2251 594 2435 657 οἰκίας
2462 590 2653 657 αὐτοῦ,
2698 587 2794 644 καὶ
2819 590 2848 643 ό
2879 588 2938 641 ἐν
2994 585 3073 657 τῷ
3102 585 3280 656 ἀγρῷ,
3332 583 3406 653 μὴ
3445 581 3835 652 ἐπιστρεψάτω

576 703 881 749 revertatur
913 702 969 746 ut
1000 691 1148 746 toll'at
1179 702 1355 748 veStes
1384 706 1530 746 suas.
1566 709 1583 742 ι
1618 690 1901 744 Insinuans
1930 704 2145 744 summa

573 786 811 855 pericula
841 798 960 852 quae
983 784 1135 839 evadi
1164 799 1269 838 non
1304 791 1548 852 possunt,
1579 783 1755 851 inquit
1811 782 1951 849 quod
1984 794 2145 850 oporo

573 884 683 930 teat
713 875 897 945 fugere
929 890 1035 930 non
1069 877 1407 946 respiciendo
1437 890 1610 943 neque
1641 877 1883 929 curando
1919 876 2048 945 quid
2090 875 2142 928 in

572 969 732 1022 domo
764 969 851 1032 sit,
888 970 972 1021 vel
1008 965 1217 1031 ves'tes,
1245 968 1330 1021 vel
1366 968 1468 1021 alia
1504 984 1655 1024 vasa.
1693 968 1924 1033 Quidam
1959 977 2141 1022 autem

568 1060 1022 1113 abominationem
1062 1060 1410 1116 desolationis
1437 1062 1482 1093 '°
1536 1061 1925 1115 Antichristum
1957 1059 2145 1114 existi-

566 1158 799 1214 mantes,
832 1164 896 1203 eo
932 1152 1072 1219 quod
1106 1161 1413 1207 vastaturus
1450 1153 1703 1207 mundum
1758 1162 1811 1206 et
1845 1151 2139 1206 subversu-

568 1254 665 1291 rns
702 1242 769 1293 sil
800 1241 1083 1309 ecclesias,
1118 1258 1180 1296 ac
1214 1259 1463 1299 sessurus
1494 1246 1543 1297 in
1583 1246 1803 1313 templo,
1838 1244 2142 1315 intelligunt

566 1337 615 1381 et
650 1329 753 1383 ista
791 1331 892 1395 sic,
936 1334 1075 1400 quod
1119 1335 1208 1402 qui
1254 1335 1306 1387 in
1360 1344 1498 1390 tecto
1528 1346 1629 1401 est,
1674 1338 1724 1390 id
1772 1346 1873 1400 est,
1913 1337 2141 1393 excelsis

564 1419 861 1477 virtutibus
901 1425 1177 1489 praeditus,
1206 1442 1310 1478 non
1345 1426 1638 1481 descendat
1665 1443 1692 1480 a
1718 1429 1945 1483 summis
1974 1428 2151 1481 virtu-'

568 1510 719 1565 tibns
741 1522 797 1565 ut
834 1514 984 1567 tollat
1012 1531 1072 1569 ea
1114 1532 1234 1585 quae
1277 1529 1402 1572 sunt
1437 1520 1705 1588 corporis.
1753 1521 1951 1574 Domus
1994 1520 2138 1573 enim

568 1603 788 1668 animae,
818 1618 1038 1670 corpus.
1073 1605 1295 1673 Oportet
1322 1618 1501 1662 autem
1530 1618 1585 1663 et
1611 1609 1677 1663 ab
1704 1620 1833 1677 agro
1863 1611 2137 1675 secedere,

566 1690 671 1745 hoc
702 1702 783 1747 est
824 1689 1099 1750 terrenis°
1129 1714 1256 1767 ager
1298 1700 1441 1752 enim
1477 1700 1589 1754 vita
1607 1702 1705 1769 (α),
1738 1717 1912 1771 neque
1936 1714 2140 1759 vestem

565 1782 755 1837 tollere
781 1786 1021 1852 malitiae,
1054 1804 1172 1857 qua:
1201 1798 1349 1843 vetus
1377 1801 1456 1844 est
1484 1792 1647 1846 vestis
1675 1808 1834 1862 quam
1866 1797 2135 1852 exuimus.

648 1957 810 2016 Vens.
849 1964 933 2018 19.
981 1982 1000 2015 ι
1038 1966 1128 2019 Vze
1166 1974 1344 2019 autem
1378 1971 1774 2039 prtrgnantibus
1804 1981 1858 2026 et
1884 1974 2135 2030 lactanti-

562 2056 663 2110 lius
695 2059 746 2110 in
778 2057 879 2111 illis
913 2056 1123 2112 diebus.
1165 2078 1183 2111 ι
1223 2059 1565 2130 Praagnantes
1593 2065 1807 2132 quidem
1839 2081 1947 2120 non
1980 2081 2136 2137 pute-

564 2158 691 2200 runt
749 2149 970 2217 tngere,
1031 2164 1195 2205 Oner‘e
1259 2153 1464 2207 ventris
1525 2164 1810 2223 gravatae:
1872 2160 2135 2215 lactantes

563 2250 743 2292 autem
793 2252 1014 2309 propter
1064 2246 1497 2311 compassionem
1551 2262 1679 2314 erga
1732 2266 1949 2318 pueros.
2006 2253 2133 2309 lllos

559 2331 704 2382 enim
739 2333 1043 2401 relinquere
1077 2348 1377 2403 nequeunt,
1411 2352 1585 2407 neque
1614 2354 1795 2394 secum
1831 2354 2046 2412 portare
2078 2356 2135 2399 ct

559 2421 719 2473 simul
754 2424 965 2478 salvare
991 2436 1255 2492 possunt:
1287 2437 1413 2481 tunc
1440 2445 1544 2483 non
1578 2430 1835 2501 eﬂ‘ugient
1870 2434 2004 2488 iram
2032 2436 2130 2507 (b).

557 2509 814 2568 Fortasse
850 2516 1002 2586 131
1042 2518 1291 2573 Christus
1324 2521 1567 2576 insinuat
1606 2526 1747 2593 quod
1788 2538 1843 2582 et
1889 2536 2136 2586 comede-

558 2606 670 2658 rint
715 2621 932 2672 pueros.
978 2607 1117 2662 Dicit
1156 2611 1299 2663 enim
1342 2611 1611 2681 .losephus
1651 2618 1793 2683 quod
1839 2633 1958 2671 cum
1992 2629 2135 2674 esset

557 2696 731 2752 fames
779 2711 1000 2767 propter
1046 2701 1415 2765 obsidionem,
1470 2706 1661 2759 mulier
1710 2710 1918 2763 coxerit
1965 2712 2131 2765 tilium

556 2805 709 2843 suum
738 2799 791 2843 et
821 2792 1133 2846 comederit.

635 2878 796 2934 Vens.
820 2881 911 2933 ‘20.
944 2899 959 2931 ι
992 2880 1153 2936 Orate
1177 2893 1355 2937 autem
1380 2899 1446 2939 ne
1467 2888 1587 2957 fuga
1615 2900 1793 2942 vestra
1820 2891 1912 2945 ﬁat
1934 2893 2127 2961 hieme,

558 2987 733 3040 neque
757 2973 1015 3027 Sabhato.
1048 2993 1066 3025 ι
1094 2971 1148 3026 ln
1182 2989 1410 3043 persona
1440 2980 1804 3045 apostolorum
1831 2984 1894 3036 ad
1918 2982 2131 3041 Iudaeos

559 3064 671 3116 haec
716 3064 863 3117 dirit.
918 3066 1160 3131 Apostoli
1218 3068 1363 3122 enim
1427 3070 1576 3137 prius
1626 3075 1827 3141 egressi
1872 3088 2020 3129 erant
2065 3094 2129 3132 ex

554 3153 878 3210 Jerusalem.
942 3155 1140 3212 Judzeis
1182 3158 1343 3227 igitur
1383 3161 1515 3216 dicit
1555 3171 1615 3217 ut
1650 3177 1940 3233 precentur
1972 3185 2041 3223 ne
2078 3172 2129 3224 in

2248 685 2423 741 ὀπίσω
2444 682 2577 757 ἆραι
2612 683 2679 738 τὰ
2712 681 2905 752 ἱμάτια
2936 678 3125 736 αὐτοῦ.
3170 697 3188 730 ι
3244 678 3356 748 Τὴν
3388 675 3497 729 τῶν
3529 675 3836 745 συμφορῶν

2246 774 2807 847 ἄφυκτονύπερϐολὴν
2832 773 3221 842 αἰνιττόμενος.
3250 769 3436 838 φησὶν,
3462 770 3543 822 ὅτι
3571 768 3678 838 χρὴ
3699 764 3834 835 φεύ-

2246 888 2363 940 γειν
2420 867 2855 937 ἀνεπιστρόφως,
2924 864 3153 935 μηδενὸς
3183 860 3576 933 φροντίζοντας
3619 861 3731 912 τῶν
3770 861 3836 945 γὲν

2245 966 2363 1027 ταῖς
2418 961 2617 1022 οἰκίαις
2665 959 2857 1022 όντων,
2923 958 3063 1027 μήτε
3123 956 3377 1025 ἱματίων,
3430 954 3565 1023 μήτε
3598 949 3833 1004 ἀλλοίων

2248 1058 2488 1108 σκευῶν
2518 1052 2661 1115 τινὲς
2692 1051 2749 1105 δὲ
2774 1049 3049 1120 βδέλυγμα
3079 1050 3178 1117 τῆς
3200 1043 3538 1114 ἐρημώσεως
3581 1042 3674 1095 τὸν
3704 1043 3832 1093 Ἀνο

2245 1147 2520 1217 τίχριστον
2550 1141 2820 1209 νοοῦντες,
2852 1142 2928 1204 ώς
2952 1138 3040 1194 ἔπ’
3066 1138 3349 1210 ἐρημώσει
3379 1135 3474 1189 τοῦ
3496 1134 3704 1201 κόσμου
3732 1133 3835 1185 καὶ

2249 1239 2603 1307 καταστροφῇ
2637 1236 2746 1288 τῶν
2772 1230 3081 1301 ἐκκλησιῶν
3111 1230 3370 1299 ἐσόμενον
3400 1226 3495 1281 καὶ
3530 1225 3832 1280 καθίσοντα

2244 1330 2303 1382 ὲν
2361 1328 2438 1398 τῷ
2463 1327 2597 1397 ναῷ,
2627 1326 2809 1379 νοοῦσι
2844 1326 2939 1377 καὶ
2974 1322 3147 1376 ταῦτα
3176 1318 3368 1383 οὕτως,
3410 1319 3493 1372 ὅτι
3546 1319 3573 1370 ό
3609 1318 3703 1371 ἐπὶ
3732 1317 3831 1370 τοῦ

2243 1420 2513 1490 δώματος,
2545 1417 2822 1471 τουτέστιν
2868 1417 2926 1469 ὲν
2962 1413 3040 1483 τῷ
3076 1413 3201 1482 ὕψει
3231 1410 3341 1463 τῶν
3373 1408 3582 1480 ἀρετῶν
3614 1407 3711 1472 ὣν,
3752 1407 3831 1477 μὴ

2244 1510 2539 1565 καταϐάτω
2567 1508 2675 1561 ἀπὸ
2698 1506 2789 1560 τοῦ
2812 1506 2991 1574 ὕψους
3024 1506 3131 1556 τῶν
3158 1502 3390 1573 ἀρετῶν,
3423 1498 3564 1553 ὥστε
3594 1494 3726 1568 ἆραι
3758 1500 3832 1551 τὰ

2242 1602 2334 1655 τοῦ
2370 1603 2640 1673 σώματος.
2667 1601 2828 1653 Οἰκία
2851 1600 2960 1669 γὰρ
2992 1599 3093 1667 τῆς
3127 1596 3328 1665 ψυχῆς,
3354 1592 3415 1645 τὸ
3438 1590 3621 1661 σῶμα.
3657 1591 3752 1641 Δεῖ
3769 1588 3832 1640 δὲ

2243 1695 2337 1747 καὶ
2362 1693 2470 1746 ἀπὸ
2492 1693 2586 1746 τοῦ
2615 1691 2786 1762 ἀγροῦ
2816 1692 3139 1760 ἀναχωρεῖν,
3172 1686 3418 1740 τουτέστι
3445 1684 3553 1738 τῶν
3574 1684 3782 1752 γηΐνων
3813 1696 3826 1709 ·

2241 1785 2408 1854 ἀγρὸς
2442 1785 2547 1855 γὰρ
2592 1787 2619 1838 ὁ
2653 1784 2788 1852 βίος,
2822 1784 2916 1837 καὶ
2951 1782 3085 1852 μηδὲ
3118 1780 3180 1833 τὸ
3220 1780 3438 1849 ἱμάτιον
3488 1775 3689 1847 αἴρειν,
3726 1774 3833 1844 τὴν

2244 1875 2477 1928 παλαιὰν
2515 1875 2716 1928 κακίαν
2744 1876 2810 1946 ἢν
2845 1871 3238 1942 ἑξεδυσαμεθα.

2320 1984 2339 2017 ι
2372 1967 2508 2021 Οὐαὶ
2537 1967 2592 2021 δὲ
2629 1969 2749 2029 ταῖς
2774 1969 2832 2019 ὲν
2855 1967 3051 2035 γαστρὶ
3079 1963 3333 2035 ἐχούσαις
3369 1962 3463 2016 καὶ
3508 1960 3637 2025 ταῖς
3658 1961 3830 2032 θηλα-

2238 2054 2458 2120 ζούσαις
2514 2059 2573 2109 ἐν
2607 2057 2844 2120 ἐκείναις
2876 2057 2996 2118 ταῖς
3051 2056 3307 2125 ἡμέραις.
3347 2072 3364 2104 ι
3431 2055 3495 2106 Al
3555 2054 3653 2121 μὲν
3715 2052 3831 2123 γὰρ

2236 2148 2424 2215 ἐγκυοι
2450 2147 2510 2200 ού
2536 2147 2853 2219 δυνήσονται
2880 2146 3104 2215 φεύγειν
3130 2144 3206 2215 τῷ
3231 2146 3435 2214 φορτίῳ
3461 2143 3559 2213 τῆς
3586 2142 3831 2212 γαστρὸς

2237 2238 2623 2309 βαρυνόμεναι.
2673 2240 2740 2291 Al
2799 2239 2856 2291 δὲ
2909 2236 3261 2307 Θηλάζουσαι,
3293 2235 3379 2288 διὰ
3426 2234 3527 2304 τὴν
3577 2233 3719 2301 πρὸς
3758 2233 3836 2287 τὰ

2234 2332 2401 2385 τέκνα
2460 2332 2847 2401 συμπάθειαν,
2911 2332 3049 2402 μήτε
3108 2332 3269 2384 ἐᾶσαι
3304 2329 3443 2381 αύτά
3500 2327 3829 2397 δυνάμεναι,

2239 2426 2377 2495 μήτε
2438 2424 2543 2495 μὴν
2584 2423 2896 2494 βαστάζειν,
2940 2424 3033 2477 καὶ
3067 2424 3164 2475 σὺν
3193 2422 3381 2484 αὐτοῖς
3427 2419 3690 2487 σωθῆναι,
3724 2420 3833 2472 οὐκ

2236 2516 2591 2585 ἐκφεύξονται
2621 2515 2718 2586 τὴν
2751 2515 2872 2567 τότε
2896 2516 3068 2585 ὀργήν
3091 2530 3107 2545 ο
3144 2514 3178 2585 ἦ
3204 2514 3298 2567 καὶ
3333 2512 3491 2565 τοῦτο
3522 2512 3831 2564 αἰνίττεται

2234 2608 2263 2658 δ
2287 2607 2543 2675 Χριστὸς,
2578 2607 2677 2678 τὴν
2712 2608 3100 2674 τεκνοφαγίαν.
3154 2606 3318 2673 Λέγει
3363 2606 3467 2675 γὰρ
3494 2606 3523 2656 ό
3561 2602 3834 2673 Ἰώσηφος

2234 2696 2316 2748 ὅτι
2344 2696 2503 2766 λιμοῦ
2535 2696 2687 2759 ὄντος
2722 2696 2810 2749 διὰ
2832 2696 2931 2765 τὴν
2963 2696 3300 2767 πολιορκίαν,
3337 2694 3558 2765 ὤπτησε
3589 2692 3734 2763 γυνὴ
3764 2692 3831 2745 τὸ

2233 2789 2420 2841 τέκνον
2447 2788 2616 2859 αὐτῆς
2640 2789 2734 2843 καὶ
2766 2788 2958 2856 ἔφαγε.

2310 2896 2328 2929 ι
2371 2877 2747 2948 Προσεύχεσθε
2770 2878 2823 2929 δὲ
2856 2878 2943 2929 ἵνα
2978 2876 3053 2948 μὴ
3084 2876 3365 2945 γένηταιή
3410 2873 3558 2944 φυγὴ
3584 2874 3744 2945 ὑμῶν
3767 2878 3831 2931 ὲν

2235 2967 2487 3037 χειμῶνι,
2530 2968 2664 3037 μηδὲ
2706 2967 2992 3037 Σαϐϐάτῳ.
3038 2986 3056 3018 ι
3112 2967 3200 3019 Ἐν
3226 2966 3508 3037 προσώπῳ
3541 2966 3646 3018 τῶν
3680 2968 3832 3020 ἀπο-

2236 3060 2437 3113 στόλων
2473 3060 2609 3129 πρὸς
2652 3060 2939 3122 Ἰουδαίους
2968 3060 3143 3114 ταῦτά
3168 3077 3335 3130 φησιν
3359 3076 3373 3090 ·
3436 3063 3487 3113 ot
3532 3060 3641 3130 γάρ
3690 3060 3835 3115 ἀπό-

2236 3149 2412 3203 στολοι
2442 3150 2793 3218 προέφθασαν
2821 3149 3129 3213 ἐξελθόντες
3151 3150 3250 3219 τῆς
3290 3149 3602 3221 ἰερουσαλή
3614 3168 3673 3220 μ.
3694 3150 3832 3214 Τοῖς

558 3246 737 3300 hieme
773 3248 862 3300 ﬁat
892 3247 1016 3315 fuga
1051 3265 1145 3303 sua
1170 3289 1185 3315 ,
1218 3265 1281 3305 eo
1312 3254 1453 3321 quod
1493 3255 1893 3313 incommodum
1924 3262 1991 3315 sit
2024 3264 2128 3319 illis

2250 3242 2527 3305 Ἰουδαίοις
2550 3241 2643 3295 οὖν
2667 3243 2814 3310 λέγει
2843 3242 3099 3313 εὔχεσθαι
3128 3242 3214 3295 ἵνα
3249 3242 3322 3313 μὴ
3345 3241 3570 3312 γένηται
3604 3243 3635 3313 ἡ
3672 3245 3828 3313 φυγὴ

561 3338 891 3407 ιεῑῑνροτίὺιιε
932 3340 1152 3410 fugere;
1199 3358 1371 3412 neque
1409 3344 1461 3399 in
1508 3346 1783 3405 Sabbato:
1823 3361 1947 3408 tunc
1983 3357 2127 3410 enim

2242 3333 2414 3387 αὐτῶν
2441 3335 2499 3386 ὲν
2526 3334 2777 3404 χειμῶνι,
2810 3335 2895 3387 διὰ
2928 3334 3025 3407 τὴν
3060 3334 3348 3387 δυσκολίαν
3377 3333 3470 3386 τοῦ
3508 3334 3700 3403 καιροῦ
3748 3336 3831 3408 μὴ

554 3427 705 3496 juxta
740 3430 907 3498 legem
941 3433 1097 3486 otiosi
1130 3442 1284 3500 sunt,
1328 3444 1383 3491 et
1414 3437 1597 3509 fugere
1644 3457 1749 3496 non
1788 3445 2008 3500 audent.
2047 3447 2129 3504 Tn

558 3531 737 3576 autem
774 3533 825 3576 et
858 3524 937 3577 sic
981 3526 1294 3595 intelligito,
1338 3532 1481 3598 quod
1527 3546 1774 3602 oporteat
1818 3542 2025 3607 precari
2064 3557 2131 3597 ne

558 3614 651 3670 liat
685 3613 806 3680 fuga
836 3625 1016 3669 nostra
1054 3632 1119 3670 ex
1155 3619 1254 3672 hac
1282 3620 1416 3684 vita,
1456 3623 1557 3677 hoc
1596 3635 1677 3679 est
1711 3642 1876 3694 mors,
1910 3634 1963 3685 in
1995 3633 2131 3688 Sab-

559 3706 706 3769 hato,
742 3707 927 3761 otiosis
961 3709 1115 3763 nobis
1148 3725 1177 3762 a
1206 3712 1364 3766 bonis
1394 3715 1686 3781 operibus,
1722 3734 1895 3789 neque
1931 3724 2127 3794 hiems,

561 3795 616 3850 in
658 3795 945 3849 sterilitate
1002 3798 1289 3867 bonorum,
1338 3802 1433 3857 sed
1482 3804 1536 3858 in
1577 3810 1870 3865 serenitate
1913 3814 2126 3883 anima,

559 3899 680 3955 quin
716 3900 820 3940 non
870 3888 1144 3943 turbetur.
1168 3910 1185 3922 -

629 4059 793 4116 Vens.
835 4061 894 4114 2i
927 4101 942 4126 ,
971 4062 1060 4116 22.
1102 4082 1120 4115 ι
1161 4062 1277 4119 Erit
1311 4069 1453 4120 enim
1492 4078 1618 4125 tunc
1656 4070 1882 4129 atﬂictio.
1909 4092 2125 4148 magna,

558 4155 731 4221 qualis
765 4169 865 4206 non
904 4154 1013 4223 fuit
1038 4156 1101 4209 ab
1136 4156 1292 4211 initio
1326 4160 1506 4212 mundi
1541 4164 1605 4214 ad
1642 4164 1745 4218 hoc
1782 4181 1948 4235 usque
1980 4180 2118 4223 tem-

556 4258 680 4312 pus,
712 4258 883 4311 neque
910 4244 1021 4297 ﬁet.
1051 4244 1116 4304 Et
1149 4246 1247 4299 nisi
1280 4247 1572 4303 ahbreviati
1605 4249 1836 4307 fuissent
1876 4258 1989 4310 dies
2027 4261 2122 4324 illi,

558 4349 662 4387 Iron
692 4334 841 4387 licret
869 4334 1012 4387 salva
1045 4337 1219 4389 omnis
1254 4352 1383 4391 caro
1411 4357 1422 4390 :
1460 4352 1680 4407 propter
1713 4344 1913 4398 electos
1944 4358 2121 4403 autem

558 4421 1018 4475 abbreviabuntur
1039 4424 1153 4478 dies
1182 4420 1277 4479 illi.
1316 4444 1334 4477 ι
1363 4426 1593 4483 Aiﬂictio
1620 4432 1971 4491 intolerabilis
1998 4449 2124 4494 tunc

557 4525 691 4567 erat.
731 4513 872 4569 Jussi
926 4526 1051 4570 sunt
1081 4519 1225 4570 enim
1276 4518 1645 4577 Romanorum
1694 4527 1893 4582 milites
1929 4546 1994 4584 ne
2033 4532 2120 4586 cui

2233 3426 2547 3496 δυναμένων
2592 3426 2921 3497 ἀποδρᾶναι,
2961 3427 3094 3495 μηδὲ
3125 3427 3183 3478 ὲν
3218 3424 3504 3495 Σαϐϐάτῳ,
3556 3425 3679 3477 τότε
3710 3425 3830 3497 γὰρ

2233 3517 2465 3589 ἀργοῦσι
2497 3517 2638 3571 κατά
2670 3516 2761 3570 τὸν
2784 3517 2971 3586 νόμον,
3018 3518 3112 3569 καὶ
3144 3516 3241 3568 οὐκ
3294 3516 3360 3567 ἂν
3392 3516 3832 3584 ἐπιτολμήσαιεν

2231 3613 2298 3679 τῇ
2332 3613 2502 3681 φυγῇ.
2540 3611 2609 3661 Σὺ
2635 3610 2693 3663 δὲ
2726 3611 2822 3663 καὶ
2845 3608 2987 3661 οὕτω
3024 3607 3155 3671 νόει,
3204 3608 3285 3659 ὅτι
3314 3607 3395 3657 δεῖ
3442 3607 3695 3677 εὔχεσθαι
3732 3607 3830 3661 ἵνα

2236 3702 2312 3773 μὴ
2349 3703 2579 3771 γένηται
2609 3704 2641 3771 ἡ
2681 3703 2827 3772 φυγὴ
2864 3700 3019 3770 ἡμῶν
3040 3702 3105 3752 ὲκ
3137 3698 3232 3753 τοῦ
3270 3698 3387 3769 βίου
3413 3700 3627 3763 τούτου,
3662 3717 3829 3753 τουτ-

2232 3794 2378 3846 έστιν
2418 3795 2452 3865 η
2483 3792 2727 3863 τελευτὴ,
2758 3794 2815 3845 ὲν
2859 3790 3146 3861 Σαϐϐάτῳ,
3192 3794 3257 3861 τῇ
3290 3792 3461 3861 ἀργία
3498 3791 3604 3842 τῶν
3636 3790 3829 3845 καλῶν

2232 3882 2506 3952 πράξεων,
2536 3883 2670 3955 μηδὲ
2704 3885 2761 3936 ὲν
2783 3882 3033 3953 χειμῶνι,
3063 3885 3129 3951 τῇ
3161 3882 3415 3952 ἀκαρπία
3437 3880 3545 3933 τῶν
3568 3880 3827 3947 ἀγαθῶν,

2230 3971 2344 4025 ἀλλ’
2383 3976 2442 4025 ὲν
2477 3974 2629 4045 εὑδίᾳ
2658 3973 2837 4045 ψυχῆς
2867 3974 2961 4026 καὶ
2985 3972 3277 4042 ἀταραξία.

2313 4087 2329 4119 ι
2365 4068 2558 4122 Ἔσται
2588 4067 2696 4135 γὰρ
2744 4070 2862 4120 τότε
2894 4066 3071 4134 θλίψις
3120 4066 3355 4136 μεγάλη,
3393 4066 3481 4118 οἵα
3501 4066 3562 4117 ού
3593 4064 3833 4135 γέγονεν

2231 4166 2325 4220 ἀπ’
2354 4165 2528 4235 ἀρχῆς
2565 4148 2771 4231 κόσμου
2804 4158 2907 4222 ἕως
2930 4158 3023 4211 τοῦ
3060 4158 3175 4225 νῦν,
3210 4158 3323 4211 οὐδ’
3356 4159 3416 4211 ού
3446 4158 3520 4228 μὴ
3551 4160 3786 4226 γένηται
3810 4176 3825 4191 ·

2230 4257 2324 4311 καὶ
2358 4258 2405 4307 εί
2446 4252 2521 4323 μὴ
2557 4250 2970 4320 ἐκολοϐώθησαν
3000 4251 3059 4302 αί
3102 4250 3310 4321 ἡμέραι
3341 4252 3572 4311 ἐκεῖναι,
3605 4252 3705 4303 οὐκ
3758 4251 3833 4306 ἂν

2228 4347 2407 4417 ἐσώθη
2444 4346 2593 4398 πᾶσα
2632 4342 2769 4412 σάρξ
2791 4357 2803 4370 ’
2833 4341 2921 4395 διὰ
2946 4342 3001 4394 δὲ
3038 4344 3162 4404 τοὺς
3190 4342 3481 4405 ἐκλεκτοὺς
3512 4341 3831 4413 κολοϐωθή-

2230 4455 2411 4491 σονται
2442 4438 2497 4489 αί
2529 4435 2730 4505 ἡμέραι
2754 4436 2978 4487 ἐκεῖναι.
3011 4451 3027 4483 ι
3069 4432 3256 4501 Θλίψις
3283 4432 3556 4503 ἀφόρητος
3579 4435 3698 4485 τότε
3728 4430 3828 4505 ἦν,

2241 4529 2673 4596 Ἐκελεύσθησαν
2703 4526 2812 4592 γὰρ
2862 4526 2910 4576 οῖ
2949 4524 3059 4575 τῶν
3121 4524 3414 4593 Ῥωμαίων
3462 4524 3829 4594 στρατιῶται,

555 4616 841 4673 parcerent
873 4624 884 4658 ε
920 4608 1010 4661 sed
1044 4609 1182 4663 Deus
1213 4621 1430 4679 propter
1457 4616 1759 4671 credituros
1787 4634 1851 4673 ex
1881 4620 2008 4686 illis,
2041 4625 2124 4679 vel

2242 4619 2463 4690 μηδενὸς
2519 4616 2814 4687 φείδεσθαι,
2870 4614 3036 4668 ἀλλ’ό
3083 4615 3212 4678 Θεὸς
3253 4615 3342 4668 διὰ
3372 4617 3496 4679 τοὺς
3524 4616 3828 4685 μέλλοντας

558 4712 650 4750 eos
683 4701 771 4765 qui
810 4697 919 4763 jam
950 4702 1310 4767 crediderant,
1346 4720 1447 4757 neu
1472 4709 1714 4773 permisit
1746 4712 1904 4765 simul
1933 4730 2124 4772 omnes

555 4789 751 4841 occidi.
794 4788 1104 4843 Decurtavit
1138 4801 1315 4845 autem
1344 4793 1658 4853 aﬂlietiones
1690 4811 1741 4853 et
1775 4802 1912 4858 bella
1948 4824 1961 4859 :
1996 4824 2119 4864 nam

556 4880 598 4931 si
634 4878 827 4931 bellum
853 4880 1159 4935 diuturnius
1196 4882 1407 4948 fuisset,
1441 4901 1629 4942 omnes
1655 4892 1742 4958 qui
1780 4893 1921 4948 intus
1945 4909 2119 4964 erant,

555 4969 698 5023 fame
728 4971 1035 5037 periissem.
1069 4970 1298 5036 Quidam
1341 4978 1404 5029 de
1434 4978 1754 5034 Antichristi
1787 4983 1974 5038 diebus
2010 4986 2123 5043 hcc

554 5060 897 5127 inteiligunt:
930 5065 1025 5115 sed
1062 5080 1163 5115 non
1199 5077 1323 5135 sunt
1355 5068 1698 5140 intelligenda
1735 5076 1846 5130 haec
1873 5077 1938 5131 de
1973 5082 2127 5133 Anti-

556 5152 780 5211 christo,
810 5152 901 5204 sed
926 5154 989 5205 de
1018 5155 1330 5222 captivitate
1364 5162 1513 5214 urbis
1546 5160 1862 5222 JeruSaIem.
1891 5168 2021 5234 Qure
2054 5173 2120 5226 ad

556 5240 947 5295 Antichristum
993 5247 1289 5314 pertinent,
1339 5250 1442 5304 hoc
1481 5253 1597 5307 10ιο
1644 5257 1925 5326 incipiunt.
1981 5265 2121 5319 Audi

557 5341 727 5398 lgllur
759 5351 772 5385 :

632 5511 793 5565 Vens.
834 5515 1019 5569 ἢεί-25.
1067 5536 1083 5568 ι
1124 5520 1271 5575 Tune
1300 5524 1342 5575 si
1378 5526 1499 5591 quis
1528 5527 1679 5581 vobis
1724 5532 1951 5598 dixerit,
1986 5534 2121 5591 Ercc

557 5602 648 5660 hic
670 5605 939 5670 Christus,
974 5618 1069 5661 aut
1093 5610 1218 5675 illic,
1252 5615 1411 5669 nolite
1442 5618 1681 5672 credere.
1716 5622 1948 5692 Sui-gent
1975 5626 2118 5680 enim

626 5749 673 5781 ⁸⁰
705 5749 721 5803 l
754 5752 940 5808 Thess.
972 5772 1033 5811 ιι.

638 5888 711 5951 (α)
740 5888 874 5944 Edit.
911 5891 1025 5947 Litt.
1062 5898 1257 5956 omisit.
1294 5917 1419 5960 τισιν·
1457 5902 1589 5955 cnim
1629 5907 1753 5957 vita.

2235 4710 2512 4762 πιστεύειν
2549 4708 2607 4770 ἐξ
2665 4707 2864 4767 αὐτῶν,
2902 4705 2934 4775 ἢ
2979 4705 3072 4757 καὶ
3107 4704 3501 4767 πιστεύσαντας
3558 4704 3682 4775 ἠδη,
3716 4710 3830 4761 οὐκ

2232 4802 2441 4870 ἀφῆκεν
2463 4800 2633 4869 ἄρδην
2660 4795 3050 4867 ἀναιρεθῆναι,
3080 4796 3217 4849 ἀλλά
3254 4798 3346 4849 καὶ
3373 4798 3469 4859 τὰς
3494 4796 3700 4866 θλίψεις
3725 4802 3828 4852 καὶ

2232 4897 2322 4949 τὸν
2342 4894 2577 4963 πόλεμον
2604 4892 2980 4945 ὲκολώϐωσενο
3001 4894 3046 4943 εί
3076 4893 3184 4960 γὰρ
3206 4892 3510 4961 ἐκράτησεν
3537 4895 3627 4945 ἐπὶ
3654 4896 3828 4951 πλέον

2229 4990 2257 5041 ὁ
2290 4988 2547 5055 πόλεμος,
2573 4984 2771 5046 πάντες
2800 4983 2863 5036 ἂν
2897 4984 2943 5036 οἱ
2976 4982 3125 5035 ἔνδον
3151 4984 3255 5035 ὑπὸ
3287 4984 3378 5035 τοῦ
3406 4982 3565 5053 λιμοῦ
3595 4986 3829 5055 διεφθά-

2235 5096 2425 5151 ρησαν.
2459 5077 2615 5140 Τινὲς
2664 5077 2720 5130 δὲ
2757 5078 2883 5145 περὶ
2913 5076 3019 5128 τῶν
3050 5075 3142 5127 τοῦ
3182 5077 3555 5145 Ἀντιχρίστου
3592 5080 3828 5149 ἡμερῴν

2231 5173 2413 5225 νοοῦσι
2470 5170 2643 5223 ταῦτα
2674 5185 2690 5202 ν
2748 5171 2849 5222 ούκ
2896 5168 3011 5221 ἐστι
3043 5170 3097 5223 δὲ
3144 5170 3272 5237 περὶ
3306 5170 3399 5221 τοῦ
3442 5171 3825 5241 Ἀντιχρίστου

2227 5263 2419 5326 ταῦτα,
2460 5262 2597 5315 ἀλλά
2621 5264 2867 5331 περὶτῆς
2894 5260 3148 5324 ἁλώσεως
3176 5264 3277 5330 τῆς
3322 5260 3696 5334 Ἰερουσαλήμ.
3734 5268 3823 5322 Τὰ

2226 5356 2280 5409 δὲ
2312 5357 2438 5426 περὶ
2471 5354 2565 5407 τοῦ
2609 5354 2975 5423 ’Λντιχρίστου
3022 5353 3275 5407 ἐντεῦθεν
3340 5355 3568 5425 ἄρχεται
3595 5372 3607 5385 ⁸
3646 5359 3823 5412 ἄκουε

2224 5445 2337 5500 οὖν·

2302 5554 2323 5589 ι
2360 5534 2493 5589 Τότε
2516 5536 2609 5590 ἐάν
2639 5552 2722 5597 τις
2755 5536 2882 5604 ὑμῖν
2911 5538 3060 5607 εἴπῃ,
3111 5536 3239 5587 Ἰδοὺ
3273 5528 3377 5588 ὧδε
3410 5539 3436 5589 ὁ
3464 5539 3719 5607 Χριστὸς,
3784 5545 3819 5616 ἦ

2227 5626 2350 5695 ὧδε,
2375 5628 2449 5698 μὴ
2474 5627 2823 5697 πιστεύσητε.
2852 5628 3275 5699 Ἐγερθήσονται
3304 5630 3414 5699 γὰρ
3434 5630 3821 5703 ψευδόχριστοι

2312 5910 2380 5981 (ὑ)
2409 5911 2549 5967 Edil.
2574 5910 2693 5967 Lut.
2725 5914 2925 5983 omisit,
2960 5925 3079 5968 tunc
3120 5932 3220 5969 non
3253 5912 3491 5984 effugient
3519 5915 3675 5969 imm.
