4010 6416
186 496 276 562 413

780 493 1225 595 ENARRA'l‘lO
1265 492 1345 555 ΙΝ
1384 490 1889 556 EVANGELIUM
1921 492 2312 557 MATTtLEI.
2358 520 2427 531 -
2468 496 2628 556 CAP.
2668 496 2884 557 XXIV.

3362 492 3471 557 414

183 621 266 679 καὶ
293 616 773 691 ῲυδοπροφῆται·
802 613 898 667 καὶ
928 612 1159 666 δώσουσι
1186 613 1389 679 σημεῖα
1433 609 1648 680 μεγάλα
1676 606 1773 661 καὶ

1886 610 2279 677 pseudocbristl
2318 620 2375 667 et
2418 612 2945 683 pseudoprophette,
2991 619 3045 665 et
3077 610 3283 665 dabunt
3316 613 3473 681 signa

184 717 397 785 τέρατα,
431 710 575 765 ὥστε
611 706 905 774 πλανῆσαι,
954 704 1008 756 εί
1034 702 1279 768 δυνατὸν,
1316 704 1409 754 καὶ
1451 702 1579 765 τοὺς
1609 699 1769 753 ὲκλε·

181 804 347 865 κτούς.
394 800 531 854 Ἰδοὺ
567 797 879 868 προείρηκα
931 795 1084 864 ὑμῖν.
1127 811 1145 843 ι
1210 790 1430 860 Ἐπειδὴ
1463 790 1557 843 δύο
1590 805 1789 859 προσ-τ

182 899 413 965 ήνεγκαν
449 892 755 961 ἐρωτήσεις
806 890 855 940 oi
899 885 1161 957 μαθηταὶ,
1221 885 1351 953 περὶ
1386 884 1480 954 τῆς
1512 884 1770 947 ἁλώσεως

179 989 265 1056 τῆς
312 982 700 1055 Ἰερουσαλὴμ,
752 981 850 1034 καὶ
889 981 988 1049 τῆς
1032 979 1337 1047 παρουσίας
1392 977 1486 1031 τοῦ
1536 977 1769 1048 Κυρίου,

179 1076 334 1131 εἰπὼν
365 1077 501 1148 περὶ
534 1076 631 1145 τῆς
654 1072 935 1137 ἁλώσεως,
961 1069 1213 1123 ἐντεῦθεν
1245 1070 1475 1141 ἄρχεται
1510 1071 1641 1139 περὶ
1669 1069 1773 1140 τῆς

178 1165 363 1219 ἑαυτοῦ
398 1164 735 1235 παρουσίας,
767 1162 864 1215 καὶ
915 1162 1011 1230 τῆς
1044 1161 1362 1224 συντελείας
1409 1159 1505 1212 τοῦ
1538 1161 1768 1229 κόσμου.

176 1259 241 1311 Τὸ
268 1259 345 1320 δὲ,
384 1259 539 1322 τότε,
579 1257 643 1308 οὐ
694 1255 857 1308 τοῦτο
900 1254 1175 1322 ἐμφαίνει,
1228 1255 1310 1307 ὅτι
1350 1252 1509 1315 εὐθὺς
1546 1252 1685 1321 μετά
1710 1251 1773 1305 τὸ

176 1352 369 1404 ἁλῶναι
396 1351 501 1421 τὴν
544 1348 923 1421 Ἰερουσαλήμ,
957 1347 1050 1399 ἐάν
1095 1364 1178 1409 τις
1212 1347 1340 1416 ὑμῖν
1380 1346 1533 1417 εἴπῃ,
1575 1344 1669 1398 καὶ
1701 1344 1773 1399 τὰ

174 1445 314 1512 ἑξῆς,
348 1442 493 1495 ἀλλὰ
528 1442 622 1493 τὸν
656 1441 847 1509 καιρὸν
882 1441 1088 1491 ἐκεῖνον
1115 1438 1371 1507 ἐμφαίνει
1402 1437 1524 1489 καθ’
1552 1437 1611 1489 ὃν
1643 1436 1772 1505 μὲλ-

174 1536 249 1588 λει
296 1532 671 1604 γενήσεσθαι·
726 1530 870 1583 ὥστε
910 1527 1048 1583 εῖναι
1095 1529 1156 1582 τὺ
1208 1529 1507 1598 λεγόμενον
1542 1529 1768 1581 τοιόνδε·

173 1629 325 1690 Τότε,
360 1624 639 1689 τουτέστι,
686 1624 817 1676 ὅταν
874 1622 1044 1693 μέλλῃ
1097 1624 1125 1675 6
1171 1623 1540 1691 Ἀντίχριστος
1572 1620 1770 1685 ἐλθεῖν,

172 1720 384 1773 isonat
419 1717 804 1789 ψευδόχριστοι
853 1714 949 1769 καὶ
978 1713 1427 1784 ψευδοπροφῆται
1465 1712 1674 1779 πολλοὶ,
1708 1714 1772 1766 ὲκ

175 1810 472 1879 φαντασίας
504 1810 779 1878 δαιμόνων
810 1794 1195 1868 διαπαίζοντες
1228 1808 1356 1867 τοὺς
1384 1803 1497 1857 τῶν
1517 1803 1772 1875 ὁρώντων

172 1904 511 1972 ὀφθαλμοὺς,
532 1901 670 1969 πρὸς
698 1900 761 1952 τὸ
790 1898 1069 1969 ἀπατῆσαί
1091 1915 1275 1959 τινας·
1307 1896 1446 1950 ὥστε
1468 1897 1537 1966 ἢν
1570 1896 1644 1967 μὴ
1676 1896 1772 1965 νή-

175 2012 338 2063 σωσι,
380 1994 481 2047 καὶ
512 1994 564 2045 οἱ
600 1993 801 2045 δίκαιοι
819 1990 1292 2061 ἀπατηθήσονται.
1334 1988 1476 2042 Ἀλλ’
1503 1989 1631 2056 ὑμῖν
1662 1987 1769 2041 ἰδοὺ

173 2086 487 2156 προείρηκα
522 2102 537 2115 ο
567 2085 667 2138 οὐκ
696 2084 850 2154 ἔχετε
901 2084 1175 2155 πρόφασιν
1199 2098 1213 2113 '
1246 2081 1479 2135 δύνασθε
1528 2080 1638 2153 γὶρ
1696 2082 1772 2151 μὴ

172 2178 557 2247 ἀπατηθῆναι.

244 2290 265 2322 ι
323 2270 455 2322 Ἐὰν
487 2263 584 2322 οὖν
609 2267 837 2321 εῐπωσιν
862 2266 1013 2335 ὑμῖν,
1059 2264 1191 2317 ’ἰδοῦ
1218 2266 1276 2319 ὲν
1305 2266 1372 2333 τῇ
1409 2264 1603 2333 ἐρήμῳ
1631 2263 1770 2329 ἐστὶ,

174 2363 246 2432 μή
275 2361 569 2428 ἐξέλθητε·
614 2360 722 2412 ίδοὺ
774 2361 832 2411 ὲν
859 2360 971 2420 τοῖς
991 2356 1265 2427 ταμείοις,
1309 2355 1384 2425 μὴ
1416 2354 1769 2423 πιστεύσητε.

171 2450 389 2520 Ὠσπερ
410 2450 523 2521 γὰρ
547 2449 580 2518 ἡ
609 2448 868 2517 ἀστραπὴ
894 2448 1181 2517 ἐξέρχεται
1214 2448 1322 2500 ἀπὸ
1343 2446 1642 2511 ἀνατολῶν,
1680 2448 1775 2497 καὶ

171 2542 426 2609 φαίνεται
477 2542 581 2601 ἕως
622 2539 871 2609 δυσμῶν,
904 2538 1078 2602 οὕτως
1107 2539 1262 2591 ἔσται
1307 2540 1339 2608 ή
1368 2536 1644 2607 παρουσία
1673 2536 1769 2590 τοῦ

171 2634 305 2687 Υίοῦ
338 2633 436 2686 τοῦ
463 2633 758 2703 ἀνθρώπου
780 2646 794 2661 ⁸
827 2633 961 2685 ὅπου
998 2632 1106 2701 γὰρ
1132 2632 1227 2685 ἐὰν
1318 2630 1376 2683 τὸ
1403 2624 1628 2700 πτῶμα,
1655 2631 1778 2682 ἐκεῖ

170 2725 613 2795 συναχθήσονται
660 2726 708 2776 οἱ
752 2724 918 2777 ἀετοί.
976 2742 993 2774 ι
1047 2723 1177 2778 Ἐὰν
1206 2723 1443 2789 ἔλθωσι,
1500 2724 1689 2791 φησὶν,
1725 2722 1777 2775 oi

168 2814 519 2876 ἀπατεῶνες,
543 2814 797 2882 λέγοντες
820 2816 922 2881 ὅτι,
939 2810 1144 2868 Ἦλθεν
1169 2814 1464 2884 όΧριστὸς,
1480 2812 1597 2867 ἀλλ’
1628 2815 1686 2865 ὲν
1707 2814 1773 2881 τῇ

170 2912 369 2982 ιρήμῳ
407 2910 526 2963 ἐστὶ
585 2909 986 2978 κρυπτόμενος,
1025 2908 1058 2979 ἢ
1100 2908 1158 2959 ὲν
1206 2908 1356 2977 οἰκία
1403 2907 1530 2967 τινὶ,
1586 2907 1680 2958 καὶ
1718 2906 1777 2959 ὲν

170 3005 284 3065 τοῖς
315 3000 570 3071 ταμείοις
600 3001 694 3052 καὶ
720 2999 1012 3069 ὲσωτέροις
1045 2998 1235 3058 τόποις
1264 2997 1493 3066 ταύτης,
1524 2996 1599 3066 μὴ
1629 2998 1777 3049 ἀπα-

174 3094 379 3164 τηθῆτε
405 3107 422 3121 °
457 3094 489 3159 ή
518 3091 627 3161 γὰρ
661 3090 756 3143 τοῦ
786 3089 1024 3160 Χριστοῦ
1058 3089 1337 3159 παρουσία
1363 3089 1422 3141 οὐ
1474 3088 1654 3141 δέεται
1682 3086 1777 3140 τοῦ

174 3185 467 3249 δείξοντος,
496 3184 636 3237 ἀλλὰ
667 3183 988 3250 καταφανής
1020 3180 1174 3233 ἔσται
1215 3182 1403 3246 πᾶσιν,
1459 3179 1651 3250 ὥσπερ
1684 3179 1779 3232 καὶ

1876 717 2072 773 magna
2115 713 2170 758 et
2204 704 2488 775 prodigia,
2540 706 2609 759 ita
2650 714 2707 759 ut
2752 707 2805 758 in
2855 718 3097 759 errorem
3140 704 3475 761 inducantur

1873 796 2037 849 etiam
2070 795 2252 860 electi,
2301 797 2348 849 si
2382 796 2497 849 ﬁeri
2531 806 2727 865 potest.
2777 794 2918 850 Ecce
2961 796 3186 864 praedixi
3222 796 3397 851 vobis.
3445 815 3465 849 ι

1875 882 2144 950 Quoniam
2192 884 2446 953 discipuli
2491 886 2627 940 duas
2664 886 2991 955 quaestiones
3034 886 3472 952 introduxerant,

1876 968 2040 1030 unam
2082 979 2149 1031 de
2195 978 2509 1047 captivitate
2536 977 2863 1040 Jerusalem,
2899 988 2951 1031 et
2998 977 3228 1031 alteram
3268 977 3334 1030 de
3371 977 3471 1030 ad-

1874 1079 2038 1123 ventu
2082 1069 2294 1125 Domini
2326 1091 2339 1128 :
2378 1082 2662 1142 postquam
2696 1070 2761 1125 de
2796 1067 3305 1138 capti'vitaledixit,
3348 1069 3472 1122 inde

1875 1172 1928 1215 et
1961 1162 2026 1218 de
2056 1177 2155 1218 suo
2181 1165 2416 1219 adventu
2446 1165 2626 1219 dicere
2662 1164 2849 1231 incipit
2906 1177 2969 1217 ac
3003 1161 3473 1214 consummatione

1876 1255 2084 1310 saeculi.
2142 1255 2277 1311 Cum
2312 1266 2493 1311 autem
2532 1255 2683 1321 dicit,
2725 1266 2875 1319 tunc,
2920 1268 3026 1307 non
3057 1252 3162 1307 hoc
3193 1252 3294 1305 sibi
3336 1249 3472 1313 vult,

1877 1350 2019 1417 quod
2060 1350 2244 1405 statim
2282 1357 2405 1419 post
2444 1358 2661 1420 captam
2706 1345 3045 1410 Jerusalem,
3079 1345 3124 1400 si
3161 1344 3284 1414 quis
3318 1341 3474 1396 vobis

1882 1442 2049 1507 dicat,
2085 1451 2220 1505 etc.,
2260 1443 2354 1496 sed
2390 1454 2603 1512 tempus
2640 1441 2767 1494 illud
2800 1439 3042 1493 declarat
3088 1452 3196 1506 quo
3232 1434 3472 1488 futurum

1877 1543 1981 1597 est,
2020 1541 2078 1587 ut
2109 1534 2160 1587 id
2191 1516 2332 1601 quod
2358 1534 2578 1597 dicitur,
2613 1533 2756 1585 hunc
2790 1544 3009 1584 sensum
3038 1528 3268 1582 habeat:
3297 1524 3471 1590 Tunc,

1878 1626 1929 1678 id
1962 1633 2063 1685 est,
2096 1639 2205 1692 quo
2232 1633 2477 1693 tempore
2500 1632 2763 1676 venturus
2784 1628 2867 1673 est
2888 1617 3279 1675 Antichristus.
3311 1621 3475 1667 erunt

1877 1714 2275 1783 pscndochristi
2313 1723 2369 1769 et
2403 1711 2885 1783 pseudoprophetis
2913 1702 3099 1771 'multi,
3134 1707 3229 1776 qui
3267 1708 3318 1758 in
3360 1704 3473 1757 dte-

1881 1823 2099 1861 monum
2151 1806 2494 1877 apparitione
2549 1804 2736 1858 fallent
2792 1801 3093 1855 videntium
3142 1798 3364 1861 oculos,
3416 1805 3477 1849 ut

1879 1900 2143 1967 quosdam
2186 1899 2477 1967 decipiant,
2537 1905 2702 1965 atque
2741 1895 2905 1954 adeo,
2951 1892 3057 1946 nisi
3104 1892 3257 1944 valde
3306 1886 3473 1943 sobrii

1878 1994 2005 2056 sint,
2049 2002 2104 2046 et
2131 1992 2266 2062 justi
2298 1992 2649 2046 seducantur.
2696 1990 2803 2044 Sed
2846 2001 2972 2042 ecce
3016 1984 3241 2056 prmdixi
3284 1981 3471 2036 vobis:

1874 2101 1984 2139 non
2008 2084 2223 2140 habetis
2244 2083 2652 2139 excusationem
2682 2099 2696 2135 :
2724 2081 2951 2151 potestis
2973 2080 3119 2133 enim
3147 2092 3251 2131 non
3275 2073 3472 2143 decipi.

1951 2263 2118 2321 Vens.
2164 2262 2356 2318 26-28.
2394 2281 2412 2314 ι
2458 2263 2513 2319 Si
2562 2277 2693 2333 ergo
2740 2262 2981 2316 dixerint
3014 2260 3203 2322 vobis,
3242 2254 3379 2310 Ecce
3419 2255 3473 2308 in

1878 2358 2096 2413 deserto
2124 2366 2228 2421 est,
2259 2356 2428 2411 nolite
2459 2355 2608 2409 exire
2641 2370 2654 2407 :
2702 2367 2833 2408 ecce
2863 2352 2915 2405 iu
2949 2349 3341 2419 penetralibus,
3362 2361 3474 2403 no-

1879 2450 1972 2505 lite
2007 2452 2254 2505 credere.
2291 2446 2444 2502 Sicut
2483 2446 2627 2501 enim
2668 2445 2847 2513 fulgur
2877 2445 2990 2498 exit
3024 2444 3092 2497 ab
3135 2443 3386 2501 Oriente,
3422 2450 3479 2492 et

1882 2551 2103 2612 apparet
2130 2556 2304 2609 usque
2328 2540 2382 2594 in
2410 2540 2777 2600 occidentem,
2818 2536 2891 2589 ita
2926 2536 3031 2590 erit
3058 2534 3322 2589 adventus
3353 2530 3477 2585 Filii

1881 2634 2136 2691 hominis.
2186 2632 2288 2688 Ubi
2338 2633 2482 2687 enim
2532 2630 2695 2686 fuerit
2734 2627 2991 2691 cadaver,
3024 2626 3134 2680 illic
3175 2638 3477 2695 congrega-

1880 2729 2085 2783 buntur
2109 2735 2164 2780 et
2198 2725 2412 2795 aquilae.
2460 2744 2477 2776 ι
2514 2725 2569 2778 Si
2612 2723 2881 2785 venerint,
2916 2720 3108 2789 inquit,
3149 2718 3479 2787 impostores

1882 2820 2146 2885 dicentes,
2186 2818 2344 2887 132
2375 2817 2628 2871 Christus
2655 2814 2823 2879 venit,
2858 2814 2951 2867 sed
2986 2814 3036 2865 in
3073 2810 3367 2867 solitudine
3395 2818 3480 2863 est

1880 2908 2160 2973 occultus,
2194 2908 2277 2962 vel
2306 2908 2357 2960 in
2389 2908 2553 2960 domo
2577 2904 2811 2974 quadam
2837 2943 2849 2963 ,
2894 2901 2979 2955 vel
3014 2902 3065 2954 in
3093 2900 3481 2968 promptuariis

1881 3012 1938 3056 et
1965 3001 2323 3054 interioribus
2357 2999 2489 3053 locis
2521 2997 2659 3067 ejus,
2691 3011 2758 3051 ne
2792 2992 3165 3062 decipiamini.
3198 2992 3481 3047 Adventus

1883 3092 2028 3147 enim
2070 3091 2271 3146 Christi
2322 3107 2431 3145 non
2467 3105 2603 3160 opus
2641 3087 2863 3143 habebit
2905 3086 3159 3156 quopiam
3194 3085 3285 3155 qui
3330 3085 3478 3139 illum

1885 3187 2244 3249 dent0nstret,
2282 3186 2376 3236 Sed
2413 3182 2737 3237 manifestus
2776 3178 2881 3232 erit
2919 3175 3206 3239 omnibus,
3247 3176 3387 3230 sicut
3425 3188 3481 3230 et

176 3276 206 3347 ή
237 3275 525 3344 ἀστραπή.
562 3274 671 3327 Καὶ
706 3277 816 3342 γὰρ
861 3271 1003 3341 αῦτη
1042 3271 1138 3325 καὶ
1196 3271 1467 3338 αίφνίδιός
1514 3272 1654 3334 ἐστι,
1684 3270 1775 3325 καὶ

1886 3276 2084 3345 fulgur.
2120 3274 2256 3328 Nam
2286 3276 2427 3329 sicut
2467 3274 2597 3328 illud
2634 3276 2974 3341 repentinum
3013 3282 3095 3327 est
3141 3281 3195 3325 et
3228 3270 3480 3325 omnibus

177 3367 315 3419 πᾶσι
351 3364 660 3434 κατάδηλος
704 3378 717 3391 ·
766 3362 937 3425 οὕτως
988 3358 1081 3415 οῦν
1134 3362 1365 3433 κάκείνη
1407 3364 1540 3416 πᾶσι
1584 3366 1695 3427 τοῖς
1723 3365 1780 3417 ἐν

178 3457 253 3526 τῷ
282 3458 482 3526 κόσμῳ
507 3455 734 3523 ἔκδηλος
759 3456 913 3507 ἔσται
938 3473 952 3486 ⁸
976 3457 1036 3508 ού
1073 3456 1184 3526 γὰρ
1232 3456 1424 3524 ὥσπερ
1466 3458 1524 3508 ὲν
1555 3460 1621 3527 τῇ
1649 3472 1781 3526 προ-

176 3548 311 3619 τέρᾳ
328 3546 608 3617 παρουσίᾳ
635 3546 744 3599 ἀπὸ
771 3546 939 3599 τόπου
972 3548 1051 3608 εἰς
1078 3546 1244 3599 τόπον
1274 3546 1615 3615 μετέϐαινεν,
1638 3547 1782 3603 οὕτω

178 3644 275 3697 καὶ
305 3646 365 3696 ὲν
398 3645 469 3711 τῇ
499 3640 753 3710 δευτέρᾳ,
790 3639 904 3693 ἀλλ’
930 3641 987 3691 ὲν
1012 3642 1145 3711 ῥιπῇ
1177 3640 1461 3709 ὀφθαλμοῦ
1486 3643 1776 3709 παρέσται.

179 3738 291 3790 Καὶ
327 3736 526 3805 ὥσπερ
580 3735 672 3785 ἐπὶ
704 3734 899 3802 νεκρὸν
951 3733 1112 3803 σῶμα
1174 3734 1499 3801 συνάγονται
1528 3736 1694 3799 ὀξέως
1730 3738 1779 3790 oi

178 3828 357 3891 ἀετοὶ,
382 3828 436 3879 oi
461 3826 638 3894 γῦπες
663 3825 891 3896 δηλαδὴ,
927 3824 1071 3877 οὕτω
1100 3826 1196 3877 καὶ
1225 3825 1357 3878 ἔνθα
1386 3826 1451 3879 ἂν
1480 3828 1563 3895 εἴη
1582 3830 1610 3879 ὁ
1641 3829 1780 3897 Χρι-

179 3921 331 3985 στὸς,
361 3918 682 3972 ἐλεύσονται
706 3916 911 3979 πάντες
943 3918 992 3969 οἱ
1023 3915 1192 3985 ἅγιοι,
1230 3917 1280 3968 oi
1306 3916 1375 3969 τὰ
1408 3917 1590 3987 ὑψηλὰ
1618 3921 1781 3972 πετό-

184 4029 362 4084 μενοι,
388 4012 487 4065 καὶ
513 4012 574 4063 ἰν
591 4012 712 4069 ταῖς
733 4009 1475 4081 νεφέλαιςάρπαγησόμενοι
1499 4011 1574 4073 ὠς
1606 4013 1775 4065 ἀετοί·

179 4104 387 4173 πτῶμα
426 4102 493 4155 δὲ
538 4100 753 4163 πάντως
798 4101 827 4152 6
878 4100 1138 4168 Χριστὸς,
1179 4100 1267 4153 διὰ
1298 4101 1360 4153 τὸ
1410 4104 1599 4154 πεσεῖν
1640 4104 1780 4173 ὑπὲρ

176 4195 345 4267 ήμιῖνδ
374 4193 475 4249 καὶ
501 4191 817 4246 ἀποθανεῖν.
855 4191 943 4255 Ὠς
970 4191 1064 4246 καὶ
1084 4194 1112 4245 6
1135 4192 1367 4261 Συμεὼν
1393 4194 1573 4263 λέγει·
1607 4191 1781 4261 Οὗτος

177 4290 363 4342 κεῖται
394 4288 479 4349 εἰς
508 4284 741 4337 πτῶσιν.

256 4397 278 4429 ‹
314 4376 540 4439 Εὐθέως
564 4374 619 4428 δὲ
645 4372 784 4443 μετὰ
805 4375 906 4445 τήν
959 4372 1140 4442 Θλίψιν
1166 4374 1277 4428 τῶν
1301 4379 1332 4447 ή
1343 4394 1407 4447 με
1418 4377 1528 4448 ρῶν
1558 4378 1781 4433 ἐκείνων

176 4471 206 4523 6
228 4468 387 4541 ήλιος
410 4466 851 4536 σκοτισθήσεται,
876 4467 1021 4537 καὶὴ
1050 4468 1251 4539 σελήνη
1285 4470 1346 4522 οὐ
1370 4469 1533 4523 δώσει
1562 4471 1625 4524 τὸ
1647 4472 1781 4541 φέγ-

174 4577 273 4630 γος
301 4559 503 4628 αὐτῆς,
538 4560 637 4611 καὶ
659 4560 709 4611 οί
737 4558 970 4631 ἀστέρες
994 4560 1290 4616 πεσοῦνται
1323 4564 1431 4617 ἀπὸ
1479 4562 1573 4618 τοῦ
1611 4566 1781 4636 ούρα-

1886 3371 2127 3431 clarum,
2177 3369 2249 3420 ita
2284 3376 2337 3421 et
2381 3369 2497 3435 ipse
2526 3366 2864 3420 omnibusin
2912 3364 3116 3419 mundo
3162 3363 3482 3415 manifestus

1884 3461 2010 3514 erit.
2051 3457 2168 3512 Non
2204 3461 2349 3513 enim
2393 3459 2538 3512 sicut
2582 3456 2634 3510 in
2682 3457 2859 3525 primo
2894 3456 3131 3511 adventu
3170 3454 3237 3509 de
3275 3454 3390 3507 loco
3427 3455 3481 3507 in

1886 3553 2061 3607 locum
2097 3552 2367 3619 transivit,
2412 3552 2483 3606 ita
2512 3561 2565 3605 et
2605 3553 2653 3605 iu
2697 3550 2960 3615 secundo,
2992 3550 3085 3603 sed
3120 3551 3171 3602 in
3206 3544 3482 3602 momento

1885 3645 2027 3698 oeuli
2064 3645 2258 3698 aderit.
2300 3644 2366 3697 Et
2396 3644 2540 3698 sicut
2584 3644 2722 3713 apud
2761 3651 3035 3695 mortuum
3080 3640 3314 3693 cadaver
3348 3656 3482 3693 Cull-

1886 3748 2183 3809 gregantur
2213 3738 2397 3791 statim
2437 3736 2652 3806 aquilce,
2691 3751 2811 3806 quae
2853 3736 3098 3792 vultures
3140 3744 3286 3797 sunt,
3324 3734 3401 3785 sic
3431 3745 3483 3785 et

1885 3840 2076 3879 omnes
2115 3825 2291 3879 sancti
2348 3826 2570 3879 venient
2619 3841 2684 3880 eo
2737 3827 2825 3879 ubi
2868 3826 3126 3880 Christus
3178 3824 3362 3879 fuerit.
3403 3809 3481 3876 'lli

1886 3917 2029 3972 enim
2063 3917 2114 3969 iu
2139 3930 2351 3970 summa
2391 3916 2593 3980 volant,
2625 3927 2677 3969 et
2715 3918 2766 3971 in
2806 3920 2976 3972 nubes
3008 3917 3311 3985 rapientur,
3343 3914 3484 3969 sient

1886 4012 2101 4083 aquilae.
2147 4009 2397 4065 Cadaver
2441 4018 2623 4065 autem
2667 4010 2868 4064 dicitur
2909 4008 3198 4072 Christus,
3231 4008 3355 4078 quia
3388 4022 3485 4075 pro

1887 4106 2045 4159 nobis
2078 4104 2277 4158 cecidit
2304 4112 2360 4156 et
2384 4112 2627 4157 mortuus
2657 4113 2739 4157 est
2768 4123 2780 4157 z
2812 4103 2951 4157 sicut
2980 4112 3038 4169 et
3075 4101 3301 4157 Simeou
3329 4102 3482 4166 dicit,

1886 4198 1987 4254 llic
2020 4199 2233 4267 positus
2263 4196 2346 4253 εει
2375 4197 2429 4253 in
2461 4209 2674 4253 casum.

1960 4376 2129 4439 \‘sas.
2190 4378 2282 4435 29.
2347 4397 2365 4430 ι
2416 4375 2611 4434 Statim
2669 4385 2850 4431 autem
2906 4386 3025 4446 post
3075 4376 3490 4435 tribulationem

1886 4472 2097 4528 dierum
2131 4472 2347 4527 illorum
2384 4472 2467 4527 sol
2503 4472 2909 4537 obscurabitur,
2939 4480 2993 4525 et
3027 4471 3153 4524 luna
3196 4488 3300 4526 non
3337 4474 3490 4529 dabit

1888 4564 2075 4620 lumen
2115 4580 2296 4631 suum,
2322 4576 2376 4621 et
2415 4566 2588 4621 stella:
2623 4566 2822 4621 cadent
2858 4565 2926 4620 de
2960 4566 3120 4631 calo,
3164 4576 3218 4620 et
3254 4568 3484 4620 virtutes

174 4653 294 4713 νοῦ,
328 4651 427 4705 καὶ
462 4650 520 4703 αι
571 4649 833 4721 δυνάμεις
850 4650 958 4706 τῶν
988 4653 1237 4725 οὐρανῶν
1270 4655 1723 4727 σαλευθήσονται.
1754 4676 1775 4711 ι

1894 4659 2155 4713 εωΙυι-ιιιη
2188 4659 2696 4714 commovebuntur.
2732 4678 2752 4711 ι
2785 4658 2919 4714 Post
2944 4660 3258 4722 adventum,
3288 4660 3487 4726 inquit,

174 4747 342 4803 Μετὰ
394 4742 499 4814 τήν
526 4742 623 4796 τοῦ
677 4743 1076 4821 Ἀντιχρίστου,
1136 4749 1326 4819 φησιν,
1378 4749 1615 4813 ἔλευσιν,
1654 4752 1779 4823 ήτις

173 4843 317 4910 ταχὺ
346 4838 664 4910 λυθήσεται*
689 4838 848 4895 τοῦτο
876 4841 985 4912 γὰρ
1009 4841 1097 4895 διὰ
1120 4842 1214 4895 τοῦ
1240 4843 1460 4909 εὐθέως
1479 4846 1771 4917 ἐδήλωσενο

172 4934 204 4987 ὁ
222 4932 384 5001 ήλιος
421 4930 867 5003 σκοτισθήσεται,
899 4933 1023 4986 ἀντὶ
1038 4932 1133 4989 τοῦ
1162 4935 1653 5007 ἀμαυρωθήσεται,
1676 4940 1779 4993 οὐκ

174 5022 608 5094 ἀφανιζόμενος,
664 5023 800 5079 ἀλλὰ
828 5024 1223 5097 νικώμενοςτῷ
1253 5031 1352 5100 τῆς
1389 5029 1483 5083 τοῦ
1537 5032 1781 5101 Χριστοῦ

178 5114 495 5187 παρουσίας
525 5113 664 5183 φωτί
683 5128 697 5143 ·
720 5112 907 5186 ὥσπερ
928 5116 1025 5169 καὶ
1046 5115 1116 5168 τὰ
1137 5116 1313 5187 ἄστρα
1357 5120 1451 5173 καὶ
1485 5121 1518 5190 ή
1556 5120 1777 5195 σελήνη·

173 5207 259 5271 εις
292 5206 406 5275 γὰρ
430 5204 514 5259 ἔτι
563 5205 725 5277 χρεία
770 5204 1015 5259 τοιούτου
1043 5206 1307 5276 αἰσθητοῦ
1338 5211 1537 5278 φωτὸς,
1581 5214 1778 5277 νυκτὸς

175 5303 279 5355 οὐκ
311 5298 512 5366 οῠσης.
531 5302 623 5353 καὶ
647 5298 744 5353 τοῦ
785 5299 970 5353 Ἠλίου
995 5301 1091 5373 τῆς
1118 5302 1471 5373 δικαιοσύνης
1494 5305 1771 5375 ὀφθέντος;

191 5391 362 5446 Ἄ).λά
395 5390 491 5445 καὶ
528 5390 585 5444 αἱ
606 5390 863 5460 δυνάμεις
895 5390 1004 5445 τῶν
1030 5393 1282 5465 οὐρανῶν
1317 5394 1771 5468 σαλευθήσονται,

175 5483 466 5538 τουτέστιν
522 5482 964 5553 ἐκπλαγήσονται
1030 5485 1125 5537 καὶ
1210 5484 1517 5555 φρίξουσιν,
1571 5487 1780 5558 ὁρῶσαι

173 5576 276 5646 τήν
303 5574 489 5628 κτίσιν
519 5572 931 5645 ἀλλοιουμένην,
958 5574 1054 5627 καὶ
1076 5576 1286 5639 πάντας
1316 5578 1443 5640 τοὺς
1471 5576 1583 5631 ἀπὸ
1601 5579 1779 5653 Ἀδὰμ

178 5666 349 5740 μέχρι
382 5663 506 5718 τότε
540 5663 866 5735 ἀνθρώπους
888 5664 1081 5726 δώσειν
1120 5666 1414 5735 μέλλοντας
1453 5668 1633 5737 λόγον.
1654 5724 1669 5734 ,ν

253 5776 275 5811 ε
311 5756 427 5811 Καὶ
456 5754 583 5809 τότε
613 5756 918 5827 φανήσεται
943 5758 1003 5812 τὸ
1031 5762 1255 5831 σημεῖον
1276 5760 1370 5815 τοῦ
1402 5761 1531 5816 Υίοῦ
1559 5763 1655 5819 τοῦ
1685 5766 1775 5820 ἅν-

244 5940 290 5972 ”
323 5935 494 5995 Zach.
525 5951 638 6011 liv,
668 5936 721 6007 ι,
750 5950 903 6009 seqq.

1887 4754 2248 4818 Antichristi,
2284 4754 2375 4823 qui
2411 4755 2563 4821 brevi
2602 4754 2883 4808 solvetur:
2924 4756 3024 4809 hoc
3058 4755 3198 4808 enim
3236 4756 3482 4808 declara-

1890 4848 1966 4901 vit
1994 4860 2090 4915 per
2123 4846 2228 4901 hoc
2258 4847 2403 4922 quod
2434 4829 2587 4911 dicit,
2620 4846 2803 4901 statim
2837 4862 2850 4900 :
2890 4847 2973 4899 sol
3007 4846 3485 4911 obtenebrabitur,

1890 4936 1993 4990 hoc
2018 4946 2129 5003 est,
2156 4936 2559 5003 obscurabitur,
2591 4951 2695 4991 non
2728 4936 3036 5005 disparens,
3066 4937 3159 4989 sed
3196 4947 3490 5005 superatus

1897 5028 2105 5081 iumine
2123 5028 2391 5082 adventus
2414 5026 2641 5091 Christi,
2670 5011 3127 5097 quemadmodum
3154 5038 3207 5082 et
3234 5029 3404 5082 stella:
3429 5038 3487 5083 et

1891 5119 2012 5173 luna
2063 5135 2077 5172 :
2127 5118 2259 5187 quid
2306 5118 2451 5173 enim
2505 5129 2769 5187 praeterea
2820 5134 2955 5187 opus
3011 5120 3118 5173 erit
3172 5118 3482 5188 hujusmodi

1888 5210 2128 5267 sensibili
2165 5210 2397 5274 lumine,
2440 5224 2562 5264 cum
2609 5226 2712 5264 non
2746 5211 2852 5264 erit
2894 5225 3033 5276 nox,
3073 5211 3168 5265 sed
3201 5214 3485 5282 apparebit

1885 5303 1978 5360 Sol
2011 5304 2237 5372 justitia'.
2267 5304 2355 5358 "'I
2408 5304 2549 5371 Quin
2590 5317 2643 5359 et
2680 5306 2913 5357 virtutes
2948 5305 3211 5359 caelorum
3241 5321 3486 5359 commo-

1886 5400 2187 5465 vebuntur,
2233 5399 2335 5453 hoc
2362 5408 2478 5463 est,
2515 5398 2902 5468 obstupescent
2931 5411 2980 5454 et
3018 5400 3367 5470 horrescent,
3401 5399 3484 5453 vi-

1885 5491 2077 5545 dentes
2129 5500 2445 5546 creaturam
2495 5490 2809 5555 immutari,
2853 5500 2909 5545 et
2957 5504 3148 5545 omnes
3199 5491 3266 5543 ab
3312 5489 3489 5542 Adam

1885 5598 2057 5654 usque
2097 5585 2165 5638 ad
2205 5583 2336 5638 illud
2383 5593 2595 5652 tempus
2639 5583 2891 5638 homines
2934 5584 3201 5638 rationem
3232 5584 3485 5636 daturos.

1954 5761 2126 5820 Vens.
2158 5764 2249 5821 '50.
2293 5781 2311 5815 ι
2348 5764 2415 5818 Et
2446 5770 2577 5818 tunc
2603 5762 2883 5833 apparebit
2904 5736 3122 5834 tsignum
3153 5758 3276 5817 Filii
3305 5757 3485 5816 homi-
