4010 6410
168 404 267 473 421

699 391 1150 459 ENARRATIO
1190 388 1271 452 IN
1313 379 1770 450 EVANGELIU]

1880 376 2249 439 tiATl‘lLEI.
2292 398 2357 411 -
2392 375 2549 434 CAP.
2591 373 2806 435 XXIV.

3363 366 3472 438 422

168 521 347 591 tufts,
396 512 538 571 sua
574 511 802 581 νήφετε.
849 505 914 559 Et
944 504 1052 573 γὰρ
1090 502 1318 573 ᾔδειμεν
1365 496 1465 567 τὴν
1498 490 1757 561 τελευτὴν

1880 496 2067 549 :stote,
2118 485 2211 540 sed
2264 483 2430 539 sobrii
2488 492 2541 539 et
2597 484 2905 555 vigilantes.
2939 478 3074 536 Nam
3108 480 3155 537 si
3202 480 3475 540 sciremus

164 583 317 681 ήμῶν
364 607 509 661 τότε
554 601 747 665 ἐσται,
804 594 1021 665 εκείνην
1061 593 1127 645 ἂν
1180 591 1349 681 μόνην
1533 583 1752 681 ἡμέραν

161 674 575 764 ἑσπουδάζομεν
612 690 935 761 ευαρεστεῖν
958 685 1039 756 τῷ
1071 681 1192 750 Θεῷ
1218 698 1230 711 ·
1268 678 1366 735 νῦν
1399 679 1455 732 δὲ
1495 674 1755 745 ἀγνοοῦν-

160 811 281 858 τες,
308 792 561 860 νήφομεν
596 786 687 840 ἀεὶ
716 782 855 854 πρὸς
883 780 951 833 τὰ
978 778 1081 848 τῆς
1115 774 1315 846 ἀρετῆς
1344 773 1501 844 ἔργα.

232 990 251 1022 ι
289 969 393 1032 Τίς
432 969 547 1037 ἄρα
575 964 725 1018 ἐστὶν
757 962 787 1015 6
820 957 1010 1021 πιστὸς
1040 954 1225 1013 δοῦλος
1251 953 1345 1006 καὶ
1373 949 1660 1021 φρόνιμος,
1695 944 1755 997 δν

162 1063 497 1133 κατέστησεν
522 1062 549 1114 6
588 1058 780 1129 κύριος
808 1051 975 1109 αὐτοῦ
1001 1050 1096 1105 ἐπὶ
1113 1049 1211 1117 τῆς
1234 1043 1535 1117 θεραπείας
1563 1037 1752 1133 αύτοῦ,

159 1154 246 1209 τοῦ
271 1130 479 1206 διδόναι
534 1150 721 1210 αὐτοῖς
749 1147 849 1217 τὴν
877 1141 1085 1215 τροφὴν
1115 1141 1172 1193 έν
1209 1134 1390 1207 καιρῷ
1417 1151 1433 1201 ;
1466 1130 1755 1198 Μακάριος

158 1248 188 1300 6
233 1244 422 1307 δοῦλος
467 1244 717 1305 ἐκεῖνος,
759 1239 820 1292 δν
849 1235 1018 1290 ἐλθὼν
1056 1235 1085 1289 6
1134 1222 1551 1311 κύριος-,αὐτοῦ’
1592 1225 1756 1295 εὑρή-

161 1355 238 1391 σει
268 1334 544 1390 ποιοῦντα
589 1332 785 1394 οὕτως.
829 1328 1004 1397 ’Δμήν
1034 1326 1178 1394 λέγω
1207 1322 1337 1393 ύμῖν
1370 1322 1453 1375 ὅτι
1484 1319 1577 1371 ἐπὶ
1618 1317 1757 1369 πᾶσι

158 1431 266 1493 τοῖς
290 1429 644 1497 ὑπάρχουσιν
682 1419 849 1487 αὑτοῦ
878 1419 1213 1485 καταστήσει
1247 1412 1436 1467 αὐτόν.
1482 1428 1502 1461 ι
1550 1410 1757 1461 Διαπο-

163 1523 241 1592 psi
264 1524 291 1574 6
319 1520 535 1588 Κύριος
560 1516 645 1579 τίς
669 1514 823 1568 ἔσται
852 1514 880 1564 6
908 1510 1096 1570 πιστὸς
1126 1506 1312 1568 δοῦλος
1344 1504 1440 1557 καὶ
1465 1500 1754 1592 φρόνιμος,

159 1588 213 1666 6v
256 1611 604 1679 κατέστησεν
657 1607 685 1657 6
737 1604 928 1674 κύριος
958 1597 1124 1653 αὑτοῦ
1176 1596 1268 1650 ἐπὶ
1319 1594 1420 1663 τῆς
1458 1588 1758 1660 θεραπείας

160 1703 359 1767 αὑτοῦ,
429 1701 520 1753 ἵνα
579 1697 733 1769 δείξῃ
786 1695 871 1748 ὃτι
932 1692 1159 1752 σπάνιος
1205 1687 1298 1740 καὶ
1351 1681 1679 1753 δυσεύρετος
1730 1679 1759 1729 6

160 1795 424 1855 τοιοῦτος.
474 1791 583 1845 Δύο
625 1790 683 1843 δὲ
727 1787 1040 1842 ἀπαιτεῖται
1077 1782 1185 1843 πᾶς
1214 1778 1524 1846 οἰκονόμος,
1572 1773 1760 1826 πίστιν

162 1887 251 1938 καὶ
290 1883 598 1952 φρόνησιν·
637 1879 751 1933 εἴτε
795 1877 905 1946 γάρ
948 1873 1141 1936 πιστὸς
1191 1868 1291 1941 μιν
1321 1870 1441 1921 ἐστι
1472 1867 1567 1919 καλ¹
1603 1863 1758 1917 οὐδὲν

162 1976 425 2035 κλέπτει,
480 1973 748 2043 φρόνιμος
799 1969 857 2022 δὲ
903 1968 1002 2037 οὐχ
1053 1964 1328 2033 ὑπάρχει,
1384 1958 1524 2013 άλλά
1579 1957 1757 2027 μάτην

162 2065 429 2118 ἀπόλλυσι
479 2062 552 2115 τὰ
605 2061 907 2131 χρήματα,
949 2056 1061 2108 εἴτε
1112 2060 1380 2121 φρόνιμος
1434 2048 1596 2116 δῆθεν
1646 2043 1753 2109 ὢν,

163 2159 387 2212 κλέπτει
441 2156 638 2218 αὐτὸς,
680 2150 837 2205 οὐδὲν
883 2147 1096 2215 δφελος.
1141 2144 1203 2198 '0
1236 2144 1420 2196 τοίνυν
1461 2136 1760 2209 εὑρεθησό-

165 2269 323 2323 μενος
350 2250 480 2303 τότε
514 2246 707 2307 πιστὸς
735 2242 831 2297 καὶ
860 2239 1147 2311 φρόνιμος,
1177 2236 1387 2294 ἐκεῖνος
1410 2232 1505 2285 καὶ
1534 2229 1644 2283 τῶν
1671 2245 1762 2281 τε·

161 2321 456 2414 λειοτέρων
489 2338 842 2404 ὲπιτεύξεται
869 2376 884 2400 ,
920 2333 1066 2401 λέγω
1110 2329 1174 2399 δή
1208 2328 1309 2398 τῆς
1343 2324 1619 2397 βασιλείας

160 2412 438 2505 ούρανιῖιν.
486 2430 718 2484 Πάντων
755 2426 869 2496 γάρ
914 2423 1023 2478 τῶν
1098 2421 1458 2491 ὑπαρχόντων
1517 2415 1594 2485 τῷ
1644 2412 1765 2481 Θεῷ

162 2523 499 2595 κληρονόμοι
546 2519 764 2573 ἔσονται
793 2519 841 2570 οί
895 2514 1067 2583 άγιοι.
1119 2512 1319 2574 Πιστὸς
1351 2510 1406 2563 δὲ
1436 2507 1619 2565 δοῦλος
1669 2506 1764 2558 καὶ

162 2617 455 2687 φρόνιμος,
490 2612 587 2666 καὶ
622 2612 730 2672 πᾶς
764 2607 1087 2669 διδάσκαλος
1114 2606 1142 2658 6
1169 2606 1229 2657 ἐν
1256 2600 1435 2670 καιρῷ
1457 2599 1649 2687 διδοὺς
1664 2597 1764 2664 τὴν

162 2685 371 2779 τροφὴν
409 2708 632 2773 ἑκάστῳ
664 2702 775 2755 τῶν
808 2700 899 2753 ὑπ’
927 2697 1096 2752 αὐτοῦ
1129 2694 1560 2763 διδασκομένων,
1596 2685 1708 2751 οἷος
1739 2690 1765 2740 6

164 2802 402 2864 Παῦλος,
460 2798 558 2850 νῦν
599 2796 699 2865 μιν
738 2792 881 2861 γάλα
919 2790 1189 2854 ποτίζων,
1218 2784 1314 2839 νῦν
1349 2786 1406 2839 δὲ
1445 2784 1637 2851 σοφίαν
1671 2780 1768 2833 λα-

166 2893 297 2955 λῶν,
334 2888 535 2950 πιστός
563 2904 622 2939 τε
661 2884 910 2946 διάκονος
935 2880 1033 2944 ὢν,
1067 2881 1096 2932 6
1122 2878 1389 2949 πρότερον
1416 2874 1763 2945 βλάσφημος,

170 2986 262 3037 καὶ
280 2982 576 3052 φρόνιμος,
604 2976 679 3039 ὼς
706 2975 782 3046 μή
810 2972 1020 3043 ἀγνοῶν
1042 2971 1112 3026 τά
1138 2972 1387 3040 νοήματα
1408 2966 1504 3019 τοῦ
1534 2964 1733 3036 ἐχθροῦ
1752 2982 1764 2995 -

169 3074 306 3128 ἀλλὰ
333 3073 438 3125 καὶ
474 3072 587 3133 πᾶς
617 3069 647 3121 6
679 3065 861 3120 ὁτιοῦν
894 3064 1043 3133 παρὰ
1071 3062 1208 3115 Θεοῦ
1237 3058 1443 3123 λαϐὼν,
1475 3058 1588 3111 εἴτε
1634 3058 1771 3128 χρή-

174 3185 361 3237 ματα,
424 3165 540 3217 εἴτε
591 3159 955 3225 δυναστείαν,
1006 3156 1120 3210 εἴτε
1170 3154 1386 3225 ἀρχὴν,
1429 3151 1636 3222 ὀφείλει
1678 3151 1770 3203 καὶ

173 3260 384 3323 πιστῶς
439 3257 536 3311 καὶ
590 3253 875 3326 φρονίμως
924 3249 1150 3304 διοικεῖν
1207 3245 1425 3308 ταῦτα,
1480 3243 1559 3307 ὼς
1612 3242 1773 3310 λόγον

173 3352 385 3407 δώσων.

248 3461 268 3495 t
310 3440 444 3495 Ἐὰν
467 3438 524 3491 δὲ
558 3434 689 3507 εῐπῃ
714 3434 745 3487 6
777 3427 948 3492 κακὸς
981 3427 1169 3491 δοῦλος
1208 3426 1421 3492 ἐκεῖνος
1447 3424 1506 3475 ἐν
1539 3423 1607 3492 τῇ
1640 3437 1780 3491 καρ-

177 3533 263 3605 δίᾳ
289 3528 486 3593 αὑτοῦ,
517 3524 774 3596 Χρονίζει
803 3524 832 3575 6
869 3518 1064 3589 κύριός
1112 3533 1215 3587 μου
1249 3514 1447 3573 ιλθεῖν,
1486 3511 1583 3566 καὶ
1612 3511 1783 3581 ἄρξη-

178 3600 262 3677 τιί
288 3620 522 3673 τύπτειν
548 3615 675 3677 τοὺς
704 3608 1050 3672 συνδούλους,
1080 3606 1239 3677 ἐσθίῃ
1268 3604 1325 3657 δὲ
1356 3603 1452 3657 καὶ
1477 3601 1610 3673 πίνῃ
1642 3600 1779 3671 μετὰ

179 3715 286 3769 τῶν
323 3710 662 3783 μεθυόντων,
690 3700 812 3775 ἥξει
839 3704 868 3755 6
898 3700 1088 3771 κύριος
1125 3697 1219 3751 τοῦ
1253 3696 1441 3750 δούλου
1476 3694 1689 3746 ἐκείνου
1721 3693 1779 3745 ὲν

179 3781 364 3877 ήμέρα
467 3801 527 3854 ού
561 3795 858 3868 προσδοκᾷ,
911 3793 1005 3871 καί
1038 3792 1099 3843 ὲν
1146 3788 1265 3857 ὥρᾳ
1390 3786 1452 3839 οὐ
1498 3784 1778 3854 γινώσκει,

179 3902 276 3957 καὶ
308 3895 663 3972 διχοτομήσει
692 3891 877 3956 αὑτὸν,
903 3889 1007 3942 καὶ-
1025 3887 1087 3940 τὸ
1120 3887 1284 3956 μέρος
1310 3882 1474 3938 αὑτοῦ
1500 3882 1638 3952 μετὰ
1670 3881 1783 3935 τῶν

182 3988 505 4062 ὑποκριτῶν
531 3987 687 4057 θήσει
713 3999 727 4014 ·
766 3983 885 4035 ικεῖ
920 3981 1074 4033 ἔσται
1101 3979 1129 4030 6
1158 3976 1437 4043 κλαυθμὸς
1469 3975 1565 4027 καὶ
1595 3976 1622 4026 6
1646 3973 1781 4044 βρυ-

182 4087 325 4156 γμδς
355 4081 468 4137 τῶν
521 4078 773 4146 ὀδόντων.
812 4093 831 4126 ι
868 4071 1058 4127 Εἰπὼν
1093 4070 1211 4134 πῶς
1239 4067 1613 4139 τιμηθήσεται
1639 4070 1666 4120 6
1694 4082 1784 4119 πι-

168 4161 309 4241 στὸς
341 4172 551 4235 δοῦλος,
580 4168 678 4224 νῦν
699 4164 851 4233 λέγει
882 4162 1000 4226 πῶς
1019 4158 1417 4229 κολασθήσεται
1446 4159 1473 4210 6
1520 4156 1781 4226 πονηρός.

184 4270 314 4326 Ἐάν
331 4267 443 4337 γάρ
465 4282 547 4327 τις
572 4257 888 4329 οἰκονομίαν
911 4257 1055 4318 τινὸς
1082 4254 1421 4324 χαρίσματος
1442 4250 1781 4314 πιστευθεὶς,

183 4360 506 4431 καταφρονῇ
546 4352 645 4408 τοῦ
701 4349 912 4404 εκεῖθεν
938 4346 1317 4416 δικαστηρίου,
1352 4344 1447 4397 καὶ
1500 4344 1635 4413 λέγῃ
1666 4343 1777 4408 ὅτι,

183 4451 443 4527 Χρονίζει
463 4443 699 4517 όκύριός
725 4458 849 4514 μου,
873 4439 1182 4501 τουτέστιν,
1212 4437 1273 4488 ού
1306 4436 1455 4506 παρὰ
1490 4435 1657 4497 πόδας
1687 4433 1784 4486 καὶ

1862 580 2087 649 quando
2111 579 2291 633 futura
2328 586 2476 632 esset
2508 591 2657 631 mors
2682 585 2895 641 nostra,
2930 575 3021 630 illo
3057 574 3175 629 solo
3229 573 3318 629 die
3368 575 3471 631 da-

1860 686 2045 727 remus
2090 685 2315 740 operam
2378 669 2650 740 quomodo
2707 670 3045 739 placerenms
3120 670 3270 723 Deo:
3329 683 3475 722 nunc

1859 773 2043 819 autem
2096 779 2220 817 cum
2290 762 2625 832 ignoramus,
2671 762 2841 817 sobrii
2899 776 3088 816 smnus
3142 775 3360 827 semper
3404 760 3473 814 ad

1861 859 2125 911 virtutum
2160 871 2352 926 opera.

1936 950 2103 1005 \‘sas.
2162 946 2355 1004 45-47.
2412 966 2431 999 ι
2472 945 2733 1013 Quisnam
2801 956 2882 1001 est
2937 946 3111 1000 lidclis
3165 958 3363 999 servus
3418 952 3475 997 et

1861 1044 2121 1114 prudens,
2146 1056 2306 1112 quem
2351 1040 2597 1112 praefecit
2622 1039 2877 1094 dominus
2933 1039 3209 1093 famulitio
3248 1052 3367 1102 suo,
3413 1047 3475 1091 ut

1861 1139 1952 1191 det
2003 1135 2109 1190 illis
2164 1134 2344 1189 cibum
2410 1134 2463 1187 in
2523 1132 2806 1201 tempore?
2838 1131 3036 1186 Beatus
3086 1146 3287 1186 servus
3358 1128 3471 1197 ille;

1858 1244 2019 1299 quem
2052 1242 2177 1282 cum
2225 1225 2437 1280 venerit
2480 1224 2736 1279 dominus
2789 1223 2928 1291 ejus,
2982 1223 3140 1293 135
3198 1222 3471 1276 invenerit

1860 1321 1942 1377 sic
1973 1320 2289 1375 facientem.
2342 1320 2515 1373 Amen
2573 1319 2694 1373 dico
2751 1318 2930 1381 vobis,
2984 1316 3243 1386 quoniam
3307 1329 3473 1385 super

1860 1414 2042 1467 omnia
2128 1413 2268 1467 bona
2319 1426 2417 1466 sua
2504 1412 2809 1465 constituet
2860 1424 3007 1463 eum.
3064 1426 3081 1459 ι
3130 1406 3355 1462 Dubitat
3400 1420 3470 1458 an

1863 1506 2077 1560 futurus
2111 1504 2183 1559 sit
2212 1503 2381 1557 ﬁdelis
2408 1502 2532 1572 quis
2556 1510 2611 1556 et
2658 1501 2919 1570 prudens,
2972 1514 3135 1567 quem
3186 1494 3473 1552 constituit

1863 1598 2117 1652 dominus
2157 1596 2276 1666 ejus
2314 1612 2478 1663 super
2509 1594 2833 1648 famulitium
2877 1607 3061 1658 suum,
3098 1600 3157 1644 ut
3213 1589 3473 1645 ostendat

1862 1689 2005 1759 quod
2042 1703 2197 1743 rarus
2229 1689 2352 1741 talis
2376 1688 2468 1751 sit,
2504 1696 2558 1739 et
2590 1682 3092 1739 inventudiliicilis.
3150 1679 3270 1735 Duo
3324 1679 3473 1735 enim

1863 1783 2155 1851 exiguntur
2181 1779 2249 1832 ab
2272 1777 2419 1832 omni
2441 1777 2843 1845 dispensatore,
2907 1772 3044 1827 ﬁdes
3072 1781 3129 1826 et
3157 1769 3470 1841 prudentia.

1865 1871 2001 1925 Nam
2034 1872 2080 1925 si
2109 1871 2326 1940 quidem
2358 1869 2531 1923 fidelis
2567 1868 2660 1931 sit,
2693 1877 2749 1922 et
2782 1864 2917 1919 nihil
2950 1865 3183 1927 l‘uretur,
3215 1863 3473 1933 prudens

1866 1976 2047 2020 autem
2081 1979 2189 2016 non
2224 1963 2317 2025 sit,
2350 1962 2445 2016 sed
2503 1961 2555 2013 in
2596 1975 2789 2012 vanum
2821 1955 3103 2027 disperdat
3143 1970 3277 2025 opes
3312 1972 3327 2009 :
3386 1955 3472 2009 vel

1866 2057 1911 2113 si
1945 2056 2183 2126 prudens
2220 2053 2403 2119 fuerit,
2426 2064 2481 2108 et
2528 2051 2758 2117 furetur,
2812 2049 2950 2104 nihil
2998 2048 3262 2119 proderit.
3306 2048 3474 2116 Igitur

1868 2149 1959 2217 qui
1988 2156 2117 2200 tunc
2150 2145 2402 2200 inventus
2435 2143 2598 2197 fuerit
2634 2140 2810 2195 ﬁdelis
2848 2149 2903 2193 et
2948 2139 3212 2210 prudens,
3277 2137 3368 2192 ille
3419 2147 3476 2191 ιιι

1871 2240 2042 2293 multo
2084 2238 2238 2306 plura
2277 2242 2642 2304 consequetur
2662 2233 2732 2300 ⁸³,
2772 2246 2994 2300 regnum
3033 2231 3155 2285 dico
3182 2228 3471 2284 caelorum.

1870 2327 2005 2382 Nam
2039 2328 2283 2381 omnium
2314 2340 2435 2395 quae
2460 2334 2589 2379 sunt
2623 2322 2743 2390 Dei,
2786 2322 3035 2377 haeredes
3086 2329 3247 2375 erunt
3270 2318 3471 2375 sancti.

1870 2419 2072 2476 Fidelis
2103 2430 2281 2475 autem
2316 2433 2509 2475 servus
2550 2427 2603 2473 et
2654 2417 2897 2484 prudens
2926 2413 3107 2468 omnis
3162 2413 3326 2467 etiam
3389 2419 3476 2465 est

1873 2511 2086 2575 doctor,
2133 2510 2226 2579 qui
2292 2510 2345 2565 in
2408 2518 2652 2573 tempore
2699 2506 2852 2561 dedit
2912 2504 3098 2559 cibum
3146 2503 3425 2571 discipulis
3456 2541 3474 2568 ,

1873 2606 2015 2658 sicut
2042 2601 2261 2667 Paulus,
2294 2616 2437 2657 nunc
2464 2600 2685 2671 quidem
2720 2597 2861 2653 lacte
2886 2605 3107 2667 potans,
3127 2610 3273 2650 nunc
3292 2602 3476 2649 autem

1875 2698 2149 2765 Sapienter
2206 2694 2454 2762 loquens,
2509 2692 2789 2760 ﬁde-lisque
2842 2689 3114 2753 minister,
3171 2688 3265 2757 qui
3324 2687 3478 2756 prius

1876 2790 2233 2867 blaSphemus
2250 2787 2319 2853 “,
2349 2796 2403 2839 et
2433 2785 2693 2853 prudens,
2721 2792 2778 2836 ut
2809 2796 2915 2835 non
2969 2778 3231 2851 ignorans
3274 2779 3481 2849 cogita-

1881 2880 2058 2933 tiones
2098 2877 2327 2931 inimici.
2362 2876 2469 2930 Sed
2500 2884 2555 2929 ct
2583 2874 2765 2928 omnis
2819 2874 2912 2942 qui
2960 2888 2991 2925 a
3041 2872 3156 2926 Deo
3207 2872 3483 2941 acceperit

1878 2972 1959 3024 vel
1986 2985 2137 3039 epes,
2167 2968 2251 3022 vel
2279 2967 2601 3037 potentiam,
2653 2966 2733 3019 vel
2778 2966 3172 3035 principatum,
3216 2965 3381 3019 debet
3427 2972 3484 3018 ct

1879 3063 2112 3117 ﬁdeliter
2137 3072 2193 3116 et
2224 3062 2525 3129 prudenter
2553 3058 2871 3113 ministrare
2894 3072 2983 3122 ea,
3012 3067 3268 3126 tanquam
3317 3057 3498 3137 ratioﬁ

1879 3170 2002 3209 nem
2035 3154 2374 3208 redditurus.

1958 3424 2127 3480 Vens.
2155 3422 2350 3478 48-51.
2387 3440 2406 3474 ι
2446 3420 2603 3489 Quod
2642 3418 2688 3474 si
2722 3418 2925 3473 dixerit
2955 3432 3147 3475 servus
3188 3418 3278 3475 ille
3312 3420 3487 3493 malus

1886 3519 1941 3573 in
1974 3519 2138 3573 corde
2172 3531 2295 3580 suo,
2325 3514 2629 3569 Cunctatur
2657 3499 2913 3566 dominus
2944 3526 3097 3566 meus
3134 3511 3343 3578 venire,
3375 3524 3499 3585 emo,

1882 3614 2135 3684 peritque
2172 3616 2461 3680 percutere
2489 3619 2830 3673 conservos,
2864 3604 2977 3659 imo
3008 3604 3173 3658 edere
3207 3613 3263 3659 et
3297 3605 3489 3662 bibere

1884 3720 2009 3761 cum
2038 3702 2206 3757 ebriis
2237 3719 2250 3755 :
2281 3700 2463 3755 veniet
2498 3698 2755 3752 dominus
2798 3695 2942 3751 servi
2989 3695 3135 3750 illtus
3174 3695 3227 3748 in
3248 3694 3348 3750 ‘tlie
3379 3710 3490 3765 quo

1886 3811 1993 3851 non
2022 3801 2327 3864 exspectat,
2364 3798 2419 3845 et
2467 3792 2598 3844 hora
2654 3804 2759 3855 qua
2810 3789 3051 3857 ignorat,
3090 3797 3146 3842 et
3188 3788 3489 3844 dissecabit

1881 3904 2044 3954 eum,
2088 3898 2144 3942 et
2185 3894 2401 3955 partem
2446 3883 2564 3951 ejus
2608 3891 2770 3952 ponet
2820 3898 2945 3937 cum
2981 3881 3329 3953 hypocritis:
3373 3881 3490 3937 illic

1884 3982 1990 4038 erit
2033 3981 2277 4049 ploratus
2324 3986 2379 4032 et
2434 3976 2637 4031 stridor
2678 3975 2943 4029 dentium.
2984 3992 3002 4025 ι
3044 3973 3141 4030 Ubi
3178 3974 3315 4029 dixit
3347 3964 3502 4044 quo?

1884 4075 2045 4131 modo
2094 4071 2271 4127 ﬁdelis
2318 4084 2512 4126 servus
2562 4070 2802 4123 honores
2849 4067 3137 4121 habiturus
3184 4067 3291 4131 sit',
3342 4066 3503 4123 nunc~

1887 4168 2018 4224 dicit
2045 4164 2318 4236 quomodo
2346 4162 2609 4233 punietur
2633 4160 2831 4213 malus.
2856 4157 2994 4213 Nam
3021 4159 3067 4212 si
3100 4160 3223 4229 quis
3244 4159 3330 4213 cui
3359 4166 3490 4213 sunt

1884 4258 2205 4316 concredita
2235 4253 2661 4325 dispensationis
2687 4252 2848 4315 dona,
2872 4261 3190 4305 contemnat
3212 4250 3485 4319 judicium

1886 4352 2040 4417 illud,
2070 4359 2125 4404 et
2149 4350 2314 4415 dicat,
2341 4347 2585 4401 Moratur
2617 4344 2886 4397 Dominus
2910 4356 3090 4404 meus,
3125 4340 3226 4395 hoc
3247 4351 3352 4405 est,
3377 4357 3489 4396 non

1887 4451 2071 4505 statim
2124 4454 2180 4500 et
2224 4458 2255 4498 e
2296 4444 2528 4509 vestigio
2570 4454 2787 4510 pinnam
2840 4437 3112 4507 imponit:
3166 4446 3223 4491 et
3269 4447 3488 4506 sumpta

184 4525 392 4608 εύθέως
425 4544 527 4611 τὴν
558 4536 835 4607 τιμωρίαν
862 4531 1159 4602 ἐπιτίθησι,
1194 4528 1286 4582 καὶ
1306 4528 1405 4598 τήν
1433 4525 1770 4590 ἁνεξικακίαι

1893 4541 2184 4597 occasione
2212 4551 2277 4591 es
2299 4534 2715 4605 longanimitate
2741 4531 2860 4593 Dei,
2885 4530 3160 4599 percutiat
3193 4542 3490 4583 conservos

186 4639 282 4693 τοῦ
314 4635 457 4690 Θεοῦ
511 4627 770 4700 ἀφορμήν
827 4623 1092 4695 πονηρίας
1128 4622 1349 4692 ποιῆται
1379 4658 1395 4684 ,
1446 4619 1544 4671 καὶ
1603 4616 1782 4687 τύπτῃ

188 4733 315 4793 τοὺς
354 4723 674 4786 συνδούλους
725 4717 916 4783 αὐτοῦ,
984 4716 1128 4797 φημὶ
1165 4715 1228 4784 δὴ
1284 4710 1637 4783 σκανδαλίζῃ,
1690 4711 1786 4764 καὶ

189 4822 375 4889 τύπτῃ
406 4816 509 4885 τὴν
540 4811 846 4880 συνείδησιν
874 4807 1073 4863 αὐτῶνο
1104 4809 1151 4860 οί
1186 4807 1295 4875 γὰρ
1319 4804 1633 4875 ἀρχόμενοι,
1669 4801 1788 4870 βλέ-

193 4926 392 4971 ποντες
417 4906 545 4969 τοὺς
571 4903 841 4975 ἄρχοντας
865 4899 1051 4964 κακῶς
1081 4897 1401 4970 χρωμένους
1425 4898 1536 4957 τοῖς
1560 4893 1783 4958 δοθεῖσι,

194 5005 538 5073 πλήσσονται
603 4992 1119 5063 σκανδαλιζόμενοι,
1181 4991 1277 5043 καὶ
1338 4987 1667 5058 βλάπτονται
1706 5003 1718 5016 ⁸
1761 4988 1789 5039 6

194 5094 440 5155 τοιοῦτος
464 5083 559 5143 οὖν
589 5086 1104 5157 διχοτομηθήσεται,
1140 5082 1392 5135 τουτέστι
1436 5080 1791 5149 γυμνωθήσε-

198 5204 287 5239 ται
322 5182 418 5235 τοῦ
455 5178 750 5250 προσόντος
787 5174 936 5243 αὑτῷ
973 5175 1342 5245 χαρίσματος,
1376 5171 1474 5225 καὶ
1508 5171 1630 5222 τότε
1680 5187 1787 5237 φα-

197 5279 421 5345 νήσεται
452 5266 564 5331 οἷος
586 5264 675 5339 ἦν,
692 5269 788 5321 καὶ
812 5265 1143 5336 βληθήσεται
1167 5267 1245 5326 είς
1272 5264 1331 5316 τὸ
1351 5263 1541 5324 σκότος
1557 5278 1570 5292 ο
1598 5260 1788 5331 πρώην

201 5370 297 5437 μὲν
322 5368 433 5434 γάρ
454 5365 546 5418 διὰ
579 5360 673 5414 τού
699 5360 1087 5430 προσχήματος
1114 5350 1441 5425 ήπάτα,οἵοι
1470 5354 1655 5407 πολλοὶ
1680 5354 1789 5405 τῶν

197 5459 529 5530 ἀρχιερέων,
572 5457 716 5523 ἅγιοι
768 5451 1049 5512 δοκοῦντες
1081 5451 1169 5503 διὰ
1197 5450 1257 5501 τὸ
1288 5450 1504 5517 ἀξίωμα
1527 5466 1539 5477 ·
1571 5450 1693 5500 τότε
1734 5446 1791 5499 δὲ

196 5555 500 5624 ἀρθήσεται
532 5548 625 5602 ἀπ’
657 5546 838 5600 αὐτῶν
868 5546 900 5614 ἡ
929 5545 1109 5613 χάρις.
1147 5544 1256 5597 Καὶ
1282 5545 1353 5605 ὡς
1379 5542 1671 5610 ὑποκριταὶ
1696 5558 1788 5594 κο-

197 5646 591 5713 ),ατθήσονταῃ
625 5640 753 5694 ἄλλο
782 5638 933 5699 ὄντες
959 5635 1053 5689 καὶ
1074 5637 1200 5690 ἄλλο
1237 5636 1573 5705 φαινόμενοι.

264 5826 311 5856 ⁸³
363 5822 559 5877 Matth.
603 5835 751 5887 XXIV,
780 5818 868 5871 45.
944 5818 1039 5871 ll"'1
1078 5813 1220 5870 Tim.
1249 5830 1286 5881 ι,
1327 5815 1413 5879 1:2,
1452 5814 1538 5867 15.

1891 4646 2021 4688 suos
2051 4626 2376 4684 oll'eudendo
2408 4623 2714 4702 scandulis,
2752 4631 2807 4676 et
2842 4622 3059 4675 illorum
3094 4620 3488 4674 conscientiam

1893 4723 2146 4777 verberet
2181 4700 2581 4790 (sttbditiettittt
2616 4715 2862 4769 videntes
2894 4715 3169 4783 principes
3206 4714 3360 4767 donis
3397 4712 3489 4765 Dei

1896 4815 2037 4869 male
2088 4813 2202 4877 uti,
2251 4810 2701 4866 scandalizantnr
2758 4818 2810 4861 ct
2852 4808 3111 4861 damnum
3160 4804 3485 4874 acvipiunt);

1898 4908 1989 4978 qui
2035 4907 2201 4977 igitur
2247 4904 2401 4969 talis,
2450 4900 2834 4963 disset-abitnr,
2880 4902 2985 4955 hoc
3041 4910 3123 4953 est
3165 4900 3493 4969 spoliabitur

1900 5000 2043 5053 dono
2074 5011 2194 5063 suo,
2227 5005 2283 5047 et
2314 5007 2442 5048 tunc
2471 4992 2760 5063 apparebit
2794 4994 2973 5059 qualis
3007 4992 3077 5044 sit
3113 5009 3124 5043 :
3160 5000 3211 5043 rt
3246 4992 3494 5044 miztmur

1900 5089 1953 5141 itt
1991 5087 2279 5150 tenebras,
2316 5085 2406 5154 qui
2451 5085 2603 5153 prius
2639 5084 2739 5136 sub
2782 5084 2950 5151 llgurn
2992 5085 3222 5149 quadam
3258 5081 3494 5147 deripie-

1898 5180 1991 5235 bat
2020 5199 2033 5235 :
2066 5180 2209 5233 sicut
2241 5178 2393 5232 multi
2433 5177 2751 5247 pontiﬁcum
2785 5176 2962 5229 sanrli
2996 5176 3246 5244 videntur
3275 5182 3496 5243 propter

1898 5273 2243 5341 dignitatem,
2296 5280 2421 5324 tunc
2462 5278 2641 5322 autem
2688 5268 2907 5322 tolletur
2953 5269 3021 5321 ab
3068 5266 3146 5319 eis
3190 5268 3402 5337 gratia,
3442 5274 3495 5319 et

1902 5366 2046 5419 sicut
2081 5364 2377 5433 hypocrita:
2413 5364 2727 5433 punientur.
2771 5360 2908 5414 Nam
2942 5375 3064 5414 cum
3099 5360 3188 5412 alii
3223 5359 3364 5423 sint,
3402 5360 3494 5415 alii

1902 5467 2185 5528 apparent.
