4010 6428
567 401 678 468 423

1111 509 1352 568 CAPUT
1393 509 1561 565 XXV.

567 650 644 708 De
688 653 859 706 decem
907 649 1213 715 virginibus.
1275 649 1530 699 Pnrabola
1576 662 1750 715 eorum
1801 645 1886 712 qui
1933 643 2126 693 inlenia

670 728 674 731 ’
872 714 1200 787 acceperunt.
1239 719 1309 770 De
1347 719 1566 770 adt-antu
1599 714 1815 767 Christi.

636 851 801 905 Vens.
831 851 944 905 1-5.
976 868 994 902 ι
1029 850 1178 903 Tune
1202 848 1589 902 assimilabitnr
1615 860 1836 912 regnum
1870 843 2126 898 ccelormn

566 942 748 995 decem
802 942 1120 1008 virginibus,
1172 956 1292 1008 quas
1334 940 1564 1006 sumptis
1595 936 1932 1003 lampadibus
1975 933 2131 1002 136

564 1034 678 1087 Suis
706 1035 954 1086 exierunt
999 1033 1050 1084 in
1082 1047 1366 1085 occursum
1413 1044 1631 1096 sponso.
1674 1029 1920 1095 Quinque
1952 1038 2130 1079 autem

563 1139 628 1177 ex
655 1125 758 1176 illis
775 1131 928 1175 erant
949 1124 1264 1192 prudentes,
1289 1130 1342 1176 et
1369 1122 1605 1188 quinque
1631 1119 1806 1172 fatuae.
1831 1119 1957 1184 Quae
1976 1127 2132 1170 erant

564 1212 754 1275 fatuae,
811 1213 1046 1279 acceptis
1099 1211 1438 1281 lampadibus
1486 1212 1618 1272 suis,
1655 1225 1756 1261 non
1815 1214 2134 1274 acceperant

563 1305 736 1358 oleum
763 1319 941 1358 secum
971 1321 984 1358 :
1014 1305 1299 1376 prudentes
1329 1318 1458 1355 vero
1501 1311 1850 1368 sumpserant
1876 1299 2051 1352 oleum
2079 1299 2130 1350 in

562 1399 708 1449 vasis
752 1397 895 1460 suis,
946 1410 1050 1448 uua
1109 1410 1232 1448 cum
1278 1393 1636 1460 lampadibus.
1673 1389 1957 1445 Tardaute
2005 1403 2133 1442 vero

563 1501 764 1553 sponso
791 1486 1220 1539 dormitaverunt
1263 1499 1452 1537 omnes
1479 1497 1541 1537 ac
1574 1482 1929 1535 dormierunt.
1963 1499 1980 1530 ι
2022 1477 2134 1532 Sub

562 1589 794 1644 persona
836 1578 1102 1646 virginum
1153 1577 1404 1646 propertit
1449 1574 1760 1644 parabolam
1800 1573 1864 1626 de
1896 1573 2132 1626 eleemo-

563 1681 691 1737 syna
719 1683 733 1720 :
765 1677 821 1719 ut
860 1669 1112 1734 quoniam
1157 1682 1405 1734 maguum
1434 1682 1569 1735 opus
1596 1675 1680 1720 est
1713 1665 1989 1733 virg’nitas
2010 1703 2022 1726 ,
2070 1678 2134 1717 ne

562 1759 686 1828 quis
730 1759 857 1811 illud
899 1773 1065 1812 unum
1101 1772 1323 1820 curans,
1369 1757 1473 1810 alia
1510 1757 1782 1826 negligat,
1825 1754 1915 1808 sed
1961 1753 2133 1808 discat

562 1846 703 1914 quod
731 1848 932 1915 absque
955 1847 1298 1917 eleemosyna
1320 1848 1482 1900 etiam
1513 1847 1751 1915 virgines
1783 1861 1903 1898 cum
1938 1846 2130 1898 scortis
2165 1834 2206 1891 Β

563 1938 870 2007 ejicieutur.
909 1937 1104 1991 Merito
1135 1948 1316 1992 autem
1364 1938 1455 2006 qni
1499 1935 1871 2005 coiupassione
1897 1945 2047 1990 caret
2076 1946 2130 1990 et

565 2029 931 2084 misericordia
957 2069 972 2094 ,
1007 2031 1239 2099 eiicitur,
1275 2033 1438 2083 etiam
1471 2031 1515 2084 si
1557 2032 1705 2096 virgo
1740 2030 1830 2084 sit.
1875 2029 2126 2083 Scortum

561 2121 702 2176 enim
729 2123 796 2175 ab
819 2120 1101 2175 sﬂ'ectione
1127 2121 1402 2190 tyrannica
1431 2130 1771 2189 expugnatur
1794 2128 1845 2174 et
1872 2122 2126 2182 naturali,

560 2213 948 2269 immisericors
982 2223 1158 2268 autem
1202 2230 1230 2266 a
1258 2213 1482 2268 divitiis.
1514 2211 1729 2278 Quanto
1772 2213 1933 2280 igitur
1980 2213 2129 2266 inﬁr-

560 2306 699 2357 unius
738 2306 821 2356 cui
862 2303 1276 2367 obluctandum,
1323 2312 1474 2356 tanto
1505 2303 1698 2355 minori
1742 2303 1896 2355 venia
1938 2303 2130 2370 dignus

556 2402 636 2445 est
666 2394 755 2462 qui
795 2404 1135 2462 expugnatur
1174 2395 1241 2446 ab
1285 2393 1526 2446 avaritize
1566 2393 1778 2447 morbo.
1827 2394 1893 2446 Et
1932 2395 2128 2448 stultus

558 2485 771 2550 quidem
803 2494 906 2548 est,
941 2485 1030 2552 qui
1063 2483 1231 2539 vincit
1262 2485 1507 2538 naturale
1543 2485 1882 2550 incendium,
1920 2496 1972 2537 et
2009 2486 2128 2538 vin-

559 2576 701 2627 citur
755 2591 782 2626 ιι
847 2590 1009 2642 parva
1064 2577 1414 2643 pecuniarum
1468 2575 1759 2643 ettpiditaie
1807 2591 1869 2629 ac
1920 2579 2125 2628 morbo.

561 2666 880 2717 Dormitatio
914 2676 996 2720 est
1045 2682 1208 2719 mors.
1262 2666 1408 2718 Mora
1456 2675 1632 2718 autem
1677 2670 1858 2734 Sponsi
1909 2669 2125 2734 dicitur,

558 2757 680 2824 quia
713 2771 818 2809 non
852 2760 1032 2813 Statim
1067 2758 1335 2810 secundus
1366 2757 1626 2810 adventus
1663 2759 1733 2808 .‘it.

636 2995 803 3049 Vens.
832 2996 988 3049 6-15.
1031 3014 1048 3047 ι
1098 2993 1268 3050 Porro
1313 2997 1488 3050 medio
1524 2996 1696 3050 noctis
1724 2995 1926 3049 clamor
1957 2998 2128 3048 laetus

561 3096 683 3140 est:
743 3084 878 3137 Ecce
925 3099 1155 3152 sponsus
1201 3086 1380 3148 venit,
1426 3086 1569 3158 exite
1617 3086 1827 3137 obviam
1873 3085 1941 3138 ei.
1981 3082 2130 3137 Tunc

1420 395 1997 459 THEOPHYLACTI
2035 391 2281 452 BULGA
2294 391 2448 451 RM!
2489 393 2691 454 ARCH
2704 394 2844 454 ῑΕΡ.

3707 389 3814 454 424

2814 504 3063 558 ΚΕΦΔΛ.
3106 505 3235 558 KE'.

2231 644 2367 709 Περὶ
2409 644 2528 695 τῶν
2557 645 2701 697 δέκα
2737 647 3069 713 παρ’ίένων.
3113 641 3252 708 Περὶ
3286 638 3404 713 ’τῶιρ
3435 639 3506 713 τὰ
3547 639 3820 713 τάλαντα

2304 716 2627 766 λαϐόντων.
2660 711 2941 785 Περίήτῆς
2972 713 3268 777 ἐλεύσεως
3301 711 3406 764 τοῦ
3425 711 3740 778 κ-Χριστοῦ.

2305 872 2323 906 ι
2353 853 2487 907 Τότε
2527 849 2921 926 ὁμοιωθήσεται
2948 856 2982 924 ή
3013 852 3256 922 βασιλεία
3285 853 3390 904 τῶν
3412 851 3656 921 οὐρανῶν
3682 850 3824 904 δέκα

2232 944 2541 1014 παρθένοις,
2571 946 2773 1008 αἵτινες
2803 944 3072 997 λαϐοῦσαι
3109 943 3208 1004 τὰς
3263 942 3554 1011 λαμπάδας
3607 939 3820 999 αὐτῶν,

2232 1035 2454 1104 ἐξῆλθον
2485 1041 2564 1100 είς
2625 1037 2933 1105 ἀπάντησιν
2971 1035 3064 1088 τοῦ
3099 1034 3356 1104 νυμφίου.
3385 1032 3556 1085 Πέντε
3589 1033 3645 1084 δὲ
3668 1027 3822 1103 ἦσαν

2234 1127 2293 1189 ἐξ
2347 1127 2524 1179 αὐτῶν
2575 1129 2850 1196 φρόνιμοι,
2913 1129 3004 1178 καὶ
3039 1127 3095 1177 αί
3147 1124 3308 1176 πέντε
3363 1123 3825 1193 μωραίάῐτινες

2238 1221 2436 1288 μωραὶ,
2472 1218 2736 1271 λαϐοῦσαι
2772 1219 2869 1284 τὰς
2901 1217 3190 1287 λαμπάδας
3243 1209 3456 1276 αὐτῶν,
3497 1216 3595 1268 οὐκ
3629 1215 3829 1268 ἔλαϐον

2238 1310 2355 1379 μεθ’
2383 1298 2588 1362 ἑαυτῶν
2621 1308 2799 1361 ἔλαιον
2825 1325 2837 1338 ·
2874 1309 3012 1362 urbe
3044 1307 3298 1378 φρόνιμοι
3333 1304 3524 1358 ἔλαϐον
3554 1304 3729 1358 ἔλαιον
3763 1306 3827 1355 ἐν

2233 1402 2344 1462 τοῖς
2373 1399 2615 1466 ἀγγείοις
2675 1397 2848 1449 αὐτῶν
2902 1395 3042 1465 μετὰ
3092 1395 3198 1448 τῶν
3250 1391 3554 1464 λαμπάδων
3613 1393 3821 1446 αὐτῶν.

2235 1491 2587 1561 Χρονίζοντος
2607 1493 2663 1545 δὲ
2697 1491 2791 1546 τοῦ
2820 1492 3076 1560 νυμφίου,
3133 1489 3432 1554 ὲνύσταξαν
3484 1491 3653 1543 πᾶσαι
3722 1491 3829 1544 καὶ

2234 1584 2543 1637 ἐκάθευδον.
2577 1603 2594 1635 ι
2637 1584 2760 1638 Ἐπὶ
2782 1582 2874 1636 τοῦ
2912 1581 3203 1653 προσώπου
3233 1584 3342 1635 τῶν
3375 1582 3660 1652 παρθένων
3686 1599 3828 1652 σχη-

2239 1675 2453 1744 ματίζει
2474 1676 2574 1742 τὴν
2606 1675 2733 1745 περὶ
2765 1675 3134 1745 ὲλεημοσύνης
3156 1674 3494 1744 παραϐολὴν,
3515 1674 3600 1727 ἶνα
3624 1676 3824 1746 ἐπειδὴ

2240 1768 2382 1835 μέγα
2431 1766 2666 1836 πρᾶγμά
2708 1767 2848 1831 ἐστι,
2889 1766 2962 1836 μὴ
2993 1765 3152 1818 τοῦτο
3202 1765 3363 1834 μόνον
3397 1765 3680 1835 κατορθῶν
3710 1783 3826 1831 τις,

2236 1857 2408 1928 ἀμελῇ
2435 1859 2543 1910 τῶν
2565 1858 2761 1911 ἄλλωνο
2793 1858 2930 1911 ἀλλὰ
2961 1857 3195 1928 μάνθανε
3219 1860 3294 1921 ὡς
3315 1858 3414 1928 τῆς
3445 1859 3567 1928 ὲλεη
3578 1857 3831 1927 μοσύνης

2235 1951 2423 2020 χωρὶς,
2450 1951 2551 2003 κᾶν
2577 1951 2873 2020 παρθενίαν
2894 1951 3044 2022 ἔχῃς,
3079 1952 3215 2021 μετὰ
3235 1951 3450 2019 πορνῶν
3478 1949 3828 2022 ὲκϐληθήσῃ.

2238 2043 2476 2102 Εἰκότως
2501 2041 2557 2094 δὲ
2590 2045 2617 2094 6
2643 2043 2974 2114 ἀσυμπαθὴς
2999 2044 3094 2096 καὶ
3118 2042 3307 2109 ἀνελεή
3318 2061 3434 2111 μων
3466 2041 3827 2106 ἐκϐάλλεται,

2237 2132 2340 2184 κᾶν
2398 2133 2666 2199 παρθένος
2691 2132 2771 2203 εἴη
2800 2149 2815 2164 ο
2844 2135 2871 2185 6
2927 2134 3026 2202 μὲν
3058 2135 3168 2204 γὰρ
3235 2134 3433 2202 πόρνος
3483 2134 3688 2197 πάθους
3724 2137 3833 2204 ητ-

2236 2223 2371 2292 τήθη
2405 2223 2728 2293 τυραννικοῦ
2763 2240 2822 2275 τε
2855 2225 2949 2278 καὶ
2999 2223 3228 2292 φυσικοῦ
3256 2239 3271 2254 ⁸
3328 2226 3354 2277 6
3398 2225 3456 2276 δὲ
3502 2225 3833 2295 ἀνελεήμων

2236 2317 2554 2385 χρημάτων.
2587 2317 2736 2385 Ὄσῳ
2762 2314 2856 2369 οὖν
2887 2318 2914 2369 6
2945 2316 3357 2386 ἀνταγωνιστὴς
3432 2319 3720 2372 ἀσθενέστε
3731 2337 3833 2390 ρος

2237 2411 2474 2475 τοσούτῳ
2508 2408 2899 2477 ἀσυγχιὶιρητος
2929 2409 2956 2459 6
2985 2407 3230 2476 νικηθεὶς
3263 2408 3369 2459 ὑπὸ
3397 2405 3489 2460 τοῦ
3526 2409 3624 2476 τῆς
3661 2411 3831 2476 φιλο-

2237 2501 2548 2569 χρηματίας
2583 2501 2788 2562 πάθους
2809 2515 2822 2528 ⁸
2856 2502 2950 2552 καὶ
2984 2500 3234 2570 μωρὸςδὲ
3258 2503 3285 2554 6
3320 2500 3561 2564 τοιοῦτος
3590 2503 3660 2555 δι’
3685 2504 3832 2557 αὐτὸ

2235 2593 2416 2655 τοῦτο,
2445 2591 2504 2642 τὸ
2542 2595 2763 2658 νικῆσαι
2803 2592 2901 2660 μὲν
2933 2591 3168 2663 φυσικὴν
3202 2593 3467 2661 πύρωσιν,
3520 2595 3830 2664 ἡττηθῆναι

2237 2685 2291 2736 δὲ
2320 2684 2411 2736 τοῦ
2473 2685 2667 2752 μικροῦ
2704 2686 2906 2745 πάθους
2964 2685 3072 2736 τῶν
3127 2686 3425 2755 χρημάτων
3452 2701 3464 2714 °
3507 2686 3831 2756 νυσταγμὺς

2236 2776 2313 2837 δὲ,
2348 2778 2374 2826 6
2408 2775 2652 2835 θάνατος.
2705 2775 3010 2844 Χρονισμὸς
3059 2777 3116 2828 δὲ
3166 2777 3260 2829 τοῦ
3339 2779 3597 2847 νυμφίου,
3653 2777 3718 2830 τὸ
3749 2778 3833 2848 μὴ

2239 2865 2516 2934 συντόμως
2541 2863 2786 2930 γίνεσθαι
2813 2865 2910 2935 τὴν
2946 2866 3206 2936 δευτέραν
3245 2870 3570 2938 παρουσίαν.

2315 2999 2331 3028 ι
2359 2977 2546 3044 Μέσης
2569 2977 2618 3028 δὲ
2643 2977 2837 3039 νυκτὸς
2860 2977 3072 3047 κραυγὴ
3108 2978 3349 3046 γέγονεν·
3370 2980 3497 3032 Ἰδοὺ
3527 2980 3554 3031 6
3587 2980 3836 3052 νυμφίος

2240 3071 2475 3141 ἔρχεται,
2512 3071 2795 3141 ἐξέρχεσθε
2823 3074 2904 3132 είς
2932 3073 3234 3140 ἀπάντησιν
3267 3073 3455 3126 αὐτοῦ.
3492 3073 3623 3125 Τότε
3649 3073 3835 3145 ἠγέρ-

562 3187 915 3231 surrexerunt
957 3191 1144 3230 omnes
1179 3178 1415 3245 virgines
1458 3177 1587 3236 illa},
1635 3185 1689 3228 et
1731 3185 2130 3246 apparaverunt

2241 3167 2411 3232 θησαν
2437 3168 2602 3217 πᾶσαι
2634 3166 2688 3217 αί
2720 3166 2974 3234 παρθένοι
2999 3166 3226 3230 ἐκεῖναι,
3257 3169 3350 3220 καὶ
3382 3167 3691 3237 ἐκόσμησαν
3720 3169 3832 3232 τὰς

561 3267 836 3334 lampades
859 3282 1003 3320 suas.
1039 3266 1221 3321 Fatuae
1246 3277 1424 3322 autem
1446 3269 1797 3337 prudentibus
1835 3267 2087 3321 dixerunt
2113 3285 2128 3322 :

563 3358 696 3412 Date
743 3362 896 3412 nobis
931 3361 996 3410 de
1027 3360 1146 3413 oleo
1199 3374 1379 3414 vestro
1405 3400 1417 3424 ,
1468 3363 1588 3426 quia
1624 3359 1902 3428 lampades
1933 3371 2128 3412 nostrae

567 3453 1008 3517 esxtinguuntur.
1028 3453 1091 3505 Et
1113 3453 1505 3520 responderunt
1535 3452 1825 3519 prudentes
1853 3449 2126 3502 dicentes:

563 3542 934 3614 Nequaquam,
963 3560 1026 3598 ne
1050 3560 1152 3596 non
1183 3543 1414 3597 sullieiat
1441 3544 1594 3596 nobis
1632 3553 1688 3594 et
1719 3543 1887 3596 vobis.
1919 3539 2021 3594 Sed
2057 3540 2130 3593 ite

564 3638 742 3705 potius
786 3639 850 3690 ad
898 3652 990 3689 eos
1033 3638 1124 3703 qui
1172 3638 1446 3698 vendunt,
1501 3642 1554 3688 et
1610 3635 1773 3687 emite
1823 3635 2126 3700 vobisipsis.

563 3725 732 3782 Porro
775 3728 901 3781 dum
946 3729 1083 3780 irent
1113 3740 1388 3795 emptum,
1438 3729 1596 3789 venit
1631 3740 1889 3794 sponsus,
1926 3734 1976 3778 et
2014 3740 2132 3792 quze

562 3826 762 3884 parata:
789 3828 963 3881 erant,
996 3821 1336 3884 intraverunt
1366 3833 1487 3870 cum
1513 3831 1577 3869 eo
1600 3818 1666 3869 ad
1702 3820 1939 3884 nuptias,
1978 3815 2132 3869 clan-

564 3919 732 3971 saque
761 3916 845 3961 est
889 3910 1074 3976 janua.
1126 3909 1318 3962 Postea
1364 3924 1490 3963 vero
1539 3908 1762 3962 veniunt
1813 3918 1864 3962 et
1914 3908 2133 3976 reliqua:

565 3998 823 4068 virgines,
866 4001 1146 4054 dicentes:
1180 4002 1424 4064 Domine,
1469 3998 1724 4063 Domine,
1767 4001 1912 4064 aperi
1953 4001 2128 4052 nobis.

566 4093 636 4144 At
665 4093 753 4145 ille
799 4092 1124 4161 respondens
1151 4095 1260 4155 ait,
1291 4095 1459 4146 Amen
1499 4092 1620 4146 dico
1651 4093 1801 4145 vobis
1824 4132 1838 4155 ,
1873 4107 1974 4143 non
2010 4107 2131 4143 novt

565 4197 682 4235 vos.
721 4179 949 4247 Vigilate
986 4183 1202 4249 itaque,
1241 4183 1364 4247 quia
1402 4183 1620 4234 nescitis
1648 4181 1786 4233 diem
1826 4194 2000 4248 neque
2036 4183 2132 4234 bo-

573 4289 688 4328 ram
720 4291 822 4342 qua
857 4273 1025 4328 Filius
1060 4274 1293 4328 hominis
1327 4275 1522 4327 veniet.
1565 4292 1581 4324 ι
1610 4273 1779 4326 Media
1814 4283 1968 4326 nocte
2007 4274 2137 4327 dicit

564 4367 854 4421 clamorem
892 4366 1036 4429 ﬁeri,
1090 4375 1147 4418 ut
1177 4365 1424 4418 ostendat
1449 4367 1587 4432 quod
1620 4366 1697 4418 sic
1739 4366 2136 4434 inexspectatus

563 4461 745 4510 veniat
776 4456 1052 4517 Dominus,
1086 4458 1236 4525 quasi
1275 4457 1447 4509 inedia
1480 4465 1633 4509 nocte
1671 4471 1857 4508 omnes
1896 4458 2134 4511 dormia-

567 4561 686 4600 mus
738 4547 1004 4614 profundo
1039 4561 1248 4600 somno.
1277 4547 1344 4597 At
1375 4561 1494 4597 eum
1536 4545 1767 4598 clamore
1805 4547 1967 4608 venit,
2006 4551 2129 4598 tuba

568 4639 710 4691 enim
741 4640 953 4690 sonabit
977 4638 1029 4689 in
1060 4641 1293 4690 secundo
1327 4640 1580 4688 adventu.
1628 4637 1922 4705 Latnpades
1954 4651 2131 4690 autem

569 4729 760 4781 anima:
783 4735 980 4780 nostra:
1004 4765 1017 4789 ,
1047 4737 1102 4778 et
1135 4727 1553 4793 uniuscujusque
1589 4742 1737 4779 tuens
1777 4729 1978 4795 lampas
2011 4743 2092 4782 eet
2118 4767 2130 4790 ,

570 4832 688 4886 quae
713 4827 840 4868 tunc
863 4816 1195 4879 accenditur,
1222 4815 1435 4882 quando
1466 4814 1622 4867 habet
1673 4815 1846 4884 oleum
1877 4818 2128 4868 virtutum

571 4916 626 4961 et
661 4906 1110 4960 misericordiam.
1152 4906 1333 4959 Fatua:
1366 4914 1543 4958 autem
1577 4907 1809 4974 virgines
1842 4907 1960 4960 ideo
1991 4909 2134 4975 quod

573 5009 699 5050 tunc
735 4999 1009 5065 requirant
1035 4995 1234 5060 oleum,
1270 5012 1390 5050 cum
1425 5011 1529 5049 non
1567 4998 1637 5050 sit
1666 4999 1966 5066 negotiandi
1999 5012 2134 5051 tem-

573 5101 695 5156 pus.
730 5086 894 5140 Porro
930 5089 1220 5153 prudentes
1245 5088 1450 5151 dicunt,
1486 5084 1563 5140 Ne
1601 5087 1736 5141 forte
1765 5104 1868 5141 non
1912 5088 2138 5142 suﬂiciat

577 5173 732 5226 nobis
767 5185 820 5226 et
867 5175 1035 5252 vobis.
1077 5172 1261 5228 Virtus
1286 5176 1427 5227 enim
1465 5177 1693 5244 proximi
1733 5181 1834 5231 mei
1874 5180 1960 5230 vix
1992 5181 2136 5231 sulti-

580 5268 683 5318 ciet
726 5265 798 5317 illi
840 5266 903 5317 ad
935 5264 1334 5332 defensionem,
1382 5277 1587 5321 tantum
1635 5271 1785 5321 abest
1821 5278 1951 5322 utet
1987 5272 2136 5324 mihi.

577 5358 656 5411 Ex
685 5360 797 5411 suis
826 5360 968 5411 enim
1010 5359 1208 5428 quique
1253 5359 1502 5426 operibus
1536 5360 1990 5427 justilicabuutnr,
2035 5380 2137 5417 non

578 5448 966 5518 proximorum.
1015 5450 1121 5504 Sed
1156 5451 1312 5503 fatuae
1339 5452 1405 5506 ad
1448 5457 1742 5508 vendentes
1773 5456 1970 5509 abeunt
1993 5495 2006 5519 ,
2042 5457 2139 5509 boc

576 5551 680 5602 est,
714 5539 782 5594 ad
808 5555 1092 5609 pauperes.
1123 5541 1385 5596 Caeterum
1419 5545 1558 5612 quod
1591 5545 1711 5598 dico
1747 5545 1887 5599 hunc
1918 5562 2136 5600 sensum

579 5629 782 5686 habet;
816 5631 1160 5689 Penitudine
1191 5635 1460 5691 ducuntur
1500 5635 1692 5700 latum,
1725 5651 1789 5690 eo
1828 5639 1969 5706 quod
2001 5639 2140 5693 elee-

580 5734 859 5791 mosynstn
906 5738 1011 5780 non
1066 5723 1292 5781 fecerint
1332 5744 1345 5779 :
1393 5735 1444 5781 et
1493 5742 1632 5781 nunc
1685 5729 1913 5794 primum
1967 5732 2141 5782 sciunt

577 5816 724 5883 quod
755 5828 782 5868 a
816 5817 1137 5887 pauperibus
1166 5827 1411 5886 oporteat
1443 5833 1540 5876 nos
1571 5818 1744 5873 oleum
1774 5821 1988 5876 emisse.
2026 5821 2131 5876 lloc

2234 3260 2518 3327 λαμπάδας
2548 3258 2749 3321 αὐτῶν,
2778 3259 2833 3310 at
2864 3259 2920 3311 δὲ
2957 3261 3134 3328 μωραὶ
3167 3263 3286 3322 ταῖς
3314 3264 3595 3329 φρονίμοις
3629 3256 3790 3314 εἶπον
3816 3279 3832 3290 ·

2233 3351 2360 3401 Δότε
2384 3352 2515 3420 ημῖν
2538 3352 2600 3402 ἐκ
2630 3350 2722 3402 τοῦ
2753 3350 2929 3402 ἐλαίου
2965 3352 3137 3416 ὑμῶν,
3162 3353 3242 3403 ὃτι
3270 3353 3324 3403 αί
3355 3352 3636 3421 λαμπάδες
3658 3353 3832 3422 ἡμῶν

2235 3440 2570 3494 σϐέννυνται.
2608 3443 3008 3512 Ἀπεκρίθησαν
3036 3443 3090 3494 δὲ
3118 3444 3172 3494 αί
3205 3438 3481 3512 φρόνιμοι,
3517 3443 3782 3510 λέγουσαι
3811 3463 3825 3476 ·

2233 3531 2458 3599 Μήποτε
2500 3533 2599 3582 οὐκ
2633 3532 2844 3602 ἀρκέσῃ
2887 3533 3014 3601 ὑμῖν
3066 3533 3159 3585 καὶ
3193 3536 3343 3601 ἡμῖν.
3410 3535 3713 3604 Πορεύεσθε
3769 3538 3834 3590 δὲ

2238 3624 2435 3691 μᾶλλον
2476 3624 2611 3692 πρὸς
2660 3625 2784 3685 τοὺς
2819 3625 3148 3688 πωλοῦντας,
3198 3625 3292 3676 καὶ
3341 3626 3646 3694 ἀγοράσατε
3692 3630 3830 3682 ἐαυ-

2235 3717 2377 3775 ταῖς.
2440 3713 2852 3783 Ἀπερχομένων
2901 3716 2953 3768 δὲ
3006 3714 3186 3767 αὐτῶν
3241 3716 3528 3784 ἀγοράσαι,
3585 3711 3754 3786 ἦλθεν
3801 3723 3834 3774 ὁ

2236 3807 2487 3874 νυμφίος,
2514 3806 2606 3857 καί
2634 3807 2688 3859 αἱ
2721 3806 2925 3874 ἕτοιμοι
2953 3805 3198 3874 είσῆλθον
3237 3808 3352 3874 μετ’
3395 3807 3558 3860 αὑτοῦ
3587 3813 3666 3871 είς
3692 3811 3832 3874 τοὺς

2237 3897 2469 3964 γάμους,
2504 3896 2596 3947 καὶ
2627 3895 2877 3963 ἐκλείσθη
2909 3899 2938 3964 ή
2979 3897 3116 3965 θύρα
3141 3912 3155 3926 ·
3211 3896 3438 3966 ὕστερον
3476 3899 3532 3950 δὲ
3567 3899 3835 3968 ἔρχονται

2239 3989 2332 4038 καὶ
2381 3988 2433 4038 ai
2463 3987 2647 4038 λοιπαὶ
2684 3986 2966 4055 παρθένοι,
3025 3985 3281 4053 λέγουσαι
3314 4005 3328 4019 ο
3363 3989 3559 4060 Κύριε,
3619 3989 3834 4060 Κύριε,

2240 4077 2445 4140 ἄνοιξον
2478 4079 2629 4146 ἡμῖν.
2687 4078 2744 4128 '0
2774 4078 2826 4129 δὲ
2867 4078 3187 4144 ἀποκριθεὶς
3217 4074 3371 4131 εἶπεν
3404 4095 3413 4103 ·
3468 4079 3638 4149 Ἀμὴν
3676 4079 3837 4151 λέγω

2241 4169 2387 4237 ὑμῖν,
2421 4170 2517 4220 οὐκ
2550 4164 2665 4220 οῗδα
2696 4171 2857 4238 ὑμᾶς.
2890 4170 3219 4238 Γρηγορεῖτε
3256 4168 3368 4232 οῦν,
3407 4171 3489 4222 ὅτι
3518 4173 3617 4223 οὐκ
3641 4173 3836 4227 οἴδατε

2239 4261 2336 4329 τὴν
2376 4261 2588 4328 ἡμέραν
2625 4261 2739 4311 οὐδὲ
2769 4261 2864 4329 τὴν
2887 4261 3035 4330 ὥραν
3062 4264 3119 4312 ἐν
3209 4263 3234 4312 6
3255 4261 3379 4322 Υἱὸς
3404 4261 3499 4314 τοῦ
3531 4261 3834 4332 ἀνθρώπου

2243 4353 2478 4420 ἔρχεται.
2498 4373 2513 4403 ι
2546 4354 2833 4419 Μεσούσης
2864 4357 2961 4420 τῆς
2993 4353 3181 4413 νυκτὸς
3212 4353 3358 4420 λέγει
3389 4355 3633 4424 κραυγὴν
3665 4359 3841 4422 γενέ-

2244 4444 2386 4508 σθαι,
2432 4445 2516 4495 ἵνα
2568 4445 2712 4513 δείξῃ
2763 4447 2843 4497 ὅτι
2887 4446 3205 4507 ἀνέλπιστος
3261 4446 3479 4514 ἔρχεται
3526 4449 3554 4498 6
3588 4445 3832 4516 Κύριος,

2245 4535 2432 4605 ὧσπερ
2468 4538 2818 4604 μεσονυκτίου
2878 4538 3075 4597 πάντες
3128 4537 3231 4605 ἤδη
3282 4537 3613 4607 καθεύδομεν
3665 4539 3840 4608 βαθεῖ

2245 4627 2417 4696 ὕπνῳ.
2476 4628 2633 4680 Ἀλλὰ
2679 4630 2817 4695 μετὰ
2855 4629 3102 4697 κραυγῆς
3135 4628 3374 4698 ἔρχεται·
3427 4629 3660 4695 σάλπιγξ
3714 4632 3836 4703 γὰρ

2243 4721 2436 4789 ὴχὴσει
2485 4721 2540 4770 ἐν
2581 4723 2644 4787 τῇ
2677 4721 2902 4790 δευτέρᾳ
2932 4721 3243 4790 παρουσίαο
3288 4722 3570 4789 λαμπάδες
3609 4721 3686 4784 δὲ,
3726 4728 3837 4778 καὶ

2243 4815 2297 4864 al
2323 4812 2491 4881 ψυχαί
2531 4815 2706 4882 ἡμῶν,
2747 4819 2838 4866 καὶ
2869 4817 2895 4865 6
2926 4814 3044 4876 νοῦς
3095 4814 3328 4865 ἑκάστου
3365 4813 3586 4884 λαμπάς
3632 4815 3791 4869 ἐστιν
3815 4836 3832 4848 ·

2246 4906 2363 4973 ἥτις
2417 4906 2536 4956 τότε
2573 4906 2892 4968 ἀνάπτεται,
2917 4905 3002 4957 ὅτε
3035 4905 3146 4973 ἔχει
3172 4904 3230 4956 τὸ
3253 4906 3358 4957 τῶν
3392 4905 3603 4975 ἀρετῶν
3635 4905 3833 4962 ἔλαιον

2244 4997 2336 5048 καὶ
2366 4996 2464 5066 τήν
2495 4996 2863 5066 ἐλεημοσύνην
2885 5013 2896 5025 ·
2929 4998 3110 5065 μωραὶ
3141 4997 3196 5048 δὲ
3225 4996 3390 5058 ὅντως
3425 4999 3560 5050 είσὶν
3600 4997 3654 5051 αι
3679 5013 3836 5071 παρη

2245 5089 2384 5140 θένοι
2416 5090 2506 5140 καὶ
2539 5087 2676 5140 κατὰ
2710 5087 2887 5151 τοῦτο,
2935 5088 3068 5140 καθὸ
3097 5088 3215 5139 τότε
3251 5089 3479 5158 ἐζήτουν
3513 5090 3573 5140 τὸ
3614 5089 3830 5159 ἔλαιον,

2241 5181 2329 5233 ὅτε
2378 5183 2476 5233 οὐκ
2534 5181 2614 5232 ἔτι
2670 5184 2860 5252 καιρὸς
2912 5182 3319 5251 πραγματείας.
3377 5185 3443 5234 Ai
3472 5183 3526 5234 δὲ
3562 5183 3836 5253 φρόνιμοί

2244 5291 2374 5338 φασι
2407 5289 2418 5302 ο
2459 5273 2683 5338 Μήποτε
2716 5273 2813 5324 οὐκ
2848 5274 3060 5344 ἀρκέσῃ
3098 5275 3230 5342 ἡμῖν
3276 5275 3369 5326 καὶ
3400 5275 3547 5343 ὑμῖν.
3605 5274 3668 5325 Ἥ
3709 5279 3833 5343 γὰρ

2246 5364 2410 5431 ἁρετὴ
2458 5363 2549 5413 τοῦ
2585 5363 2809 5432 πλησίον
2844 5380 2945 5433 μου
2998 5365 3150 5433 μόλις
3177 5365 3404 5433 ἀρκέσει
3438 5366 3630 5435 ἐκείνῳ
3679 5369 3834 5435 πρὸς

2247 5452 2561 5518 ἀπολογίαν,
2598 5453 2727 5522 μήτι
2751 5470 2813 5520 γε
2863 5455 2954 5505 καὶ
2982 5455 3132 5523 ἐμοί·
3170 5455 3399 5516 ἕκαστος
3444 5455 3554 5525 γὰρ
3593 5459 3657 5508 ὲκ
3708 5457 3834 5511 τῶν

2247 5545 2421 5614 ἔργων
2466 5545 2628 5595 αὐτοῦ
2655 5545 3098 5614 δικαιωθήσεται,
3128 5547 3250 5616 οὐχὶ
3278 5546 3385 5598 τῶν
3418 5546 3511 5598 τοῦ
3565 5547 3830 5615 πλησίον.

2252 5635 2392 5688 Ἀλλ’
2421 5636 2474 5688 ai
2507 5637 2692 5704 μωραὶ
2745 5637 2881 5705 πρὸς
2929 5637 3055 5700 τοὺς
3106 5639 3414 5700 πωλοῦντας
3461 5640 3831 5708 ἀπέρχονται,

2248 5727 2513 5792 τουτέστι,
2552 5728 2686 5796 πρὸς
2713 5729 2838 5790 τοὺς
2884 5728 3138 5799 πένητας.
3175 5730 3240 5781 Ὃ
3272 5729 3327 5782 δὲ
3377 5731 3521 5795 λέγει
3575 5730 3833 5786 τοιοῦτόν

2251 5822 2401 5874 ἐστι·
2438 5819 2846 5889 Μεταμέλονται
2896 5820 2951 5873 ei
3019 5820 3199 5890 μωραὶ
3256 5820 3387 5873 διότι
3431 5824 3504 5892 μὴ
3557 5821 3837 5892 ἐποίησαν
