  <div class='ocr_page' id='page_1' title='image "/cluster/home/n/w/nwhite01/storage/ocr_20150623/123/ien.35556001659978/220.png"; bbox 0 0 4010 6416; ppageno 0'>
   <div class='ocr_carea' id='block_1_1' title="bbox 142 412 242 479">
    <p class='ocr_par' dir='ltr' id='par_1_1' title="bbox 142 412 242 479">
     <span class='ocr_line' id='line_1_1' title="bbox 142 412 242 479; baseline 0.03 -4"><span class='ocrx_word' id='word_1_1' title='bbox 142 412 242 479; x_wconf 67' lang='grc'><strong>425</strong></span> 
     </span>
    </p>
   </div>
   <div class='ocr_carea' id='block_1_2' title="bbox 753 408 1722 477">
    <p class='ocr_par' dir='ltr' id='par_1_2' title="bbox 753 408 1722 477">
     <span class='ocr_line' id='line_1_2' title="bbox 753 408 1722 477; baseline -0.007 0"><span class='ocrx_word' id='word_1_2' title='bbox 753 409 1199 477; x_wconf 60' lang='grc' dir='ltr'><strong>ΕΝἈἩΗΑΤῙΟ</strong></span> <span class='ocrx_word' id='word_1_3' title='bbox 1234 411 1318 475; x_wconf 82' lang='lat' dir='ltr'><strong>IN</strong></span> <span class='ocrx_word' id='word_1_4' title='bbox 1359 408 1722 475; x_wconf 57' lang='lat' dir='ltr'><strong>EYANGEL‘</strong></span> 
     </span>
    </p>
   </div>
   <div class='ocr_carea' id='block_1_3' title="bbox 1829 408 2841 477">
    <p class='ocr_par' dir='ltr' id='par_1_3' title="bbox 1829 408 2841 472">
     <span class='ocr_line' id='line_1_3' title="bbox 1829 408 2841 472; baseline -0.003 0"><span class='ocrx_word' id='word_1_5' title='bbox 1829 411 1865 472; x_wconf 72' lang='lat' dir='ltr'><strong>i1</strong></span> <span class='ocrx_word' id='word_1_6' title='bbox 1902 409 2300 472; x_wconf 68' lang='lat' dir='ltr'><strong>‘hAtTHA‘II.</strong></span> <span class='ocrx_word' id='word_1_7' title='bbox 2342 436 2414 448; x_wconf 94' lang='lat'><strong><em>—</em></strong></span> <span class='ocrx_word' id='word_1_8' title='bbox 2451 408 2617 471; x_wconf 84' lang='lat' dir='ltr'><strong>CAP.</strong></span> <span class='ocrx_word' id='word_1_9' title='bbox 2658 408 2841 471; x_wconf 79' lang='lat' dir='ltr'><strong>XXV.</strong></span> 
     </span>
    </p>
   </div>
   <div class='ocr_carea' id='block_1_4' title="bbox 3316 403 3421 469">
    <p class='ocr_par' dir='ltr' id='par_1_4' title="bbox 3316 403 3421 469">
     <span class='ocr_line' id='line_1_4' title="bbox 3316 403 3421 469; baseline 0.019 -2"><span class='ocrx_word' id='word_1_10' title='bbox 3316 403 3421 469; x_wconf 64' lang='grc' dir='ltr'>ηδ</span> 
     </span>
    </p>
   </div>
   <div class='ocr_carea' id='block_1_5' title="bbox 139 518 1722 601">
    <p class='ocr_par' dir='ltr' id='par_1_5' title="bbox 139 520 1722 601">
     <span class='ocr_line' id='line_1_5' title="bbox 139 520 1722 601; baseline -0.004 -19"><span class='ocrx_word' id='word_1_11' title='bbox 139 526 529 601; x_wconf 79' lang='grc' dir='ltr'>ἐλεημοσύνην,</span> <span class='ocrx_word' id='word_1_12' title='bbox 560 527 657 582; x_wconf 72' lang='grc' dir='ltr'>καὶ</span> <span class='ocrx_word' id='word_1_13' title='bbox 695 524 795 582; x_wconf 80' lang='grc' dir='ltr'><strong>νῦν</strong></span> <span class='ocrx_word' id='word_1_14' title='bbox 825 527 1045 599; x_wconf 81' lang='grc' dir='ltr'>πρῶτον</span> <span class='ocrx_word' id='word_1_15' title='bbox 1092 523 1460 595; x_wconf 81' lang='grc' dir='ltr'>γινώσκουσιν</span> <span class='ocrx_word' id='word_1_16' title='bbox 1503 524 1586 578; x_wconf 88' lang='grc' dir='ltr'><strong>δτι</strong></span> <span class='ocrx_word' id='word_1_17' title='bbox 1616 520 1722 577; x_wconf 70' lang='grc' dir='ltr'><strong>ἀπὸ</strong></span> 
     </span>
    </p>
   </div>
   <div class='ocr_carea' id='block_1_6' title="bbox 1829 518 3429 601">
    <p class='ocr_par' dir='ltr' id='par_1_6' title="bbox 1833 518 3429 596">
     <span class='ocr_line' id='line_1_6' title="bbox 1833 518 3429 596; baseline -0.003 -17"><span class='ocrx_word' id='word_1_18' title='bbox 1833 524 2000 596; x_wconf 90' lang='lat' dir='ltr'><strong>igitur</strong></span> <span class='ocrx_word' id='word_1_19' title='bbox 2036 523 2197 595; x_wconf 79' lang='lat'><strong>137</strong></span> <span class='ocrx_word' id='word_1_20' title='bbox 2248 532 2332 580; x_wconf 90' lang='lat' dir='ltr'><strong>est</strong></span> <span class='ocrx_word' id='word_1_21' title='bbox 2378 524 2522 594; x_wconf 88' lang='lat' dir='ltr'><strong>quod</strong></span> <span class='ocrx_word' id='word_1_22' title='bbox 2563 523 2694 579; x_wconf 90' lang='lat' dir='ltr'><strong>dicit</strong></span> <span class='ocrx_word' id='word_1_23' title='bbox 2737 522 2889 577; x_wconf 78' lang='lat' dir='ltr'><strong>shire</strong></span> <span class='ocrx_word' id='word_1_24' title='bbox 2927 520 2995 576; x_wconf 86' lang='lat' dir='ltr'><strong>ad</strong></span> <span class='ocrx_word' id='word_1_25' title='bbox 3029 518 3331 577; x_wconf 80' lang='lat' dir='ltr'><strong>vendentes</strong></span> <span class='ocrx_word' id='word_1_26' title='bbox 3364 528 3429 575; x_wconf 90' lang='lat' dir='ltr'><strong>ut</strong></span> 
     </span>
    </p>
   </div>
   <div class='ocr_carea' id='block_1_7' title="bbox 138 612 1724 691">
    <p class='ocr_par' dir='ltr' id='par_1_7' title="bbox 138 612 1724 691">
     <span class='ocr_line' id='line_1_7' title="bbox 138 612 1724 691; baseline -0.004 -18"><span class='ocrx_word' id='word_1_27' title='bbox 138 620 238 673; x_wconf 81' lang='grc' dir='ltr'><strong>τῶν</strong></span> <span class='ocrx_word' id='word_1_28' title='bbox 270 622 531 691; x_wconf 77' lang='grc' dir='ltr'>πενήτων</span> <span class='ocrx_word' id='word_1_29' title='bbox 578 618 687 671; x_wconf 72' lang='grc' dir='ltr'>ἔδει</span> <span class='ocrx_word' id='word_1_30' title='bbox 718 619 870 690; x_wconf 70' lang='grc' dir='ltr'>ἡμᾶς</span> <span class='ocrx_word' id='word_1_31' title='bbox 891 617 953 671; x_wconf 81' lang='grc' dir='ltr'>τὸ</span> <span class='ocrx_word' id='word_1_32' title='bbox 982 617 1161 671; x_wconf 71' lang='grc' dir='ltr'>ἔλαιον</span> <span class='ocrx_word' id='word_1_33' title='bbox 1207 615 1376 686; x_wconf 80' lang='grc' dir='ltr'>ἔχειν.</span> <span class='ocrx_word' id='word_1_34' title='bbox 1415 613 1588 667; x_wconf 80' lang='grc' dir='ltr'>Τοῦτο</span> <span class='ocrx_word' id='word_1_35' title='bbox 1630 612 1724 667; x_wconf 81' lang='grc' dir='ltr'>οὖν</span> 
     </span>
    </p>
   </div>
   <div class='ocr_carea' id='block_1_8' title="bbox 138 703 1724 780">
    <p class='ocr_par' dir='ltr' id='par_1_8' title="bbox 138 703 1724 780">
     <span class='ocr_line' id='line_1_8' title="bbox 138 703 1724 780; baseline -0.002 -19"><span class='ocrx_word' id='word_1_36' title='bbox 138 710 278 761; x_wconf 72' lang='grc' dir='ltr'>ἐστιν</span> <span class='ocrx_word' id='word_1_37' title='bbox 324 709 355 763; x_wconf 84' lang='grc' dir='ltr'><strong>δ</strong></span> <span class='ocrx_word' id='word_1_38' title='bbox 388 710 564 777; x_wconf 72' lang='grc' dir='ltr'>λέγει,</span> <span class='ocrx_word' id='word_1_39' title='bbox 621 709 704 762; x_wconf 77' lang='grc' dir='ltr'>ὅτι</span> <span class='ocrx_word' id='word_1_40' title='bbox 756 709 999 780; x_wconf 73' lang='grc' dir='ltr'>ἀπῆλθον</span> <span class='ocrx_word' id='word_1_41' title='bbox 1032 707 1169 779; x_wconf 78' lang='grc' dir='ltr'>πρὸς</span> <span class='ocrx_word' id='word_1_42' title='bbox 1220 706 1348 768; x_wconf 82' lang='grc' dir='ltr'>τοὺς</span> <span class='ocrx_word' id='word_1_43' title='bbox 1406 703 1724 769; x_wconf 77' lang='grc' dir='ltr'>πωλοῦντας</span> 
     </span>
    </p>
   </div>
   <div class='ocr_carea' id='block_1_9' title="bbox 139 794 1725 870">
    <p class='ocr_par' dir='ltr' id='par_1_9' title="bbox 139 794 1725 870">
     <span class='ocr_line' id='line_1_9' title="bbox 139 794 1725 870; baseline -0.002 -19"><span class='ocrx_word' id='word_1_44' title='bbox 139 801 400 870; x_wconf 73' lang='grc' dir='ltr'><strong>ἀγοράσαι</strong></span> <span class='ocrx_word' id='word_1_45' title='bbox 428 797 635 864; x_wconf 67' lang='grc' dir='ltr'>ἔλαιον,</span> <span class='ocrx_word' id='word_1_46' title='bbox 660 798 964 863; x_wconf 72' lang='grc' dir='ltr'><strong>τουτέστιν,</strong></span> <span class='ocrx_word' id='word_1_47' title='bbox 988 796 1232 868; x_wconf 74' lang='grc' dir='ltr'>ἀπῆλθον</span> <span class='ocrx_word' id='word_1_48' title='bbox 1257 797 1324 867; x_wconf 75' lang='grc' dir='ltr'><strong>τῇ</strong></span> <span class='ocrx_word' id='word_1_49' title='bbox 1350 794 1560 865; x_wconf 73' lang='grc' dir='ltr'>διανοίᾳ</span> <span class='ocrx_word' id='word_1_50' title='bbox 1585 795 1725 865; x_wconf 78' lang='grc' dir='ltr'>πρὸς</span> 
     </span>
    </p>
   </div>
   <div class='ocr_carea' id='block_1_10' title="bbox 138 883 1723 959">
    <p class='ocr_par' dir='ltr' id='par_1_10' title="bbox 138 883 1723 959">
     <span class='ocr_line' id='line_1_10' title="bbox 138 883 1723 959; baseline -0.002 -17"><span class='ocrx_word' id='word_1_51' title='bbox 138 890 254 951; x_wconf 81' lang='grc' dir='ltr'>τοὺς</span> <span class='ocrx_word' id='word_1_52' title='bbox 281 888 554 959; x_wconf 77' lang='grc' dir='ltr'>πένητας,</span> <span class='ocrx_word' id='word_1_53' title='bbox 592 890 687 943; x_wconf 81' lang='grc' dir='ltr'>καὶ</span> <span class='ocrx_word' id='word_1_54' title='bbox 717 888 1094 957; x_wconf 85' lang='grc' dir='ltr'>ἐνελογίσαντο</span> <span class='ocrx_word' id='word_1_55' title='bbox 1146 883 1260 940; x_wconf 72' lang='grc' dir='ltr'>οἷον</span> <span class='ocrx_word' id='word_1_56' title='bbox 1297 887 1503 955; x_wconf 71' lang='grc' dir='ltr'>ἀγαθὸν</span> <span class='ocrx_word' id='word_1_57' title='bbox 1534 889 1566 957; x_wconf 79' lang='grc' dir='ltr'><strong>ἠ</strong></span> <span class='ocrx_word' id='word_1_58' title='bbox 1605 887 1723 940; x_wconf 76' lang='grc' dir='ltr'>ἐλε-</span> 
     </span>
    </p>
   </div>
   <div class='ocr_carea' id='block_1_11' title="bbox 137 978 1723 1053">
    <p class='ocr_par' dir='ltr' id='par_1_11' title="bbox 137 978 1723 1053">
     <span class='ocr_line' id='line_1_11' title="bbox 137 978 1723 1053; baseline -0.003 -18"><span class='ocrx_word' id='word_1_59' title='bbox 137 980 402 1050; x_wconf 72' lang='grc' dir='ltr'>ημοσύνη,</span> <span class='ocrx_word' id='word_1_60' title='bbox 445 980 586 1035; x_wconf 82' lang='grc' dir='ltr'>ἀλλὰ</span> <span class='ocrx_word' id='word_1_61' title='bbox 614 980 724 1053; x_wconf 81' lang='grc' dir='ltr'><strong>γὰρ</strong></span> <span class='ocrx_word' id='word_1_62' title='bbox 752 980 1007 1051; x_wconf 83' lang='grc' dir='ltr'>ἐκλείσθη</span> <span class='ocrx_word' id='word_1_63' title='bbox 1056 979 1248 1042; x_wconf 75' lang='grc' dir='ltr'>αὑταῖς</span> <span class='ocrx_word' id='word_1_64' title='bbox 1277 980 1309 1049; x_wconf 80' lang='grc' dir='ltr'>ἡ</span> <span class='ocrx_word' id='word_1_65' title='bbox 1342 978 1482 1050; x_wconf 78' lang='grc' dir='ltr'>θύρα</span> <span class='ocrx_word' id='word_1_66' title='bbox 1504 994 1519 1010; x_wconf 87' lang='grc'><strong>·</strong></span> <span class='ocrx_word' id='word_1_67' title='bbox 1553 996 1723 1049; x_wconf 80' lang='grc' dir='ltr'>μετα-</span> 
     </span>
    </p>
   </div>
   <div class='ocr_carea' id='block_1_12' title="bbox 137 1066 1725 1140">
    <p class='ocr_par' dir='ltr' id='par_1_12' title="bbox 137 1066 1725 1140">
     <span class='ocr_line' id='line_1_12' title="bbox 137 1066 1725 1140; baseline -0.001 -20"><span class='ocrx_word' id='word_1_68' title='bbox 137 1067 350 1136; x_wconf 72' lang='grc' dir='ltr'>μελείας</span> <span class='ocrx_word' id='word_1_69' title='bbox 380 1067 498 1139; x_wconf 83' lang='grc' dir='ltr'><strong>γὰρ</strong></span> <span class='ocrx_word' id='word_1_70' title='bbox 526 1070 621 1122; x_wconf 78' lang='grc' dir='ltr'>καὶ</span> <span class='ocrx_word' id='word_1_71' title='bbox 651 1069 917 1140; x_wconf 75' lang='grc' dir='ltr'><strong>ἐργασίας</strong></span> <span class='ocrx_word' id='word_1_72' title='bbox 944 1067 1137 1140; x_wconf 73' lang='grc' dir='ltr'>καιρδς</span> <span class='ocrx_word' id='word_1_73' title='bbox 1175 1069 1276 1121; x_wconf 81' lang='grc' dir='ltr'>οὐκ</span> <span class='ocrx_word' id='word_1_74' title='bbox 1312 1066 1428 1120; x_wconf 73' lang='grc' dir='ltr'>ἔστι</span> <span class='ocrx_word' id='word_1_75' title='bbox 1461 1067 1599 1138; x_wconf 83' lang='grc' dir='ltr'>μετὰ</span> <span class='ocrx_word' id='word_1_76' title='bbox 1624 1066 1725 1138; x_wconf 81' lang='grc' dir='ltr'>τὴν</span> 
     </span>
    </p>
   </div>
   <div class='ocr_carea' id='block_1_13' title="bbox 133 1159 1726 1231">
    <p class='ocr_par' dir='ltr' id='par_1_13' title="bbox 133 1159 1726 1231">
     <span class='ocr_line' id='line_1_13' title="bbox 133 1159 1726 1231; baseline 0.001 -21"><span class='ocrx_word' id='word_1_77' title='bbox 133 1159 334 1213; x_wconf 69' lang='grc' dir='ltr'>ἐνθένδε</span> <span class='ocrx_word' id='word_1_78' title='bbox 367 1159 701 1216; x_wconf 80' lang='grc' dir='ltr'>άποδίωσιν,</span> <span class='ocrx_word' id='word_1_79' title='bbox 741 1162 800 1215; x_wconf 86' lang='lat'><strong>&#39;0</strong></span> <span class='ocrx_word' id='word_1_80' title='bbox 822 1160 953 1231; x_wconf 80' lang='grc' dir='ltr'>γοῦν</span> <span class='ocrx_word' id='word_1_81' title='bbox 965 1160 1167 1231; x_wconf 80' lang='grc' dir='ltr'>Κύριος</span> <span class='ocrx_word' id='word_1_82' title='bbox 1192 1160 1340 1228; x_wconf 81' lang='grc' dir='ltr'>λέγει</span> <span class='ocrx_word' id='word_1_83' title='bbox 1368 1160 1586 1221; x_wconf 60' lang='grc' dir='ltr'>αὐταῖς</span> <span class='ocrx_word' id='word_1_84' title='bbox 1609 1160 1726 1213; x_wconf 84' lang='grc' dir='ltr'><strong>Οὐκ</strong></span> 
     </span>
    </p>
   </div>
   <div class='ocr_carea' id='block_1_14' title="bbox 133 1248 1727 1326">
    <p class='ocr_par' dir='ltr' id='par_1_14' title="bbox 133 1248 1727 1326">
     <span class='ocr_line' id='line_1_14' title="bbox 133 1248 1727 1326; baseline 0.003 -23"><span class='ocrx_word' id='word_1_85' title='bbox 133 1248 241 1305; x_wconf 73' lang='grc' dir='ltr'>οῖδα</span> <span class='ocrx_word' id='word_1_86' title='bbox 266 1254 444 1323; x_wconf 74' lang='grc' dir='ltr'>ὑμᾶς.</span> <span class='ocrx_word' id='word_1_87' title='bbox 486 1253 548 1307; x_wconf 82' lang='grc' dir='ltr'>ὐ</span> <span class='ocrx_word' id='word_1_88' title='bbox 581 1255 692 1325; x_wconf 83' lang='grc' dir='ltr'><strong>γάρ</strong></span> <span class='ocrx_word' id='word_1_89' title='bbox 747 1252 1127 1326; x_wconf 82' lang='grc' dir='ltr'>φιλάνθρωπος</span> <span class='ocrx_word' id='word_1_90' title='bbox 1185 1253 1281 1307; x_wconf 78' lang='grc' dir='ltr'>καὶ</span> <span class='ocrx_word' id='word_1_91' title='bbox 1332 1253 1581 1325; x_wconf 77' lang='grc' dir='ltr'><strong>ἐλεήμων</strong></span> <span class='ocrx_word' id='word_1_92' title='bbox 1625 1252 1727 1307; x_wconf 84' lang='grc' dir='ltr'>οὐκ</span> 
     </span>
    </p>
   </div>
   <div class='ocr_carea' id='block_1_15' title="bbox 133 1339 1726 1416">
    <p class='ocr_par' dir='ltr' id='par_1_15' title="bbox 133 1339 1726 1416">
     <span class='ocr_line' id='line_1_15' title="bbox 133 1339 1726 1416; baseline 0 -21"><span class='ocrx_word' id='word_1_93' title='bbox 133 1339 233 1397; x_wconf 73' lang='grc' dir='ltr'>οἶδε</span> <span class='ocrx_word' id='word_1_94' title='bbox 261 1342 364 1408; x_wconf 76' lang='grc' dir='ltr'><strong>τὰς</strong></span> <span class='ocrx_word' id='word_1_95' title='bbox 388 1345 793 1416; x_wconf 72' lang='grc' dir='ltr'>ἀνελεήμονας.</span> <span class='ocrx_word' id='word_1_96' title='bbox 845 1345 971 1409; x_wconf 84' lang='grc' dir='ltr'><strong>Πῶς</strong></span> <span class='ocrx_word' id='word_1_97' title='bbox 1009 1344 1117 1415; x_wconf 87' lang='grc' dir='ltr'><strong>γὰρ</strong></span> <span class='ocrx_word' id='word_1_98' title='bbox 1147 1347 1244 1407; x_wconf 80' lang='grc' dir='ltr'>τὰς</span> <span class='ocrx_word' id='word_1_99' title='bbox 1276 1343 1569 1408; x_wconf 76' lang='grc' dir='ltr'>ἀλλοτρίας</span> <span class='ocrx_word' id='word_1_100' title='bbox 1625 1343 1726 1395; x_wconf 72' lang='grc' dir='ltr'><strong>αὖ·</strong></span> 
     </span>
    </p>
   </div>
   <div class='ocr_carea' id='block_1_16' title="bbox 132 1435 1725 1507">
    <p class='ocr_par' dir='ltr' id='par_1_16' title="bbox 132 1435 1725 1507">
     <span class='ocr_line' id='line_1_16' title="bbox 132 1435 1725 1507; baseline 0.002 -20"><span class='ocrx_word' id='word_1_101' title='bbox 132 1435 220 1489; x_wconf 77' lang='grc' dir='ltr'><strong>τοῦ</strong></span> <span class='ocrx_word' id='word_1_102' title='bbox 275 1436 374 1489; x_wconf 79' lang='grc' dir='ltr'>καὶ</span> <span class='ocrx_word' id='word_1_103' title='bbox 409 1437 714 1507; x_wconf 85' lang='grc' dir='ltr'>άνομοίας;</span> <span class='ocrx_word' id='word_1_104' title='bbox 742 1436 983 1490; x_wconf 84' lang='grc' dir='ltr'>Γίνωσκε</span> <span class='ocrx_word' id='word_1_105' title='bbox 1004 1436 1079 1489; x_wconf 71' lang='grc' dir='ltr'>δὲ</span> <span class='ocrx_word' id='word_1_106' title='bbox 1132 1438 1215 1490; x_wconf 83' lang='grc' dir='ltr'>ὅτι</span> <span class='ocrx_word' id='word_1_107' title='bbox 1247 1438 1341 1490; x_wconf 74' lang='grc' dir='ltr'>καὶ</span> <span class='ocrx_word' id='word_1_108' title='bbox 1393 1438 1545 1490; x_wconf 81' lang='grc' dir='ltr'>πᾶσα</span> <span class='ocrx_word' id='word_1_109' title='bbox 1577 1436 1725 1507; x_wconf 75' lang='grc' dir='ltr'>ψυχὴ</span> 
     </span>
    </p>
   </div>
   <div class='ocr_carea' id='block_1_17' title="bbox 134 1527 1725 1601">
    <p class='ocr_par' dir='ltr' id='par_1_17' title="bbox 134 1527 1725 1601">
     <span class='ocr_line' id='line_1_17' title="bbox 134 1527 1725 1601; baseline 0.002 -22"><span class='ocrx_word' id='word_1_110' title='bbox 134 1528 385 1599; x_wconf 75' lang='grc' dir='ltr'>λαμπάδα</span> <span class='ocrx_word' id='word_1_111' title='bbox 428 1532 528 1585; x_wconf 72' lang='lat' dir='ltr'><strong>xci.</strong></span> <span class='ocrx_word' id='word_1_112' title='bbox 575 1530 856 1601; x_wconf 81' lang='grc' dir='ltr'>φωτισμὸν</span> <span class='ocrx_word' id='word_1_113' title='bbox 903 1531 967 1583; x_wconf 86' lang='grc' dir='ltr'><strong>ἐκ</strong></span> <span class='ocrx_word' id='word_1_114' title='bbox 1020 1527 1156 1583; x_wconf 87' lang='grc' dir='ltr'>Θεοῦ</span> <span class='ocrx_word' id='word_1_115' title='bbox 1215 1529 1365 1599; x_wconf 78' lang='grc' dir='ltr'>ἔσχε,</span> <span class='ocrx_word' id='word_1_116' title='bbox 1402 1532 1497 1583; x_wconf 76' lang='grc' dir='ltr'>καὶ</span> <span class='ocrx_word' id='word_1_117' title='bbox 1550 1532 1725 1584; x_wconf 82' lang='grc' dir='ltr'>πᾶσαι</span> 
     </span>
    </p>
   </div>
   <div class='ocr_carea' id='block_1_18' title="bbox 134 1622 1725 1695">
    <p class='ocr_par' dir='ltr' id='par_1_18' title="bbox 134 1622 1725 1695">
     <span class='ocr_line' id='line_1_18' title="bbox 134 1622 1725 1695; baseline 0.003 -23"><span class='ocrx_word' id='word_1_118' title='bbox 134 1623 439 1693; x_wconf 82' lang='grc' dir='ltr'>ἐγείρονται</span> <span class='ocrx_word' id='word_1_119' title='bbox 496 1624 581 1687; x_wconf 86' lang='grc' dir='ltr'><strong>είς</strong></span> <span class='ocrx_word' id='word_1_120' title='bbox 612 1624 943 1693; x_wconf 83' lang='grc' dir='ltr'>συνάντησιν</span> <span class='ocrx_word' id='word_1_121' title='bbox 992 1622 1085 1676; x_wconf 84' lang='grc' dir='ltr'><strong>τοῦ</strong></span> <span class='ocrx_word' id='word_1_122' title='bbox 1134 1623 1340 1693; x_wconf 79' lang='grc' dir='ltr'>Κυρίου</span> <span class='ocrx_word' id='word_1_123' title='bbox 1365 1637 1378 1652; x_wconf 75' lang='grc' dir='ltr'><strong>ο</strong></span> <span class='ocrx_word' id='word_1_124' title='bbox 1414 1624 1584 1677; x_wconf 78' lang='grc' dir='ltr'>πᾶσαι</span> <span class='ocrx_word' id='word_1_125' title='bbox 1614 1624 1725 1695; x_wconf 85' lang='grc' dir='ltr'><strong>γὰρ</strong></span> 
     </span>
    </p>
   </div>
   <div class='ocr_carea' id='block_1_19' title="bbox 135 1707 1721 1794">
    <p class='ocr_par' dir='ltr' id='par_1_19' title="bbox 135 1707 1721 1794">
     <span class='ocr_line' id='line_1_19' title="bbox 135 1707 1721 1794; baseline 0.001 -28"><span class='ocrx_word' id='word_1_126' title='bbox 135 1714 465 1785; x_wconf 77' lang='grc' dir='ltr'>ἐπιθυμοῦσι</span> <span class='ocrx_word' id='word_1_127' title='bbox 496 1714 595 1769; x_wconf 81' lang='grc' dir='ltr'>τοῦ</span> <span class='ocrx_word' id='word_1_128' title='bbox 641 1714 975 1785; x_wconf 80' lang='grc' dir='ltr'>συναντῆσαι</span> <span class='ocrx_word' id='word_1_129' title='bbox 1019 1707 1116 1768; x_wconf 69' lang='grc' dir='ltr'>καῖ</span> <span class='ocrx_word' id='word_1_130' title='bbox 1168 1713 1514 1794; x_wconf 26' lang='grc' dir='ltr'>συναφθῆναηι</span> <span class='ocrx_word' id='word_1_131' title='bbox 1563 1714 1721 1786; x_wconf 82' lang='grc' dir='ltr'>Θεῷ·</span> 
     </span>
    </p>
   </div>
   <div class='ocr_carea' id='block_1_20' title="bbox 135 1806 1723 1878">
    <p class='ocr_par' dir='ltr' id='par_1_20' title="bbox 135 1806 1723 1878">
     <span class='ocr_line' id='line_1_20' title="bbox 135 1806 1723 1878; baseline -0.001 -17"><span class='ocrx_word' id='word_1_132' title='bbox 135 1809 262 1861; x_wconf 79' lang='grc' dir='ltr'>ἀλλὰ</span> <span class='ocrx_word' id='word_1_133' title='bbox 286 1808 384 1863; x_wconf 80' lang='grc' dir='ltr'>τοῦ</span> <span class='ocrx_word' id='word_1_134' title='bbox 413 1808 554 1863; x_wconf 77' lang='grc' dir='ltr'>Θεοῦ</span> <span class='ocrx_word' id='word_1_135' title='bbox 576 1810 759 1872; x_wconf 83' lang='grc' dir='ltr'>δόντος</span> <span class='ocrx_word' id='word_1_136' title='bbox 793 1809 1072 1878; x_wconf 77' lang='grc' dir='ltr'>φωτισμὸν</span> <span class='ocrx_word' id='word_1_137' title='bbox 1110 1810 1204 1862; x_wconf 77' lang='grc' dir='ltr'>καὶ</span> <span class='ocrx_word' id='word_1_138' title='bbox 1232 1807 1515 1878; x_wconf 78' lang='grc' dir='ltr'><strong>λαμπάδα,</strong></span> <span class='ocrx_word' id='word_1_139' title='bbox 1540 1808 1596 1862; x_wconf 90' lang='grc' dir='ltr'><strong>αί</strong></span> <span class='ocrx_word' id='word_1_140' title='bbox 1622 1806 1723 1876; x_wconf 73' lang='grc' dir='ltr'>μὶν</span> 
     </span>
    </p>
   </div>
   <div class='ocr_carea' id='block_1_21' title="bbox 1834 613 3430 682">
    <p class='ocr_par' dir='ltr' id='par_1_21' title="bbox 1834 613 3430 682">
     <span class='ocr_line' id='line_1_21' title="bbox 1834 613 3430 682; baseline -0.004 -9"><span class='ocrx_word' id='word_1_141' title='bbox 1834 628 2081 673; x_wconf 88' lang='lat' dir='ltr'><strong>emerent</strong></span> <span class='ocrx_word' id='word_1_142' title='bbox 2116 616 2297 672; x_wconf 86' lang='lat' dir='ltr'><strong>oleum</strong></span> <span class='ocrx_word' id='word_1_143' title='bbox 2329 630 2345 670; x_wconf 90' lang='lat'><strong>:</strong></span> <span class='ocrx_word' id='word_1_144' title='bbox 2384 616 2485 672; x_wconf 87' lang='lat' dir='ltr'><strong>hoc</strong></span> <span class='ocrx_word' id='word_1_145' title='bbox 2519 625 2639 681; x_wconf 86' lang='lat' dir='ltr'><strong>est,</strong></span> <span class='ocrx_word' id='word_1_146' title='bbox 2677 622 2862 670; x_wconf 83' lang='lat' dir='ltr'><strong>mente</strong></span> <span class='ocrx_word' id='word_1_147' title='bbox 2897 613 3148 669; x_wconf 85' lang='lat' dir='ltr'><strong>abierunt</strong></span> <span class='ocrx_word' id='word_1_148' title='bbox 3185 613 3251 667; x_wconf 88' lang='lat' dir='ltr'><strong>ad</strong></span> <span class='ocrx_word' id='word_1_149' title='bbox 3289 628 3430 682; x_wconf 88' lang='lat' dir='ltr'><strong>pau-</strong></span> 
     </span>
    </p>
   </div>
   <div class='ocr_carea' id='block_1_22' title="bbox 1834 704 3431 780">
    <p class='ocr_par' dir='ltr' id='par_1_22' title="bbox 1834 704 3431 780">
     <span class='ocr_line' id='line_1_22' title="bbox 1834 704 3431 780; baseline -0.004 -13"><span class='ocrx_word' id='word_1_150' title='bbox 1834 724 2012 779; x_wconf 87' lang='lat' dir='ltr'><strong>peres,</strong></span> <span class='ocrx_word' id='word_1_151' title='bbox 2042 719 2096 767; x_wconf 88' lang='lat' dir='ltr'><strong>et</strong></span> <span class='ocrx_word' id='word_1_152' title='bbox 2124 725 2314 765; x_wconf 81' lang='lat' dir='ltr'><strong>secum</strong></span> <span class='ocrx_word' id='word_1_153' title='bbox 2343 710 2653 780; x_wconf 72' lang='lat' dir='ltr'><strong>cogitarunt</strong></span> <span class='ocrx_word' id='word_1_154' title='bbox 2676 706 2837 778; x_wconf 80' lang='lat' dir='ltr'><strong>quale</strong></span> <span class='ocrx_word' id='word_1_155' title='bbox 2862 708 3063 761; x_wconf 89' lang='lat' dir='ltr'><strong>bonum</strong></span> <span class='ocrx_word' id='word_1_156' title='bbox 3096 704 3168 761; x_wconf 91' lang='lat' dir='ltr'><strong>sit</strong></span> <span class='ocrx_word' id='word_1_157' title='bbox 3192 705 3431 761; x_wconf 79' lang='lat' dir='ltr'><strong>eleemo-</strong></span> 
     </span>
    </p>
   </div>
   <div class='ocr_carea' id='block_1_23' title="bbox 1834 797 3421 873">
    <p class='ocr_par' dir='ltr' id='par_1_23' title="bbox 1834 797 3421 873">
     <span class='ocr_line' id='line_1_23' title="bbox 1834 797 3421 873; baseline -0.004 -16"><span class='ocrx_word' id='word_1_158' title='bbox 1834 817 1966 873; x_wconf 85' lang='lat' dir='ltr'><strong>syna</strong></span> <span class='ocrx_word' id='word_1_159' title='bbox 1990 841 2006 867; x_wconf 93' lang='lat'><strong>,</strong></span> <span class='ocrx_word' id='word_1_160' title='bbox 2054 803 2150 857; x_wconf 84' lang='lat' dir='ltr'><strong>sed</strong></span> <span class='ocrx_word' id='word_1_161' title='bbox 2183 802 2369 857; x_wconf 86' lang='lat' dir='ltr'><strong>clausa</strong></span> <span class='ocrx_word' id='word_1_162' title='bbox 2402 808 2488 855; x_wconf 89' lang='lat' dir='ltr'><strong>est</strong></span> <span class='ocrx_word' id='word_1_163' title='bbox 2525 800 2606 855; x_wconf 83' lang='lat' dir='ltr'><strong>eis</strong></span> <span class='ocrx_word' id='word_1_164' title='bbox 2644 800 2811 870; x_wconf 85' lang='lat' dir='ltr'><strong>janua</strong></span> <span class='ocrx_word' id='word_1_165' title='bbox 2846 805 3030 868; x_wconf 87' lang='lat' dir='ltr'><strong>:.post</strong></span> <span class='ocrx_word' id='word_1_166' title='bbox 3072 798 3240 851; x_wconf 90' lang='lat' dir='ltr'><strong>vitam</strong></span> <span class='ocrx_word' id='word_1_167' title='bbox 3274 797 3421 851; x_wconf 92' lang='lat' dir='ltr'><strong>enim</strong></span> 
     </span>
    </p>
   </div>
   <div class='ocr_carea' id='block_1_24' title="bbox 1836 888 3429 959">
    <p class='ocr_par' dir='ltr' id='par_1_24' title="bbox 1836 888 3429 959">
     <span class='ocr_line' id='line_1_24' title="bbox 1836 888 3429 959; baseline -0.003 -13"><span class='ocrx_word' id='word_1_168' title='bbox 1836 889 1994 946; x_wconf 82' lang='lat' dir='ltr'><strong>istam</strong></span> <span class='ocrx_word' id='word_1_169' title='bbox 2040 904 2146 945; x_wconf 92' lang='lat' dir='ltr'><strong>non</strong></span> <span class='ocrx_word' id='word_1_170' title='bbox 2195 898 2279 944; x_wconf 88' lang='lat' dir='ltr'><strong>est</strong></span> <span class='ocrx_word' id='word_1_171' title='bbox 2319 890 2410 943; x_wconf 80' lang='lat' dir='ltr'><strong>hic</strong></span> <span class='ocrx_word' id='word_1_172' title='bbox 2453 900 2669 957; x_wconf 84' lang='lat' dir='ltr'><strong>tempus</strong></span> <span class='ocrx_word' id='word_1_173' title='bbox 2710 888 3008 956; x_wconf 73' lang='lat' dir='ltr'><strong>ptenitendi</strong></span> <span class='ocrx_word' id='word_1_174' title='bbox 3047 896 3102 942; x_wconf 85' lang='lat' dir='ltr'><strong>et</strong></span> <span class='ocrx_word' id='word_1_175' title='bbox 3144 888 3429 959; x_wconf 89' lang='lat' dir='ltr'><strong>operandi.</strong></span> 
     </span>
    </p>
   </div>
   <div class='ocr_carea' id='block_1_25' title="bbox 1836 980 3432 1046">
    <p class='ocr_par' dir='ltr' id='par_1_25' title="bbox 1836 980 3432 1046">
     <span class='ocr_line' id='line_1_25' title="bbox 1836 980 3432 1046; baseline 0 -9"><span class='ocrx_word' id='word_1_176' title='bbox 1836 983 2072 1039; x_wconf 83' lang='lat' dir='ltr'><strong>Proinde</strong></span> <span class='ocrx_word' id='word_1_177' title='bbox 2100 982 2364 1037; x_wconf 88' lang='lat' dir='ltr'><strong>Dominus</strong></span> <span class='ocrx_word' id='word_1_178' title='bbox 2400 983 2532 1038; x_wconf 86' lang='lat' dir='ltr'><strong>dicit</strong></span> <span class='ocrx_word' id='word_1_179' title='bbox 2574 982 2701 1046; x_wconf 87' lang='lat' dir='ltr'><strong>illis,</strong></span> <span class='ocrx_word' id='word_1_180' title='bbox 2740 980 2937 1039; x_wconf 83' lang='lat' dir='ltr'><strong>Nescio</strong></span> <span class='ocrx_word' id='word_1_181' title='bbox 2964 997 3079 1038; x_wconf 88' lang='lat' dir='ltr'><strong>vos.</strong></span> <span class='ocrx_word' id='word_1_182' title='bbox 3116 981 3432 1038; x_wconf 80' lang='lat' dir='ltr'><strong>Misericors</strong></span> 
     </span>
    </p>
   </div>
   <div class='ocr_carea' id='block_1_26' title="bbox 1832 1075 3428 1133">
    <p class='ocr_par' dir='ltr' id='par_1_26' title="bbox 1832 1075 3428 1133">
     <span class='ocr_line' id='line_1_26' title="bbox 1832 1075 3428 1133; baseline -0.002 -1"><span class='ocrx_word' id='word_1_183' title='bbox 1832 1079 1982 1133; x_wconf 84' lang='lat' dir='ltr'><strong>enim</strong></span> <span class='ocrx_word' id='word_1_184' title='bbox 2011 1088 2063 1131; x_wconf 91' lang='lat' dir='ltr'><strong>et</strong></span> <span class='ocrx_word' id='word_1_185' title='bbox 2101 1076 2392 1132; x_wconf 88' lang='lat' dir='ltr'><strong>miserator</strong></span> <span class='ocrx_word' id='word_1_186' title='bbox 2429 1075 2692 1131; x_wconf 82' lang='lat' dir='ltr'><strong>Dominus</strong></span> <span class='ocrx_word' id='word_1_187' title='bbox 2727 1077 2901 1131; x_wconf 78' lang='lat' dir='ltr'><strong>nescit</strong></span> <span class='ocrx_word' id='word_1_188' title='bbox 2941 1076 3428 1131; x_wconf 86' lang='lat' dir='ltr'><strong>immisericordes.</strong></span> 
     </span>
    </p>
   </div>
   <div class='ocr_carea' id='block_1_27' title="bbox 1833 1164 3432 1235">
    <p class='ocr_par' dir='ltr' id='par_1_27' title="bbox 1833 1164 3432 1235">
     <span class='ocr_line' id='line_1_27' title="bbox 1833 1164 3432 1235; baseline -0.001 -16"><span class='ocrx_word' id='word_1_189' title='bbox 1833 1167 2117 1235; x_wconf 82' lang='lat' dir='ltr'><strong>Quomodo</strong></span> <span class='ocrx_word' id='word_1_190' title='bbox 2158 1168 2303 1223; x_wconf 85' lang='lat' dir='ltr'><strong>enim</strong></span> <span class='ocrx_word' id='word_1_191' title='bbox 2348 1167 2642 1223; x_wconf 81' lang='lat' dir='ltr'><strong>dissimiles</strong></span> <span class='ocrx_word' id='word_1_192' title='bbox 2684 1176 2740 1223; x_wconf 90' lang='lat' dir='ltr'><strong>et</strong></span> <span class='ocrx_word' id='word_1_193' title='bbox 2776 1167 2984 1222; x_wconf 84' lang='lat' dir='ltr'><strong>alienos</strong></span> <span class='ocrx_word' id='word_1_194' title='bbox 3028 1183 3059 1222; x_wconf 92' lang='lat' dir='ltr'><strong>a</strong></span> <span class='ocrx_word' id='word_1_195' title='bbox 3108 1181 3170 1222; x_wconf 89' lang='lat' dir='ltr'><strong>se</strong></span> <span class='ocrx_word' id='word_1_196' title='bbox 3208 1164 3432 1221; x_wconf 81' lang='lat' dir='ltr'><strong>nosset?</strong></span> 
     </span>
    </p>
   </div>
   <div class='ocr_carea' id='block_1_28' title="bbox 1834 1257 3430 1331">
    <p class='ocr_par' dir='ltr' id='par_1_28' title="bbox 1834 1257 3430 1331">
     <span class='ocr_line' id='line_1_28' title="bbox 1834 1257 3430 1331; baseline -0.002 -16"><span class='ocrx_word' id='word_1_197' title='bbox 1834 1258 1986 1315; x_wconf 88' lang='lat' dir='ltr'><strong>Scito</strong></span> <span class='ocrx_word' id='word_1_198' title='bbox 2025 1260 2247 1331; x_wconf 83' lang='lat' dir='ltr'><strong>insuper</strong></span> <span class='ocrx_word' id='word_1_199' title='bbox 2284 1275 2502 1315; x_wconf 84' lang='lat' dir='ltr'><strong>omnem</strong></span> <span class='ocrx_word' id='word_1_200' title='bbox 2543 1260 2782 1314; x_wconf 87' lang='lat' dir='ltr'><strong>animam</strong></span> <span class='ocrx_word' id='word_1_201' title='bbox 2831 1274 2861 1311; x_wconf 90' lang='lat' dir='ltr'><strong>a</strong></span> <span class='ocrx_word' id='word_1_202' title='bbox 2906 1258 3014 1314; x_wconf 88' lang='lat' dir='ltr'><strong>Deo</strong></span> <span class='ocrx_word' id='word_1_203' title='bbox 3058 1258 3260 1313; x_wconf 85' lang='lat' dir='ltr'><strong>habere</strong></span> <span class='ocrx_word' id='word_1_204' title='bbox 3299 1257 3430 1312; x_wconf 86' lang='lat' dir='ltr'><strong>illu-</strong></span> 
     </span>
    </p>
   </div>
   <div class='ocr_carea' id='block_1_29' title="bbox 1834 1351 3429 1421">
    <p class='ocr_par' dir='ltr' id='par_1_29' title="bbox 1834 1351 3429 1421">
     <span class='ocr_line' id='line_1_29' title="bbox 1834 1351 3429 1421; baseline -0.003 -14"><span class='ocrx_word' id='word_1_205' title='bbox 1834 1353 2160 1407; x_wconf 86' lang='lat' dir='ltr'><strong>strationem</strong></span> <span class='ocrx_word' id='word_1_206' title='bbox 2192 1361 2245 1405; x_wconf 92' lang='lat' dir='ltr'><strong>et</strong></span> <span class='ocrx_word' id='word_1_207' title='bbox 2271 1351 2578 1421; x_wconf 80' lang='lat' dir='ltr'><strong>lampadem</strong></span> <span class='ocrx_word' id='word_1_208' title='bbox 2604 1390 2621 1415; x_wconf 89' lang='lat'><strong>,</strong></span> <span class='ocrx_word' id='word_1_209' title='bbox 2662 1362 2718 1406; x_wconf 82' lang='lat' dir='ltr'><strong>et</strong></span> <span class='ocrx_word' id='word_1_210' title='bbox 2757 1365 2947 1406; x_wconf 89' lang='lat' dir='ltr'><strong>omnes</strong></span> <span class='ocrx_word' id='word_1_211' title='bbox 2986 1365 3211 1419; x_wconf 78' lang='lat' dir='ltr'><strong>surgere</strong></span> <span class='ocrx_word' id='word_1_212' title='bbox 3248 1351 3299 1403; x_wconf 92' lang='lat' dir='ltr'><strong>in</strong></span> <span class='ocrx_word' id='word_1_213' title='bbox 3333 1365 3429 1404; x_wconf 88' lang='lat' dir='ltr'><strong>oc—</strong></span> 
     </span>
    </p>
   </div>
   <div class='ocr_carea' id='block_1_30' title="bbox 1834 1440 3430 1497">
    <p class='ocr_par' dir='ltr' id='par_1_30' title="bbox 1834 1440 3430 1497">
     <span class='ocr_line' id='line_1_30' title="bbox 1834 1440 3430 1497; baseline -0.002 0"><span class='ocrx_word' id='word_1_214' title='bbox 1834 1455 2057 1497; x_wconf 84' lang='lat' dir='ltr'><strong>cursum</strong></span> <span class='ocrx_word' id='word_1_215' title='bbox 2096 1440 2331 1497; x_wconf 85' lang='lat' dir='ltr'><strong>Domini.</strong></span> <span class='ocrx_word' id='word_1_216' title='bbox 2372 1442 2577 1496; x_wconf 86' lang='lat' dir='ltr'><strong>Omnes</strong></span> <span class='ocrx_word' id='word_1_217' title='bbox 2608 1442 2752 1495; x_wconf 89' lang='lat' dir='ltr'><strong>enim</strong></span> <span class='ocrx_word' id='word_1_218' title='bbox 2788 1440 3101 1495; x_wconf 88' lang='lat' dir='ltr'><strong>desiderant</strong></span> <span class='ocrx_word' id='word_1_219' title='bbox 3138 1452 3430 1494; x_wconf 87' lang='lat' dir='ltr'><strong>occurrere</strong></span> 
     </span>
    </p>
   </div>
   <div class='ocr_carea' id='block_1_31' title="bbox 1834 1530 3431 1605">
    <p class='ocr_par' dir='ltr' id='par_1_31' title="bbox 1834 1530 3431 1605">
     <span class='ocr_line' id='line_1_31' title="bbox 1834 1530 3431 1605; baseline -0.001 -17"><span class='ocrx_word' id='word_1_220' title='bbox 1834 1542 1888 1588; x_wconf 92' lang='lat' dir='ltr'><strong>et</strong></span> <span class='ocrx_word' id='word_1_221' title='bbox 1914 1532 2166 1605; x_wconf 76' lang='lat' dir='ltr'><strong>conjungi</strong></span> <span class='ocrx_word' id='word_1_222' title='bbox 2208 1530 2355 1599; x_wconf 90' lang='lat' dir='ltr'><strong>Deo,</strong></span> <span class='ocrx_word' id='word_1_223' title='bbox 2396 1535 2491 1589; x_wconf 89' lang='lat' dir='ltr'><strong>sed</strong></span> <span class='ocrx_word' id='word_1_224' title='bbox 2524 1535 2634 1589; x_wconf 87' lang='lat' dir='ltr'><strong>Deo</strong></span> <span class='ocrx_word' id='word_1_225' title='bbox 2661 1534 2824 1589; x_wconf 87' lang='lat' dir='ltr'><strong>dante</strong></span> <span class='ocrx_word' id='word_1_226' title='bbox 2866 1532 3170 1601; x_wconf 84' lang='lat' dir='ltr'><strong>lampadem</strong></span> <span class='ocrx_word' id='word_1_227' title='bbox 3208 1542 3265 1587; x_wconf 89' lang='lat' dir='ltr'><strong>et</strong></span> <span class='ocrx_word' id='word_1_228' title='bbox 3305 1532 3431 1586; x_wconf 85' lang='lat' dir='ltr'><strong>illu-</strong></span> 
     </span>
    </p>
   </div>
   <div class='ocr_carea' id='block_1_32' title="bbox 1833 1625 3423 1697">
    <p class='ocr_par' dir='ltr' id='par_1_32' title="bbox 1833 1625 3423 1697">
     <span class='ocr_line' id='line_1_32' title="bbox 1833 1625 3423 1697; baseline -0.002 -17"><span class='ocrx_word' id='word_1_229' title='bbox 1833 1626 2173 1689; x_wconf 84' lang='lat' dir='ltr'><strong>strationem,</strong></span> <span class='ocrx_word' id='word_1_230' title='bbox 2206 1626 2502 1696; x_wconf 87' lang='lat' dir='ltr'><strong>prudentes</strong></span> <span class='ocrx_word' id='word_1_231' title='bbox 2525 1626 2745 1697; x_wconf 88' lang='lat' dir='ltr'><strong>quidem</strong></span> <span class='ocrx_word' id='word_1_232' title='bbox 2775 1626 2914 1681; x_wconf 84' lang='lat' dir='ltr'><strong>bene</strong></span> <span class='ocrx_word' id='word_1_233' title='bbox 2937 1626 3218 1694; x_wconf 83' lang='lat' dir='ltr'><strong>Operando</strong></span> <span class='ocrx_word' id='word_1_234' title='bbox 3243 1625 3423 1680; x_wconf 89' lang='lat' dir='ltr'><strong>oleum</strong></span> 
     </span>
    </p>
   </div>
   <div class='ocr_carea' id='block_1_33' title="bbox 1835 1712 3426 1784">
    <p class='ocr_par' dir='ltr' id='par_1_33' title="bbox 1835 1712 3426 1784">
     <span class='ocr_line' id='line_1_33' title="bbox 1835 1712 3426 1784; baseline -0.003 -14"><span class='ocrx_word' id='word_1_235' title='bbox 1835 1715 2157 1779; x_wconf 85' lang='lat' dir='ltr'><strong>immittunt.</strong></span> <span class='ocrx_word' id='word_1_236' title='bbox 2189 1715 2352 1771; x_wconf 79' lang='lat' dir='ltr'><strong>fatua:</strong></span> <span class='ocrx_word' id='word_1_237' title='bbox 2380 1724 2559 1771; x_wconf 86' lang='lat' dir='ltr'><strong>autem</strong></span> <span class='ocrx_word' id='word_1_238' title='bbox 2590 1715 2776 1772; x_wconf 84' lang='lat' dir='ltr'><strong>sinunt</strong></span> <span class='ocrx_word' id='word_1_239' title='bbox 2804 1714 3110 1784; x_wconf 84' lang='lat' dir='ltr'><strong>lampadem</strong></span> <span class='ocrx_word' id='word_1_240' title='bbox 3137 1714 3256 1768; x_wconf 88' lang='lat' dir='ltr'><strong>sine</strong></span> <span class='ocrx_word' id='word_1_241' title='bbox 3284 1712 3426 1766; x_wconf 82' lang='lat' dir='ltr'><strong>oleo.</strong></span> 
     </span>
    </p>
   </div>
   <div class='ocr_carea' id='block_1_34' title="bbox 1832 1805 3430 1877">
    <p class='ocr_par' dir='ltr' id='par_1_34' title="bbox 1832 1805 3430 1877">
     <span class='ocr_line' id='line_1_34' title="bbox 1832 1805 3430 1877; baseline -0.003 -15"><span class='ocrx_word' id='word_1_242' title='bbox 1832 1805 2211 1862; x_wconf 84' lang='lat' dir='ltr'><strong>Escluduntur</strong></span> <span class='ocrx_word' id='word_1_243' title='bbox 2243 1807 2409 1877; x_wconf 86' lang='lat' dir='ltr'><strong>igitur</strong></span> <span class='ocrx_word' id='word_1_244' title='bbox 2440 1822 2548 1863; x_wconf 91' lang='lat' dir='ltr'><strong>non</strong></span> <span class='ocrx_word' id='word_1_245' title='bbox 2590 1808 2859 1863; x_wconf 76' lang='lat' dir='ltr'><strong>habentes</strong></span> <span class='ocrx_word' id='word_1_246' title='bbox 2884 1806 3030 1861; x_wconf 87' lang='lat' dir='ltr'><strong>bona</strong></span> <span class='ocrx_word' id='word_1_247' title='bbox 3075 1819 3263 1875; x_wconf 84' lang='lat' dir='ltr'><strong>opera,</strong></span> <span class='ocrx_word' id='word_1_248' title='bbox 3297 1818 3430 1874; x_wconf 88' lang='lat' dir='ltr'><strong>pro-</strong></span> 
     </span>
    </p>
   </div>
   <div class='ocr_carea' id='block_1_35' title="bbox 136 1894 1722 1971">
    <p class='ocr_par' dir='ltr' id='par_1_35' title="bbox 136 1898 1722 1971">
     <span class='ocr_line' id='line_1_35' title="bbox 136 1898 1722 1971; baseline 0.002 -19"><span class='ocrx_word' id='word_1_249' title='bbox 136 1900 388 1970; x_wconf 69' lang='grc' dir='ltr'>φρόνιμοι</span> <span class='ocrx_word' id='word_1_250' title='bbox 418 1901 510 1955; x_wconf 76' lang='grc' dir='ltr'>διὰ</span> <span class='ocrx_word' id='word_1_251' title='bbox 546 1901 649 1971; x_wconf 80' lang='grc' dir='ltr'>τῆς</span> <span class='ocrx_word' id='word_1_252' title='bbox 696 1900 1069 1971; x_wconf 84' lang='grc' dir='ltr'>άγαθοεργίας</span> <span class='ocrx_word' id='word_1_253' title='bbox 1100 1900 1489 1956; x_wconf 76' lang='grc' dir='ltr'>ἐπιδάλλουσιν</span> <span class='ocrx_word' id='word_1_254' title='bbox 1522 1898 1722 1956; x_wconf 67' lang='grc' dir='ltr'><strong>ἔλαιον⁴</strong></span> 
     </span>
    </p>
   </div>
   <div class='ocr_carea' id='block_1_36' title="bbox 1829 1894 3432 1971">
    <p class='ocr_par' dir='ltr' id='par_1_36' title="bbox 1835 1896 3432 1968">
     <span class='ocr_line' id='line_1_36' title="bbox 1835 1896 3432 1968; baseline -0.002 -18"><span class='ocrx_word' id='word_1_255' title='bbox 1835 1905 1955 1966; x_wconf 89' lang='lat' dir='ltr'><strong>pter</strong></span> <span class='ocrx_word' id='word_1_256' title='bbox 1980 1913 2100 1968; x_wconf 61' lang='lat' dir='ltr'><strong>quas</strong></span> <span class='ocrx_word' id='word_1_257' title='bbox 2132 1898 2455 1954; x_wconf 80' lang='lat' dir='ltr'><strong>accenditur</strong></span> <span class='ocrx_word' id='word_1_258' title='bbox 2483 1898 2538 1953; x_wconf 89' lang='lat' dir='ltr'><strong>in</strong></span> <span class='ocrx_word' id='word_1_259' title='bbox 2573 1897 2681 1953; x_wconf 84' lang='lat' dir='ltr'><strong>illis</strong></span> <span class='ocrx_word' id='word_1_260' title='bbox 2709 1897 2937 1952; x_wconf 73' lang='lat' dir='ltr'><strong>lumen”:</strong></span> <span class='ocrx_word' id='word_1_261' title='bbox 2972 1896 3074 1952; x_wconf 86' lang='lat' dir='ltr'><strong>nisi</strong></span> <span class='ocrx_word' id='word_1_262' title='bbox 3105 1896 3251 1953; x_wconf 90' lang='lat' dir='ltr'><strong>enim</strong></span> <span class='ocrx_word' id='word_1_263' title='bbox 3287 1898 3432 1949; x_wconf 89' lang='lat' dir='ltr'><strong>bona</strong></span> 
     </span>
    </p>
   </div>
   <div class='ocr_carea' id='block_1_37' title="bbox 140 1991 1721 2065">
    <p class='ocr_par' dir='ltr' id='par_1_37' title="bbox 140 1991 1721 2065">
     <span class='ocr_line' id='line_1_37' title="bbox 140 1991 1721 2065; baseline 0.002 -22"><span class='ocrx_word' id='word_1_264' title='bbox 140 1995 188 2044; x_wconf 77' lang='lat' dir='ltr'><strong>ai</strong></span> <span class='ocrx_word' id='word_1_265' title='bbox 222 1993 293 2047; x_wconf 79' lang='grc' dir='ltr'><strong>δέ</strong></span> <span class='ocrx_word' id='word_1_266' title='bbox 332 1995 532 2065; x_wconf 77' lang='grc' dir='ltr'>μωραὶ</span> <span class='ocrx_word' id='word_1_267' title='bbox 559 1993 730 2049; x_wconf 85' lang='grc' dir='ltr'>ἐῶσαι</span> <span class='ocrx_word' id='word_1_268' title='bbox 760 1995 862 2056; x_wconf 84' lang='grc' dir='ltr'>τὰς</span> <span class='ocrx_word' id='word_1_269' title='bbox 909 1991 1200 2063; x_wconf 75' lang='grc' dir='ltr'>λαμπάδας</span> <span class='ocrx_word' id='word_1_270' title='bbox 1226 1991 1537 2060; x_wconf 84' lang='grc' dir='ltr'>ἁνελαίους,</span> <span class='ocrx_word' id='word_1_271' title='bbox 1583 1991 1721 2046; x_wconf 77' lang='grc' dir='ltr'>άποο</span> 
     </span>
    </p>
   </div>
   <div class='ocr_carea' id='block_1_38' title="bbox 1834 1986 3354 2062">
    <p class='ocr_par' dir='ltr' id='par_1_38' title="bbox 1834 1986 3354 2062">
     <span class='ocr_line' id='line_1_38' title="bbox 1834 1986 3354 2062; baseline -0.003 -16"><span class='ocrx_word' id='word_1_272' title='bbox 1834 2004 2000 2061; x_wconf 88' lang='lat' dir='ltr'><strong>opera</strong></span> <span class='ocrx_word' id='word_1_273' title='bbox 2031 1989 2320 2056; x_wconf 81' lang='lat' dir='ltr'><strong>iaciamus,</strong></span> <span class='ocrx_word' id='word_1_274' title='bbox 2346 1990 2716 2062; x_wconf 71' lang='lat' dir='ltr'><strong>ekstinguitur</strong></span> <span class='ocrx_word' id='word_1_275' title='bbox 2742 1989 2925 2045; x_wconf 85' lang='lat' dir='ltr'><strong>lumen</strong></span> <span class='ocrx_word' id='word_1_276' title='bbox 2955 1986 3050 2045; x_wconf 86' lang='lat' dir='ltr'><strong>Dei</strong></span> <span class='ocrx_word' id='word_1_277' title='bbox 3083 1988 3140 2043; x_wconf 90' lang='lat' dir='ltr'><strong>in</strong></span> <span class='ocrx_word' id='word_1_278' title='bbox 3177 1986 3354 2044; x_wconf 84' lang='lat' dir='ltr'><strong>nobis.</strong></span> 
     </span>
    </p>
   </div>
   <div class='ocr_carea' id='block_1_39' title="bbox 146 2079 3430 2160">
    <p class='ocr_par' dir='ltr' id='par_1_39' title="bbox 146 2079 3430 2160">
     <span class='ocr_line' id='line_1_39' title="bbox 146 2079 3430 2160; baseline -0 -20"><span class='ocrx_word' id='word_1_279' title='bbox 146 2087 459 2155; x_wconf 75' lang='grc' dir='ltr'>κλείονται,</span> <span class='ocrx_word' id='word_1_280' title='bbox 497 2089 577 2160; x_wconf 83' lang='grc' dir='ltr'>μὴ</span> <span class='ocrx_word' id='word_1_281' title='bbox 605 2087 833 2158; x_wconf 67' lang='grc' dir='ltr'>ἔχουσαι</span> <span class='ocrx_word' id='word_1_282' title='bbox 877 2085 1058 2158; x_wconf 80' lang='grc' dir='ltr'>ἀγαθὰ</span> <span class='ocrx_word' id='word_1_283' title='bbox 1090 2086 1231 2158; x_wconf 80' lang='grc' dir='ltr'>ιργα</span> <span class='ocrx_word' id='word_1_284' title='bbox 1272 2084 1342 2140; x_wconf 83' lang='grc' dir='ltr'><strong>δι’</strong></span> <span class='ocrx_word' id='word_1_285' title='bbox 1371 2079 1448 2143; x_wconf 82' lang='grc' dir='ltr'>ὧν</span> <span class='ocrx_word' id='word_1_286' title='bbox 1475 2086 1674 2158; x_wconf 70' lang='grc' dir='ltr'>ἀνάψει</span> <span class='ocrx_word' id='word_1_287' title='bbox 1720 2086 1783 2141; x_wconf 81' lang='grc' dir='ltr'>τὸ</span> <span class='ocrx_word' id='word_1_288' title='bbox 1816 2088 1875 2143; x_wconf 86' lang='grc' dir='ltr'><strong>ἐν</strong></span> <span class='ocrx_word' id='word_1_289' title='bbox 1908 2088 2101 2153; x_wconf 79' lang='grc' dir='ltr'>αὑταῖς</span> <span class='ocrx_word' id='word_1_290' title='bbox 2132 2087 2285 2160; x_wconf 80' lang='grc' dir='ltr'>φῶς·</span> <span class='ocrx_word' id='word_1_291' title='bbox 2344 2088 2442 2143; x_wconf 80' lang='grc' dir='ltr'>ἐὰν</span> <span class='ocrx_word' id='word_1_292' title='bbox 2467 2086 2579 2160; x_wconf 78' lang='grc' dir='ltr'><strong>γὰρ</strong></span> <span class='ocrx_word' id='word_1_293' title='bbox 2627 2084 2706 2160; x_wconf 72' lang='grc' dir='ltr'>μὴ</span> <span class='ocrx_word' id='word_1_294' title='bbox 2734 2085 2807 2141; x_wconf 80' lang='grc' dir='ltr'><strong>τά</strong></span> <span class='ocrx_word' id='word_1_295' title='bbox 2838 2083 2984 2141; x_wconf 84' lang='grc' dir='ltr'>καλά</span> <span class='ocrx_word' id='word_1_296' title='bbox 3034 2084 3430 2158; x_wconf 78' lang='grc' dir='ltr'>ἐργαζώμεθα,</span> 
     </span>
    </p>
   </div>
   <div class='ocr_carea' id='block_1_40' title="bbox 135 2179 1257 2254">
    <p class='ocr_par' dir='ltr' id='par_1_40' title="bbox 135 2179 1257 2254">
     <span class='ocr_line' id='line_1_40' title="bbox 135 2179 1257 2254; baseline 0 -20"><span class='ocrx_word' id='word_1_297' title='bbox 135 2183 451 2254; x_wconf 75' lang='grc' dir='ltr'>ἐσϐέσαμεν</span> <span class='ocrx_word' id='word_1_298' title='bbox 481 2182 546 2236; x_wconf 81' lang='grc' dir='ltr'>τὸ</span> <span class='ocrx_word' id='word_1_299' title='bbox 571 2182 631 2237; x_wconf 75' lang='grc' dir='ltr'><strong>ἐν</strong></span> <span class='ocrx_word' id='word_1_300' title='bbox 661 2183 794 2253; x_wconf 74' lang='grc' dir='ltr'>ἡμῖν</span> <span class='ocrx_word' id='word_1_301' title='bbox 826 2183 942 2252; x_wconf 83' lang='grc' dir='ltr'><strong>φῶς</strong></span> <span class='ocrx_word' id='word_1_302' title='bbox 976 2181 1069 2235; x_wconf 81' lang='grc' dir='ltr'>τοῦ</span> <span class='ocrx_word' id='word_1_303' title='bbox 1096 2179 1257 2235; x_wconf 81' lang='grc' dir='ltr'>Θεοῦ.</span> 
     </span>
    </p>
   </div>
   <div class='ocr_carea' id='block_1_41' title="bbox 202 2273 1723 2347">
    <p class='ocr_par' dir='ltr' id='par_1_41' title="bbox 202 2273 1723 2347">
     <span class='ocr_line' id='line_1_41' title="bbox 202 2273 1723 2347; baseline 0.001 -19"><span class='ocrx_word' id='word_1_304' title='bbox 202 2294 222 2328; x_wconf 89' lang='lat' dir='ltr'><strong>s</strong></span> <span class='ocrx_word' id='word_1_305' title='bbox 254 2276 478 2347; x_wconf 77' lang='grc' dir='ltr'>Ὠσπερ</span> <span class='ocrx_word' id='word_1_306' title='bbox 510 2274 621 2345; x_wconf 76' lang='grc' dir='ltr'><strong>γάρ</strong></span> <span class='ocrx_word' id='word_1_307' title='bbox 665 2273 954 2345; x_wconf 74' lang='grc' dir='ltr'>ἄνθρωπος</span> <span class='ocrx_word' id='word_1_308' title='bbox 994 2274 1315 2345; x_wconf 84' lang='grc' dir='ltr'>ἀποδημῶν,</span> <span class='ocrx_word' id='word_1_309' title='bbox 1343 2273 1567 2328; x_wconf 78' lang='grc' dir='ltr'>ἐκάλεσε</span> <span class='ocrx_word' id='word_1_310' title='bbox 1594 2274 1723 2339; x_wconf 76' lang='grc' dir='ltr'>τοὺς</span> 
     </span>
    </p>
   </div>
   <div class='ocr_carea' id='block_1_42' title="bbox 138 2366 1722 2438">
    <p class='ocr_par' dir='ltr' id='par_1_42' title="bbox 138 2366 1722 2438">
     <span class='ocr_line' id='line_1_42' title="bbox 138 2366 1722 2438; baseline -0.001 -16"><span class='ocrx_word' id='word_1_311' title='bbox 138 2369 294 2433; x_wconf 73' lang='grc' dir='ltr'>ἰδίους</span> <span class='ocrx_word' id='word_1_312' title='bbox 328 2369 579 2432; x_wconf 85' lang='grc' dir='ltr'>δούλους.</span> <span class='ocrx_word' id='word_1_313' title='bbox 610 2366 704 2421; x_wconf 81' lang='grc' dir='ltr'>καὶ</span> <span class='ocrx_word' id='word_1_314' title='bbox 731 2366 1050 2437; x_wconf 85' lang='grc' dir='ltr'>παρέδωκεν</span> <span class='ocrx_word' id='word_1_315' title='bbox 1088 2367 1276 2431; x_wconf 77' lang='grc' dir='ltr'>αὐτοῖς</span> <span class='ocrx_word' id='word_1_316' title='bbox 1309 2366 1378 2420; x_wconf 81' lang='grc' dir='ltr'><strong>τὰ</strong></span> <span class='ocrx_word' id='word_1_317' title='bbox 1402 2366 1722 2438; x_wconf 77' lang='grc' dir='ltr'>ὑπάρχοντα</span> 
     </span>
    </p>
   </div>
   <div class='ocr_carea' id='block_1_43' title="bbox 135 2450 1726 2528">
    <p class='ocr_par' dir='ltr' id='par_1_43' title="bbox 135 2450 1726 2528">
     <span class='ocr_line' id='line_1_43' title="bbox 135 2450 1726 2528; baseline 0.001 -16"><span class='ocrx_word' id='word_1_318' title='bbox 135 2457 317 2524; x_wconf 79' lang='grc' dir='ltr'>αὑτοῦ,</span> <span class='ocrx_word' id='word_1_319' title='bbox 350 2457 453 2512; x_wconf 80' lang='grc' dir='ltr'>καὶ</span> <span class='ocrx_word' id='word_1_320' title='bbox 476 2450 522 2525; x_wconf 83' lang='grc' dir='ltr'>ᾧ</span> <span class='ocrx_word' id='word_1_321' title='bbox 552 2458 650 2528; x_wconf 85' lang='grc' dir='ltr'>μὲν</span> <span class='ocrx_word' id='word_1_322' title='bbox 705 2458 875 2511; x_wconf 69' lang='grc' dir='ltr'>ἔδωκε</span> <span class='ocrx_word' id='word_1_323' title='bbox 911 2457 1074 2511; x_wconf 76' lang='grc' dir='ltr'>πέντε</span> <span class='ocrx_word' id='word_1_324' title='bbox 1100 2458 1359 2523; x_wconf 85' lang='grc' dir='ltr'>τάλαντα,</span> <span class='ocrx_word' id='word_1_325' title='bbox 1389 2451 1433 2526; x_wconf 79' lang='grc' dir='ltr'>ᾧ</span> <span class='ocrx_word' id='word_1_326' title='bbox 1455 2458 1512 2511; x_wconf 73' lang='grc' dir='ltr'>δὲ</span> <span class='ocrx_word' id='word_1_327' title='bbox 1541 2458 1655 2525; x_wconf 85' lang='grc' dir='ltr'>δύο,</span> <span class='ocrx_word' id='word_1_328' title='bbox 1680 2450 1726 2527; x_wconf 81' lang='grc' dir='ltr'>ᾧ</span> 
     </span>
    </p>
   </div>
   <div class='ocr_carea' id='block_1_44' title="bbox 136 2546 1722 2619">
    <p class='ocr_par' dir='ltr' id='par_1_44' title="bbox 136 2546 1722 2619">
     <span class='ocr_line' id='line_1_44' title="bbox 136 2546 1722 2619; baseline 0.001 -17"><span class='ocrx_word' id='word_1_329' title='bbox 136 2551 185 2603; x_wconf 75' lang='grc' dir='ltr'>δὲ</span> <span class='ocrx_word' id='word_1_330' title='bbox 218 2549 302 2614; x_wconf 72' lang='grc' dir='ltr'><strong>ἐν,</strong></span> <span class='ocrx_word' id='word_1_331' title='bbox 332 2549 560 2619; x_wconf 70' lang='grc' dir='ltr'>ἑκάστῳ</span> <span class='ocrx_word' id='word_1_332' title='bbox 578 2548 721 2602; x_wconf 83' lang='grc' dir='ltr'>κατὰ</span> <span class='ocrx_word' id='word_1_333' title='bbox 750 2547 848 2619; x_wconf 81' lang='grc' dir='ltr'><strong>τὴν</strong></span> <span class='ocrx_word' id='word_1_334' title='bbox 892 2547 1031 2601; x_wconf 75' lang='grc' dir='ltr'>ἰδίαν</span> <span class='ocrx_word' id='word_1_335' title='bbox 1075 2546 1310 2618; x_wconf 85' lang='grc' dir='ltr'>δύναμιν</span> <span class='ocrx_word' id='word_1_336' title='bbox 1330 2589 1345 2613; x_wconf 84' lang='grc'><strong>,</strong></span> <span class='ocrx_word' id='word_1_337' title='bbox 1392 2548 1485 2603; x_wconf 71' lang='grc' dir='ltr'>καὶ</span> <span class='ocrx_word' id='word_1_338' title='bbox 1514 2550 1722 2619; x_wconf 78' lang='grc' dir='ltr'>ἀπεδή-</span> 
     </span>
    </p>
   </div>
   <div class='ocr_carea' id='block_1_45' title="bbox 139 2641 1722 2714">
    <p class='ocr_par' dir='ltr' id='par_1_45' title="bbox 139 2641 1722 2714">
     <span class='ocr_line' id='line_1_45' title="bbox 139 2641 1722 2714; baseline 0.002 -17"><span class='ocrx_word' id='word_1_339' title='bbox 139 2660 305 2714; x_wconf 79' lang='grc' dir='ltr'>μησεν</span> <span class='ocrx_word' id='word_1_340' title='bbox 340 2642 573 2707; x_wconf 73' lang='grc' dir='ltr'>εὐοιως.</span> <span class='ocrx_word' id='word_1_341' title='bbox 604 2641 899 2714; x_wconf 76' lang='grc' dir='ltr'>Πορευθεὶς</span> <span class='ocrx_word' id='word_1_342' title='bbox 926 2642 982 2696; x_wconf 79' lang='grc' dir='ltr'>δὲ</span> <span class='ocrx_word' id='word_1_343' title='bbox 1007 2643 1036 2696; x_wconf 82' lang='grc' dir='ltr'><strong><em>ὁ</em></strong></span> <span class='ocrx_word' id='word_1_344' title='bbox 1064 2643 1133 2697; x_wconf 69' lang='grc' dir='ltr'><strong>τὰ</strong></span> <span class='ocrx_word' id='word_1_345' title='bbox 1161 2642 1324 2696; x_wconf 74' lang='grc' dir='ltr'>πέντε</span> <span class='ocrx_word' id='word_1_346' title='bbox 1363 2643 1602 2698; x_wconf 87' lang='grc' dir='ltr'>τάλαντα</span> <span class='ocrx_word' id='word_1_347' title='bbox 1624 2644 1722 2700; x_wconf 83' lang='grc' dir='ltr'>λα-</span> 
     </span>
    </p>
   </div>
   <div class='ocr_carea' id='block_1_46' title="bbox 136 2723 1724 2808">
    <p class='ocr_par' dir='ltr' id='par_1_46' title="bbox 136 2723 1724 2808">
     <span class='ocr_line' id='line_1_46' title="bbox 136 2723 1724 2808; baseline 0.002 -19"><span class='ocrx_word' id='word_1_348' title='bbox 136 2736 259 2803; x_wconf 79' lang='grc' dir='ltr'>δὼν,</span> <span class='ocrx_word' id='word_1_349' title='bbox 290 2723 599 2806; x_wconf 60' lang='grc' dir='ltr'>εἰργάσατο</span> <span class='ocrx_word' id='word_1_350' title='bbox 623 2737 681 2790; x_wconf 77' lang='grc' dir='ltr'><strong>ἐν</strong></span> <span class='ocrx_word' id='word_1_351' title='bbox 705 2735 912 2800; x_wconf 76' lang='grc' dir='ltr'>αὐτοῖς,</span> <span class='ocrx_word' id='word_1_352' title='bbox 956 2736 1052 2790; x_wconf 62' lang='grc' dir='ltr'><strong>καὶ¹</strong></span> <span class='ocrx_word' id='word_1_353' title='bbox 1103 2735 1361 2808; x_wconf 79' lang='grc' dir='ltr'>ἐποίησεν</span> <span class='ocrx_word' id='word_1_354' title='bbox 1388 2735 1525 2790; x_wconf 77' lang='grc' dir='ltr'>ἄλλα</span> <span class='ocrx_word' id='word_1_355' title='bbox 1557 2737 1724 2793; x_wconf 73' lang='grc' dir='ltr'>πέντε</span> 
     </span>
    </p>
   </div>
   <div class='ocr_carea' id='block_1_47' title="bbox 134 2827 1721 2901">
    <p class='ocr_par' dir='ltr' id='par_1_47' title="bbox 134 2827 1721 2901">
     <span class='ocr_line' id='line_1_47' title="bbox 134 2827 1721 2901; baseline 0.001 -18"><span class='ocrx_word' id='word_1_356' title='bbox 134 2829 402 2884; x_wconf 70' lang='grc' dir='ltr'>τάλαντα·</span> <span class='ocrx_word' id='word_1_357' title='bbox 437 2827 706 2892; x_wconf 78' lang='grc' dir='ltr'>ὡσαύτως</span> <span class='ocrx_word' id='word_1_358' title='bbox 748 2829 842 2883; x_wconf 73' lang='grc' dir='ltr'>καὶ</span> <span class='ocrx_word' id='word_1_359' title='bbox 868 2831 896 2883; x_wconf 82' lang='grc' dir='ltr'>ὁ</span> <span class='ocrx_word' id='word_1_360' title='bbox 938 2828 1007 2883; x_wconf 85' lang='grc' dir='ltr'><strong>τά</strong></span> <span class='ocrx_word' id='word_1_361' title='bbox 1037 2828 1153 2898; x_wconf 84' lang='grc' dir='ltr'>δύο,</span> <span class='ocrx_word' id='word_1_362' title='bbox 1194 2830 1459 2901; x_wconf 72' lang='grc' dir='ltr'>ἐκέρδησε</span> <span class='ocrx_word' id='word_1_363' title='bbox 1498 2832 1594 2883; x_wconf 78' lang='grc' dir='ltr'>καὶ</span> <span class='ocrx_word' id='word_1_364' title='bbox 1619 2830 1721 2885; x_wconf 83' lang='grc' dir='ltr'><strong>αὑ-</strong></span> 
     </span>
    </p>
   </div>
   <div class='ocr_carea' id='block_1_48' title="bbox 133 2904 1725 2994">
    <p class='ocr_par' dir='ltr' id='par_1_48' title="bbox 133 2904 1725 2994">
     <span class='ocr_line' id='line_1_48' title="bbox 133 2904 1725 2994; baseline 0.006 -24"><span class='ocrx_word' id='word_1_365' title='bbox 133 2920 371 2982; x_wconf 74' lang='grc' dir='ltr'>τδςάλλα</span> <span class='ocrx_word' id='word_1_366' title='bbox 396 2904 529 2974; x_wconf 67' lang='grc' dir='ltr'><strong>δόθ’·</strong></span> <span class='ocrx_word' id='word_1_367' title='bbox 574 2919 604 2973; x_wconf 73' lang='grc' dir='ltr'><strong>δ</strong></span> <span class='ocrx_word' id='word_1_368' title='bbox 650 2918 708 2973; x_wconf 68' lang='grc' dir='ltr'>δι</span> <span class='ocrx_word' id='word_1_369' title='bbox 736 2920 798 2974; x_wconf 85' lang='grc' dir='ltr'>τὸ</span> <span class='ocrx_word' id='word_1_370' title='bbox 828 2919 887 2973; x_wconf 78' lang='grc' dir='ltr'><strong>ιν</strong></span> <span class='ocrx_word' id='word_1_371' title='bbox 914 2919 1118 2987; x_wconf 58' lang='lat' dir='ltr'><strong>nam,</strong></span> <span class='ocrx_word' id='word_1_372' title='bbox 1152 2920 1404 2976; x_wconf 81' lang='grc' dir='ltr'>ἀπελθὼν</span> <span class='ocrx_word' id='word_1_373' title='bbox 1427 2920 1636 2994; x_wconf 78' lang='grc' dir='ltr'>ὤρυξεν</span> <span class='ocrx_word' id='word_1_374' title='bbox 1664 2922 1725 2979; x_wconf 81' lang='grc' dir='ltr'>ὲν</span> 
     </span>
    </p>
   </div>
   <div class='ocr_carea' id='block_1_49' title="bbox 133 3010 1718 3087">
    <p class='ocr_par' dir='ltr' id='par_1_49' title="bbox 133 3010 1718 3087">
     <span class='ocr_line' id='line_1_49' title="bbox 133 3010 1718 3087; baseline 0.001 -17"><span class='ocrx_word' id='word_1_375' title='bbox 133 3013 193 3081; x_wconf 78' lang='grc' dir='ltr'><strong>τῇ</strong></span> <span class='ocrx_word' id='word_1_376' title='bbox 220 3014 316 3083; x_wconf 74' lang='grc' dir='ltr'><strong>τῇ,</strong></span> <span class='ocrx_word' id='word_1_377' title='bbox 342 3012 449 3068; x_wconf 79' lang='grc' dir='ltr'>καὶ</span> <span class='ocrx_word' id='word_1_378' title='bbox 469 3010 758 3083; x_wconf 68' lang='grc' dir='ltr'>ἀπέκρυψε</span> <span class='ocrx_word' id='word_1_379' title='bbox 788 3011 850 3066; x_wconf 78' lang='grc' dir='ltr'>τὸ</span> <span class='ocrx_word' id='word_1_380' title='bbox 883 3014 1147 3085; x_wconf 80' lang='grc' dir='ltr'>ἀργύριον</span> <span class='ocrx_word' id='word_1_381' title='bbox 1171 3013 1269 3068; x_wconf 82' lang='grc' dir='ltr'>τοῦ</span> <span class='ocrx_word' id='word_1_382' title='bbox 1311 3016 1503 3087; x_wconf 85' lang='grc' dir='ltr'>κυρίου</span> <span class='ocrx_word' id='word_1_383' title='bbox 1529 3015 1718 3072; x_wconf 82' lang='grc' dir='ltr'>αὑτοῦ.</span> 
     </span>
    </p>
   </div>
   <div class='ocr_carea' id='block_1_50' title="bbox 136 3102 1723 3176">
    <p class='ocr_par' dir='ltr' id='par_1_50' title="bbox 136 3102 1723 3176">
     <span class='ocr_line' id='line_1_50' title="bbox 136 3102 1723 3176; baseline 0.005 -21"><span class='ocrx_word' id='word_1_384' title='bbox 136 3102 280 3156; x_wconf 68' lang='grc' dir='ltr'>Μετὰ</span> <span class='ocrx_word' id='word_1_385' title='bbox 317 3102 377 3156; x_wconf 73' lang='grc' dir='ltr'><strong>δέ</strong></span> <span class='ocrx_word' id='word_1_386' title='bbox 414 3102 610 3174; x_wconf 83' lang='grc' dir='ltr'>χρόνον</span> <span class='ocrx_word' id='word_1_387' title='bbox 669 3103 863 3168; x_wconf 78' lang='grc' dir='ltr'>πολὺν,</span> <span class='ocrx_word' id='word_1_388' title='bbox 898 3103 1120 3176; x_wconf 75' lang='grc' dir='ltr'>ἔρχεται</span> <span class='ocrx_word' id='word_1_389' title='bbox 1153 3108 1182 3160; x_wconf 82' lang='grc' dir='ltr'><strong>ό</strong></span> <span class='ocrx_word' id='word_1_390' title='bbox 1228 3104 1422 3176; x_wconf 80' lang='grc' dir='ltr'>κύριος</span> <span class='ocrx_word' id='word_1_391' title='bbox 1458 3106 1569 3161; x_wconf 85' lang='grc' dir='ltr'><strong>τῶν</strong></span> <span class='ocrx_word' id='word_1_392' title='bbox 1597 3108 1723 3163; x_wconf 84' lang='grc' dir='ltr'>δού-</span> 
     </span>
    </p>
   </div>
   <div class='ocr_carea' id='block_1_51' title="bbox 1906 2270 3433 2347">
    <p class='ocr_par' dir='ltr' id='par_1_51' title="bbox 1906 2270 3433 2347">
     <span class='ocr_line' id='line_1_51' title="bbox 1906 2270 3433 2347; baseline 0 -16"><span class='ocrx_word' id='word_1_393' title='bbox 1906 2274 2073 2331; x_wconf 70' lang='lat' dir='ltr'><strong>Vsus.</strong></span> <span class='ocrx_word' id='word_1_394' title='bbox 2104 2271 2291 2330; x_wconf 78' lang='lat' dir='ltr'><strong>N-I9.</strong></span> <span class='ocrx_word' id='word_1_395' title='bbox 2332 2290 2353 2326; x_wconf 78' lang='grc' dir='ltr'><strong>ι</strong></span> <span class='ocrx_word' id='word_1_396' title='bbox 2391 2270 2546 2329; x_wconf 79' lang='lat' dir='ltr'><strong>Sicut</strong></span> <span class='ocrx_word' id='word_1_397' title='bbox 2572 2271 2721 2328; x_wconf 82' lang='lat' dir='ltr'><strong>enim</strong></span> <span class='ocrx_word' id='word_1_398' title='bbox 2754 2270 2918 2330; x_wconf 81' lang='lat' dir='ltr'><strong>homo</strong></span> <span class='ocrx_word' id='word_1_399' title='bbox 2949 2271 3172 2343; x_wconf 87' lang='lat' dir='ltr'><strong>quidam</strong></span> <span class='ocrx_word' id='word_1_400' title='bbox 3202 2288 3433 2347; x_wconf 83' lang='lat' dir='ltr'><strong>peregre</strong></span> 
     </span>
    </p>
   </div>
   <div class='ocr_carea' id='block_1_52' title="bbox 1831 2365 3431 2440">
    <p class='ocr_par' dir='ltr' id='par_1_52' title="bbox 1831 2365 3431 2440">
     <span class='ocr_line' id='line_1_52' title="bbox 1831 2365 3431 2440; baseline -0.001 -17"><span class='ocrx_word' id='word_1_401' title='bbox 1831 2366 2224 2440; x_wconf 75' lang='lat' dir='ltr'><strong>proﬁciscens,</strong></span> <span class='ocrx_word' id='word_1_402' title='bbox 2268 2366 2485 2421; x_wconf 85' lang='lat' dir='ltr'><strong>vocavit</strong></span> <span class='ocrx_word' id='word_1_403' title='bbox 2542 2378 2734 2421; x_wconf 81' lang='lat' dir='ltr'><strong>servos</strong></span> <span class='ocrx_word' id='word_1_404' title='bbox 2775 2378 2907 2422; x_wconf 88' lang='lat' dir='ltr'><strong>suos</strong></span> <span class='ocrx_word' id='word_1_405' title='bbox 2955 2372 3011 2421; x_wconf 92' lang='lat' dir='ltr'><strong>et</strong></span> <span class='ocrx_word' id='word_1_406' title='bbox 3051 2365 3277 2421; x_wconf 84' lang='lat' dir='ltr'><strong>tradidit</strong></span> <span class='ocrx_word' id='word_1_407' title='bbox 3321 2366 3431 2421; x_wconf 88' lang='lat' dir='ltr'><strong>illis</strong></span> 
     </span>
    </p>
   </div>
   <div class='ocr_carea' id='block_1_53' title="bbox 1830 2458 3429 2530">
    <p class='ocr_par' dir='ltr' id='par_1_53' title="bbox 1830 2458 3429 2530">
     <span class='ocr_line' id='line_1_53' title="bbox 1830 2458 3429 2530; baseline -0.002 -12"><span class='ocrx_word' id='word_1_408' title='bbox 1830 2460 1973 2518; x_wconf 88' lang='lat' dir='ltr'><strong>bona</strong></span> <span class='ocrx_word' id='word_1_409' title='bbox 2001 2473 2121 2524; x_wconf 89' lang='lat' dir='ltr'><strong>sua,</strong></span> <span class='ocrx_word' id='word_1_410' title='bbox 2143 2469 2201 2514; x_wconf 92' lang='lat' dir='ltr'><strong>et</strong></span> <span class='ocrx_word' id='word_1_411' title='bbox 2230 2458 2359 2513; x_wconf 85' lang='lat' dir='ltr'><strong>huic</strong></span> <span class='ocrx_word' id='word_1_412' title='bbox 2380 2458 2603 2529; x_wconf 88' lang='lat' dir='ltr'><strong>quidem</strong></span> <span class='ocrx_word' id='word_1_413' title='bbox 2628 2458 2777 2514; x_wconf 90' lang='lat' dir='ltr'><strong>dedit</strong></span> <span class='ocrx_word' id='word_1_414' title='bbox 2798 2458 3047 2530; x_wconf 90' lang='lat' dir='ltr'><strong>quinque</strong></span> <span class='ocrx_word' id='word_1_415' title='bbox 3075 2459 3301 2526; x_wconf 86' lang='lat' dir='ltr'><strong>talenta,</strong></span> <span class='ocrx_word' id='word_1_416' title='bbox 3333 2459 3429 2515; x_wconf 86' lang='lat' dir='ltr'><strong>alii</strong></span> 
     </span>
    </p>
   </div>
   <div class='ocr_carea' id='block_1_54' title="bbox 1830 2550 3427 2622">
    <p class='ocr_par' dir='ltr' id='par_1_54' title="bbox 1830 2550 3427 2622">
     <span class='ocr_line' id='line_1_54' title="bbox 1830 2550 3427 2622; baseline -0.001 -15"><span class='ocrx_word' id='word_1_417' title='bbox 1830 2560 2013 2607; x_wconf 91' lang='lat' dir='ltr'><strong>autem</strong></span> <span class='ocrx_word' id='word_1_418' title='bbox 2044 2552 2185 2619; x_wconf 90' lang='lat' dir='ltr'><strong>duo,</strong></span> <span class='ocrx_word' id='word_1_419' title='bbox 2235 2550 2328 2605; x_wconf 88' lang='lat' dir='ltr'><strong>alii</strong></span> <span class='ocrx_word' id='word_1_420' title='bbox 2376 2564 2505 2606; x_wconf 77' lang='lat' dir='ltr'><strong>vero</strong></span> <span class='ocrx_word' id='word_1_421' title='bbox 2536 2565 2742 2618; x_wconf 88' lang='lat' dir='ltr'><strong>unum,</strong></span> <span class='ocrx_word' id='word_1_422' title='bbox 2790 2551 3085 2622; x_wconf 85' lang='lat' dir='ltr'><strong>unicuique</strong></span> <span class='ocrx_word' id='word_1_423' title='bbox 3126 2552 3427 2608; x_wconf 87' lang='lat' dir='ltr'><strong>secundum</strong></span> 
     </span>
    </p>
   </div>
   <div class='ocr_carea' id='block_1_55' title="bbox 1832 2643 3432 2715">
    <p class='ocr_par' dir='ltr' id='par_1_55' title="bbox 1832 2643 3432 2715">
     <span class='ocr_line' id='line_1_55' title="bbox 1832 2643 3432 2715; baseline 0.002 -18"><span class='ocrx_word' id='word_1_424' title='bbox 1832 2644 2112 2715; x_wconf 83' lang='lat' dir='ltr'><strong>propriam</strong></span> <span class='ocrx_word' id='word_1_425' title='bbox 2146 2644 2482 2708; x_wconf 78' lang='lat' dir='ltr'><strong>facultatem,</strong></span> <span class='ocrx_word' id='word_1_426' title='bbox 2520 2654 2575 2698; x_wconf 90' lang='lat' dir='ltr'><strong>et</strong></span> <span class='ocrx_word' id='word_1_427' title='bbox 2610 2643 2891 2713; x_wconf 79' lang='lat' dir='ltr'><strong>profectus</strong></span> <span class='ocrx_word' id='word_1_428' title='bbox 2923 2654 3010 2700; x_wconf 88' lang='lat' dir='ltr'><strong>est</strong></span> <span class='ocrx_word' id='word_1_429' title='bbox 3038 2645 3249 2700; x_wconf 81' lang='lat' dir='ltr'><strong>statim.</strong></span> <span class='ocrx_word' id='word_1_430' title='bbox 3281 2646 3432 2700; x_wconf 79' lang='lat' dir='ltr'><strong>Abiit</strong></span> 
     </span>
    </p>
   </div>
   <div class='ocr_carea' id='block_1_56' title="bbox 1829 2733 3431 2807">
    <p class='ocr_par' dir='ltr' id='par_1_56' title="bbox 1829 2733 3431 2807">
     <span class='ocr_line' id='line_1_56' title="bbox 1829 2733 3431 2807; baseline 0.001 -18"><span class='ocrx_word' id='word_1_431' title='bbox 1829 2745 2014 2790; x_wconf 86' lang='lat' dir='ltr'><strong>autem</strong></span> <span class='ocrx_word' id='word_1_432' title='bbox 2043 2733 2138 2805; x_wconf 85' lang='lat' dir='ltr'><strong>qui</strong></span> <span class='ocrx_word' id='word_1_433' title='bbox 2183 2735 2427 2804; x_wconf 91' lang='lat' dir='ltr'><strong>quinque</strong></span> <span class='ocrx_word' id='word_1_434' title='bbox 2477 2735 2677 2790; x_wconf 88' lang='lat' dir='ltr'><strong>talenta</strong></span> <span class='ocrx_word' id='word_1_435' title='bbox 2715 2745 3035 2805; x_wconf 86' lang='lat' dir='ltr'><strong>acceperat,</strong></span> <span class='ocrx_word' id='word_1_436' title='bbox 3074 2746 3133 2793; x_wconf 90' lang='lat' dir='ltr'><strong>et</strong></span> <span class='ocrx_word' id='word_1_437' title='bbox 3164 2745 3431 2807; x_wconf 84' lang='lat' dir='ltr'><strong>operatus</strong></span> 
     </span>
    </p>
   </div>
   <div class='ocr_carea' id='block_1_57' title="bbox 1827 2828 3435 2900">
    <p class='ocr_par' dir='ltr' id='par_1_57' title="bbox 1827 2828 3435 2900">
     <span class='ocr_line' id='line_1_57' title="bbox 1827 2828 3435 2900; baseline -0.001 -15"><span class='ocrx_word' id='word_1_438' title='bbox 1827 2838 1911 2885; x_wconf 86' lang='lat' dir='ltr'><strong>est</strong></span> <span class='ocrx_word' id='word_1_439' title='bbox 1940 2828 1991 2882; x_wconf 86' lang='lat' dir='ltr'><strong>in</strong></span> <span class='ocrx_word' id='word_1_440' title='bbox 2027 2828 2106 2883; x_wconf 89' lang='lat' dir='ltr'><strong>eis</strong></span> <span class='ocrx_word' id='word_1_441' title='bbox 2128 2869 2143 2895; x_wconf 93' lang='lat'><strong>,</strong></span> <span class='ocrx_word' id='word_1_442' title='bbox 2176 2836 2234 2884; x_wconf 88' lang='lat' dir='ltr'><strong>et</strong></span> <span class='ocrx_word' id='word_1_443' title='bbox 2276 2828 2513 2884; x_wconf 85' lang='lat' dir='ltr'><strong>coniecit</strong></span> <span class='ocrx_word' id='word_1_444' title='bbox 2561 2828 2739 2884; x_wconf 88' lang='lat' dir='ltr'><strong>altera</strong></span> <span class='ocrx_word' id='word_1_445' title='bbox 2770 2828 3034 2900; x_wconf 88' lang='lat' dir='ltr'><strong>quinque.</strong></span> <span class='ocrx_word' id='word_1_446' title='bbox 3077 2828 3346 2886; x_wconf 88' lang='lat' dir='ltr'><strong>Similiter</strong></span> <span class='ocrx_word' id='word_1_447' title='bbox 3375 2837 3435 2884; x_wconf 88' lang='lat' dir='ltr'><strong>et</strong></span> 
     </span>
    </p>
   </div>
   <div class='ocr_carea' id='block_1_58' title="bbox 1828 2920 3426 2991">
    <p class='ocr_par' dir='ltr' id='par_1_58' title="bbox 1828 2920 3426 2991">
     <span class='ocr_line' id='line_1_58' title="bbox 1828 2920 3426 2991; baseline -0.001 -16"><span class='ocrx_word' id='word_1_448' title='bbox 1828 2920 1920 2991; x_wconf 90' lang='lat' dir='ltr'><strong>qui</strong></span> <span class='ocrx_word' id='word_1_449' title='bbox 1945 2920 2057 2976; x_wconf 91' lang='lat' dir='ltr'><strong>duo</strong></span> <span class='ocrx_word' id='word_1_450' title='bbox 2088 2928 2399 2990; x_wconf 86' lang='lat' dir='ltr'><strong>acceperat,</strong></span> <span class='ocrx_word' id='word_1_451' title='bbox 2441 2921 2686 2977; x_wconf 89' lang='lat' dir='ltr'><strong>lucratus</strong></span> <span class='ocrx_word' id='word_1_452' title='bbox 2720 2930 2807 2977; x_wconf 88' lang='lat' dir='ltr'><strong>est</strong></span> <span class='ocrx_word' id='word_1_453' title='bbox 2836 2929 2892 2977; x_wconf 90' lang='lat' dir='ltr'><strong>et</strong></span> <span class='ocrx_word' id='word_1_454' title='bbox 2928 2921 3046 2991; x_wconf 87' lang='lat' dir='ltr'><strong>ipse</strong></span> <span class='ocrx_word' id='word_1_455' title='bbox 3074 2920 3186 2978; x_wconf 87' lang='lat' dir='ltr'><strong>duo</strong></span> <span class='ocrx_word' id='word_1_456' title='bbox 3207 2920 3426 2976; x_wconf 82' lang='lat' dir='ltr'><strong>altera:</strong></span> 
     </span>
    </p>
   </div>
   <div class='ocr_carea' id='block_1_59' title="bbox 1828 3013 3428 3085">
    <p class='ocr_par' dir='ltr' id='par_1_59' title="bbox 1828 3013 3428 3085">
     <span class='ocr_line' id='line_1_59' title="bbox 1828 3013 3428 3085; baseline 0.001 -17"><span class='ocrx_word' id='word_1_457' title='bbox 1828 3014 1922 3085; x_wconf 87' lang='lat' dir='ltr'><strong>qui</strong></span> <span class='ocrx_word' id='word_1_458' title='bbox 1949 3024 2130 3069; x_wconf 89' lang='lat' dir='ltr'><strong>autem</strong></span> <span class='ocrx_word' id='word_1_459' title='bbox 2162 3029 2328 3070; x_wconf 91' lang='lat' dir='ltr'><strong>unum</strong></span> <span class='ocrx_word' id='word_1_460' title='bbox 2368 3024 2680 3085; x_wconf 86' lang='lat' dir='ltr'><strong>acceperat,</strong></span> <span class='ocrx_word' id='word_1_461' title='bbox 2711 3015 2904 3070; x_wconf 87' lang='lat' dir='ltr'><strong>abiens</strong></span> <span class='ocrx_word' id='word_1_462' title='bbox 2935 3013 3071 3069; x_wconf 79' lang='lat' dir='ltr'><strong>fodit</strong></span> <span class='ocrx_word' id='word_1_463' title='bbox 3108 3015 3162 3069; x_wconf 90' lang='lat' dir='ltr'><strong>in</strong></span> <span class='ocrx_word' id='word_1_464' title='bbox 3199 3022 3428 3080; x_wconf 89' lang='lat' dir='ltr'><strong>terram,</strong></span> 
     </span>
    </p>
   </div>
   <div class='ocr_carea' id='block_1_60' title="bbox 1826 3102 3428 3177">
    <p class='ocr_par' dir='ltr' id='par_1_60' title="bbox 1826 3102 3428 3177">
     <span class='ocr_line' id='line_1_60' title="bbox 1826 3102 3428 3177; baseline 0.001 -15"><span class='ocrx_word' id='word_1_465' title='bbox 1826 3114 1884 3162; x_wconf 90' lang='lat' dir='ltr'><strong>et</strong></span> <span class='ocrx_word' id='word_1_466' title='bbox 1920 3106 2210 3163; x_wconf 81' lang='lat' dir='ltr'><strong>abscondit</strong></span> <span class='ocrx_word' id='word_1_467' title='bbox 2252 3106 2543 3177; x_wconf 87' lang='lat' dir='ltr'><strong>pecuniam</strong></span> <span class='ocrx_word' id='word_1_468' title='bbox 2592 3105 2800 3162; x_wconf 90' lang='lat' dir='ltr'><strong>domini</strong></span> <span class='ocrx_word' id='word_1_469' title='bbox 2847 3104 2955 3162; x_wconf 90' lang='lat' dir='ltr'><strong>sui.</strong></span> <span class='ocrx_word' id='word_1_470' title='bbox 3012 3102 3151 3161; x_wconf 87' lang='lat' dir='ltr'><strong>Post</strong></span> <span class='ocrx_word' id='word_1_471' title='bbox 3188 3107 3428 3163; x_wconf 85' lang='lat' dir='ltr'><strong>multum</strong></span> 
     </span>
    </p>
   </div>
   <div class='ocr_carea' id='block_1_61' title="bbox 137 3196 1722 3274">
    <p class='ocr_par' dir='ltr' id='par_1_61' title="bbox 137 3196 1722 3270">
     <span class='ocr_line' id='line_1_61' title="bbox 137 3196 1722 3270; baseline 0.006 -23"><span class='ocrx_word' id='word_1_472' title='bbox 137 3196 235 3247; x_wconf 71' lang='grc' dir='ltr'><strong>λων</strong></span> <span class='ocrx_word' id='word_1_473' title='bbox 255 3196 515 3262; x_wconf 79' lang='grc' dir='ltr'>ἐκείνων,</span> <span class='ocrx_word' id='word_1_474' title='bbox 549 3198 644 3251; x_wconf 75' lang='grc' dir='ltr'>καὶ</span> <span class='ocrx_word' id='word_1_475' title='bbox 669 3197 919 3270; x_wconf 83' lang='grc' dir='ltr'>συναίρει</span> <span class='ocrx_word' id='word_1_476' title='bbox 944 3198 1063 3269; x_wconf 86' lang='grc' dir='ltr'>μετ’</span> <span class='ocrx_word' id='word_1_477' title='bbox 1086 3198 1265 3254; x_wconf 82' lang='grc' dir='ltr'>αὐτῶν</span> <span class='ocrx_word' id='word_1_478' title='bbox 1281 3199 1460 3268; x_wconf 89' lang='grc' dir='ltr'>λόγον.</span> <span class='ocrx_word' id='word_1_479' title='bbox 1485 3219 1507 3255; x_wconf 73' lang='grc' dir='ltr'><strong>ι</strong></span> <span class='ocrx_word' id='word_1_480' title='bbox 1536 3200 1722 3257; x_wconf 74' lang='grc' dir='ltr'>Εἰπὼν</span> 
     </span>
    </p>
   </div>
   <div class='ocr_carea' id='block_1_62' title="bbox 1829 3196 3430 3274">
    <p class='ocr_par' dir='ltr' id='par_1_62' title="bbox 1829 3201 3430 3274">
     <span class='ocr_line' id='line_1_62' title="bbox 1829 3201 3430 3274; baseline -0.001 -15"><span class='ocrx_word' id='word_1_481' title='bbox 1829 3218 1961 3259; x_wconf 87' lang='lat' dir='ltr'><strong>vero</strong></span> <span class='ocrx_word' id='word_1_482' title='bbox 1996 3203 2262 3274; x_wconf 88' lang='lat' dir='ltr'><strong>temporis</strong></span> <span class='ocrx_word' id='word_1_483' title='bbox 2297 3205 2445 3260; x_wconf 92' lang='lat' dir='ltr'><strong>venit</strong></span> <span class='ocrx_word' id='word_1_484' title='bbox 2480 3203 2740 3260; x_wconf 87' lang='lat' dir='ltr'><strong>dominus</strong></span> <span class='ocrx_word' id='word_1_485' title='bbox 2771 3217 3058 3260; x_wconf 80' lang='lat' dir='ltr'><strong>servorum</strong></span> <span class='ocrx_word' id='word_1_486' title='bbox 3095 3201 3335 3267; x_wconf 85' lang='lat' dir='ltr'><strong>illorum,</strong></span> <span class='ocrx_word' id='word_1_487' title='bbox 3371 3211 3430 3258; x_wconf 82' lang='lat' dir='ltr'><strong>et</strong></span> 
     </span>
    </p>
   </div>
   <div class='ocr_carea' id='block_1_63' title="bbox 138 3286 1720 3367">
    <p class='ocr_par' dir='ltr' id='par_1_63' title="bbox 138 3286 1720 3367">
     <span class='ocr_line' id='line_1_63' title="bbox 138 3286 1720 3367; baseline 0.005 -27"><span class='ocrx_word' id='word_1_488' title='bbox 138 3286 237 3340; x_wconf 74' lang='grc' dir='ltr'><strong>άνω</strong></span> <span class='ocrx_word' id='word_1_489' title='bbox 269 3289 356 3342; x_wconf 76' lang='grc' dir='ltr'>ὅτι</span> <span class='ocrx_word' id='word_1_490' title='bbox 398 3288 519 3341; x_wconf 73' lang='grc' dir='ltr'><strong>Οὐκ</strong></span> <span class='ocrx_word' id='word_1_491' title='bbox 544 3288 725 3344; x_wconf 74' lang='grc' dir='ltr'>οἴδατε</span> <span class='ocrx_word' id='word_1_492' title='bbox 762 3289 862 3361; x_wconf 83' lang='grc' dir='ltr'>τὴν</span> <span class='ocrx_word' id='word_1_493' title='bbox 886 3292 1103 3363; x_wconf 65' lang='grc' dir='ltr'>ἡμέραν</span> <span class='ocrx_word' id='word_1_494' title='bbox 1128 3293 1216 3347; x_wconf 86' lang='grc' dir='ltr'>ὅτε</span> <span class='ocrx_word' id='word_1_495' title='bbox 1253 3291 1375 3364; x_wconf 74' lang='grc' dir='ltr'>ἥξει</span> <span class='ocrx_word' id='word_1_496' title='bbox 1430 3293 1460 3345; x_wconf 83' lang='grc' dir='ltr'>ὁ</span> <span class='ocrx_word' id='word_1_497' title='bbox 1489 3292 1720 3367; x_wconf 82' lang='grc' dir='ltr'>Κύριος,</span> 
     </span>
    </p>
   </div>
   <div class='ocr_carea' id='block_1_64' title="bbox 136 3382 1723 3456">
    <p class='ocr_par' dir='ltr' id='par_1_64' title="bbox 136 3382 1723 3456">
     <span class='ocr_line' id='line_1_64' title="bbox 136 3382 1723 3456; baseline 0.005 -22"><span class='ocrx_word' id='word_1_498' title='bbox 136 3382 463 3453; x_wconf 71' lang='grc' dir='ltr'>προστίθησι</span> <span class='ocrx_word' id='word_1_499' title='bbox 483 3382 580 3436; x_wconf 77' lang='grc' dir='ltr'>καὶ</span> <span class='ocrx_word' id='word_1_500' title='bbox 608 3382 709 3455; x_wconf 80' lang='grc' dir='ltr'>τὴν</span> <span class='ocrx_word' id='word_1_501' title='bbox 736 3382 1053 3456; x_wconf 78' lang='grc' dir='ltr'>παραϐολὴν</span> <span class='ocrx_word' id='word_1_502' title='bbox 1082 3383 1314 3456; x_wconf 81' lang='grc' dir='ltr'>ταύτην,</span> <span class='ocrx_word' id='word_1_503' title='bbox 1344 3386 1608 3441; x_wconf 81' lang='grc' dir='ltr'>δεικνύων</span> <span class='ocrx_word' id='word_1_504' title='bbox 1638 3388 1723 3443; x_wconf 83' lang='grc' dir='ltr'><strong>δτι</strong></span> 
     </span>
    </p>
   </div>
   <div class='ocr_carea' id='block_1_65' title="bbox 136 3489 1725 3567">
    <p class='ocr_par' dir='ltr' id='par_1_65' title="bbox 136 3489 1725 3567">
     <span class='ocr_line' id='line_1_65' title="bbox 136 3489 1725 3567; baseline -0.004 -16"><span class='ocrx_word' id='word_1_505' title='bbox 136 3498 421 3567; x_wconf 77' lang='grc' dir='ltr'>σίφνιδιως</span> <span class='ocrx_word' id='word_1_506' title='bbox 469 3493 784 3548; x_wconf 67' lang='grc' dir='ltr'>ἐλεύσεται*</span> <span class='ocrx_word' id='word_1_507' title='bbox 829 3490 1033 3547; x_wconf 79' lang='grc' dir='ltr'>ὡσανεὶ</span> <span class='ocrx_word' id='word_1_508' title='bbox 1060 3489 1172 3563; x_wconf 83' lang='grc' dir='ltr'>γὰρ</span> <span class='ocrx_word' id='word_1_509' title='bbox 1202 3490 1492 3562; x_wconf 77' lang='grc' dir='ltr'>ἄνθρωπος</span> <span class='ocrx_word' id='word_1_510' title='bbox 1517 3490 1725 3560; x_wconf 80' lang='grc' dir='ltr'>ἀποδη-</span> 
     </span>
    </p>
   </div>
   <div class='ocr_carea' id='block_1_66' title="bbox 140 3583 1725 3660">
    <p class='ocr_par' dir='ltr' id='par_1_66' title="bbox 140 3583 1725 3660">
     <span class='ocr_line' id='line_1_66' title="bbox 140 3583 1725 3660; baseline -0.003 -14"><span class='ocrx_word' id='word_1_511' title='bbox 140 3589 271 3660; x_wconf 78' lang='grc' dir='ltr'>μῶν,</span> <span class='ocrx_word' id='word_1_512' title='bbox 303 3590 457 3644; x_wconf 78' lang='grc' dir='ltr'>οὕτω</span> <span class='ocrx_word' id='word_1_513' title='bbox 476 3587 544 3652; x_wconf 83' lang='grc' dir='ltr'>δὴ</span> <span class='ocrx_word' id='word_1_514' title='bbox 576 3586 674 3641; x_wconf 78' lang='grc' dir='ltr'>καὶ</span> <span class='ocrx_word' id='word_1_515' title='bbox 697 3588 727 3641; x_wconf 86' lang='grc' dir='ltr'><strong>ὁ</strong></span> <span class='ocrx_word' id='word_1_516' title='bbox 758 3583 947 3656; x_wconf 80' lang='grc' dir='ltr'>κύριος</span> <span class='ocrx_word' id='word_1_517' title='bbox 989 3585 1220 3640; x_wconf 81' lang='grc' dir='ltr'>ἐκάλεσε</span> <span class='ocrx_word' id='word_1_518' title='bbox 1250 3586 1379 3650; x_wconf 80' lang='grc' dir='ltr'>τοὺς</span> <span class='ocrx_word' id='word_1_519' title='bbox 1412 3588 1577 3651; x_wconf 83' lang='grc' dir='ltr'>ίδίους</span> <span class='ocrx_word' id='word_1_520' title='bbox 1598 3588 1725 3642; x_wconf 64' lang='grc' dir='ltr'>δούς</span> 
     </span>
    </p>
   </div>
   <div class='ocr_carea' id='block_1_67' title="bbox 137 3677 1724 3752">
    <p class='ocr_par' dir='ltr' id='par_1_67' title="bbox 137 3677 1724 3752">
     <span class='ocr_line' id='line_1_67' title="bbox 137 3677 1724 3752; baseline 0 -17"><span class='ocrx_word' id='word_1_521' title='bbox 137 3680 273 3747; x_wconf 78' lang='grc' dir='ltr'>λως,</span> <span class='ocrx_word' id='word_1_522' title='bbox 295 3680 400 3736; x_wconf 75' lang='grc' dir='ltr'>καὶ</span> <span class='ocrx_word' id='word_1_523' title='bbox 446 3678 577 3734; x_wconf 84' lang='grc' dir='ltr'>τάδε</span> <span class='ocrx_word' id='word_1_524' title='bbox 622 3678 717 3733; x_wconf 78' lang='grc' dir='ltr'>καὶ</span> <span class='ocrx_word' id='word_1_525' title='bbox 743 3677 872 3734; x_wconf 75' lang='grc' dir='ltr'>τάδε</span> <span class='ocrx_word' id='word_1_526' title='bbox 900 3678 1087 3741; x_wconf 82' lang='grc' dir='ltr'>αὐτοῖς</span> <span class='ocrx_word' id='word_1_527' title='bbox 1116 3677 1343 3733; x_wconf 74' lang='grc' dir='ltr'>διέθετο.</span> <span class='ocrx_word' id='word_1_528' title='bbox 1391 3678 1724 3752; x_wconf 81' lang='grc' dir='ltr'>’Δποδημεϊν</span> 
     </span>
    </p>
   </div>
   <div class='ocr_carea' id='block_1_68' title="bbox 135 3768 1722 3842">
    <p class='ocr_par' dir='ltr' id='par_1_68' title="bbox 135 3768 1722 3842">
     <span class='ocr_line' id='line_1_68' title="bbox 135 3768 1722 3842; baseline -0.002 -14"><span class='ocrx_word' id='word_1_529' title='bbox 135 3772 221 3827; x_wconf 63' lang='lat' dir='ltr'><strong>etv</strong></span> <span class='ocrx_word' id='word_1_530' title='bbox 248 3772 477 3841; x_wconf 65' lang='grc' dir='ltr'>λέγεται</span> <span class='ocrx_word' id='word_1_531' title='bbox 512 3772 541 3825; x_wconf 81' lang='grc' dir='ltr'><strong>ὁ</strong></span> <span class='ocrx_word' id='word_1_532' title='bbox 563 3770 632 3824; x_wconf 79' lang='grc' dir='ltr'>δι’</span> <span class='ocrx_word' id='word_1_533' title='bbox 655 3770 807 3842; x_wconf 73' lang='grc' dir='ltr'>ἡμᾶς</span> <span class='ocrx_word' id='word_1_534' title='bbox 830 3768 1121 3841; x_wconf 80' lang='grc' dir='ltr'>γενόμενος</span> <span class='ocrx_word' id='word_1_535' title='bbox 1150 3769 1440 3841; x_wconf 74' lang='grc' dir='ltr'>ἄνθρωπος</span> <span class='ocrx_word' id='word_1_536' title='bbox 1464 3770 1722 3842; x_wconf 70' lang='grc' dir='ltr'>Χριστὸς,</span> 
     </span>
    </p>
   </div>
   <div class='ocr_carea' id='block_1_69' title="bbox 138 3858 1726 3932">
    <p class='ocr_par' dir='ltr' id='par_1_69' title="bbox 138 3858 1726 3932">
     <span class='ocr_line' id='line_1_69' title="bbox 138 3858 1726 3932; baseline 0 -16"><span class='ocrx_word' id='word_1_537' title='bbox 138 3863 168 3931; x_wconf 73' lang='grc' dir='ltr'>ἢ</span> <span class='ocrx_word' id='word_1_538' title='bbox 201 3863 339 3916; x_wconf 73' lang='grc' dir='ltr'>καθδ</span> <span class='ocrx_word' id='word_1_539' title='bbox 378 3860 558 3929; x_wconf 75' lang='grc' dir='ltr'>άνέδη</span> <span class='ocrx_word' id='word_1_540' title='bbox 589 3860 670 3923; x_wconf 82' lang='grc' dir='ltr'><strong>εις</strong></span> <span class='ocrx_word' id='word_1_541' title='bbox 692 3858 1035 3931; x_wconf 73' lang='grc' dir='ltr'>οὐρανοὺς,ἢ</span> <span class='ocrx_word' id='word_1_542' title='bbox 1069 3858 1205 3914; x_wconf 82' lang='grc' dir='ltr'>καθὸ</span> <span class='ocrx_word' id='word_1_543' title='bbox 1232 3860 1599 3932; x_wconf 79' lang='grc' dir='ltr'>μακροθυμεῐ,</span> <span class='ocrx_word' id='word_1_544' title='bbox 1628 3861 1726 3916; x_wconf 76' lang='grc' dir='ltr'>καὶ</span> 
     </span>
    </p>
   </div>
   <div class='ocr_carea' id='block_1_70' title="bbox 136 3948 1726 4022">
    <p class='ocr_par' dir='ltr' id='par_1_70' title="bbox 136 3948 1726 4022">
     <span class='ocr_line' id='line_1_70' title="bbox 136 3948 1726 4022; baseline -0.001 -14"><span class='ocrx_word' id='word_1_545' title='bbox 136 3956 227 4008; x_wconf 81' lang='grc' dir='ltr'>οὐκ</span> <span class='ocrx_word' id='word_1_546' title='bbox 256 3951 424 4016; x_wconf 80' lang='grc' dir='ltr'>εὐθὺς</span> <span class='ocrx_word' id='word_1_547' title='bbox 458 3951 684 4006; x_wconf 75' lang='grc' dir='ltr'>ἀπαιτεῖ</span> <span class='ocrx_word' id='word_1_548' title='bbox 704 3950 805 4021; x_wconf 84' lang='grc' dir='ltr'>τὴν</span> <span class='ocrx_word' id='word_1_549' title='bbox 825 3948 1238 4022; x_wconf 79' lang='grc' dir='ltr'>ἐργασίαν,άλλ’</span> <span class='ocrx_word' id='word_1_550' title='bbox 1267 3950 1556 4022; x_wconf 73' lang='grc' dir='ltr'>ἀναμένει.</span> <span class='ocrx_word' id='word_1_551' title='bbox 1586 3950 1726 4007; x_wconf 81' lang='grc' dir='ltr'><strong>Δοῦ-</strong></span> 
     </span>
    </p>
   </div>
   <div class='ocr_carea' id='block_1_71' title="bbox 136 4039 1726 4113">
    <p class='ocr_par' dir='ltr' id='par_1_71' title="bbox 136 4039 1726 4113">
     <span class='ocr_line' id='line_1_71' title="bbox 136 4039 1726 4113; baseline 0 -15"><span class='ocrx_word' id='word_1_552' title='bbox 136 4039 211 4100; x_wconf 69' lang='grc' dir='ltr'><strong>λοι</strong></span> <span class='ocrx_word' id='word_1_553' title='bbox 249 4045 310 4099; x_wconf 68' lang='grc' dir='ltr'><strong>δέ</strong></span> <span class='ocrx_word' id='word_1_554' title='bbox 340 4042 539 4108; x_wconf 76' lang='grc' dir='ltr'>αὐτοῦ,</span> <span class='ocrx_word' id='word_1_555' title='bbox 592 4043 642 4096; x_wconf 86' lang='lat' dir='ltr'><strong>oi</strong></span> <span class='ocrx_word' id='word_1_556' title='bbox 670 4040 771 4113; x_wconf 78' lang='grc' dir='ltr'>τὴν</span> <span class='ocrx_word' id='word_1_557' title='bbox 794 4041 887 4095; x_wconf 82' lang='grc' dir='ltr'>τοῦ</span> <span class='ocrx_word' id='word_1_558' title='bbox 918 4041 1077 4110; x_wconf 84' lang='grc' dir='ltr'>λόγου</span> <span class='ocrx_word' id='word_1_559' title='bbox 1095 4041 1376 4098; x_wconf 83' lang='grc' dir='ltr'>διακονίαν</span> <span class='ocrx_word' id='word_1_560' title='bbox 1424 4059 1726 4100; x_wconf 81' lang='grc' dir='ltr'>πεπιστευ-</span> 
     </span>
    </p>
   </div>
   <div class='ocr_carea' id='block_1_72' title="bbox 140 4129 1725 4208">
    <p class='ocr_par' dir='ltr' id='par_1_72' title="bbox 140 4129 1725 4208">
     <span class='ocr_line' id='line_1_72' title="bbox 140 4129 1725 4208; baseline 0.001 -18"><span class='ocrx_word' id='word_1_561' title='bbox 140 4138 303 4207; x_wconf 69' lang='grc' dir='ltr'>μένοι,</span> <span class='ocrx_word' id='word_1_562' title='bbox 336 4129 456 4189; x_wconf 79' lang='grc' dir='ltr'>οἷον</span> <span class='ocrx_word' id='word_1_563' title='bbox 475 4134 781 4205; x_wconf 75' lang='grc' dir='ltr'>ἀρχιερεῖς,</span> <span class='ocrx_word' id='word_1_564' title='bbox 805 4132 988 4205; x_wconf 74' lang='grc' dir='ltr'>ἱερεῖς,</span> <span class='ocrx_word' id='word_1_565' title='bbox 1006 4132 1265 4202; x_wconf 86' lang='grc' dir='ltr'>διάκονοι,</span> <span class='ocrx_word' id='word_1_566' title='bbox 1283 4136 1379 4189; x_wconf 84' lang='grc' dir='ltr'>καὶ</span> <span class='ocrx_word' id='word_1_567' title='bbox 1407 4136 1725 4208; x_wconf 83' lang='grc' dir='ltr'>χαρίσματα</span> 
     </span>
    </p>
   </div>
   <div class='ocr_carea' id='block_1_73' title="bbox 136 4224 1723 4299">
    <p class='ocr_par' dir='ltr' id='par_1_73' title="bbox 136 4224 1723 4299">
     <span class='ocr_line' id='line_1_73' title="bbox 136 4224 1723 4299; baseline 0.001 -17"><span class='ocrx_word' id='word_1_568' title='bbox 136 4225 485 4299; x_wconf 66' lang='grc' dir='ltr'><strong>Ιπνευματικὰ</strong></span> <span class='ocrx_word' id='word_1_569' title='bbox 512 4224 857 4288; x_wconf 75' lang='grc' dir='ltr'>λαθόντες,οί</span> <span class='ocrx_word' id='word_1_570' title='bbox 891 4224 990 4294; x_wconf 72' lang='grc' dir='ltr'>μιν</span> <span class='ocrx_word' id='word_1_571' title='bbox 1022 4224 1272 4296; x_wconf 76' lang='grc' dir='ltr'>μείζονα,</span> <span class='ocrx_word' id='word_1_572' title='bbox 1287 4228 1337 4279; x_wconf 80' lang='grc' dir='ltr'>οἱ</span> <span class='ocrx_word' id='word_1_573' title='bbox 1356 4226 1413 4280; x_wconf 75' lang='grc' dir='ltr'><strong>δέ</strong></span> <span class='ocrx_word' id='word_1_574' title='bbox 1441 4226 1723 4296; x_wconf 81' lang='grc' dir='ltr'>ἐλάττονα,</span> 
     </span>
    </p>
   </div>
   <div class='ocr_carea' id='block_1_74' title="bbox 136 4315 1727 4389">
    <p class='ocr_par' dir='ltr' id='par_1_74' title="bbox 136 4315 1727 4389">
     <span class='ocr_line' id='line_1_74' title="bbox 136 4315 1727 4389; baseline 0.003 -17"><span class='ocrx_word' id='word_1_575' title='bbox 136 4320 358 4381; x_wconf 72' lang='grc' dir='ltr'>ἔκαστος</span> <span class='ocrx_word' id='word_1_576' title='bbox 386 4316 533 4370; x_wconf 81' lang='grc' dir='ltr'>κατὰ</span> <span class='ocrx_word' id='word_1_577' title='bbox 568 4315 668 4389; x_wconf 76' lang='grc' dir='ltr'><strong>τὴν</strong></span> <span class='ocrx_word' id='word_1_578' title='bbox 708 4315 847 4370; x_wconf 88' lang='grc' dir='ltr'>ίδίαν</span> <span class='ocrx_word' id='word_1_579' title='bbox 870 4315 1129 4387; x_wconf 84' lang='grc' dir='ltr'>δύναμιν,</span> <span class='ocrx_word' id='word_1_580' title='bbox 1173 4317 1448 4385; x_wconf 67' lang='grc' dir='ltr'>τουτέστι,</span> <span class='ocrx_word' id='word_1_581' title='bbox 1482 4319 1625 4376; x_wconf 70' lang='grc' dir='ltr'>κατὰ</span> <span class='ocrx_word' id='word_1_582' title='bbox 1664 4322 1727 4377; x_wconf 78' lang='grc' dir='ltr'>τὸ</span> 
     </span>
    </p>
   </div>
   <div class='ocr_carea' id='block_1_75' title="bbox 139 4405 1727 4483">
    <p class='ocr_par' dir='ltr' id='par_1_75' title="bbox 139 4405 1727 4483">
     <span class='ocr_line' id='line_1_75' title="bbox 139 4405 1727 4483; baseline 0.001 -20"><span class='ocrx_word' id='word_1_583' title='bbox 139 4412 333 4482; x_wconf 77' lang='grc' dir='ltr'>μίτρον</span> <span class='ocrx_word' id='word_1_584' title='bbox 366 4410 469 4479; x_wconf 78' lang='grc' dir='ltr'>τῆς</span> <span class='ocrx_word' id='word_1_585' title='bbox 500 4407 737 4469; x_wconf 80' lang='grc' dir='ltr'>πίστεως</span> <span class='ocrx_word' id='word_1_586' title='bbox 764 4405 972 4476; x_wconf 74' lang='grc' dir='ltr'>καὶτῆς</span> <span class='ocrx_word' id='word_1_587' title='bbox 1001 4406 1350 4477; x_wconf 80' lang='grc' dir='ltr'>καθάροεως.</span> <span class='ocrx_word' id='word_1_588' title='bbox 1392 4409 1481 4463; x_wconf 84' lang='lat' dir='ltr'><strong>&#39;Ev</strong></span> <span class='ocrx_word' id='word_1_589' title='bbox 1510 4411 1621 4483; x_wconf 82' lang='grc' dir='ltr'>γὰρ</span> <span class='ocrx_word' id='word_1_590' title='bbox 1647 4410 1727 4481; x_wconf 81' lang='grc' dir='ltr'>τῷ</span> 
     </span>
    </p>
   </div>
   <div class='ocr_carea' id='block_1_76' title="bbox 136 4494 1722 4575">
    <p class='ocr_par' dir='ltr' id='par_1_76' title="bbox 136 4494 1722 4575">
     <span class='ocr_line' id='line_1_76' title="bbox 136 4494 1722 4575; baseline 0.001 -18"><span class='ocrx_word' id='word_1_591' title='bbox 136 4503 340 4574; x_wconf 75' lang='grc' dir='ltr'>ἀγγείῳ</span> <span class='ocrx_word' id='word_1_592' title='bbox 371 4494 419 4568; x_wconf 79' lang='grc' dir='ltr'>ᾧ</span> <span class='ocrx_word' id='word_1_593' title='bbox 447 4498 604 4554; x_wconf 84' lang='grc' dir='ltr'>δώσω</span> <span class='ocrx_word' id='word_1_594' title='bbox 627 4499 739 4570; x_wconf 74' lang='grc' dir='ltr'>ἐγὼ</span> <span class='ocrx_word' id='word_1_595' title='bbox 757 4498 837 4571; x_wconf 79' lang='grc' dir='ltr'>τῷ</span> <span class='ocrx_word' id='word_1_596' title='bbox 855 4497 995 4570; x_wconf 82' lang='grc' dir='ltr'>Θεῷ,</span> <span class='ocrx_word' id='word_1_597' title='bbox 1029 4502 1089 4553; x_wconf 80' lang='grc' dir='ltr'><strong>ἐν</strong></span> <span class='ocrx_word' id='word_1_598' title='bbox 1120 4500 1316 4572; x_wconf 84' lang='grc' dir='ltr'>ἐκείνῳ</span> <span class='ocrx_word' id='word_1_599' title='bbox 1349 4503 1602 4557; x_wconf 77' lang='grc' dir='ltr'>ἐπιδαλεῖ</span> <span class='ocrx_word' id='word_1_600' title='bbox 1628 4521 1722 4575; x_wconf 90' lang='grc' dir='ltr'><strong>μοι</strong></span> 
     </span>
    </p>
   </div>
   <div class='ocr_carea' id='block_1_77' title="bbox 1824 3293 3428 3369">
    <p class='ocr_par' dir='ltr' id='par_1_77' title="bbox 1824 3293 3428 3369">
     <span class='ocr_line' id='line_1_77' title="bbox 1824 3293 3428 3369; baseline -0.002 -18"><span class='ocrx_word' id='word_1_601' title='bbox 1824 3296 1979 3369; x_wconf 90' lang='lat' dir='ltr'><strong>ponit</strong></span> <span class='ocrx_word' id='word_1_602' title='bbox 2015 3297 2283 3351; x_wconf 90' lang='lat' dir='ltr'><strong>rationem</strong></span> <span class='ocrx_word' id='word_1_603' title='bbox 2311 3311 2435 3352; x_wconf 90' lang='lat' dir='ltr'><strong>cum</strong></span> <span class='ocrx_word' id='word_1_604' title='bbox 2492 3295 2595 3353; x_wconf 88' lang='lat' dir='ltr'><strong>eis.</strong></span> <span class='ocrx_word' id='word_1_605' title='bbox 2622 3313 2643 3348; x_wconf 76' lang='grc' dir='ltr'><strong>ι</strong></span> <span class='ocrx_word' id='word_1_606' title='bbox 2672 3293 2808 3352; x_wconf 90' lang='lat' dir='ltr'><strong>Cum</strong></span> <span class='ocrx_word' id='word_1_607' title='bbox 2837 3295 3069 3352; x_wconf 80' lang='lat' dir='ltr'><strong>dixisset</strong></span> <span class='ocrx_word' id='word_1_608' title='bbox 3092 3308 3256 3365; x_wconf 87' lang='lat' dir='ltr'><strong>supra</strong></span> <span class='ocrx_word' id='word_1_609' title='bbox 3282 3295 3428 3364; x_wconf 89' lang='lat' dir='ltr'><strong>quod</strong></span> 
     </span>
    </p>
   </div>
   <div class='ocr_carea' id='block_1_78' title="bbox 1826 3387 3429 3463">
    <p class='ocr_par' dir='ltr' id='par_1_78' title="bbox 1826 3387 3429 3463">
     <span class='ocr_line' id='line_1_78' title="bbox 1826 3387 3429 3463; baseline 0.001 -21"><span class='ocrx_word' id='word_1_610' title='bbox 1826 3387 2103 3444; x_wconf 84' lang='lat' dir='ltr'><strong>nesciatur</strong></span> <span class='ocrx_word' id='word_1_611' title='bbox 2122 3387 2240 3443; x_wconf 87' lang='lat' dir='ltr'><strong>dies</strong></span> <span class='ocrx_word' id='word_1_612' title='bbox 2263 3388 2481 3458; x_wconf 85' lang='lat' dir='ltr'><strong>quando</strong></span> <span class='ocrx_word' id='word_1_613' title='bbox 2508 3390 2773 3445; x_wconf 81' lang='lat' dir='ltr'><strong>venturus</strong></span> <span class='ocrx_word' id='word_1_614' title='bbox 2794 3388 2866 3445; x_wconf 90' lang='lat' dir='ltr'><strong>sit</strong></span> <span class='ocrx_word' id='word_1_615' title='bbox 2885 3387 3177 3463; x_wconf 80' lang='lat' dir='ltr'><strong>Dominus,</strong></span> <span class='ocrx_word' id='word_1_616' title='bbox 3203 3388 3429 3460; x_wconf 73' lang='lat' dir='ltr'><strong>apponit</strong></span> 
     </span>
    </p>
   </div>
   <div class='ocr_carea' id='block_1_79' title="bbox 1823 3478 3426 3553">
    <p class='ocr_par' dir='ltr' id='par_1_79' title="bbox 1823 3478 3426 3553">
     <span class='ocr_line' id='line_1_79' title="bbox 1823 3478 3426 3553; baseline 0.001 -19"><span class='ocrx_word' id='word_1_617' title='bbox 1823 3488 1879 3534; x_wconf 92' lang='lat' dir='ltr'><strong>et</strong></span> <span class='ocrx_word' id='word_1_618' title='bbox 1909 3478 2220 3549; x_wconf 88' lang='lat' dir='ltr'><strong>parabolam</strong></span> <span class='ocrx_word' id='word_1_619' title='bbox 2256 3479 2419 3545; x_wconf 86' lang='lat' dir='ltr'><strong>hanc,</strong></span> <span class='ocrx_word' id='word_1_620' title='bbox 2452 3480 2755 3539; x_wconf 85' lang='lat' dir='ltr'><strong>ostendens</strong></span> <span class='ocrx_word' id='word_1_621' title='bbox 2785 3481 2932 3552; x_wconf 88' lang='lat' dir='ltr'><strong>quod</strong></span> <span class='ocrx_word' id='word_1_622' title='bbox 2969 3488 3193 3553; x_wconf 88' lang='lat' dir='ltr'><strong>repente</strong></span> <span class='ocrx_word' id='word_1_623' title='bbox 3228 3490 3426 3536; x_wconf 81' lang='lat' dir='ltr'><strong>ventu-</strong></span> 
     </span>
    </p>
   </div>
   <div class='ocr_carea' id='block_1_80' title="bbox 1827 3569 3426 3646">
    <p class='ocr_par' dir='ltr' id='par_1_80' title="bbox 1827 3569 3426 3646">
     <span class='ocr_line' id='line_1_80' title="bbox 1827 3569 3426 3646; baseline 0.002 -21"><span class='ocrx_word' id='word_1_624' title='bbox 1827 3585 1921 3625; x_wconf 88' lang='lat' dir='ltr'><strong>rus</strong></span> <span class='ocrx_word' id='word_1_625' title='bbox 1950 3572 2044 3627; x_wconf 87' lang='lat' dir='ltr'><strong>sit.</strong></span> <span class='ocrx_word' id='word_1_626' title='bbox 2085 3569 2241 3628; x_wconf 87' lang='lat' dir='ltr'><strong>Sicut</strong></span> <span class='ocrx_word' id='word_1_627' title='bbox 2272 3573 2418 3627; x_wconf 88' lang='lat' dir='ltr'><strong>enim</strong></span> <span class='ocrx_word' id='word_1_628' title='bbox 2450 3571 2619 3630; x_wconf 85' lang='lat' dir='ltr'><strong>homo</strong></span> <span class='ocrx_word' id='word_1_629' title='bbox 2664 3586 2896 3645; x_wconf 80' lang='lat' dir='ltr'><strong>peregre</strong></span> <span class='ocrx_word' id='word_1_630' title='bbox 2922 3572 3312 3646; x_wconf 75' lang='lat' dir='ltr'><strong>proﬁciscens,</strong></span> <span class='ocrx_word' id='word_1_631' title='bbox 3347 3573 3426 3628; x_wconf 90' lang='lat' dir='ltr'><strong>ita</strong></span> 
     </span>
    </p>
   </div>
   <div class='ocr_carea' id='block_1_81' title="bbox 1824 3662 3423 3739">
    <p class='ocr_par' dir='ltr' id='par_1_81' title="bbox 1824 3662 3423 3739">
     <span class='ocr_line' id='line_1_81' title="bbox 1824 3662 3423 3739; baseline 0.001 -20"><span class='ocrx_word' id='word_1_632' title='bbox 1824 3675 1882 3719; x_wconf 92' lang='lat' dir='ltr'><strong>et</strong></span> <span class='ocrx_word' id='word_1_633' title='bbox 1907 3662 2166 3721; x_wconf 90' lang='lat' dir='ltr'><strong>dominus</strong></span> <span class='ocrx_word' id='word_1_634' title='bbox 2201 3664 2425 3721; x_wconf 86' lang='lat' dir='ltr'><strong>vocavit</strong></span> <span class='ocrx_word' id='word_1_635' title='bbox 2466 3679 2660 3721; x_wconf 82' lang='lat' dir='ltr'><strong>servos</strong></span> <span class='ocrx_word' id='word_1_636' title='bbox 2686 3678 2815 3722; x_wconf 85' lang='lat' dir='ltr'><strong>suos</strong></span> <span class='ocrx_word' id='word_1_637' title='bbox 2855 3672 2911 3722; x_wconf 89' lang='lat' dir='ltr'><strong>et</strong></span> <span class='ocrx_word' id='word_1_638' title='bbox 2951 3666 3072 3723; x_wconf 75' lang='lat' dir='ltr'><strong>hzec</strong></span> <span class='ocrx_word' id='word_1_639' title='bbox 3116 3674 3282 3739; x_wconf 90' lang='lat' dir='ltr'><strong>atque</strong></span> <span class='ocrx_word' id='word_1_640' title='bbox 3317 3667 3423 3722; x_wconf 87' lang='lat' dir='ltr'><strong>ista</strong></span> 
     </span>
    </p>
   </div>
   <div class='ocr_carea' id='block_1_82' title="bbox 1826 3754 3422 3829">
    <p class='ocr_par' dir='ltr' id='par_1_82' title="bbox 1826 3754 3422 3829">
     <span class='ocr_line' id='line_1_82' title="bbox 1826 3754 3422 3829; baseline -0.001 -17"><span class='ocrx_word' id='word_1_641' title='bbox 1826 3755 2123 3812; x_wconf 75' lang='lat' dir='ltr'><strong>commisit.</strong></span> <span class='ocrx_word' id='word_1_642' title='bbox 2178 3754 2415 3828; x_wconf 85' lang='lat' dir='ltr'><strong>Peregre</strong></span> <span class='ocrx_word' id='word_1_643' title='bbox 2450 3765 2650 3811; x_wconf 88' lang='lat' dir='ltr'><strong>.autem</strong></span> <span class='ocrx_word' id='word_1_644' title='bbox 2704 3755 2980 3827; x_wconf 76' lang='lat' dir='ltr'><strong>proﬁcisci</strong></span> <span class='ocrx_word' id='word_1_645' title='bbox 3036 3754 3274 3823; x_wconf 77' lang='lat' dir='ltr'><strong>dicitur,</strong></span> <span class='ocrx_word' id='word_1_646' title='bbox 3325 3757 3422 3829; x_wconf 88' lang='lat' dir='ltr'><strong>qui</strong></span> 
     </span>
    </p>
   </div>
   <div class='ocr_carea' id='block_1_83' title="bbox 1826 3838 3421 3925">
    <p class='ocr_par' dir='ltr' id='par_1_83' title="bbox 1826 3838 3421 3925">
     <span class='ocr_line' id='line_1_83' title="bbox 1826 3838 3421 3925; baseline -0.001 -17"><span class='ocrx_word' id='word_1_647' title='bbox 1826 3864 2050 3925; x_wconf 88' lang='lat' dir='ltr'><strong>propter</strong></span> <span class='ocrx_word' id='word_1_648' title='bbox 2085 3868 2184 3910; x_wconf 84' lang='lat' dir='ltr'><strong>nos</strong></span> <span class='ocrx_word' id='word_1_649' title='bbox 2222 3852 2397 3910; x_wconf 79' lang='lat' dir='ltr'><strong>[actus</strong></span> <span class='ocrx_word' id='word_1_650' title='bbox 2434 3861 2520 3908; x_wconf 90' lang='lat' dir='ltr'><strong>est</strong></span> <span class='ocrx_word' id='word_1_651' title='bbox 2561 3852 2729 3909; x_wconf 88' lang='lat' dir='ltr'><strong>homo</strong></span> <span class='ocrx_word' id='word_1_652' title='bbox 2770 3838 3059 3919; x_wconf 84' lang='lat' dir='ltr'><strong>Christus,</strong></span> <span class='ocrx_word' id='word_1_653' title='bbox 3099 3852 3184 3907; x_wconf 85' lang='lat' dir='ltr'><strong>vel</strong></span> <span class='ocrx_word' id='word_1_654' title='bbox 3217 3867 3421 3911; x_wconf 85' lang='lat' dir='ltr'><strong>secun-</strong></span> 
     </span>
    </p>
   </div>
   <div class='ocr_carea' id='block_1_84' title="bbox 1827 3941 3425 4016">
    <p class='ocr_par' dir='ltr' id='par_1_84' title="bbox 1827 3941 3425 4016">
     <span class='ocr_line' id='line_1_84' title="bbox 1827 3941 3425 4016; baseline 0 -17"><span class='ocrx_word' id='word_1_655' title='bbox 1827 3944 1956 4001; x_wconf 89' lang='lat' dir='ltr'><strong>dum</strong></span> <span class='ocrx_word' id='word_1_656' title='bbox 2005 3942 2149 4014; x_wconf 89' lang='lat' dir='ltr'><strong>quod</strong></span> <span class='ocrx_word' id='word_1_657' title='bbox 2190 3943 2440 4000; x_wconf 84' lang='lat' dir='ltr'><strong>ascendit</strong></span> <span class='ocrx_word' id='word_1_658' title='bbox 2477 3942 2533 4000; x_wconf 88' lang='lat' dir='ltr'><strong>in</strong></span> <span class='ocrx_word' id='word_1_659' title='bbox 2576 3943 2784 4014; x_wconf 79' lang='lat' dir='ltr'><strong>ctelos,</strong></span> <span class='ocrx_word' id='word_1_660' title='bbox 2810 3941 2896 3999; x_wconf 84' lang='lat' dir='ltr'><strong>vei</strong></span> <span class='ocrx_word' id='word_1_661' title='bbox 2938 3942 3240 4001; x_wconf 86' lang='lat' dir='ltr'><strong>secundum</strong></span> <span class='ocrx_word' id='word_1_662' title='bbox 3278 3944 3425 4016; x_wconf 85' lang='lat' dir='ltr'><strong>quod</strong></span> 
     </span>
    </p>
   </div>
   <div class='ocr_carea' id='block_1_85' title="bbox 1828 4034 3426 4109">
    <p class='ocr_par' dir='ltr' id='par_1_85' title="bbox 1828 4034 3426 4109">
     <span class='ocr_line' id='line_1_85' title="bbox 1828 4034 3426 4109; baseline 0 -16"><span class='ocrx_word' id='word_1_663' title='bbox 1828 4036 2156 4109; x_wconf 88' lang='lat' dir='ltr'><strong>longanimis</strong></span> <span class='ocrx_word' id='word_1_664' title='bbox 2186 4045 2273 4094; x_wconf 88' lang='lat' dir='ltr'><strong>est</strong></span> <span class='ocrx_word' id='word_1_665' title='bbox 2308 4045 2367 4093; x_wconf 90' lang='lat' dir='ltr'><strong>et</strong></span> <span class='ocrx_word' id='word_1_666' title='bbox 2402 4051 2511 4093; x_wconf 91' lang='lat' dir='ltr'><strong>non</strong></span> <span class='ocrx_word' id='word_1_667' title='bbox 2554 4037 2741 4093; x_wconf 81' lang='lat' dir='ltr'><strong>statim</strong></span> <span class='ocrx_word' id='word_1_668' title='bbox 2776 4034 2949 4107; x_wconf 73' lang='lat' dir='ltr'><strong>exigit</strong></span> <span class='ocrx_word' id='word_1_669' title='bbox 2984 4049 3147 4107; x_wconf 88' lang='lat' dir='ltr'><strong>opus,</strong></span> <span class='ocrx_word' id='word_1_670' title='bbox 3182 4035 3281 4092; x_wconf 82' lang='lat' dir='ltr'><strong>sed</strong></span> <span class='ocrx_word' id='word_1_671' title='bbox 3322 4050 3426 4093; x_wconf 78' lang='lat' dir='ltr'><strong>ex-</strong></span> 
     </span>
    </p>
   </div>
   <div class='ocr_carea' id='block_1_86' title="bbox 1828 4127 3425 4203">
    <p class='ocr_par' dir='ltr' id='par_1_86' title="bbox 1828 4127 3425 4203">
     <span class='ocr_line' id='line_1_86' title="bbox 1828 4127 3425 4203; baseline 0 -18"><span class='ocrx_word' id='word_1_672' title='bbox 1828 4139 2061 4203; x_wconf 88' lang='lat' dir='ltr'><strong>spectat.</strong></span> <span class='ocrx_word' id='word_1_673' title='bbox 2096 4128 2255 4185; x_wconf 75' lang='lat' dir='ltr'><strong>Servi</strong></span> <span class='ocrx_word' id='word_1_674' title='bbox 2292 4138 2476 4186; x_wconf 89' lang='lat' dir='ltr'><strong>autem</strong></span> <span class='ocrx_word' id='word_1_675' title='bbox 2511 4128 2659 4187; x_wconf 88' lang='lat' dir='ltr'><strong>illius</strong></span> <span class='ocrx_word' id='word_1_676' title='bbox 2704 4128 2908 4199; x_wconf 87' lang='lat' dir='ltr'><strong>quibus</strong></span> <span class='ocrx_word' id='word_1_677' title='bbox 2937 4127 3310 4186; x_wconf 83' lang='lat' dir='ltr'><strong>concreditum</strong></span> <span class='ocrx_word' id='word_1_678' title='bbox 3337 4136 3425 4185; x_wconf 81' lang='lat' dir='ltr'><strong>ess</strong></span> 
     </span>
    </p>
   </div>
   <div class='ocr_carea' id='block_1_87' title="bbox 1830 4220 3421 4293">
    <p class='ocr_par' dir='ltr' id='par_1_87' title="bbox 1830 4220 3421 4293">
     <span class='ocr_line' id='line_1_87' title="bbox 1830 4220 3421 4293; baseline 0.001 -16"><span class='ocrx_word' id='word_1_679' title='bbox 1830 4221 2103 4279; x_wconf 87' lang='lat' dir='ltr'><strong>sermonis</strong></span> <span class='ocrx_word' id='word_1_680' title='bbox 2161 4221 2566 4286; x_wconf 86' lang='lat' dir='ltr'><strong>ministerium,</strong></span> <span class='ocrx_word' id='word_1_681' title='bbox 2623 4228 2687 4277; x_wconf 84' lang='lat' dir='ltr'><strong>ut</strong></span> <span class='ocrx_word' id='word_1_682' title='bbox 2732 4220 3025 4293; x_wconf 75' lang='lat' dir='ltr'><strong>episcopi,</strong></span> <span class='ocrx_word' id='word_1_683' title='bbox 3073 4220 3421 4289; x_wconf 84' lang='lat' dir='ltr'><strong>sacerdotes,</strong></span> 
     </span>
    </p>
   </div>
   <div class='ocr_carea' id='block_1_88' title="bbox 1828 4311 3420 4393">
    <p class='ocr_par' dir='ltr' id='par_1_88' title="bbox 1828 4311 3420 4393">
     <span class='ocr_line' id='line_1_88' title="bbox 1828 4311 3420 4393; baseline -0.003 -21"><span class='ocrx_word' id='word_1_684' title='bbox 1828 4316 2041 4373; x_wconf 89' lang='lat' dir='ltr'><strong>diaconi</strong></span> <span class='ocrx_word' id='word_1_685' title='bbox 2070 4323 2124 4371; x_wconf 88' lang='lat' dir='ltr'><strong>et</strong></span> <span class='ocrx_word' id='word_1_686' title='bbox 2155 4314 2465 4393; x_wconf 69' lang='lat' dir='ltr'><strong>spiritualia</strong></span> <span class='ocrx_word' id='word_1_687' title='bbox 2508 4314 2651 4371; x_wconf 83' lang='lat' dir='ltr'><strong>dona</strong></span> <span class='ocrx_word' id='word_1_688' title='bbox 2676 4312 3049 4385; x_wconf 78' lang='lat' dir='ltr'><strong>accipientes:</strong></span> <span class='ocrx_word' id='word_1_689' title='bbox 3091 4311 3169 4368; x_wconf 82' lang='lat' dir='ltr'><strong>illi</strong></span> <span class='ocrx_word' id='word_1_690' title='bbox 3197 4313 3420 4384; x_wconf 82' lang='lat' dir='ltr'><strong>quidem</strong></span> 
     </span>
    </p>
   </div>
   <div class='ocr_carea' id='block_1_89' title="bbox 1827 4402 3423 4486">
    <p class='ocr_par' dir='ltr' id='par_1_89' title="bbox 1827 4402 3423 4486">
     <span class='ocr_line' id='line_1_89' title="bbox 1827 4402 3423 4486; baseline -0.001 -25"><span class='ocrx_word' id='word_1_691' title='bbox 1827 4407 2004 4480; x_wconf 89' lang='lat' dir='ltr'><strong>plura,</strong></span> <span class='ocrx_word' id='word_1_692' title='bbox 2032 4407 2088 4463; x_wconf 88' lang='lat' dir='ltr'><strong>hi</strong></span> <span class='ocrx_word' id='word_1_693' title='bbox 2120 4420 2252 4463; x_wconf 89' lang='lat' dir='ltr'><strong>vero</strong></span> <span class='ocrx_word' id='word_1_694' title='bbox 2278 4406 2516 4471; x_wconf 89' lang='lat' dir='ltr'><strong>minora,</strong></span> <span class='ocrx_word' id='word_1_695' title='bbox 2553 4402 2931 4475; x_wconf 83' lang='lat' dir='ltr'><strong>unusquisque</strong></span> <span class='ocrx_word' id='word_1_696' title='bbox 2955 4403 3257 4486; x_wconf 76' lang='lat' dir='ltr'><strong>secundum</strong></span> <span class='ocrx_word' id='word_1_697' title='bbox 3288 4417 3423 4474; x_wconf 85' lang='lat' dir='ltr'><strong>pro-</strong></span> 
     </span>
    </p>
   </div>
   <div class='ocr_carea' id='block_1_90' title="bbox 1828 4497 3422 4571">
    <p class='ocr_par' dir='ltr' id='par_1_90' title="bbox 1828 4497 3422 4571">
     <span class='ocr_line' id='line_1_90' title="bbox 1828 4497 3422 4571; baseline -0.003 -16"><span class='ocrx_word' id='word_1_698' title='bbox 1828 4500 2003 4571; x_wconf 86' lang='lat' dir='ltr'><strong>priam</strong></span> <span class='ocrx_word' id='word_1_699' title='bbox 2045 4498 2392 4567; x_wconf 73' lang='lat' dir='ltr'><strong>facultatem,</strong></span> <span class='ocrx_word' id='word_1_700' title='bbox 2443 4497 2549 4554; x_wconf 88' lang='lat' dir='ltr'><strong>hoc</strong></span> <span class='ocrx_word' id='word_1_701' title='bbox 2592 4506 2708 4564; x_wconf 88' lang='lat' dir='ltr'><strong>est,</strong></span> <span class='ocrx_word' id='word_1_702' title='bbox 2752 4497 3054 4554; x_wconf 85' lang='lat' dir='ltr'><strong>secundum</strong></span> <span class='ocrx_word' id='word_1_703' title='bbox 3104 4510 3422 4552; x_wconf 82' lang='lat' dir='ltr'><strong>mensuram</strong></span> 
     </span>
    </p>
   </div>
   <div class='ocr_carea' id='block_1_91' title="bbox 134 4585 1722 4667">
    <p class='ocr_par' dir='ltr' id='par_1_91' title="bbox 134 4591 1719 4667">
     <span class='ocr_line' id='line_1_91' title="bbox 134 4591 1719 4667; baseline 0.002 -19"><span class='ocrx_word' id='word_1_704' title='bbox 134 4596 226 4667; x_wconf 74' lang='grc' dir='ltr'>τὴν</span> <span class='ocrx_word' id='word_1_705' title='bbox 250 4594 470 4667; x_wconf 81' lang='grc' dir='ltr'>δωρεὰν</span> <span class='ocrx_word' id='word_1_706' title='bbox 488 4591 686 4646; x_wconf 77' lang='grc' dir='ltr'>αὐτοῦ·</span> <span class='ocrx_word' id='word_1_707' title='bbox 717 4593 768 4646; x_wconf 83' lang='grc' dir='ltr'><strong>εί</strong></span> <span class='ocrx_word' id='word_1_708' title='bbox 801 4593 998 4664; x_wconf 78' lang='grc' dir='ltr'>μικρὸν</span> <span class='ocrx_word' id='word_1_709' title='bbox 1017 4592 1196 4661; x_wconf 89' lang='grc' dir='ltr'>δώσω,</span> <span class='ocrx_word' id='word_1_710' title='bbox 1225 4594 1437 4664; x_wconf 81' lang='grc' dir='ltr'>ὀλίγην,</span> <span class='ocrx_word' id='word_1_711' title='bbox 1472 4594 1520 4648; x_wconf 83' lang='grc' dir='ltr'><strong>εί</strong></span> <span class='ocrx_word' id='word_1_712' title='bbox 1553 4595 1719 4666; x_wconf 79' lang='grc' dir='ltr'>μέγα,</span> 
     </span>
    </p>
   </div>
   <div class='ocr_carea' id='block_1_92' title="bbox 1829 4585 3423 4667">
    <p class='ocr_par' dir='ltr' id='par_1_92' title="bbox 1829 4586 3423 4661">
     <span class='ocr_line' id='line_1_92' title="bbox 1829 4586 3423 4661; baseline -0.002 -14"><span class='ocrx_word' id='word_1_713' title='bbox 1829 4591 1953 4647; x_wconf 83' lang='lat' dir='ltr'><strong>iidei</strong></span> <span class='ocrx_word' id='word_1_714' title='bbox 1983 4599 2038 4646; x_wconf 89' lang='lat' dir='ltr'><strong>et</strong></span> <span class='ocrx_word' id='word_1_715' title='bbox 2063 4589 2478 4661; x_wconf 76' lang='lat' dir='ltr'><strong>puriﬁcationis.</strong></span> <span class='ocrx_word' id='word_1_716' title='bbox 2507 4586 2565 4645; x_wconf 90' lang='lat' dir='ltr'><strong>lu</strong></span> <span class='ocrx_word' id='word_1_717' title='bbox 2592 4604 2690 4645; x_wconf 90' lang='lat' dir='ltr'><strong>vas</strong></span> <span class='ocrx_word' id='word_1_718' title='bbox 2713 4589 2858 4646; x_wconf 87' lang='lat' dir='ltr'><strong>enim</strong></span> <span class='ocrx_word' id='word_1_719' title='bbox 2889 4588 3037 4660; x_wconf 86' lang='lat' dir='ltr'><strong>quod</strong></span> <span class='ocrx_word' id='word_1_720' title='bbox 3061 4601 3164 4659; x_wconf 84' lang='lat' dir='ltr'><strong>ego</strong></span> <span class='ocrx_word' id='word_1_721' title='bbox 3186 4590 3423 4645; x_wconf 75' lang='lat' dir='ltr'><strong>daer</strong></span> 
     </span>
    </p>
   </div>
   <div class='ocr_carea' id='block_1_93' title="bbox 137 4673 1717 4758">
    <p class='ocr_par' dir='ltr' id='par_1_93' title="bbox 137 4673 1717 4758">
     <span class='ocr_line' id='line_1_93' title="bbox 137 4673 1717 4758; baseline 0 -17"><span class='ocrx_word' id='word_1_722' title='bbox 137 4687 355 4758; x_wconf 66' lang='grc' dir='ltr'>πολλήν.</span> <span class='ocrx_word' id='word_1_723' title='bbox 412 4683 633 4748; x_wconf 76' lang='grc' dir='ltr'>Εὐθέως</span> <span class='ocrx_word' id='word_1_724' title='bbox 682 4682 741 4738; x_wconf 71' lang='grc' dir='ltr'>δε</span> <span class='ocrx_word' id='word_1_725' title='bbox 802 4684 833 4737; x_wconf 82' lang='grc' dir='ltr'><strong>δ</strong></span> <span class='ocrx_word' id='word_1_726' title='bbox 895 4685 965 4739; x_wconf 74' lang='grc' dir='ltr'>τὰ</span> <span class='ocrx_word' id='word_1_727' title='bbox 999 4682 1162 4739; x_wconf 74' lang='grc' dir='ltr'>πέντε</span> <span class='ocrx_word' id='word_1_728' title='bbox 1211 4685 1451 4740; x_wconf 85' lang='grc' dir='ltr'>τάλαντα</span> <span class='ocrx_word' id='word_1_729' title='bbox 1510 4673 1717 4753; x_wconf 71' lang='grc' dir='ltr'>λαϐὼν,</span> 
     </span>
    </p>
   </div>
   <div class='ocr_carea' id='block_1_94' title="bbox 135 4774 1721 4849">
    <p class='ocr_par' dir='ltr' id='par_1_94' title="bbox 135 4774 1721 4849">
     <span class='ocr_line' id='line_1_94' title="bbox 135 4774 1721 4849; baseline 0 -17"><span class='ocrx_word' id='word_1_730' title='bbox 135 4778 383 4832; x_wconf 68' lang='grc' dir='ltr'>ἀπελθὼν</span> <span class='ocrx_word' id='word_1_731' title='bbox 405 4775 723 4849; x_wconf 72' lang='grc' dir='ltr'>εἰργάσατο.</span> <span class='ocrx_word' id='word_1_732' title='bbox 748 4774 892 4847; x_wconf 78' lang='grc' dir='ltr'>Ὅρα</span> <span class='ocrx_word' id='word_1_733' title='bbox 912 4774 1012 4847; x_wconf 79' lang='grc' dir='ltr'><strong>τὴν</strong></span> <span class='ocrx_word' id='word_1_734' title='bbox 1036 4775 1350 4847; x_wconf 73' lang='grc' dir='ltr'>ἐντρᾶχειαν</span> <span class='ocrx_word' id='word_1_735' title='bbox 1380 4775 1569 4839; x_wconf 81' lang='grc' dir='ltr'>αὑτοῦ,</span> <span class='ocrx_word' id='word_1_736' title='bbox 1584 4820 1587 4824; x_wconf 91' lang='grc'>.</span> <span class='ocrx_word' id='word_1_737' title='bbox 1602 4778 1721 4843; x_wconf 82' lang='grc' dir='ltr'>πῶς</span> 
     </span>
    </p>
   </div>
   <div class='ocr_carea' id='block_1_95' title="bbox 135 4865 1721 4941">
    <p class='ocr_par' dir='ltr' id='par_1_95' title="bbox 135 4865 1721 4941">
     <span class='ocr_line' id='line_1_95' title="bbox 135 4865 1721 4941; baseline -0.001 -17"><span class='ocrx_word' id='word_1_738' title='bbox 135 4870 278 4924; x_wconf 60' lang='lat' dir='ltr'><strong>dictv</strong></span> <span class='ocrx_word' id='word_1_739' title='bbox 309 4869 615 4941; x_wconf 65' lang='grc' dir='ltr'>ἠμέλησεν,</span> <span class='ocrx_word' id='word_1_740' title='bbox 639 4865 756 4924; x_wconf 70' lang='grc' dir='ltr'>ἀλλ’</span> <span class='ocrx_word' id='word_1_741' title='bbox 773 4865 1317 4938; x_wconf 29' lang='grc' dir='ltr'>εὐθέως-εἰργάσατο,</span> <span class='ocrx_word' id='word_1_742' title='bbox 1344 4866 1721 4933; x_wconf 75' lang='grc' dir='ltr'>διπλασιάζων</span> 
     </span>
    </p>
   </div>
   <div class='ocr_carea' id='block_1_96' title="bbox 136 4955 1720 5033">
    <p class='ocr_par' dir='ltr' id='par_1_96' title="bbox 136 4955 1720 5033">
     <span class='ocr_line' id='line_1_96' title="bbox 136 4955 1720 5033; baseline -0.003 -18"><span class='ocrx_word' id='word_1_743' title='bbox 136 4962 397 5015; x_wconf 77' lang='grc' dir='ltr'>δελασεν.</span> <span class='ocrx_word' id='word_1_744' title='bbox 440 4959 505 5014; x_wconf 89' lang='lat'><strong>&#39;0</strong></span> <span class='ocrx_word' id='word_1_745' title='bbox 526 4959 634 5029; x_wconf 81' lang='grc' dir='ltr'>γὰρ</span> <span class='ocrx_word' id='word_1_746' title='bbox 667 4957 743 5033; x_wconf 74' lang='grc' dir='ltr'>μὴ</span> <span class='ocrx_word' id='word_1_747' title='bbox 779 4956 942 5027; x_wconf 79' lang='grc' dir='ltr'>μόνον</span> <span class='ocrx_word' id='word_1_748' title='bbox 973 4956 1167 5011; x_wconf 74' lang='grc' dir='ltr'>ἐαυτὸν</span> <span class='ocrx_word' id='word_1_749' title='bbox 1195 4955 1445 5027; x_wconf 80' lang='grc' dir='ltr'>ὠφελῶν,</span> <span class='ocrx_word' id='word_1_750' title='bbox 1481 4956 1592 5011; x_wconf 77' lang='grc' dir='ltr'>εἴτε</span> <span class='ocrx_word' id='word_1_751' title='bbox 1626 4956 1720 5011; x_wconf 79' lang='grc' dir='ltr'>λό-</span> 
     </span>
    </p>
   </div>
   <div class='ocr_carea' id='block_1_97' title="bbox 136 5048 1720 5124">
    <p class='ocr_par' dir='ltr' id='par_1_97' title="bbox 136 5048 1720 5124">
     <span class='ocr_line' id='line_1_97' title="bbox 136 5048 1720 5124; baseline -0.003 -16"><span class='ocrx_word' id='word_1_752' title='bbox 136 5071 224 5121; x_wconf 65' lang='grc' dir='ltr'><strong>γον</strong></span> <span class='ocrx_word' id='word_1_753' title='bbox 268 5054 405 5124; x_wconf 78' lang='grc' dir='ltr'>ιχοι,</span> <span class='ocrx_word' id='word_1_754' title='bbox 452 5051 573 5105; x_wconf 56' lang='grc' dir='ltr'>«εττε</span> <span class='ocrx_word' id='word_1_755' title='bbox 606 5048 863 5115; x_wconf 75' lang='grc' dir='ltr'>πλοῦτον,</span> <span class='ocrx_word' id='word_1_756' title='bbox 895 5049 1007 5103; x_wconf 74' lang='grc' dir='ltr'>εἴτε</span> <span class='ocrx_word' id='word_1_757' title='bbox 1035 5049 1356 5105; x_wconf 86' lang='grc' dir='ltr'>δυναστείαν</span> <span class='ocrx_word' id='word_1_758' title='bbox 1378 5049 1534 5120; x_wconf 78' lang='grc' dir='ltr'>παρὰ</span> <span class='ocrx_word' id='word_1_759' title='bbox 1564 5049 1720 5120; x_wconf 82' lang='grc' dir='ltr'>βασι-</span> 
     </span>
    </p>
   </div>
   <div class='ocr_carea' id='block_1_98' title="bbox 135 5132 1720 5213">
    <p class='ocr_par' dir='ltr' id='par_1_98' title="bbox 135 5132 1720 5213">
     <span class='ocr_line' id='line_1_98' title="bbox 135 5132 1720 5213; baseline -0.003 -18"><span class='ocrx_word' id='word_1_760' title='bbox 135 5132 332 5209; x_wconf 67' lang='grc' dir='ltr'>λεῦσιν,</span> <span class='ocrx_word' id='word_1_761' title='bbox 370 5142 490 5197; x_wconf 83' lang='grc' dir='ltr'>εῐτε</span> <span class='ocrx_word' id='word_1_762' title='bbox 525 5141 697 5213; x_wconf 78' lang='grc' dir='ltr'>ἄλλην</span> <span class='ocrx_word' id='word_1_763' title='bbox 740 5138 964 5193; x_wconf 81' lang='grc' dir='ltr'>οίανοῦν</span> <span class='ocrx_word' id='word_1_764' title='bbox 1007 5138 1239 5210; x_wconf 89' lang='grc' dir='ltr'>δύναμιν</span> <span class='ocrx_word' id='word_1_765' title='bbox 1269 5138 1303 5209; x_wconf 74' lang='grc' dir='ltr'>ἢ</span> <span class='ocrx_word' id='word_1_766' title='bbox 1335 5139 1555 5209; x_wconf 76' lang='grc' dir='ltr'>τέχνην,</span> <span class='ocrx_word' id='word_1_767' title='bbox 1580 5136 1720 5192; x_wconf 71' lang='grc' dir='ltr'>ἀλλὰ</span> 
     </span>
    </p>
   </div>
   <div class='ocr_carea' id='block_1_99' title="bbox 136 5224 1719 5306">
    <p class='ocr_par' dir='ltr' id='par_1_99' title="bbox 136 5224 1719 5306">
     <span class='ocr_line' id='line_1_99' title="bbox 136 5224 1719 5306; baseline -0.002 -19"><span class='ocrx_word' id='word_1_768' title='bbox 136 5238 223 5304; x_wconf 73' lang='grc' dir='ltr'><strong>καὶ</strong></span> <span class='ocrx_word' id='word_1_769' title='bbox 243 5224 475 5306; x_wconf 67' lang='grc' dir='ltr'>ἐτέρους</span> <span class='ocrx_word' id='word_1_770' title='bbox 500 5232 674 5287; x_wconf 75' lang='grc' dir='ltr'>θέλων</span> <span class='ocrx_word' id='word_1_771' title='bbox 698 5232 955 5302; x_wconf 77' lang='grc' dir='ltr'>ὠφελεῖν,</span> <span class='ocrx_word' id='word_1_772' title='bbox 989 5231 1019 5284; x_wconf 84' lang='grc' dir='ltr'><strong>δ</strong></span> <span class='ocrx_word' id='word_1_773' title='bbox 1072 5230 1315 5294; x_wconf 80' lang='grc' dir='ltr'>τοιοῦτος</span> <span class='ocrx_word' id='word_1_774' title='bbox 1366 5230 1719 5297; x_wconf 77' lang='grc' dir='ltr'>διπλασιάζει</span> 
     </span>
    </p>
   </div>
   <div class='ocr_carea' id='block_1_100' title="bbox 136 5322 1718 5397">
    <p class='ocr_par' dir='ltr' id='par_1_100' title="bbox 136 5322 1718 5397">
     <span class='ocr_line' id='line_1_100' title="bbox 136 5322 1718 5397; baseline -0.003 -14"><span class='ocrx_word' id='word_1_775' title='bbox 136 5331 190 5383; x_wconf 78' lang='grc' dir='ltr'><strong>τὺ</strong></span> <span class='ocrx_word' id='word_1_776' title='bbox 210 5329 366 5383; x_wconf 64' lang='grc' dir='ltr'>δοθὲν</span> <span class='ocrx_word' id='word_1_777' title='bbox 395 5324 643 5397; x_wconf 56' lang='grc' dir='ltr'>αὐτιῖκὍ</span> <span class='ocrx_word' id='word_1_778' title='bbox 671 5324 729 5379; x_wconf 66' lang='lat' dir='ltr'><strong>ss</strong></span> <span class='ocrx_word' id='word_1_779' title='bbox 760 5322 946 5394; x_wconf 77' lang='grc' dir='ltr'>χώσας</span> <span class='ocrx_word' id='word_1_780' title='bbox 975 5322 1039 5377; x_wconf 77' lang='grc' dir='ltr'>τὸ</span> <span class='ocrx_word' id='word_1_781' title='bbox 1068 5324 1354 5391; x_wconf 87' lang='grc' dir='ltr'>τάλαντον,</span> <span class='ocrx_word' id='word_1_782' title='bbox 1384 5325 1537 5377; x_wconf 75' lang='grc' dir='ltr'>ἐστὶν</span> <span class='ocrx_word' id='word_1_783' title='bbox 1557 5325 1586 5378; x_wconf 83' lang='grc' dir='ltr'><strong>δ</strong></span> <span class='ocrx_word' id='word_1_784' title='bbox 1616 5322 1718 5394; x_wconf 74' lang='grc' dir='ltr'>τῆς</span> 
     </span>
    </p>
   </div>
   <div class='ocr_carea' id='block_1_101' title="bbox 137 5414 1721 5491">
    <p class='ocr_par' dir='ltr' id='par_1_101' title="bbox 137 5414 1721 5491">
     <span class='ocr_line' id='line_1_101' title="bbox 137 5414 1721 5491; baseline -0.002 -18"><span class='ocrx_word' id='word_1_785' title='bbox 137 5421 263 5491; x_wconf 67' lang='grc' dir='ltr'>ιδίας</span> <span class='ocrx_word' id='word_1_786' title='bbox 289 5419 455 5491; x_wconf 80' lang='grc' dir='ltr'>μόνον</span> <span class='ocrx_word' id='word_1_787' title='bbox 488 5416 759 5487; x_wconf 81' lang='grc' dir='ltr'>ὠφελείας</span> <span class='ocrx_word' id='word_1_788' title='bbox 789 5415 1115 5487; x_wconf 76' lang='grc' dir='ltr'>φροντίζων,</span> <span class='ocrx_word' id='word_1_789' title='bbox 1141 5416 1237 5471; x_wconf 57' lang='grc' dir='ltr'><strong>καὶ⁵</strong></span> <span class='ocrx_word' id='word_1_790' title='bbox 1269 5414 1347 5488; x_wconf 75' lang='grc' dir='ltr'>μὴ</span> <span class='ocrx_word' id='word_1_791' title='bbox 1374 5416 1473 5472; x_wconf 78' lang='grc' dir='ltr'>καὶ</span> <span class='ocrx_word' id='word_1_792' title='bbox 1493 5416 1593 5487; x_wconf 83' lang='grc' dir='ltr'>τῆς</span> <span class='ocrx_word' id='word_1_793' title='bbox 1608 5414 1721 5471; x_wconf 84' lang='grc' dir='ltr'><strong>τῶν</strong></span> 
     </span>
    </p>
   </div>
   <div class='ocr_carea' id='block_1_102' title="bbox 140 5490 1712 5579">
    <p class='ocr_par' dir='ltr' id='par_1_102' title="bbox 140 5490 1712 5579">
     <span class='ocr_line' id='line_1_102' title="bbox 140 5490 1712 5579; baseline -0.003 -13"><span class='ocrx_word' id='word_1_794' title='bbox 140 5490 333 5575; x_wconf 55' lang='grc' dir='ltr'>ἄλλων,</span> <span class='ocrx_word' id='word_1_795' title='bbox 366 5510 429 5573; x_wconf 79' lang='grc' dir='ltr'>ὃς</span> <span class='ocrx_word' id='word_1_796' title='bbox 457 5510 553 5564; x_wconf 73' lang='grc' dir='ltr'>καὶ</span> <span class='ocrx_word' id='word_1_797' title='bbox 605 5507 1020 5579; x_wconf 84' lang='grc' dir='ltr'>κατακρίνεται.</span> <span class='ocrx_word' id='word_1_798' title='bbox 1064 5508 1225 5563; x_wconf 79' lang='grc' dir='ltr'>Ἀλλὰ</span> <span class='ocrx_word' id='word_1_799' title='bbox 1261 5508 1357 5562; x_wconf 72' lang='grc' dir='ltr'>καὶ</span> <span class='ocrx_word' id='word_1_800' title='bbox 1401 5507 1496 5562; x_wconf 70' lang='grc' dir='ltr'>εὰν</span> <span class='ocrx_word' id='word_1_801' title='bbox 1528 5505 1712 5577; x_wconf 78' lang='grc' dir='ltr'>εὐφυῆ</span> 
     </span>
    </p>
   </div>
   <div class='ocr_carea' id='block_1_103' title="bbox 138 5600 1714 5677">
    <p class='ocr_par' dir='ltr' id='par_1_103' title="bbox 138 5600 1714 5677">
     <span class='ocr_line' id='line_1_103' title="bbox 138 5600 1714 5677; baseline -0.004 -19"><span class='ocrx_word' id='word_1_802' title='bbox 138 5603 244 5677; x_wconf 60' lang='grc' dir='ltr'>ἴδῃς</span> <span class='ocrx_word' id='word_1_803' title='bbox 272 5604 372 5657; x_wconf 72' lang='grc' dir='ltr'>καὶ</span> <span class='ocrx_word' id='word_1_804' title='bbox 409 5600 717 5673; x_wconf 69' lang='grc' dir='ltr'>ἐπιτήδειον</span> <span class='ocrx_word' id='word_1_805' title='bbox 762 5600 1072 5673; x_wconf 75' lang='grc' dir='ltr'>ἄνθρωπον,</span> <span class='ocrx_word' id='word_1_806' title='bbox 1110 5602 1178 5673; x_wconf 72' lang='grc' dir='ltr'><strong>τῇ</strong></span> <span class='ocrx_word' id='word_1_807' title='bbox 1202 5601 1407 5671; x_wconf 77' lang='grc' dir='ltr'>εὐφυΐᾳ</span> <span class='ocrx_word' id='word_1_808' title='bbox 1439 5600 1519 5663; x_wconf 84' lang='grc' dir='ltr'><strong>είς</strong></span> <span class='ocrx_word' id='word_1_809' title='bbox 1572 5617 1714 5671; x_wconf 84' lang='grc' dir='ltr'>πρα-</span> 
     </span>
    </p>
   </div>
   <div class='ocr_carea' id='block_1_104' title="bbox 137 5690 1714 5769">
    <p class='ocr_par' dir='ltr' id='par_1_104' title="bbox 137 5690 1714 5769">
     <span class='ocr_line' id='line_1_104' title="bbox 137 5690 1714 5769; baseline -0.004 -18"><span class='ocrx_word' id='word_1_810' title='bbox 137 5696 396 5769; x_wconf 75' lang='grc' dir='ltr'>γματείας</span> <span class='ocrx_word' id='word_1_811' title='bbox 433 5696 530 5750; x_wconf 78' lang='grc' dir='ltr'>καὶ</span> <span class='ocrx_word' id='word_1_812' title='bbox 557 5694 872 5766; x_wconf 84' lang='grc' dir='ltr'>δολιότητας</span> <span class='ocrx_word' id='word_1_813' title='bbox 897 5694 992 5750; x_wconf 76' lang='grc' dir='ltr'>καὶ</span> <span class='ocrx_word' id='word_1_814' title='bbox 1014 5690 1177 5767; x_wconf 71' lang='grc' dir='ltr'>γήϊνα</span> <span class='ocrx_word' id='word_1_815' title='bbox 1209 5694 1513 5764; x_wconf 87' lang='grc' dir='ltr'>πράγματα</span> <span class='ocrx_word' id='word_1_816' title='bbox 1542 5708 1714 5746; x_wconf 82' lang='grc' dir='ltr'>κατα-</span> 
     </span>
    </p>
   </div>
   <div class='ocr_carea' id='block_1_105' title="bbox 135 5781 1717 5859">
    <p class='ocr_par' dir='ltr' id='par_1_105' title="bbox 135 5781 1717 5859">
     <span class='ocr_line' id='line_1_105' title="bbox 135 5781 1717 5859; baseline -0.004 -18"><span class='ocrx_word' id='word_1_817' title='bbox 135 5790 497 5859; x_wconf 73' lang='grc' dir='ltr'>χρησάμενον,</span> <span class='ocrx_word' id='word_1_818' title='bbox 530 5783 623 5838; x_wconf 85' lang='grc' dir='ltr'><strong>τδν</strong></span> <span class='ocrx_word' id='word_1_819' title='bbox 654 5783 894 5839; x_wconf 83' lang='grc' dir='ltr'>τοιοῦτον</span> <span class='ocrx_word' id='word_1_820' title='bbox 926 5784 1050 5839; x_wconf 76' lang='grc' dir='ltr'><strong>είπέ</strong></span> <span class='ocrx_word' id='word_1_821' title='bbox 1086 5782 1384 5855; x_wconf 75' lang='grc' dir='ltr'>κατορύξαι</span> <span class='ocrx_word' id='word_1_822' title='bbox 1430 5782 1492 5836; x_wconf 79' lang='grc' dir='ltr'>τὸ</span> <span class='ocrx_word' id='word_1_823' title='bbox 1519 5781 1717 5838; x_wconf 84' lang='grc' dir='ltr'>τάλαν-</span> 
     </span>
    </p>
   </div>
   <div class='ocr_carea' id='block_1_106' title="bbox 135 5870 1717 5948">
    <p class='ocr_par' dir='ltr' id='par_1_106' title="bbox 135 5870 1717 5948">
     <span class='ocr_line' id='line_1_106' title="bbox 135 5870 1717 5948; baseline -0.013 -14"><span class='ocrx_word' id='word_1_824' title='bbox 135 5896 216 5934; x_wconf 77' lang='grc' dir='ltr'><strong>τον</strong></span> <span class='ocrx_word' id='word_1_825' title='bbox 239 5878 320 5944; x_wconf 84' lang='grc' dir='ltr'><strong>είς</strong></span> <span class='ocrx_word' id='word_1_826' title='bbox 348 5875 453 5948; x_wconf 68' lang='grc' dir='ltr'>τὴν</span> <span class='ocrx_word' id='word_1_827' title='bbox 483 5872 615 5943; x_wconf 81' lang='grc' dir='ltr'>γῆν,</span> <span class='ocrx_word' id='word_1_828' title='bbox 645 5873 950 5938; x_wconf 82' lang='grc' dir='ltr'>τουτέστιν,</span> <span class='ocrx_word' id='word_1_829' title='bbox 981 5876 1060 5936; x_wconf 79' lang='grc' dir='ltr'><strong>εις</strong></span> <span class='ocrx_word' id='word_1_830' title='bbox 1092 5875 1162 5927; x_wconf 79' lang='grc' dir='ltr'><strong>τά</strong></span> <span class='ocrx_word' id='word_1_831' title='bbox 1192 5873 1289 5944; x_wconf 80' lang='grc' dir='ltr'>τῆς</span> <span class='ocrx_word' id='word_1_832' title='bbox 1316 5873 1423 5945; x_wconf 76' lang='grc' dir='ltr'>γῆς</span> <span class='ocrx_word' id='word_1_833' title='bbox 1456 5870 1717 5945; x_wconf 75' lang='grc' dir='ltr'>πρᾶγμα.</span> 
     </span>
    </p>
   </div>
   <div class='ocr_carea' id='block_1_107' title="bbox 442 5965 1208 6029">
    <p class='ocr_par' dir='ltr' id='par_1_107' title="bbox 442 5965 1208 6029">
     <span class='ocr_line' id='line_1_107' title="bbox 442 5965 1208 6029; baseline 0 0"><span class='ocrx_word' id='word_1_834' title='bbox 442 5966 721 6029; x_wconf 69' lang='lat' dir='ltr'><strong>Panos.</strong></span> <span class='ocrx_word' id='word_1_835' title='bbox 767 5965 884 6027; x_wconf 74' lang='lat' dir='ltr'><strong>Gs.</strong></span> <span class='ocrx_word' id='word_1_836' title='bbox 929 5965 1208 6029; x_wconf 77' lang='lat' dir='ltr'><strong>CXXIII.</strong></span> 
     </span>
    </p>
   </div>
   <div class='ocr_carea' id='block_1_108' title="bbox 1826 4680 3424 4753">
    <p class='ocr_par' dir='ltr' id='par_1_108' title="bbox 1826 4680 3424 4753">
     <span class='ocr_line' id='line_1_108' title="bbox 1826 4680 3424 4753; baseline -0.003 -12"><span class='ocrx_word' id='word_1_837' title='bbox 1826 4698 1946 4741; x_wconf 88' lang='lat' dir='ltr'><strong>sum</strong></span> <span class='ocrx_word' id='word_1_838' title='bbox 1985 4683 2132 4750; x_wconf 90' lang='lat' dir='ltr'><strong>Deo,</strong></span> <span class='ocrx_word' id='word_1_839' title='bbox 2162 4683 2217 4738; x_wconf 88' lang='lat' dir='ltr'><strong>in</strong></span> <span class='ocrx_word' id='word_1_840' title='bbox 2253 4681 2385 4738; x_wconf 80' lang='lat' dir='ltr'><strong>illud</strong></span> <span class='ocrx_word' id='word_1_841' title='bbox 2417 4683 2601 4739; x_wconf 85' lang='lat' dir='ltr'><strong>mittet</strong></span> <span class='ocrx_word' id='word_1_842' title='bbox 2627 4682 2832 4739; x_wconf 90' lang='lat' dir='ltr'><strong>donum</strong></span> <span class='ocrx_word' id='word_1_843' title='bbox 2863 4697 3021 4739; x_wconf 88' lang='lat' dir='ltr'><strong>suum</strong></span> <span class='ocrx_word' id='word_1_844' title='bbox 3052 4700 3067 4738; x_wconf 89' lang='lat'><strong>:</strong></span> <span class='ocrx_word' id='word_1_845' title='bbox 3108 4680 3155 4737; x_wconf 85' lang='lat' dir='ltr'><strong>si</strong></span> <span class='ocrx_word' id='word_1_846' title='bbox 3188 4695 3424 4753; x_wconf 78' lang='lat' dir='ltr'><strong>parvum</strong></span> 
     </span>
    </p>
   </div>
   <div class='ocr_carea' id='block_1_109' title="bbox 1824 4771 3421 4845">
    <p class='ocr_par' dir='ltr' id='par_1_109' title="bbox 1824 4771 3421 4845">
     <span class='ocr_line' id='line_1_109' title="bbox 1824 4771 3421 4845; baseline -0.003 -14"><span class='ocrx_word' id='word_1_847' title='bbox 1824 4774 2065 4840; x_wconf 78' lang='lat' dir='ltr'><strong>dedero,</strong></span> <span class='ocrx_word' id='word_1_848' title='bbox 2102 4788 2328 4844; x_wconf 83' lang='lat' dir='ltr'><strong>parvum</strong></span> <span class='ocrx_word' id='word_1_849' title='bbox 2362 4771 2529 4840; x_wconf 60' lang='lat' dir='ltr'><strong>dabit</strong></span> <span class='ocrx_word' id='word_1_850' title='bbox 2547 4780 2603 4829; x_wconf 89' lang='lat' dir='ltr'><strong>et</strong></span> <span class='ocrx_word' id='word_1_851' title='bbox 2629 4772 2751 4845; x_wconf 81' lang='lat' dir='ltr'><strong>ipse</strong></span> <span class='ocrx_word' id='word_1_852' title='bbox 2777 4772 2981 4829; x_wconf 86' lang='lat' dir='ltr'><strong>donum</strong></span> <span class='ocrx_word' id='word_1_853' title='bbox 3010 4789 3027 4828; x_wconf 89' lang='lat'><strong>:</strong></span> <span class='ocrx_word' id='word_1_854' title='bbox 3059 4773 3105 4827; x_wconf 78' lang='lat' dir='ltr'><strong>si</strong></span> <span class='ocrx_word' id='word_1_855' title='bbox 3137 4787 3421 4843; x_wconf 85' lang='lat' dir='ltr'><strong>magnum,</strong></span> 
     </span>
    </p>
   </div>
   <div class='ocr_carea' id='block_1_110' title="bbox 1829 4864 3425 4937">
    <p class='ocr_par' dir='ltr' id='par_1_110' title="bbox 1829 4864 3425 4937">
     <span class='ocr_line' id='line_1_110' title="bbox 1829 4864 3425 4937; baseline -0.002 -16"><span class='ocrx_word' id='word_1_856' title='bbox 1829 4880 2085 4935; x_wconf 84' lang='lat' dir='ltr'><strong>maguum</strong></span> <span class='ocrx_word' id='word_1_857' title='bbox 2116 4865 2231 4937; x_wconf 87' lang='lat' dir='ltr'><strong>ipse</strong></span> <span class='ocrx_word' id='word_1_858' title='bbox 2257 4880 2480 4937; x_wconf 88' lang='lat' dir='ltr'><strong>quoque</strong></span> <span class='ocrx_word' id='word_1_859' title='bbox 2506 4866 2676 4923; x_wconf 85' lang='lat' dir='ltr'><strong>dabit.</strong></span> <span class='ocrx_word' id='word_1_860' title='bbox 2704 4864 2903 4922; x_wconf 83' lang='lat' dir='ltr'><strong>Statim</strong></span> <span class='ocrx_word' id='word_1_861' title='bbox 2930 4876 3114 4921; x_wconf 88' lang='lat' dir='ltr'><strong>autem</strong></span> <span class='ocrx_word' id='word_1_862' title='bbox 3137 4866 3230 4936; x_wconf 88' lang='lat' dir='ltr'><strong>qui</strong></span> <span class='ocrx_word' id='word_1_863' title='bbox 3258 4864 3425 4935; x_wconf 88' lang='lat' dir='ltr'><strong>quin-</strong></span> 
     </span>
    </p>
   </div>
   <div class='ocr_carea' id='block_1_111' title="bbox 1825 4952 3423 5026">
    <p class='ocr_par' dir='ltr' id='par_1_111' title="bbox 1825 4952 3423 5026">
     <span class='ocr_line' id='line_1_111' title="bbox 1825 4952 3423 5026; baseline 0 -17"><span class='ocrx_word' id='word_1_864' title='bbox 1825 4969 1934 5026; x_wconf 87' lang='lat' dir='ltr'><strong>quc</strong></span> <span class='ocrx_word' id='word_1_865' title='bbox 1971 4954 2177 5010; x_wconf 80' lang='lat' dir='ltr'><strong>talenta</strong></span> <span class='ocrx_word' id='word_1_866' title='bbox 2212 4964 2534 5024; x_wconf 73' lang='lat' dir='ltr'><strong>accepant,</strong></span> <span class='ocrx_word' id='word_1_867' title='bbox 2569 4955 2705 5023; x_wconf 77' lang='lat' dir='ltr'><strong>abiit</strong></span> <span class='ocrx_word' id='word_1_868' title='bbox 2738 4965 2806 5012; x_wconf 88' lang='lat' dir='ltr'><strong>et</strong></span> <span class='ocrx_word' id='word_1_869' title='bbox 2836 4964 3099 5026; x_wconf 85' lang='lat' dir='ltr'><strong>operatus</strong></span> <span class='ocrx_word' id='word_1_870' title='bbox 3142 4963 3251 5011; x_wconf 88' lang='lat' dir='ltr'><strong>est.</strong></span> <span class='ocrx_word' id='word_1_871' title='bbox 3289 4952 3423 5009; x_wconf 71' lang='lat' dir='ltr'><strong>Vide</strong></span> 
     </span>
    </p>
   </div>
   <div class='ocr_carea' id='block_1_112' title="bbox 1825 5046 3420 5119">
    <p class='ocr_par' dir='ltr' id='par_1_112' title="bbox 1825 5046 3420 5119">
     <span class='ocr_line' id='line_1_112' title="bbox 1825 5046 3420 5119; baseline -0.001 -17"><span class='ocrx_word' id='word_1_872' title='bbox 1825 5047 2171 5103; x_wconf 81' lang='lat' dir='ltr'><strong>sedulitatem</strong></span> <span class='ocrx_word' id='word_1_873' title='bbox 2226 5047 2410 5114; x_wconf 78' lang='lat' dir='ltr'><strong>illius,</strong></span> <span class='ocrx_word' id='word_1_874' title='bbox 2460 5047 2736 5119; x_wconf 88' lang='lat' dir='ltr'><strong>quomodo</strong></span> <span class='ocrx_word' id='word_1_875' title='bbox 2788 5046 2924 5103; x_wconf 89' lang='lat' dir='ltr'><strong>nihil</strong></span> <span class='ocrx_word' id='word_1_876' title='bbox 2987 5047 3267 5117; x_wconf 80' lang='lat' dir='ltr'><strong>neglexit,</strong></span> <span class='ocrx_word' id='word_1_877' title='bbox 3322 5046 3420 5102; x_wconf 85' lang='lat' dir='ltr'><strong>sed</strong></span> 
     </span>
    </p>
   </div>
   <div class='ocr_carea' id='block_1_113' title="bbox 1822 5135 3419 5211">
    <p class='ocr_par' dir='ltr' id='par_1_113' title="bbox 1822 5135 3419 5211">
     <span class='ocr_line' id='line_1_113' title="bbox 1822 5135 3419 5211; baseline -0.002 -16"><span class='ocrx_word' id='word_1_878' title='bbox 1822 5140 2009 5195; x_wconf 84' lang='lat' dir='ltr'><strong>statim</strong></span> <span class='ocrx_word' id='word_1_879' title='bbox 2043 5151 2302 5210; x_wconf 84' lang='lat' dir='ltr'><strong>operatus</strong></span> <span class='ocrx_word' id='word_1_880' title='bbox 2335 5151 2419 5196; x_wconf 84' lang='lat' dir='ltr'><strong>est</strong></span> <span class='ocrx_word' id='word_1_881' title='bbox 2450 5138 2742 5211; x_wconf 83' lang='lat' dir='ltr'><strong>duplicans</strong></span> <span class='ocrx_word' id='word_1_882' title='bbox 2772 5138 2916 5208; x_wconf 89' lang='lat' dir='ltr'><strong>quod</strong></span> <span class='ocrx_word' id='word_1_883' title='bbox 2963 5147 3275 5208; x_wconf 87' lang='lat' dir='ltr'><strong>acceperat.</strong></span> <span class='ocrx_word' id='word_1_884' title='bbox 3311 5135 3419 5205; x_wconf 86' lang='lat' dir='ltr'><strong>Qui</strong></span> 
     </span>
    </p>
   </div>
   <div class='ocr_carea' id='block_1_114' title="bbox 1822 5230 3417 5303">
    <p class='ocr_par' dir='ltr' id='par_1_114' title="bbox 1822 5230 3417 5303">
     <span class='ocr_line' id='line_1_114' title="bbox 1822 5230 3417 5303; baseline -0.005 -14"><span class='ocrx_word' id='word_1_885' title='bbox 1822 5233 1969 5289; x_wconf 83' lang='lat' dir='ltr'><strong>enim</strong></span> <span class='ocrx_word' id='word_1_886' title='bbox 2020 5246 2127 5288; x_wconf 83' lang='lat' dir='ltr'><strong>non</strong></span> <span class='ocrx_word' id='word_1_887' title='bbox 2160 5231 2334 5287; x_wconf 87' lang='lat' dir='ltr'><strong>solum</strong></span> <span class='ocrx_word' id='word_1_888' title='bbox 2365 5234 2471 5287; x_wconf 85' lang='lat' dir='ltr'><strong>sibi</strong></span> <span class='ocrx_word' id='word_1_889' title='bbox 2505 5231 2607 5287; x_wconf 85' lang='lat' dir='ltr'><strong>soli</strong></span> <span class='ocrx_word' id='word_1_890' title='bbox 2638 5232 2883 5301; x_wconf 87' lang='lat' dir='ltr'><strong>prodest,</strong></span> <span class='ocrx_word' id='word_1_891' title='bbox 2918 5230 3034 5286; x_wconf 86' lang='lat' dir='ltr'><strong>sivo</strong></span> <span class='ocrx_word' id='word_1_892' title='bbox 3068 5230 3417 5303; x_wconf 80' lang='lat' dir='ltr'><strong>prudentiam</strong></span> 
     </span>
    </p>
   </div>
   <div class='ocr_carea' id='block_1_115' title="bbox 1823 5319 3418 5391">
    <p class='ocr_par' dir='ltr' id='par_1_115' title="bbox 1823 5319 3418 5391">
     <span class='ocr_line' id='line_1_115' title="bbox 1823 5319 3418 5391; baseline -0.003 -14"><span class='ocrx_word' id='word_1_893' title='bbox 1823 5321 2042 5387; x_wconf 88' lang='lat' dir='ltr'><strong>habeat,</strong></span> <span class='ocrx_word' id='word_1_894' title='bbox 2068 5321 2183 5377; x_wconf 85' lang='lat' dir='ltr'><strong>sive</strong></span> <span class='ocrx_word' id='word_1_895' title='bbox 2211 5321 2451 5386; x_wconf 75' lang='lat' dir='ltr'><strong>divitias,</strong></span> <span class='ocrx_word' id='word_1_896' title='bbox 2477 5323 2591 5377; x_wconf 86' lang='lat' dir='ltr'><strong>sive</strong></span> <span class='ocrx_word' id='word_1_897' title='bbox 2611 5319 2910 5391; x_wconf 78' lang='lat' dir='ltr'><strong>potentiam</strong></span> <span class='ocrx_word' id='word_1_898' title='bbox 2940 5327 2995 5375; x_wconf 89' lang='lat' dir='ltr'><strong>et</strong></span> <span class='ocrx_word' id='word_1_899' title='bbox 3024 5319 3418 5376; x_wconf 87' lang='lat' dir='ltr'><strong>auctoritatem</strong></span> 
     </span>
    </p>
   </div>
   <div class='ocr_carea' id='block_1_116' title="bbox 1826 5407 3418 5484">
    <p class='ocr_par' dir='ltr' id='par_1_116' title="bbox 1826 5407 3418 5484">
     <span class='ocr_line' id='line_1_116' title="bbox 1826 5407 3418 5484; baseline 0 -19"><span class='ocrx_word' id='word_1_900' title='bbox 1826 5411 1970 5482; x_wconf 88' lang='lat' dir='ltr'><strong>apud</strong></span> <span class='ocrx_word' id='word_1_901' title='bbox 2014 5426 2196 5484; x_wconf 86' lang='lat' dir='ltr'><strong>reges,</strong></span> <span class='ocrx_word' id='word_1_902' title='bbox 2237 5412 2351 5467; x_wconf 87' lang='lat' dir='ltr'><strong>sive</strong></span> <span class='ocrx_word' id='word_1_903' title='bbox 2375 5425 2761 5483; x_wconf 85' lang='lat' dir='ltr'><strong>quamcunque</strong></span> <span class='ocrx_word' id='word_1_904' title='bbox 2789 5411 2957 5468; x_wconf 81' lang='lat' dir='ltr'><strong>aliam</strong></span> <span class='ocrx_word' id='word_1_905' title='bbox 3000 5410 3086 5467; x_wconf 86' lang='lat' dir='ltr'><strong>vel</strong></span> <span class='ocrx_word' id='word_1_906' title='bbox 3121 5418 3294 5465; x_wconf 86' lang='lat' dir='ltr'><strong>artem</strong></span> <span class='ocrx_word' id='word_1_907' title='bbox 3329 5407 3418 5465; x_wconf 81' lang='lat' dir='ltr'><strong>vel</strong></span> 
     </span>
    </p>
   </div>
   <div class='ocr_carea' id='block_1_117' title="bbox 1822 5503 3415 5578">
    <p class='ocr_par' dir='ltr' id='par_1_117' title="bbox 1822 5503 3415 5578">
     <span class='ocr_line' id='line_1_117' title="bbox 1822 5503 3415 5578; baseline -0.001 -19"><span class='ocrx_word' id='word_1_908' title='bbox 1822 5504 2157 5571; x_wconf 77' lang='lat' dir='ltr'><strong>facultatem,</strong></span> <span class='ocrx_word' id='word_1_909' title='bbox 2191 5507 2286 5559; x_wconf 83' lang='lat' dir='ltr'><strong>sed</strong></span> <span class='ocrx_word' id='word_1_910' title='bbox 2324 5516 2381 5561; x_wconf 88' lang='lat' dir='ltr'><strong>et</strong></span> <span class='ocrx_word' id='word_1_911' title='bbox 2422 5505 2544 5562; x_wconf 83' lang='lat' dir='ltr'><strong>aliis</strong></span> <span class='ocrx_word' id='word_1_912' title='bbox 2581 5504 2698 5561; x_wconf 85' lang='lat' dir='ltr'><strong>vult</strong></span> <span class='ocrx_word' id='word_1_913' title='bbox 2743 5506 3046 5578; x_wconf 85' lang='lat' dir='ltr'><strong>prodesse,</strong></span> <span class='ocrx_word' id='word_1_914' title='bbox 3095 5505 3142 5559; x_wconf 89' lang='lat' dir='ltr'><strong>is</strong></span> <span class='ocrx_word' id='word_1_915' title='bbox 3173 5503 3415 5573; x_wconf 80' lang='lat' dir='ltr'><strong>duplicat</strong></span> 
     </span>
    </p>
   </div>
   <div class='ocr_carea' id='block_1_118' title="bbox 1823 5596 3413 5670">
    <p class='ocr_par' dir='ltr' id='par_1_118' title="bbox 1823 5596 3413 5670">
     <span class='ocr_line' id='line_1_118' title="bbox 1823 5596 3413 5670; baseline -0.002 -18"><span class='ocrx_word' id='word_1_916' title='bbox 1823 5598 1970 5667; x_wconf 89' lang='lat' dir='ltr'><strong>quod</strong></span> <span class='ocrx_word' id='word_1_917' title='bbox 2019 5596 2125 5652; x_wconf 88' lang='lat' dir='ltr'><strong>sibi</strong></span> <span class='ocrx_word' id='word_1_918' title='bbox 2170 5598 2355 5652; x_wconf 83' lang='lat' dir='ltr'><strong>datum</strong></span> <span class='ocrx_word' id='word_1_919' title='bbox 2400 5604 2502 5654; x_wconf 84' lang='lat' dir='ltr'><strong>est.</strong></span> <span class='ocrx_word' id='word_1_920' title='bbox 2557 5597 2660 5665; x_wconf 83' lang='lat' dir='ltr'><strong>Qui</strong></span> <span class='ocrx_word' id='word_1_921' title='bbox 2707 5596 2873 5670; x_wconf 73' lang='lat'><strong>138</strong></span> <span class='ocrx_word' id='word_1_922' title='bbox 2918 5607 3105 5652; x_wconf 85' lang='lat' dir='ltr'><strong>autem</strong></span> <span class='ocrx_word' id='word_1_923' title='bbox 3148 5596 3413 5653; x_wconf 83' lang='lat' dir='ltr'><strong>talentum</strong></span> 
     </span>
    </p>
   </div>
   <div class='ocr_carea' id='block_1_119' title="bbox 1821 5686 3417 5761">
    <p class='ocr_par' dir='ltr' id='par_1_119' title="bbox 1821 5686 3417 5761">
     <span class='ocr_line' id='line_1_119' title="bbox 1821 5686 3417 5761; baseline 0 -18"><span class='ocrx_word' id='word_1_924' title='bbox 1821 5687 1961 5744; x_wconf 78' lang='lat' dir='ltr'><strong>fudit</strong></span> <span class='ocrx_word' id='word_1_925' title='bbox 2008 5689 2062 5744; x_wconf 85' lang='lat' dir='ltr'><strong>in</strong></span> <span class='ocrx_word' id='word_1_926' title='bbox 2112 5697 2355 5755; x_wconf 89' lang='lat' dir='ltr'><strong>terram,</strong></span> <span class='ocrx_word' id='word_1_927' title='bbox 2404 5688 2452 5746; x_wconf 89' lang='lat' dir='ltr'><strong>is</strong></span> <span class='ocrx_word' id='word_1_928' title='bbox 2495 5699 2583 5745; x_wconf 80' lang='lat' dir='ltr'><strong>est.</strong></span> <span class='ocrx_word' id='word_1_929' title='bbox 2616 5691 2713 5761; x_wconf 86' lang='lat' dir='ltr'><strong>qui</strong></span> <span class='ocrx_word' id='word_1_930' title='bbox 2759 5704 2875 5745; x_wconf 66' lang='lat' dir='ltr'><strong>sua</strong></span> <span class='ocrx_word' id='word_1_931' title='bbox 2908 5696 3119 5745; x_wconf 90' lang='lat' dir='ltr'><strong>tantum</strong></span> <span class='ocrx_word' id='word_1_932' title='bbox 3163 5686 3417 5743; x_wconf 75' lang='lat' dir='ltr'><strong>utilitatis</strong></span> 
     </span>
    </p>
   </div>
   <div class='ocr_carea' id='block_1_120' title="bbox 1825 5778 3411 5850">
    <p class='ocr_par' dir='ltr' id='par_1_120' title="bbox 1825 5778 3411 5850">
     <span class='ocr_line' id='line_1_120' title="bbox 1825 5778 3411 5850; baseline -0.003 -14"><span class='ocrx_word' id='word_1_933' title='bbox 1825 5795 2015 5836; x_wconf 72' lang='lat' dir='ltr'><strong>curas.</strong></span> <span class='ocrx_word' id='word_1_934' title='bbox 2045 5779 2233 5847; x_wconf 82' lang='lat' dir='ltr'><strong>habet,</strong></span> <span class='ocrx_word' id='word_1_935' title='bbox 2260 5789 2316 5835; x_wconf 88' lang='lat' dir='ltr'><strong>et</strong></span> <span class='ocrx_word' id='word_1_936' title='bbox 2342 5793 2453 5835; x_wconf 85' lang='lat' dir='ltr'><strong>non</strong></span> <span class='ocrx_word' id='word_1_937' title='bbox 2486 5778 2742 5847; x_wconf 89' lang='lat' dir='ltr'><strong>aliorum,</strong></span> <span class='ocrx_word' id='word_1_938' title='bbox 2777 5782 2871 5850; x_wconf 85' lang='lat' dir='ltr'><strong>qui</strong></span> <span class='ocrx_word' id='word_1_939' title='bbox 2899 5788 2955 5837; x_wconf 80' lang='lat' dir='ltr'><strong>et</strong></span> <span class='ocrx_word' id='word_1_940' title='bbox 2988 5779 3411 5837; x_wconf 82' lang='lat' dir='ltr'><strong>condemnatur.</strong></span> 
     </span>
    </p>
   </div>
   <div class='ocr_carea' id='block_1_121' title="bbox 1827 5870 3413 5943">
    <p class='ocr_par' dir='ltr' id='par_1_121' title="bbox 1827 5870 3413 5943">
     <span class='ocr_line' id='line_1_121' title="bbox 1827 5870 3413 5943; baseline -0.003 -13"><span class='ocrx_word' id='word_1_941' title='bbox 1827 5872 1894 5930; x_wconf 76' lang='lat' dir='ltr'><strong>Et</strong></span> <span class='ocrx_word' id='word_1_942' title='bbox 1920 5873 1968 5930; x_wconf 88' lang='lat' dir='ltr'><strong>si</strong></span> <span class='ocrx_word' id='word_1_943' title='bbox 2009 5873 2167 5930; x_wconf 68' lang='lat' dir='ltr'><strong>bona</strong></span> <span class='ocrx_word' id='word_1_944' title='bbox 2208 5873 2406 5931; x_wconf 87' lang='lat' dir='ltr'><strong>mentis</strong></span> <span class='ocrx_word' id='word_1_945' title='bbox 2430 5880 2493 5931; x_wconf 87' lang='lat' dir='ltr'><strong>et</strong></span> <span class='ocrx_word' id='word_1_946' title='bbox 2522 5873 2828 5943; x_wconf 86' lang='lat' dir='ltr'><strong>studiosum</strong></span> <span class='ocrx_word' id='word_1_947' title='bbox 2869 5874 3152 5930; x_wconf 77' lang='lat' dir='ltr'><strong>hominem</strong></span> <span class='ocrx_word' id='word_1_948' title='bbox 3178 5870 3413 5941; x_wconf 82' lang='lat' dir='ltr'><strong>videbis,</strong></span> 
     </span>
    </p>
   </div>
   <div class='ocr_carea' id='block_1_122' title="bbox 2942 5964 3019 6029">
    <p class='ocr_par' dir='ltr' id='par_1_122' title="bbox 2942 5964 3019 6029">
     <span class='ocr_line' id='line_1_122' title="bbox 2942 5964 3019 6029; baseline 0.013 -1"><span class='ocrx_word' id='word_1_949' title='bbox 2942 5964 3019 6029; x_wconf 73' lang='grc' dir='ltr'><strong>ιι</strong></span> 
     </span>
    </p>
   </div>
  </div>
