4010 6442
659 462 765 532 427

1504 456 2093 522 'THEOPH-YLACTI
2133 452 2545 519 BULGARI/E
2585 451 2941 515 ARCHIEP.

3797 450 3907 514 £23

660 587 754 658 qui
794 571 1012 658 ingenio
1054 597 1150 640 suo
1176 582 1242 637 ad
1283 579 1699 651 negotiationes,
1750 579 1900 634 dolos
1920 587 1983 633 et
2013 585 2220 633 terrena

2330 591 2401 629 τα
2420 588 2437 607 ⁸
2473 572 2612 645 μετὰ
2639 570 2694 625 δὲ
2724 571 2913 643 χρόνον
2934 568 3100 624 πολὺν
3121 566 3341 639 ἔρχεται
3360 569 3388 622 6
3404 568 3525 632 δοὺς
3547 566 3608 621 τὸ
3623 565 3890 637 ἀργύριον
3904 603 3920 627 .

664 692 829 749 opera
866 676 1127 737 abutitur,
1168 672 1231 728 d’e
1276 670 1363 726 illo
1394 670 1545 725 dicas
1578 668 1720 739 quod
1752 668 2019 724 defoderit
2063 666 2232 724 talen-

664 779 775 824 tum
816 780 971 822 suum
1012 760 1111 820 sub
1152 770 1330 827 terra,
1376 762 1479 818 hoc
1520 769 1637 826 est,
1685 759 1738 812 in
1788 767 2001 814 terrena
2043 773 2227 828 opera.

664 861 791 917 Post
834 858 1058 913 multum
1098 862 1276 910 autem
1324 854 1584 924 temporis
1629 850 1775 907 venit
1832 852 2085 906 dominus
2135 849 2228 921 qui

661 954 883 1007 dederat
912 958 1199 1022 argentum
1238 947 1319 1004 vel
1353 948 1567 1017 eloquia
1602 961 1717 1000 sua.
1755 945 2046 1015 Argentum
2083 944 2227 998 enim

662 1042 783 1110 igne
827 1038 1154 1107 probatum,
1207 1035 1423 1106 eloquia
1478 1034 1569 1087 Dei
1616 1034 1708 1088 ’δε
1766 1032 1848 1087 vel
1908 1031 2230 1110 simpliciter

2342 666 2469 738 ἢτὰ
2502 665 2659 735 λόγια
2701 664 2894 719 αὐτοῦ’
2941 662 3203 735 ἀργύριον
3248 663 3357 731 γάρ
3406 661 3825 732 πεπυρωμένον,
3853 660 3921 713 τά

2340 756 2435 811 τοῦ
2458 754 2595 809 Θεοῦ
2626 755 2804 824 λόγια,
2844 754 2878 825 ἦ
2910 754 3095 816 άπλῶς
3122 753 3233 806 πᾶν
3262 752 3444 805 ὁτιοῦν
3477 752 3746 823 χάρισμα.
3776 749 3920 821 λαμ-

2339 848 2475 921 πρὸν
2493 848 2588 901 καὶ
2605 846 2813 915 ἔνδοξον
2837 845 3023 899 ποιοῦν
3045 846 3134 899 τὸν
3158 845 3372 925 ἔχοντα,
3390 843 3650 915 ἀργύριον
3676 842 3919 915 λεχθείη.

2342 940 2453 995 Καὶ
2488 939 2732 1011 συναίρει
2759 938 2915 1009 λόγον
2969 937 3219 993 ἁπαιτῶν
3262 938 3357 990 κὰὶ
3394 934 3750 1007 λογοπραγῶν
3791 937 3922 999 τοὺς

2344 1033 2630 1098 λαθόντας.

662 1107 823 1184 omne
858 1129 1056 1183 donum
1092 1126 1237 1196 quod
1266 1125 1472 1181 clarum
1505 1132 1561 1179 et
1622 1122 1892 1193 insignem
1931 1123 2059 1177 facit
2094 1107 2421 1192 hominem,
2489 1133 2771 1196 argentum
2821 1122 3024 1177 dictum
3065 1130 3167 1175 est.
3233 1120 3300 1175 Et
3344 1127 3612 1175 convocat
3667 1116 3811 1184 illos,
3864 1130 3923 1173 ut

664 1218 931 1272 rationem
957 1217 1023 1271 ab
1054 1214 1139 1270 bis
1166 1214 1255 1284 qui
1275 1204 1485 1269 talenta
1516 1223 1860 1284 acceperant,
1894 1214 2097 1269 audiat.

732 1304 897 1361 Vatis.
953 1304 1142 1361 15-30.
1189 1322 1207 1357 ι
1255 1306 1320 1359 Ει
1353 1306 1614 1361 accedens
1660 1306 1707 1361 is
1756 1304 1845 1376 qui
1883 1307 2118 1375 quinque
2159 1315 2237 1360 tae

661 1400 803 1454 lenta
829 1407 1133 1467 acceperat,
1161 1397 1340 1452 attulit
1364 1399 1465 1451 alia
1492 1398 1730 1467 quinque
1756 1390 1976 1463 talenta,
2007 1397 2192 1453 dicens
2217 1418 2229 1453 :

661 1490 912 1555 Domine,
941 1490 1179 1559 quinque
1208 1488 1405 1544 talenta
1438 1488 1704 1542 tradidisti
1729 1489 1880 1554 mihi,
1909 1504 2037 1543 ecce
2063 1489 2232 1544 altera

664 1582 901 1651 quinque
927 1580 1125 1647 talenta
1165 1578 1407 1634 lucratus
1435 1592 1554 1633 sum
1584 1594 1679 1649 per
1711 1593 1794 1634 ea.
1826 1580 1915 1634 Ait
1946 1579 2022 1633 illi
2048 1578 2231 1634 Domi-

664 1688 763 1728 nus
792 1672 907 1742 ejns
935 1689 949 1725 :
990 1673 1155 1741 Euge,
1192 1684 1347 1726 serve
1381 1671 1519 1725 bone
1550 1681 1606 1725 et
1630 1671 1824 1736 ﬁdelis,
1864 1686 2027 1741 super
2056 1686 2226 1741 pauca

662 1763 809 1818 luisti
851 1763 1059 1831 ﬁdelis,
1102 1777 1261 1831 supra
1299 1762 1465 1817 multa
1501 1772 1553 1818 te
1592 1765 1953 1831 constituam,
1990 1765 2132 1818 intra
2168 1765 2224 1819 in

661 1854 909 1925 gaudium
949 1852 1157 1909 Domini
1205 1853 1301 1907 tui.
1342 1853 1619 1911 Accedens
1666 1864 1841 1909 autem
1879 1856 1967 1924 qui
2010 1856 2115 1910 duo
2144 1864 2224 1910 ta-

2415 1324 2433 1355 ι
2472 1303 2580 1357 Καὶ
2608 1300 2917 1372 προσελθὼν
2950 1303 2976 1353 6
2998 1300 3065 1353 τά
3088 1299 3246 1353 πέντε
3270 1299 3506 1353 τάλαντα
3541 1298 3720 1354 λαϐὼν
3743 1317 3923 1373 προσ-

2338 1397 2568 1467 ήνεγκεν
2603 1393 2739 1448 ἄλλα
2772 1394 2935 1447 πέντε
2973 1392 3233 1455 τάλαντα,
3280 1391 3481 1459 λέγων·
3517 1390 3713 1464 Κύριε,
3750 1394 3920 1447 πέντε

2335 1485 2579 1542 τάλαντά
2623 1501 2712 1553 μοι
2765 1484 3125 1556 παρέδωκας·
3165 1486 3241 1538 ῐδε
3295 1483 3625 1538 ἄλλαπέντε
3675 1485 3921 1541 τάλαντα

2334 1578 2602 1648 ἐκέρδησα
2653 1576 2741 1630 ἐπ’
2799 1572 3183 1646 αὑτοῖς.’¹Εφη
3216 1576 3367 1645 αὐτῷ
3422 1577 3449 1629 6
3481 1575 3684 1647 Κύριος
3714 1561 3914 1631 αὑτοῦ·

2334 1668 2431 1732 Εὖ,
2464 1669 2616 1721 δοῦλε
2650 1668 2821 1735 ἀγαθὲ
2844 1668 2936 1721 καὶ
2971 1668 3149 1731 πιστὲ,
3172 1668 3264 1721 ἐπὶ
3293 1668 3447 1737 ὀλίγα
3479 1664 3547 1739 ἧς
3572 1670 3783 1736 πιστὸς,
3822 1670 3919 1722 ἐπὶ

2335 1760 2542 1814 πολλῶν
2577 1776 2634 1812 σε
2676 1760 3006 1830 καταστήσω
3030 1776 3045 1791 ο
3093 1759 3299 1813 εἴσελθε
3331 1761 3412 1822 είς
3462 1760 3558 1832 τὴν
3608 1762 3785 1833 χαρὰν
3818 1766 3918 1816 τοῦ

2335 1852 2539 1923 Κυρίου
2571 1868 2687 1905 σου.
2725 1851 3046 1922 Προσελθὼν
3081 1851 3135 1904 δὲ
3171 1854 3262 1905 καὶ
3286 1854 3312 1905 ὀ
3334 1853 3400 1906 τὰ
3434 1851 3526 1905 δύο
3556 1854 3793 1907 τάλαντα
3818 1855 3920 1908 λα-

659 1947 803 1999 lenta
850 1954 1174 2015 acceperat,
1203 1946 1278 1998 ait
1310 1962 1323 1997 :
1372 1944 1597 2000 Domine
1623 1986 1637 2010 ,
1670 1947 1775 2000 duo
1818 1945 2019 2000 talenta
2062 1946 2220 2001 tradi-

2332 1944 2462 2009 ὄὼν,
2494 1941 2635 1997 εἷπε’
2690 1942 2885 2013 Κύριε,
2922 1942 3024 2002 δύο
3043 1944 3281 1997 τάλαντά
3322 1962 3410 2014 μοι
3450 1946 3790 2014 παρέδωκας,
3837 1948 3916 2000 τόε

659 2038 782 2092 disti
817 2038 968 2103 mihi,
1000 2051 1126 2092 ecce
1162 2037 1275 2107 alia
1303 2037 1409 2091 duo
1452 2038 1689 2105 lucratus
1718 2052 1837 2091 sum
1880 2052 1974 2107 per
2016 2050 2101 2091 ea.
2135 2037 2226 2091 Ait

660 2130 730 2183 illi
750 2128 1006 2183 Dominus
1032 2126 1147 2194 ejus
1172 2144 1187 2184 :
1222 2128 1384 2196 Euge,
1417 2143 1570 2183 serve
1597 2128 1732 2182 bone
1761 2138 1814 2182 et
1844 2127 2035 2193 ﬁdelis,
2064 2143 2226 2198 super

656 2237 823 2290 pauca
847 2219 992 2275 luisti
1024 2218 1213 2284 ﬁdelis,
1243 2234 1404 2287 supra
1436 2222 1600 2273 multa
1635 2229 1685 2273 te
1706 2222 2053 2287 constituam,
2082 2221 2222 2274 intra

658 2314 708 2367 in
735 2311 983 2382 gaudium
1011 2309 1218 2366 Domini
1244 2311 1338 2365 tui.
1364 2310 1640 2366 Accedens
1662 2320 1840 2366 autem
1868 2320 1921 2365 et
1949 2313 2036 2380 qui
2060 2328 2222 2366 unum

659 2403 916 2457 talentum
953 2410 1255 2470 acceperat,
1282 2393 1355 2454 ait
1384 2418 1397 2454 :
1430 2399 1678 2464 Domine,
1712 2415 1965 2454 noveram
2001 2410 2051 2454 te
2081 2400 2223 2469 quod

656 2495 816 2549 homo
846 2492 1009 2547 durus
1041 2493 1136 2560 sis,
1170 2501 1378 2546 metens
1416 2491 1504 2546 ubi
1535 2506 1637 2545 non
1676 2491 1980 2555 seminasti,
2019 2500 2073 2545 et
2098 2492 2219 2545 inde

655 2597 984 2652 congregans
1016 2581 1105 2636 ubi
1141 2597 1244 2637 non
1273 2582 1541 2652 sparsiSti,
1572 2597 1634 2637 ac
1670 2583 1893 2637 territus
1922 2582 2050 2646 abii,
2085 2583 2218 2636 abs-

653 2676 918 2745 condique
965 2673 1223 2737 talentum
1276 2683 1425 2729 tuum
1482 2674 1535 2728 in
1594 2685 1737 2729 terra
1804 2694 1816 2729 :
1872 2689 1998 2729 ecce
2053 2673 2220 2730 habes

654 2766 795 2836 quod
842 2775 989 2821 tuum
1013 2774 1112 2820 est.
1158 2763 1507 2834 Respondeas
1547 2776 1725 2820 autem
1770 2765 2029 2820 Dominus
2076 2766 2213 2833 ejus,

654 2860 791 2910 dixit
822 2857 903 2911 ei:
937 2856 1105 2911 Serve
1143 2857 1281 2912 male
1312 2864 1367 2912 et
1394 2857 1565 2925 piger,
1594 2856 1802 2911 sciebas
1841 2858 1985 2925 quod
2021 2865 2218 2912 metam

656 2950 742 3004 tibi
769 2965 870 3002 non
892 2949 1173 3013 seminavi,
1191 2958 1244 3002 et
1267 2962 1584 3017 congregem
1605 2947 1754 3001 illinc
1777 2947 1867 3002 ubi
1894 2963 1997 3001 non
2020 2949 2214 3018 sparsi:

653 3039 885 3108 opo'rtuit
904 3054 1031 3108 ergo
1051 3048 1105 3094 te
1129 3041 1465 3094 committere
1489 3037 1776 3107 pecuniam
1804 3053 1975 3093 meam
2003 3054 2219 3095 mensa-

654 3130 779 3193 riis,
812 3138 863 3184 et
893 3129 1116 3184 veniens
1146 3142 1245 3197 ego
1278 3128 1600 3197 recepissem
1638 3128 1823 3197 utique
1855 3128 2003 3198 quod
2037 3143 2216 3185 meum

654 3231 737 3275 est
780 3235 899 3275 cum
944 3235 1126 3275 usura.
1174 3219 1365 3275 Tollite
1404 3221 1585 3289 itaque
1627 3220 1696 3274 ab
1729 3235 1792 3275 eo
1832 3220 2125 3286 talentum,
2163 3230 2217 3276 et

2326 2035 2461 2089 ἄλλα
2480 2034 2573 2087 δύο
2604 2034 2843 2087 τάλαντα
2866 2034 3132 2105 ἐκέρδησα
3162 2036 3249 2087 ἐπ’
3275 2035 3481 2100 αὐτοῖς.
3516 2037 3663 2106 Ἔφη
3703 2037 3858 2105 αὐτῷ
3888 2040 3921 2093 ὀ

2326 2127 2527 2196 Κύριος
2558 2126 2720 2179 αὐτοῦ
2745 2142 2759 2155 ·
2796 2125 2889 2189 Εὖ,
2919 2126 3071 2179 δοῦλε
3104 2126 3273 2195 ἀγαθὲ
3301 2127 3394 2181 καὶ
3420 2128 3599 2192 πιστὲ,
3631 2130 3723 2181 ἐπὶ
3749 2129 3917 2200 ὀλίγα

2323 2213 2390 2288 ἧς
2415 2218 2625 2281 πιστὸς,
2682 2218 2775 2270 ἐπὶ
2836 2217 3044 2270 πολλῶν
3084 2234 3143 2270 σε
3176 2219 3509 2289 καταστήσω
3535 2236 3549 2250 θ
3588 2220 3798 2273 εἴσελθε
3832 2224 3917 2285 εἰς

2323 2309 2421 2379 τὴν
2454 2308 2628 2379 χαρὰν
2674 2308 2767 2361 τοῦ
2800 2309 3003 2378 Κυρίου
3045 2327 3165 2362 σου.
3208 2308 3531 2380 Πρισελθὼν
3563 2310 3620 2364 δὲ
3664 2313 3759 2364 καὶ
3785 2315 3815 2365 ὀ
3849 2313 3918 2365 τὸ

2324 2402 2380 2455 ἓν
2408 2403 2669 2455 τάλαντον
2726 2400 2982 2471 εἰληφὼς,
3045 2396 3190 2453 εἶπεσ
3252 2402 3461 2473 Κύριε,
3498 2402 3670 2470 ἔγνων
3725 2421 3787 2457 σε
3827 2408 3917 2459 ὅτι

2324 2492 2560 2562 σκληρδς
2599 2487 2650 2543 εί
2678 2490 2983 2562 ἄνθρωπος,
3030 2490 3260 2562 θερίζων
3307 2493 3442 2545 ὅπου
3485 2493 3585 2546 οὑκ
3612 2493 3912 2565 ἔσπειρας,

2323 2583 2416 2637 καὶ
2448 2582 2694 2650 συνάγων
2724 2582 2844 2635 ὅθεν
2892 2581 2952 2635 οὐ
2980 2582 3371 2653 διεσκόρπισας
3395 2622 3409 2647 ,
3468 2584 3565 2638 καὶ
3617 2584 3911 2654 φοϐηθεὶς,

2322 2674 2570 2729 ἀπελθὼν
2602 2672 2815 2744 ἔκρυψα
2839 2673 2899 2726 τὸ
2927 2674 3190 2728 τάλαντόν
3221 2692 3314 2728 σου
3341 2674 3399 2728 ἔν
3429 2678 3493 2746 τῇ
3517 2677 3608 2747 γῇ·
3650 2676 3727 2730 ῑδε
3754 2677 3913 2747 ἔχεις

2320 2767 2380 2820 τὸ
2419 2767 2529 2823 σόν.
2571 2766 2915 2836 Ἀποκριθεὶς
2934 2766 2989 2819 δὲ
3020 2768 3047 2819 ὀ
3071 2766 3276 2838 Κύριος
3316 2767 3503 2835 αὐτοῦ,
3532 2762 3687 2821 εἶπεν
3714 2770 3873 2841 αὐτῷ
3893 2788 3908 2801 ·

2321 2856 2531 2927 Πονηρὲ
2578 2856 2854 2909 δοῦλεκαὶ
2909 2856 3106 2926 ὀκνηρὲ
3140 2897 3154 2922 ,
3194 2856 3341 2927 ᾔδεις
3393 2858 3477 2911 ὅτι
3510 2856 3713 2927 θερίζω
3767 2862 3911 2913 ὃπου

2324 2950 2424 3003 οὐκ
2487 2948 2735 3019 ἔσπειρα,
2765 2948 2859 3002 καὶ
2889 2948 3106 3017 συνάγω
3129 2949 3253 3002 ὅθεν
3285 2950 3346 3002 οὑ
3376 2948 3762 3019 διεσκόρπισαν
3795 2951 3909 3006 ἔδει

2318 3036 2412 3095 οὖν
2444 3056 2504 3093 σε
2533 3040 2713 3111 βαλεῖν
2738 3039 2799 3093 τὸ
2832 3039 3094 3110 ἀργύριόν
3117 3057 3219 3110 μου
3252 3044 3363 3104 τοῖς
3391 3041 3781 3112 τραπεζίταις,
3809 3042 3912 3097 καὶ

2320 3131 2493 3187 ἐλθὼν
2524 3131 2633 3201 ἐγὼ
2654 3132 2999 3202 ἐκομισάμην
3022 3130 3087 3184 ἂν
3124 3131 3184 3185 τὸ
3214 3132 3345 3200 ἐμὸν
3379 3133 3474 3185 σὺν
3506 3134 3651 3203 τόκῳ
3672 3149 3687 3163 ’
3723 3132 3907 3204 ἄρατε

2319 3221 2413 3277 οὖν
2441 3222 2535 3275 ἀπ’
2567 3222 2731 3275 αὑτοῦ
2779 3223 2839 3274 τὸ
2873 3222 3153 3287 τάλαντον,
3206 3225 3299 3276 καὶ
3347 3223 3468 3277 δότε
3521 3224 3597 3294 τῷ
3623 3224 3807 3294 ἔχοντι
3834 3228 3911 3279 τὰ

654 3310 776 3364 date
804 3310 855 3363 ei
880 3310 969 3380 qui
991 3311 1150 3364 habet
1176 3313 1361 3365 decem
1387 3312 1607 3366 talenta.
1631 3309 1793 3367 Omni
1820 3313 1962 3366 enim
1992 3312 2213 3368 habenti

2326 3315 2447 3368 δέκα
2480 3315 2741 3369 τάλαντα.
2775 3314 2867 3384 Τῷ
2900 3315 3008 3383 γὰρ
3040 3277 3216 3384 ἔχοντι
3266 3316 3429 3368 παντὶ
3459 3277 3772 3385 δοθήσεζαι,

651 3402 887 3468 dabitur,
928 3410 981 3457 et
1008 3404 1299 3457 abundabit
1330 3420 1345 3458 :
1396 3405 1485 3474 qui
1516 3419 1647 3459 vero
1678 3418 1784 3459 non
1812 3404 2007 3471 habet,
2048 3405 2211 3460 etiam

649 3494 791 3563 quod
835 3493 995 3548 habet
1032 3495 1308 3549 auteretur
1350 3494 1418 3549 ab
1462 3510 1545 3550 eo.
1594 3494 1660 3549 Et
1710 3495 1951 3550 inutilem
1998 3510 2211 3551 servum

650 3584 826 3652 ejicite
867 3585 920 3637 in
956 3585 1207 3640 tenebras
1258 3585 1597 3653 exteriores;
1653 3585 1764 3641 illic
1816 3587 1917 3641 erit
1964 3584 2119 3643 ﬂetus
2155 3598 2214 3643 et

650 3673 849 3729 stridor
876 3676 1136 3731 dentium.
1173 3694 1190 3728 ι
1226 3676 1396 3730 Ambo
1425 3678 1477 3730 lii
1510 3679 1599 3747 qui
1639 3678 1690 3731 in
1729 3679 2056 3733 concreditis
2087 3694 2216 3749 ope-

650 3776 865 3833 rantur,
906 3767 1198 3823 laudantur
1228 3784 1256 3822 a
1308 3769 1531 3824 domino
1574 3771 1763 3826 eodem
1809 3773 2005 3827 modo:
2043 3771 2208 3841 Euge,

648 3875 803 3914 serve
844 3860 980 3915 bone
1028 3870 1081 3915 et
1122 3862 1313 3925 ﬁdelis,
1364 3872 1589 3930 uterque
1638 3864 1809 3917 audit.
1859 3863 1960 3918 Per
2010 3864 2209 3919 bonum

649 3961 824 4006 autem
885 3952 975 4007 hic
1020 3955 1253 4007 omnino
1294 3954 1644 4023 intelligimus
1695 3956 2098 4011 misericordem
2156 3967 2209 4010 et

647 4044 940 4110 liberalem,
968 4044 1057 4113 qui
1080 4061 1229 4098 suam
1254 4044 1551 4099 bonitatem
1574 4056 1625 4098 et
1654 4047 1914 4113 proximis
1947 4048 2203 4117 impartit.

644 4133 745 4199 Qui
800 4143 979 4189 autem
1030 4150 1194 4202 super
1221 4150 1410 4205 ,pauca
1465 4134 1650 4190 ﬁdeles
1699 4148 1993 4204 apparent,
2048 4153 2209 4206 super

2318 3406 2849 3478 περισσευθήσεται·
2903 3406 3010 3459 ἀπὸ
3060 3407 3116 3459 δὲ
3158 3407 3250 3459 τοῦ
3304 3390 3378 3478 μὴ
3422 3407 3657 3477 ἔχοντος,
3718 3411 3820 3464 καὶ
3875 3410 3910 3463 ὀ

2314 3496 2450 3567 ἔχει,
2486 3498 2782 3570 ἀρθήσεται
2837 3498 2929 3551 ἀπ’
2960 3497 3125 3551 αὑτοῦ
3149 3515 3163 3529 ο
3204 3499 3301 3552 καὶ
3331 3500 3421 3551 τὸν
3456 3501 3674 3571 ἀχρεῖον
3706 3500 3909 3554 δοῦλον

2314 3591 2604 3645 ὲκὸάλλετε
2628 3593 2707 3653 είς
2748 3590 2809 3644 τὸ
2840 3590 3029 3655 σκότος
3076 3592 3137 3644 τὸ
3165 3590 3447 3659 ἐξώτερον,
3508 3594 3625 3645 εκεῖ
3668 3592 3837 3648 ἔσται
3877 3596 3910 3647 ὀ

2314 3682 2588 3752 κλαυθμὸς
2644 3685 2739 3735 καὶ
2772 3684 2799 3736 6
2846 3682 3095 3753 βρυγμὸς
3139 3684 3249 3735 τῶν
3305 3682 3558 3738 ὀδόντων.
3594 3703 3614 3735 ι
3670 3684 3743 3737 Ol
3796 3686 3910 3756 μὲν

2309 3774 2751 3843 ἐπεργασάμενοι
2802 3776 2915 3835 τοῖς
2959 3773 3212 3841 δοθεῖσιν,
3267 3774 3619 3830 ἐπαινοῦνται
3654 3775 3767 3829 ὑπὸ
3802 3778 3907 3831 τοῦ

2310 3866 2570 3919 δεσπότου
2625 3867 2825 3935 ὁμοίως
2871 3864 3196 3935 ἀμφότεροι,
3248 3859 3344 3929 Εὖ,
3376 3865 3529 3921 δοῦλε
3560 3866 3735 3935 ἀγαθὲ
3801 3873 3909 3923 καὶ

2311 3958 2489 4021 πιστὲ,
2525 3958 2782 4026 ἑκάτερος
2817 3956 2997 4010 αὐτῶν
3026 3956 3243 4011 ἁκούων
3264 3972 3279 3987 ⁸
3319 3957 3521 4025 ἀγαθὸν
3568 3958 3626 4011 δὲ
3650 3960 3908 4015 ἐνταῦθα

2309 4046 2523 4108 πάντως
2543 4045 2632 4097 τὸν
2659 4045 3059 4115 φιλάνθρωπον,
3083 4045 3176 4099 τὸν
3199 4045 3429 4113 ἄφθονον
3441 4046 3691 4118 νοοῦμεν,
3710 4049 3774 4115 ὃς
3794 4054 3907 4124 τὴν

2307 4135 2511 4188 οἰκείαν
2541 4133 2850 4204 άγαθότητα
2901 4135 2995 4187 καὶ
3034 4136 3145 4197 τοῖς
3196 4134 3425 4206 πλησίον
3464 4135 3740 4205 ἑφαπλοῖ·
3802 4144 3907 4197 ἐπὶ

645 4224 810 4277 multa
841 4227 1239 4279 constituuntur
1267 4241 1281 4278 :
1312 4240 1375 4278 na
1398 4241 1447 4277 m
1480 4225 1605 4279 licet
1634 4225 1721 4279 hic
1747 4227 1884 4279 dona
1919 4242 2211 4294 consequa-

2326 4227 2466 4294 ίλίγα
2490 4226 2548 4279 δὲ
2576 4226 2756 4279 πιστοὶ
2802 4227 3081 4293 φανέντες,
3131 4227 3223 4279 ἐπὶ
3247 4227 3456 4281 πολλῶν
3499 4228 3901 4290 καθίστανται.

642 4331 785 4379 mur,
820 4330 882 4369 ea
926 4326 1099 4369 tamen
1130 4331 1250 4370 cum
1298 4316 1495 4369 futuris
1543 4332 1650 4369 non
1692 4331 1815 4370 sunt
1857 4318 2201 4371 conferenda.

2326 4320 2416 4373 (αὶ
2446 4319 2553 4389 γὰρ
2615 4320 2663 4371 εί
2709 4318 2803 4371 καὶ
2854 4316 3091 4371 ἐνταῦθα
3148 4320 3507 4390 χαρισμάτων
3557 4324 3903 4394 ἀξιούμεθα,

643 4406 908 4461 Gaudium
951 4418 1128 4461 autem
1167 4407 1395 4475 Domini,
1432 4408 1769 4462 ineessabilis
1804 4408 2012 4475 laetitia,
2044 4426 2202 4476 quam

2326 4414 2451 4481 ὁμως
2497 4412 2650 4464 οὐδέν
2694 4413 2800 4464 είσι
2848 4410 3023 4464 ταῦτα
3074 4414 3210 4482 πρὸς
3260 4414 3325 4466 τὰ
3372 4415 3633 4484 μέλλοντα
3679 4420 3901 4488 ἀγαθά.

644 4500 805 4551 habet
848 4496 989 4552 Deus
1029 4496 1266 4567 gaudens
1305 4500 1355 4551 in
1393 4499 1646 4568 operibus
1684 4501 1831 4563 suis,
1865 4501 2003 4553 sicut
2038 4500 2201 4553 David

2326 4506 2460 4575 (αρὰ
2479 4506 2536 4558 δὲ
2565 4506 2658 4558 τοῦ
2680 4506 2905 4576 Κυρίου,
2930 4509 2964 4577 ή
2986 4505 3221 4577 ἇληκτος
3252 4509 3584 4581 εὐφροσύνη,
3615 4515 3682 4583 ἣν
3709 4516 3834 4586 ἔχει
3872 4523 3905 4573 6

639 4591 767 4644 dicit
794 4590 861 4642 ".
896 4589 1010 4642 Tali
1047 4589 1210 4660 igitur
1240 4589 1436 4659 gaudio
1472 4594 1707 4659 gaudent
1739 4592 1914 4645 sancti
1945 4591 1996 4645 in
2024 4594 2201 4661 operi-

2326 4598 2930 4668 5εδς,εὺφραινόμενος
2982 4599 3074 4651 ἐπὶ
3120 4604 3233 4663 τοῖς
3279 4601 3461 4672 ἔργοις
3495 4604 3686 4670 αὑτοῦ,
3734 4609 3818 4672 ὡς
3870 4614 3903 4664 ὁ

637 4686 736 4736 bus
761 4683 871 4737 suis
903 4683 1145 4737 lmtantes
1169 4699 1181 4735 :
1217 4683 1355 4735 sicut
1377 4690 1432 4736 et
1456 4694 1647 4737 contra
1676 4694 1989 4753 peccatores
2013 4684 2200 4738 dotem

2326 4690 2465 4743 ιαυτδ
2499 4690 2667 4758 λέγει.
2706 4690 2973 4761 Τοιαύτην
3006 4685 3100 4743 οὖν
3130 4693 3473 4763 εὐφροσύνην
3494 4695 3903 4765 εὐφραίνονται

638 4775 689 4827 in
724 4775 974 4842 operibus
1016 4774 1291 4842 propriis:
1321 4783 1376 4828 et
1420 4776 1591 4829 sancti
1627 4778 1860 4845 gaudent
1903 4779 2044 4845 quod
2088 4786 2195 4832 tam

2326 4781 2400 4833 ιαὶ
2429 4781 2478 4833 οἱ
2509 4781 2655 4847 ἆγιοι
2708 4782 2803 4834 ἐπὶ
2839 4784 2948 4845 τοῖς
2978 4781 3161 4851 ἔργοις
3210 4784 3391 4837 αὐτῶν
3423 4802 3437 4816 ’
3462 4783 3656 4857 ὥσπερ
3703 4786 3807 4845 οὖν
3841 4794 3902 4848 οι

636 4866 854 4918 divitem
894 4865 1125 4921 habeant
1161 4865 1465 4919 Dominum.
1512 4868 1639 4922 Vide
1671 4877 1848 4923 autem
1886 4869 2028 4936 quod
2064 4877 2117 4924 et
2150 4870 2197 4925 is

2326 4873 2616 4943 ιμαρτωλοὶ
2647 4872 2942 4927 λυποῦνται
2987 4876 3081 4928 ἐπὶ
3128 4877 3241 4937 τοῖς
3264 4876 3487 4942 οίκείοις
3531 4877 3744 4948 ἔργοις,
3790 4888 3901 4939 καὶ

634 4958 721 5025 qui
750 4957 1011 5026 quinque,
1039 4967 1091 5011 et
1124 4957 1295 5039 isﬁqui’
1317 4960 1421 5012 duo
1447 4960 1647 5014 talenta
1673 4970 1977 5028 acceperat,
2006 4962 2192 5018 eadem

2326 4965 2699 5036 ιεταμέλονται
2722 4982 2734 4995 ·
2768 4966 2976 5020 καὶτὸν
3008 4967 3215 5038 Κύριον
3246 4968 3303 5021 δὲ
3333 4956 3561 5024 πλοῦτον
3584 4972 3807 5041 ἔχοντες
3840 4983 3898 5033 οἱ

632 5050 770 5103 l~ona
804 5058 1221 5117 consequantur.
1250 5048 1475 5127 Quando
1509 5054 1651 5107 enim
1684 5056 1802 5123 quis
1830 5054 1991 5107 etiam
2026 5068 2194 5123 pauca

2326 5073 2467 5124 ιγιοι,
2499 5058 2778 5127 χαίρουσιν
2802 5058 2886 5110 ἐπ’
2911 5058 3080 5129 αὐτῷ.
3107 5054 3248 5130 Ὅρα
3272 5060 3326 5114 δὲ
3347 5061 3428 5114 ὅτι
3449 5063 3545 5115 καὶ
3571 5064 3597 5115 ὀ
3617 5064 3685 5117 τὰ
3712 5066 3899 5124 πέντε

634 5140 917 5204 acceperit,
957 5139 1117 5209 139
1148 5148 1203 5193 et
1229 5134 1412 5194 datum
1446 5144 1546 5197 sibi
1579 5144 1796 5205 donum,
1822 5144 1947 5199 licet
1972 5160 2192 5211 parvum

2329 5149 2532 5202 άλαντα
2562 5148 2763 5213 λαϐὼν,
2819 5149 2911 5203 καὶ
2939 5149 2967 5201 ὀ
2996 5151 3064 5203 τὰ
3110 5151 3226 5217 δύο,
3278 5152 3391 5207 τῶν
3436 5154 3615 5207 αὐτῶν
3647 5157 3897 5223 ἀγαθῶν

631 5229 733 5291 sit,
777 5227 911 5283 bene
943 5234 1287 5298 dispensarit,
1324 5234 1579 5299 aequalem
1613 5236 1869 5290 honorem
1904 5238 2194 5304 adepturus

2330 5240 2587 5305 Ειοῦνται.
2620 5242 2791 5295 Ὅταν
2827 5244 2937 5313 γάρ
2970 5259 3076 5309 τις,
3132 5246 3227 5297 καὶ
3263 5244 3419 5314 ὀλίγα
3462 5247 3667 5312 λαϐὼν,
3720 5251 3895 5322 ὅμως

630 5326 712 5369 est
736 5333 856 5369 cuin
880 5335 944 5373 eo
972 5322 1059 5388 qui
1092 5337 1285 5393 magna
1318 5324 1502 5376 habuit
1537 5335 1589 5377 et
1618 5324 1765 5378 fecit.
1811 5325 2195 5395 Unusquisque

2326 5331 2389 5402 ὴν
2406 5330 2654 5384 δοθεῖσαν
2684 5331 2832 5401 αὑτῴ
2862 5333 3047 5402 χάριν,
3081 5332 3185 5387 κᾶν
3220 5336 3395 5405 μικρὰ
3438 5337 3545 5407 εἴη,
3574 5337 3764 5403 καλῶς
3792 5345 3855 5396 οι
3874 5374 3895 5383 -

630 5408 771 5461 enim
803 5420 859 5461 ut
895 5414 1183 5479 acceperit,
1219 5416 1288 5467 ita
1314 5424 1365 5467 et
1398 5416 1639 5469 excelsus
1670 5416 1959 5481 videbitur,
1989 5418 2030 5471 si
2055 5418 2193 5473 bene

2326 5425 2612 5496 ονομήσῃ,
2676 5425 2798 5495 ἴσην
2856 5427 3022 5497 τιμὴν
3078 5427 3416 5497 ἀπολήψεται
3472 5430 3546 5501 τῷ
3608 5434 3893 5501 μεγάλων

629 5500 817 5566 egerit.
846 5499 1013 5553 Porro
1037 5505 1179 5557 servi
1205 5506 1341 5574 grati
1373 5507 1442 5559 ita
1480 5507 1756 5565 sc.habent
1782 5528 1794 5563 :
1823 5520 1875 5562 at
1900 5524 2189 5577 perversus

2330 5515 2573 5581 ξιωθέντι
2626 5519 2720 5570 καὶ¹
2779 5517 3206 5588 κατορθώσαντι.
3250 5499 3527 5585 Ἕκαστος
3552 5499 3662 5592 γάρ
3692 5526 3831 5577 καθ’
3860 5529 3895 5581 ὃ

626 5600 679 5639 et
732 5593 878 5657 piger
928 5592 1084 5645 aliter
1140 5596 1454 5661 respondet,
1510 5605 1564 5649 et
1612 5605 1667 5649 tit
1719 5613 1777 5651 se
1821 5599 2037 5667 dignum
2082 5610 2185 5654 est.

2326 5604 2470 5669 λαὸε,
2495 5606 2635 5659 κατὰ
2661 5607 2820 5659 τοῦτο
2850 5610 2941 5660 καὶ
2980 5607 3150 5679 ἄκρος
3176 5608 3343 5675 δοκεῖ,
3396 5612 3489 5664 ἐὰν
3519 5613 3887 5691 κατορθώσῃ,

630 5678 827 5732 Durum
874 5683 1015 5735 cnim
1074 5684 1347 5738 dmitintttn
1410 5688 1689 5751 nominat,
1749 5690 1886 5744 sicut
1941 5700 1993 5745 et
2048 5707 2191 5747 nunc

2326 5693 2443 5747 Αλλ’
2474 5696 2522 5747 οἱ
2560 5696 2657 5765 μὲν
2696 5678 3292 5767 -εὺγνώμονεςνόοῦλοι,
3333 5700 3591 5755 τοιοῦτοι·
3628 5678 3739 5759 ὀνδὲ
3775 5678 3894 5763 πὲἱ-

697 5861 742 5893 ³³
772 5859 915 5915 l‘sal.
949 5880 1019 5926 xl,
1052 5864 1113 5917 7.-
1227 5866 1271 5896 ⁸⁸
1310 5866 1449 5922 Psal.
1500 5886 1605 5938 Civ,
1650 5872 1703 5926 5.
