4010 6400
128 452 221 514 429
714 445 1161 512 ENARRATIO
1200 446 1284 509 ΙΝ
1324 442 1707 509 EVANGELI

1816 443 2250 506 [ΜΑΊἿῊΕΙ.
2292 469 2364 481 -
2398 444 2557 505 CAP.
2601 443 2780 506 XXV.

3291 444 3405 509 430

125 571 273 645 νηρδς
340 571 437 625 καὶ
472 568 708 640 ὀκνηρὸς
761 569 935 632 ἄλλως
973 567 1343 634 ἀπολογεῖται,
1380 564 1476 619 καὶ
1505 548 1705 617 ἑαυτοῦ

1816 562 1967 618 multi
2014 562 2307 619 doctorum
2338 561 2550 617 dicunt.
2602 560 2808 616 Durum
2846 558 3073 631 quidem
3115 560 3403 630 requirere

123 664 296 729 ἀξίως.
327 654 578 731 Σκληρδν
609 654 721 730 γάρ
749 658 1007 729 ὀνομάζει
1040 656 1133 709 τὸν
1160 653 1448 723 δεσπότην,
1507 650 1700 721 ῶσπερ

123 757 205 809 καὶ
250 754 351 809 νῦν
401 752 605 811 πολλου
623 752 733 806 τῶν
765 749 1127 805 διδασκόντων
1159 747 1399 815 λέγουσι’
1461 743 1705 814 Σκληρόν

123 847 316 901 ἔστιτὸ
370 845 560 914 ζητεῖν
615 843 773 911 παρὰ
830 839 1137 911 ἀνθρώπων
1183 837 1437 908 ὑπακοὴν
1491 831 1574 900 οἷς
1602 836 1706 890 οὐκ

122 936 436 1006 ἐνεποίησεν
463 938 495 988 6
526 934 660 997 Θεὸς
687 933 751 987 τὸ
782 932 1046 1003 ὑπήκοον,
1073 930 1199 984 οὐδὲ
1254 929 1577 999 ἑνέσπειρεν
1604 926 1706 981 αὑ-

120 1031 221 1091 τοῖς
251 1028 316 1081 τὺ
371 1026 663 1089 εὐπειθές·
695 1023 857 1077 τοῦτο
893 1022 1003 1095 γὰρ
1045 1019 1343 1075 αἰνίττεται
1376 1020 1465 1074 διὰ
1489 1018 1583 1074 τοῦ
1624 1019 1705 1072 εί-

123 1122 229 1173 πείν
250 1136 267 1150 ·
300 1118 563 1189 Θερίζεις
584 1118 720 1171 ὅπου
768 1116 869 1171 οὐκ
895 1114 1181 1185 ἔσπειρας,
1215 1112 1518 1178 τουτέστιν,
1554 1104 1707 1180 ᾧτινι

120 1211 206 1263 οὐκ
228 1211 570 1281 ἑνέσπειρας
595 1210 656 1262 τὸ
676 1207 948 1273 εὐπειθὲς,
968 1206 1221 1268 ἀπαιτεῖς
1244 1202 1379 1275 παρ’
1406 1204 1619 1257 ἐκείνου
1645 1202 1709 1257 τὸ

121 1307 384 1371 εὐπειθές.
414 1306 613 1373 Λέγων
640 1290 707 1358 ’δὲ
748 1303 981 1374 σκληρδν
1005 1301 1097 1355 τδν
1146 1300 1416 1369 δεσπότην
1444 1300 1472 1352 6
1498 1298 1707 1367 δοῦλος,

121 1400 300 1452 ἑαυτὸν
329 1398 681 1468 κατακρίνει.
728 1395 884 1451 Ἐπεὶ
930 1394 1040 1465 γὰρ
1083 1394 1317 1467 σκληρὸς
1360 1389 1449 1465 ἦν,
1506 1389 1707 1460 ὤφειλε

123 1490 309 1558 μᾶλλον
344 1488 769 1556 ἐπιμελεῖσθαι,
819 1486 895 1550 ὡς
930 1485 1165 1557 σκληρὸν
1194 1486 1288 1540 καὶ
1332 1484 1519 1553 ἀπηνῆ
1568 1482 1711 1554 ἔχων

120 1582 404 1650 δεσπότην.
472 1579 541 1633 El
590 1581 700 1650 γὰρ
746 1578 816 1633 τὰ
878 1579 1082 1649 ἐτέρων
1126 1578 1373 1643 ἀπαιτεῖ,
1409 1574 1611 1646 μᾶλλον
1640 1574 1711 1629 τά

120 1671 302 1725 ἑαυτοῦ
367 1672 709 1741 ἀπαιτήσει*
746 1668 889 1723 ὥστε
941 1668 1046 1723 ἔδει
1101 1669 1195 1722 καὶ
1230 1667 1291 1721 σὲ
1347 1667 1641 1739 πλεονάσαι
1681 1664 1711 1718 δ

121 1764 322 1828 ἔλαϐες,
371 1765 471 1817 καὶ
509 1762 733 1830 ποιῆσαι
767 1761 1037 1831 μαθητὰς,
1075 1761 1171 1831 ἀφ’
1200 1754 1277 1821 ὧν
1320 1760 1600 1831 ἀπῄτησεν
1643 1758 1711 1813 ἀν

121 1857 171 1906 τὸ
200 1853 563 1924 ὀφειλόμενον
592 1850 729 1923 (35).
765 1850 1114 1921 Τραπεζίτας
1144 1850 1254 1921 γὰρ
1301 1852 1427 1912 τοὺς
1462 1848 1711 1921 μαθητὰς

120 1948 391 2017 ὀνομάζει,
440 1947 524 2009 ὼς
551 1943 1005 2016 δοκιμάζονταςῆ
1064 1944 1571 2015 ἀποδοκιμάζοντας
1615 1941 1710 1997 τὸν

119 2040 264 2110 λόγον
284 2058 298 2072 ·
362 2042 529 2094 τόκον
560 2040 619 2093 δὲ
674 2041 898 2096 ἀπαιτιτ
949 2040 1101 2112 παρὰ
1162 2038 1272 2094 τῶν
1309 2039 1569 2111 μαθητῶν
1610 2036 1710 2109 τὴν

119 2134 215 2187 τῶν
245 2132 430 2203 εργων
470 2131 755 2199 ἐπίδειξιν.
801 2132 862 2178 Ὦ
906 2132 1015 2205 γὰρ
1078 2131 1347 2202 μαθητὴς,
1413 2129 1709 2200 λαμϐάνων

120 2225 261 2295 παρὰ
280 2225 381 2277 τοῦ
414 2224 739 2278 διδασκάλου
763 2224 857 2278 τὸν
888 2223 1066 2293 λόγον,
1100 2224 1216 2295 ἔχει
1250 2223 1352 2294 μὲν
1393 2224 1489 2277 καὶ
1521 2222 1706 2285 αὐτὸν,

121 2318 201 2368 καὶ
231 2317 569 2370 ἀποδίδωσιν
594 2313 757 2368 αὑτὸν
805 2312 997 2385 όλόκλη
1008 2332 1101 2386 ρον
1120 2331 1135 2345 ο
1163 2312 1487 2385 προσδίδωσι
1513 2311 1571 2365 δὲ
1611 2311 1709 2365 καὶ

120 2408 264 2460 τόκον
315 2406 419 2478 τὴν
457 2405 729 2477 ἐργασίαν
764 2404 860 2469 τοῦ
901 2404 1132 2473 ἀγαθοῦ.
1187 2406 1411 2475 Ᾱῐρεται
1458 2398 1550 2458 οὖν
1599 2401 1709 2456 ἀπὸ

122 2497 203 2551 τοῦ
230 2497 489 2569 πονηροῦ-
510 2497 609 2551 καὶ
630 2496 866 2569 όκνηροῦ
903 2497 1090 2553 δούλου
1115 2496 1174 2552 τὺ
1202 2497 1472 2567 χάρισμα.
1512 2496 1572 2549 '0
1596 2497 1708 2567 γὰρ

122 2591 288 2645 λαϐὼν
318 2592 581 2663 χάρισμά
607 2608 662 2644 τι
694 2593 773 2656 είς
804 2591 865 2645 τὸ
898 2590 1179 2662 ὠφελῆσαι
1208 2590 1425 2655 ἄλλους,
1485 2589 1578 2642 καὶ
1631 2588 1708 2659 μὴ

122 2687 455 2756 κεχρημένος
484 2687 684 2756 τούτῳ,
708 2687 804 2739 καὶ
825 2684 960 2739 αὐτὸ
982 2685 1281 2739 ἀπόλλυσιν
1302 2701 1313 2712 ·
1345 2685 1373 2736 6
1398 2683 1454 2736 δὲ
1483 2682 1706 2735 πλείονα

125 2778 352 2848 σπουδὴν
419 2776 816 2848 ποιησάμενος,
873 2774 1097 2830 πλείονα
1138 2778 1445 2831 ἐπισπᾶται
1479 2776 1573 2828 καὶ
1606 2774 1706 2845 τὴν

122 2868 339 2939 δωρεάν.
370 2867 467 2938 Τῷ
497 2868 605 2939 γὰρ
656 2866 835 2937 ἔχοντι
870 2866 1105 2939 σπουδὴν
1156 2867 1448 2937 δοθήσεται
1504 2864 1708 2918 πλείων

122 2963 353 3035 ὴχάρις,
387 2963 488 3018 καὶ
521 2961 1053 3033 περισσευθήσεται·
1089 2962 1199 3015 ἀπὸ
1232 2962 1288 3015 δὲ
1327 2961 1420 3015 τοῦ
1454 2959 1530 3032 μὴ
1560 2958 1710 3030 ἕχον-

1811 656 1880 711 ab
1902 654 2217 710 hominibus
2244 653 2638 718 obedientiam,
2665 654 2866 724 quibus
2889 651 3035 707 Deus
3069 668 3180 709 non
3208 654 3407 711 indidit

1808 748 2174 804 obedientiam
2200 756 2254 802 et
2281 746 2824 818 persuasibilitatem,
2853 746 2955 801 hoc
2983 746 3128 802 enim
3165 746 3406 804 insinuat

1811 838 2002 894 dicens
2029 856 2045 895 :
2084 838 2241 894 ﬂetis
2272 838 2362 893 ubi
2397 851 2509 894 non
2549 837 2865 905 seminasti,
2890 838 2995 893 hoc
3024 847 3143 904 est,
3173 839 3261 893 cui
3296 854 3403 893 non

1812 932 2011 986 dedisti
2072 940 2131 985 ut
2185 930 2474 999 obediret,
2528 932 2704 1001 exigis
2769 931 2839 986 ab
2894 930 2987 986 illo
3044 940 3105 985 ut
3162 932 3403 986 obediat.

1815 1012 2014 1078 bicens
2071 1032 2253 1078 autem
2305 1022 2504 1078 durum
2558 1024 2838 1078 dominum
2909 1037 3099 1078 servus
3165 1022 3405 1093 seipsum

1810 1114 2159 1171 condemnat.
2218 1115 2357 1171 Nam
2414 1116 2675 1187 quoniam
2737 1117 2905 1171 durus
2959 1128 3116 1184 erat,
3173 1117 3410 1172 debebat

1812 1207 1988 1279 magis
2035 1196 2268 1279 diligens
2318 1222 2481 1274 esse,
2530 1216 2720 1278 utpote
2771 1209 2967 1263 durum
3019 1219 3076 1263 et
3130 1209 3406 1264 crudelem

1812 1300 2094 1357 dominum
2146 1304 2397 1356 sortitus.
2446 1298 2585 1356 Nam
2638 1300 2683 1355 si
2739 1300 2917 1357 aliena
2970 1303 3181 1372 exigit,
3236 1301 3411 1356 multo

1814 1393 1987 1464 magis
2037 1408 2130 1448 sua
2179 1395 2399 1465 exiget:
2433 1403 2597 1461 atque
2635 1392 2709 1447 ita
2753 1392 3041 1463 Oportebat
3082 1402 3137 1448 et
3178 1400 3232 1447 te
3273 1393 3408 1445 mul-

1815 1486 2064 1557 tiplicare
2113 1501 2239 1556 quae
2289 1498 2580 1555 acceperas
2613 1526 2629 1552 ,
2684 1494 2740 1540 et
2794 1484 2975 1538 facere
3028 1484 3327 1554 discipulos
3379 1499 3409 1537 a

1812 1578 2011 1648 quibus
2038 1577 2278 1631 debitum
2324 1583 2615 1646 repeteret.
2653 1573 3063 1631 Nununularios
3094 1588 3277 1629 autem
3326 1576 3413 1629 di-

1813 1670 2051 1741 scipulos
2098 1670 2380 1732 nominat,
2430 1678 2684 1738 tanquam
2743 1683 2839 1723 eos
2889 1670 2979 1738 qui
3037 1670 3269 1734 probent
3316 1674 3410 1719 aut

1816 1762 2113 1833 reprobent
2145 1775 2452 1817 sermones.
2498 1759 2701 1815 Verum
2735 1774 2957 1814 usuram
2985 1760 3154 1829 exigit
3184 1774 3213 1811 a
3249 1760 3411 1812 disci-

1817 1854 1999 1927 pulis,
2062 1868 2287 1924 operum
2347 1854 2559 1909 scilicet
2617 1853 3034 1907 exhibitionem.
3102 1850 3410 1918 Discipulos

1742 1922 1785 1978 Β
1807 1922 1960 2003 enim
1991 1961 2021 2001 a
2056 1922 2281 2001 doctore
2306 1958 2617 2000 sermonem
2649 1944 2950 2011 accipiens,
2988 1941 3153 1996 habet
3184 1941 3408 2010 quidem

1814 2040 1965 2095 illum
1998 2049 2055 2096 et
2084 2039 2265 2095 reddit
2308 2039 2616 2106 integrum,
2661 2037 2812 2092 addit
2838 2046 3026 2102 autem
3070 2045 3127 2092 et
3156 2049 3406 2099 usuram,

1813 2134 1940 2190 boni
1987 2133 2385 2204 operationem.
2420 2130 2658 2186 Tollitur
2686 2131 2870 2201 itaque
2915 2145 2943 2183 a
2988 2130 3132 2184 malo
3166 2139 3225 2183 et
3255 2130 3406 2197 segni

1814 2239 1974 2282 servo
2016 2228 2241 2281 donum.
2270 2224 2375 2293 Qui
2404 2225 2551 2281 enim
2586 2225 2787 2279 donum
2818 2221 3037 2292 aliquod
3071 2222 3126 2276 in
3169 2222 3406 2274 aliorum

1816 2318 2108 2373 utilitatem
2139 2319 2369 2389 accepit,
2397 2330 2501 2371 nec
2523 2330 2590 2371 eo
2613 2316 2808 2381 utitur,
2844 2314 2974 2369 illud
3004 2315 3169 2368 etiam
3194 2314 3405 2382 perdit:

1818 2409 1909 2478 qui
1942 2422 2072 2463 vero
2103 2407 2471 2478 multiplicare
2501 2407 2711 2470 studet,
2756 2406 3024 2476 majorem
3064 2404 3171 2459 sibi
3214 2403 3406 2458 conci-

1817 2500 1970 2555 liabit
2000 2500 2249 2571 gratiam.
2288 2495 2635 2569 Diligentiam
2671 2499 2819 2553 enim
2855 2496 3142 2553 adhibenti
3185 2496 3408 2551 dabitur

1820 2587 1992 2657 major
2020 2588 2217 2657 gratia,
2246 2587 2333 2657 ,ita
2364 2598 2424 2641 ut
2467 2586 2725 2643 abundet.
2770 2585 3022 2643 Studium
3062 2596 3249 2642 autem
3300 2600 3406 2641 non

1818 2676 2106 2744 adhibens,
2138 2688 2196 2732 et
2231 2679 2376 2732 dono
2410 2678 2553 2746 quod
2584 2678 2804 2733 videtur
2844 2678 3049 2733 habere
3079 2676 3407 2747 privabitur.

1818 2767 2109 2839 Negligens
2146 2770 2329 2838 enim,
2374 2781 2431 2826 et
2473 2772 2565 2842 qui
2613 2784 2719 2827 non
2763 2784 3024 2843 operatur
3055 2787 3151 2842 per
3195 2786 3258 2826 ea
3288 2786 3411 2841 quae

1817 2863 2050 2933 accepit,
2106 2877 2213 2916 non
2258 2863 2422 2919 habet
2470 2864 2711 2931 donum,
2750 2866 2847 2923 sed
2893 2866 3107 2921 videtur
3159 2865 3406 2921 habere:

1820 2972 1943 3010 nam
1980 2955 2215 3025 perdidit
2245 2970 2344 3011 sua
2377 2957 2730 3028 negligentia.

123 3072 199 3119 τος
231 3057 478 3129 σπουδὴν
534 3056 714 3110 καὶτὸ
741 3056 990 3128 χάρισμα
1029 3056 1058 3110 6
1084 3056 1235 3110 δοκεῖ
1263 3054 1432 3125 ἐχειν,
1467 3054 1808 3125 ἀρθήσεται·
1883 3050 1911 3103 ό
1975 3050 2085 3121 γὰρ
2145 3067 2222 3121 μη
2255 3050 2493 3121 σπουδὴν
2540 3051 2703 3121 ἔχων,
2770 3052 2907 3123 μηδὲ
2936 3054 3411 3124 -ὲπεργασάμενος

123 3150 191 3220 οἷς
223 3155 445 3217 ἔλαϐεν,
472 3154 575 3207 οὐκ
619 3153 734 3223 ἔχει
772 3153 834 3206 τὸ
863 3152 1131 3224 χάρισμα,
1163 3151 1298 3206 ἀλλά
1332 3151 1486 3204 δοκεῖ
1516 3150 1683 3221 ἔχειν’
1730 3146 2035 3217 ἠμαύρωσε
2074 3145 2183 3217 γὰρ
2213 3147 2374 3201 τοῦτο
2401 3148 2488 3201 διὰ
2512 3150 2612 3218 τῆς
2653 3148 2936 3219 ἀμελείας.

188 3267 205 3298 ι
245 3249 422 3301 Ὀταν
448 3246 507 3299 δὲ
541 3244 669 3318 ἔλθῃ
700 3247 728 3298 6
764 3245 893 3309 Υἱὸς
922 3245 1017 3299 τοῦ
1045 3244 1337 3317 ἀνθρώπου
1373 3249 1430 3300 ὲν
1462 3248 1527 3316 τῇ
1576 3242 1705 3315 δόξῃ

1884 3238 2048 3296 Vens.
2087 3240 2321 3295 5|~53.t
2363 3240 2495 3296 Cum
2531 3252 2713 3300 autem
2746 3246 2957 3298 venerit
2980 3244 3149 3299 Filius
3172 3245 3412 3312 homini.

123 3337 297 3398 αὐτοῦ,
318 3338 419 3389 καὶ
456 3335 657 3397 πάντες
683 3334 734 3387 oi
764 3333 911 3402 ἅγιοι
945 3334 1169 3403 ἄγγελοι
1201 3336 1322 3405 μετ’
1353 3334 1539 3399 αὐτοῦ,
1584 3335 1707 3387 τότε

126 3428 333 3480 καθίσεί
362 3427 462 3481 ἐπὶ
506 3426 698 3497 θρόνου
731 3426 889 3497 δόξης
915 3428 1103 3493 αὑτοῦ,
1150 3429 1247 3482 καὶ
1274 3429 1707 3499 συναχθήσονται

124 3520 427 3591 ἔμπροσθεν
458 3518 626 3573 αὐτοῦ
663 3518 843 3573 πάντα
863 3521 933 3572 τὰ
961 3520 1109 3589 ἔθνη,
1142 3524 1234 3575 καὶ
1260 3524 1477 3592 ἀφοριεί
1508 3522 1708 3585 αὐτοὺς

124 3615 205 3668 ἀπ’
236 3616 519 3686 ἀλλήλων,
548 3613 736 3687 ὥσπερ
760 3617 788 3669 ό
824 3616 1029 3685 ποιμὴν
1070 3616 1324 3686 ἀφορίζει
1355 3617 1423 3669 τὰ
1458 3615 1709 3687 πρόϐατα

124 3708 218 3761 ἀπὸ
242 3708 352 3761 τῶν
381 3709 609 3778 ἐρίφων,
644 3710 740 3761 καὶ
774 3708 964 3780 στήσει
1000 3708 1068 3762 τά
1106 3710 1204 3779 μὲν
1254 3709 1501 3779 πρόϐατα
1532 3710 1594 3761 ἐκ
1623 3708 1709 3761 δε-

124 3800 239 3867 ξιῶν
262 3799 458 3858 αὐτοῦ.
503 3799 572 3853 τὰ
592 3800 651 3852 δὲ
682 3800 869 3870 ἐρίφια
901 3799 959 3865 ἐξ
992 3799 1312 3869 εὐωνύμων.
1355 3818 1373 3851 ι
1423 3799 1643 3869 Ἐπειδὴ
1674 3800 1707 3869 ἡ

124 3894 308 3963 πρώτη
340 3893 620 3962 παρουσία
665 3893 760 3945 τοῦ
807 3892 1015 3962 Κυρίου
1068 3894 1125 3945 ὲν
1164 3893 1360 3964 ἀτιμίᾳ
1386 3893 1577 3959 γέγονε
1613 3893 1709 3945 καὶ

125 3985 293 4058 ὕϐρει,
321 3988 462 4057 φησὶ
480 3987 562 4053 τὸ,
586 3986 754 4039 Ὅταν
781 3984 907 4057 ἔλθῃ
934 3987 990 4038 ὲν
1021 3988 1087 4056 τῇ
1120 3986 1247 4057 δόξῃ
1278 3986 1464 4041 αὐτοῦ.
1487 3986 1573 4039 Ἐν
1600 3985 1709 4058 γὰρ

123 4082 179 4148 τῇ
212 4079 449 4149 δευτέρᾳ
502 4077 643 4146 μετά
668 4076 828 4147 δόξης
863 4076 1167 4142 ἐλεύσεται,
1194 4075 1444 4145 ἀγγέλων
1476 4077 1709 4147 δορυφοο

124 4167 357 4237 ρούντων
386 4168 574 4221 αὐτόν.
608 4166 831 4235 Πρῶτον
858 4165 914 4219 δὲ
952 4166 1200 4236 ἀφορίζει
1232 4168 1358 4228 τοὺς
1382 4167 1573 4235 ἀγίους
1602 4167 1710 4220 ἀπὸ

122 4260 221 4313 τῶν
257 4258 633 4331 ἁμαρτωλῶν,
666 4259 1034 4312 ἀπαλλάσσων
1069 4259 1270 4321 αὐτοὺς
1314 4256 1581 4326 ἀγωνίας,
1614 4260 1710 4311 καὶ

125 4354 320 4426 ἵστησι,
364 4352 464 4405 καὶ
501 4352 623 4404 τότε
668 4354 838 4421 φωνεῖ
869 4353 1004 4422 πρὸς
1049 4351 1268 4415 αὐτούς.
1302 4333 1560 4421 Πρόϐατα
1608 4352 1709 4422 μὲν

123 4437 205 4495 ei?
232 4444 397 4496 καλεῖ
421 4442 549 4504 τοὺς
579 4443 788 4509 ἁγίους,
817 4442 903 4495 διά
930 4444 992 4495 τὸ
1018 4444 1247 4514 ἥμερον,
1269 4442 1360 4496 καὶ
1385 4444 1466 4496 ὅτι
1494 4443 1709 4511 καρπὸν

127 4537 251 4607 ήμϊν
279 4536 489 4589 διδόασι
531 4536 625 4589 καὶ
654 4534 922 4604 ὠφέλειαν
943 4535 1018 4599 ὡς
1046 4535 1114 4589 τά
1145 4536 1412 4606 πρόϐατα,
1446 4536 1539 4588 καὶ
1564 4536 1709 4604 ἔριον

128 4628 485 4698 χορηγοῦντες
510 4627 629 4696 ἦτοι
653 4627 867 4697 σκέπην
892 4626 1042 4679 θείαν
1064 4616 1160 4681 καὶ
1184 4627 1708 4697 πνευματικὴν,,καὶ

134 4721 280 4785 (ἀλα,
308 4719 561 4772 τουτέστι
620 4717 831 4789 τροφὴν
881 4719 1308 4789 προσήκουσανσ
1360 4716 1584 4786 ἐρίφους
1629 4717 1707 4783 δὲ,

127 4814 237 4875 τοὺς
260 4810 631 4882 ἁμαρτωλούς
651 4829 664 4842 ·
700 4810 840 4864 κατά
865 4810 1127 4881 κρημνῶν
1148 4811 1256 4881 γὰρ
1287 4808 1587 4881 βαδίζουσι,
1615 4812 1704 4864 καὶ

130 4903 347 4957 ἄτακτοί
382 4906 494 4956 εισι
520 4904 615 4957 καὶ
649 4903 891 4973 ἄκαρποι
916 4903 991 4967 ὡς
1022 4903 1072 4956 oi
1103 4902 1305 4974 ἔριφοι.

192 5013 210 5048 ι
252 4996 394 5050 Τότε
456 4997 573 5065 ὲρεί
622 4998 651 5048 6
704 4994 960 5063 βασιλεὺς
1002 4998 1113 5058 τοῖς
1162 4998 1227 5049 ὲκ
1256 4993 1446 5059 δεξιῶν
1495 4995 1702 5049 αὐτοῦ’

129 5088 314 5157 Δεῦτε,
344 5092 393 5143 oi
430 5088 789 5159 εὐλογημένοι
831 5087 925 5142 τοῦ
962 5089 1178 5160 Πατρός
1214 5105 1339 5159 μου,
1367 5088 1709 5163 κληρονομή-

1814 3334 1866 3388 ἱη
1896 3334 2062 3404 gloria
2097 3343 2288 3398 sua,et
2316 3349 2509 3390 omnes
2552 3337 2727 3390 sancti
2768 3338 2941 3407 angeli
2984 3353 3108 3393 cum
3154 3355 3243 3407 eo,
3283 3341 3412 3398 tunc

1813 3427 2025 3481 sedebit
2055 3442 2221 3495 super
2248 3429 2428 3481 sedem
2460 3429 2642 3497 gloria:
2673 3445 2805 3495 suae,
2836 3441 2891 3484 et
2927 3435 3413 3503 congregabuntur

1812 3527 1937 3571 ante
1971 3533 2094 3572 eum
2121 3533 2314 3573 omnes
2346 3529 2555 3589 gentes,
2576 3526 2628 3573 et
2653 3522 2925 3589 separabit
2943 3537 3040 3577 eos
3062 3524 3129 3578 ab
3152 3525 3409 3591 invicem,

1811 3611 2269 3680 quemadmodum
2306 3622 2493 3679 pastor
2544 3622 2795 3681 segregat
2843 3629 2978 3669 oves
3030 3617 3098 3670 ab
3130 3618 3329 3680 haedis.
3358 3629 3414 3674 et

1814 3702 2271 3771 statuetquidem
2304 3717 2441 3758 oves
2470 3718 2499 3757 a
2535 3704 2740 3759 dextris
2769 3706 2905 3771 suis,
2931 3706 3123 3762 haedos
3171 3720 3351 3764 autem
3379 3726 3411 3765 a

1812 3791 2074 3847 sinistris.
2132 3810 2151 3844 ι
2190 3791 2459 3858 Quoniam
2518 3795 2731 3865 primus
2781 3799 3045 3853 adventus
3100 3799 3311 3856 Domini
3356 3804 3411 3857 in

1813 3884 2111 3953 ignominia
2164 3883 2340 3941 [uitet
2373 3889 2704 3958 opprobriis,
2726 3890 2877 3958 dicit,
2906 3891 3042 3947 Cum
3098 3896 3310 3951 venerit
3354 3896 3409 3952 in

1814 3977 1987 4046 gloria
2022 3991 2143 4033 sua.
2170 3976 2225 4031 in
2258 3980 2495 4033 secundo
2530 3981 2674 4033 enim
2712 3997 2833 4035 cum
2864 3982 3034 4051 gloria
3069 3986 3267 4053 aderit,
3308 4002 3413 4043 an-

1811 4067 1945 4137 gelis
1974 4068 2149 4137 ipsum
2180 4069 2526 4137 stipantibus.
2546 4071 2786 4126 Primum
2817 4085 2997 4129 autem
3031 4087 3253 4143 separat
3284 4094 3414 4135 san~

1810 4168 1931 4214 ctos
1947 4176 1975 4213 a
1998 4163 2398 4229 peccatoribus,
2418 4163 2654 4219 liberans
2672 4180 2771 4221 eos
2786 4182 2815 4221 a
2838 4166 3041 4234 labore,
3055 4182 3111 4225 et
3127 4171 3343 4240 statuit,
3360 4182 3415 4229 et

1816 4263 1944 4307 tunc
1975 4254 2214 4322 loquitur
2261 4254 2359 4309 eis.
2406 4256 2593 4327 Itaque
2632 4273 2764 4314 oves
2804 4271 2967 4315 vocat
3001 4274 3243 4330 sanctos,
3283 4268 3411 4337 quia

1816 4347 2080 4401 mansueti
2117 4356 2346 4415 sunt,et
2379 4347 2613 4407 fructum
2654 4344 2810 4407 nobis
2845 4368 2909 4408 ac
2941 4354 3231 4411 utilitatem
3280 4358 3413 4412 dunt

1816 4446 1871 4491 ut
1922 4453 2053 4493 oves
2092 4438 2270 4493 lanam
2322 4442 2758 4510 suppeditantes,
2796 4444 3049 4501 videlicet
3079 4448 3321 4502 divinum
3357 4460 3413 4505 et

1817 4530 2154 4598 spiritualem
2202 4531 2508 4588 amictum:
2542 4543 2595 4589 et
2636 4536 2741 4600 lac,
2774 4538 2879 4592 hoc
2916 4547 3018 4603 est,
3056 4540 3238 4595 cibum
3275 4556 3410 4596 con-

1817 4639 2011 4693 gruum
2039 4642 2053 4679 :
2081 4625 2274 4680 haedos
2307 4637 2485 4682 autem
2514 4635 2829 4697 peccatores
2862 4648 2877 4685 :
2913 4632 2963 4684 in
2997 4646 3239 4703 praeceps
3261 4636 3407 4690 enim

1815 4717 2039 4782 vadunt,
2062 4727 2117 4772 et
2147 4718 2673 4792 incompositi.sunt,
2696 4731 2753 4776 et
2784 4721 3000 4778 steriles
3029 4735 3088 4779 ut
3124 4727 3299 4781 htBtil.

1888 5005 2050 5061 Vens.
2080 5006 2266 5061 54—10.
2298 5027 2316 5060 ι
2356 5007 2507 5065 Tune
2554 5012 2686 5068 dicit
2741 5013 2902 5086 16.0
2952 5032 3044 5072 rex
3102 5019 3187 5073 his
3234 5021 3326 5090 qui
3378 5037 3407 5074 ιι

1819 5096 2027 5152 dextris
2059 5097 2161 5152 sibi
2216 5096 2656 5170 erunt:Venite,
2716 5104 2989 5162 benedicti
3045 5108 3226 5164 Patris
3274 5113 3400 5175 mei,

1092 5248 1185 5308 Ex
1215 5248 1566 5312 collatione
1598 5252 1788 5316 codd.
1827 5256 2061 5319 Venet.
2112 5258 2177 5321 S.
2211 5257 2431 5320 Marci.

193 5393 307 5466 (ξιξ)
338 5390 475 5447 Cod.
504 5388 772 5466 _32A_addit
797 5405 823 5466 :_
846 5387 969 5442 Τῶν
989 5387 1202 5466 ’δούλων
1227 5391 1345 5466 γάρ
1376 5392 1494 5466 ἐστι
1520 5392 1582 5445 τὸ
1615 5411 1711 5466 με-

1826 5398 2194 5476 domini_vero
2221 5410 2492 5476 repetere.
2511 5399 2738 5476 ΔΑίῐειιιιι
2783 5403 2969 5476 itaque
3002 5398 3211 5467 servus
3233 5413 3406 5469 domi-

132 5458 398 5526 ταδοῦναι,
438 5460 534 5540 τοῦ
572 5460 631 5540 δὲ
661 5458 923 5540 δεσπότου
955 5460 1022 5540 τὲ
1052 5458 1400 5540 ἀπαιτῆσαιί
1433 5462 1583 5529 λέγει
1615 5458 1707 5540 οὖν

1826 5486 1955 5523 num
1982 5487 1996 5523 :
2030 5458 2346 5535 Austerum,
2378 5472 2570 5540 inquit,
2600 5474 2709 5526 vidi
2757 5458 3218 5536 essejm‘andatum

134 5535 354 5597 ἑδοῦλος
386 5531 529 5603 πρὸς
555 5530 648 5584 τὸν
675 5529 963 5603 δεσπότην·
986 5529 1259 5601 Σκληρδν,
1276 5534 1434 5601 φησὶ,
1468 5534 1707 5588 συνεῖδον

134 5605 183 5657 τὸ
218 5600 505 5673 ἐπίταγμά
538 5618 657 5664 σου,
702 5602 763 5673 τὸ
807 5600 993 5673 ζητεῖν
1035 5600 1529 5673 παράγὰνθρώπων
1565 5605 1707 5658 ὑπα-

134 5679 274 5745 ῖιοὴν,
307 5670 403 5736 οἷς
420 5674 523 5725 οὐκ
546 5672 872 5745 ενεᾼποίησας
902 5672 991 5745 διά
1018 5670 1126 5725 τοῦ
1147 5672 1309 5745 λόγου
1330 5670 1393 5724 τὸ
1424 5675 1705 5740 εὐπειθὲς,

134 5742 478 5813 ειδφθϐηθεὶς
507 5742 584 5811 μὴ
612 5743 893 5811 ἄπρακτος
923 5742 1189 5813 γένωμαι,
1222 5742 1282 5794 τὸ
1306 5746 1449 5813 ,κατ’
1469 5747 1707 5813 ἐμαυτὸν

140 5818 276 5868 ηιόνον
308 5816 581 5881 ἐφύλαξα,
611 5814 671 5864 τὸ
703 5814 759 5865 δὲ
807 5814 937 5881 περὶ
972 5813 1192 5881 ἐτέρους
1226 5814 1327 5865 οὐκ
1372 5815 1702 5871 ἐσπούδασα.

139 5882 500 5951 Τιαπεζῖτας,
530 5900 584 5938 κ.
616 5899 666 5935 τ.
695 5883 744 5936 λ.
786 5902 802 5933 t
833 5881 1127 5939 Servorunt
1161 5883 1305 5940 enim
1352 5894 1434 5941 est
1458 5887 1705 5954 reddere,

1815 5554 1925 5609 quo
1957 5540 2321 5620 obedientiam
2344 5542 2774 5620 nabuhominibus
2800 5549 2995 5620 exigis,
3021 5551 3221 5620 quibus
3253 5556 3405 5609 scili-

1813 5620 2027 5693 cetper
2051 5612 2319 5693 rationem
2340 5610 2654 5693 facilitatem
2673 5610 2963 5693 obedien'di
2984 5610 3102 5675 non
3121 5626 3356 5679 tribuisti
3384 5622 3413 5693 ;'

1814 5681 2020 5735 idcirco
2053 5682 2271 5756 timens,
2301 5697 2369 5735 ne
2404 5696 2432 5735 a
2484 5684 2787 5756 ministerio
2817 5690 3149 5756 exciderent,
3193 5694 3246 5747 id
3282 5681 3405 5749 tan;

1813 5760 1946 5829 tum,
1969 5752 2115 5821 quod
2155 5753 2220 5804 ad
2253 5766 2338 5805 me
2358 5753 2694 5829 pertinebat,
2723 5762 2989 5829 custodiri
3016 5778 3031 5813 :
3054 5752 3194 5829 quod
3223 5778 3404 5820 autent

1817 5822 2045 5877 aliorum
2075 5831 2213 5890 erat,
2247 5823 2482 5893 neglexi.
2516 5821 2931 5882 Nummularios
2964 5821 3165 5901 autem,
3202 5853 3219 5885 ι
3256 5846 3367 5891 etc.
