4010 6410
622 457 741 523 ‘43!

1486 448 2066 513 THEOPHYLACTI
2106 444 2521 509 BULGARI/E
2559 446 2920 508 ARCHIEP.

3767 445 3883 510 432

643 567 911 641 possnlcte
944 562 1247 634 regnum-in
1272 561 1641 617 bmreditatem
1685 569 1926 627 paratum
1958 555 2107 611 vobis
2135 555 2198 609 ab

2307 570 2437 608 σατε
2468 554 2565 627 τήν
2594 554 3007 625 ἡτοιμασμένην
3049 554 3177 624 ὑμῖν
3206 553 3484 625 βασιλείαν
3517 554 3624 609 ἀπὸ
3650 558 3897 611 statutio-

558 722 568 731 ε
643 660 861 715 exordio
882 656 1080 712 mundi.
1104 654 1309 710 Esurivi
1334 652 1564 716 euim,et
1596 649 1817 704 dedistis
1850 649 1977 702 tnilti
2003 648 2215 702 edere:

640 751 808 815 sitivi,
832 759 883 803 ct
915 747 1136 802 dedistis
1184 745 1312 799 mihi
1348 744 1562 797 bibere:
1587 743 1782 809 hospes
1812 755 1981 803 erant,
2008 749 2062 794 et
2091 734 2194 793 coi-

640 843 844 913 legistis
894 855 1014 894 me:
1046 838 1238 898 nudus,
1275 845 1326 889 et
1370 834 1653 903 operuistis
1701 848 1783 885 ute
1809 850 1823 886 :
1854 830 2121 892 infirmus,
2145 839 2197 884 ct

640 932 893 986 visitastis
943 943 1026 983 me
1052 948 1063 981 :
1093 928 1143 982 itt
1176 941 1387 980 carcere
1422 933 1659 990 eram,et
1706 923 1927 978 venistis
1977 924 2041 975 ad
2088 937 2193 976 me.

641 1021 790 1073 Tunc
869 1017 1264 1087 respondebunt
1310 1016 1358 1067 ei
1409 1013 1558 1083 justi,
1600 1012 1891 1067 dicentes:
1945 1011 2194 1075 Domine,

637 1111 852 1178 quando
884 1122 934 1165 te
969 1111 1196 1163 vidimus
1221 1108 1564 1169 esurientem,
1591 1115 1645 1161 et
1677 1104 1959 1173 pavimus?
1992 1113 2084 1157 aut
2122 1105 2195 1157 si-

638 1208 882 1267 lieutettt,
910 1212 962 1255 et
993 1201 1238 1256 dedimus
1268 1200 1359 1253 tibi
1395 1195 1861 1269 potutttiQuando
1890 1205 2067 1248 autent
2116 1196 2196 1248 vi—

636 1299 809 1351 dimus
866 1295 1149 1363 hospitem,
1186 1303 1238 1347 et
1281 1292 1586 1361 collegimus
1638 1289 1722 1343 te?
1757 1298 1846 1341 aut
1899 1290 2120 1353 nudum,
2141 1296 2194 1342 et

635 1386 1005 1452 coeperuituus
1042 1384 1129 1437 te?
1155 1383 1260 1437 Aut
1303 1381 1515 1451 quando
1548 1389 1596 1434 te
1625 1379 1854 1433 vidimus
1899 1378 2191 1441 inﬁrmum,

635 1492 727 1533 aut
766 1482 818 1532 itt
871 1487 1200 1541 carcere,et
1250 1476 1496 1530 venimus
1530 1473 1595 1528 ad
1631 1473 1715 1527 te?
1747 1472 1813 1527 Et
1870 1473 2195 1541 respondens

634 1585 726 1625 rex
772 1570 897 1621 dicit
945 1568 1048 1621 illis
1080 1586 1091 1621 :
1122 1570 1288 1621 Amen
1317 1566 1436 1619 dico
1467 1565 1641 1627 vobis,
1678 1573 1941 1632 quatenus
1990 1560 2194 1615 fecistis

635 1662 723 1713 uni
760 1660 827 1713 de
866 1661 946 1713 his
975 1660 1225 1712 fratribus
1273 1660 1408 1711 meis
1457 1656 1705 1718 minimis,
1738 1656 1867 1709 mihi
1916 1654 2140 1709 fecistis.
2172 1673 2188 1705 ι

636 1750 751 1807 Non
782 1762 936 1805 antea
970 1750 1213 1817 praemiat
1243 1750 1323 1803 vel
1358 1748 1710 1818 punit,quam
1741 1743 2195 1816 dijudicetJlise-

638 1846 810 1898 t'icors
854 1844 993 1898 euint
1042 1851 1217 1904 est,et
1249 1856 1347 1895 uos
1387 1841 1542 1895 docet
1572 1840 1622 1893 id
1656 1840 1849 1907 ipsum,
1894 1837 2033 1905 quod
2086 1850 2192 1889 non

2308 646 2405 715 λῆς
2433 646 2661 715 κόσμου.
2703 648 2990 699 Ἐπείνασα
3016 648 3143 719 γὰρ,
3165 648 3259 701 καὶ
3290 646 3525 701 ἐδώκατέ
3550 666 3639 718 μοι
3665 652 3892 716 φαγεῖν

2312 736 2561 806 ἐδίψησα,
2606 736 2699 790 καὶ
2726 736 3009 791 ἐποτίσατέ
3047 753 3133 807 με·
3197 737 3345 802 ξένος
3375 739 3547 808 ἥμην,
3616 739 3707 791 καὶ
3757 756 3897 792 συν-

2308 828 2544 899 ηγάγετέ
2572 846 2661 898 με·
2700 828 2927 897 γυμνὸς,
2963 830 3055 882 καὶ
3084 829 3434 900 περιεϐάλετέ
3468 846 3556 899 με·
3586 829 3891 901 ἠσθένησα,

2307 920 2397 971 καὶ
2422 918 2797 987 ἐπεσκέψασθέ
2838 936 2926 988 με·
2964 921 3022 970 ἐν
3076 919 3284 990 φυλακῇ
3336 920 3507 989 ἥμην,
3566 919 3660 972 καὶ
3684 920 3887 990 ἤλθετε

2306 1010 2441 1080 πρός
2470 1026 2558 1080 με.
2611 1010 2743 1063 Τότε
2777 1010 3239 1080 ἀποκριθήσονται
3266 1009 3414 1081 αὺτῷ
3440 1011 3489 1062 οἱ
3538 1009 3761 1076 δίκαιοι,
3798 1010 3896 1064 λέ-

2304 1116 2532 1167 γοντες·
2589 1101 2763 1171 Κύριε
2795 1141 2807 1165 ,
2872 1101 3002 1154 πότε
3052 1118 3111 1152 σε
3152 1101 3366 1170 εἴδομεν
3420 1100 3719 1165 πεινῶντα,
3790 1104 3893 1155 καὶ

2304 1190 2644 1261 ἐθρέψαμενς
2677 1193 2709 1262 ἢ
2734 1192 2993 1261 διψῶντα,
3036 1192 3130 1245 καὶ
3156 1192 3485 1261 ἐποτίσαμεν
3511 1209 3524 1257 ;
3561 1191 3695 1245 Πότε
3723 1192 3783 1246 δέ
3824 1211 3890 1247 σε

2304 1281 2515 1351 εἴδομεν
2534 1281 2814 1347 ξένον,καὶ
2842 1284 3253 1353 συνηγάγομενς
3282 1282 3560 1353 ἢγυμνδν,
3596 1286 3689 1339 καὶ
3720 1303 3892 1357 περι-

2303 1370 2600 1442 εόάλομεν;
2669 1372 2806 1426 Πότε
2857 1374 2915 1426 δέ
2953 1390 3009 1427 σε
3032 1374 3245 1445 εἴδομεν
3272 1374 3525 1449 ἀσθενῆῆ
3554 1380 3612 1431 ἐν
3638 1379 3887 1449 φυλακῇ,

2302 1464 2395 1517 xui.
2428 1463 2660 1534 ἤλθομεν
2707 1465 2843 1534 πρὸς
2888 1468 2978 1532 σέ;
3013 1467 3125 1519 Καὶ
3157 1469 3477 1539 ἀποκριθεὶς
3528 1472 3556 1523 ὁ
3600 1470 3885 1540 βασιλεὺς.

2303 1556 2418 1625 ἐρεῖ
2444 1555 2659 1620 αὐτοῖς·
2698 1558 2869 1628 Ἀμην
2897 1558 3041 1626 λέγω
3095 1559 3242 1629 ύμῖν,
3295 1561 3379 1630 ἐφ’
3415 1562 3539 1615 ὅσον
3579 1562 3885 1633 ἐποιήσατε

2302 1646 2383 1699 ἐνὶ
2414 1647 2617 1700 τούτων
2670 1648 2778 1701 τῶν
2815 1648 3057 1717 ἀδελφῶν
3092 1668 3191 1719 μου
3222 1651 3328 1704 τῶν
3366 1652 3688 1723 ἐλαχίστων,
3749 1654 3883 1725 ἐμοὶ

2303 1738 2615 1810 ἐποιήσατε.
2658 1758 2677 1791 ι
2726 1740 2799 1793 Ού
2834 1742 3097 1811 πρότερον
3131 1746 3264 1814 τιμᾷ
3312 1744 3343 1814 ἦ
3392 1746 3631 1811 κολάζει,
3680 1747 3814 1817 πρὶν
3847 1748 3883 1816 ἧ

2300 1829 2604 1901 δικάσηται.
2634 1832 3013 1903 Φιλάνθρωπος
3038 1834 3147 1907 γάρ
3183 1839 3317 1900 ἐστι,
3345 1838 3439 1891 καὶ
3469 1840 3613 1909 ἡμᾶς
3648 1838 3705 1892 δὲ
3729 1840 3886 1892 τοῦτ’

638 1945 793 1988 antea
845 1934 1130 1989 debeamus
1168 1932 1559 2001 puuire,qnam
1605 1943 1716 1983 rem
1762 1929 2198 1984 discusserimus.

2305 1924 2440 1977 αὐτὸ
2470 1924 2734 1987 παιδεύει,
2766 1926 2841 1995 μὴ
2880 1927 3139 1997 πρότερον
3164 1926 3415 1993 κολάζειν
3439 1908 3573 1999 πρὶν
3601 1929 3666 1984 ἂν
3688 1931 3887 1996 ἐξετάο

639 2029 728 2082 Sit:
762 2027 904 2083 enim
930 2026 1274 2080 excusatione
1324 2023 1493 2091 magis
1540 2021 1819 2084 carebunt,
1850 2020 1951 2089 qui
2001 2034 2198 2088 prace-

633 2118 793 2172 deute
818 2115 1021 2185 judicio
1064 2114 1376 2183 puniuntur.
1398 2110 1567 2165 Porro
1599 2119 1814 2164 sanctos
1845 2117 1999 2163 vocat
2033 2109 2195 2162 bene-

636 2212 830 2268 dictos.
853 2218 909 2261 ut
941 2224 967 2261 a
1004 2206 1158 2259 Patre
1204 2215 1499 2273 susceptos.
1542 2201 1791 2257 llzeredes
1841 2212 2017 2255 autem
2054 2202 2197 2269 ipsos

634 2302 761 2355 ιῖιρίι
814 2298 986 2368 mgni,
1028 2297 1320 2352 ostendens
1376 2294 1517 2365 quod
1572 2293 1712 2348 Deus
1764 2306 1857 2347 eos
1906 2280 2196 2360 participes

631 2393 792 2447 ficiet
827 2391 1009 2459 gloria:
1043 2405 1173 2454 suae,
1216 2396 1271 2442 ιιι
1320 2387 1454 2441 illius
1500 2400 1647 2440 suos.
1681 2383 1795 2439 Non
1851 2384 1994 2438 enim
2041 2382 2193 2448 dixit,

634 2486 877 2554 Accipite
902 2500 914 2539 :
939 2482 1052 2546 sed,
1096 2480 1368 2534 l’ossidcte
1406 2480 1459 2531 itt
1513 2476 1979 2537 ltzereditateut,ttt
2012 2482 2195 2541 pater-

638 2594 759 2631 nam
814 2574 1189 2628 substantiam.
1230 2570 1349 2625 1am
1392 2567 1591 2623 fratres
1633 2568 1883 2621 minimos
1902 2573 2067 2619 [vocat
2113 2564 2196 2619 vel

636 2685 761 2723 suos
822 2666 1127 2736 discipulos,
1165 2663 1246 2718 vel
1297 2676 1484 2719 omnes
1540 2658 1856 2729 simpliciter
1906 2670 2192 2725 pauperes.

632 2758 824 2815 Omnis
878 2760 1019 2813 enim
1074 2770 1276 2825 pauper
1320 2753 1486 2808 frater
1540 2762 1622 2806 est
1659 2750 1875 2806 Christi
1930 2758 2196 2818 quatenus

632 2866 835 2923 pauper
885 2868 899 2905 ι
955 2846 1389 2919 quandoquidem
1446 2853 1499 2898 et
1552 2842 1802 2898 Christus
1855 2843 1907 2893 in
1940 2848 2196 2908 .egestate

632 2944 791 2997 visit.
823 2940 952 2994 Vide
979 2948 1152 2993 autem
1188 2937 1278 2991 Dei
1307 2935 1573 3003 justitiam
1599 2930 1870 3002 quomodo
1916 2928 2099 2985 laudet
2134 2943 2197 2983 ac

630 3034 883 3106 praedicet
935 3040 1170 3085 sanctos.
1206 3027 1339 3083 Vide
1388 3028 1514 3081 item
1549 3034 1603 3080 et
1636 3024 1845 3079 illorum
1905 3022 2192 3078 candorem

632 3124 898 3195 quomodo
928 3131 1146 3193 pt‘opler
1174 3118 1489 3174 modestiam
1522 3126 1715 3186 negent
1740 3131 1800 3170 se
1830 3115 1978 3170 illutn
2011 3114 2194 3184 pavis-

633 3220 853 3272 sezscd
889 3215 1146 3269 Dominus
1196 3227 1258 3268 ea
1312 3225 1429 3280 quae
1476 3208 1799 3280 pauperibus
1849 3215 1974 3264 sunt
2026 3206 2191 3273 facta,

634 3308 688 3364 in
720 3307 1063 3375 semetipsum
1100 3304 1340 3375 suscipit.

707 3399 872 3454 Vsus.
911 3398 1104 3453 ειοιδ.
1160 3414 1179 3449 ι
1228 3395 1375 3450 Tunc
1420 3395 1560 3451 dicet
1588 3404 1641 3449 et
1670 3394 1754 3449 his
1780 3392 1871 3464 qui
1905 3408 1934 3446 a
1965 3391 2199 3447 sinistris

632 3504 812 3557 (runt,
834 3490 1097 3546 Discedite
1119 3505 1148 3543 a
1180 3504 1285 3553 me.
1315 3486 1608 3551 maledicti,
1640 3487 1690 3539 itt
1718 3486 1890 3556 ignem
1914 3495 2196 3549 aternutn,

637 3585 726 3650 qui
750 3592 970 3651 paratus
986 3592 1067 3636 est
1089 3580 1303 3653 diabolo
1340 3588 1395 3635 et
1416 3577 1622 3647 angelis
1642 3577 1778 3647 ejus.
1797 3575 2197 3642 Esurisi-enim,

635 3687 688 3729 ιι.
738 3690 841 3728 non
895 3673 1116 3726 dedistis
1149 3670 1275 3724 mihi
1309 3670 1485 3751 cibum
1516 3687 1531 3723 :
1562 3669 1729 3733 sitisi.
1750 3678 1803 3723 et
1831 3683 1939 3724 non
1976 3667 2198 3723 dedistis

637 3767 768 3821 tnihi
822 3772 1002 3835 potum
1031 3782 1049 3818 ι
1076 3763 1267 3831 hospes
1318 3776 1489 3824 erant,
1527 3771 1583 3814 et
1618 3776 1720 3815 non
1750 3776 1834 3813 me
1855 3759 2195 3829 collegistis;

639 3861 830 3923 nudus,
853 3867 904 3910 et
930 3873 1032 3909 non
1064 3852 1353 3922 operuistis
1391 3865 1475 3905 tuo
1510 3869 1523 3905 :
1564 3851 1811 3905 inilrtuus
1844 3858 1897 3902 et
1926 3848 1977 3903 in
2010 3862 2197 3902 carce-

640 3965 699 4002 rc
728 3962 897 4010 erant,
928 3958 980 3997 et
1014 3961 1118 3998 non
1151 3942 1413 3997 visitastis
1468 3955 1571 3994 me.
1612 3939 1763 3994 Tunc
1802 3937 2201 4007 respondebunt

636 4044 684 4097 ei
734 4054 787 4096 et
844 4043 943 4110 ipsi
998 4033 1559 4099 dicenteszbomine,
1597 4034 1810 4102 quando
1865 4031 2095 4086 vidimus
2149 4038 2199 4085 te

635 4133 985 4194 esurientem,
1002 4140 1090 4183 aut
1121 4129 1413 4189 sitientem,
1434 4135 1525 4179 aut
1550 4125 1835 4195 hospitem;
1862 4134 1953 4176 aut
1977 4122 2197 4187 nudum,

635 4233 731 4278 aut
762 4222 1055 4283 inllrmum,
1090 4231 1181 4271 aut
1210 4218 1263 4270 in
1300 4224 1608 4280 carcere,et
1637 4230 1740 4268 non
1762 4212 2200 4267 ministravimus

638 4314 768 4369 tibi?
821 4313 969 4365 Tunc
1033 4309 1373 4378 respondebit
1423 4307 1549 4377 illis,
1592 4306 1773 4359 dicens
1807 4322 1821 4359 :
1852 4305 2021 4358 Amen
2081 4304 2201 4359 dico

634 4406 810 4469 vobis,
840 4414 1103 4473 quatenus
1127 4414 1236 4454 non
1280 4399 1480 4453 fecistis
1537 4398 1625 4450 uni
1682 4397 1747 4451 de
1797 4396 2031 4449 minimis
2081 4395 2187 4459 his,
2241 4414 2244 4417 λ

635 4512 733 4551 nec
759 4496 885 4547 mihi
912 4493 1131 4547 fecistis.
1154 4490 1215 4544 Et
1236 4490 1387 4542 ibunt
1409 4489 1459 4541 lti
1483 4488 1535 4541 iu
1553 4487 1875 4555 supplicium
1899 4496 2189 4549 aeternum,

2308 2032 2507 2087 σωμεν.
2544 2015 2698 2070 Οὕτω
2732 2016 2839 2085 γὰρ
2894 2019 3292 2089 ἀναπολόγητοι
3350 2020 3548 2090 μᾶλλον
3579 2022 3794 2078 ἔσονται
3832 2027 3889 2078 οἱ

2309 2106 2448 2177 μετὰ
2480 2107 2827 2179 δικαστήριον
2850 2109 3223 2175 κολασθέντες.
3256 2112 3669 2187 Εὐλογημένους
3691 2114 3749 2169 δέ
3776 2132 3887 2168 κα-

2304 2198 2388 2251 λεῖ
2404 2199 2527 2261 τοὺς
2564 2199 2773 2267 ἀγίους,
2821 2200 2895 2263 ὡς
2936 2200 3042 2254 ὑπὸ
3082 2202 3177 2255 τοῦ
3210 2202 3421 2273 [ἰατρὸς
3448 2204 3884 2274 ἀποδεχθέντας*

2306 2288 2672 2362 κληρονόμους
2700 2293 2758 2345 δὲ
2787 2292 2982 2355 αὐτοὺς
3034 2296 3267 2348 ποιεῖται
3311 2296 3408 2367 τῆς
3453 2296 3753 2368 βασιλείας,
3793 2298 3887 2351 ἴνα

2304 2379 2451 2452 δείξῃ
2478 2381 2560 2435 δτι
2591 2385 2882 2446 κοινωνοὺς
2925 2384 3123 2449 αὐτοὺς
3145 2388 3289 2440 ποιεῖ
3311 2386 3340 2439 ὁ
3379 2386 3512 2452 Θεὸς
3545 2387 3645 2457 τῆς
3676 2390 3888 2443 ἑαυτοῦ

2303 2469 2481 2541 δόξης,
2514 2472 2589 2534 ὡς
2639 2474 2787 2537 υἱοὺς
2820 2474 3004 2529 αὑτοῦ.
3036 2476 3111 2528 Οὐ
3138 2475 3247 2548 γάρ
3275 2472 3419 2543 εἶπε,
3450 2478 3682 2544 Λάϐετε,
3718 2480 3889 2548 ἀλλὰ,

2310 2564 2796 2637 κληρονομήσατε,
2856 2568 3018 2621 οἱονεί
3072 2584 3195 2622 τινα
3222 2569 3479 2641 πατρῴαν
3537 2573 3888 2641 περιουσίαν.

2322 2657 2611 2727 Ἀδελφοὺς
2642 2658 2700 2712 δὲ
2735 2659 3051 2731 ἐλαχίστους
3072 2661 3245 2727 καλεῖ,
3280 2662 3312 2733 ἢ
3346 2664 3470 2726 τοὺς
3497 2663 3658 2718 αὐτοῦ
3695 2666 3888 2737 μαθη-

2302 2748 2476 2818 τάς,ἢ
2508 2750 2714 2812 πάντας
2744 2750 2929 2813 ἁπλῶς
2955 2752 3082 2814 τοὺς
3105 2752 3363 2822 πένητας.
3397 2753 3512 2819 Πᾶς
3544 2754 3652 2825 γὰρ
3682 2758 3887 2827 πένης,

2305 2840 2529 2910 ἀδελφός
2555 2844 2670 2895 ἐστι
2704 2841 2798 2895 τοῦ
2830 2842 3071 2912 Χριστοῦ
3112 2845 3234 2896 κατ’
3257 2844 3389 2897 αὐτὸ
3418 2842 3596 2910 τοῦτο,
3630 2845 3759 2918 ἐπεὶ
3786 2848 3893 2901 καὶ

2303 2938 2331 2989 ό
2366 2934 2597 3006 Χριστὸς
2632 2936 2690 2987 ἐν
2742 2934 2901 3005 πενίᾳ
2930 2935 3213 3007 διήγαγεν.
3246 2936 3387 3007 Ὅρα
3431 2937 3487 2991 δέ
3532 2939 3625 2993 καὶ
3653 2937 3758 3009 τὴν
3786 2940 3890 2993 τοῦ

2303 3026 2438 3080 Θεοῦ
2482 3026 2850 3098 δικαιοσύνην,
2909 3026 3028 3092 πῶς
3082 3029 3449 3099 ἀνακηρύττει
3483 3031 3609 3093 τοὺς
3661 3032 3886 3100 ἁγίους.

2304 3119 2448 3190 Ὅρα
2482 3121 2573 3172 καὶ
2598 3119 2696 3188 τὴν
2726 3117 2950 3173 ἐκείνων
2975 3119 3424 3191 εὐγνωμοσύνην,
3455 3120 3571 3184 πῶς
3601 3122 3671 3174 δι’
3699 3123 3891 3175 ἐπιείο

2303 3226 2459 3264 κειαν
2510 3210 2801 3281 ἀρνοῦνται
2831 3210 2890 3263 τὸ
2935 3209 3168 3282 θρέψαι·
3208 3209 3325 3265 ἀλλ’
3350 3211 3381 3264 δ
3434 3210 3638 3283 Κύριος
3678 3212 3750 3267 τά
3802 3215 3888 3277 εις

2298 3305 2425 3370 τοὺς
2451 3304 2692 3376 πένητας
2728 3304 2993 3374 γενόμενα
3031 3306 3109 3367 είς
3137 3305 3328 3359 ἑαυτὸν
3354 3304 3695 3376 ἀναδέχεται.

2374 3416 2393 3451 ι
2416 3396 2551 3451 Τότε
2580 3398 2698 3468 ἐρεῖ
2727 3396 2951 3460 καὶτοῖς
2983 3396 3041 3460 ἐξ
3067 3386 3395 3467 εὐωνύμωνέ
3433 3397 3744 3468 Πορεύεσθε
3784 3398 3887 3454 ἀπ’

2298 3488 2456 3559 ἐμοῦ,
2472 3490 2519 3543 οἱ
2544 3488 2939 3561 κατηραμένοι,
2963 3490 3044 3551 εις
3067 3488 3129 3543 τὸ
3154 3487 3265 3560 πῦρ
3290 3488 3353 3542 τδ
3375 3488 3613 3554 αίὼνιον,
3642 3490 3705 3544 τὸ
3732 3492 3888 3561 ἡτοι-

2301 3582 2581 3654 μασμιίνον
2602 3580 2679 3653 τῷ
2704 3581 2935 3651 διαϐόλῳ
2956 3582 3048 3634 καὶ
3076 3583 3187 3645 τοῖς
3207 3580 3460 3650 ἀγγέλοις
3480 3581 3667 3637 αὐτοῦ.
3698 3582 3886 3638 Ἐπεί-

2298 3692 2435 3730 νασα
2460 3673 2593 3745 γάρ,
2622 3674 2718 3729 καὶ
2741 3674 2839 3727 ούκ
2866 3672 3105 3727 ἐδώκατέ
3132 3691 3222 3740 μοι
3247 3676 3469 3744 φαγεῖν·
3505 3674 3760 3745 ἐδίψησα,
3786 3678 3887 3731 καὶ

2299 3767 2399 3819 οὐκ
2428 3765 2718 3819 ἐποτίσατέ
2751 3780 2837 3834 με·
2875 3764 3025 3830 ξένος
3074 3764 3257 3835 ἥμην,
3294 3767 3389 3819 καὶ
3433 3766 3496 3819 οὐ
3537 3768 3886 3838 συνηγάγετέ

2304 3872 2395 3928 με’
2429 3856 2659 3925 γυμνὸς,
2684 3856 2777 3909 καὶ
2807 3855 2868 3908 ού
2918 3854 3271 3926 περιεδάλετέ
3304 3870 3395 3926 με’
3428 3856 3659 3926 ἀσθενὴς
3692 3859 3793 3911 καὶ
3826 3858 3892 3911 ἐν

2301 3947 2540 4019 φυλακῇ,
2565 3947 2662 4001 καὶ
2677 3948 2777 4000 οὐκ
2800 3948 3179 4016 ἐπεσκέψασθέ
3206 3964 3295 4017 με.
3333 3948 3467 4003 Τότε
3482 3948 3891 4020 ἀποκριθήσον-

2298 4056 2386 4093 ται
2412 4041 2507 4094 xui.
2531 4040 2708 4103 αὐτοὶ,
2728 4038 2978 4108 λέγοντες
2999 4055 3013 4069 ο
3042 4038 3239 4111 Κύριε,
3261 4040 3392 4094 πότε
3427 4056 3486 4093 σε
3513 4040 3728 4111 εῐδομεν
3764 4059 3895 4097 mt-

2299 4132 2495 4197 νῶντα,
2525 4131 2897 4203 ἢδιψῶντα,ἢ
2944 4131 3112 4198 ξένον,
3151 4131 3443 4203 ῆγυμνδνο
3492 4132 3525 4203 ἢ
3573 4132 3808 4203 ἀσθενῆ.
3849 4136 3887 4205 ἢ

2302 4225 2360 4277 ἐν
2398 4221 2634 4293 φυλακῇ,
2668 4222 2763 4275 καὶ
2806 4222 2864 4274 ού
2898 4222 3301 4292 διηκονήσαμέν
3331 4238 3457 4289 σοις
3484 4223 3616 4277 Τότε
3639 4225 3891 4295 ἀποκρι-

2301 4314 2524 4384 θήσεται
2555 4312 2761 4375 αὐτοῖς,
2793 4311 2967 4379 λέγων
2988 4326 3004 4342 ·
3058 4311 3229 4381 ’Δμὴν
3254 4310 3397 4379 λέγω
3437 4311 3585 4382 ὑμῖν,
3631 4310 3719 4381 ἐφ’
3752 4313 3891 4367 ὅσον

2299 4405 2400 4460 οὐκ
2414 4405 2713 4475 ἐποιήσατε
2756 4404 2837 4456 ἐνί
2863 4402 3068 4455 τούτων
3108 4401 3219 4455 τῶν
3244 4402 3562 4474 ἐλαχίστων,
3598 4403 3720 4458 ούδέ
3750 4407 3890 4475 ἐμοὶ

2301 4497 2614 4564 ἐποιήσατε.
2651 4494 2763 4547 Καὶ
2785 4494 3181 4547 ἀπελεύσονται
3210 4483 3356 4547 οὗτοι
3393 4496 3475 4557 εἰς
3498 4493 3722 4549 κόλασιν
3745 4495 3889 4550 αἰώ-

630 4587 761 4655 justi
792 4602 916 4641 vero
958 4585 1009 4637 itt
1045 4584 1207 4636 vitam
1242 4590 1526 4635 ateruam.
1572 4598 1589 4630 ι
1626 4579 1729 4633 Eos
1756 4580 1844 4647 qui
1876 4595 1907 4633 a
1934 4577 2195 4643 sinistris,

2305 4603 2453 4648 νιον,
2486 4587 2534 4637 οἱ
2587 4584 2643 4637 δὲ
2708 4583 2905 4637 δίκαιοι
2962 4585 3044 4645 είς
3101 4582 3249 4654 ζωὴν
3283 4580 3524 4637 αἰώνιον.
3560 4601 3579 4634 ι
3633 4583 3779 4649 Τοὺς
3822 4586 3889 4653 ἐξ

637 4682 690 4734 in
728 4679 901 4748 ignem
947 4675 1109 4729 mittit
1156 4673 1246 4741 qui
1302 4684 1633 4740 pra'paratus
1678 4680 1755 4724 est
1808 4671 2039 4725 diabolo.
2063 4672 2200 4738 Quia

638 4775 779 4826 enim
811 4765 1198 4833 compassion’ls
1229 4774 1477 4833 expertes
1511 4771 1636 4815 sunt
1665 4761 1885 4826 diaboli,
1909 4770 1964 4816 et
1991 4762 2202 4816 hostili-

637 4877 722 4919 ter
750 4873 803 4917 et
836 4862 1051 4916 inimice
1082 4872 1209 4926 erga
1248 4870 1348 4908 nos
1402 4851 1572 4908 allecti
1618 4864 1744 4907 sunt
1773 4868 1789 4907 :
1820 4854 2015 4907 merito
2061 4855 2200 4909 idem

638 4955 954 5025 supplicium
1015 4952 1233 5012 habent,
1272 4948 1360 5016 qui
1424 4946 1662 5015 ejusdem
1726 4946 2017 5002 voluntatis
2057 4956 2198 5011 sunt,

641 5049 730 5114 qui
764 5055 818 5099 et
845 5042 1073 5113 propriis
1101 5039 1350 5108 operibus
1405 5036 1672 5089 maledicti
1720 5034 1844 5091 iacti
1879 5048 2021 5092 sunt.
2070 5037 2203 5092 Vide

643 5149 818 5192 autem
847 5136 986 5205 quod
1027 5134 1167 5185 Deus
1194 5133 1365 5197 ignem
1391 5144 1492 5183 non
1516 5130 1833 5197 praeparavit
1857 5128 2203 5193 hominibus:

642 5226 961 5295 supplicium
988 5207 1131 5278 enim
1162 5235 1268 5274 non
1308 5219 1431 5274 fecit
1459 5230 1677 5289 propter
1700 5233 1825 5285 nos,
1860 5222 1951 5274 sed
1984 5232 2207 5290 promer

643 5316 913 5371 diabolum
943 5335 953 5365 :
980 5328 1079 5383 ego
1113 5323 1290 5364 autem
1341 5310 1715 5379 memetipsum
1752 5311 2014 5378 supplicio
2065 5310 2205 5367 facio

643 5408 953 5461 obnoxium.
986 5402 1246 5458 llorresce
1280 5401 1460 5470 igitur,
1479 5415 1513 5455 o
1536 5401 1715 5467 homo,
1737 5415 1859 5476 cum
1881 5402 2207 5471 cogitaveris

644 5498 814 5570 1151
837 5496 1108 5563 ltoc,quod
1130 5495 1199 5548 illi
1222 5508 1395 5563 neque
1416 5500 1471 5545 ut
1506 5502 1705 5560 scorta,
1730 5508 1905 5564 neque
1948 5505 2006 5548 ut
2040 5494 2207 5550 latro.

647 5605 941 5660 nes,neque
958 5587 1114 5656 utqui
1141 5601 1299 5656 grave
1335 5586 1477 5640 aliud
1508 5583 1765 5655 ﬂagitiqu
1807 5598 2203 5657 perpetrarunt,

646 5684 955 5752 puniuntur,
980 5680 1074 5734 sed
1112 5690 1168 5732 ut
1199 5678 1251 5732 bi
1277 5680 1364 5747 qui
1396 5679 1592 5733 bonum
1628 5693 1730 5731 non
1762 5676 2025 5733 fecerunt.
2067 5676 2203 5735 Pro-

645 5770 788 5830 tecto
815 5772 859 5824 si
886 5774 1017 5824 bene
1042 5767 1373 5833 consideras,
1398 5776 1582 5835 raptor
1607 5778 1690 5819 est
1714 5768 1803 5836 qui
1833 5768 1994 5820 multa
2022 5770 2201 5835 habet,

645 5873 698 5918 et
733 5877 837 5914 utut
864 5863 1170 5926 miseretur,
1189 5856 1398 5912 etiamsi
1430 5857 1695 5912 neminem
1736 5862 2019 5913 manilesta
2072 5877 2202 5915 con-

2302 4674 2595 4744 εὖωνύμων
2639 4675 2721 4737 εἰς
2754 4672 2815 4725 τὸ
2866 4672 2975 4743 πῦρ
3008 4673 3308 4740 ἐκπέμπει,
3358 4672 3387 4726 ὃ
3433 4672 3762 4743 ἡτοίμασται
3798 4677 3889 4747 τῷ

2300 4766 2550 4836 διαόόλῳ.
2601 4766 2752 4817 Ἐπεὶ
2777 4766 2887 4835 γάρ
2929 4764 3275 4834 ἀσυμπαθεῖς
3316 4766 3456 4819 είσιν
3502 4767 3553 4819 oi
3596 4766 3888 4837 δαίμονες,

2302 4859 2396 4912 καὶ
2435 4858 2656 4928 ἀπηνῶς
2696 4857 2995 4910 διάκεινται
3049 4859 3145 4911 καὶ
3195 4857 3482 4928 ἐχθρωδῶς
3522 4858 3657 4929 πρὸς
3701 4860 3889 4932 mut,

2305 4949 2527 5011 εἰκότως
2551 4946 2651 5015 τῆς
2679 4946 2851 5017 αὐτῆς
2880 4949 3149 5019 τιμωρίας
3187 4948 3465 5013 ἀξιοῦνται
3492 4951 3541 5003 ὀί
3570 4948 3668 5019 τῆς
3697 4950 3887 5023 αὐτῆς

2303 5036 2529 5108 γνώμης
2562 5037 2795 5103 δντες,οἳ
2817 5039 2911 5092 καὶ
2950 5042 3012 5091 ἐκ
3036 5039 3145 5093 τῶν
3178 5039 3322 5093 ἰδίων
3345 5041 3522 5094 αὐτῶν
3548 5040 3732 5112 ἔργων
3758 5043 3893 5097 ἐπι-

2305 5130 2601 5200 κατάριιτοι
2634 5129 3050 5197 ὲγένοντο.”ορα
3066 5129 3122 5182 δὲ
3144 5130 3226 5182 ὃτι
3244 5130 3340 5200 οὐχ
3370 5132 3665 5201 ἡτοίμασεν
3688 5132 3718 5184 δ
3743 5133 3891 5198 Θεὸς

2304 5220 2365 5275 τδ
2391 5220 2502 5292 πῦρ
2525 5222 2637 5284 τοῖς
2669 5220 3001 5291 ἀνθρώπως,
3036 5220 3159 5274 ούδέ
3186 5224 3282 5292 τὴν
3309 5222 3531 5275 κόλασιν
3553 5224 3781 5294 ἐποίησε
3812 5225 3889 5279 δι’

2305 5314 2473 5385 ἡμᾶς,
2507 5312 2645 5367 ἀλλὰ
2674 5312 2762 5368 διὰ
2818 5312 2910 5366 τδν
2937 5311 3200 5379 διάϐολον,
3237 5313 3345 5383 ἐγὼ
3390 5314 3449 5369 εδ
3481 5314 3619 5369 ποιῶ
3639 5316 3891 5385 ἐμαυτὸν

2304 5409 2371 5476 τῇ
2400 5405 2620 5459 κολάσει
2651 5404 2926 5460 ὑπόδικον.
2958 5404 3151 5473 Φρίξον
3179 5405 3260 5471 δέ,
3289 5402 3567 5477 ἄνθρωπε,
3613 5407 3891 5478 ἐννοήσας

2304 5494 2549 5549 ἐντεῦθεν
2579 5497 2660 5549 ότι
2697 5493 2804 5547 ίδοὺ
2839 5488 2983 5547 οῦτοι
3005 5493 3129 5547 οὕτε
3161 5495 3236 5557 ὡς
3267 5496 3488 5565 πόρνοι,
3524 5494 3646 5550 οὔτε
3674 5494 3753 5558 ὡς
3780 5496 3892 5567 ἂρ·

2305 5602 2502 5655 παγες,
2536 5583 2660 5639 οὔτε
2694 5584 2769 5648 ὡς
2803 5585 2932 5639 ἀλλο
2959 5601 3011 5637 τι
3046 5584 3537 5655 πλημμελήσαντες
3556 5586 3750 5652 κακὸν,
3786 5605 3890 5642 κο-

2304 5678 2576 5743 λάζονται,
2607 5677 2721 5729 ἀλλ’
2766 5677 2840 5740 ὡς
2876 5677 2950 5747 μὴ
2986 5678 3311 5747 ποιήσαντες
3358 5678 3586 5745 ἀγαθόν,
3642 5679 3737 5751 Τῷ
3763 5682 3886 5737 δντι

2305 5773 2413 5844 γὰρ
2441 5772 2535 5825 ἐὰν
2564 5771 2744 5833 καλῶς
2776 5771 3078 5840 σκοπήσῃς,
3110 5770 3292 5841 ἅρπαξ
3325 5773 3473 5823 ἐστὶν
3498 5772 3524 5822 ὁ
3545 5773 3715 5826 πολλά
3740 5775 3885 5844 ἔχων

2306 5862 2399 5914 καὶ
2432 5860 2505 5929 μὴ
2546 5859 2733 5922 ἐλεῶν,
2789 5858 2889 5913 κᾶν
2919 5860 3085 5928 μηδὲν
3118 5859 3350 5932 ἀδικήσῃ
3390 5862 3696 5932 προδήλωςο
3734 5865 3881 5921 Ὅσα
