4010 6410
165 344 263 410 ιεαι

762 343 1210 410 ENARRATIO
1247 347 1334 412 ΙΝ
1377 340 1745 411 EVANGELJ

1849 340 1880 406 ti
1916 342 2303 409 MATTlelil.
2346 371 2413 384 ·-
2442 348 2601 410 CAP.
2643 349 2818 411 XXV.

166 460 267 528 γὰρ
298 459 410 528 ἔχει
442 456 813 531 περισσότερα
846 458 940 512 τοῦ
976 458 1211 525 δέοντος,
1268 462 1489 533 ἥρπασε
1524 459 1745 525 πάντως

1849 458 2072 513 tumelia
2107 458 2327 514 alliciat.
2355 459 2489 527 Quia
2534 459 2678 516 enim
2729 459 2979 528 qumdam
3025 458 3186 512 habet
3232 457 3432 526 quibus

165 555 269 609 ἀπὸ
287 553 394 607 τῶν
416 552 734 624 χρῃζόντων
757 555 877 624 μιν,
911 556 985 627 μη
1026 556 1416 627 λαμϐανόντων
1465 557 1528 612 δι
1556 556 1615 623 ἔξ
1640 556 1738 612 αὗο

164 645 273 700 τοῦ.
308 645 369 697 ει
402 644 515 715 7&9
547 647 628 708 είς
658 646 837 699 κοινὸν
889 648 1063 701 ταῦτα
1096 644 1423 720 κατέθηκεν,
1471 643 1619 721 ἦσαν
1670 646 1737 703 ἂν

162 739 395 791 κάκεῖνοι
419 736 694 801 ἀνενδεεῐς
715 753 729 767 ·
760 738 856 791 νῦν
875 738 930 793 δὲ
962 740 1086 793 επεὶ
1110 740 1402 795 ἀπέκλεισε
1429 740 1624 808 ταῦτα,
1643 742 1739 795 καὶ⁵

162 829 544 899 ίδιοποιήσατο,
577 828 667 882 διὰ
717 828 879 884 τοῦτο
932 832 1188 887 πένονται
1234 835 1472 888 ικεῐνοι·
1532 833 1676 888 ὥστε
1710 836 1739 889 ό

158 921 475 992 ἁνελεήμων
552 922 737 991 ἅρπαξ
790 924 927 987 ἐστὶ,
970 926 1263 992 τοσούτους
1310 928 1514 982 ἀδικῶν
1574 918 1763 993 ὅσους

158 1017 462 1086 εὐεργετεῖν
495 1016 750 1087 ἠδύνατο,
778 1018 872 1071 καὶ
910 1022 1010 1073 οὐκ
1056 1020 1452 1093 εὐηργέτησεν,
1483 1022 1607 1077 ὅθεν
1632 1024 1739 1078 άπ-

158 1107 467 1162 ελεύσονται
504 1102 653 1163 οῦτοι
680 1110 762 1173 είς
815 1110 1037 1166 κόλασιν
1068 1111 1287 1168 αίὼνιον
1318 1115 1410 1168 καὶ
1469 1115 1739 1185 μηδέποτε

158 1200 463 1270 λήγουσαν
500 1200 552 1253 οί
589 1199 650 1253 δι
677 1198 879 1254 δίκαιοι
921 1202 1001 1265 εἰς
1053 1200 1200 1275 ζωὴν
1254 1204 1497 1261 αἰώνιον.
1528 1208 1741 1272 Ὠσπερ

157 1292 262 1364 7&9
287 1293 335 1346 οι
381 1292 537 1361 άγιοι
586 1292 866 1347 ἄπαυστον
916 1294 1101 1363 ιχουσι
1132 1297 1327 1367 χαρὰν,
1358 1295 1502 1351 οὕτω
1557 1297 1652 1351 καὶ
1692 1298 1743 1351 οι

155 1386 324 1439 άϐικοι
354 1384 645 1440 ἄπαυστον
672 1384 914 1452 κόλασιν,
940 1386 1042 1441 κᾶν
1086 1388 1368 1461 Ὤριγὲνης
1399 1389 1617 1462 φλυαρῇ
1650 1390 1743 1445 λό-

158 1492 261 1539 γων
290 1476 376 1529 ϐτι
419 1476 543 1529 ἐστὶ
595 1475 871 1542 κολάσεως
916 1478 1089 1542 τέλος,
1118 1481 1211 1533 καὶ
1243 1481 1344 1535 οὒκ
1374 1481 1465 1536 ἀεὶ
1493 1498 1743 1555 τιμωρη-

157 1565 409 1635 θήσονται
442 1566 496 1619 ot
533 1566 874 1637 ἁμαρτωλοὶ,
908 1567 1024 1621 ἀλλ’
1069 1568 1248 1632 ἔσται.
1276 1572 1365 1625 ὅτε
1403 1573 1481 1636 είς
1511 1571 1604 1627 τὸν
1632 1572 1744 1627 τῶν

157 1652 376 1707 δικαίων
399 1653 574 1709 τόπον
608 1656 944 1723 ἐλεύσονται,
976 1658 1067 1714 διὰ
1100 1660 1199 1731 τῆς
1225 1662 1505 1727 κολάσεως
1539 1664 1746 1737 καθαρο

156 1744 353 1809 θέντες.
433 1748 756 1819 Ἐλέγχεται
807 1751 919 1822 7&9
967 1751 1220 1808 ἐντεῦθεν
1270 1756 1544 1827 φανερῶς,
1583 1759 1744 1814 τοῦτο

158 1840 270 1906 μὲν,
300 1840 361 1893 ἰν
383 1836 471 1905 οἷς
512 1842 659 1911 λέγει
704 1846 735 1897 ό
765 1844 967 1916 Κύριος
988 1862 1002 1877 ο
1044 1846 1267 1902 κόλασιν
1306 1849 1552 1916 αἰώνιον,
1583 1868 1743 1908 τουτ-

155 1932 296 1986 έστιν
346 1933 610 1988 οὐδέποτε
641 1936 936 2007 λήγουσαν,
994 1938 1153 1993 τοῦτο
1180 1940 1269 2006 δὲ,
1304 1942 1363 1995 ὲν
1420 1936 1502 2008 οἷς
1535 1944 1744 2015 προϐά-

151 2042 261 2089 τοις
297 2026 401 2097 μιν
460 2028 794 2098 παρεικάζει
836 2032 962 2095 τοὺς
1001 2030 1267 2099 δικαίους,
1296 2034 1504 2107 ερίφοις
1532 2036 1589 2091 δι
1616 2038 1743 2103 τοὺς

154 2117 549 2187 ἁμαρτωλούς.
592 2120 807 2191 Ὠσπερ
843 2121 955 2192 7&9
990 2122 1179 2193 ἔριφος
1232 2126 1333 2179 οὑκ
1363 2127 1429 2181 άν
1484 2143 1619 2180 ποτε
1651 2127 1745 2199 τι-

152 2224 291 2264 νοιτο
326 2210 631 2282 πρόϐατον,
687 2212 861 2278 οὕτως
888 2214 1009 2271 οὐδὲ
1039 2216 1068 2269 ό
1098 2217 1423 2289 ἁμαρτωλὸς
1455 2220 1744 2293 καθαρθή-

153 2300 300 2355 σεταί
324 2317 486 2368 ποτε,
513 2303 611 2355 καὶ
634 2302 1164 2376 δίκαιοςγενήσεται
1184 2322 1197 2337 ·
1232 2308 1423 2374 σκότος
1459 2310 1516 2365 δι
1546 2310 1745 2378 ὶξώτε·

156 2408 267 2463 ρον,
319 2396 385 2446 τδ
436 2392 793 2465 πορρώτερον
820 2394 915 2449 τοῦ
944 2396 1123 2465 φωτὸς
1152 2396 1248 2451 τοῦ
1296 2399 1466 2466 θείου,
1499 2402 1595 2457 καὶ
1652 2401 1745 2458 διὰ

150 2483 306 2538 τοῦτο
335 2486 440 2541 καὶ
466 2485 863 2556 χαλεπωτέραν
886 2488 1072 2543 ποιοῦν
1094 2490 1194 2563 τὴν
1225 2490 1470 2548 κόλασιν.
1496 2493 1653 2547 Ἔστι
1685 2494 1744 2549 ει

154 2578 245 2631 καὶ
270 2577 461 2632 αἰτίαν
487 2578 650 2650 τήνδε
679 2580 859 2633 εἰπεῖν
891 2582 971 2646 είς
1008 2582 1188 2649 τοῦτο,
1222 2586 1250 2638 ό
1282 2584 1613 2657 ἁμαρτωλὸς
1648 2588 1745 2642 καὶ

152 2669 388 2724 ἐνταῦθα
427 2670 530 2739 μιν
562 2671 753 2736 σκότος
788 2672 923 2745 εχει,
984 2676 1235 2731 ἑκπεσὼν
1261 2676 1356 2733 τοῦ
1404 2680 1505 2749 τῆς
1536 2680 1746 2735 δικαιο·

154 2758 319 2830 σύνης
350 2759 566 2825 Ἠλίου,
602 2760 718 2814 ἀλλ’
748 2766 873 2817 επεὶ
900 2765 1055 2832 ἐλπίς
1112 2769 1229 2822 ἐστι
1267 2770 1596 2841 μεταϐολῆς,
1654 2772 1744 2828 διὰ

153 2848 309 2903 τοῦτο
337 2851 444 2904 οὒκ
473 2850 591 2905 εστι
618 2852 681 2907 τδ
717 2856 909 2920 σκότος
935 2857 1093 2912 τοῦτο
1118 2858 1383 2931 ιξὼτερον
1408 2879 1424 2894 ο
1452 2862 1587 2935 μεθὸ
1618 2865 1745 2936 μιν·

152 2960 232 2995 τοι
286 2944 576 3011 ἀποθάνοι,
618 2947 723 3002 καὶ
752 2947 1009 3021 επισταίη
1074 2954 1107 3028 ᾗ
1165 2954 1275 3007 τῶν
1332 2957 1745 3028 πεπραγμένων

152 3036 431 3103 ἐξέτασις,
460 3039 785 3109 ,διαδέχεται
842 3042 1003 3096 αὑτὸν
1056 3024 1151 3098 καὶ
1184 3024 1493 3118 ιξὼτερονλ
1528 3024 1627 3103 οῦκ
1662 3048 1743 3103 Ξτι

1842 566 1946 606 non
1983 551 2207 624 indiget,
2236 554 2377 623 rapit
2406 554 2629 607 omnino
2661 554 2728 607 ab
2762 553 2847 607 his
2892 552 2985 623 qui
3029 552 3271 621 egent,et
3320 565 3428 603 non

1840 644 2115 713 accipiunt
2147 645 2216 699 ab
2247 644 2387 714 ipso.
2413 642 2545 699 Nam
2572 646 2617 700 si
2644 645 2695 699 in
2726 659 3016 699 commune
3046 659 3107 699 ea
3140 643 3429 712 posuisset,

1834 736 2076 792 fuissent
2108 737 2298 809 utique
2329 747 2383 793 et
2415 738 2488 792 illi
2522 752 2629 792 non
2663 736 2832 805 indigi
2866 754 2880 791 :
2911 750 3050 791 nunc
3093 745 3270 789 autem
3304 736 3435 801 quia

1844 828 2084 892 reclusit,
2122 838 2179 885 et
2229 828 2440 898 propria
2484 828 2633 895 fecit,
2676 837 2962 899 propterea
3011 824 3086 879 illi
3134 823 3431 878 esuriuttt:

1844 931 2006 993 atque
2034 923 2104 977 ita
2129 932 2183 977 et
2207 935 2391 992 raptor
2420 932 2503 977 est
2529 924 2623 993 qui
2654 922 3071 981 immisericors,
3109 926 3188 971 tot
3231 913 3430 981 iniuria

1842 1012 2103 1081 alliciens,
2129 1024 2262 1084 quot
2293 1014 2571 1070 beneﬂciis
2601 1012 2817 1069 allicere
2850 1013 3045 1080 potuit,
3071 1018 3125 1063 et
3162 1022 3267 1061 non
3300 1005 3432 1059 atre-

1843 1108 1935 1163 cit.
1976 1105 2102 1161 ldeo
2153 1108 2309 1161 ibunt
2362 1108 2416 1161 bi
2458 1107 2510 1161 itt
2552 1104 2875 1175 supplicium
2908 1115 3169 1159 internum
3204 1111 3259 1155 et
3293 1115 3435 1153 nunc

1844 1214 2004 1267 quam
2063 1199 2396 1265 ﬁniendum;
2443 1198 2577 1269 justi
2633 1212 2765 1252 vero
2818 1198 2870 1250 in
2923 1196 3088 1250 vitam
3147 1204 3432 1249 aeternam.

1842 1289 1982 1345 Nam
2026 1292 2168 1346 sicut
2200 1292 2374 1345 sancti
2418 1289 2741 1346 incessabile
2789 1290 2991 1344 habent
3035 1289 3315 1356 gaudium,
3363 1287 3435 1341 ita

1845 1381 2027 1449 injusti
2065 1367 2452 1436 indesinente'm
2486 1396 2701 1451 penam
2729 1398 2742 1434 :
2768 1380 2986 1434 tametsi
3015 1377 3277 1446 Origenes
3328 1392 3432 1429 nu-

1844 1482 2000 1544 getur
2036 1471 2225 1527 dicens
2260 1470 2374 1525 fore
2412 1472 2798 1541 suppliciorum
2849 1473 3034 1533 littem,
3059 1478 3115 1523 et
3146 1484 3250 1521 non
3284 1483 3434 1521 sem-

1846 1580 1944 1635 per
2003 1565 2306 1633 puniendos
2370 1574 2707 1633 peccatores,
2777 1561 2869 1617 sed
2938 1562 3060 1616 fore
3145 1559 3439 1629 aliquando

1850 1665 2081 1726 tempus,
2120 1657 2337 1725 quando
2387 1658 2438 1711 in
2483 1654 2757 1724 iustorum
2810 1658 3022 1709 venturi
3051 1654 3161 1707 sint
3193 1668 3435 1706 censor--

1847 1746 1981 1801 tium
2050 1748 2261 1817 purgati
2315 1762 2345 1801 a
2394 1747 2601 1817 pmnis.
2649 1744 2909 1817 Arguitur
2960 1753 3139 1798 autem
3204 1757 3271 1797 ex
3337 1743 3440 1796 hoc

1772 1808 1816 1865 Β
1849 1840 1969 1895 luco
2022 1840 2328 1903 maniieste,
2374 1854 2497 1894 nam
2573 1838 2839 1893 Dominus
2893 1837 3069 1892 dicit:
3109 1834 3437 1905 supplicium

1844 1942 2131 1996 aeternum,
2154 1932 2255 1987 hoc
2289 1940 2688 2002 est,nunguam
2730 1930 3009 1985 desinens.
3042 1928 3124 1985 Un
3148 1928 3196 1982 le
3226 1941 3279 1982 et
3319 1927 3440 1981 ovi—

1844 2021 1945 2077 bus
1970 2029 2251 2091 comparat
2276 2020 2476 2092 justas,
2525 2021 2679 2077 bedis
2713 2030 2893 2074 autem
2916 2030 3257 2088 peccatores:
3294 2018 3435 2073 εὲοηι

1802 2136 1805 2139 λ
1844 2113 1991 2169 enim
2022 2113 2215 2170 bmdus
2256 2128 2530 2183 nunquam
2566 2113 2626 2169 lit
2663 2113 2800 2179 ovis,
2843 2113 2924 2167 sic
2972 2126 3250 2180 nunquam
3304 2124 3435 2179 pec-

1844 2214 1999 2259 cator
2049 2204 2367 2276 purgabitur
2414 2214 2468 2261 et
2533 2205 2636 2260 erit
2698 2204 2903 2275 Justus.
2940 2204 3205 2259 Tenebrae
3258 2215 3440 2257 autem

1846 2293 2169 2363 exteriores,
2200 2311 2321 2366 qua
2361 2295 2551 2366 procul
2585 2305 2711 2351 sunt
2760 2310 2791 2350 a
2850 2294 2973 2350 luce
3005 2295 3207 2362 divina,
3230 2304 3285 2349 et
3316 2308 3443 2362 pru-

1846 2395 2027 2458 pterea
2059 2388 2363 2459 graviorem
2392 2387 2601 2443 faciunt
2634 2403 2875 2459 poenam.
2915 2389 3099 2444 Potest
3131 2391 3257 2442 item
3306 2401 3444 2441 cau-

1845 2497 1903 2537 sa
1930 2482 2175 2553 quaedam
2228 2479 2409 2537 οσοιεί
2444 2481 2513 2536 ad
2546 2482 2683 2537 hac.
2725 2475 2987 2537 Peccator
3039 2480 3185 2535 enim
3241 2478 3294 2533 iu
3341 2478 3445 2533 hac

1848 2574 1955 2629 vita
2001 2573 2057 2628 in
2104 2573 2343 2628 tenebris
2389 2580 2494 2638 est,
2521 2586 2646 2627 nam
2688 2571 2904 2629 excidit
2949 2586 2982 2627 a
3025 2570 3139 2627 sole
3179 2569 3441 2640 iustitiae:

1845 2668 1941 2719 sed
1968 2665 2092 2733 quia
2120 2680 2247 2735 spes
2282 2675 2370 2722 est
2412 2666 2814 2732 conversionis,
2840 2674 3127 2735 propterea
3165 2676 3270 2717 non
3313 2673 3445 2717 sunt

1847 2759 2081 2816 tenebrae
2115 2760 2218 2815 illa
2256 2761 2580 2816 exteriores.
2609 2759 2777 2815 Porro
2824 2760 2913 2816 ubi
2964 2769 3209 2814 mortuus
3256 2757 3442 2823 l'uerlt,

1846 2857 1901 2905 et
1936 2849 2195 2905 institerit
2223 2864 2450 2906 examen
2487 2849 2786 2916 factorum,
2810 2851 3088 2918 excipiunt
3117 2864 3240 2904 eum
3290 2858 3447 2904 extr-

1850 2940 2042 2997 riores.
2084 2939 2203 2995 Non
2250 2941 2396 2996 eniut
2450 2940 2590 2995 ultra
2638 2940 3013 3019 conversionis
3064 2954 3190 3009 spes
3219 2948 3322 3003 est,
3343 2941 3442 2996 sed

1846 3034 2079 3089 sustinet
2115 3035 2463 3104 amnigenam
2500 3033 2670 3089 divini
2704 3034 3011 3101 splendoris
3058 3034 3443 3102 privationem.

153 3127 259 3198 γὰρ
309 3127 471 3191 ιλπίς
501 3131 621 3183 εστι
655 3130 981 3203 μεταϐολῆς,
1016 3132 1151 3188 ἀλλὰ
1187 3136 1425 3208 παντελῆ
1485 3139 1744 3210 στέρησιν

1853 3125 2102 3193 Quandiu
2169 3127 2313 3180 enim
2358 3118 2458 3181 (hic
2510 3136 2616 3189 est,
2668 3126 2884 3179 etiamsi
2938 3126 3075 3181 bona
3130 3126 3219 3179 Dei
3269 3126 3449 3181 minus

153 3218 256 3272 τῶν
284 3220 383 3274 τοῦ
438 3219 578 3275 Θεοῦ
606 3223 830 3291 ἀγαθῶν
868 3225 1182 3294 ὑφίσταται.
1232 3230 1322 3283 Ἐν
1349 3230 1462 3301 ὅσῳ
1511 3232 1619 3302 γὰρ
1656 3233 1749 3286 ὲν-

152 3312 333 3368 ταῦθά
385 3316 530 3380 ἑστι,
589 3316 694 3371 κᾶν
731 3318 967 3389 μετρίως
1006 3318 1259 3393 ἀπολαύῃ
1300 3322 1409 3375 τῶν
1460 3323 1557 3377 τοῦ
1608 3325 1748 3379 θεοῦ

154 3408 401 3475 ἀγαθῶν,
439 3409 551 3463 τῶν
588 3409 864 3481 αἰσθητῶν
890 3412 989 3483 τῆς
1025 3414 1257 3477 κτίσεως
1288 3416 1453 3484 λέγω,
1480 3420 1576 3471 καὶ
1604 3419 1753 3472 δοκεῖ

152 3499 335 3566 δοῦλος
361 3498 506 3555 εἶναι
532 3502 786 3556 ὁπωσοῦν
815 3501 911 3555 τοῦ
949 3502 1108 3569 Θεοῦ,
1133 3507 1191 3558 ὲν
1218 3506 1297 3575 τῷ
1326 3509 1460 3578 οἴκῳ
1486 3509 1653 3563 αὑτοῦ
1681 3513 1747 3582 τῇ

159 3591 329 3645 κτίσει
360 3594 541 3663 ταύτῃ
561 3592 786 3661 διάγων,
815 3593 909 3647 καὶ
938 3593 1033 3648 ὑπ’
1066 3596 1230 3650 αὑτοῦ
1262 3600 1604 3669 τρεφόμενος
1653 3604 1751 3656 καὶ

157 3683 575 3755 διεξαγόμενος⁸
612 3685 735 3739 τότε
767 3684 825 3738 δὲ
853 3685 1204 3742 παντάπασιν
1250 3689 1626 3745 άποκόπτεται
1655 3691 1749 3747 τοῦ

157 3774 313 3843 θεοῦ,
348 3775 572 3840 οὐδενὸς
608 3777 857 3848 μετέχων
913 3777 1024 3832 τῶν
1079 3779 1247 3834 αὐτοῦ
1295 3782 1539 3849 ἀγαθῶν.
1578 3783 1751 3840 Τοῦτο

159 3864 273 3919 [στι
316 3865 381 3918 τὸ
424 3864 641 3931 σκότος,
677 3866 1047 3938 συγκριτικῶς
1111 3868 1406 3939 λεγόμενον
1459 3870 1749 3945 εξὼτερον,

157 3956 227 4019 ὡς
260 3958 401 4028 πρὸς
450 3957 512 4010 τὸ
538 3957 796 4013 ενταῦθα.
832 3961 1012 4032 Ὅπερ
1040 3961 1141 4015 οὐκ
1167 3961 1317 4017 εστιν
1346 3962 1632 4036 ἐξώτερον,
1673 3968 1751 4032 ὡς

160 4051 230 4121 μὴ
254 4050 545 4113 παντελῶς
572 4050 1025 4123 άποκοπτομένου
1044 4052 1296 4108 εντεῦθεν
1325 4056 1427 4128 ἤδη
1447 4056 1542 4111 τοῦ
1571 4059 1754 4131 ἁμαρ-

154 4142 347 4197 τωλοῦ.
395 4141 561 4196 Ἀλλὰ
601 4144 666 4197 σὺ
702 4142 874 4213 φεῦγε
927 4143 991 4198 τὸ
1048 4145 1435 4217 άσπλαγχνον,
1499 4148 1593 4204 καὶ
1650 4149 1753 4221 τὴν

156 4232 537 4305 ίλιημοσύνην
566 4233 804 4305 ἐργάζου
838 4236 933 4289 καὶ
961 4236 1234 4307 αίσθητῶς
1278 4238 1400 4307 μὲν,
1437 4240 1578 4311 πλὴν
1612 4241 1751 4297 άλλά

158 4326 246 4377 καί
274 4323 688 4394 πνευματικῶς.
716 4325 927 4396 Θρέψον
956 4327 1066 4396 7&9
1095 4328 1188 4382 τδν
1216 4327 1452 4400 Χριστὸν
1476 4333 1750 4388 πεινῶντα

155 4415 249 4487 τὴν
278 4416 562 4487 ἡμετέραν
595 4417 873 4489 σωτηρίαν
900 4433 915 4449 ·
980 4419 1120 4472 ἀλλά
1180 4421 1273 4475 καὶ
1320 4422 1414 4474 τὸν
1470 4424 1743 4480 πεινῶντα

1856 3224 2087 3278 ubertim
2112 3222 2373 3291 suscipiat
2399 3221 2617 3294 [loquor
2638 3222 2706 3276 de
2723 3219 3072 3275 sensibilibus
3099 3229 3153 3275 et
3177 3221 3378 3276 creatis
3398 3219 3445 3294 ],

1856 3316 2069 3371 videtur
2099 3329 2221 3370 esse
2254 3314 2653 3384 quodammodo
2686 3329 2881 3369 servus
2915 3313 3004 3369 Dei
3034 3314 3159 3368 dum
3192 3312 3245 3368 lu
3278 3315 3442 3369 domn

1853 3409 1990 3480 ejus,
2025 3408 2127 3462 hoc
2157 3416 2240 3461 est
2266 3409 2316 3460 in
2347 3407 2640 3471 creaturis,
2674 3418 2951 3471 versatur,
2977 3408 3045 3461 ab
3077 3406 3307 3475 ipsoque
3352 3407 3451 3461 ali-

1855 3510 1942 3557 tur
1968 3510 2022 3555 et
2047 3502 2329 3555 educatur.
2355 3498 2507 3554 Tunc
2553 3507 2740 3554 autem
2781 3500 3036 3554 omnibus
3075 3500 3250 3553 modis
3276 3513 3306 3551 a
3342 3497 3452 3554 Deo

1855 3594 2138 3659 dividitur,
2194 3593 2329 3647 nihil
2362 3576 2652 3648 commune
2686 3607 2809 3648 cum
2847 3590 2991 3647 illius
3026 3593 3181 3647 bouis
3217 3590 3448 3647 habens.

1854 3688 1952 3741 Hae
1981 3695 2106 3741 sunt
2141 3700 2239 3753 per
2275 3688 2740 3755 comparationem
2776 3684 2841 3738 ad
2884 3685 2982 3741 has
3024 3684 3263 3739 tenebrm
3296 3692 3450 3738 exte.

1856 3779 2048 3846 riores,
2072 3793 2141 3835 eo
2174 3779 2319 3850 quod
2373 3777 2462 3835 hic
2512 3793 2619 3834 non
2668 3778 2921 3852 omnibus
2971 3777 3143 3831 modis
3198 3786 3452 3846 peccator

1858 3876 2157 3925 resecatur.
2186 3868 2255 3922 At
2289 3876 2345 3923 tu
2385 3866 2511 3939 fuge
2547 3865 3061 3923 immisericordiatn
3097 3874 3150 3920 et
3180 3866 3265 3920 lae
3300 3867 3448 3921 elec-

1856 3977 2134 4034 mosynas,
2158 3972 2212 4017 et
2261 3959 2395 4015 alias
2448 3960 2667 4030 quidem
2726 3959 3032 4023 sensibiles,
3076 3958 3211 4012 alias
3267 3969 3450 4013 autem

1856 4054 2189 4125 spirituales.
2243 4052 2410 4108 Pasce
2468 4051 2770 4116 Christum,
2816 4052 2907 4121 qui
2959 4052 3134 4107 esurit
3210 4050 3446 4105 salutem

1856 4159 2125 4204 nostram.
2157 4144 2264 4200 Sed
2294 4154 2347 4199 et
2380 4146 2712 4199 esurientem
2750 4144 3031 4201 doctrinas
3064 4144 3110 4201 si
3142 4144 3359 4213 paveris
3395 4150 3453 4198 et.

1856 4240 2153 4312 potaveris,
2180 4237 2375 4307 pavisti
2404 4236 2683 4291 Christum
2708 4246 2761 4291 et
2791 4239 3012 4306 potasti.
3038 4237 3095 4292 lu
3131 4237 3449 4293 Christiano

1856 4335 2003 4390 enim
2036 4332 2284 4388 Christus
2314 4338 2420 4395 est,
2449 4340 2502 4385 et
2536 4329 2668 4389 ﬁdes
2703 4330 2868 4388 alitur
2908 4341 2963 4385 et
3001 4332 3197 4385 crescit
3246 4332 3451 4386 doctri-

1858 4429 1969 4483 nis.
1999 4424 2103 4479 Sed
2132 4433 2187 4479 et
2224 4425 2268 4477 si
2305 4423 2505 4477 videris
2540 4422 2885 4493 peregrinum
2920 4440 2948 4476 a
2980 4439 3211 4493 superna
3243 4423 3443 4491 patria,

153 4508 512 4571 διδασκαλίας
545 4507 640 4562 εὰν
679 4508 887 4580 θρέψῃς
916 4510 1009 4563 καὶ
1045 4512 1294 4585 ποτίσῃς,
1331 4513 1570 4586 ἔθρεψας
1608 4518 1744 4588 Χρι-

1850 4531 2024 4577 tecum
2064 4526 2116 4573 et
2147 4516 2358 4586 collige,
2398 4514 2502 4584 hoc
2548 4523 2653 4579 est,
2679 4517 2803 4569 dum
2834 4516 3139 4587 ingrederis
3171 4519 3224 4571 in
3256 4517 3448 4583 cmlos,

154 4602 277 4655 στὸν
308 4603 405 4655 καὶ
442 4602 719 4667 ἑπότισας.
764 4600 827 4657 '0
857 4604 969 4675 γὰρ
993 4605 1050 4658 tv
1076 4603 1153 4675 τῷ
1170 4604 1485 4678 Χριστιανῷ
1514 4610 1750 4679 Χριστὸς

152 4694 245 4745 καὶ
268 4696 303 4762 ἡ
332 4694 520 4757 πίστις
552 4693 817 4763 τρέφεται
853 4696 947 4749 καὶ
978 4695 1204 4762 αὒξεται
1227 4698 1315 4752 διὰ
1353 4702 1454 4769 τῆς
1492 4702 1749 4758 ϐιδασκα-

151 4785 295 4849 λίας.
344 4784 512 4838 Ἀλλά
539 4785 641 4839 κᾶν
670 4786 788 4861 ἴδῃς
826 4787 971 4853 τινὰ,
1004 4787 1154 4855 ξένον
1181 4791 1469 4862 γινόμενον
1497 4793 1599 4863 τῆς
1632 4796 1745 4850 άνω

151 4876 441 4947 πατρίδος,
474 4878 864 4947 συνεισάγαγε,
896 4880 1168 4945 τουτέστι,
1211 4884 1309 4936 σὺν
1336 4884 1415 4955 τῷ
1449 4886 1543 4938 καὶ
1578 4886 1743 4951 αὐτὸς

153 4969 501 5040 είσέρχεσθαι
526 4972 606 5035 είς
629 4973 918 5043 οὐρανοὺς,
948 4974 1211 5043 εἰσάγαγε
1236 4979 1511 5041 κάκεῖνον,
1548 4980 1623 5049 μὴ
1654 4979 1750 5034 άλ-

152 5060 263 5125 λοις
312 5062 625 5133 κηρύσσων,
679 5065 843 5129 αὐτὸς
892 5066 950 5119 at
983 5068 1241 5137 ἀδόκιμος
1291 5068 1402 5122 ὤν’
1441 5071 1544 5124 κᾶν
1574 5089 1654 5135 τις
1687 5074 1749 5125 τὸ

153 5155 250 5225 τῆς
276 5153 593 5223 ἀφθαρσίας
627 5156 843 5226 ἱμάτιον
884 5158 1155 5231 ἀποϐάλῃ.
1196 5158 1225 5212 ὃ
1273 5161 1363 5215 διὰ
1418 5161 1512 5215 τοῦ
1546 5162 1747 5232 βαπτίσ-

157 5260 365 5312 σματος
399 5246 548 5316 ἔσχε,
578 5249 672 5300 καὶ
696 5249 1036 5318 γυμνωθείη,
1071 5250 1287 5304 ἔνδυσον
1319 5254 1504 5318 αὐτὸν,
1539 5256 1632 5307 καὶ
1659 5256 1751 5309 τὸν

152 5336 489 5390 ἀσθενοῦντα
518 5342 580 5409 τῇ
624 5340 826 5405 πίστει,
862 5341 938 5405 ὼς
969 5344 997 5394 ὁ
1027 5342 1240 5407 Παῦλός
1292 5361 1448 5415 φησι,
1503 5346 1745 5416 προσλαο

154 5421 251 5480 ϐ’λῦ
273 5442 289 5457 ·
321 5427 417 5480 καὶ
440 5426 531 5481 τὸν
559 5428 957 5501 καθειργμένον
984 5432 1043 5485 ὲν
1074 5434 1141 5502 τῇ
1170 5434 1498 5505 φυλακῇ,τῷ
1532 5436 1743 5507 σώματι

1859 4608 2108 4667 introduc
2132 4616 2188 4662 et
2214 4606 2383 4671 illum,
2410 4605 2636 4661 ne'aliis
2671 4609 2976 4676 praedicans
3012 4609 3128 4677 ipse
3155 4610 3229 4664 sis
3255 4624 3447 4677 repro-

1858 4705 1977 4758 bus.
2020 4700 2087 4755 Et
2140 4700 2185 4756 si
2243 4699 2365 4769 quis
2422 4699 2849 4768 incorruptionis
2898 4713 3104 4756 restem
3158 4702 3444 4772 abjecerit,

1855 4809 2018 4866 quam
2069 4807 2164 4862 per
2222 4792 2553 4863 baptismum
2612 4792 2808 4859 induit,
2848 4803 2901 4848 et
2942 4794 3117 4848 nudus
3153 4797 3246 4861 sit,
3285 4795 3445 4867 142

1862 4887 2025 4941 indue
2052 4884 2222 4940 illum.
2275 4884 2341 4938 Et
2376 4884 2648 4939 inlirmum
2698 4884 2802 4940 [ide
2861 4886 2942 4957 (ut
2985 4885 3181 4941 Paulus
3225 4887 3447 4950 dicit")

1864 4993 2082 5033 assume
2132 4986 2229 5032 :et
2276 4977 2517 5031 vinctum
2568 4977 2621 5031 in
2680 4992 2920 5038 carcere.
2961 4979 3060 5031 huc
3092 4989 3177 5034 est
3216 4995 3449 5048 corpore

1856 5071 1946 5125 illo
1980 5069 2507 5135 tenebroso,invise,
2529 5069 2602 5124 illi
2628 5070 2782 5140 quasi
2818 5070 3158 5139 splendorem
3186 5073 3441 5126 admoui-

1858 5163 2061 5217 tiouetn
2111 5165 2339 5217 donans.
2368 5162 2479 5217 Has
2506 5178 2600 5217 sex
2648 5164 2858 5233 species
2911 5165 3200 5219 cbaritatis
3251 5180 3446 5220 omnes

1858 5255 2019 5325 imple
2049 5255 2263 5323 quidem
2294 5254 2849 5325 corporaliter,imple
2878 5268 3055 5310 autent
3076 5257 3444 5326 etspirituali-

1856 5354 1971 5410 ter;
2011 5360 2133 5399 nam
2166 5361 2287 5399 cum
2319 5344 2547 5414 duplicis
2601 5355 2807 5400 natura:
2838 5348 3031 5411 simus,
3088 5364 3153 5401 ex
3182 5350 3361 5402 anima
3390 5358 3444 5403 ct

1854 5450 2104 5504 corpore,
2127 5445 2355 5507 possunt
2392 5438 2503 5491 lucc
2532 5448 2583 5490 et
2612 5437 2863 5493 bifariam
2904 5440 3112 5509 perlici.

154 5520 331 5590 τούτῳ
375 5522 456 5593 τῷ
505 5524 790 5594 σκοτεινῷ,
832 5526 1147 5599 ἐπίσκεψαι,
1202 5527 1391 5601 ὥσπερ
1446 5548 1498 5587 τι
1551 5534 1754 5599 φέγγος
1820 5530 1973 5600 αὖτῷ
2040 5532 2139 5605 τὴν
2168 5532 2447 5586 νουθεσίαν
2503 5534 2867 5605 δωρούμενος.
2921 5535 3104 5587 Ταῦτα
3146 5538 3324 5591 πάντα
3372 5538 3441 5590 τὰ

160 5608 211 5674 ἓξ
253 5611 372 5681 εἴδη
410 5612 516 5676 τῆς
570 5614 795 5686 ἀγάπης
849 5616 1089 5671 ἐπιτέλει
1126 5620 1224 5690 μὲν
1276 5622 1369 5674 καὶ
1408 5623 1757 5689 σωματικῶς,
1801 5623 1940 5691 πλὴν
1972 5623 2109 5677 ἀλλὰ
2163 5626 2256 5679 καὶ
2307 5625 2585 5696 ψυχικῶς·
2653 5627 2858 5683 διπλῶν
2901 5630 3007 5698 γὰρ
3034 5628 3203 5681 ὅντων
3259 5630 3437 5701 ἡμῶν,

158 5705 213 5756 ἐκ
243 5702 427 5773 ψυχῆς
464 5706 557 5757 καὶ
610 5706 886 5777 σώματος,
920 5710 1175 5767 δύνανται
1207 5712 1376 5767 ταῦτα
1411 5714 1613 5778 διπλῶς
1646 5715 2081 5787 κατορθωθῆναι.

220 5819 265 5849 ⁸⁷
302 5820 317 5875 Ι
349 5820 482 5877 Cor.
526 5835 607 5887 Ill,
645 5820 700 5880 2.

3321 342 3429 407 ιιι
3523 384 3535 415 κ
