4010 6414
628 353 753 438 ‘435
1487 350 2070 414 THEOPHYLACTI
2113 352 2526 416 BULGARIIE
2565 357 2922 419 ARCHIEP.
3774 356 3886 420 436

932 466 935 468 ’
1200 465 1427 525 CAPUT
1466 467 1653 524 XXVI.
2231 473 2284 532 Α

2231 473 2284 532 Α
2868 472 3119 527 ΚΕΦΔΛ.
3172 475 3315 542 κςι.

647 611 722 663 De
758 605 1070 690 Nagdalena
1101 605 1675 690 Βολικὶιιιιηιιιιηςειξς.
1823 606 2106 690 edacitate.
2136 607 2207 662 De

2307 605 2458 690 Περὶ,
2476 606 2587 674 τῆς
2633 605 2974 690 ᾀτλειψάσςης
3001 607 3108 661 τόν
3147 608 3563 690 Κύριμμύρῳ.
3587 606 3731 690 ’Περὶ
3773 605 3886 686 τοῦ

717 675 933 758 mystica
961 693 1128 732 canta.
1151 676 1229 731 Ds
1266 675 1547 731 traditione
1578 676 1796 734 Christi.
1829 675 1901 731 De
1931 680 2207 747 negatione

2375 677 2606 758 πάσχειἶ
2632 675 2904 758 aspirati
2928 695 2987 758 ’ξι
3002 675 3252 758 vetuset?
3266 677 3547 758 feign-cy.
3581 675 3718 758 Περί
3774 675 3881 741 τῆς

719 747 880 801 pem.
2377 747 2756 814 παραδόσεως
2785 747 2889 802 τοῦ
2920 748 3206 816 Χριστοῦ.
3257 747 3395 817 Περὶ
3429 747 3540 816 τῆς
3565 748 3885 815 ἀρνήσεως

2374 818 2483 871 τοῦ
2512 817 2760 886 Πέτρου.

713 926 996 983 Vens.i.¢
1050 925 1116 981 Et
1175 925 1377 982 factum
1439 927 1542 990 est,
1585 940 1705 980 cum
1768 936 2204 983 consummasset

2383 931 2521 986 ιΚαὶ
2551 931 2767 1002 ἐγένετο
2803 933 2890 986 ὅτε
2928 933 3174 987 ἐτέλεσεν
3200 934 3227 986 6
3260 932 3467 1002 Ἰησοῦς
3506 932 3715 995 πάντας
3746 932 3884 997 τοὺς

640 1020 798 1075 Jesus
836 1032 1112 1075 sermones
1162 1019 1259 1072 hos
1304 1031 1511 1082 omnes,
1537 1017 1672 1071 dixit
1720 1017 2000 1085 discipulis
2046 1019 2200 1073 suis:

2302 1020 2495 1090 λόγους
2528 1019 2767 1086 τούτους,
2816 1014 2937 1073 εἷπε
2963 1022 3076 1084 τοῖς
3108 1019 3378 1090 μαθηταῖς
3412 1017 3578 1074 αὑτοῦ
3607 1033 3622 1047 ο
3654 1017 3879 1082 Οίδατε,

642 1109 805 1164 Scitis
831 1109 956 1178 quia
982 1117 1106 1177 post
1138 1106 1591 1172 biduuquascba
1609 1107 1722 1174 (iet,
1740 1109 1995 1164 etFilius
2027 1108 2205 1166 homi-

2300 1113 2380 1167 ὅτι
2413 1111 2549 1183 μετὰ
2597 1113 2689 1166 δύο
2718 1111 2930 1183 ἡμέρας
2967 1111 3029 1166 τὺ
3064 1111 3255 1182 Πάσχα
3285 1112 3517 1180 γίνεται.
3553 1111 3662 1164 Καὶ
3685 1112 3712 1163 ό
3740 1110 3881 1172 Υἱὸς

639 1202 722 1255 nis
760 1201 998 1254 tradetur
1027 1207 1086 1254 ut
1120 1197 1485 1268 cruciﬁgatur.
1510 1217 1528 1250 ι
1563 1198 1697 1266 Quia
1758 1201 1907 1270 regni
1955 1200 2202 1256 meminit

2299 1204 2394 1258 τοῦ
2425 1204 2713 1274 ἀνθρώπου
2745 1203 3093 1274 παραδίδοται
3154 1205 3232 1267 είς
3289 1205 3350 1257 τὸ
3407 1201 3812 1273 σταυρωθῆναι.
3857 1219 3878 1252 ι

637 1301 690 1345 ct
743 1291 1138 1354 retributionis,
1186 1290 1508 1357 tempestive
1565 1299 1967 1361 consequenter
2017 1301 2074 1350 et
2130 1293 2198 1347 de

2314 1295 2530 1366 Ἐπειδὴ
2563 1297 2836 1366 βασιλείας
2885 1295 3134 1366 ἐμνήσθη
3173 1296 3266 1349 καὶ
3317 1295 3748 1359 άνταποδόσεως,
3784 1294 3881 1372 εύ-

641 1381 891 1449 passione
933 1394 1028 1434 sua
1065 1380 1302 1442 disserit,
1344 1379 1496 1449 quasi
1548 1381 1733 1437 dicens
1758 1399 1775 1436 :
1798 1378 1974 1436 Etiam
2010 1382 2064 1438 hi
2100 1382 2192 1453 qui

2300 1387 2506 1456 καίριος
2533 1387 2718 1441 λοιπὸν
2752 1389 2846 1441 καὶ
2876 1388 3004 1458 περὶ⁵
3036 1389 3132 1442 τοῦ
3164 1387 3369 1451 πάθους
3391 1385 3486 1441 τοῦ
3524 1387 3726 1440 οίκείου
3758 1387 3883 1439 δια-

635 1485 721 1527 me
750 1470 1278 1542 cruciﬂxerint,igne
1312 1472 1621 1540 punientur.

2299 1479 2531 1548 λέγεται,
2557 1481 2840 1551 μονονουχὶ
2876 1483 3036 1536 τοῦτο
3062 1481 3257 1549 λέγων,
3279 1482 3362 1535 ὅτι
3404 1481 3514 1534 Καὶ
3543 1482 3595 1535 οἱ
3622 1478 3882 1550 σταυρὼ-

2301 1571 2492 1633 σαντές
2526 1588 2594 1640 με
2627 1570 2720 1624 τοῦ
2760 1572 2931 1642 πυρὸς
2961 1572 3382 1644 άξιωθὴσονται.

703 1646 864 1702 Vens.
889 1647 1005 1701 2-5.
1035 1665 1053 1698 ι
1091 1645 1241 1702 Tunc
1271 1645 1578 1716 congregati
1623 1654 1749 1702 sunt
1792 1646 2064 1715 principes
2106 1661 2195 1702 sa-

2375 1684 2393 1716 t
2425 1664 2559 1718 Τότε
2615 1665 2957 1734 συνήχθησαν
2991 1667 3039 1718 oi
3074 1667 3352 1736 ἀρχιερεῖς
3391 1666 3488 1718 καὶ
3519 1665 3568 1718 oi
3601 1665 3880 1735 Γραμμα-

632 1742 932 1804 cerdutum,
960 1750 1014 1793 et
1043 1739 1272 1801 scribat,
1306 1747 1362 1793 et
1390 1739 1635 1794 seniores
1673 1739 1878 1808 populi,
1902 1740 1956 1793 lu
1989 1737 2191 1794 atrium

2298 1758 2405 1821 τεῖς
2438 1755 2532 1810 καὶ
2561 1756 2610 1809 oi
2645 1755 3004 1827 πρεσϐύτεροι
3038 1758 3133 1810 τοῦ
3163 1757 3293 1810 λαοῦ
3323 1757 3405 1820 είς
3452 1756 3551 1828 τὴν
3575 1757 3743 1824 αὐλὴν
3774 1755 3881 1810 τοῦ

631 1834 888 1903 principis
914 1835 1277 1899 sacerdotum,
1302 1835 1394 1904 qui
1425 1833 1709 1890 dicebatur
1737 1833 1962 1903 Caipba,
1981 1844 2035 1889 et
2063 1849 2192 1888 con-

2300 1815 2596 1922 άρχιερέως
2632 1815 2724 1902 τοῦ
2761 1815 3055 1919 λεγομένου
3093 1851 3337 1917 Καῖάιρα.
3384 1815 3883 1902 ⁷ιιαίσυνεϐονλεύ-

627 1926 803 1979 silium
837 1926 1071 1980 inierunt
1096 1936 1154 1980 ut
1191 1925 1379 1980 Iesum
1418 1924 1540 1980 dolo
1589 1933 1834 1980 tenerent
1879 1935 1933 1980 et
1975 1925 2194 1981 occide-

2298 1959 2460 1996 σαντο
2523 1943 2607 1995 ἵνα
2655 1941 2746 1994 τὸν
2789 1939 2993 2010 Ἰησοῦν
3049 1941 3183 2009 δόλῳ
3226 1940 3544 2010 κρατήσωσι
3598 1940 3694 1994 καὶ
3729 1942 3877 1994 ἀπο-

627 2024 764 2070 rent.
794 2015 1049 2071 Dicebant
1073 2023 1248 2070 autem
1275 2033 1289 2070 :
1315 2013 1428 2070 Non
1477 2015 1528 2069 in
1576 2015 1662 2071 die
1706 2014 1864 2081 festo,
1897 2030 1964 2071 ne
1997 2016 2196 2071 tumul-

2297 2030 2618 2109 κτείνωσινρ
2650 2030 2836 2095 ἔλεγον
2870 2030 2926 2082 δέ
2952 2047 2967 2060 ·
3021 2029 3114 2101 Μὴ
3145 2031 3202 2082 ὲν
3241 2031 3306 2100 τῇ
3334 2031 3519 2100 ἑορτῇ,
3554 2031 3640 2083 ἵνα
3678 2029 3752 2101 μὴ
3784 2030 3880 2084 θό-

628 2119 714 2160 ιυε
753 2106 844 2160 ﬁat
887 2108 938 2160 in
977 2108 1192 2177 populo.
1237 2127 1255 2161 ι
1291 2107 1426 2162 Cum
1467 2109 1552 2163 lex
1587 2108 1902 2178 praeciperet
1935 2117 1992 2161 ut
2027 2123 2191 2162 unum

2298 2121 2458 2190 ρυϐος
2488 2106 2711 2192 γένηται
2747 2121 2806 2174 ὲν
2859 2119 2936 2191 τῷ
2959 2118 3093 2190 λαῷ.
3139 2139 3158 2172 ι
3218 2119 3325 2174 Τοῦ
3356 2121 3520 2190 νόμον
3557 2119 3881 2184 κελεύοντος

630 2207 835 2252 tantum
865 2199 1127 2253 haberent
1174 2199 1481 2266 pontificem
1530 2214 1624 2268 per
1664 2214 1827 2255 omne
1878 2199 2020 2254 illius
2072 2201 2194 2253 vitre

2296 2211 2388 2263 ἕνα
2410 2207 2550 2264 εῖναι
2589 2211 2852 2281 ἀρχιερέα
2899 2209 2986 2264 διὰ
3016 2209 3156 2280 βίον,
3188 2210 3414 2274 πολλοὺς
3444 2211 3662 2264 ἐποίουν
3709 2211 3879 2266 αὐτοὶ

628 2301 862 2356 tempus,
907 2288 979 2341 illi
1032 2297 1218 2343 contra
1275 2289 1445 2357 legem
1491 2288 1692 2343 multos
1741 2287 2030 2352 faciebant,
2056 2302 2192 2357 quos

2296 2302 2648 2373 παρανόμως,
2703 2302 3023 2370 ἀμείϐοντες
3064 2301 3262 2364 αὐτοὺς
3296 2303 3417 2356 κατ’
3455 2303 3700 2356 ἐνιαυτόν
3729 2319 3742 2330 ·
3791 2303 3879 2357 διὸ

624 2380 912 2446 quatannis
967 2379 1527 2434 mutabantzidcirco
1572 2380 1638 2432 atl
1687 2379 1994 2448 pontiﬁcem
2047 2380 2192 2436 illius

2294 2395 2387 2447 καὶ
2414 2394 2548 2464 πρὸς
2573 2394 2664 2448 τὸν
2687 2393 2780 2448 τοῦ
2809 2395 3055 2450 ἐνιαυτοῦ
3091 2394 3300 2448 ἐκείνου
3330 2395 3591 2464 ἀρχιερέα
3616 2395 3877 2464 ἔρχονται

625 2471 751 2525 anni
803 2470 1028 2523 veniunt
1073 2472 1138 2523 de
1185 2469 1474 2524 homicidio
1517 2471 1798 2524 consilium
1851 2472 2060 2537 inituri,
2100 2473 2189 2527 ubi

2295 2484 2704 2556 βουλευσόμενοι
2726 2487 2854 2555 περὶ
2888 2487 3070 2555 φόνου,
3103 2487 3224 2539 ὅθεν
3254 2486 3358 2539 ἔδει
3391 2486 3593 2555 μᾶλλον
3619 2487 3746 2549 τοὺς
3771 2503 3878 2553 φο-

624 2562 907 2629 oportebat
939 2561 1108 2631 magis
1145 2561 1440 2615 homicidas
1475 2560 1673 2629 ptﬂliri.
1703 2560 1983 2632 Principes
2011 2572 2189 2616 autem

2294 2577 2483 2643 νευτὰς
2513 2574 2838 2638 κολάζεσθαι
2859 2593 2873 2608 ο
2906 2579 3182 2646 ἀρχιερεῖς
3218 2577 3273 2629 δὲ
3308 2575 3454 2644 λέγει
3500 2577 3627 2641 τοὺς
3655 2575 3877 2643 πεπλη-

622 2653 960 2710 sacerdotum
995 2654 1128 2707 dicit
1161 2667 1255 2708 eos
1290 2655 1378 2722 qui
1410 2655 1523 2724 jam
1551 2670 1728 2709 annuo
1761 2670 1984 2708 munere
2019 2655 2186 2711 luncti

2297 2666 2539 2736 ρωκότας
2602 2665 2703 2736 ἥδη
2759 2665 2856 2736 τὴν
2911 2665 3181 2721 ἐνιαύσιον
3245 2669 3610 2738 λειτουργίαν.
3671 2666 3778 2720 Τὸν
3815 2668 3880 2722 δὲ

622 2745 859 2799 fuerant.
880 2744 1146 2799 Caeterum
1196 2744 1516 2800 sceleratam
1555 2747 1751 2799 caedem
1799 2747 2184 2814 perpetraturi,

2291 2757 2504 2811 ἀνόσιον
2549 2756 2709 2826 φόνον
2749 2756 3036 2826 μέλλοντες
3093 2759 3358 2830 πράξειν,
3403 2761 3524 2831 οὐχὶ
3564 2757 3657 2812 τὸν
3711 2759 3874 2823 Θεὸν,

624 2851 730 2891 non
815 2837 1017 2900 Deum,
1074 2837 1167 2890 sed
1239 2836 1448 2891 turbam
1511 2836 1790 2891 timebant.
1865 2834 2183 2891 Timuerunt

2293 2846 2427 2901 ἀλλὰ
2467 2848 2557 2900 τὸν
2588 2847 2742 2917 ὄχλον
2779 2846 3089 2915 φοϐοῦνται.
3141 2851 3437 2904 Ἐδεδίεσαν
3475 2851 3582 2920 γὰρ
3613 2850 3688 2920 μή
3725 2867 3876 2915 πως.

622 2928 763 2983 enim
783 2941 848 2981 ne
874 2943 981 2998 quo
1015 2937 1191 2997 pacto,
1227 2927 1268 2981 si
1304 2927 1355 2981 in
1394 2928 1477 2983 die
1512 2927 1649 2984 festo
1682 2928 1828 2982 illum
1859 2929 2187 2996 occiderent,

2294 2941 2346 2994 ὲν
2381 2943 2445 3012 τῇ
2486 2942 2645 3011 ἑορτῇ
2686 2942 3064 3010 φονευσάντων
3096 2939 3308 3007 ⁴Ἦύτδν,
3361 2942 3616 3013 διεγερθῇ
3654 2943 3681 2994 ό
3709 2942 3877 3011 ὄχλος

621 3020 775 3075 turba
809 3019 861 3073 iu
890 3019 1144 3074 ultionem
1180 3020 1526 3074 excitaretur.
1580 3017 1674 3073 Vel
1707 3019 1866 3073 etiam
1900 3022 2024 3090 quia
2064 3030 2190 3074 tunc

2297 3035 2367 3099 είς
2400 3035 2635 3104 ἄμυναν,
2667 3035 2700 3105 ἢ
2743 3034 2953 3088 καὶτοῦ
2984 3036 3282 3103 προσάγειν
3312 3035 3410 3098 τὰς
3471 3036 3880 3103 νενομισμένας

621 3109 896 3165 offerenda
940 3117 1095 3165 erant
1133 3111 1316 3163 omnia
1365 3109 1632 3164 sacriﬁcia
1678 3111 1732 3164 in
1781 3111 1897 3180 lege
1945 3113 2185 3178 decreta,

2299 3127 2483 3190 θυσίας
2538 3127 2843 3197 ἀπόσχηται
2874 3127 2961 3182 διὰ
2990 3127 3088 3198 τὴν
3134 3131 3445 3199 μιαιφονίαν
3504 3129 3725 3191 αὐτῶν,
3779 3129 3882 3181 καὶ

623 3219 690 3256 ne
733 3201 960 3272 populus
1007 3211 1225 3270 propter
1260 3201 1609 3256 homicidium
1646 3217 1674 3254 a
1706 3202 1992 3258 sacriﬁciis
2037 3205 2186 3259 absi-

2298 3216 2628 3270 ἀπολέσωσιν
2664 3218 2821 3272 αὐτοὶ
2848 3219 2915 3271 τὰ
2948 3219 3010 3270 ὲκ
3042 3219 3151 3271 τῶν
3183 3219 3383 3271 θυσιῶν
3421 3218 3586 3287 κέρδη
3609 3234 3622 3247 ·
3655 3217 3791 3280 ἴσως
3820 3217 3881 3272 δὲ

622 3300 812 3356 steret,
850 3290 1243 3360 perderentque
1269 3290 1370 3358 ipsi
1400 3290 1604 3344 lucrum
1643 3291 1783 3360 quod
1812 3306 1875 3344 ex
1907 3292 2189 3347 sacrificiis

2298 3306 2568 3361 καὶτοῦτο
2592 3306 2904 3376 ἐφοϐοῦντο,
2941 3310 3155 3379 μήποτε
3202 3312 3258 3362 ὲν
3289 3312 3354 3378 τῇ
3394 3309 3553 3377 ἑορτῇ
3585 3307 3881 3375 φονευθέν-

624 3382 910 3437 habebant.
955 3381 1225 3438 Fortassis
1272 3392 1450 3436 autem
1501 3391 1555 3437 et
1605 3384 1705 3437 hoc
1761 3385 2079 3451 timuerunt,
2122 3401 2189 3440 ne

2296 3416 2402 3465 τος,
2430 3399 2700 3470 ἐπίσημος
2739 3400 2963 3468 γένηται
2988 3404 3082 3454 καὶ
3112 3400 3318 3464 ἔνδοξος
3345 3400 3509 3453 αὐτοῦ
3544 3403 3569 3452 ὁ
3600 3400 3840 3464 Θάνατος
3866 3417 3879 3431 ·

626 3474 763 3527 forte
792 3474 844 3526 in
878 3474 964 3527 die
998 3473 1132 3528 festo
1161 3473 1365 3540 occiso,
1386 3473 1526 3528 illius
1558 3489 1702 3528 mors
1733 3476 1961 3530 nobilior
1991 3487 2044 3532 et
2075 3478 2189 3532 cla-

2301 3491 2447 3546 αὐτοὶ
2477 3493 2586 3560 γὰρ
2625 3491 2914 3562 ἠϐούλοντο
2963 3495 3228 3560 ἀφανίσαι
3264 3493 3324 3546 τὸ
3375 3493 3720 3563 μνημόσυνον
3774 3494 3884 3546 αύ-

625 3567 734 3618 rior
765 3565 1230 3633 ﬁeretmptabant
1257 3565 1400 3619 enim
1434 3566 1744 3620 memoriam
1789 3567 1907 3636 ejus
1949 3568 2184 3625 abolere.

2302 3581 2407 3635 τοῦ.
2453 3583 2680 3635 Ἐκεῖνοι
2711 3584 2808 3654 μὲν
2842 3580 2935 3638 οὖν
2987 3585 3130 3638 οῦτω
3163 3585 3266 3655 προ
3292 3586 3388 3655 τῆς
3421 3586 3613 3656 ἑορτῆς
3650 3586 3885 3655 βουλευ-

623 3654 700 3708 llli
725 3656 887 3724 igitur
907 3665 1032 3712 ante
1059 3656 1253 3711 festum
1278 3657 1560 3751 consilium
1583 3659 1838 3724 inierunt,
1860 3669 1918 3714 ut
1948 3661 2025 3714 vel
2053 3660 2189 3716 forte

2298 3673 2477 3738 θέντες
2501 3675 2639 3746 μετὰ
2662 3675 2759 3745 τὴν
2776 3677 2970 3746 ἑορτὴν
2996 3678 3139 3748 τάχα
3165 3654 3416 3744 φονεῦσαι
3437 3694 3451 3708 ο
3529 3654 3604 3740 δὲ,
3632 3654 3881 3744 δεικνὺς,

625 3757 743 3816 post
775 3751 913 3803 diem
947 3748 1139 3802 festum
1167 3748 1496 3804 occiderent.
1529 3749 1595 3803 At
1626 3766 1728 3805 non
1751 3754 1965 3821 quando
1992 3754 2064 3807 illi
2097 3769 2189 3808 vo-

2298 3765 2373 3819 δτι
2403 3766 2499 3836 οὐχ
2529 3768 2617 3820 ὅτε
2640 3767 2992 3837 ἤθελον,’άλλ’
3021 3770 3108 3821 ὅτε
3140 3769 3403 3838 ἠθέλησεν
3434 3770 3615 3832 αὐτὸς,
3646 3772 3881 3840 πάσχει,

626 3838 854 3904 inerunt,
903 3840 994 3893 sed
1023 3840 1257 3909 ιμιοηιίοι
1275 3840 1388 3910 ipse
1432 3839 1598 3894 voluit
1623 3843 1755 3909 pati,
1793 3856 1851 3896 se
1871 3844 2186 3913 capiendum

2304 3858 2667 3929 συνεχώρησεν
2700 3861 2880 3925 αὐτοῖς
2903 3863 3042 3915 κατὰ
3069 3861 3159 3915 τὸν
3188 3861 3376 3932 καιρὸν
3407 3862 3497 3915 τοῦ
3529 3862 3725 3933 Πάσχα
3751 3864 3887 3917 συλ-

623 3931 700 3983 eis
727 3931 990 4000 permisit,
1018 3947 1112 4000 per
1148 3941 1358 4002 tempus
1395 3933 1596 3987 scilicet
1631 3934 1870 4002 Pasclm,
1893 3946 1950 3990 ut
1978 3939 2190 4004 quando

2305 3949 2475 4001 λαϐεῖν
2495 3966 2509 3980 ο
2548 3951 2636 4004 ἵνα
2664 3953 2750 4004 ὅτε
2782 3953 2842 4006 τδ
2881 3953 3111 4006 τυπικὸν
3140 3954 3329 4022 Πάσχα
3363 3954 3590 4020 ἐγίνετο,
3627 3956 3753 4006 τότε
3785 3957 3888 4008 καὶ

626 4024 861 4092 typicum
885 4024 1110 4091 Pascha,
1127 4036 1317 4081 tuncet
1333 4042 1514 4080 verum
1533 4027 1734 4080 Pascha
1773 4028 1946 4082 fleret.
1973 4029 2192 4086 Discere

2307 4036 2353 4090 ιδ
2380 4038 2628 4109 ἀληθινὸν
2657 4043 2853 4112 Πάσχα
2890 4044 3108 4115 ἐκϐαίη.
3149 4046 3305 4097 Ἔστι
3343 4046 3399 4098 δὲ
3446 4048 3541 4099 καὶ
3571 4046 3670 4115 τὴν
3725 4064 3890 4115 μιαι-

629 4128 802 4171 autem
834 4126 888 4171 et
914 4119 1032 4172 illos
1050 4119 1208 4172 aedis
1221 4121 1406 4173 avidos
1433 4119 1593 4172 fuisse
1617 4135 1924 4188 possumus.
1948 4122 2076 4175 Nam
2099 4125 2190 4193 qui

2304 4129 2482 4200 φονίαν
2515 4131 2695 4186 αὐτῶν
2726 4135 3083 4203 καταμαθεῖν.
3132 4138 3194 4189 Oi
3221 4136 3329 4204 γὰρ
3358 4137 3430 4206 μὴ
3471 4136 3791 4206 βουλόμενοι
3825 4139 3887 4190 ἐν

629 4209 880 4263 uolebant
908 4210 1052 4263 illum
1081 4211 1330 4265 occidere
1357 4211 1408 4265 in
1439 4211 1524 4264 die
1545 4210 1704 4276 festo,
1724 4225 1844 4266 cum
1874 4215 2189 4270 invenerunt

2303 4222 2357 4290 τῇ
2390 4222 2548 4293 ἑορτῇ
2580 4223 2836 4290 φονεῦσαι
2865 4227 3046 4293 αὐτὸν,
3095 4228 3183 4280 ὅτε
3214 4222 3372 4297 εὖρον
3404 4230 3492 4280 τὸν
3526 4228 3886 4297 προδιδόντα,

626 4301 976 4365 proditorem,
1004 4309 1129 4355 tunc
1152 4301 1463 4356 occiderunt
1493 4309 1800 4370 contempta
1823 4304 1985 4359 etiam
2010 4307 2184 4373 turba,

2303 4313 2414 4366 τότε
2461 4316 2767 4383 φονεύουσι,
2825 4320 3344 4388 καταφρονήσαντες
3402 4321 3495 4372 καὶ
3542 4319 3634 4372 τοῦ
3686 4319 3886 4388 δχλου,

626 4390 784 4442 modo
812 4391 1057 4446 voluntas
1092 4406 1276 4445 eorum
1310 4391 1478 4448 fieret.

2296 4405 2456 4475 μόνον
2489 4406 2576 4460 ἵνα
2605 4407 2664 4458 τὸ
2697 4407 2905 4477 θέλημα
2938 4409 3118 4462 αὐτῶν
3149 4410 3397 4478 γένηται.

701 4479 857 4535 Vens.
883 4480 936 4546 6,
962 4482 1016 4535 7.
1051 4501 1068 4534 ι
1103 4482 1236 4537 Cum
1265 4495 1443 4540 autem
1491 4498 1629 4543 esset
1655 4488 1808 4545 Jesus
1840 4490 1890 4542 in
1924 4488 2186 4543 Bethania
2222 4485 2264 4539 D

2370 4515 2388 4546 ι
2434 4495 2538 4548 Τοῦ
2569 4497 2625 4550 δὲ
2673 4498 2844 4567 Ἰησοῦ
2898 4500 3190 4569 γενομένου
3245 4503 3303 4554 ὲν
3343 4501 3598 4571 Βηθανίᾳ,
3636 4503 3693 4554 ἐν
3724 4503 3887 4589 o‘ixi;

628 4571 678 4622 in
731 4572 889 4623 dumo
943 4573 1179 4629 Simonis
1227 4576 1444 4645 leprosi,
1482 4582 1710 4633 accessit
1744 4581 1806 4634 ad
1842 4598 1964 4636 eum
1999 4582 2191 4635 mulier

2302 4586 2536 4655 Σίμωνος
2568 4588 2660 4640 τοῦ
2698 4589 2920 4660 λεπροῦ,
2959 4593 3265 4661 προσῆλθεν
3305 4594 3452 4663 αὐτῷ
3485 4594 3620 4663 γυνὴ
3659 4571 3885 4650 diariis-

628 4660 831 4714 habens
893 4662 1217 4717 alabastrum
1292 4670 1550 4736 unguenti
1626 4672 1877 4739 preciosi,
1907 4683 1959 4728 et
2006 4673 2194 4728 effudit

2301 4695 2456 4748 στρον
2493 4678 2665 4748 μύρου
2699 4681 2893 4751 ἔχουσα
2952 4660 3277 4753 βαρυτίμου,
3334 4660 3434 4737 καί.⁷
3483 4660 3746 4753 κατέχεεν
3779 4689 3884 4740 ἐπὶ

629 4769 790 4821 super
847 4764 1007 4823 caput
1071 4757 1237 4825 ipsius
1290 4761 1671 4816 recumbentis.
1706 4783 1722 4816 ι
1760 4758 1910 4836 143
1960 4765 2188 4830 Quidam

2305 4769 2392 4835 τὴν
2420 4769 2660 4837 κεφαλὴν
2695 4769 2858 4822 αὐτοῦ
2901 4772 3281 4840 ἀνακειμένου.
3323 4793 3341 4825 ι
3385 4775 3542 4836 Τινὲς
3589 4777 3742 4842 τρεῖς
3791 4776 3888 4828 λέ,

628 4845 810 4897 dicunt
847 4854 952 4899 tres
981 4862 1099 4900 esse
1143 4850 1394 4905 mulieres
1429 4867 1546 4920 qua:
1598 4859 1850 4908 unxerint
1899 4857 2187 4910 Dominum

2301 4875 2479 4924 γουσιν
2515 4855 2647 4911 εἶναι
2672 4860 2769 4921 τὰς
2801 4861 3098 4929 άλειψάσας
3121 4863 3210 4915 τὸν
3234 4863 3438 4932 Κύριον
3469 4868 3729 4931 γυναῖηας
3751 4905 3766 4930 ,
3803 4861 3884 4920 ὧν

630 4944 918 5004 unguento,
937 4928 1165 5004 quarum
1197 4941 1355 4994 etiam
1384 4953 1614 5011 quatuor
1641 4949 1979 5017 evangelista:
2003 4950 2192 5002 memi-

2303 4947 2386 4999 καὶ
2435 4950 2481 5000 οἱ
2514 4949 2778 5019 τέτταρες
2811 4953 3194 5019 εὐαγγελισταὶ
3247 4955 3572 5026 μέμνηνταιο
3631 4957 3788 5010 ἄλλοι
3823 4961 3886 5014 δὲ

632 5037 821 5080 nerunt
850 5046 862 5093 ;
888 5029 975 5082 alii
1012 5041 1189 5084 autem
1227 5033 1359 5087 duas
1397 5019 1580 5089 dicunt
1611 5057 1623 5091 :
1661 5054 1819 5093 uuam
1853 5043 1990 5109 apud
2022 5041 2188 5096 Joan-

2306 5040 2384 5091 Ξύο
2419 5041 2585 5093 ταῦτα
2655 5045 2799 5109 paci,
2852 5045 2979 5113 μίαν
3021 5046 3117 5114 τὴν
3175 5050 3322 5118 παρὰ
3351 5049 3428 5118 τῷ
3479 5048 3716 5118 Ἰωάννῃ,
3751 5052 3889 5120 ἥτις

635 5135 778 5179 nem,
823 5135 940 5187 qua:
993 5132 1074 5175 est
1106 5121 1271 5177 Maria
1328 5140 1481 5180 soror
1539 5128 1727 5185 Lazari
1762 5149 1773 5184 :
1809 5134 1988 5196 aliam,
2037 5135 2190 5204 cujus

2304 5131 2410 5186 ἐστὶ
2431 5135 2617 5204 Μαρία.
2651 5139 2676 5205 ἡ
2705 5138 2905 5208 ἀδελφὴ
2935 5141 3027 5191 τοῦ
3050 5141 3323 5211 Λαζάρου,
3352 5145 3444 5196 καὶ
3467 5144 3561 5213 τὴν
3593 5143 3685 5196 νῦν
3717 5146 3887 5214 παρὰ

631 5209 915 5261 Matthacus
951 5225 1091 5266 nunc
1132 5215 1394 5277 meminit,
1424 5231 1542 5284 quae
1572 5221 1754 5274 eadem
1789 5236 1912 5274 cum
1946 5223 2032 5275 illa
2069 5238 2188 5292 qua:

2300 5226 2371 5294 τῷ
2396 5227 2658 5295 Ματθαίῳ
2689 5234 3190 5303 μνημονευομένην,
3228 5236 3348 5303 ἣτις
3377 5237 3522 5288 ἐστὶν
3556 5239 3585 5305 ἡ
3635 5235 3778 5305 αὑτὴ
3811 5243 3883 5309 τῇ

630 5301 768 5366 apud
800 5299 1036 5354 Marcum
1068 5310 1120 5357 et
1155 5305 1377 5361 Lucam.
1406 5308 1679 5364 Simonem
1712 5321 1887 5367 autem
1925 5313 2065 5368 hunc
2115 5316 2190 5369 le-

2302 5318 2443 5387 παρὰ
2482 5318 2558 5389 τῷ
2609 5323 2790 5391 Λουκᾷ
2825 5325 2916 5375 καὶ
2964 5325 3040 5393 τῷ
3090 5327 3320 5396 Μάρκῳ.
3384 5328 3485 5380 Τὸν
3535 5328 3588 5379 δὲ
3645 5329 3885 5394 Σίμωνα

633 5407 848 5454 pinsum
888 5392 1104 5460 quidam
1135 5397 1318 5452 dicunt
1350 5400 1512 5456 fuisse
1553 5411 1756 5470 patrem
1793 5407 2186 5477 Lazari,qucm

2299 5411 2476 5462 τοῦτον
2517 5411 2608 5462 τὸν
2647 5412 2865 5481 λεπρδν,
2904 5418 3035 5484 φασί
3067 5435 3209 5480 τινες
3244 5420 3336 5470 καὶ
3370 5420 3578 5487 πατέρα
3608 5413 3752 5469 εἶναι
3779 5421 3882 5470 τοῦ

630 5482 872 5536 Christus
917 5498 944 5536 a
993 5484 1139 5552 lepra
1175 5490 1494 5556 puriﬁeavit,
1520 5502 1571 5547 et
1608 5496 1741 5562 apud
1773 5513 1893 5551 cum
1937 5501 2182 5553 coenarit.

2302 5501 2566 5573 Λαζάρου,
2607 5504 2663 5554 ὃν
2706 5506 2811 5554 ἀπὸ
2847 5507 2943 5574 τῆς
2990 5507 3196 5577 λέπρας
3249 5509 3572 5577 καθαρίσας,
3626 5508 3885 5562 εἱστιᾶτο

636 5568 835 5621 litcitur
867 5580 1041 5625 autem
1072 5575 1212 5642 quod
1244 5584 1296 5630 et
1322 5576 1475 5634 Jesus
1514 5582 1600 5649 qui
1654 5583 1862 5638 dixerat
1907 5587 2186 5654 discipulis

2300 5594 2418 5659 παρ’
2448 5593 2612 5661 αὐτῷ.
2647 5594 2878 5658 Λέγεται
2909 5597 2963 5647 δὲ
2995 5598 3071 5648 ὅτι
3101 5599 3193 5649 καὶ
3249 5601 3274 5648 ὁ
3313 5597 3514 5665 Κύριος
3547 5595 3715 5647 εἰπὼν
3758 5601 3883 5660 τοῖς

633 5662 744 5712 suis
779 5679 788 5712 :
818 5662 970 5718 Abite
999 5665 1063 5724 ad
1091 5670 1398 5735 quemdam,
1429 5681 1478 5725 et
1511 5676 1756 5742 ostendet
1808 5679 1957 5733 vobis
1985 5695 2138 5733 coena
2159 5711 2180 5719 -

2297 5684 2585 5751 μαθηταῖς,
2625 5686 2906 5738 ’Λπελθετε
2931 5689 3062 5757 πρὸς
3093 5690 3182 5740 τον
3209 5690 3374 5752 δεῖνα,
3418 5692 3510 5742 καὶ
3541 5689 3702 5751 δείξει
3739 5690 3880 5753 ὑμῖν

631 5750 810 5804 culum
861 5762 1110 5823 stratum,
1140 5761 1204 5812 ad
1249 5759 1394 5813 illum
1437 5762 1638 5818 miserit
1687 5781 1794 5820 eos.
1836 5766 2071 5837 Denique
2127 5782 2176 5823 ct

2297 5772 2540 5839 ἀνώγεων
2606 5776 2971 5844 ἐστρωμένον,
3021 5781 3154 5840 ποὺς
3182 5783 3365 5832 τοῦτον
3416 5783 3733 5834 ἀποστέλλει
3775 5784 3880 5834 αἰ.-
