4010 6476
583 399 691 467 tas
1430 367 2014 463 THEOPHYLACTI
2053 395 2470 461 annuam;
2508 399 2871 467 ARCHlEP.
3716 399 3871 464 tto

600 518 601 523 ‘
654 515 820 571 Vens,
868 514 955 587 l2,
991 514 1133 591 ‘39.}
1164 511 1337 581 .Quod
1363 513 1506 571 enim
1541 514 1654 569 haec
1684 522 2013 585 unguentum
2047 509 2148 565 hoc
2176 559 2183 573 η

2327 531 2346 565 ι
2390 512 2639 577 Βαλοῦσα
2670 516 2780 588 7&9
2808 516 2948 588 αὕτη
2979 516 3039 572 τὸ
3078 515 3247 588 μύρον
3286 514 3562 583 τοῦτοὲπὶ
3592 514 3686 571 τοῦ
3724 513 3874 569 σῶα

585 611 736 665 misit
792 621 955 679 super
994 604 1187 679 corpus
1237 606 1463 673 meuni,
1519 608 1587 661 ad
1645 606 2012 677 sepeliendum
2064 618 2151 659 me

2289 603 2427 669 ιατός
2460 623 2585 675 μου,
2619 607 2755 678 πρὸς
2792 608 2855 661 τὸ
2899 609 3222 678 ἐνταφιάσαι
3258 625 3325 681 με
3365 609 3611 678 Eminus.
3654 606 3872 676 ’Δμὴν

588 701 734 759 fecit.
794 704 961 757 Amen
990 703 1112 756 dico
1165 701 1337 766 vobis,
1414 700 1727 769 ubicunque
1790 698 2145 765 praedicatum

2289 694 2400 763 ἐγω
2426 696 2575 767 ὑμῖν,
2606 698 2741 752 ὅπου
2785 700 2880 752 ἐὰν
2911 700 3157 771 κηρυχθῇ
3203 699 3263 752 τδ
3308 698 3639 767 Εύαγγέλιον
3670 696 3872 751 τοῦτο

587 795 752 850 tuerit
789 794 892 849 hoc
921 792 1268 863 Evangelium
1302 794 1353 847 in
1388 800 1503 848 toto
1532 791 1754 854 mundo.
1795 792 1902 846 hoc
1935 800 2152 860 quoque

2291 801 2317 838 ν
2375 786 2482 857 ὅλῳ
2536 788 2615 860 τῷ
2671 789 2885 861 κόσμῳ,
2944 789 3311 862 λαληθήσεται
3362 790 3455 842 καὶ
3499 788 3528 841 ὃ
3577 789 3874 859 εποίησεν

586 887 728 956 quod
760 886 875 941 haec
918 886 1067 950 fecit,
1099 885 1410 941 narrabitur
1454 884 1506 939 in
1544 883 1858 939 memoriam
1894 882 2086 954 ipsius.
2126 897 2147 934 ι

2289 876 2425 949 ιῦτη,
2470 880 2552 942 εἰς
2596 880 2945 951 μνημόσυνον
2982 880 3172 951 αὐτῆς.
3213 899 3232 932 ι
3269 879 3522 933 Διδάσκει
3553 878 3722 948 ἡμᾶς,
3754 878 3872 931 ὅτε

568 978 756 1033 Docet
796 992 896 1032 nos
926 977 1065 1049 quod
1099 976 1293 1031 mulier
1330 976 1445 1032 haec
1476 975 1628 1047 juxta
1663 974 1902 1029 divinam
1929 973 2151 1044 dispen-

2291 970 2411 1025 ιατά
2463 988 2584 1026 τινα
2641 970 2795 1026 θείαν
2846 974 3060 1043 κίνησιν
3119 974 3344 1043 εποίησε
3388 969 3547 1025 τοῦτο
3595 971 3627 1040 ἡ
3670 971 3874 1041 γυνὴ,

589 1066 854 1123 sationem
888 1068 987 1123 hoc
1022 1066 1232 1132 fecerit,
1265 1068 1601 1138 praesignans
1632 1074 1860 1120 mortem
1897 1063 2060 1127 illius.
2097 1070 2156 1117 et

2293 1064 2619 1137 ιροτυποῦσα
2654 1066 2747 1121 τὸν
2794 1067 3023 1122 θάνατον
3067 1068 3256 1135 αὑτοῦ,
3306 1068 3400 1122 καὶ
3453 1066 3553 1139 τὴν
3584 1066 3678 1120 τοῦ
3734 1063 3876 1120 σὼ-

490 1158 491 1161 “
589 1158 833 1226 corporis
883 1159 1238 1227 sepulturam.
1295 1158 1407 1213 Non
1458 1159 1600 1215 enim
1648 1157 1860 1214 tulisset
1908 1154 2073 1212 Chris‘

2297 1173 2440 1221 ιατος
2475 1160 2653 1227 ταφήν
2673 1172 2692 1193 ο
2749 1159 2811 1211 οὐ
2844 1157 2952 1231 7&9
2984 1158 3051 1213 ἂν
3080 1157 3337 1230 ἠνέσχετο
3362 1157 3390 1209 ό
3434 1159 3639 1229 Κύριος
3681 1156 3880 1228 μύριρ

591 1257 864 1316 unguento
893 1247 1043 1320 ungi,
1071 1247 1170 1302 nisi
1198 1247 1512 1319 mysterium
1530 1245 1796 1315 quoddam
1818 1244 2153 1313 subluisset;

2293 1249 2685 1320 ιαταχρίεσθαι,
2719 1251 2769 1304 el
2812 1250 2886 1323 μὴ
2920 1251 3217 1322 μυστήριόν
3247 1268 3299 1305 τι
3340 1237 3553 1322 ἱδήλου.
3593 1244 3678 1313 Ὠς
3709 1249 3876 1313 Θεὸς

593 1338 847 1402 ιιι-ωιιῖιίι
876 1348 1059 1394 autem
1091 1342 1346 1408 tanquam
1376 1338 1537 1406 Deus,
1557 1339 1699 1411 quod
1725 1347 1871 1396 esset
1896 1337 2157 1405 futurum,

2300 1339 2326 1393 δ
2366 1342 2594 1412 προεῖπε
2650 1340 2713 1395 τὺ
2756 1342 3040 1414 ἐσόμενον,
3082 1344 3167 1398 δτι
3222 1344 3303 1407 εἰς
3355 1341 3619 1413 καύχημα
3672 1340 3883 1411 αὐτῆς

597 1430 739 1497 mind
772 1431 824 1484 in
858 1418 1095 1501 glorianti
1133 1434 1252 1505 ejus
1297 1433 1498 1504 ubique
1533 1432 1858 1503 praedicetur
1885 1447 1973 1489 res
2001 1447 2159 1502 quam

2293 1431 2459 1487 ιιλλει
2489 1432 2766 1488 λαλεῖσθαι
2793 1433 3070 1506 πανταχοῦ
3094 1435 3122 1488 δ
3160 1435 3414 1501 εποίησεν
3439 1434 3601 1506 ἔργον
3624 1435 3659 1506 η
3680 1432 3876 1504 γυνή.

600 1521 728 1577 fi-cit
759 1524 972 1583 mulier.
1016 1523 1151 1581 Vide
1184 1535 1364 1584 autem
1412 1527 1506 1584 Dei
1549 1528 1999 1594 misericordiam,
2023 1542 2162 1597 quo-

2303 1523 2381 1579 Ιδε
2407 1525 2466 1581 δὲ
2500 1528 2599 1599 τὴν
2624 1526 2717 1582 τοῦ
2749 1526 2886 1583 Θεοῦ
2930 1528 3368 1601 φιλανθρωπίαν,
3408 1527 3527 1590 πῶς
3559 1527 3885 1597 ἀμείϐεται

600 1618 761 1674 modo
818 1616 1100 1677 mulierem
1156 1623 1368 1692 magnis
1413 1621 1572 1679 donis
1622 1630 1955 1678 remunerat.
2016 1619 2169 1676 Facit

2310 1616 2375 1687 ην
2402 1621 2638 1686 γυναῖκα
2673 1621 2886 1694 μεγάλῃ
2920 1621 3103 1694 χάριτι
3128 1636 3144 1654 ο
3176 1623 3321 1675 ποιεῖ
3346 1621 3457 1691 7&9
3495 1620 3667 1691 αὐτὴν
3711 1637 3890 1691 μνη-

603 1711 748 1775 enim
800 1725 920 1768 eam
975 1712 1379 1771 memorabilem
1437 1714 1659 1786 ubique,
1714 1715 1954 1784 quandiu
2008 1728 2165 1770 suum

2307 1708 2597 1765 ιοντύεσθαι
2625 1710 2822 1777 διόλου,
2880 1713 3040 1786 ἄχρις
3087 1712 3155 1767 ἂν
3197 1713 3258 1767 τὸ
3302 1711 3464 1767 αὑτοῦ
3516 1709 3890 1780 Εὐαγγέλιωυ

611 1800 966 1872 Evangelium
995 1804 1316 1860 duraturum
1347 1804 1440 1862 sit.
1472 1804 1750 1873 Quomodo
1779 1813 1956 1861 autem
1989 1804 2169 1875 sepul-

2307 1801 2626 1874 “ιασώζηται.
2656 1804 2781 1870 Πῶς
2814 1804 2871 1860 εδ
2894 1806 2973 1868 εἰς
3004 1806 3093 1860 τὸν
3124 1805 3491 1877 ἐνταφιασμδν
3529 1803 3693 1859 αὑτοῦ
3727 1819 3890 1858 συν-

610 1901 727 1945 tura
769 1865 896 1961 eius
940 1893 1296 1964 przesignatur
1338 1865 1649 1965 unguEnto?
1679 1892 1792 1950 Mos
1825 1900 1943 1949 erat
1969 1865 2172 1947 Judais

2308 1865 2533 1949 ϐάλλετο
2558 1898 2621 1950 τὸ
2652 1865 2863 1969 μύρον,
2914 1865 3078 1960 Ἵιῖθος
3131 1892 3202 1967 ἦν
3238 1865 3351 1960 τοῖς
3391 1865 3678 1956 ’Ἰουδαίοις
3714 1894 3891 1964 μετὰ

608 1998 731 2038 cum
777 1994 1050 2055 unguento
1096 1995 1430 2043 mortuorum
1464 2000 1695 2058 corpora
1744 1985 1993 2056 sepelire,
2034 1984 2175 2039 sicut

2305 1985 2469 2058 ιύρων
2493 1988 2840 2057 ἐνταφιάζειν
2874 1986 2943 2041 τά
2972 1988 3223 2060 σώματα,
3245 1987 3320 2052 ὡς
3350 1988 3443 2042 καὶ
3467 1988 3517 2040 οἱ
3562 1986 3888 2055 Αἰγύπτιοι

614 2085 670 2130 et
697 2075 937 2149 ﬁgyptii
969 2072 1260 2146 faciebant,
1292 2087 1351 2134 ut
1385 2080 1705 2150 incompta
1736 2084 2039 2143 manerent,
2076 2088 2177 2131 nec

2306 2078 2535 2146 ποιουν,
2576 2079 2663 2134 διὰ
2714 2079 2776 2133 τὸ
2807 2080 3027 2151 ἄσηπτα
3098 2078 3381 2150 τηρεῖσθαι
3418 2080 3513 2133 καὶ
3550 2078 3679 2133 ἄνευ
3730 2077 3889 2130 δυσ-

611 2170 865 2226 feterettt.
893 2169 1143 2228 Ostendit
1162 2173 1329 2245 igitur
1349 2172 1564 2239 mulier,
1588 2172 1784 2243 inquit,
1811 2184 1875 2226 ex
1901 2171 2005 2226 hoc
2026 2169 2175 2240 quod

2300 2171 2463 2237 υδιας.
2489 2172 2771 2226 Δεῑκνυσιν
2794 2154 2920 2237 οὖν,
2936 2172 3122 2242 φησὶν,
3149 2173 3184 2242 ἡ
3211 2170 3351 2243 γυνὴ
3373 2172 3438 2224 ὲκ
3466 2170 3559 2223 τοῦ
3588 2170 3650 2223 τὸ
3680 2168 3883 2239 μύρον

613 2272 945 2333 unguentum
995 2262 1206 2330 eﬂ‘udit,
1251 2278 1445 2333 corpus
1497 2278 1676 2318 meum
1712 2262 1865 2318 brevi
1911 2260 2178 2331 sepelien-

2305 2265 2569 2337 ιαταχέαι,
2590 2265 2672 2319 ὅτι
2705 2266 2765 2319 τδ
2798 2264 2957 2335 σῶμά
2992 2282 3092 2335 μου
3126 2262 3636 2334 ἑνταφιασθήσεται.
3669 2260 3888 2315 Ταῦτα

614 2354 764 2410 dum.
800 2354 927 2411 Haec
952 2364 1132 2411 autem
1163 2356 1342 2412 omnia
1370 2354 1498 2411 dicit
1545 2353 1861 2410 detnulcens
1889 2362 1944 2408 et
1983 2352 2180 2408 dehor-

2305 2358 2337 2410 ίὲ
2400 2356 2581 2410 πάντα
2630 2354 2800 2423 λέγει,
2837 2355 3103 2410 δυσωπῶν
3139 2357 3233 2409 καὶ⁵
3268 2357 3548 2426 ἐντρέπων
3589 2354 3683 2407 τὸν
3728 2353 3888 2406 Ἰού-

619 2437 997 2515 ιαηειιιιὰοπι,
1035 2462 1133 2520 per
1166 2463 1326 2520 quem
1371 2449 1663 2519 sepultum
1719 2446 2012 2503 tradendus
2038 2454 2177 2501 erat.

2304 2455 2396 2515 ίαν,
2421 2448 2488 2501 δι’
2510 2442 2571 2502 οῦ
2600 2447 2789 2518 ἔμελλε
2814 2450 2959 2518 ταφῇ
2982 2446 3381 2520 παραδοθῆναι.
3421 2447 3636 2516 Νόησον
3670 2444 3887 2508 δὲ,καὶ

619 2539 865 2610 Intelligo
892 2538 1023 2595 item
1055 2554 1152 2610 per
1180 2554 1485 2611 anagogen,
1518 2540 1787 2610 leprosum
1818 2525 2031 2608 quidem
2060 2550 2184 2592 esse

2295 2542 2429 2596 κατὰ
2460 2538 2773 2612 ἀναγωγὴν,
2801 2540 3001 2610 λεπρὺν
3035 2539 3135 2611 μὲν
3165 2537 3309 2595 εἶναι
3348 2538 3436 2593 τὸν
3472 2538 3690 2593 suum
3708 2537 3878 2603 λαὸν,

617 2630 874 2703 gentilam
908 2630 1201 2701 populum:
1245 2631 1523 2687 mulierem
1570 2641 1748 2686 autem
1793 2627 2181 2699 peccatricem,

2309 2635 2514 2688 'uvaixa
2541 2632 2597 2686 δὲ
2623 2631 2956 2703 ἁμαρτωλὴν
2985 2632 3083 2704 τὴν
3136 2629 3197 2695 ιε
3219 2630 3388 2684 ἐθνῶν
3418 2628 3749 2701 συναγωγὴν
3776 2628 3892 2682 καὶ

620 2722 1094 2793 congregationem
1166 2728 1223 2778 et
1266 2722 1566 2779 Ecclesiam
1606 2736 1673 2777 ex
1734 2723 2004 2793 gentibus,
2068 2734 2188 2791 qua:

2307 2724 2646 2794 Ἐκκλησίαν,
2665 2721 2789 2795 ἥτις
2813 2722 2872 2777 τὺ
2897 2722 3092 2793 μύρον,
3116 2722 3362 2777 τουτέστι
3414 2722 3513 2794 τὴν
3542 2722 3753 2785 πίστιν,
3793 2721 3890 2784 εἰς

624 2822 981 2885 unguentum,
1029 2814 1135 2871 hoc
1174 2824 1258 2872 est
1314 2815 1498 2882 ﬁdem,
1542 2816 1597 2870 in
1629 2813 1829 2870 Christi
1871 2825 2053 2883 caput,
2086 2811 2188 2868 hoc

2309 2820 2387 2889 ῖὴν
2412 2818 2509 2871 τοῦ
2561 2815 2799 2887 Χριστοῦ
2833 2814 3111 2885 κεφαλὴν,
3156 2817 3276 2887 ἦτοι
3322 2815 3422 2887 τὴν
3466 2814 3723 2884 θεότητα,
3786 2813 3892 2881 ἔξ-

621 2914 707 2961 est
731 2904 1011 2973 deitatem,
1032 2904 1237 2961 eﬁ‘udit.
1255 2903 1444 2962 Omnis
1470 2906 1611 2961 enim
1634 2908 1859 2961 credens
1874 2902 2043 2958 Deum
2070 2917 2191 2959 esse

2305 2910 2431 2980 ἕχει.
2460 2908 2573 2970 Πᾶς
2615 2907 2724 2977 7&9
2760 2906 2789 2959 ό
2824 2904 3095 2959 πιστεύων
3129 2905 3261 2959 Θεδν
3300 2899 3441 2959 εἶναι
3473 2902 3565 2958 τὸν
3603 2903 3888 2974 Χριστὸν,

625 2993 929 3061 Christum,
984 3005 1316 3065 unguentum
1370 2995 1595 3052 edundit
1641 2996 1696 3050 in
1752 3004 1915 3064 caput
1962 2993 2185 3050 Christi.

2309 3000 2464 3071 ιύρον
2493 2997 2751 3070 καταχέει
2788 2998 2868 3062 εἰς
2894 2997 2993 3069 τὴν
3020 2997 3262 3069 κεφαλὴν
3300 2996 3394 3051 τοῦ
3427 2994 3664 3066 Χριστοῦ
3686 3010 3701 3026 ο
3737 2998 3769 3049 ὁ
3826 2996 3892 3048 δὲ

622 3084 794 3143 Judas
821 3096 1001 3143 autem
1045 3088 1142 3157 qui
1173 3086 1473 3157 increpavit
1507 3086 1783 3143 mulierem
1831 3084 1993 3157 (sicut
2020 3082 2192 3141 Joan-

2308 3092 2502 3157 Ἰούδας
2540 3091 2876 3163 ἐπιτιμήσας
2904 3092 2970 3161 τῇ
2999 3089 3241 3158 γυναικὶ,
3288 3089 3365 3152 ὡς
3419 3088 3675 3159 Ἰωάννης
3714 3088 3891 3157 φησὶ,

624 3192 727 3235 nes
768 3178 920 3251 dicit)
971 3179 1198 3249 ﬁguram
1243 3187 1392 3234 tenet
1436 3176 1763 3237 Iudaeorum,
1796 3178 1890 3247 qui
1930 3183 2100 3247 usuue
2137 3177 2190 3233 in

2300 3185 2467 3240 τύπον
2506 3184 2691 3255 ἐπέχει
2722 3184 2829 3238 τῶν
2871 3183 3164 3246 Ἰουδαίων,
3201 3180 3310 3235 τῶν
3336 3180 3419 3261 ἔτι
3470 3180 3564 3234 καὶ
3595 3178 3691 3231 νῦν
3733 3195 3883 3245 γογ-

633 3271 777 3327 bunc
810 3272 949 3327 diem
986 3282 1173 3345 contra
1201 3268 1495 3326 Ecclesiam
1527 3278 1888 3328 murmurant.

1660 3278 1888 3328 murant.
2239 3268 2247 3270 ⁷
2297 3276 2571 3348 γυζόντων
2601 3277 2743 3334 κατὰ
2759 3275 2860 3345 τῆς
2892 3273 3243 3344 Ἐκκλησεας.

700 3362 870 3419 Vsus.
912 3362 1096 3419 ιιι-ιδ.
1143 3382 1161 3416 ι
1201 3360 1351 3418 Tunc
1401 3363 1535 3418 abiit
1591 3378 1730 3418 unus
1778 3362 1846 3418 de
1890 3360 2191 3429 duodecim,

2373 3387 2391 3421 ι
2432 3368 2568 3421 Τότε
2601 3366 2889 3438 πορευθεὶς
2931 3360 3011 3430 εἷς
3062 3365 3173 3420 τῶν
3222 3363 3453 3428 δώδεκα,
3487 3364 3530 3417 ,ό
3576 3361 3894 3433 λεγόμενος

629 3456 724 3528 qui
754 3454 1035 3513 dicebbtur
1064 3453 1234 3510 ludas
1266 3453 1575 3517 lscariotes.
1605 3454 1670 3509 ad
1702 3453 1975 3524 principes
2009 3468 2191 3511 sacer-

2317 3461 2506 3523 Ἰούδας
2548 3458 2922 3529 Ἰσκαριώτης,
2950 3455 3089 3529 πρὸς
3125 3458 3253 3521 τοὺς
3294 3457 3573 3529 ἀρχιερεῖς
3620 3450 3746 3524 εἶπε
3772 3471 3787 3486 ·
3820 3454 3900 3507 τι

630 3550 841 3615 dolum,
878 3558 933 3604 ct
978 3549 1053 3602 ait
1082 3547 1388 3614 illis:Quid
1433 3546 1594 3602 vultis
1636 3546 1773 3602 mihi
1809 3546 1959 3611 dare,
2000 3554 2059 3601 et
2098 3560 2196 3615 ego

2317 3553 2483 3607 illest-5
2506 3568 2594 3623 μοι
2614 3549 2817 3616 δοῦναι,
2839 3550 2994 3620 κάγὼ
3012 3549 3324 3621 παραδώσω
3342 3548 3502 3603 αὐτόν
3522 3566 3537 3617 ;
3564 3549 3625 3601 Oi
3641 3547 3701 3601 δὲ
3720 3546 3900 3616 ἔστη-

639 3639 792 3695 vobis
823 3639 1034 3694 tradam
1062 3638 1253 3693 illum?
1279 3638 1346 3692 At
1375 3637 1449 3692 illi
1476 3638 1878 3693 constituerunt
1901 3640 1950 3692 ei
1979 3637 2198 3707 triginta

2315 3661 2403 3699 ταν
2435 3642 2583 3713 αύτῷ
2611 3642 2911 3714 τριάκοντα
2935 3639 3179 3713 ἀργύρια
3204 3654 3217 3670 ·
3256 3641 3354 3693 καὶ
3390 3639 3497 3693 άπὸ
3532 3640 3651 3692 τότε
3693 3636 3898 3703 ἐζήτει

640 3741 947 3804 argenteos.
975 3732 1042 3786 Et
1090 3746 1156 3786 ex
1184 3743 1250 3785 eo
1290 3739 1535 3799 tempore
1569 3730 1844 3799 quaerebat
1883 3720 2201 3800 opportuni-

2318 3735 2609 3807 ιύκαιρῖαν,
2632 3734 2723 3789 ῐνα
2749 3732 2911 3788 αὐτὸν
2940 3731 3189 3805 παραδῷ.
3220 3751 3239 3784 ι
3270 3731 3398 3787 Ὀτε
3433 3732 3469 3803 ἠ
3500 3730 3762 3801 ἀλλοτρία
3787 3748 3901 3799 γυ-

637 3834 797 3879 tatem
834 3834 892 3878 ut
920 3838 1043 3879 eum
1070 3822 1327 3884 tradetget.
1361 3840 1380 3873 ι
1412 3820 1547 3877 Cum
1586 3821 1759 3877 aliena
1801 3820 1992 3877 mulier
2021 3834 2201 3893 meree

2322 3826 2390 3897 νὴ,
2433 3828 2465 3897 ὴ
2520 3824 2713 3896 πόρνη,
2772 3822 3041 3895 τοσαύτην
3084 3822 3397 3889 ἐπεδείξατο
3444 3822 3633 3893 τιμὴν,
3690 3820 3825 3875 τότε
3874 3823 3905 3875 6

638 3918 743 3972 trix
769 3924 977 3971 tantum
998 3913 1571 3977 exbiberetbonorem,
1597 3924 1719 3969 tunc
1742 3912 2039 3983 discipulus
2070 3912 2203 3969 abiit

2321 3918 2557 3989 ιαθητὴς
2598 3917 2899 3989 ἀπέρχεται
2948 3914 3248 3985 προδώσων
3282 3913 3469 3969 αὐτόν.
3512 3914 3587 3967 Ού
3620 3912 3733 3985 7&9
3781 3913 3904 3983 μά-

637 4007 949 4078 proditurus
990 4000 1160 4061 illum.
1197 4003 1313 4060 Non
1339 4005 1481 4060 enim
1510 4006 1709 4060 frustra
1738 4006 2010 4075 adjicitur,
2046 4004 2201 4061 Tunc

2322 4027 2407 4080 την
2466 4010 2645 4063 κεῖται
2714 4009 2797 4074 τὸ,
2856 4010 2978 4061 τότε
3023 4004 3335 4078 πορευθεὶς,
3396 4004 3514 4073 ἀλλ’
3578 4005 3666 4059 ἵνα
3698 4026 3703 4029 ·
3734 4002 3905 4077 δείξῃ

637 4100 795 4165 abiit,
822 4101 917 4156 sed
945 4107 1004 4155 ut
1027 4099 1344 4155 ostendatur
1365 4097 1699 4166 impudentia
1723 4095 1895 4152 Judze.
1923 4094 2081 4167 155
2105 4095 2209 4151 Ad-

2326 4100 2406 4172 ςὴν
2446 4098 2720 4152 ἀναίδειαν
2748 4096 2843 4150 τοῦ
2883 4096 3089 4151 Ἰούδα·
3122 4099 3151 4150 ό
3192 4093 3548 4165 Ἰσκαριώτης
3603 4093 3662 4149 δὲ
3721 4110 3909 4164 προσ-

640 4193 776 4248 didit
803 4198 1005 4255 autem,
1030 4188 1335 4253 lscariotes,
1372 4196 1431 4243 ut
1461 4187 1726 4244 notiorem
1771 4201 1894 4243 eum
1936 4187 2205 4242 redderet.

2325 4191 2548 4262 τίθησιν,
2586 4188 2674 4243 ενα
2716 4186 3140 4259 γνωριμώτερον
3172 4186 3336 4241 αὐτὸν
3369 4187 3593 4257 ποιήσῃ.
3631 4179 3749 4239 Ἦν
3783 4184 3908 4257 7&9

645 4286 775 4340 Erat
800 4284 943 4338 enim
970 4288 1029 4339 et
1060 4280 1199 4337 alius
1236 4278 1424 4345 ludas,
1454 4278 1546 4349 qui
1584 4276 1846 4332 Lebbteus
1885 4276 2203 4331 dicebatur:

2323 4284 2404 4338 ιαὶ
2432 4282 2619 4355 ἔτερος
2657 4279 2877 4349 Ἰούδας,
2907 4281 2936 4334 ὁ
2969 4282 3064 4334 καὶ
3113 4278 3401 4343 Λεϐϐαῖος.
3444 4268 3613 4341 οὗτος
3644 4275 3838 4348 μέντοι
3875 4279 3906 4331 ό

644 4378 734 4437 hic
757 4388 885 4430 vero
915 4372 1161 4446 proditor
1193 4380 1360 4427 erata
1392 4384 1529 4441 pago
1570 4370 1661 4439 qui
1698 4366 1978 4423 dicebatur
2007 4367 2205 4423 lscara.

2322 4376 2583 4449 προδότης
2614 4374 2723 4429 ἀπὸ
2750 4374 2949 4444 κώμης
2969 4372 3113 4435 τινὸς
3138 4368 3228 4442 ἦν,
3268 4372 3391 4442 ἣτις
3418 4369 3667 4425 δκαλεϊτο
3702 4370 3905 4424 ’Ῑσκά-

643 4469 727 4525 llli
762 4477 941 4523 autem
974 4462 1605 4532 conatituerunttriginta
1632 4469 1944 4531 argenteos,
1976 4459 2080 4514 hoc
2099 4470 2205 4526 est,

2325 4486 2405 4539 pa.
2440 4466 2509 4520 Ol
2528 4465 2585 4518 δὲ
2616 4464 2849 4534 ιστησαν
2882 4463 3175 4533 τριάκοντα
3198 4459 3457 4531 ἀργύρια,
3480 4461 3605 4515 ἀντὶ
3633 4458 3754 4525 τοῦ,
3774 4477 3908 4514 συν-

641 4566 995 4621 decreverunt
1024 4571 1080 4616 ut
1112 4560 1159 4615 ei
1197 4560 1474 4620 darentur,
1502 4570 1607 4610 non
1636 4564 1811 4609 autem
1840 4563 1898 4609 ut
1930 4552 2081 4609 multi
2110 4568 2207 4623 pu-

2326 4558 2645 4630 ιφώνησαν,
2687 4553 2973 4627 ἀφώρισαν
3034 4554 3247 4621 δοῦναι,
3304 4554 3404 4624 οὐχ
3467 4552 3544 4617 ὡς
3592 4552 3642 4606 οἱ
3703 4553 3909 4607 πολλοὶ

650 4667 788 4720 tant,
817 4655 1206 4725 appenderuut.
1243 4647 1526 4715 Quaerebat
1554 4646 1717 4715 igitur
1748 4646 2207 4715 opportunitatem

2328 4649 2542 4715 νοοῦσιν,
2570 4648 2693 4703 ἀντὶ
2714 4646 2808 4700 τοῦ
2832 4645 3293 4715 ιξυγοστάτησαν.
3342 4645 3560 4715 Ἐζήτει
3584 4642 3675 4696 οὖν
3708 4644 3911 4699 εὐκαι-

650 4760 710 4819 ut
738 4749 885 4803 illum
906 4747 1078 4803 solum
1105 4744 1343 4798 traderet
1369 4741 1467 4795 eis.
1491 4738 1774 4793 Timebant
1802 4736 1946 4790 enim
1976 4735 2209 4801 turbam,

2324 4744 2461 4813 ρίαν,
2494 4740 2655 4809 μόνον
2682 4736 2846 4791 αύτὶν
2869 4735 3203 4807 παραδοῦναι
3227 4736 3407 4793 αὐτοῖς
3430 4751 3445 4766 '
3465 4731 3761 4803 ἐφοϐοῦντο
3788 4734 3907 4804 7&9

649 4851 704 4898 et
758 4841 962 4895 idcirco
1026 4836 1403 4891 conduxerunt
1458 4827 1652 4886 ludam
1711 4837 1769 4882 ut
1819 4827 2082 4883 indicaret
2133 4826 2212 4882 eis

2321 4835 2404 4889 τὸν
2434 4832 2611 4903 ὅχλον,
2650 4830 2743 4884 καὶ
2786 4828 2873 4883 διὰ
2919 4828 3078 4882 τοῦτο
3120 4822 3505 4899 ἔμισθώσαντο
3531 4826 3621 4879 τὸν
3669 4823 3904 4893 Ἰούδαν,

649 4932 865 5005 quando
894 4932 1038 4985 solus
1069 4937 1232 4983 esset.

2314 4926 2403 4980 ἶνα
2440 4925 2798 4998 καταμηνύσῃ
2837 4924 3021 4987 αὐτοῖς
3068 4925 3156 4977 ὅτε
3195 4922 3510 4992 καταμόνας
3546 4919 3682 4975 ἔστι.

723 5023 888 5078 Vens.
925 5020 1107 5074 17-19.
1150 5037 1168 5069 ι
1208 5016 1390 5071 Primo
1442 5022 1621 5069 autem
1654 5013 1739 5067 die
1785 5025 2095 5083 azymorum
2127 5024 2215 5065 ac-

2389 5020 2469 5091 Τῇ
2503 5019 2560 5073 δὲ
2593 5018 2788 5089 πρώτῃ
2827 5017 2935 5069 τῶν
2962 5014 3212 5083 ἀζύμων,
3238 5013 3547 5084 προσῆλθον
3571 5012 3619 5065 οἱ
3655 5011 3906 5083 μαθηταὶ

654 5122 935 5173 cesserunt
969 5110 1215 5179 discipuli
1266 5109 1331 5163 ad
1359 5107 1568 5171 .Iesum,
1600 5106 1841 5161 dicentes
1881 5104 1971 5161 ei:
2004 5101 2105 5158 Ubi
2139 5102 2221 5156 vis

2324 5112 2399 5185 τῷ
2410 5110 2609 5182 Ἰησοῦ,
2625 5110 2878 5177 λέγοντες
2896 5106 3061 5176 αὐτῷ·
3086 5107 3192 5159 Ποῦ
3215 5106 3388 5165 θέλεις
3413 5104 3796 5175 ἑτοιμάσωμέν
3818 5122 3907 5157 σοι

656 5222 904 5280 paremus
929 5205 1024 5261 tibi
1054 5205 1121 5258 ad
1150 5202 1413 5257 edendum
1442 5198 1685 5255 Pascha?
1709 5198 1777 5252 At
1802 5196 1890 5252 ille
1918 5196 2058 5253 dixit
2086 5213 2098 5249 :
2144 5194 2220 5249 Ite

2324 5206 2517 5275 φαγεῖν
2536 5202 2594 5255 τὸ
2614 5202 2834 5271 Πάσχα;
2866 5200 2923 5253 '0
2942 5198 2996 5251 δὲ
3020 5192 3193 5251 εἶπεν·
3228 5198 3499 5266 Ὑπάγετε
3522 5198 3597 5259 εἰς
3616 5195 3715 5265 τὴν
3744 5195 3906 5249 πόλιν

655 5301 709 5355 in
757 5298 1029 5355 civitatem
1082 5294 1151 5350 ad
1181 5292 1505 5363 quemdam,
1553 5300 1607 5345 et
1653 5290 1815 5346 dicite
1863 5290 1911 5345 ei
1970 5307 1983 5343 :
2047 5288 2219 5358 Magi-

2322 5296 2459 5366 πρὺς
2476 5295 2565 5348 τὸν
2592 5296 2760 5361 δεῖνα,
2778 5293 2869 5346 καὶ
2889 5292 3078 5345 εἴπατε
3097 5289 3270 5359 αύτῷ·
3308 5289 3365 5343 '0
3390 5288 3708 5348 διδάσκαλος
3724 5288 3851 5356 λέγε
3863 5306 3901 5341 ι·

657 5405 768 5452 ster
800 5393 968 5448 dicit:
1001 5392 1236 5459 Tempus
1300 5403 1480 5444 meum
1529 5400 1693 5456 prope
1738 5394 1841 5451 est,
1891 5386 2029 5454 apud
2064 5394 2116 5441 te
2148 5382 2221 5438 fa-

2339 5385 2397 5439 Ὀ
2438 5384 2629 5455 καιρός
2664 5400 2768 5453 μου
2800 5382 2965 5450 ἐγγύς
2998 5384 3146 5435 ἐστι·
3181 5381 3317 5453 πρὸς
3354 5380 3411 5433 σὲ
3448 5380 3588 5433 ποιῶ
3614 5378 3673 5431 τὸ
3712 5378 3907 5449 Πάσχα

660 5486 745 5541 cio
772 5483 978 5537 Pascha
1023 5495 1145 5535 cum
1177 5479 1448 5549 discipulis
1485 5478 1639 5532 meis.
1674 5474 1740 5529 Et
1774 5477 2013 5531 iecerunt
2056 5476 2219 5531 disci-

2331 5478 2466 5548 μετὰ
2506 5476 2613 5529 τῶν
2649 5474 2906 5545 μαθητῶν
2932 5492 3060 5545 μου.
3111 5476 3223 5528 Καὶ
3271 5474 3533 5543 ἐποίησαν
3576 5473 3624 5524 οε
3658 5471 3906 5541 μαθηταὶ

664 5576 767 5644 puli
836 5574 978 5629 sicut
1041 5570 1321 5626 constituit
1385 5568 1489 5623 illis
1536 5568 1714 5632 Jesus,
1776 5577 1831 5622 et
1901 5576 2223 5636 paraverunt

2328 5571 2403 5635 ὡς
2445 5570 2735 5636 συνέταξεν
2783 5569 2965 5629 αὐτοῖς
3005 5570 3031 5619 ό
3072 5565 3297 5637 Ἰησοῦς,
3354 5565 3446 5621 καὶ
3490 5564 3797 5635 ἡτοίμασαν
3842 5568 3904 5617 τὸ

662 5668 889 5723 Pascha.
925 5685 945 5719 ι
1003 5666 1239 5721 Primam
1299 5678 1609 5735 azymorum
1670 5662 1811 5718 diem
1872 5671 2049 5728 vocat,
2098 5676 2217 5729 quae

2326 5665 2538 5734 Πάσχα.
2558 5661 2820 5735 »Πρώτην
2847 5660 2925 5731 (α)
2958 5660 3065 5715 τῶν
3096 5659 3342 5729 ἀζύμων,
3369 5656 3468 5728 τὴν
3497 5658 3601 5727 πρὸ
3626 5654 3737 5709 τῶν
3768 5655 3902 5721 ἀζύ-

733 5788 812 5853 (a)
839 5786 1041 5843 Textns
1074 5789 1139 5843 ab
1172 5784 1559 5857 interpolatore
1594 5794 1898 5853 corruptus.
1928 5784 2228 5857 Genuinnnt
2339 5782 2601 5857 Romanis
2631 5782 2862 5857 opt_im:e_
2882 5788 3041 5857 natm.
3075 5778 3290 5834 Scilicet
3324 5796 3342 5857 _:
3375 5775 3604 5857 Πρώτην
3637 5772 3903 5857 τῶννάζύ-

661 5839 814 5916 υσὲτὶ
845 5839 1037 5915 Petrus
1077 5839 1342 5916 manu;
1362 5839 1467 5913 lib.
1497 5839 1580 5924 tu,
1604 5839 1729 5925 cap.
1758 5839 1819 5921 ’5,
1852 5839 1918 5913 ex
1941 5839 2233 5911 codicibus

2346 5873 2483 5925 μων,
2517 5855 2613 5924 τὴν
2641 5839 2743 5923 πρὸ
2797 5852 2903 5907 τῶν
2940 5849 3162 5923 ἀζύμων
3212 5850 3376 5920 φησιν
3427 5839 3677 5917 ἡμέραν·
3716 5839 3821 5898 οἷόν
3853 5862 3903 5897 τι
