4010 6424
190 347 289 414 ίίὸ

765 345 1216 410 ENARRATIO
1255 343 1882 409 INEVANGELIUM
1921 348 2317 414 MATTHIEL
2351 375 2421 389 -
2455 351 2617 416 CAP.
2659 351 2877 414 XXVI.

3362 346 3469 414 “6

185 457 341 510 Πίετε
380 450 441 521 ἐξ
471 450 640 508 αὐτοῦ
671 452 912 516 πάντεςς
947 453 1012 506 Ol
1062 452 1160 522 μέν
1206 468 1371 520 φασιν
1415 453 1498 505 ὅτι
1545 451 1634 506 διὰ
1677 450 1767 506 τδν

1881 457 2142 514 comedite
2170 473 2383 528 omnes,
2416 459 2520 516 hoc
2548 469 2728 516 autem
2762 461 2880 516 loco
2920 477 2932 513 :
2964 455 3140 514 Bibite
3167 471 3231 512 ex
3264 471 3328 512 eo
3352 473 3472 512 om-

199 545 395 600 Ἰούδαν
420 543 584 598 τοῦτο
622 538 776 596 εἶπεν
799 560 815 576 ο
844 545 873 597 6
911 543 1020 614 γὰρ
1057 543 1259 606 Ἰούδας
1311 544 1404 596 τὸν
1457 545 1557 613 μὲν
1605 543 1772 614 ἄρτον

181 640 394 704 ἐλαϐεν,
443 641 548 693 οὐκ
594 637 768 706 ἐφαγε
811 638 890 703 δὲ,
922 637 1036 690 ἀλλ’
1075 638 1300 708 ἔκρυψε,
1335 638 1471 709 πρὸς
1499 638 1559 692 τὸ
1603 638 1773 704 δεῖξαι

181 735 294 797 τοῖς
335 731 618 794 Ἰουδαίοις
653 731 735 785 ὅτι
779 731 870 785 τὸν
906 731 1070 801 ἄρτον
1117 730 1276 796 σῶμα
1321 731 1516 785 ἑαυτοῦ
1557 733 1716 786 καλεῖ
1741 733 1771 786 6

195 823 424 894 Ἰησοῦς·
450 823 516 878 τδ
536 824 594 877 δέ
611 823 760 892 πόμα
782 825 877 878 καὶ
895 824 1042 877 ἄκων
1057 824 1198 885 ἔπιε,
1216 824 1290 896 μὴ
1312 824 1612 895 δυνάμενος
1635 827 1771 881 πάν-

178 940 285 986 τως
303 921 520 994 κρύψαι
544 921 699 974 αὑτό.
723 920 821 973 Διὰ
849 919 1006 973 τοῦτο
1042 915 1134 974 οὖν
1160 915 1284 973 εἷπε
1313 937 1327 951 ο
1353 921 1514 975 ﬂius
1548 922 1767 985 πάντες.

180 1017 240 1068 Ui
263 1015 320 1068 δὲ
349 1012 848 1084 ἁναγωγικώτερόν
879 1030 1045 1080 φασιν
1074 1014 1156 1067 ὅτι
1185 1015 1246 1067 τὸ
1282 1013 1381 1085 μὲν
1407 1015 1505 1086 τὴν
1541 1015 1770 1088 στερεὰν

178 1107 383 1176 τροφὴν
413 1104 743 1176 προσίεσθαι
802 1104 863 1157 οὐ
894 1105 1111 1158 πάντων
1144 1105 1312 1168 ἐστὶν,
1369 1101 1506 1159 ἀλλὰ
1537 1105 1648 1159 τῶν
1674 1122 1760 1161 τε·

179 1197 469 1265 λειοτέρων
496 1214 511 1227 ·
541 1197 604 1250 τὸ
636 1197 693 1250 δὲ
723 1195 1060 1260 ποτίζεσθαι,
1088 1199 1306 1251 πάντων
1331 1214 1344 1228 ο
1371 1198 1460 1251 διὰ
1489 1196 1648 1251 τοῦτο
1674 1191 1768 1251 οὖν

179 1291 413 1345 ἐνταῦθα
456 1291 565 1363 ἐφη
593 1307 608 1321 ·
642 1291 800 1345 Πίετε
825 1292 1046 1354 πάντες.
1079 1291 1152 1344 Τὸ
1185 1290 1296 1363 γὰρ
1322 1292 1392 1345 τὰ
1420 1291 1769 1364 ἁπλούστερα

177 1383 286 1437 τῶν
314 1384 615 1454 δογμάτων
645 1382 1070 1452 παραδέχεσθαι,
1105 1384 1345 1438 πάντων.

252 1492 276 1527 ο
306 1476 474 1543 Λέγω
502 1475 562 1529 δέ
588 1476 734 1544 ὑμῖν,
764 1474 846 1527 ὃτι
875 1475 935 1527 οὐ
966 1475 1040 1544 μὴ
1075 1474 1183 1528 πίω
1207 1475 1301 1528 ἀπ’
1324 1474 1449 1547 ἄρτι
1481 1478 1545 1530 ἐκ
1573 1475 1766 1532 τούτου

175 1566 270 1621 τοῦ
288 1568 636 1638 γεννήματος
665 1568 766 1636 τῆς
797 1565 1066 1635 ἀμπέλου,
1114 1566 1221 1629 ἕως
1259 1567 1356 1637 τῆς
1384 1568 1600 1639 ἡμέρας
1628 1569 1770 1623 ἐκεί-

176 1674 292 1726 νης,
328 1657 464 1710 ὅταν
496 1655 632 1709 αὐτὸ
663 1656 804 1708 πίνω
850 1655 970 1726 μεθ’
1024 1654 1177 1726 ὑμῶν
1233 1657 1420 1710 καινὸν
1451 1659 1509 1711 ἐν
1557 1661 1623 1730 τῇ
1666 1659 1763 1730 βαο

179 1748 350 1817 σιλεία
379 1747 475 1801 τοῦ
501 1748 714 1817 Πατρός
749 1764 870 1817 μου.
915 1767 933 1799 t
967 1748 1310 1818 Γευσάμενος
1351 1749 1444 1803 τοῦ
1479 1753 1738 1822 ποτηρίου

177 1837 548 1892 ἀπτάττεται
591 1839 778 1892 λοιπὸν
817 1838 895 1908 τῷ
946 1839 1247 1910 σωματικῷ
1295 1843 1501 1911 πόματι
1527 1859 1542 1876 ο
1579 1844 1765 1898 καινὸν

176 1931 233 1984 δέ
260 1949 382 1985 τινα
409 1932 618 2000 τρόπον
638 1931 880 1998 γεύσεως
903 1931 1296 2000 ἐπαγγέλλεται
1318 1935 1376 1986 ἐν
1399 1937 1464 2004 τῇ
1495 1933 1767 2007 βασιλείᾳ,

177 2023 480 2088 τουτιστιν,
523 2026 582 2077 ἐν
621 2027 688 2095 τῇ
744 2024 1064 2078 ἀναστάσει.
1099 2025 1367 2088 Ἀναστὰς
1407 2027 1538 2098 γὰρ,
1596 2029 1770 2097 ἔφαγε

177 2114 269 2169 ul
299 2111 427 2168 ἐπισ
478 2113 668 2168 καινόν
714 2129 838 2168 τινα
865 2113 1126 2184 τρόπον·
1179 2115 1238 2167 οὐ
1287 2116 1394 2187 γὰρ
1427 2115 1503 2179 ὡς
1550 2116 1771 2188 χρῄζων

177 2205 384 2276 τροφῆς
427 2205 751 2275 σωματικῆς
783 2204 1024 2274 γεύσεως
1069 2207 1277 2276 νόμοις,
1311 2207 1450 2260 ἀλλὰ
1475 2208 1772 2279 πιστούμε-

176 2314 262 2360 νος
291 2299 393 2368 τὴν
433 2298 614 2368 ἀληθῆ
668 2297 763 2351 τοῦ
817 2297 1069 2368 σώματος
1133 2298 1296 2366 φύσιν
1324 2315 1336 2329 ·
1393 2298 1670 2369 βασιλείαν
1712 2301 1770 2355 δὲ

177 2388 405 2449 εἰκότως
447 2387 554 2456 τὴν
597 2385 794 2440 ἑαυτοῦ
842 2385 1137 2440 ἀνάστασιν
1174 2388 1449 2458 ὀνομάζει.
1498 2389 1632 2442 Τότε
1661 2392 1771 2462 γὰρ

179 2477 506 2549 κατήργησε
537 2477 628 2530 τὸν
656 2477 907 2544 Θάνατον,
942 2478 1195 2542 βασιλεὺς
1224 2479 1302 2549 τῷ
1328 2480 1442 2533 ὄντι
1475 2482 1664 2550 φανείς
1693 2499 1707 2513 ⁸
1735 2482 1767 2552 ἦ

177 2571 268 2624 καὶ
296 2569 444 2623 οὕτω
490 2571 738 2639 νοήσαιςο
781 2571 980 2625 Καινὸν
1010 2573 1181 2640 πόμα,
1223 2573 1626 2642 ἠάποκάλυψις
1662 2577 1770 2627 τῶν

178 2662 498 2733 μυστηρίων
522 2662 616 2716 τοῦ
639 2662 795 2726 Θεοῦ,
825 2663 860 2718 ἃ
881 2665 1000 2717 τότε
1029 2667 1086 2716 ἐν
1114 2669 1181 2736 τῇ
1215 2665 1465 2737 βασιλείᾳ
1489 2667 1582 2720 τοῦ
1609 2666 1768 2735 Θεοῦ,

174 2753 450 2807 τουτέστιν
469 2755 530 2807 ἐν
552 2757 616 2825 τῇ
643 2755 873 2826 δευτέρᾳ
901 2757 1196 2828 παρουσίᾳ,
1223 2756 1768 2828 ἀποκαλυφθήσεται,

177 2849 338 2900 καινὰ
369 2847 525 2911 ὄντα,
557 2847 861 2912 τουτέστιν,
916 2846 1005 2904 οἶα
1037 2850 1136 2904 οὐκ
1183 2851 1499 2921 ἠκούσαμεν
1540 2852 1728 2905 ἄλλοτε
1753 2869 1766 2883 ·

178 2940 350 2993 πίνειν
387 2941 444 2994 δι
472 2941 662 2993 ἐκεῖνα
694 2941 912 3008 λέγεται
936 2944 964 2995 6
989 2944 1228 3011 Χριστὸς
1275 2944 1395 3010 μεθ’
1425 2944 1603 3014 ἡμῶν,
1635 2945 1771 2998 διότι

175 3032 273 3098 τὴν
302 3032 590 3102 ἡμετέραν
631 3031 899 3100 ὠφέλειαν
936 3034 1144 3102 τροῳὴν
1209 3033 1303 3086 καὶ
1353 3033 1512 3087 πόσιν
1559 3034 1769 3089 οἰκείαν

178 3125 394 3192 ἡγεῖται
408 3164 421 3176 .

248 3218 390 3270 «Καὶ
407 3217 772 3288 ὑμνήσαντες,
791 3218 1011 3289 ἐξῆλθον
1031 3220 1110 3282 είς
1131 3221 1193 3273 τὸ
1214 3220 1340 3292 ὅρος
1359 3221 1464 3274 τῶν
1480 3220 1725 3278 Ἐλαιῶν.
1743 3241 1760 3272 ι

175 3307 310 3362 Μεθ’
356 3307 386 3360 ὅ
419 3308 771 3378 ἐδείπνησαν,
817 3309 1087 3382 ὕμνησαν,
1132 3313 1218 3365 ἵνα
1264 3313 1526 3381 μάθωμεν
1558 3316 1640 3367 ὃτι
1673 3315 1765 3367 καὶ

177 3401 320 3467 ἡμᾶς
347 3399 498 3453 οὕτω
531 3401 613 3453 δεῖ
655 3403 850 3455 ποιεῖν.
899 3404 993 3465 Εἰς
1023 3403 1079 3455 δὲ
1130 3403 1191 3455 τὸ
1235 3403 1361 3472 ὅρος
1389 3404 1495 3457 τῶν
1539 3405 1768 3458 Ἐλαιῶν

175 3491 419 3560 ἔρχεται,
449 3491 548 3543 καὶ
577 3492 677 3544 οὐκ
718 3493 796 3554 εἰς
826 3493 982 3546 ἄλλον
1019 3493 1200 3555 τόπον,
1235 3494 1323 3546 ἵνα
1367 3495 1440 3564 μὴ
1472 3495 1596 3565 δόξῃ
1634 3497 1765 3564 φεύ-

177 3600 292 3648 γειν
317 3599 331 3612 ⁸
369 3583 434 3636 ού
466 3582 577 3653 γὰρ
601 3585 679 3646 εἰς
714 3582 989 3651 ἄγνωστον
1019 3585 1182 3637 τόπον
1214 3587 1507 3654 ἀναχωρεῖ,
1536 3585 1651 3638 ἁλλ’
1687 3587 1767 3648 εἰς

176 3675 457 3746 γνώριμον
485 3677 598 3739 τοῖς
642 3676 918 3740 Ἰουδαίοις
944 3693 956 3706 ·
999 3677 1115 3746 ἅμα
1144 3677 1202 3730 δὲ
1236 3679 1327 3731 καὶ
1357 3678 1635 3746 ὑποχωρεῖ
1670 3676 1770 3746 τῆς

178 3769 472 3835 μιαιφόνου
518 3768 748 3832 πόλεως,
802 3770 1203 3838 ὲγκαταλείψας
1262 3771 1454 3841 αὐτὴν,
1508 3769 1594 3821 ἵνα
1647 3772 1769 3822 ἐπι-

173 3859 402 3930 διωχθῇ,
437 3861 535 3912 καὶ
565 3861 765 3931 ἐλέγχῃ
796 3862 997 3924 αὐτοὺς
1032 3860 1281 3931 ὕστερον,
1316 3862 1397 3914 ὅτι
1436 3859 1531 3914 καὶ
1557 3860 1773 3929 ὑποχω-

178 3951 379 4020 ροῦντα
411 3952 734 4004 ἐπεδίωκον.

249 4062 270 4094 ι
322 4045 460 4095 Τότε
512 4043 660 4111 λέγει
717 4044 902 4107 αὐτοῖς
951 4045 979 4096 6
1030 4043 1279 4114 Ἰησοῦς⁹
1338 4045 1548 4108 Πάντες
1610 4046 1770 4116 ὑμεῖς

177 4135 716 4203 σκανδαλισθήσεσθε
753 4136 810 4187 ἐν
854 4136 979 4204 ἐμοὶ
1027 4137 1084 4188 ἐν
1132 4140 1195 4204 τῇ
1239 4137 1394 4188 νυκτὶ
1441 4137 1636 4207 ταύτῃ.
1673 4136 1772 4189 Γέ-

174 4243 423 4298 γραπται
454 4227 560 4295 -ενάρ
588 4242 600 4255 ·
637 4226 868 4289 Πατάξω
909 4227 977 4278 τὺ
1042 4228 1284 4294 τοιμένα,
1318 4228 1412 4280 καὶ
1442 4228 1761 4297 διασκορπι-

178 4321 441 4385 οῢήςε.;ιι
502 4318 572 4370 τα
622 4318 870 4388 πρόϐατα
922 4321 984 4374 τί
1075 4319 1330 4389 ποίμνης.
1392 4321 1548 4373 Μετὰ
1597 4321 1650 4373 δὲ
1711 4322 1771 4373 τὸ

179 4408 474 4476 ἐγερίιῆναί
523 4425 612 4478 με,
661 4410 883 4477 προάξω
929 4411 957 4461 ὑ
1033 4413 1075 4472 ἱς
1111 4411 1186 4473 εἰς
1239 4410 1336 4480 τὴν
1391 4411 1701 4464 Γαλιλαίαν.
1745 4428 1762 4462 ι

1748 1794 1762 1818 ’
1794 1795 1842 1853 Β

1878 550 2022 606 nos?
2057 549 2198 606 Sunt
2241 553 2333 622 qui
2370 553 2556 608 dicant
2609 563 2830 624 propter
2874 550 3065 607 ludam
3116 552 3218 606 hoc
3242 552 3464 606 dictum.

1872 641 2040 698 Judas
2066 646 2210 698 enim
2235 660 2431 716 panem
2465 649 2702 716 accepit,
2735 655 2790 700 et
2827 660 2932 699 non
2969 645 3225 709 comedit,
3249 647 3344 698 sed
3374 659 3468 699 oc-

1873 736 2118 802 Cttltavit,
2152 747 2211 790 ιιι
2251 747 2586 792 monstraret
2615 738 2819 792 Iudaeis
2874 737 3016 807 quod
3049 752 3241 806 panem
3268 751 3468 806 corpus

1873 840 2031 881 suum
2063 839 2310 882 vocasset
2339 827 2500 883 Jesus
2530 847 2542 882 :
2577 828 2830 897 poculum
2855 837 3039 882 autem
3069 827 3274 882 invitus
3308 826 3466 894 bibit,

1873 934 1993 973 cum
2030 935 2135 974 non
2154 930 2336 989 posset
2364 920 2660 976 occultare.
2688 919 2986 990 Propterea
3027 919 3130 974 hoc
3158 918 3277 973 loco
3313 918 3463 973 dice-

1872 1008 2003 1072 bat:
2032 1009 2209 1066 Bibite
2237 1026 2450 1066 omnes.
2502 1010 2662 1067 Juxta
2719 1025 3000 1080 anagogen
3034 1019 3215 1064 autem
3256 1009 3468 1076 dicunt,

1873 1104 2016 1173 quod
2045 1118 2150 1158 non
2182 1103 2255 1157 sit
2295 1104 2540 1158 omnium
2572 1103 2835 1158 accedere
2881 1104 2948 1156 ad
2997 1101 3230 1156 solidum
3264 1101 3470 1166 cibum,

1872 1195 1966 1250 sed
2017 1195 2398 1264 perfecﬁorum
2441 1194 2673 1249 :hibere
2708 1204 2889 1248 autem
2947 1192 3190 1249 omnium
3244 1193 3336 1247 sit.
3381 1191 3468 1248 ld-

1871 1286 2020 1341 eirco
2051 1285 2152 1340 hoc
2177 1285 2294 1339 loco
2320 1285 2535 1340 dicebat
2573 1302 2586 1339 :
2629 1284 2805 1340 Bibite
2847 1299 3059 1339 omnes.
3117 1283 3467 1354 Simpliciora

1871 1379 2016 1433 enim
2044 1378 2294 1448 dogmata
2322 1379 2567 1449 recipere
2591 1379 2835 1433 omnium
2863 1385 2967 1432 est.

1942 1471 2108 1528 Vens.
2140 1471 2231 1526 29.
2273 1490 2292 1524 ι
2324 1471 2457 1526 Dico
2489 1479 2669 1527 autem
2692 1471 2873 1534 vobis,
2927 1468 3071 1540 quod
3111 1482 3228 1524 non
3285 1467 3468 1524 bibam

1870 1564 2110 1634 posthaec
2130 1578 2192 1616 ex
2227 1562 2326 1618 hoc
2357 1561 2537 1617 fructu
2567 1627 2572 1631 ~
2599 1562 2746 1628 vitis,
2782 1575 2953 1631 usque
3007 1561 3061 1614 in
3096 1561 3239 1616 diem
3293 1560 3467 1627 illum,

1869 1670 1992 1710 cum
2026 1654 2156 1708 illud
2188 1654 2367 1709 bibam
2413 1655 2700 1710 vobiscum
2758 1668 2958 1709 novum
3008 1668 3062 1707 In
3095 1667 3262 1723 regno
3288 1652 3471 1708 Patris

1871 1746 1999 1800 mei.
2032 1765 2048 1798 ι
2088 1745 2314 1815 Sumpto
2365 1747 2560 1816 poculo
2593 1747 2876 1800 renuntiat
2909 1746 3170 1815 deinceps
3203 1744 3469 1815 corporali

1875 1838 2102 1907 potioni.
2151 1837 2360 1891 Novum
2415 1851 2595 1893 autem
2665 1839 2955 1906 promittit,
3013 1839 3065 1892 id
3121 1848 3226 1903 est,
3271 1849 3469 1890 novum

1876 1930 2162 1999 quemdam
2190 1930 2408 1985 modum
2474 1929 2804 1999 sumptionis
2835 1930 2888 1983 in
2918 1945 3109 1999 regno,
3139 1928 3243 1982 hoc
3269 1937 3352 1982 est
3413 1927 3468 1980 in

1877 2025 2297 2077 resurrectione.
2326 2022 2460 2077 Cum
2492 2023 2894 2077 resurrexisset
2926 2023 3092 2086 enim,
3152 2022 3385 2076 comedit
3411 2033 3473 2074 ac

1875 2116 2014 2172 bibit
2045 2132 2184 2173 novo
2209 2118 2442 2186 quodam
2471 2118 2631 2172 modo
2660 2133 2673 2170 :
2712 2132 2815 2169 non
2844 2115 2986 2170 enim
3014 2115 3170 2185 quasi
3205 2113 3474 2184 indigeret

1874 2207 2014 2270 cibo,
2052 2208 2389 2277 corporalem
2414 2207 2647 2277 sumpsit
2684 2207 2866 2262 cibum
2899 2225 2910 2260 :
2942 2208 3033 2260 sed
3062 2216 3119 2259 ut
3149 2205 3471 2260 crederetur

1874 2315 2007 2355 vera
2038 2301 2287 2368 corporis
2314 2308 2524 2353 natura.
2589 2298 2837 2368 Regnum
2873 2309 3052 2353 autem
3088 2298 3286 2353 merito
3315 2311 3467 2351 suam

1877 2393 2330 2448 resurrectionem
2357 2394 2641 2447 nominat:
2679 2402 2808 2447 tunc
2857 2393 3000 2447 enim
3055 2391 3288 2447 abolevit
3321 2405 3472 2444 mor-

1878 2497 2008 2552 tem,
2040 2496 2094 2541 et
2130 2500 2186 2540 re
2235 2486 2348 2552 ipsa
2405 2501 2585 2553 regem
2612 2500 2671 2539 se
2725 2485 3121 2554 comprobavit.
3181 2483 3274 2536 Vel
3308 2483 3472 2537 etiam

1878 2582 1958 2634 sie
1993 2581 2259 2651 intelligas
2295 2597 2307 2634 :
2348 2580 2555 2636 Novum
2585 2579 2833 2650 poculum
2881 2577 3141 2632 revelatio
3172 2583 3249 2629 est
3283 2588 3472 2628 sacra-

1876 2683 2186 2728 mentorum
2222 2672 2337 2739 Dei,
2369 2689 2490 2743 qua:
2527 2681 2655 2726 tunc
2688 2673 2740 2725 in
2771 2686 2938 2741 regno
2981 2668 3098 2730 Dei,
3131 2668 3232 2721 hoc
3272 2675 3357 2719 est
3419 2665 3480 2716 in.

1876 2766 2819 2834 secundo‘advenlu,!revelabuntur,
2847 2781 2964 2830 qua:
2995 2777 3123 2816 vere
3148 2769 3276 2814 sunt
3309 2773 3470 2823 nova,

1876 2857 2055 2927 qualia
2087 2873 2194 2910 non
2230 2857 2536 2912 audivimus
2562 2857 2794 2924 uspiam.
2833 2855 3100 2910 Caeterum
3157 2869 3221 2907 ea
3276 2853 3464 2906 bibere

1878 2951 2081 3004 dicitur
2121 2949 2376 3005 Christus
2417 2951 2726 3014 nobiscum,
2759 2964 2823 3003 eo
2867 2948 3012 3018 quod
3040 2955 3282 3002 nostram
3321 2941 3475 2998 utili-

1880 3052 2050 3098 tatem
2084 3043 2263 3097 cibum
2301 3051 2351 3096 et
2377 3051 2561 3112 potum
2601 3057 2756 3096 suum
2786 3039 3081 3094 existimat.

1947 3216 2111 3273 Vens.
2155 3218 2243 3272 50.
2284 3237 2301 3270 ι
2336 3219 2399 3272 Ει
2435 3233 2557 3272 eum
2593 3217 2857 3286 hymnum
2903 3217 3189 3282 dixissent,
3224 3214 3474 3270 exierunt

1873 3310 1926 3363 in
1956 3320 2191 3363 montem
2216 3309 2512 3363 Olivarnm.
2547 3327 2564 3359 ι
2600 3310 2890 3376 Postquam
2918 3316 3296 3373 caenaverunt,
3323 3309 3474 3377 hym-

1872 3419 2000 3456 num
2041 3402 2342 3456 dixerunt:
2376 3410 2436 3455 ut
2485 3402 2759 3456 discamus
2791 3411 2845 3456 et
2895 3416 2995 3455 nos
3039 3401 3118 3455 sic
3163 3399 3367 3454 facere.
3415 3399 3473 3454 In

1872 3506 2109 3547 montem
2143 3493 2420 3548 Olivarum
2453 3493 2622 3556 venit,
2657 3504 2710 3546 et
2739 3510 2843 3546 nan
2872 3494 2924 3546 in
2957 3493 3122 3547 alium
3163 3491 3364 3555 locum,
3406 3507 3472 3546 ne

1871 3595 2156 3654 putaretur
2193 3586 2381 3655 fugere
2417 3603 2429 3637 :
2467 3601 2571 3639 non
2607 3586 2751 3639 enim
2780 3586 2832 3638 in
2879 3585 3128 3652 ignotum
3182 3584 3360 3638 locum
3386 3597 3474 3636 se-

1871 3680 2038 3745 cedit,
2076 3678 2170 3732 sed
2196 3679 2250 3731 in
2281 3693 2402 3732 eum
2438 3679 2530 3746 qui
2593 3676 2794 3732 Jndzpis
2833 3688 2992 3730 notus
3050 3686 3190 3730 erat.
3251 3675 3472 3731 Secedit

1873 3781 2056 3824 autem
2088 3785 2115 3823 a
2148 3771 2496 3839 sanguinaria
2529 3772 2778 3834 civitate,
2817 3786 2980 3839 quam
3012 3769 3233 3838 reliquit
3265 3779 3322 3822 ιιι
3345 3785 3473 3838 per—

1877 3863 2215 3916 secutionem
2252 3865 2511 3930 patiatur.
2546 3875 2603 3916 et
2649 3872 2845 3932 arguat
2899 3863 3018 3918 illos
3065 3873 3253 3932 postea
3286 3863 3376 3931 qui
3424 3870 3476 3916 et

1875 3957 2156 4009 cedentem
2192 3956 2441 4008 insectati
2479 3956 2702 4009 iuerint.

1946 4046 2106 4101 Vsus.
2135 4047 2225 4108 ⁵51,
2253 4046 2340 4100 52.
2379 4066 2395 4097 ι
2434 4049 2587 4100 Tunc
2613 4049 2745 4101 dicit
2777 4048 2883 4103 illis
2911 4047 3073 4104 .lesns
3107 4067 3118 4102 :
3151 4046 3352 4102 Omnes
3376 4061 3476 4102 vos

1873 4139 2193 4193 scandalum
2230 4141 2507 4209 patiemini
2564 4157 2659 4211 per
2711 4155 2797 4195 me
2843 4141 2896 4194 in
2952 4142 3055 4195 ista
3102 4148 3282 4194 nocte.
3325 4137 3476 4193 Scri-

1872 4240 2027 4300 ptum
2052 4239 2132 4284 est
2155 4229 2329 4294 enim,
2350 4229 2655 4284 Percutiam
2695 4240 2994 4301 pastorem,
3021 4239 3075 4283 et
3096 4230 3476 4298 dispergentnr

1873 4337 2004 4376 oves
2027 4323 2226 4391 gregis.
2275 4322 2570 4391 Postquam
2609 4333 2788 4376 autem
2838 4336 3209 4387 resurrexero,
3265 4335 3474 4391 prtere-

1875 4415 1996 4467 tlatn
2028 4415 2193 4468 vosin
2219 4413 2520 4470 Galilaeam.
2559 4433 2576 4465 ι
2621 4413 2824 4469 Futura
2863 4427 3121 4484 tanquam
3150 4416 3290 4469 Deus
3328 4429 3472 4481 prte-

191 4499 274 4560 Ὠς
307 4498 442 4560 Θεὸς
470 4498 728 4567 προλέγει
767 4498 836 4550 τὰ
874 4499 1110 4566 ἐσό,.ενα
1136 4516 1148 4530 ⁸
1202 4501 1288 4552 ἵνα
1334 4500 1390 4552 δὲ
1426 4501 1499 4569 μὴ
1534 4501 1767 4554 σκανδα-

1881 4506 2031 4560 dicit.
2066 4504 2128 4559 Et
2156 4515 2211 4558 ut
2245 4521 2352 4559 non
2386 4504 2731 4560 offenduntur
2761 4507 2913 4574 quasi
2949 4509 3017 4560 ab
3043 4508 3164 4574 ipso
3187 4508 3476 4559 acriusac-

179 4589 439 4642 λισῦῶσιν
487 4591 562 4651 ὡς
607 4591 1075 4660 κατηγορούμενοι
1118 4591 1207 4644 ὑπ’
1245 4592 1434 4656 αὑτοῦ,
1481 4592 1634 4646 εἶπεν
1683 4595 1767 4648 ὅτι

180 4680 494 4748 γέγραπται
521 4694 534 4707 ·
565 4679 794 4744 Πατάξω
821 4680 908 4732 τὸν
937 4683 1192 4750 ποιμένα,
1215 4682 1308 4732 καὶ
1339 4682 1768 4752 διασκορπισθή-

181 4790 364 4824 σονται
396 4772 466 4822 τὰ
516 4771 786 4840 πρόϐατα,
844 4773 999 4825 τοῦτο
1071 4775 1459 4843 αἰνιττόμενος
1495 4777 1577 4828 ὅτι
1625 4776 1767 4845 Ἐγὼ

181 4867 428 4933 συνεῖχον
459 4865 628 4933 ὑμᾶς,
658 4865 718 4916 τὸ
745 4865 801 4916 δὲ
855 4865 956 4933 ἐμὲ
987 4867 1240 4920 ἀπελθεῖν
1269 4869 1410 4936 ὑμᾶς
1443 4871 1730 4938 σκορπίσει
1752 4885 1764 4898 ·

181 4957 420 5020 πατάξαι
457 4958 513 5008 δὲ
541 4957 757 5023 λέγεται
798 4958 826 5009 6
870 4958 1059 5028 Πατὴρ
1101 4960 1191 5011 τὸν
1229 4960 1378 5026 Υἱὸν,
1411 4961 1546 5014 διότι
1574 4962 1769 5036 γνώμῃ

183 5049 369 5108 αὑτοῦ,
426 5050 546 5117 ἦτοι
588 5050 1005 5119 παραχωρήσει,
1051 5051 1407 5119 ἐσταύρωσαν
1452 5054 1499 5104 οἱ
1527 5053 1768 5106 Ἰουδαῖοι

180 5141 266 5192 τὸν
301 5141 508 5210 Κύριον
531 5140 876 5210 ’,δυνάμενος
905 5143 1014 5210 γὰρ
1050 5143 1312 5207 κωλύσαι,
1360 5138 1479 5196 εἶτα
1530 5145 1606 5216 μὴ
1657 5163 1769 5198 κω-

183 5231 367 5298 λύσας,
400 5233 619 5300 λέγεται
661 5231 900 5296 πατάξαι
931 5234 1018 5287 διὰ
1050 5235 1148 5305 τὴν
1176 5236 1598 5309 παραχώρησιν.
1636 5235 1770 5292 Εἶτα

186 5326 322 5378 ὶύων
361 5326 541 5379 αὐτῶν
585 5325 687 5396 τὴν
737 5325 932 5398 λύπην,
985 5329 1392 5398 εὐαγγελίζεται
1439 5333 1640 5397 αὐτοῖς,
1685 5333 1769 5385 ὅτι

199 5418 622 5488 Ἐγερθήσομαι,
649 5419 743 5472 καὶ
775 5420 1014 5491 προάξω,
1045 5423 1312 5487 τουτέστι,
1358 5424 1660 5493 προφθάσω
1689 5425 1768 5486 εἰς

187 5510 281 5577 τὴν
316 5511 608 5564 Γαλιλαίαν
650 5513 812 5583 ὑμᾶς,
847 5514 1106 5568 δεικνύων
1139 5517 1389 5569 ἐντεῦθεν
1418 5517 1498 5568 ὅτι
1535 5517 1631 5586 τὴν
1670 5521 1767 5585 μὲν

195 5596 548 5672 Ἰερουσαλὴμ
573 5605 957 5674 ἐγκαταλείψει
979 5647 992 5672 ,
1023 5608 1099 5668 εἰς
1130 5608 1181 5658 δὲ
1214 5608 1280 5659 τὰ
1311 5607 1437 5678 ἔθνη
1466 5608 1767 5662 ἀπελεύσε-

187 5704 292 5742 ται⁶
328 5691 419 5762 τὴν
453 5695 565 5762 γὰρ
599 5695 892 5748 Γαλιλαίαν
924 5698 1126 5751 ἐθνικοὶ
1171 5700 1472 5768 κατῴκουν.

261 5801 282 5834 ι
322 5785 668 5850 Ἀποτεριοεὶς
697 5787 748 5840 δὲ
803 5791 825 5839 ὁ
875 5791 1101 5857 Πέτρος,
1154 5789 1304 5844 εἶπεν
1347 5793 1528 5862 αὐτῷ·
1569 5795 1630 5846 ΕΞ
1673 5795 1765 5857 καὶ,

1881 4598 2081 4661 cusati,
2109 4595 2241 4648 dixit
2271 4597 2532 4661 scriptum
2560 4611 2680 4650 esse
2709 4618 2720 4651 :
2763 4595 2928 4666 148
2949 4596 3257 4649 Percutiam
3294 4605 3475 4662 pasto-

1881 4705 2018 4751 rem,
2045 4698 2098 4742 et
2122 4689 2522 4757 dispergentnr;
2546 4702 2677 4742 oves
2725 4691 2925 4758 gregis,
2968 4689 3070 4741 hoc
3125 4688 3416 4741 insinuans
3454 4705 3466 4741 :

1883 4782 1992 4849 Ego
2024 4782 2280 4836 contineo
2317 4797 2436 4845 vos,
2466 4794 2620 4835 urens
2639 4792 2817 4835 autem
2840 4782 3114 4834 discessus
3140 4796 3234 4835 vos
3262 4783 3474 4849 disper-

1881 4885 1988 4943 get.
2026 4868 2314 4928 Pcrcutere
2341 4884 2522 4928 autem
2550 4875 2750 4927 dicitur
2784 4875 2945 4927 Pater
2977 4871 3201 4936 Filium,
3223 4888 3286 4926 eo
3329 4873 3473 4940 (μιοά

1879 4968 2177 5027 voluntate.
2205 4968 2304 5021 hoc
2347 4976 2430 5020 est
2463 4967 2823 5034 pet-missione
2875 4971 3015 5032 ejus,
3081 4966 3476 5021 crucifixerunt

1878 5056 2045 5111 Judaei
2075 5056 2359 5112 Dominum
2399 5077 2409 5111 :
2445 5059 2572 5126 quia
2613 5074 2734 5112 cum
2772 5059 2886 5127 ipse
2920 5059 3092 5128 possit
3128 5074 3222 5112 eos
3279 5057 3472 5125 prohi-

1881 5151 2007 5203 bere
2061 5161 2115 5205 et
2165 5166 2270 5204 non
2322 5151 2595 5219 prohibet,
2638 5152 2840 5205 dicitur
2883 5163 3171 5219 percutere
3233 5159 3462 5220 propter

1881 5242 2321 5310 permissionem.
2398 5241 2605 5296 Deinde
2653 5241 2873 5296 solvens
2918 5257 3106 5302 eorum
3169 5242 3472 5308 tristitiam,

1880 5330 2218 5399 evangelizat
2248 5331 2362 5385 eis:
2396 5331 2695 5402 Resurgatn
2728 5343 2781 5386 et
2813 5333 3036 5400 praeibo,
3072 5333 3176 5386 huc
3202 5343 3304 5396 est,
3337 5347 3477 5401 prte-

1879 5427 2098 5480 veniam
2127 5441 2223 5478 vos
2260 5427 2310 5480 in
2341 5426 2645 5493 Galilrcam,
2682 5427 2927 5482 indicans
2965 5430 3062 5481 hoc
3091 5427 3209 5481 loco
3251 5425 3472 5481 relictu-

1882 5534 2000 5571 rum
2042 5533 2099 5573 se
2122 5517 2449 5582 Jerusalem,
2494 5529 2549 5571 et
2578 5521 2642 5572 ad
2691 5529 2880 5587 gentes
2910 5533 3321 5574 concessurum.
3367 5514 3475 5573 Ga-

1880 5613 2074 5667 Iilream
2108 5614 2250 5666 enim
2279 5612 2510 5682 gentiles
2543 5613 2869 5668 inhabitant.

1956 5792 2116 5845 Vens.
2155 5792 2244 5855 53,
2283 5792 2351 5846 5i.
2416 5811 2432 5841 ‹
2478 5790 2839 5863 Βεειιοιιάειιδ
2874 5805 3048 5849 autem
3083 5795 3272 5848 Petrus
3337 5791 3470 5847 dixit
