4010 6422
613 363 716 429 ιιι

1453 352 2027 419 THEOPHYLACTI
2064 351 2476 415 BULGARIE
2514 352 2874 415 ARCHIEP.

3747 342 3869 407 “8

617 480 694 534 illi
737 502 749 536 ε
779 477 894 535 Etsi
929 489 1117 534 omnes
1140 470 1508 539 ,scandalizati
1550 472 1751 527 fuerint
1777 473 1829 527 iu
1858 481 1930 536 te,
1964 486 2067 542 ego
2097 480 2178 528 ta-

2290 472 2487 533 πὰντεε
2541 466 3092 538 σκανδαλισθήσονται
3151 464 3210 521 ιν
3269 465 3375 531 σοὶ,
3408 461 3538 532 .tyt‘o
3592 458 3863 514 οὐδέποτε

621 586 742 625 men
772 582 1042 640 nunquam
1076 565 1386 622 scandalum
1422 565 1615 635 patiar.
1670 561 1809 617 Dicit
1832 562 1905 619 illi
1970 560 2128 619 Jesus
2161 582 2174 619 :

618 659 788 717 Amen
810 662 930 713 dico
953 647 1057 733 tibi
1082 656 1295 727 quodin
1329 658 1429 712 hac
1447 666 1622 719 nocte,
1650 655 1970 725 priusquam
2008 655 2182 726 gallus

618 759 816 812 cantet,
847 757 1038 821 κει-,ωε
1069 747 1315 822 negabis.
1354 764 1375 801 ι
1413 744 1495 802 Ob
1531 744 1751 799 multam
1790 748 1988 802 mentis
2015 747 2184 802 confi-

618 840 851 895 dentiam
886 838 1079 895 Petrus
1111 839 1257 894 solus
1288 837 1638 908 pollicebatur
1684 851 1742 892 se
1764 852 1869 892 non
1906 836 2181 892 scandali-

617 938 798 986 satum
832 930 921 996 iri,
950 938 1003 985 et
1025 929 1227 985 idcirco
1241 927 1488 999 permisit
1518 927 1663 981 illum
1686 926 1936 984 Christus
1960 929 2179 995 cadere,

616 1032 677 1077 ut
705 1022 893 1077 doceat
915 1037 981 1075 ne
1001 1021 1126 1090 quis
1147 1020 1201 1074 in
1234 1020 1411 1090 seipso
1433 1019 1691 1083 conﬁdat,
1722 1021 1816 1075 sed
1852 1020 1903 1074 in
1939 1020 2049 1076 Deo
2085 1038 2099 1076 ι
2126 1030 2182 1077 οι

618 1112 723 1167 fide
748 1111 994 1182 digniora
1027 1111 1383 1167 existimanda
1417 1110 1578 1166 verba
1612 1110 1836 1175 Christi,
1874 1124 2034 1180 quam
2087 1127 2185 1167 no-

618 1215 787 1258 stram
822 1203 1247 1258 conscientiam:
1304 1202 1556 1272 quoniam
1580 1211 1635 1255 et
1675 1202 1925 1270 superbia
1962 1203 2183 1273 plenum

616 1300 734 1349 erat
775 1294 957 1349 dicere
995 1311 1008 1347 :
1051 1312 1069 1346 ι
1105 1293 1161 1349 Si
1187 1308 1374 1349 omnes
1396 1292 1745 1348 scandalizati
1778 1292 1998 1350 fuerint.
2040 1313 2059 1347 ι
2086 1294 2186 1351 0s-

619 1380 1027 1435 tenditur'enim
1056 1384 1175 1437 esse
1197 1396 1459 1451 arrogans
1507 1390 1561 1436 et
1590 1382 1839 1451 ignorans
1859 1398 2011 1439 suam
2037 1385 2185 1440 infir-

617 1471 875 1527 mitatem.
922 1470 1175 1527 Prcdicit
1218 1472 1381 1542 igitur
1419 1472 1678 1531 Dominus
1728 1474 1803 1530 illi
1857 1486 1913 1533 et
1963 1477 2181 1545 horam,

624 1562 768 1631 quod
794 1564 847 1617 in
885 1562 973 1617 illa
1000 1572 1175 1631 nocte,
1205 1574 1259 1619 et
1296 1565 1607 1637 priusquam
1640 1567 1815 1637 gallus
1873 1578 2059 1624 cantet»
2081 1608 2099 1635 ,
2129 1578 2185 1625 et

618 1668 903 1711 numerum
956 1656 1325 1728 negationum,
1358 1672 1555 1729 nempe
1586 1661 1729 1732 quod
1778 1667 1863 1716 ter
1898 1669 2183 1733 negaturus

613 1746 709 1802 sit.

2283 560 2832 643 σκανδαλισθήσομαι.
2887 559 3029 630 Ἔφη
3087 556 3237 627 αύτῷ
3287 558 3315 610 6
3373 552 3619 624 Ἰησοῦς·
3678 551 3871 621 ’Δμὴν

2280 654 2425 721 λέγω
2451 670 2533 707 σοι
2557 652 2639 707 δτι
2665 654 2723 706 ιν
2747 649 2919 722 ταύτῃ
2955 651 3023 720 τῇ
3050 649 3227 711 νυκτὶ,
3268 647 3398 717 πρὶν
3440 645 3707 715 ἀλέκτορα
3739 657 3871 707 φω-

2282 746 2463 815 νῆσαι,
2495 744 2618 814 τρὶς
2645 743 2939 816 ἀπαρνήσῃ
2979 757 3070 812 με.
3100 758 3120 794 ι
3162 738 3301 794 Ὑπὸ
3333 737 3536 807 πολλῆς
3563 732 3870 795 αὐθαδείας

2281 835 2311 889 ὁ
2341 836 2543 907 Πέτρος
2575 834 2732 905 μόνος
2758 833 3099 903 ὑπισχνεῖται
3132 830 3208 901 μὴ
3247 827 3707 896 σκανδαλισθῖψαι
3731 840 3745 853 ⁸
3772 824 3868 877 διὸ

2283 926 2464 983 είασεν
2489 926 2653 981 αὑτὸν
2679 928 2707 980 6
2730 924 2964 995 Χριστὸς
2989 924 3199 988 πεσεῖν,
3244 923 3332 975 ῖνα
3372 920 3537 993 πείσῃ
3568 918 3642 989 μὴ
3673 915 3870 984 ἑαυτῷ

2285 1018 2527 1091 θαρρεῖν,
2562 1016 2699 1072 ἀλλά
2743 1017 2820 1084 τῷ
2863 1015 3006 1088 Θεῷ,
3054 1014 3151 1069 καὶ
3200 1014 3550 1081 πιστοτέρους
3597 1008 3866 1080 ἡγεῖσθαι

2282 1112 2411 1175 τοὺς
2455 1109 2547 1164 τοῦ
2577 1108 2813 1180 Χριστοῦ
2852 1107 3045 1177 λόγους
3080 1109 3180 1177 τῆς
3212 1106 3421 1167 οίκείας
3451 1101 3811 1172 συνειδήσεως
3842 1117 3861 1131 ·

2283 1203 2405 1258 ἐπεὶ
2452 1203 2545 1258 καὶ
2600 1201 2900 1273 ὑπεροψίας
2942 1200 3102 1270 γίμει
3130 1198 3200 1253 τὸ
3245 1199 3457 1251 είπεῖνο
3510 1213 3531 1247 ι
3558 1194 3621 1247 El
3651 1192 3869 1255 πάντες

2287 1294 2874 1365 σκανδαλισθήσονται·
2906 1311 2926 1345 ι
2970 1292 3217 1346 δείκνυσι
3251 1288 3362 1359 γάρ
3392 1287 3554 1342 αὐτὸν
3594 1286 3868 1349 ἀλαζόνα,

2285 1387 2382 1443 καὶ
2412 1386 2487 1457 μὴ
2526 1384 2957 1457 ὲπιγινὼσκοντα
2986 1382 3086 1455 τὴν
3114 1380 3318 1436 οίκείαν
3361 1378 3673 1435 ἀσθένειαν.
3708 1376 3869 1446 [lpo-

2285 1481 2431 1550 λέγει
2462 1475 2557 1535 οὖν
2585 1478 2737 1550 αὐτῷ
2760 1480 2790 1531 6
2818 1476 3021 1549 Κύριος
3046 1475 3139 1529 καὶ
3168 1473 3265 1544 τὴν
3292 1471 3459 1544 ὥραν,
3484 1472 3567 1525 ὅτι
3602 1470 3658 1521 ὲν
3680 1467 3871 1538 ταύτῃ

2282 1575 2350 1645 τῇ
2390 1572 2565 1635 νυκτὶ,
2614 1570 2711 1625 καὶ
2754 1570 2885 1640 πρὶν
2921 1568 2955 1640 ἢ
2994 1568 3262 1637 ἀλέκτορα
3318 1563 3588 1633 φωνῆσαι,
3631 1562 3724 1614 καὶ
3770 1562 3875 1614 τὸν

2284 1662 2517 1735 ἀριθμὸν
2537 1660 2648 1715 τῶν
2681 1660 2984 1732 ἀρνήσεων,
3014 1659 3096 1713 ὅτι
3125 1659 3190 1712 ὲκ
3216 1654 3399 1727 τρίτου
3434 1654 3749 1725 ἀρνήσεται.

689 1836 853 1893 Vsus.
882 1836 1068 1893 55-36.
1100 1857 1120 1890 ι
1157 1837 1384 1898 Dicitilli
1410 1840 1603 1897 Petrus
1630 1862 1641 1898 :
1673 1842 1903 1914 Etiamsi
1931 1853 2183 1915 nportue-

2360 1859 2380 1893 ι
2418 1840 2586 1910 Λέγει
2617 1836 2767 1907 αύτῷ
2791 1836 2820 1889 6
2851 1835 3074 1905 Πέτρος·
3109 1832 3230 1887 Κᾶν
3259 1831 3359 1913 δέῃ»
3392 1848 3460 1901 με
3488 1828 3584 1882 σὺν
3610 1827 3692 1880 σοὶ
3722 1828 3877 1879 ἀπο-

618 1925 691 1979 rit
727 1940 810 1981 me
832 1926 967 1980 mori
1000 1936 1195 1992 tecum,
1221 1926 1531 2000 neutiquam
1567 1927 1617 1985 te
1652 1932 1874 2000 negabo.
1918 1933 2183 1990 Similiter

617 2025 796 2069 autem
826 2025 880 2069 et
907 2029 1094 2070 omnes
1113 2016 1359 2089 discipuli
1401 2018 1670 2075 dicebant.
1705 2019 1855 2077 Tunc
1924 2025 2066 2078 venit
2094 2022 2185 2081 Je-

617 2118 713 2159 sus
739 2120 861 2159 cum
917 2104 1023 2159 illis
1073 2106 1125 2161 in
1157 2108 1335 2163 villam
1389 2124 1511 2179 qua
1550 2110 1746 2167 dicitur
1796 2113 2180 2179 Gethsemane,

615 2205 670 2251 et
707 2196 838 2251 dixit
866 2196 1178 2266 discipulis:
1214 2198 1407 2255 Sedete
1429 2201 1518 2275 hic
1541 2203 1711 2258 donec
1736 2205 1927 2280 vadam
1952 2214 2005 2261 et
2033 2220 2179 2263 orem

618 2285 748 2343 illic.
784 2304 805 2339 ι
847 2286 1037 2342 Petrus
1060 2290 1345 2359 genuinam
1380 2306 1531 2347 suam
1559 2292 1894 2350 aﬂ‘ectionem
1913 2297 2185 2353 declarare

619 2378 826 2444 volens,
855 2380 1454 2437 contradicitSalvalori
1490 2400 1504 2437 :
1538 2385 1797 2442 liberatus
1816 2389 1958 2442 enim
1994 2402 2024 2443 a
2053 2404 2181 2459 pro-

616 2468 836 2524 ditionis
874 2480 1041 2536 metn,
1068 2484 1133 2524 ex
1165 2486 1359 2543 magno
1396 2489 1580 2531 amore
1611 2486 1665 2533 et
1687 2478 1975 2535 ambitione
2021 2484 2187 2553 cmpit

613 2570 670 2615 et
696 2565 886 2614 contra
910 2559 1030 2614 illos
1056 2560 1358 2646 insurgere,
1401 2571 1457 2618 et
1487 2565 1706 2622 Christo
1752 2568 2046 2625 reluctari:
2088 2573 2183 2627 sed

612 2657 669 2705 et
695 2649 784 2704 alii
843 2649 1099 2719 discipuli
1151 2653 1385 2707 nondum
1453 2656 1659 2725 experti
1712 2660 2058 2727 tentationes,
2110 2676 2184 2718 ex

616 2742 914 2814 ignorantia
939 2742 1158 2812 polliciti
1192 2752 1319 2798 sunt
1358 2759 1478 2814 qua:
1535 2757 1791 2813 praestare
1846 2765 1951 2806 non
1990 2762 2182 2823 potue-

623 2845 771 2890 runt.
828 2832 1102 2888 Transivit
1137 2844 1313 2891 autem
1349 2836 1594 2894 Christus
1625 2838 1679 2893 in
1722 2840 1903 2896 locum
1941 2857 2185 2899 seorsum

619 2936 893 2983 oraturus.
934 2924 1060 2983 Otio
1106 2926 1327 2983 enimet
1357 2930 1779 3000 sequestratione
1809 2947 1945 3005 opus
1989 2936 2188 2992 habent

596 3064 601 3070 .
614 3034 824 3089 preces.

2282 1931 2485 2000 θανεῖν,
2516 1932 2576 1985 οὐ
2610 1930 2683 2001 μή
2720 1944 2779 1982 σε
2805 1927 3233 1997 ἀπαρνήσωμαι.
3262 1923 3495 1994 Ὁμοίως
3521 1922 3578 1976 δὲ
3606 1921 3699 1973 καὶ
3722 1920 3875 1973 πάν-

2281 2041 2373 2088 τες
2402 2024 2451 2076 οἱ
2487 2021 2725 2094 μαθηταὶ
2775 2016 2947 2074 εἷπον.
2997 2019 3130 2072 Τότε
3183 2018 3401 2087 ἔρχεται
3456 2016 3571 2085 μετ’
3619 2013 3806 2066 αὐτῶν
3838 2011 3874 2063 ὁ

2293 2114 2501 2185 Ἰησοῦς
2528 2114 2608 2177 είς
2640 2113 2837 2183 χωρίον
2882 2111 3169 2181 λεγόμενον
3207 2110 3555 2177 Γεθσημανὴ,
3587 2106 3683 2159 καὶ
3708 2104 3873 2172 λέγει

2280 2210 2395 2270 τοῖς
2442 2199 2709 2277 μαθηταῖς
2736 2221 2752 2236 ο
2806 2203 3082 2258 Καθίσατε
3121 2200 3309 2266 αὐτοῦ,
3345 2200 3451 2263 ἕως
3496 2191 3557 2252 οὖ
3603 2194 3873 2251 ἀπελθὼν

2282 2296 2648 2370 προσεύξομαι
2682 2296 2812 2348 ἐκεῖ.
2845 2312 2861 2345 ι
2903 2292 2961 2349 '0
2993 2292 3195 2362 Πέτρος
3221 2290 3389 2346 θέλων
3418 2287 3751 2355 ἐνδείξασθαι
3781 2287 3875 2340 ὅτι

2282 2390 2511 2459 γνησίαν
2545 2386 2658 2456 ἔχει
2687 2385 2943 2447 διάθεσιν,
2992 2382 3261 2448 ἀντιλέγει
3291 2380 3369 2446 τῷ
3416 2380 3647 2449 Σωτῆρι·
3676 2377 3871 2430 ἀπαλ-

2283 2480 2467 2547 λαγεὶς
2496 2480 2604 2549 γὰρ
2629 2475 2722 2528 τοῦ
2745 2475 2833 2528 διά
2866 2473 2963 2545 τὴν
2992 2473 3291 2541 προδοσίαῦ
3333 2469 3519 2538 φόϐου,
3559 2470 3623 2521 ὲκ
3655 2465 3872 2535 πολλῆς

2284 2572 2505 2641 ἀγάπης
2530 2571 2621 2623 καὶ
2650 2566 2958 2640 φιλοτιμίας
2999 2565 3200 2637 ἡρξατο
3235 2563 3330 2615 καὶ
3353 2560 3483 2617 ,τῶν
3513 2558 3688 2613 ἀλλων
3724 2574 3871 2611 κατ-

2282 2660 2688 2727 εξανίστασθαι,
2750 2658 2847 2713 καὶ
2894 2658 2972 2729 τῷ
3020 2655 3244 2727 Χριστῷ
3292 2650 3684 2709 ἀνθίστασθαι·
3724 2647 3870 2701 ἀλλὰ

2282 2756 2379 2811 καὶ
2399 2758 2449 2808 οἱ
2481 2754 2656 2807 λοιποὶ
2679 2751 2922 2823 μαθηταὶ
2968 2749 3077 2803 ἀπὸ
3106 2746 3327 2818 ἀγνοίας
3365 2742 3720 2815 ὑπισχνοῦντο
3748 2740 3874 2812 πρὸ

2282 2848 2385 2917 τῆς
2406 2846 2515 2900 τῶν
2536 2843 2857 2915 πειρασμῶν
2882 2841 3101 2911 πείρας,
3126 2840 3162 2895 ἀ
3187 2840 3285 2892 οὑκ
3303 2836 3527 2908 ἔμελλον
3550 2833 3869 2889 τελειῶσαι.

2297 2938 2624 3009 ’Δπὲρχεται
2650 2936 2707 2989 δὲ
2743 2934 2848 3006 ίδίᾳ
2894 2930 3347 3004 προσευξόμενος.
3388 2927 3592 3000 Σχολῆς
3626 2928 3735 2998 γὰρ
3768 2926 3875 2981 καὶ

2289 3028 2542 3099 ίδιασμοῦ
2576 3029 2744 3081 δεῖται
2772 3027 2805 3097 η
2835 3027 3133 3096 προσευχὴ.

700 3111 862 3168 Vens.
901 3114 1087 3171 57-59.
1140 3138 1159 3170 ι
1208 3118 1273 3174 Ει
1321 3126 1598 3187 assumpto
1644 3119 1805 3173 Petro
1870 3130 1926 3174 et
1980 3119 2187 3175 duobus

2365 3142 2383 3175 ι
2418 3124 2527 3177 Καὶ⁸
2559 3118 2893 3190 παραλαϐὼν
2916 3117 3009 3171 τὸν
3054 3117 3258 3186 Πέτρον
3289 3115 3381 3169 καὶ
3410 3114 3535 3178 τοὺς
3587 3111 3681 3165 δύο
3709 3112 3875 3175 ninia;

622 3202 751 3259 filiis
810 3203 1075 3272 Zebeda-i,
1105 3210 1267 3279 cepit
1297 3209 1432 3264 allici
1487 3212 1667 3264 dolere
1704 3226 1767 3266 ac
1797 3211 2185 3266 Intestitndine.

622 3293 775 3351 Tunc
798 3296 928 3352 dicit
964 3299 1069 3356 illis
1098 3299 1276 3366 Jesns,
1302 3301 1496 3357 Tristis
1528 3313 1609 3357 est
1664 3303 1843 3357 anima
1884 3318 1999 3357 mea
2019 3318 2189 3372 usque

620 3386 690 3441 ad
750 3399 999 3445 mortem.
1044 3390 1258 3449 Maneto
1304 3393 1414 3457 hic,
1446 3405 1499 3448 et
1552 3394 1771 3464 vigilate
1826 3410 2056 3451 mecum.
2125 3395 2191 3451 Et

619 3492 940 3548 progressus
986 3470 1260 3550 pusillum,
1347 3484 1576 3554 procidit
1638 3484 1691 3540 in
1763 3484 1953 3540 faciem
2012 3500 2188 3554 suam,

624 3583 789 3624 orans
814 3576 869 3624 et
896 3570 1127 3628 dicens:
1151 3572 1311 3629 Pater
1338 3576 1431 3639 mi,
1470 3576 1514 3630 si
1540 3576 1795 3643 possibile
1820 3584 1923 3641 est,
1953 3584 2191 3633 transeat

626 3673 657 3713 a
685 3674 770 3714 me
796 3661 935 3716 calix
989 3662 1110 3719 iste.
1163 3663 1544 3722 Verumtamen
1588 3682 1697 3723 non
1740 3667 1885 3721 sicut
1921 3680 2025 3736 ego
2048 3668 2191 3730 volo,

628 3751 724 3806 sed
752 3752 893 3807 sicut
916 3761 994 3808 tu.
1028 3773 1049 3809 ι
1087 3754 1204 3810 Non
1233 3769 1423 3811 omnes
1477 3757 1699 3813 assumit
1755 3758 2067 3827 discipulos,
2097 3759 2192 3813 sed

630 3852 743 3899 tres
770 3851 995 3913 tantum,
1029 3846 1226 3917 quibus
1270 3848 1582 3903 ostenderat
1635 3848 1859 3918 gloriam
1905 3848 1959 3903 in
2004 3856 2189 3903 monte

627 3932 987 3994 Thaborme
1007 3954 1128 3995 cum
1174 3939 1589 3995 vldissentenm
1642 3951 1886 3995 orantem
1940 3946 1996 3993 et
2052 3938 2195 3994 labo-

628 4037 859 4097 rantem,
911 4029 1430 4087 scandalizarentur.
1465 4032 1732 4087 Ceterum
1763 4036 1814 4085 et
1873 4031 1992 4086 illos
2025 4030 2193 4085 relin-

626 4121 771 4192 quit,
794 4130 848 4179 et
881 4120 1067 4177 abitin
1100 4123 1519 4178 secretissimum
1549 4121 1746 4187 locum,
1776 4136 1840 4175 ac
1860 4128 1996 4175 orat.
2024 4119 2195 4176 Porro

629 4211 773 4284 quod
798 4218 1021 4267 moestus
1045 4222 1127 4268 est
1153 4219 1209 4266 et
1257 4211 1443 4267 dolore
1483 4211 1732 4273 aﬂicitur,
1788 4226 1883 4281 per
1911 4212 2195 4283 dispensa-

632 4303 833 4359 tionem
866 4302 1051 4369 flcbat,
1088 4312 1146 4357 ut
1198 4305 1451 4358 credatur
1503 4317 1664 4359 verus
1696 4318 1817 4358 esse
1855 4304 2036 4359 homo.
2077 4304 2194 4359 Hu-

632 4410 803 4450 mana:
830 4395 972 4450 enim
1016 4403 1222 4449 natura:
1261 4404 1342 4450 est
1384 4394 1575 4451 timere
1613 4406 1862 4461 mortem,
1923 4411 1989 4452 eo
2048 4395 2191 4466 quod

635 4483 797 4556 ιω
838 4495 1032 4555 preter
1065 4493 1313 4539 naturam
1344 4485 1580 4556 ingressa
1633 4495 1717 4540 est
1750 4499 1920 4551 mors,
1949 4498 2003 4539 et
2030 4500 2191 4556 prop-
2222 4475 2266 4531 Ι)

641 4585 784 4629 terea
808 4575 950 4628 illam
991 4575 1121 4643 fugit
1162 4584 1375 4639 natura,
1408 4576 1535 4629 item
1568 4582 1628 4628 ut
1678 4576 1890 4643 ignoret
1928 4576 2193 4641 diabolus,

631 4672 691 4717 et
724 4663 941 4718 invadat
977 4677 1100 4717 eum
1128 4673 1188 4717 ut
1224 4678 1415 4732 purum
1452 4664 1743 4724 hominem,
1784 4678 1890 4733 quo
1924 4674 2094 4719 morte
2117 4665 2197 4733 ip-

628 4768 750 4809 sum
779 4753 1047 4818 conﬁciat,
1074 4762 1128 4808 et
1154 4755 1233 4808 sic
1264 4763 1598 4809 conteratur.
1631 4752 1721 4810 Vel
1764 4755 1941 4819 aliter,
1979 4754 2035 4810 Si
2093 4756 2201 4811 Do-

635 4846 813 4900 minus
840 4846 891 4899 in
922 4856 1145 4899 mortem
1179 4845 1477 4908 insiliisset,
1515 4847 1754 4901 dedisset
1807 4846 2005 4901 .luda‘is
2032 4862 2199 4903 excu-

634 4936 893 4990 sationem
932 4936 1072 5005 quod
1129 4951 1232 4990 non
1266 4948 1599 5003 peccassent,
1623 4939 1764 5007 quod
1799 4940 1871 4992 ita
1903 4939 2038 4993 citra
2077 4955 2191 4993 me-

639 5036 752 5083 tum
789 5026 851 5079 ad
877 5040 1098 5081 mortem
1133 5027 1475 5096 prosiliisset.
1503 5026 1580 5081 Ex
1625 5030 1724 5083 hoc
1760 5030 1886 5085 item
1941 5030 2199 5087 discimus

637 5132 705 5174 ne
736 5132 832 5171 nos
858 5117 952 5185 ipsi
984 5116 1036 5171 in
1063 5118 1407 5171 tentatiouem
1438 5117 1757 5186 injiciamns,
1794 5121 1888 5175 sed
1918 5135 2201 5190 precemur

636 5219 693 5262 nt
724 5209 1010 5263 liberemur
1030 5208 1096 5261 ab
1125 5208 1223 5262 eis.
1259 5208 1322 5261 Et
1348 5217 1621 5277 prOpterea
1652 5227 1757 5266 non
1814 5212 1968 5281 longa
1995 5213 2203 5270 distan-

640 5300 710 5352 tia
742 5313 769 5351 a
798 5298 1071 5366 discipulis
1140 5298 1498 5367 progreditur,
1536 5302 1629 5355 sed
1688 5316 1851 5371 prope
1883 5313 1991 5357 tres
2030 5303 2198 5358 disci-

638 5390 793 5459 pulos
830 5399 1032 5451 manet,
1064 5398 1121 5441 ut
1148 5391 1431 5444 audientes
1463 5406 1580 5443 eum
1622 5407 1889 5447 memores
1927 5394 2036 5448 sint
2067 5403 2125 5448 ut
2147 5401 2200 5447 et

640 5481 740 5545 ipsi
768 5482 819 5533 in
851 5480 1231 5535 tentationibns
1260 5481 1458 5550 delapsi
1486 5492 1774 5550 precentur
1794 5485 2067 5539 similiter.
2096 5484 2199 5540 Ca-

640 5567 795 5623 licem
825 5584 948 5623 vero
983 5571 1277 5637 passionem
1306 5571 1565 5638 nominat,
1593 5572 1674 5625 vel
1707 5586 1919 5642 propter
1950 5591 2197 5629 somnum

639 5674 801 5726 quem
828 5661 974 5727 facit,
998 5662 1077 5715 vel
1102 5663 1241 5730 quod
1277 5662 1473 5717 laetitia:
1496 5678 1654 5717 causa
1688 5664 1837 5717 sitae
1873 5676 2069 5721 nostra:
2107 5684 2197 5722 sa-

637 5751 789 5806 lutis.
824 5751 943 5806 Vult
975 5762 1152 5807 autem
1216 5753 1492 5809 transferri
1519 5752 1761 5818 calicum,
1796 5757 1876 5813 vel
1930 5768 1985 5813 ut
2050 5776 2200 5815 mon-

2291 3213 2601 3278 Ζεϐεδαίου,
2644 3209 2844 3282 ἤρξατο
2885 3207 3176 3263 λυπεῖσθαι
3226 3209 3320 3260 καὶ
3369 3206 3661 3276 ἀδημονεῖν
3692 3220 3707 3233 θ
3737 3203 3873 3256 τότε

2292 3308 2440 3376 λέγει
2456 3307 2637 3367 αὐτοῖς
2660 3320 2674 3336 ·
2704 3302 3011 3373 Περίλυπός
3035 3301 3235 3369 ἔστινή
3265 3298 3410 3370 ψυχή
3443 3315 3543 3367 μου
3569 3296 3674 3360 ἕως
3700 3294 3877 3353 θανά-

2289 3414 2423 3454 του·
2461 3397 2680 3465 μείνατε
2722 3391 2823 3449 ὦδε
2862 3393 2956 3447 καὶ
3002 3392 3325 3463 γρηγορεῖτε
3376 3388 3493 3461 μετ’
3542 3387 3719 3459 εμοῖι⁸
3769 3386 3877 3441 καὶ

2292 3483 2568 3557 προελθὼν
2596 3482 2809 3554 μικρὸν,
2835 3482 3026 3535 ιπεσεν
3052 3480 3147 3533 ἐπὶ
3175 3478 3464 3551 πρόσωπον
3484 3477 3671 3542 αὐτοῦ,
3695 3493 3879 3549 προσ-

2294 3576 2588 3646 ευχόμενος
2624 3575 2719 3628 καὶ
2756 3574 2929 3642 λέγων
2950 3586 2965 3603 ⁸
2999 3571 3182 3643 Πάτερ
3213 3588 3338 3641 μου,
3370 3572 3418 3624 εἰ
3444 3570 3670 3623 δυνατόν
3725 3571 3876 3636 εστι,

2296 3663 2614 3735 παρελθάτω
2640 3661 2738 3717 ἀπ’
2759 3662 2892 3732 inut“:
2921 3662 2983 3717 τδ
3008 3662 3265 3733 ποτήριον
3288 3660 3466 3714 τοῦτο.
3498 3659 3644 3729 Πλὴν
3666 3658 3770 3731 οὐχ
3792 3660 3878 3724 ὠς

2294 3752 2406 3822 ἐγὼ
2441 3753 2601 3820 θέλω,
2628 3753 2744 3807 ἀλλ’
2786 3752 2863 3815 ὡς
2905 3751 2991 3807 σύ.
3024 3772 3041 3803 ι
3072 3753 3145 3805 Οὐ
3193 3753 3404 3813 πάντας
3448 3752 3881 3822 παραλαμϐάνει

2293 3845 2420 3917 τοὺς
2438 3828 2720 3917 μαθητάς,
2760 3842 2899 3899 ἀλλά
2928 3844 3055 3907 τοὺς
3082 3846 3230 3915 τρεῖς
3263 3840 3345 3908 οἷς
3376 3842 3546 3909 εδειξε
3578 3845 3677 3915 τὴν
3704 3846 3879 3912 δόξαν

2293 3938 2354 3991 ὲν
2380 3937 2460 4008 τῷ
2488 3934 2710 4005 Θαϐὼρ,
2750 3935 2838 3990 ἴνα
2872 3934 2949 4005 μὴ
2985 3934 3184 3999 ίδόντες
3225 3935 3387 3989 αὑτὸν
3434 3935 3883 4007 προσευχόμενον

2297 4028 2392 4085 καὶ
2415 4026 2811 4099 ἀδημονοῦντα,
2846 4027 3333 4083 σκανδαλισθῶσιν·
3361 4030 3508 4099 ὅμως
3533 4027 3590 4082 δὲ
3616 4030 3711 4081 καὶ
3742 4028 3882 4081 τού·-

2296 4142 2423 4188 τους
2459 4124 2686 4196 ἀφίησι,
2725 4121 2820 4176 καὶ
2856 4119 3107 4174 ἀπελθὼν
3156 4121 3425 4177 ἰδιαίτατα
3469 4120 3878 4191 προσεύχεται·

2295 4215 2655 4286 οἰκονομικῶς
2685 4214 2742 4267 δὲ
2767 4212 3017 4265 λυπεῖται
3041 4213 3134 4265 καὶ
3167 4211 3449 4281 ἀδημονεῖ,
3477 4211 3628 4271 ὅπως
3660 4211 3878 4265 πιστώ-

2299 4323 2459 4377 σηται
2478 4307 2559 4359 ὅτι
2593 4303 2809 4375 ἀληθῶς
2831 4302 3116 4374 ἄνθρωπος
3143 4298 3229 4373 ἦν.
3254 4303 3366 4371 Τῆς
3393 4303 3501 4373 γὰρ
3522 4302 3883 4373 ἀνθρωπίνης

2297 4398 2512 4469 φύσεως
2543 4396 2603 4450 τδ
2647 4395 2851 4467 δειλιᾷν
2904 4395 3152 4449 θάνατον’
3188 4395 3323 4448 διότι
3370 4395 3465 4448 καὶ
3508 4394 3659 4463 παρὰ
3707 4394 3882 4463 φύσιν
3923 4466 3927 4470 ι

2294 4489 2543 4561 εἰσῆλθεν
2574 4491 2602 4541 6
2635 4488 2885 4551 θάνατος,
2939 4488 3033 4540 καὶ
3077 4485 3166 4541 διὰ
3212 4485 3369 4539 τοῦτο
3402 4488 3435 4556 ἠ
3468 4486 3629 4553 φύσις
3675 4486 3881 4554 φεύγει

2294 4582 2480 4635 τοῦτον
2502 4597 2516 4610 ·
2542 4579 2657 4648 ἅμα
2675 4579 2731 4632 δὲ
2758 4578 2847 4632 ἵνα
2867 4578 2963 4631 καὶ
2984 4577 3121 4647 λάθῃ
3151 4577 3243 4629 τὸν
3271 4576 3534 4641 διάϐολον,
3555 4575 3651 4629 καὶ
3672 4577 3884 4647 ἐπιπη-

2294 4674 2431 4745 δήοῃ
2460 4673 2608 4743 αὐτῷ
2637 4672 2711 4734 ὡς
2742 4670 2882 4740 ψιλῷ
2924 4670 3215 4741 ἀνθρώπῳ,
3245 4669 3385 4723 ὥστε
3430 4667 3743 4723 θανατῶσαι
3774 4669 3885 4722 αύ-

2295 4769 2407 4833 τὸν,
2440 4768 2537 4823 καὶ
2569 4765 2711 4820 οὕτω
2750 4765 3029 4837 συντριϐῇ.
3084 4766 3294 4829 ’Ἄλλως
3328 4782 3409 4829 τε,
3448 4765 3509 4818 Ei
3552 4764 3883 4835 ὲπεπήδησε

2296 4859 2377 4932 τῷ
2421 4859 2635 4929 θανάτῳ
2678 4859 2707 4911 6
2760 4856 2984 4928 Κύριος,
3042 4857 3243 4911 ἔδωκεν
3298 4857 3364 4910 ἂν
3424 4859 3533 4919 τοῖς
3590 4854 3884 4920 Ἰουδαίοις

2299 4951 2616 5019 ἀπολογίαν,
2648 4950 2723 5014 ὼς
2754 4951 2852 5019 οὐχ
2882 4949 3130 5020 ἥμαρτον
3176 4949 3597 5011 ἀποκτείναντες
3618 4948 3709 5000 τὸν
3742 4949 3880 5000 ἑπι-

2299 5037 2617 5109 πηδήσαντα
2636 5036 2713 5107 τῷ
2740 5037 2925 5094 πάθει.
2957 5036 3055 5089 Ἐκ
3096 5037 3285 5091 τούτου
3316 5038 3374 5091 δὲ
3406 5038 3750 5109 μανθάνομεν
3780 5042 3884 5093 καὶ

2300 5128 2454 5181 αὐτοὶ
2482 5127 2558 5197 μὴ
2597 5127 2941 5199 ὲπιρῤίπτειν
2969 5126 3196 5190 ἑαυτοὺς
3238 5130 3318 5191 είς
3357 5128 3720 5198 πειρασμοὺς,
3755 5130 3882 5181 ἀλλ’

2300 5216 2551 5285 εὔχεσθαι
2579 5216 2840 5287 ρυσθῆναι
2870 5220 2935 5270 ἐκ
2958 5217 3163 5270 τούτων
3184 5234 3197 5248 ·
3233 5217 3319 5271 διὰ
3346 5218 3504 5272 τοῦτο
3537 5220 3645 5289 γὰρ
3677 5222 3777 5272 καὶ
3812 5222 3883 5275 ού

2301 5308 2433 5359 πολὺ
2493 5306 2886 5377 παρεξὲρχεται
2932 5306 3239 5378 διάστημα,
3291 5309 3427 5363 ἀλλά
3480 5309 3707 5379 πλησίον
3762 5312 3881 5364 τῶν

2301 5398 2466 5467 τριῶν
2515 5397 2792 5467 μαθητῶν,
2839 5398 2924 5451 ἵνα
2981 5400 3269 5463 ἀκούοντες
3325 5400 3511 5465 αὐτοῦ,
3557 5404 3883 5470 μνήσωνται

2302 5491 2393 5541 καὶ
2442 5492 2593 5543 αὐτοὶ
2638 5493 2963 5559 πειρασμοῖς
3016 5492 3423 5561 περιπεσόντες,
3458 5495 3549 5545 καὶ
3594 5493 3663 5546 τὰ
3709 5495 3883 5563 ὅμοια

2302 5580 2591 5645 εύξωνται·
2620 5584 2877 5651 ποτήριον
2908 5582 2961 5635 δὲ
2990 5583 3247 5651 ὀνομάζει
3278 5586 3335 5635 τδ
3379 5585 3569 5646 πάθος,
3599 5586 3631 5656 ἢ
3661 5584 3751 5637 διὰ
3784 5586 3882 5640 τὸν

2302 5673 2363 5725 ὲκ
2392 5673 2581 5725 τούτου
2612 5673 2795 5735 ὓπνον,
2830 5673 2859 5742 ἦ
2891 5675 3023 5727 διότι
3074 5676 3409 5745 εὐφροσύνης
3450 5678 3621 5727 αἴτιον
3645 5676 3738 5728 καὶ
3770 5694 3883 5729 σω-

2300 5759 2493 5829 τηρίας
2540 5762 2671 5830 ἡμῖν
2708 5760 2921 5829 ἐγένετο
2950 5780 2963 5793 ο
2995 5762 3136 5816 θέλει
3179 5764 3235 5816 δὲ
3286 5764 3767 5835 παραϐιϐασθῆναι
3816 5770 3878 5820 τὸ
