4010 6416
585 440 689 509 451

1430 428 2015 496 THEOPHYLAC’I‘I
2054 424 2467 491 BULGARIIE
2502 422 2871 489 ARCHIEP.

3721 426 3839 490 452

585 552 677 623 qui
724 566 808 607 me
838 546 1033 605 tradet.
1064 568 1086 601 ο
1112 545 1421 602 Ostendens
1474 545 1614 613 quod
1642 558 1745 599 non
1780 556 1933 612 opus.
1957 542 2155 596 habent

2265 556 2386 610 μιν,
2419 539 2528 593 ἰδοὺ
2555 540 2785 609 ἠγγικεν
2822 537 2851 589 6
2896 532 3219 623 παραδιδούς
3252 554 3339 606 με.
3374 555 3393 589 ι
3429 536 3722 602 Δεικνύων,
3754 542 3844 595 δτι

587 644 803 709 iiiorum
826 627 1072 697 subsidio
1114 636 1330 707 qdando
1386 636 1455 689 sit
1507 633 1826 696 tradendus,
1851 630 1989 686 dicit
2015 630 2155 686 illis:

589 733 829 789 Dormite
858 745 1018 784 nunc.
1056 725 1146 781 Vel
1169 742 1263 797 per
1285 726 1511 780 ironiam
1557 726 1662 778 hoc
1685 723 1845 787 dixit,
1902 721 2054 790 quasi
2087 724 2160 775 ita

592 826 795 880 diceret
836 840 851 877 :
880 822 1019 877 Ecce
1050 818 1491 889 appropinquavit
1534 815 1800 885 proditor.
1829 822 1885 868 et
1908 815 1951 869 si
1980 812 2160 882 placet

591 914 761 977 vobis,
793 921 847 967 et
881 913 1143 982 permittit
1192 920 1420 975 tempus.
1453 908 1712 962 dormite.
1739 906 1955 960 Excitat
1995 904 2159 974 igitur

592 1007 713 1061 illos
744 1022 771 1058 a
809 1007 929 1059 loco
959 1004 1049 1057 illo
1070 1002 1159 1057 ulti
1179 1002 1391 1066 orabat,
1424 1009 1479 1055 et
1518 1000 1723 1075 accedit
1748 998 1815 1053 ad
1844 1010 1937 1052 eos
1958 996 2047 1065 qui
2081 997 2163 1066 ip-

594 1114 714 1155 Sum
766 1094 1217 1165 cotnpreheusuri
1237 1102 1412 1159 erant,
1440 1104 1493 1147 et
1522 1092 1860 1147 occurritels
1884 1089 2037 1159 quasi
2068 1088 2161 1143 la-

596 1202 705 1243 tum
758 1188 1029 1258 quidpiam
1070 1186 1171 1240 silti
1235 1186 1469 1240 oblaturi
1530 1184 1794 1239 venirent.
1831 1181 1920 1236 Sic
1968 1190 2023 1235 et
2070 1178 2160 1234 illa

592 1298 709 1350 qua?
741 1289 989 1348 precatus
1034 1289 1137 1342 est,
1167 1286 1417 1347 precatus
1450 1283 1540 1332 est
1586 1285 1642 1329 ut
1676 1271 1989 1329 credibilior
2020 1281 2161 1329 esset

592 1372 944 1440 dispensatio,
985 1378 1037 1423 et
1086 1369 1225 1436 quod
1259 1368 1516 1423 voluisset
1576 1379 1681 1421 non
1716 1366 1849 1435 pati,
1889 1375 1947 1420 ut
1972 1378 2159 1420 serva-

594 1472 780 1515 rentur
855 1459 1117 1513 Hebra‘ia
1177 1457 1501 1526 perditione,
1548 1472 1669 1527 qua!
1723 1456 1800 1510 eis
1845 1455 2161 1510 imminet)“

595 1564 810 1624 propter
834 1561 1111 1622 peccatum
1150 1548 1297 1619 quod
1335 1548 1387 1603 in
1430 1549 1599 1619 ipsum
1664 1552 1817 1603 erant
1890 1556 2160 1617 perpetra-

598 1645 722 1700 turi.

663 1821 823 1878 Vens.
854 1822 1048 1879 47-50.
1075 1840 1096 1873 ‹
1157 1820 1219 1875 Et
1244 1819 1332 1875 illo
1363 1819 1543 1875 adhuc
1596 1818 1878 1888 loquente,
1907 1829 2035 1872 ecce
2063 1815 2161 1872 Iu-

2262 633 2325 685 οΰ
2360 632 2549 702 χρείαν
2580 630 2691 701 ἔχει
2722 631 2819 699 τῆς
2849 629 2980 700 παρ⁹
3005 620 3185 682 αὐτῶν
3215 629 3554 701 ἐπικουρίας,
3583 632 3672 684 ὅτε
3709 632 3843 702 μὲλ-

2258 722 2341 776 λει
2374 722 2769 791 παραδοθῆναι,
2818 722 2986 790 φησὶν
3026 721 3241 784 αὐτοῖς·
3278 720 3582 775 Καθεύδετε
3636 722 3698 776 τδ
3730 723 3846 776 λοι-

2260 814 2397 869 πόνο
2442 814 2477 885 ἢ
2523 814 2642 868 κατ’
2678 814 2961 883 εἰρωνείαν
3007 812 3168 867 τοῦτό
3218 830 3404 885 φησιν,
3443 815 3639 869 ὠσανεὶ
3680 814 3849 868 τοῦτο

2259 903 2465 975 λέγων’
2495 906 2626 959 Ἰδοὺ
2674 906 2903 977 ἤγγικεν
2956 908 2984 959 6
3035 905 3335 978 προδότης,
3390 908 3483 960 καί
3530 908 3579 960 εἰ
3616 907 3847 977 ἀρέσκει

2262 995 2411 1065 ὑμῖν,
2448 996 2545 1047 καὶ
2575 996 2801 1065 παρέχει
2830 996 2858 1047 ό
2890 994 3098 1065 καιρὸς,
3136 995 3445 1050 καθεύδετε.
3487 996 3721 1067 Ἐγείρει
3746 994 3847 1050 οὖν

2263 1087 2462 1152 αὐτοὺς
2494 1087 2601 1141 ἀπὸ
2630 1086 2725 1141 τοῦ
2755 1087 2921 1140 τόπου
2951 1086 3161 1141 ἐκείνου
3188 1086 3314 1141 ἔνθα
3347 1087 3711 1158 προσηύχετο,
3745 1088 3852 1142 καὶ

2264 1179 2626 1251 προσέρχεται
2680 1180 2795 1242 τοῖς
2849 1178 3134 1249 μέλλουσιν
3181 1177 3343 1232 αὑτὸν
3391 1178 3692 1247 συλλαϐεῖν,
3745 1179 3850 1232 καὶ

2262 1271 2623 1343 προσυπαντᾷ
2652 1269 2853 1335 αὐτοῖς,
2884 1271 2957 1334 ὼς
2988 1288 3039 1323 τι
3070 1270 3400 1340 εύφρόσυνον
3432 1270 3683 1341 μέλλουσι
3712 1269 3848 1324 δοῦ-

2259 1380 2351 1421 ναι
2384 1365 2557 1434 αὐτῷ.
2591 1362 2747 1417 Οὕτω
2773 1364 2865 1416 καὶ
2896 1366 3075 1417 ἐκεῖνα
3112 1364 3147 1417 ἃ
3177 1363 3393 1434 ηὔχετο,
3430 1362 3519 1417 διὰ
3544 1364 3604 1417 τὸ
3630 1362 3849 1416 πιστώ-

2266 1454 2465 1509 σασθαι
2492 1453 2589 1524 τὴν
2615 1452 2928 1524 οἰκονομίαν
2954 1454 3173 1526 ηὔχετο,
3207 1456 3303 1508 καὶ
3328 1454 3496 1508 θέλων
3519 1454 3593 1524 μὴ
3622 1454 3848 1520 παθεῖν,

2265 1547 2355 1601 ῐνα
2390 1545 2800 1618 συντηρηθῶσιν
2831 1548 2880 1600 οἰ
2943 1546 3182 1618 Ἑϐραῖοι
3232 1548 3297 1601 ὲκ
3343 1549 3441 1617 τῆς
3472 1545 3772 1610 ἀπωλείας,
3808 1547 3847 1617 ἢ

2263 1639 2458 1710 ἔμελλε
2487 1638 2898 1710 καταλήψεσθαι
2922 1640 3119 1703 αὐτοὺς
3139 1639 3227 1693 διὰ
3252 1639 3349 1707 τὴν
3372 1640 3451 1703 εἰς
3471 1639 3631 1693 αὑτὸν
3661 1640 3853 1710 άμαρο

2260 1733 2403 1785 τίαν.

2341 1838 2361 1872 ι
2394 1820 2506 1875 Καὶ
2534 1820 2614 1873 ἔτι
2645 1820 2812 1874 αὐτοῦ
2853 1818 3161 1885 λαλοῦντος,
3216 1820 3325 1874 ἰδοὺ
3376 1819 3576 1885 Ἰούδας
3615 1816 3696 1886 εἷς
3731 1822 3853 1876 τῶν

592 1916 689 1969 das
715 1931 849 1969 unus
878 1929 941 1969 ex
975 1914 1253 1968 duodecim
1286 1912 1453 1975 venit,
1489 1921 1544 1967 et
1569 1925 1691 1965 cum
1720 1924 1783 1965 eo
1810 1908 1965 1963 turba
1996 1905 2157 1962 multa

2264 1908 2468 1963 δώδεκα
2492 1906 2643 1981 ἦλθε,
2679 1909 2773 1963 καί
2819 1909 2936 1979 μετ’
2968 1909 3131 1963 αὐτοῦ
3175 1909 3331 1981 ὀχλος
3364 1910 3531 1975 πολὺς
3566 1913 3704 1981 μιτά
3739 1929 3853 1984 μα-

596 2022 716 2062 cum
752 2007 941 2077 gladiis
983 2015 1037 2060 et
1068 2006 1320 2069 fustibus,
1356 2004 1503 2058 missi
1538 2019 1567 2056 ε
1627 1999 1958 2071 principibus
1980 2011 2160 2054 sacer-

594 2098 774 2151 dotum
804 2108 858 2150 et
888 2096 1195 2151 senioribus
1262 2094 1466 2164 populi.
1501 2094 1550 2146 is
1591 2106 1719 2147 vero
1780 2092 1869 2158 qui
1917 2087 2162 2142 tradebat

592 2204 737 2249 eum,
772 2187 916 2240 dedit
938 2186 1042 2238 illis
1067 2185 1297 2253 signum,
1328 2182 1569 2237 -dicens:
1602 2180 1983 2248 Quemcunque
2003 2191 2160 2232 oscu-

593 2280 735 2335 latus
766 2277 940 2343 fuero,
973 2278 1082 2346 ipse
1108 2286 1213 2339 est,
1237 2286 1413 2329 tenete
1448 2290 1591 2329 eum.
1649 2273 1715 2327 Et
1753 2270 2039 2326 confestim
2067 2283 2158 2323 ac-

589 2375 789 2426 cedens
809 2381 873 2423 ad
895 2369 1099 2435 Iesum,
1128 2370 1261 2422 dixit
1289 2388 1305 2423 :
1331 2368 1463 2432 Ave,
1494 2367 1686 2431 Rutilii,
1720 2362 2051 2418 etosculatus
2078 2370 2163 2414 est

592 2479 737 2516 eum.
799 2461 1049 2525 Dixitque
1097 2460 1171 2514 illi
1215 2458 1376 2513 Iesus
1419 2461 1670 2520 :Amice,
1730 2458 1792 2511 ad
1834 2454 1961 2525 quid
1997 2452 2161 2508 ades?

596 2558 745 2613 Tunc
776 2566 1142 2621 accesserunt,
1164 2566 1218 2609 et
1243 2569 1433 2609 manus
1456 2556 1749 2621 injecerunt
1787 2553 1839 2606 in
1866 2552 2071 2615 Iesum,
2103 2558 2157 2605 et

593 2659 1025 2716 ceperttnteum.
1068 2666 1087 2700 ι
1156 2645 1316 2701 Vides
1381 2660 1528 2699 arma
1602 2644 1915 2714 pontiﬁcum
1976 2642 2156 2712 qualia

593 2738 738 2795 sint?
766 2737 929 2805 Ligna
962 2750 1014 2793 et
1043 2739 1224 2807 gladii.
1260 2738 1336 2793 ita
1363 2748 1518 2792 erant
1547 2737 1776 2806 paciﬁci,
1807 2746 1861 2790 et
1907 2736 2153 2803 spiritum

596 2830 1028 2884 mansuetudinis
1062 2829 1341 2884 habentes.
1374 2828 1521 2884 Unus
1550 2837 1725 2881 autem
1755 2843 1818 2881 ex
1853 2825 2153 2888 duodecim,

597 2920 734 2973 dixit
766 2918 1133 2989 Evangelista,
1153 2920 1427 2981 admirans
1446 2919 1587 2987 quod
1618 2918 1744 2972 licet
1770 2934 1831 2971 ex
1884 2916 2072 2984 primis
2102 2926 2157 2970 et

595 3009 787 3064 electis
816 3020 982 3076 esset,
1005 3010 1219 3064 diabolo
1252 3025 1309 3063 se
1335 3010 1574 3063 tradidit.
1606 3006 1781 3075 Unde,
1814 3009 1991 3073 homo,
2020 2992 2073 3061 et
2098 3015 2152 3060 tu

596 3094 745 3165 tint’e,
781 3101 898 3155 licet
933 3117 997 3155 ex
1032 3100 1463 3156 familiarissimis
1496 3102 1593 3165 sis,
1630 3115 1695 3154 ne
1746 3114 1978 3168 unquam
2013 3099 2153 3153 desi-

594 3195 694 3247 dia:
746 3208 904 3247 vat-cs
924 3204 973 3246 et
1008 3193 1246 3247 exeidas.
1278 3192 1501 3262 Signum
1534 3202 1710 3247 autem
1767 3192 1910 3245 dedit
1960 3189 2150 3255 Iudas,

593 3300 659 3339 eo
704 3286 846 3353 quod
872 3302 971 3338 nox
1001 3296 1137 3349 erat,
1178 3294 1233 3340 et
1272 3300 1376 3339 non
1404 3294 1653 3353 poterant
1685 3284 2068 3337 internoscere.
2095 3282 2159 3335 Et

595 3377 773 3439 aliter,
833 3375 932 3439 Qui
988 3384 1245 3429 venerant
1305 3375 1368 3426 ad
1416 3372 1999 3441 comprehendendum,
2052 3387 2158 3425 non

595 3475 750 3520 erant
779 3480 843 3518 ex
881 3466 1032 3518 turba
1067 3474 1163 3529 tot,
1187 3473 1317 3533 quot
1351 3479 1416 3517 ex
1464 3464 1633 3517 servis
1696 3461 2033 3532 pontiﬁcum,
2066 3461 2155 3529 qui

594 3557 812 3611 omnino
845 3555 978 3609 forte
1009 3570 1109 3607 non
1130 3563 1489 3625 cegnoverant
1516 3552 1718 3618 Iesum,
1747 3554 1838 3607 sed
1862 3551 2029 3606 Iudas
2058 3567 2156 3605 uo-

597 3658 705 3699 tum
740 3649 868 3701 facit
898 3649 975 3700 eis
1019 3644 1329 3716 hiagistrum
1378 3646 1585 3701 osculo.
1644 3644 1777 3698 Nam
1820 3660 1947 3699 cum
1990 3645 2158 3698 sciret

598 3741 892 3793 bonitatem
916 3737 1148 3804 Domini,
1188 3738 1420 3792 audebat
1460 3738 1608 3792 illum
1639 3738 1890 3792 osculari.
1946 3737 2039 3791 Ille
2062 3751 2158 3789 au-

597 3843 702 3887 tem
729 3832 833 3886 fert
862 3840 1037 3901 usQue
1064 3831 1128 3885 ad
1159 3832 1505 3887 novissimam
1554 3831 1742 3883 horam
1791 3830 2009 3883 studens
2064 3843 2159 3883 sua

594 3922 997 3993 lenganimitate
1064 3922 1239 3975 illum:
1285 3922 1507 3975 lucrari.
1555 3920 1685 3975 Cum
1739 3932 1921 3973 autem
1986 3934 2160 3987 neque

594 4019 671 4069 sic
732 4015 1047 4068 emendatus
1100 4022 1204 4077 est,
1240 4023 1368 4066 tunc
1425 4010 1549 4066 fecit
1583 4012 1699 4065 illos
1727 4012 1939 4078 cadere,
1974 4026 2162 4081 quem-

590 4108 875 4162 admodum
944 4106 1072 4160 dicit
1115 4103 1377 4168 Joannes,
1451 4114 1511 4158 ut
1562 4104 1646 4158 vel
1699 4105 1941 4158 cadendo
1997 4120 2161 4175 agno-

592 4208 743 4251 scant
773 4196 937 4264 ipsius
970 4194 1241 4248 virtutem.
1277 4192 1427 4247 Unde
1460 4204 1581 4247 eum
1623 4209 1795 4261 neque
1832 4196 1908 4247 sic
1934 4194 2159 4247 destite-

594 4290 701 4358 rint
730 4302 877 4341 asua
910 4287 1233 4347 temeritate.
1284 4294 1409 4339 tunc
1454 4287 1806 4355 semetipsum
1857 4286 1937 4339 eis
1991 4300 2159 4353 expo-

593 4381 719 4437 suit.
748 4381 938 4435 Iudam
985 4386 1163 4433 autem
1203 4380 1433 4432 amicitur
1484 4387 1657 4439 vocat,
1714 4378 1989 4433 incessens
2012 4392 2156 4445 eum,

592 4485 643 4527 et
676 4489 902 4543 carpens
937 4482 1195 4540 tanquam
1225 4467 1472 4523 videlicet
1529 4470 1686 4521 amici
1737 4456 1977 4521 osculum
2030 4482 2157 4536 pra:-

2267 2001 2475 2072 χαιρῶν
2505 1999 2599 2055 καὶ
2630 2000 2821 2068 ξύλων,
2855 2000 2962 2054 ἀπὸ
2991 2000 3101 2054 τῶν
3148 2002 3450 2073 ἀρχιερέων
3479 2003 3573 2056 καὶ
3602 2003 3856 2074 πρεσϐυο

2259 2096 2436 2163 τέρων
2480 2092 2574 2145 τοῦ
2619 2092 2768 2146 λαοῦ.
2822 2094 2879 2146 Ὀ
2932 2092 2990 2146 δὲ
3036 2094 3365 2165 παραδιδοὺς
3411 2094 3595 2160 αὐτὸν,
3641 2094 3853 2150 ιδωκιν

2260 2185 2446 2247 αὐτοῖς
2476 2187 2721 2255 σημεῖον,
2759 2184 2931 2253 λέγων
2952 2201 2966 2215 θ
3004 2185 3099 2238 Ὃν
3127 2185 3193 2239 ἂν
3229 2186 3462 2252 φιλήσω.
3506 2187 3671 2255 αὐτός
3702 2190 3850 2253 ἐστι,

2259 2252 2571 2349 κρατήσατε
2595 2278 2776 2331 αὐτόν.
2804 2279 2916 2333 Καὶ
2946 2278 3145 2341 εὐθέως
3181 2277 3498 2347 προσελθὼν
3526 2252 3603 2350 τῶ
3638 2280 3849 2351 Ἰησοῦ,

2260 2367 2378 2423 εἷπε
2406 2388 2418 2402 ·
2452 2371 2646 2438 Χαῖρε,
2694 2369 2911 2422 Ῥα66ί·
2955 2372 3047 2423 καὶ
3078 2371 3438 2440 κατεφίλησεν
3465 2371 3649 2427 αὐτόν.
3694 2371 3755 2424 '0
3790 2374 3851 2424 δὲ

2272 2459 2477 2530 Ἰησοῦς
2511 2456 2666 2514 εἶπεν
2720 2460 2870 2529 αὐτῷ
2905 2476 2920 2492 ο
2977 2461 3210 2530 Ἑταῖρε,
3254 2462 3338 2529 ἐφ’
3366 2453 3411 2529 ᾦ
3466 2464 3670 2530 πάρει;
3709 2462 3855 2517 Τότε

2273 2552 2685 2622 προσελθόντες,
2716 2553 2980 2605 ἐπέϐαλον
3024 2553 3122 2615 τὰς
3160 2555 3347 2622 χεῖρας
3376 2554 3467 2606 ἐπὶ
3492 2554 3581 2608 τὸν
3609 2554 3850 2624 Ἰησοῦν,

2263 2645 2360 2697 καὶ
2410 2646 2723 2715 ἐκράτησαν
2774 2646 2957 2699 αὐτόν.
2988 2664 3006 2695 i
3056 2646 3217 2715 Ὁρᾷς
3266 2646 3333 2699 τὰ
3383 2645 3492 2699 τῶν
3540 2646 3854 2717 ἀρχιερέων

2260 2736 2432 2806 σκεύη
2461 2753 2474 2800 ;
2507 2734 2653 2789 Ξύλα
2684 2736 2777 2789 καὶ
2819 2736 3105 2807 μάχαιραι.
3141 2733 3331 2799 Οὕτως
3372 2731 3513 2806 ἦσαν
3552 2736 3852 2807 εἰρηνικοὶ,

2261 2826 2432 2881 καὶτὸ
2460 2828 2675 2896 πνεῦμα
2700 2830 2793 2897 τῆς
2814 2827 3119 2897 πραότητος
3140 2824 3355 2896 ἔχοντες
3374 2844 3387 2857 ο
3412 2827 3472 2879 τὸ
3494 2828 3575 2893 δὲ,
3625 2824 3707 2891 εἷς
3737 2825 3854 2881 τῶν

2258 2920 2493 2985 δώδεκα,
2530 2914 2685 2971 εἶπεν
2716 2920 2743 2970 6
2766 2918 3175 2987 εὐαγγελιστὴς,
3206 2916 3524 2988 θαυμάζων,
3554 2919 3638 2971 ὅτι
3667 2918 3854 2973 καίτοι

2259 3010 2633 3078 ὲξειλεγμένδς
2670 3009 2765 3076 ὢν,
2798 3009 2892 3062 καὶ
2921 3010 3061 3079 μετά
3088 3010 3199 3063 τῶν
3232 3011 3463 3081 πρώτων
3491 3011 3851 3081 ταττόμενος,

2258 3101 2406 3169 ὅμως
2430 3100 2510 3169 τῷ
2549 3100 2776 3170 διαϐόλῳ
2804 3099 3031 3153 δέδωκεν
3077 3101 3289 3153 ἑαυτόν.
3323 3101 3489 3155 Ὠστε
3524 3101 3618 3154 καί
3648 3100 3715 3153 σὺ
3747 3118 3854 3170 φο-

2262 3191 2383 3254 ϐοῦ,
2416 3192 2697 3261 ἄνθρωπε,
2730 3193 2835 3245 κᾶν
2876 3192 2988 3246 τῶν
3036 3194 3386 3249 οἰκειοτάτων
3434 3195 3571 3263 εῖης,
3627 3195 3854 3266 μήποτε

2260 3284 2735 3357 ἀπορῤαθυμήσας
2788 3286 3048 3356 ἑκπέσῃς.
3103 3287 3391 3358 Σύσσημον
3439 3288 3494 3341 δὲ
3547 3288 3766 3341 δίδωσιν
3821 3290 3855 3341 6

2273 3376 2491 3441 Ἰούδας,
2522 3376 2655 3429 διότι
2694 3376 2787 3428 καὶ
2812 3376 2907 3442 νὺξ
2938 3370 3026 3446 ἦν,
3060 3378 3154 3430 καὶ
3184 3379 3285 3431 οὐκ
3315 3379 3577 3448 ἠδύναντο
3604 3378 3851 3447 διαγνῶ-

2259 3482 2349 3519 ναι
2372 3481 2386 3496 ο
2423 3464 2598 3528 άλλως
2644 3480 2703 3517 τε
2733 3466 2825 3517 καί
2862 3466 2911 3519 οῖ
2966 3465 3207 3529 ἐλθόντες
3238 3467 3540 3533 συλλαϐεῖν,
3570 3468 3671 3521 οὐκ
3700 3462 3854 3539 ἦσαν

2258 3559 2321 3610 ἐκ
2368 3556 2459 3609 τοῦ
2511 3557 2669 3627 ὄχλου
2724 3556 2988 3623 τοσοῦτοι,
3036 3560 3150 3613 ὅσοι
3206 3560 3268 3611 ἐκ
3320 3560 3428 3612 τῶν
3487 3559 3692 3613 δούλων
3746 3561 3850 3615 τοῦ

2260 3648 2584 3716 ἀρχιερέως,
2611 3648 2659 3701 οἳ
2685 3649 2793 3702 οὐδ’
2820 3649 2955 3712 ὅλως
2986 3652 3125 3719 τάχα
3156 3651 3451 3722 ἐγνώριζον
3486 3652 3576 3705 τὸν
3606 3652 3851 3721 Ἰησοῦν.

2271 3738 2411 3790 Ἀλλ’
2444 3740 2472 3791 6
2517 3741 2763 3811 μαθητὴς
2819 3741 3073 3812 γνωρίζει
3135 3744 3319 3805 αὺτοῖς
3360 3744 3450 3796 τὸν
3492 3744 3847 3812 διδάσκαλον,

2258 3829 2323 3881 ἔκ
2366 3830 2456 3882 τοῦ
2516 3833 2867 3901 καταφιλεῖν·
2920 3833 3075 3895 εἰδὼς
3134 3834 3242 3904 γὰρ
3278 3836 3377 3905 τὴν
3428 3833 3852 3908 φιλανθρωπίαν

2258 3919 2351 3972 τοῦ
2386 3922 2613 3992 Κυρίου,
2649 3923 2976 3993 θρασύνεται
3007 3924 3101 3977 καί
3140 3924 3391 3995 φιλῆσαι.
3422 3926 3481 3977 '0
3506 3926 3561 3979 δὲ
3588 3928 3853 3997 ἀνέχεται

2260 4009 2389 4081 ἄχρι
2417 4014 2509 4065 καὶ
2547 4014 2646 4082 τῆς
2690 4014 3007 4078 τελευταίας
3049 4015 3219 4084 ὥρας,
3260 4016 3572 4081 σπουδάζων
3606 4018 3696 4071 διὰ
3741 4019 3851 4091 τῆς

2264 4103 2644 4173 μακροθυμίας
2672 4106 2831 4159 αὑτὸν
2882 4107 3168 4177 κερδῆσαι.
3206 4108 3338 4160 Ὀτι
3389 4107 3448 4161 δὲ
3496 4108 3618 4161 ούδὶ
3662 4109 3849 4177 οὕτως

2260 4193 2653 4265 ὲσωὶρρονίσθη,
2698 4198 2819 4249 τότε
2854 4200 2997 4249 ποιεῖ
3032 4199 3228 4260 αὐτοὺς
3264 4201 3470 4264 πεσεῖν,
3504 4199 3578 4261 ὡς
3601 4202 3629 4252 6
3654 4201 3851 4255 Ἰωάν-

2260 4302 2357 4353 νης
2385 4286 2573 4354 φησὶν,
2619 4286 2705 4338 ἵνα
2740 4288 2843 4340 κᾶν
2894 4288 2983 4340 διὰ
3023 4288 3115 4341 τοῦ
3172 4292 3377 4355 πεσεῖν,
3430 4290 3695 4357 ὲπιγνῶσι
3739 4293 3849 4364 τὴν

2259 4374 2423 4429 αὐτοῦ
2470 4376 2733 4446 δύναμιν*
2782 4378 2858 4441 ῶς
2910 4379 2966 4431 δὲ
3008 4380 3118 4433 οὐδ’
3166 4380 3339 4442 οὕτως
3382 4382 3698 4447 ἀπέστησαν
3744 4386 3851 4454 τῆς

2260 4466 2617 4539 θρασύτητος,
2652 4470 2775 4522 τότε
2823 4471 3104 4525 ἐκδίδωσιν
3150 4474 3339 4526 ἑαυτόν
3364 4490 3379 4505 ⁸
3413 4475 3627 4543 ἑταῖρον
3657 4475 3717 4528 δὲ
3748 4478 3849 4532 τὸν

592 4568 827 4620 benteut.
879 4565 1030 4631 Quod
1093 4580 1217 4617 vero
1275 4563 1421 4627 dicit,
1460 4562 1537 4615 Ad
1569 4562 1692 4630 quid
1723 4561 1867 4624 ades,
1928 4563 2151 4625 ltocest,

2270 4561 2471 4613 Ἰούδαν
2526 4563 2703 4625 καλεῖ,
2762 4563 3040 4632 κωμῳδῶν
3095 4563 3260 4617 αὑτὸν
3302 4561 3395 4618 καὶ
3438 4565 3733 4633 διασύρων,
3763 4566 3849 4633 ὡς

592 4673 699 4727 qua
728 4658 1021 4711 intentione
1048 4656 1137 4709 ltic
1168 4655 1293 4709 ade,
1320 4654 1341 4705 ἰ
1398 4652 1639 4720 Nunquid
1678 4658 1734 4705 ut
1767 4652 2009 4706 amicus?
2061 4654 2154 4705 sed

2264 4652 2413 4721 δῆθεν
2442 4652 2659 4722 ἑταίρου
2682 4654 2895 4724 φίλημα
2914 4654 3091 4708 δόντα·
3111 4656 3172 4707 τὸ
3196 4656 3276 4721 δὲ,
3295 4656 3410 4723 Ἐφ’
3438 4648 3481 4722 ᾧ
3510 4654 3693 4726 πάρεξ,
3714 4662 3846 4714 ἀντὶ

598 4766 706 4804 non
745 4751 1024 4817 oportebat
1086 4762 1208 4800 cum
1250 4745 1439 4815 gladiis
1478 4744 1752 4797 advenire.
1802 4742 2051 4811 Nunquid
2092 4753 2154 4796 ut

599 4840 879 4895 inimicus?
910 4848 963 4894 et
988 4836 1258 4909 quomodo
1289 4835 1555 4892 oscularis
1577 4836 1599 4889 ἲ
1624 4835 1814 4903 Arguit
1839 4834 1998 4904 igitur
2032 4846 2153 4887 eum

596 4940 657 4989 ut
689 4931 954 4987 dolosam.

670 5108 829 5163 Vens.
856 5108 1043 5163 53-54.
1080 5125 1097 5158 ε
1122 5108 1187 5161 Et
1218 5121 1343 5162 ecce
1373 5122 1508 5160 unus
1525 5118 1588 5160 ex
1610 5106 1694 5161 his
1720 5105 1811 5175 qui
1847 5116 1999 5160 erant
2032 5120 2155 5159 cum

597 5200 741 5263 Iesu,
759 5200 1052 5254 extendens
1078 5214 1317 5261 manum,
1339 5196 1491 5266 151
1511 5196 1952 5266 exemitgladium
1975 5202 2154 5263 suum,

596 5302 652 5346 et
681 5292 987 5361 percutiens
1018 5304 1231 5345 servum
1263 5289 1521 5357 principis
1570 5292 1929 5354 sacerdotum,
1964 5305 2155 5359 ampu-

599 5382 729 5435 tavit
750 5379 1193 5447 auriculameius.
1232 5377 1384 5433 Tunc
1414 5378 1545 5433 dicit
1576 5378 1649 5433 illi
1685 5378 1877 5434 Iesus:
1916 5381 2154 5435 Conver-

598 5483 649 5527 te
667 5473 900 5543 gladium
935 5478 1082 5549 tuum
1134 5472 1187 5526 in
1226 5471 1400 5526 locum
1442 5486 1621 5526 suum.
1666 5468 1866 5528 Omnes
1891 5474 2035 5528 enim
2062 5477 2151 5545 qui

597 5564 897 5630 acceperint
928 5562 1179 5631 gladium,
1212 5562 1387 5633 gladio
1415 5563 1684 5631 peribunt.
1715 5564 1795 5617 An
1831 5559 1986 5634 puta’s
2014 5570 2154 5634 quod

600 5669 702 5706 non
734 5653 931 5720 possint
970 5667 1109 5707 nunc
1134 5668 1322 5723 rogare
1355 5652 1569 5707 Patrem
1615 5669 1815 5717 meum,
1848 5662 1901 5709 et
1930 5658 2143 5710 exhibe-

600 5743 677 5797 ltit
703 5744 830 5797 mihi
860 5744 1037 5813 plures
1058 5759 1216 5813 quam
1244 5747 1525 5801 duodecim
1553 5746 1790 5815 legiones
1807 5748 2158 5817 angelorum?

604 5836 720 5901 Quo
751 5848 903 5906 pacto
950 5838 1109 5905 igitur
1154 5838 1512 5905 implebuntur
1550 5838 1863 5909 Scriptum,
1920 5844 2042 5910 quia
2080 5843 2156 5897 sic

2256 4742 2481 4806 τοῦ,ἐπί
2509 4744 2647 4813 ποίῳ
2677 4744 2866 4814 σκοπῷ
2899 4747 3061 4815 πάρει
3091 4746 3355 4813 ὲνταῦθα;
3388 4743 3535 4820 Ἀρα
3551 4748 3624 4810 ὡς
3657 4750 3844 4818 φίλος;

2258 4832 2353 4884 καὶ
2390 4832 2493 4902 μὴν
2521 4832 2620 4885 οὐκ
2648 4832 2757 4885 ἔδει
2786 4836 2929 4903 μετά
2962 4835 3247 4907 μαχαιρῶν
3278 4840 3557 4911 stupebat.
3593 4838 3735 4893 Ἀλλ’
3761 4841 3846 4905 ὡς

2258 4924 2484 4993 ἔχθρός;
2512 4926 2605 4977 καὶ
2636 4924 2749 4989 πῶς
2783 4926 3142 4996 καταφιλεῖς;
3188 4927 3430 5001 Ἐλέτχει
3463 4927 3640 4984 τοίνυν
3668 4932 3842 4987 αὑτὸν

2257 5015 2331 5077 ὡς
2368 5015 2560 5068 δόλιον.

2336 5131 2355 5163 ι
2394 5110 2504 5165 Καὶ
2563 5110 2671 5164 ἰδοὺ
2730 5107 2810 5175 εἷς
2841 5112 2948 5166 τῶν
2984 5113 3122 5183 μετά
3164 5114 3363 5185 Ἰησοῦ,
3409 5115 3653 5179 ἐκτείνας
3729 5119 3839 5188 τὴν

2259 5203 2436 5271 χεῖρα,
2472 5202 2760 5255 ἀπέσπασε
2802 5202 2899 5273 τὴν
2962 5203 3239 5273 μάχαιραν
3273 5204 3465 5270 αὐτοῦ,
3519 5206 3617 5259 καί.
3647 5208 3838 5261 πατά-

2260 5292 2353 5357 ξας
2397 5293 2486 5347 τὸν
2536 5292 2719 5346 δοῦλον
2769 5293 2864 5347 τοῦ
2916 5296 3239 5366 ἀρχιερέως,
3295 5297 3517 5365 ἀφεῖλεν
3561 5296 3728 5350 αὑτοῦ
3772 5299 3840 5350 τὸ

2257 5385 2436 5438 ὠτίον.
2485 5384 2618 5437 Τότε
2669 5385 2817 5453 λέγει
2872 5387 3020 5457 αὐτῷ
3072 5389 3101 5440 6
3144 5378 3390 5457 Ἰησοῦς’
3463 5390 3840 5461 Ἀπόστρεψον

2260 5494 2351 5528 σου
2382 5476 2477 5545 τὴν
2509 5476 2785 5547 μάχαιραν
2828 5478 2908 5541 εἰς
2942 5480 3033 5532 τὸν
3060 5480 3226 5533 τόπον
3260 5482 3449 5553 αὐτῆς.
3486 5484 3689 5544 Πάντες
3719 5484 3837 5555 γὰρ

2258 5574 2304 5623 οἱ
2331 5572 2583 5635 λαὸόντες
2616 5572 2913 5643 μάχαιραν,
2951 5576 3007 5627 ὲν
3042 5578 3287 5647 μαχαίρᾳ
3327 5577 3724 5631 ἀποθανοῦνται
3746 5594 3761 5609 ·
3796 5580 3832 5649 ἢ

2258 5663 2432 5726 δοκεῖς
2464 5666 2543 5717 ὅτι
2584 5666 2641 5717 ού
2668 5665 3040 5738 δύναμαιᾶρτι
3070 5672 3443 5739 παρακαλέσαι
3480 5671 3569 5723 τὸν
3607 5672 3837 5741 Πατέρα

2263 5773 2383 5824 μου,
2435 5757 2529 5809 καὶ
2574 5760 2918 5829 παραστήσει
2965 5777 3052 5829 μοι
3082 5761 3297 5825 πλείους
3340 5763 3599 5832 ἢδιῖιδεκα
3629 5764 3837 5830 λεγεῶ-

2264 5865 2357 5910 νας
2384 5848 2634 5916 ἀγγέλων
2664 5866 2676 5916 ;
2710 5850 2831 5913 Πῶς
2864 5851 2955 5904 οὖν
2989 5852 3353 5923 πληρωθῶσιν
3392 5857 3446 5909 αἰ
3478 5848 3715 5925 Γραφαί,
3748 5857 3831 5908 ὅτι
