4010 6422
619 419 725 483 455

1457 412 2043 493 ΤΠΕΟΡῌΥΙΛΟΤΙ
2085 408 2499 473 ΒΗΕΘΑΒΙΕ
2532 408 2887 470 ARCHlEP.

3749 409 3779 470 4
3790 410 3859 471 56

618 539 673 589 et
702 544 811 587 non
838 520 1179 585 invenerunt.
1212 525 1277 579 Et
1300 540 1419 580 cum
1450 526 1602 581 nmiti
1634 525 1755 581 falsi
1795 534 1961 581 testes
1991 538 2165 581 acces-

2282 521 2496 576 πολλῶν
2524 518 2995 593 ψευδομαρτύρων
3023 519 3456 592 προσελθόντων,
3484 520 3583 593 οὐχ
3616 513 3797 593 εὖρον.
3838 542 3857 573 ι

622 622 843 687 sissent,
899 634 1002 675 non
1062 619 1407 673 invenerunt.
1449 636 1469 671 ι
1524 618 1607 673 Ad
1654 617 1915 688 Caipbam
1979 617 2181 672 ducunt

619 712 826 778 Jesum,
870 725 995 765 nam
1020 707 1109 764 ille
1159 718 1279 764 erat
1313 709 1555 779 pontifex
1588 710 1714 765 anni
1769 708 1934 773 illius,
1991 708 2081 764 ubi
2127 715 2184 765 et

620 808 808 877 reliqui
839 803 1253 874 pernoctabant,
1276 816 1380 857 non
1403 800 1750 857 comedentes
1792 811 1922 857 tunc
1945 799 2177 867 Pascha,

618 898 710 954 sed
739 904 1113 965 exspectantes
1169 904 1227 948 ut
1253 893 1565 949 occiderent
1598 892 2181 963 Dominum,pravari-

618 988 881 1043 cabantur
904 987 1092 1057 legem.
1120 985 1383 1041 Dominus
1424 985 1568 1040 enim
1598 985 1718 1057 ipse
1753 984 1993 1056 legitimo
2039 992 2177 1040 tem;

618 1093 748 1147 pore
776 1080 1105 1140 comederat,
1142 1075 1217 1131 illi
1250 1090 1379 1132 vero
1403 1082 1755 1132 contemnunt
1781 1074 1977 1147 legem,
2018 1073 2179 1131 modo

615 1170 867 1225 occidant
895 1170 1191 1224 Christum.

687 1345 853 1401 Vens.
884 1346 1076 1400 61-63.
1116 1364 1133 1397 ε
1169 1344 1469 1401 Novissime
1515 1353 1697 1401 autem
1750 1350 2017 1400 venerunt
2070 1343 2176 1400 duo

617 1439 739 1492 falsi
808 1448 991 1505 testes,
1043 1437 1437 1492 et-dixerunt:
1478 1434 1578 1491 llic
1636 1435 1793 1501 dixit,
1821 1434 2177 1491 Possum.de—

618 1538 828 1581 struere
863 1525 1124 1595 templum
1162 1523 1277 1590 Dei,
1329 1528 1467 1579 etin
1500 1524 1680 1579 triduo
1720 1524 1988 1580 aediﬁcare
2020 1523 2171 1580 illud.

615 1615 682 1671 Et
730 1631 954 1684 surgens
1014 1618 1265 1686 princeps
1308 1618 1648 1671 sacerdotum
1692 1616 1829 1671 dixit
1876 1617 1951 1672 illi
1982 1634 1997 1672 :
2026 1616 2174 1674 Nihil

615 1706 945 1776 respondes?
999 1722 1097 1761 cur
1143 1706 1232 1761 isti
1270 1710 1553 1762 adversum
1599 1716 1650 1762 te
1691 1708 2058 1772 testimonium
2088 1710 2173 1766 di-

617 1800 782 1852 cunt?
809 1795 967 1853 Jesus
993 1809 1169 1852 autem
1198 1798 1431 1854 tacebat.
1453 1796 1522 1853 Et
1554 1799 1887 1867 respondens
1918 1800 2172 1882 princeps

2284 610 2380 673 Εἰς
2410 609 2500 663 τὸν
2525 610 2784 679 Καϊάφαν
2820 609 3096 678 ἀπάγουσι
3130 610 3223 663 τὸν
3260 608 3484 681 Ἰησοῦν·
3518 611 3724 675 ἐκεῖνος
3752 611 3865 682 γάρ

2279 694 2350 771 ἦν
2400 701 2692 772 ἀρχιερεὺς
2742 699 2838 755 τοῦ
2890 699 3141 755 ένιαυτοῦ
3188 702 3435 757 ἐκείνουο
3488 701 3620 757 ἔνθα
3658 704 3754 758 καὶ
3810 703 3865 757 οι

2279 790 2460 845 λοιποὶ
2486 791 2923 864 διενυκτέρευον,
2978 791 3054 863 μὴ
3084 782 3496 862 φαγόντεςτότε
3539 793 3601 848 τὸ
3639 794 3863 871 Πάσχα,

2278 882 2398 938 ἀλλ’
2450 884 2868 953 ἀναμείναντες,
2924 884 3013 938 ἴνα
3063 884 3429 939 ἀποκτείνωσι
3478 885 3572 940 τὸν
3624 885 3859 957 Κύριον,

2280 977 2378 1029 καὶ
2404 974 2755 1046 παραϐάντες
2795 974 2887 1029 τὸν
2916 975 3115 1046 νόμον
3144 976 3173 1029 6
3200 975 3299 1044 μὶν
3328 976 3438 1047 γὰρ
3469 977 3674 1048 Κύριος
3712 976 3861 1031 κατά

2283 1062 2377 1119 τὸν
2425 1066 2812 1136 νενομισμένον
2866 1063 3060 1137 καιρὸν
3114 1065 3345 1135 έφαγεν,
3400 1066 3601 1122 εκεινοι
3634 1066 3714 1134 δὲ,
3766 1066 3859 1123 ενα

2282 1153 2447 1225 μόνον
2473 1155 2839 1211 ἀποκτείνωσι
2876 1156 2970 1213 τὸν
3026 1155 3258 1229 Κύριον,
3312 1157 3714 1231 καταφρονοῦσι
3754 1160 3855 1214 καὶ

2277 1246 2375 1301 τοῦ
2406 1246 2593 1318 νόμου.

2354 1358 2374 1393 ε
2407 1339 2675 1411 Ὕστερον
2702 1341 2761 1395 δὲ
2820 1342 3210 1413 προσελθόντες
3252 1342 3347 1398 δύο
3383 1342 3857 1416 ψευδομάρτυρες,

2276 1425 2430 1485 εἶπον
2462 1446 2477 1463 ⁸
2520 1424 2689 1497 Οὗτος
2716 1431 2843 1504 ἔφη·
2872 1432 3119 1504 Δύναμαι
3151 1434 3451 1489 καταλῦσαι
3475 1436 3566 1489 τὸν
3598 1436 3720 1491 ναὸν
3756 1435 3857 1489 τοῦ

2275 1518 2435 1588 Θεοῦ,
2487 1521 2582 1576 καὶ
2634 1522 2721 1577 διά
2751 1522 2919 1594 τριῶν
2963 1520 3191 1595 ἡμερῶν
3245 1524 3601 1597 οίκοδομῆσαι
3659 1526 3851 1582 αὐτόν.

2274 1613 2386 1668 Καὶ
2413 1614 2650 1679 ἀναστάς
2679 1616 2737 1670 6-
2760 1617 3052 1687 ἀρχιερεὺς
3084 1612 3240 1671 εἶπεν
3271 1616 3420 1689 αὐτῷ
3442 1633 3457 1647 ο
3491 1618 3658 1672 Οὐδὲν
3702 1619 3848 1673 ἀπο-

2273 1702 2464 1774 κρίνιω
2499 1703 2552 1756 τί
2577 1697 2725 1758 οῦτοι
2753 1722 2847 1759 σου
2876 1706 3393 1779 καταμαρτυροῦσιν
3418 1725 3434 1776 ;
3471 1708 3529 1762 ὀ
3551 1708 3609 1762 δὲ
3642 1707 3855 1780 Ἰησοῦς

2271 1792 2506 1848 ισιῶπα.
2533 1794 2646 1851 Καὶ
2684 1796 3004 1868 ἀποκριθεὶς
3051 1799 3080 1851 6
3122 1794 3434 1871 ἀρχιερεὺς,
3462 1793 3617 1853 εἶπεν
3665 1801 3851 1873 αὐτῷ’

616 1887 954 1941 sacerdotum
980 1888 1056 1941 ait
1082 1887 1154 1942 illi
1186 1904 1199 1941 :
1226 1887 1428 1957 Adiuro
1456 1896 1509 1943 te
1545 1903 1641 1958 per
1680 1889 1846 1946 Deum
1877 1892 2080 1959 vivum,
2113 1903 2165 1949 ul

2288 1884 2585 1957 Ἐξορκίζω
2632 1903 2690 1941 σε
2720 1887 2862 1942 κατὰ
2897 1888 2992 1942 τοῦ
3038 1888 3177 1943 Θεοῦ
3214 1890 3308 1944 τοῦ
3349 1890 3573 1961 ζῶντος,
3602 1891 3687 1946 ἵνα
3712 1893 3853 1964 ἡμῖν

614 1979 764 2034 dicas
792 1979 945 2035 nobis
975 1994 1040 2033 an
1064 1979 1140 2035 sis
1178 1978 1425 2035 Christus
1455 1978 1625 2035 Filius
1652 1981 1770 2037 Dei.
1813 1981 1955 2038 Dicit
1981 1983 2056 2039 illi
2087 1982 2175 2041 Je-

616 2083 743 2124 sus:
765 2068 844 2123 Tu
864 2070 1068 2126 dixisti.
1097 2089 1118 2124 ι
1144 2069 1280 2124 Vere
1302 2070 1375 2124 illi
1395 2070 1684 2127 erantfaisi
1706 2080 1891 2129 testes.
1922 2072 2175 2132 Christus

616 2160 763 2213 enim
791 2173 899 2214 non
920 2158 1149 2225 dixerat,
1172 2158 1396 2214 Possum
1412 2160 1706 2229 destruere,
1728 2159 1843 2228 sed,
1869 2162 2062 2220 solvite
2085 2164 2128 2197 ⁸⁸
2156 2179 2172 2219 :

612 2261 668 2307 et
701 2265 806 2306 non
850 2251 986 2306 dixit
1028 2252 1281 2321 templum
1310 2251 1425 2316 Dei,
1451 2254 1546 2309 sed
1580 2256 1837 2325 templum
1857 2256 1979 2321 hoc,
2002 2256 2055 2312 id
2090 2265 2176 2313 est

614 2360 812 2414 corpus
840 2360 1040 2399 meum.
1076 2344 1141 2399 Et
1170 2344 1363 2399 iterum
1393 2360 1498 2401 non
1530 2346 1690 2410 dixit,
1723 2344 2050 2415 Addiiicabo,
2080 2348 2174 2405 sed

613 2435 864 2492 excitabo
896 2453 910 2491 :
962 2436 1325 2505 erantqueiiii
1363 2436 1649 2493 manifeste
1681 2438 1801 2495 falsi
1838 2448 2028 2506 testes,
2082 2441 2175 2512 qui

612 2525 865 2581 dicebant
892 2520 1169 2580 Christum
1205 2526 1307 2579 alia
1337 2527 1539 2583 dixisse
1580 2542 1741 2598 quam
1769 2529 2000 2586 dixerat.
2019 2530 2177 2589 Jesus

613 2617 775 2688 igitur
805 2630 927 2673 cum
979 2617 1143 2671 sciret
1177 2615 1436 2685 judicium
1479 2631 1665 2672 eorum
1709 2618 1992 2689 injustam,
2024 2630 2172 2678 tace-

611 2706 705 2763 bat
735 2723 749 2763 :
783 2707 978 2778 quibus
1028 2707 1173 2762 enim
1219 2707 1369 2777 signa
1422 2708 1557 2762 nihil
1592 2720 1997 2777 persuaserant,
2031 2727 2169 2779 quo-

611 2798 771 2853 modo
792 2798 1188 2875 persuasissent
1204 2799 1497 2868 responsa?
1511 2799 1681 2855 Porro
1695 2800 1934 2871 pontifex
1950 2804 2175 2873 cupiens

610 2888 760 2944 illum
804 2888 1173 2958 blasphemum
1212 2892 1512 2955 declarare,
1548 2902 1720 2963 rogat,
1758 2903 1817 2947 ut
1872 2895 1917 2949 si
1944 2895 2169 2963 dixerit,

608 2977 721 3049 Ego
750 2994 867 3034 sum
908 2977 1077 3035 Filius
1118 2979 1232 3046 Dei,
1258 2991 1511 3052 tanquam
1541 2982 1892 3054 blasphemus
1914 2988 2174 3043 condem-

608 3081 787 3127 netur.
830 3069 887 3127 Si
922 3082 1101 3127 autem
1132 3074 1441 3152 negaverit,
1475 3076 1795 3135 testificatus
1850 3080 1923 3135 sit
1975 3091 2166 3137 contra

492 3168 508 3203 κ
609 3164 973 3235 semetipsum.
994 3165 1064 3220 At
1102 3166 1382 3235 Dominus,
1404 3167 1496 3238 qui
1513 3170 1925 3238 comprehendit
1954 3173 2171 3243 sapien-

2277 1976 2458 2049 εἴπῃς,
2487 1979 2537 2032 εί
2582 1978 2645 2034 σὺ
2676 1977 2727 2035 εί
2754 1982 2783 2035 6
2835 1981 3070 2051 Χριστὸς
3112 1983 3141 2035 6
3193 1978 3322 2047 Υἱὸς
3346 1983 3441 2038 τοῦ
3484 1984 3643 2040 Θεοῦ.
3676 1986 3853 2057 Λέγει

2275 2067 2426 2138 αὐτῷ
2454 2070 2483 2123 6
2523 2069 2763 2141 Ἰησοῦς·
2805 2072 2879 2125 Σὺ
2911 2068 3092 2137 εἴπας.
3131 2092 3149 2125 ι
3177 2074 3641 2149 Ψευδομάρτυρες
3673 2078 3851 2143 ὅντως

2273 2150 2413 2227 ἦσαν
2444 2151 2589 2213 οὗτοι
2615 2174 2629 2191 '
2660 2162 2688 2214 6
2735 2160 2845 2231 γάρ
2876 2162 3109 2232 Χριστὸς
3139 2165 3239 2219 οὐκ
3271 2163 3445 2233 εἶπεν,
3484 2170 3568 2223 ὅτι
3599 2168 3852 2242 Δύναμαι

2274 2248 2601 2318 καταλῦσαι,
2620 2251 2776 2317 ἀλλὰ,
2796 2252 3032 2309 Λύσατε.
3060 2256 3170 2310 Καὶ
3199 2257 3298 2311 οὐκ
3328 2253 3470 2326 εἶπε,
3490 2260 3583 2314 τὸν
3602 2262 3729 2316 ναδν
3748 2262 3851 2317 τοῦ

2274 2338 2430 2407 Θεοῦ,
2454 2341 2611 2411 ἀλλά,
2662 2342 2754 2399 τὸν
2786 2344 2913 2400 ναὸν
2940 2345 3152 2415 τοῦτον,
3181 2350 3427 2405 τουτέστι
3448 2350 3508 2405 τὸ
3530 2351 3692 2423 σῶμά
3718 2370 3849 2424 μουο

2275 2432 2371 2487 καὶ
2399 2433 2564 2488 πάλιν
2619 2434 2723 2489 οὐκ
2776 2434 2965 2492 εἶπεν·
3002 2438 3383 2510 Οἰκοδομήσω,
3435 2442 3572 2511 ἀλλ’,
3612 2441 3852 2515 Ἐγερῶφ

2278 2522 2420 2577 ὥστε
2466 2526 2719 2598 φανερῶς
2748 2528 3189 2601 ψευδομάρτυρες
3220 2527 3388 2599 οὗτοι,
3424 2533 3564 2590 ἀλλα
3616 2536 3851 2592 εἰπόντα

2274 2613 2366 2670 τδν
2395 2615 2653 2688 Χριστὸν,
2682 2618 2819 2674 ἄλλα
2847 2619 3098 2690 λέγοντες
3130 2623 3327 2679 εἰπεῖν.
3384 2624 3446 2679 '0
3504 2624 3599 2681 οῦν
3640 2624 3856 2699 Ἰησοῦς

2275 2710 2596 2780 παράνομον
2622 2709 2779 2775 εἰδὼς
2811 2711 2873 2766 τὸ
2898 2713 3187 2786 κριτήριον
3232 2714 3436 2784 αὐτῶν,
3465 2718 3713 2775 έσιώπα.⁸
3747 2718 3854 2785 οὓς

2271 2799 2381 2871 γάηρ
2431 2803 2633 2871 σημεῖα
2658 2802 2761 2857 οὐκ
2787 2802 3027 2872 ἔπειθον,
3074 2804 3194 2871 πῶς
3247 2807 3314 2862 ἂν
3362 2808 3651 2880 ἀπολογίαι
3690 2810 3853 2866 lut-

2275 2907 2407 2959 σαν;
2451 2893 2515 2946 '0
2542 2891 2600 2947 δι
2652 2894 2965 2968 ἀρχιερεὺς,
3002 2895 3330 2967 βουλόμενος
3378 2899 3536 2971 ῥίψαι
3564 2902 3727 2956 αὐτὸν
3761 2903 3853 2970 εις

2273 2983 2641 3056 βλασφημίαν,
2705 2988 2921 3059 ἐρωτᾷ·
2980 2989 3066 3043 ἵνα
3097 2990 3195 3047 ἰὰν
3230 2992 3329 3062 μὶν
3383 2993 3534 3066 εἴπῃ,
3568 2995 3653 3050 ὅτι
3701 2996 3855 3067 Ἐγώ

2271 3077 2387 3147 ειμι
2419 3078 2449 3131 6
2495 3077 2622 3142 Υἱὸς
2656 3078 2751 3133 τοῦ
2795 3077 2953 3145 Θεοῦ,
3005 3080 3081 3145 ὡς
3114 3082 3444 3157 ,βλάσφημος
3501 3088 3849 3161 κατακριθῇ,

2271 3168 2365 3223 sar
2414 3167 2473 3223 δὲ
2526 3169 2855 3241 άρνήσηται,
2888 3172 2988 3245 έχῃ
3020 3174 3181 3228 αὑτὸν
3213 3176 3338 3231 καθ’
3372 3177 3568 3232 ἑαυτοῦ
3625 3196 3852 3252 μαρτυ-

608 3261 694 3308 tes
721 3252 775 3307 in
806 3255 1041 3308 versutia
1079 3268 1201 3321 sua,
1233 3257 1509 3326 respondit
1543 3274 1557 3312 :
1594 3256 1676 3313 Tu
1706 3258 1912 3325 dixisti,
1933 3259 2038 3317 hoc
2062 3270 2165 3332 est,

2272 3261 2538 3332 ρήσαντα.
2582 3261 2765 3315 ’Δλκό
2787 3263 2994 3334 Κύριος
3020 3265 3049 3317 6
3076 3264 3445 3338 δρασσόμενος
3477 3270 3601 3334 τοὺς
3642 3270 3853 3341 σοφοὺς

605 3351 758 3401 suum
796 3358 858 3402 os
884 3344 1189 3403 confessum
1217 3355 1302 3404 est
1341 3348 1483 3417 quod
1520 3363 1620 3421 ego
1642 3364 1761 3406 sum
1784 3350 1955 3410 Filius
1975 3351 2093 3411 Del.

674 3634 845 3693 Vsus.
892 3636 981 3692 οι.
1039 3654 1061 3690 ε
1127 3636 1508 3695 Verumtamen
1572 3638 1694 3695 dico
1740 3641 1921 3712 vobis,
1968 3642 2167 3699 amodo

601 3725 855 3782 videbitis
884 3724 1080 3782 Filium
1116 3729 1351 3785 hominis
1377 3732 1657 3787 sedentem
1688 3746 1719 3785 a
1764 3732 1974 3788 dextris
1998 3732 2167 3788 virtu-

604 3819 693 3885 tis,
726 3826 783 3874 ct
819 3819 1125 3875 venientem
1174 3819 1229 3875 in
1272 3821 1516 3879 nubibus
1568 3824 1711 3880 cmli.
1761 3842 1781 3876 ι
1836 3824 1914 3880 Ex
1945 3824 2166 3881 Daniele

601 3908 859 3977 propheta
886 3908 971 3963 bis
1004 3908 1263 3980 loquitur‘.
1300 3910 1394 3966 ille
1426 3912 1571 3968 enim
1623 3914 1795 3983 inquit
1825 3931 1839 3969 :
1896 3911 2159 3971 Videbam

600 3998 741 4053 sicut
774 3998 969 4054 Filium
997 4001 1234 4058 hominis
1283 4004 1587 4060 venientem
1621 4006 1672 4061 in
1709 4006 1966 4063 nubibus.
2018 4007 2154 4063 Nam

597 4089 725 4151 quia
748 4091 1005 4159 putabant
1027 4091 1375 4162 impostorem
1420 4110 1563 4163 esse,
1592 4112 1659 4153 eo
1683 4099 1827 4169 quod
1874 4099 1928 4154 in
1968 4098 2159 4157 humili

595 4181 793 4237 vestitu
844 4182 1165 4255 apparebat,
1198 4183 1480 4251 Videbitis,
1509 4188 1705 4257 inquit,
1742 4204 1831 4244 me
1875 4200 2003 4245 tunc
2030 4206 2159 4246 cum

596 4275 798 4329 virtute
827 4274 1154 4343 venientem,
1211 4287 1265 4332 et
1306 4278 1631 4334 assidentem
1676 4277 1845 4336 Patri.
1886 4278 2154 4337 Virtutem

596 4364 738 4417 enim
770 4364 858 4418 hic
886 4362 1063 4421 Patris
1090 4363 1259 4422 dicit:
1293 4375 1348 4423 et
1390 4382 1497 4423 non
1551 4382 1584 4423 a
1617 4377 1782 4437 terra,
1836 4370 1931 4426 sed
1956 4384 1987 4426 a
2020 4370 2157 4427 cmio

596 4454 923 4511 venientem.

668 4634 833 4690 Vens.
865 4635 955 4701 65,
984 4635 1076 4693 66.
1109 4654 1129 4689 ι
1170 4632 1323 4691 Tunc
1344 4636 1595 4708 princeps
1614 4641 2150 4701 sacerdowmdisci-

594 4724 674 4777 dit
700 4728 1021 4781 vestimenta
1076 4742 1195 4792 sua,
1250 4726 1438 4781 dicens
1474 4745 1489 4781 :
1526 4727 1942 4801 ,Biasphemavit
1971 4747 1986 4787 :
2019 4735 2148 4804 quid

590 4814 813 4887 insuper
847 4830 1068 4885 egemus
1101 4817 1366 4872 testibus?
1408 4817 1548 4874 Ecce
1574 4836 1717 4876 nunc
1742 4824 1967 4878 audistis
1994 4823 2153 4881 blas-

590 4906 858 4972 phemiam
894 4905 1008 4973 ejus
1040 4923 1054 4961 :
1081 4908 1210 4975 quid
1249 4909 1421 4972 vobis
1452 4910 1783 4966 videturiAI
1819 4914 1892 4968 illi
1929 4930 2153 4985 respon-

594 4995 785 5050 dentes
808 4997 1097 5051 dixerunt:
1126 4995 1271 5053 Reus
1282 5008 1365 5052 est
1382 5000 1589 5054 mortis.
1621 5018 1640 5052 ι
1660 5000 1776 5057 llos
1796 5015 1913 5059 erat
1928 5004 2147 5076 ludatis,

590 5085 805 5152 quando
859 5088 986 5163 quid
1039 5088 1382 5145 isstoienbiie
1438 5091 1737 5156 accidebat,
1812 5096 2151 5168 disrumpere

590 5186 801 5250 vestem.
849 5177 943 5232 Sic
999 5187 1052 5233 et
1109 5178 1379 5250 Caipbas,
1434 5184 1587 5252 quasi
1657 5176 1997 5245 manifestius
2058 5189 2146 5246 ille

589 5266 941 5335 blasphemus
974 5279 1142 5333 esset,
1194 5270 1518 5340 deceptum
1544 5275 1801 5344 populum
1843 5278 1948 5333 hoc
1978 5278 2149 5335 iacie-

586 5357 703 5423 bat,
724 5358 881 5427 quasi
938 5360 1039 5414 hac
1088 5364 1299 5416 ratione
1350 5377 1549 5432 cogens
1591 5366 1729 5422 alios
1777 5365 1934 5440 ιω
1965 5370 2149 5427 dicere

589 5449 734 5503 hunc
761 5464 912 5503 reum
937 5464 1058 5505 esse
1101 5454 1315 5509 mortis.
1358 5454 1739 5512 Verumtamen
1767 5461 1981 5526 discite,
2002 5466 2147 5531 quod

581 5542 812 5612 Caiphae
836 5544 987 5612 rupit
1023 5548 1342 5602 vestimenta
1373 5564 1493 5615 sua,
1534 5551 1900 5608 sacerdotium
1941 5556 2141 5613 veteris

581 5631 717 5704 legis
742 5649 864 5691 esse
894 5636 1197 5707 disruptum
1227 5650 1278 5694 et
1304 5639 1543 5696 ablatqu
1568 5640 1895 5712 signiﬁcare.

646 5810 696 5845 ⁸⁸
728 5797 890 5869 'Jean.
921 5828 985 5880 ll,
1028 5815 1115 5873 l9.

2268 3352 2330 3406 έν
2374 3354 2440 3424 τῇ
2494 3354 2805 3427 πανουργίᾳ
2844 3354 3047 3422 αὐτῶν,
3103 3358 3495 3430 ἀποκρίνεταιο
3533 3361 3606 3416 Σὺ
3658 3358 3851 3430 εἶπας,

2268 3442 2391 3497 άντὶ
2422 3443 2539 3509 τοῦ,
2576 3444 2652 3498 T6
2683 3445 2775 3499 σὺν
2810 3445 3131 3520 ὡμολόγησε
3165 3450 3363 3521 στόμα,
3406 3451 3488 3506 δτι
3529 3452 3639 3522 έγώ
3664 3455 3786 3526 είμι
3820 3457 3855 3510 6

2267 3534 2397 3599 Υἱὸς
2438 3535 2534 3590 τοῦ
2568 3536 2728 3594 Θεοῦ.
3080 3540 3086 3546 ’

2336 3644 2355 3679 ι
2388 3627 2535 3698 Πλὴν
2576 3626 2720 3697 λέγω
2761 3629 2916 3700 ὑμίν,
2969 3630 3068 3686 ἀπ’
3127 3632 3251 3703 ἄρτι
3317 3633 3513 3704 ὄψεσθε
3567 3638 3660 3692 τὸν
3713 3639 3854 3697 Υίδν

2264 3716 2360 3771 τοῦ
2421 3717 2711 3790 ἀνθρώπου
2777 3722 3089 3793 καθήμενον
3153 3724 3218 3777 εκ
3260 3724 3453 3792 δεξιῶν
3521 3730 3622 3801 τῆς
3678 3730 3853 3789 δυνά·

2268 3823 2434 3877 μεως,
2492 3809 2587 3862 καὶ
2645 3810 2937 3883 ἐρχόμενον
2979 3814 3073 3867 ἐπὶ
3125 3814 3237 3871 τῶν
3298 3816 3538 3887 νεφελῶν
3594 3822 3688 3875 τοῦ
3753 3826 3855 3879 οὑ-

2265 3899 2455 3971 ρανοῦ.
2511 3921 2531 3955 s
2570 3903 2667 3957 Ἐκ
2707 3905 2808 3974 τῆς
2866 3904 2959 3959 τοῦ
3010 3907 3208 3977 Δανιὴλ
3268 3912 3605 3981 προφητείας
3655 3915 3855 3983 αὐτοῖς

2262 3992 2589 4064 διαλέγεται.
2636 3995 2875 4061 Ἐκεῖνος
2902 3998 3013 4068 γάρ
3049 4016 3237 4072 φησιν,
3278 4002 3360 4055 ὅτι
3400 4000 3557 4058 Εἰδον
3586 4005 3665 4071 ῶς
3714 4008 3853 4065 Υίδν

2263 4084 2551 4156 ἀνθρώπου
2598 4087 2893 4158 ἐρχόμενον
2921 4089 3014 4143 έπὶ
3066 4091 3174 4146 τῶν
3222 4093 3486 4163 νεφελῶν.
3529 4095 3685 4176 Ἐπεὶ
3734 4103 3855 4174 γάρ

2265 4176 2514 4247 ἐνόμιζον
2529 4177 2691 4232 αὑτὸν
2728 4179 2933 4234 πλάνον
2964 4176 3125 4247 εἶναι,
3152 4184 3211 4237 εν
3242 4185 3483 4256 ταπεινῷ
3509 4189 3850 4259 φαινόμενον

2266 4269 2526 4339 σχήματι,
2549 4271 2733 4340 φησιν,
2756 4271 2841 4325 ὅτι
2877 4272 3121 4342 Ὀψεσθέ
3151 4289 3221 4346 με
3245 4276 3367 4330 τότε
3390 4277 3530 4347 μετὰ
3556 4279 3850 4354 δυνάμεως

2262 4360 2576 4431 ἐρχόμενον,
2621 4362 2719 4417 καὶ
2757 4365 3172 4435 συγκαθήμενον
3209 4366 3290 4438 τῷ
3334 4370 3550 4441 Πατρίο
3596 4371 3847 4447 δύναμιν

2262 4450 2372 4523 γὰρ
2402 4451 2636 4505 ἐνταῦθα
2677 4453 2778 4523 τὴν
2834 4453 2927 4508 τοῦ
2966 4454 3179 4527 Πατρδς
3214 4457 3401 4529 λέγει·
3454 4463 3545 4516 καὶ
3572 4464 3675 4519 οὐκ
3728 4468 3849 4523 ἀπὸ

2260 4538 2385 4610 γῆς,
2454 4540 2573 4595 ἀλλ’
2627 4542 2723 4596 ἀπ’
2754 4542 2983 4611 ούρανοῦ
3022 4546 3338 4618 ἐρχόμενον.

2329 4649 2348 4683 ε
2361 4630 2493 4683 Τότε
2509 4633 2538 4685 6
2559 4631 2852 4704 ἀρχιερεὺς
2868 4632 3120 4705 διέρρηξε
3149 4637 3217 4691 τὰ
3239 4638 3431 4709 ἱμάτια
3447 4642 3846 4717 αὑτοῦ,’“ι.έγων

2256 4722 2337 4777 δτι
2369 4724 2821 4795 Ἐϐλασφήμησε,
2855 4726 2909 4780 τί
2932 4727 3018 4779 {rt
3041 4729 3229 4798 χρείαν
3259 4730 3455 4802 ἔχομεν
3496 4737 3841 4810 μαρτύρωνς

2255 4810 2335 4865 ῐδε
2381 4811 2477 4865 νῦν
2529 4812 2797 4900 ἠκούσατε
2830 4814 2930 4885 τὴν
2993 4814 3343 4890 βλασφημίαν
3375 4823 3540 4894 αὐτοῦ
3565 4841 3579 4856 ·
3616 4827 3671 4881 τί
3702 4830 3842 4900 ὑμῖν

2250 4902 2429 4969 δοκεῇ
2474 4904 2537 4958 Οί
2582 4904 2639 4958 δὲ
2690 4888 3085 4976 ἆποκριθέντες
3123 4888 3299 4963 εἷπονθ
3333 4888 3555 4985 Ἔνοχος
3596 4888 3837 4978 θανάτου

2251 4993 2399 5048 ἐστίν
2417 5011 2431 5027 ο
2466 4994 2660 5060 »Ἔθος
2676 4993 2744 5070 ἦν
2771 5001 2883 5062 τοῖς
2900 4998 3345 5069 Ἰουδαίοις,ὅταν
3365 5021 3418 5058 τι
3449 5006 3843 5082 ἀκαρτέρητον

2255 5086 2492 5154 ιπέλθοι,
2529 5088 2890 5160 διαρῤήσσειν
2913 5092 3038 5154 τοὺς
3081 5095 3318 5163 χιτῶνας
3338 5115 3355 5131 ο
3385 5096 3563 5165 οὕτως
3581 5097 3676 5157 οὖν
3693 5110 3791 5160 καὶ
3808 5112 3841 5163 6

2253 5178 2530 5249 Καϊάφας,
2558 5181 2632 5243 ῶς
2666 5181 2758 5234 ἐπὶ
2787 5180 3107 5256 βλασφημίᾳ
3145 5185 3281 5259 δήλη
3309 5190 3445 5260 πρὸς
3478 5191 3699 5263 ἀπάτην
3733 5198 3837 5254 τοῦ

2252 5269 2408 5339 δχλου
2446 5272 2605 5326 τοῦτο
2626 5274 2906 5346 ἐποίησεν,
2954 5277 3045 5330 ῐνα
3072 5277 3224 5351 δείξῃ
3253 5281 3436 5347 αὐτοῖς
3458 5284 3541 5338 ὅτι
3572 5288 3838 5357 μεγάλως

2253 5362 2674 5435 ὲδλασφήμησεν
2696 5406 2713 5432 ,
2754 5363 2854 5421 εἶθ’
2881 5369 3055 5433 οὕτως
3083 5371 3373 5448 ἀναγκάσῃ
3394 5376 3591 5441 αὐτοὺς
3625 5379 3832 5447 είπεῑν,

2253 5454 2334 5507 ὃτι
2370 5455 2550 5527 ἔνοχος
2577 5448 2811 5514 θανάτου
2846 5457 2983 5518 ἔστί.
3008 5464 3154 5535 Πλὴν
3186 5470 3495 5539 κατάμαθε,
3528 5472 3612 5526 ὃτι
3651 5474 3713 5529 τδ
3732 5477 3834 5532 τὸν

2254 5546 2509 5617 Καϊάφαν
2544 5550 2831 5625 διαρρῆξαι
2865 5556 2935 5610 τὰ
2960 5557 3179 5627 ἱμάτια,
3214 5560 3485 5633 σύμϐολον
3509 5560 3577 5635 ἦν
3599 5568 3695 5623 τοῦ
3729 5570 3834 5643 τὴν

2251 5638 2663 5713 ἀρχιερωσύνην
2693 5646 2793 5717 τῆς
2827 5650 3061 5713 παλαιᾶς
3088 5649 3478 5724 διαρραγῆναι.
