4010 6420
154 330 242 396 ίξῆ
696 328 1145 390 ENARRATIO
1185 328 1265 389 IN
1304 327 1814 389 EVANGELIUM
1856 325 2252 386 MATTHEI.
2297 348 2366 358 ·-
2398 323 2557 383 CAP.
2598 322 2842 383 XXVII.

3326 324 3432 390 ιω

219 464 237 496 ι
276 443 417 495 Τότε
477 442 787 496 ὲνίπτυσαν
834 442 914 504 εἰς
966 442 1027 494 τὸ
1073 442 1363 512 πρόσωπον
1398 440 1599 501 αὐτοῦ,
1648 440 1740 492 καὶ

1922 437 2083 493 Vens.
2120 436 2210 498 67,
2249 435 2336 491 68.
2373 456 2389 487 ‹
2431 434 2583 490 Tuuc
2620 439 2923 504 expuerunt
2984 432 3035 485 in
3073 430 3265 487 faciem
3292 432 3432 503 ejus,

152 536 477 605 ίκολὰφισαν
512 533 697 586 αὐτόν.
728 534 791 587 Oi
822 533 877 587 δὲ
908 534 1235 603 ὲρῤάπισαν,
1270 533 1521 600 λεγοντες
1542 549 1556 563 ·
1593 534 1637 585 ll
1647 549 1733 601 ρο-

154 630 408 695 φήτευσον
456 625 627 693 ἡμῖν,
658 623 905 695 Χριστὲ,
950 624 1034 685 τίς
1081 626 1228 675 ἐστιν
1267 624 1295 674 6
1328 623 1528 683 παίσας
1574 638 1667 683 σεε
1709 638 1727 672 s

155 720 269 769 Ὀτε
310 713 656 785 κατεκρίθη,
695 716 818 766 τότε
850 713 1183 777 ἐνεδείξαντο
1214 714 1295 776 είς
1338 698 1500 773 αὑτὸν
1528 712 1596 765 τὰ
1640 713 1737 764 επ-

154 809 430 874 ονείδιστα,
478 808 575 861 καὶ⁵
612 805 899 871 ἐνέπαιζον
947 805 1115 876 αὐτῷ,
1170 790 1620 877 περιϐάλλοντες,
1659 805 1734 867 ὡς

153 902 329 969 ἕτερος
375 898 781 969 εὐαγγελιστής
838 914 1035 967 φησιν,
1077 898 1277 968 ίματίῳ
1329 897 1389 950 τὸ
1440 898 1736 968 πρόσωπον

150 987 300 1041 αὑτοῦ
328 1004 341 1016 ·
366 988 499 1041 ὲπεὶ
521 987 633 1057 γὰρ
661 988 737 1051 ὡς
768 988 1055 1059 προφήτην
1080 988 1243 1041 αὐτὸν
1271 984 1437 1056 εἶχον,
1463 987 1551 1042 διὰ
1577 987 1736 1039 τοῦτο

151 1079 503 1148 ἐμπαίζουσιν
538 1080 713 1143 οὕτως
752 1080 935 1152 αὐτῷιξ
968 1081 1281 1150 κολαφίζειν
1308 1080 1364 1136 δέ
1407 1081 1617 1133 ὲστι·τὸ
1651 1080 1736 1132 διὰ

154 1172 245 1224 τῶν
273 1173 484 1243 χειρῶν
523 1173 814 1242 πλήττειν,
854 1174 1368 1243 συγκαμπτομένων
1395 1174 1503 1226 τῶν
1540 1173 1738 1226 δακτύ-

151 1268 276 1333 λων,
322 1269 423 1319 καὶ
474 1266 561 1319 ίνα
602 1267 967 1338 ἀφελέστερον
1011 1266 1187 1332 εἴπω,
1233 1267 1321 1320 διὰ
1364 1265 1458 1320 τοῦ
1504 1266 1734 1337 γρόνθου

151 1357 493 1421 κονδυλίζειν.

218 1466 236 1499 ι
282 1450 341 1502 Ὀ
360 1451 419 1503 δὲ
452 1450 662 1521 Πέτρος
688 1449 793 1516 ἔξω
818 1450 1055 1520 ἐκάθητο
1081 1454 1139 1505 ὲν
1165 1454 1231 1522 τῇ
1256 1452 1414 1522 αὐλῇ,
1448 1452 1541 1505 καὶ
1567 1468 1733 1522 προσ⁴

213 1539 297 1592 θεν
354 1538 510 1612 αὺτῷ
555 1542 655 1608 μία
700 1538 983 1612 παιδίσκη,
1042 1540 1309 1608 λέγουσα·
1352 1543 1458 1593 Καὶ
1494 1542 1557 1595 σὺ
1592 1536 1737 1611 ἦσθα

192 1633 284 1686 asa
336 1633 519 1703 Ἰησοῦ
548 1633 640 1687 τοῦ
673 1633 987 1697 Γαλιλαίους
1028 1634 1089 1685 '0
1124 1634 1180 1687 δὲ
1216 1636 1495 1705 ἠρνήσατο
1527 1634 1735 1705 ἔμπρο-

1840 542 1892 585 et
1927 530 2174 600 colap‘.is
2207 542 2336 582 eum
2368 529 2706 583 ceciderunt.
2766 519 2869 579 Alii
2901 530 3083 578 autem
3116 524 3325 595 palmas
3377 527 3434 585 in

1840 623 2032 677 faciem
2066 621 2182 690 ejus
2227 616 2541 687 dederunt,
2576 621 2854 675 dicentes:
2896 617 3210 673 Vaticinare
3253 620 3431 689 nobis,

1838 715 2075 782 Christe,
2115 714 2238 784 quis
2280 725 2363 769 est
2393 714 2486 783 qui
2521 724 2573 768 te
2618 712 2974 783 percussit?»
3018 709 3246 777 Quando
3297 728 3437 771 con-

1840 807 2130 862 demnatus
2165 814 2266 871 est,
2320 815 2445 861 tunc
2485 805 2846 877 ignominiosa
2886 805 3051 857 multa
3078 812 3267 858 contra
3308 820 3433 861 eum

1842 897 2108 962 fecerunt,
2143 908 2199 952 et
2230 898 2525 953 illu‘debant
2555 898 2627 961 ei,
2654 897 2972 967 obtegeutes
3006 904 3154 950 veste
3186 894 3267 967 (ut
3293 897 3434 953 alius

1839 990 2174 1058 evangelista
2206 988 2472 1059 inquit“)
2506 989 2700 1043 faciem
2722 989 2862 1058 ejus.
2900 987 3034 1041 Nam
3068 990 3192 1057 quia
3221 996 3277 1041 ut
3310 1003 3438 1057 pro-

1845 1082 2065 1150 phetam
2098 1097 2222 1135 eum
2255 1081 2549 1147 habebam,
2585 1081 2703 1135 ideo
2740 1082 2811 1135 ita
2843 1079 3138 1135 illudebant
3174 1080 3241 1133 ei.
3276 1078 3438 1133 Cola-

1842 1175 2065 1244 pbizare
2128 1182 2309 1227 autem
2370 1184 2451 1228 est
2506 1172 2758 1227 manibus
2816 1181 3119 1243 percutere,
3182 1182 3235 1227 et
3276 1173 3437 1228 simul

1840 1265 2142 1320 incurvatis
2166 1248 2370 1335 digitis,
2394 1274 2469 1331 et,
2492 1275 2548 1319 ut
2571 1264 2875 1335 simplicius
2895 1266 3070 1321 dicam
3097 1265 3202 1337 (a),
3231 1266 3438 1321 nodoso

1839 1370 2022 1426 pugno
2050 1357 2282 1411 caedere.

1915 1448 2079 1503 Vens.
2116 1448 2306 1503 69-75.
2355 1467 2374 1501 ι
2409 1448 2605 1505 Petrus
2631 1465 2761 1504 vero
2782 1450 3006 1506 sedebat
3032 1448 3162 1505 foris
3188 1450 3239 1504 in
3272 1449 3435 1511 atrio,

1841 1546 1894 1591 et
1927 1539 2243 1593 accessitad
2292 1555 2413 1595 eum
2457 1555 2564 1594 una
2594 1540 2813 1606 ancilla,
2848 1541 3082 1608 dicens:
3125 1539 3190 1595 Et
3218 1547 3272 1595 tu
3313 1555 3439 1594 cum

1840 1628 1966 1683 Jcsu
1999 1628 2223 1685 Galilaeo
2256 1631 2419 1687 eras?
2448 1635 2518 1686 At
2548 1633 2640 1688 ille
2671 1632 2889 1699 negavit
2932 1647 3119 1688 coram
3158 1632 3439 1699 omnibus,

184 1725 268 1780 θεν
298 1727 547 1791 πάντων,
578 1726 754 1795 λέγων
774 1744 787 1759 ο
815 1725 930 1781 Οὐκ
958 1724 1074 1781 οἰδα
1099 1726 1150 1779 τί
1174 1726 1373 1798 λέγεις.
1417 1728 1736 1794 Ἐξελθόντα

1853 1722 2028 1777 dicens
2062 1740 2073 1776 :
2109 1722 2308 1779 Nescio
2351 1724 2479 1795 quid
2518 1723 2691 1780 dicas.
2721 1725 2857 1791 Cum
2905 1724 3337 1797 autemexisset
3386 1718 3440 1779 in

153 1818 202 1869 δὲ
234 1819 399 1871 αὐτὸν
458 1822 541 1883 είς
592 1818 685 1871 τὸν
739 1818 990 1885 πυλῶνα,
1046 1814 1187 1871 εἶδεν
1238 1797 1399 1873 αὑτὸν
1428 1819 1619 1891 ἀλλη,’
1637 1820 1731 1873 καὶ

1853 1814 2193 1882 vestibulum,
2226 1806 2362 1869 vidit
2410 1830 2537 1870 eum
2578 1815 2748 1869 altera
2784 1816 3003 1881 ancilla,
3036 1824 3091 1869 et
3130 1816 3207 1871 ait
3226 1816 3322 1870 bis
3348 1814 3442 1885 qui

153 1910 289 1976 λέγει
321 1912 439 1971 τοῖς
472 1910 608 1961 εκεῖο
657 1909 766 1962 Καὶ
800 1901 952 1972 οὗτος
986 1905 1055 1980 ἦν
1104 1911 1242 1981 μετά
1288 1909 1463 1979 Ἰησοῦ
1497 1909 1588 1963 τοῦ
1619 1911 1732 1964 Να-

154 2003 414 2073 ζωραίου·
456 2002 551 2055 καὶ
579 2000 767 2056 νπάλιν
804 1998 1082 2071 ἠρνήσατο
1117 2002 1235 2071 μεθ’
1283 2002 1470 2071 ὅρκου,
1512 2002 1593 2055 ὅτι
1618 2003 1731 2055 Οὐκ

152 2090 261 2147 οἶδα
301 2095 394 2148 τὸν
437 2094 765 2163 ἄνθρωπον⁸
822 2094 959 2163 μετά
1001 2094 1198 2165 μικρὸν
1241 2094 1295 2146 δὲ
1338 2094 1733 2162 προσελθόντες

150 2188 192 2238 οἱ
240 2188 509 2253 ἑστῶτες,
543 2185 698 2241 εἷπον
750 2186 829 2256 τῷ
870 2186 1060 2259 Πέτρῳ
1086 2204 1097 2217 ’
1154 2185 1393 2255 Ἀληθῶς
1442 2189 1536 2240 καὶ
1570 2189 1633 2241 σὺ
1675 2187 1734 2253 ἐξ

152 2278 319 2333 αὐτῶν
355 2276 410 2333 εἴ
437 2295 452 2309 ο
490 2280 593 2333 καὶ
620 2266 728 2348 γὰρ
761 2280 794 2349 ή
819 2277 977 2331 λαλιά
1005 2294 1097 2330 σου
1126 2276 1285 2349 δῆλόν
1310 2294 1369 2330 σε
1402 2281 1565 2331 ποιεῖ.
1602 2279 1735 2331 Τότε

150 2374 344 2443 ήρξατο
373 2372 912 2447 καταναθεματίζειν
943 2370 1043 2425 καὶ
1073 2370 1321 2439 ὀμνύειν,
1356 2372 1436 2424 ὅτι
1468 2372 1583 2424 Οὐκ
1614 2366 1734 2427 οἴδα

152 2466 235 2519 τὸν
266 2464 581 2536 ἄνθρωπον.
634 2464 745 2518 Καὶ
784 2463 987 2526 εὐθέως
1023 2463 1275 2533 ἀλέκτωρ
1320 2462 1603 2533 ὲφὼνησε·
1642 2466 1737 2518 καὶ

154 2556 388 2627 ίμνήσθη
442 2558 473 2608 6
521 2554 729 2624 Πέτρος
767 2551 861 2605 τοῦ
902 2553 1149 2623 ῥήματος
1204 2550 1418 2620 Ἰησοῦ,
1456 2551 1739 2621 είρηκότος

154 2647 313 2719 αὐτῷ,
352 2649 439 2701 ὅτι
481 2648 619 2715 Πρὶν
662 2644 934 2714 ἀλέκτορα
974 2644 1259 2715 φωνῆσαι,
1287 2644 1408 2714 τρὶς
1443 2643 1736 2716 ἀπαρνήσῃ

160 2755 255 2807 με·
297 2740 394 2791 καὶ
438 2735 674 2803 ἐξελθὼν
713 2734 840 2801 ἔξω,
874 2733 1107 2786 εκλαυσε
1143 2734 1380 2803 πικρῶς.
1429 2753 1447 2785 ι
1489 2734 1741 2805 ιἈπείρῳ

159 2830 297 2902 φόϐῳ
342 2826 787 2896 καταγωνισθεὶς
822 2830 851 2880 6
874 2827 1080 2897 Πέτρος
1102 2866 1114 2886 ,
1146 2826 1441 2879 ἐπελάθετο
1472 2826 1581 2879 τῶν
1611 2828 1742 2878 ὐπο-

160 2925 412 2995 σχέσεων,
450 2922 547 2974 καὶ
581 2923 647 2991 τῇ
676 2920 995 2990 ἀνθρωπίνῃ
1030 2919 1287 2990 ἀσθενείᾳ
1324 2917 1601 2985 δουλεύει,
1632 2913 1742 2971 οἷον

159 3013 542 3086 ἀποτεθνηκὼς
573 3013 651 3085 τῷ
676 3013 847 3083 φόϐῳ,
878 3014 972 3065 καὶ
1009 3013 1146 3083 μηδὲ
1179 3010 1333 3073 εἰδὼς
1362 3011 1391 3064 6
1415 3012 1580 3081 λέγει.
1612 3012 1742 3066 Νόει

161 3106 211 3160 δέ
240 3124 330 3179 μοι
385 3107 482 3160 καὶ
513 3105 659 3159 κατὰ
692 3103 1018 3189 ἀναγωγὴν,
1054 3104 1134 3156 ὅτι
1179 3103 1464 3173 ἐλέγχεται
1498 3104 1603 3156 ὑπὸ
1646 3105 1744 3175 τῆς
1770 3135 1814 3193 c

164 3201 448 3275 παιδίσκης
500 3200 529 3252 6
588 3198 827 3268 Πέτρος,
888 3188 1174 3263 τουτέστι,
1236 3200 1336 3269 τῆς
1393 3198 1743 3268 ἀνθρωπίνης

164 3292 476 3358 ἀσθενείας,
508 3291 610 3361 τῆς
648 3292 851 3361 μικρᾶς
886 3292 980 3343 καὶ
1017 3290 1458 3361 δουλοπρεποῦς,
1493 3291 1650 3363 ἄχρις
1682 3286 1743 3344 οὒ

166 3384 464 3454 όάλέκτωρ
515 3387 809 3453 φωνήσας’,
857 3384 936 3445 είς
986 3381 1240 3452 αἴσθησιν
1289 3382 1453 3435 αὑτὸν
1496 3384 1740 3452 ἤγαγεν

167 3475 405 3545 ἀλέκτωρ
444 3475 503 3527 δέ
533 3478 681 3527 ἐστιν
710 3477 736 3526 6
772 3475 947 3543 λόγος,
987 3476 1015 3526 6
1048 3476 1123 3545 μὴ
1156 3476 1261 3527 ὲῶν
1294 3477 1441 3545 ἡμᾶς
1478 3476 1745 3547 ῥᾳθυμεῖν

168 3570 246 3621 καὶ
267 3569 582 3629 καθεύδειν,
613 3567 749 3621 ἀλλά
779 3568 985 3635 λέγων,
1020 3569 1373 3638 Γρηγορεῖτε,
1408 3570 1519 3635 καὶ,
1558 3570 1743 3635 Ἐγει-

170 3678 266 3728 ραι,
307 3661 336 3712 6
369 3659 671 3713 καθεύδων.
713 3660 847 3712 ’Υπὸ
882 3659 975 3712 τοῦ
1007 3661 1165 3727 λόγου
1195 3660 1373 3713 τοίνυν
1414 3660 1606 3731 ὥσπερ
1643 3662 1747 3715 ὑπό

167 3770 294 3816 τινος
333 3754 638 3823 ἀλέκτορος
678 3753 1013 3816 διυπνισθεὶς
1045 3754 1073 3804 6
1109 3754 1348 3823 Πέτρος,
1381 3753 1615 3817 ἐξελθὼν
1644 3754 1748 3819 ἔξω

166 3845 250 3911 τῆς
296 3844 472 3913 αὐλῆς
513 3844 608 3897 τοῦ
663 3845 997 3914 ἀρχιερέως,
1030 3846 1313 3905 τουτέστι,
1348 3847 1447 3912 τῆς
1486 3849 1745 3916 περιοχῆς

165 3938 246 3991 τού
277 3938 700 4007 πεπωρωμένου
732 3937 845 4004 νοῦ,
883 3939 977 3990 καὶ
1013 3937 1182 3999 ἐκϐὰς
1215 3939 1323 3990 ἀπὸ
1361 3939 1461 4008 τῆς
1488 3941 1749 4010 ἀναισθη-

168 4029 275 4092 σίας
296 4069 312 4095 ,
347 4028 586 4082 ἑκλαυσε
616 4028 850 4098 πικρῶς.
885 4029 1031 4093 Ἕως
1061 4032 1160 4099 μὲν
1184 4031 1292 4100 γὰρ
1318 4026 1385 4099 ἦν
1421 4033 1478 4083 ὲν
1510 4034 1573 4101 τῇ
1609 4033 1745 4102 αὐλῇ

166 4120 247 4175 τοῦ
276 4121 695 4191 πεπωρωμένου
726 4120 844 4183 νοὸς
866 4163 879 4185 ,
921 4122 1020 4174 οὐκ
1052 4122 1266 4175 ἔκλαιεν
1288 4140 1301 4154 ·
1344 4124 1405 4175 οὐ
1438 4124 1546 4193 γὰρ
1577 4125 1747 4194 mea

166 4230 310 4267 νετο·
339 4213 580 4285 ὁπηνίκα
604 4213 661 4265 δὲ
688 4212 911 4283 ἐξῆλθεν
934 4253 949 4279 ,
981 4215 1061 4279 είς
1094 4214 1348 4286 αίσθησιν
1381 4212 1567 4286 ἦλθεν.

747 4328 997 4395 nam.
1040 4332 1166 4385 κει.

166 4440 296 4510 Περὶ
340 4442 451 4497 τοῦ
469 4441 1126 4525 Δἠγεμόιςρς,Πινξάτοιλ
1178 4446 1317 4525 Περὶ
1376 4445 1486 4525 τῇς
1548 4446 1743 4525 Ἰούδα

223 4516 641 4584 μεταμελείας.
690 4512 827 4584 Περὶ
858 4513 965 4566 τοῦ
998 4512 1283 4583 οἰκισμοῦ
1324 4514 1423 4568 καὶ
1455 4516 1745 4584 τιμωριῶν

228 4583 330 4637 τοῦ
360 4583 647 4654 Χριστοῦ,
684 4582 785 4635 καί
813 4582 1230 4654 σταυρώσεως.
1265 4588 1405 4654 Περὶ
1441 4584 1554 4653 τῆς
1584 4582 1748 4653 αἰτή-

229 4668 385 4718 (rem;
407 4651 524 4727 τοῦ
554 4654 832 4727 σώματος
858 4651 964 4706 τοῦ
999 4656 1242 4724 Κυρίου,
1276 4651 1374 4709 καί
1405 4651 1523 4709 τῶν
1553 4651 1749 4727 φυλά-

227 4741 351 4778 κων
378 4724 489 4779 τοῦ
520 4724 736 4793 τάφου.

234 4857 255 4891 s
291 4839 515 4909 Πρωῖας
541 4840 599 4893 δὲ
620 4840 943 4911 γενομένης.
969 4839 1298 4909 συμϐούλιον
1321 4839 1511 4893 ἔλαϐον
1542 4842 1743 4907 πάντες

165 4932 209 4983 οί
235 4933 519 5003 ἀρχιερεῖς
565 4932 661 4985 καὶ
701 4934 752 4984 oi
792 4930 1273 5001 πρεσϐύτεροιτοῦ
1312 4932 1442 4985 λαοῦ
1483 4933 1623 4986 κατά
1650 4934 1744 4986 τοῦ

178 5024 381 5095 Ἰησοῦ,
409 5024 555 5080 ὥστε
586 5024 898 5078 θανατῶσαι
927 5024 1091 5079 αὐτόν
1114 5042 1126 5053 ·
1158 5026 1254 5078 καὶ
1278 5025 1551 5094 δήσαντες
1585 5025 1747 5078 αὑτὸν

165 5112 480 5187 ἀπήγαγον,
516 5117 613 5172 καὶ
646 5117 975 5188 παρέδωκαν
1006 5118 1214 5187 Ποντίῳ
1253 5118 1472 5188 Πιλάτῳ
1506 5116 1584 5188 τῷ
1614 5120 1747 5189 ἡγε-

171 5210 305 5276 μόνι.
342 5228 363 5262 ι
403 5210 509 5263 Ἴδε
532 5210 625 5263 τὸν
650 5210 900 5263 διάϐολον
927 5210 1043 5273 πῶς
1072 5210 1227 5272 ὅλους
1254 5210 1452 5272 αὐτοὺς
1483 5211 1747 5281 κατέσχεν

170 5305 221 5354 ὲν
247 5301 529 5366 τοιαύταις
571 5304 809 5374 ήμέραις
842 5302 1038 5366 πείσας
1084 5302 1332 5370 φονεύειν
1355 5343 1369 5367 ,
1404 5305 1460 5354 ὲν
1492 5297 1580 5364 αίς
1613 5304 1746 5355 πολ-

170 5395 271 5450 λῶν
316 5398 426 5451 ἔδει
467 5396 675 5451 θυσιῶν
720 5398 816 5449 καλ⁸
848 5395 1215 5466 προσφορῶν,
1257 5395 1398 5465 ὑπὲρ
1432 5394 1539 5447 τῶν
1574 5395 1749 5449 ἄλλων

170 5492 470 5562 ἁμαρτιῶν,
526 5494 623 5545 καὶ
663 5492 890 5559 ἁγνείας
929 5492 1023 5545 καὶ
1067 5489 1429 5559 καθάρσεωςο
1478 5491 1526 5542 oi
1560 5490 1614 5543 δὲ
1654 5491 1749 5542 καὶ

236 5615 280 5646 ⁸³
325 5612 456 5665 Luc.
500 5626 638 5670 xm,
668 5608 758 5674 65,
792 5608 881 5662 64.

240 5771 311 5843 (οὗ
342 5773 489 5829 Edil.
530 5770 650 5826 Lut.
684 5770 888 5833 omisit,
922 5781 978 5823 ut
1012 5774 1306 5839 simplicius
1335 5776 1510 5828 aicam
1532 5808 1544 5823 κ

492 5867 763 5928 [Ἄπιθι.
816 5868 930 5926 Gn.
978 5867 1258 5931 CXXIII.

1837 1916 1994 1960 erant
2024 1907 2093 1961 ibi
2133 1928 2144 1963 :
2206 1906 2271 1962 Et
2303 1910 2391 1964 hic
2425 1917 2547 1977 erat
2575 1923 2697 1963 cum
2734 1908 2862 1963 Jesu
2893 1906 3197 1963 Nazareno.
3250 1908 3317 1963 Et
3343 1908 3445 1964 ite-

1838 2012 1954 2050 rum
1986 1998 2208 2066 negavit
2242 2014 2365 2054 cum
2404 1997 2806 2070 jurejurando:
2842 1997 2961 2053 Non
2991 1997 3113 2053 novi
3138 1997 3440 2056 hominem.

1838 2091 1903 2145 Et
1953 2104 2071 2162 post
2112 2086 2365 2164 pusillum
2400 2104 2758 2151 accesserunt
2798 2096 2888 2164 qui
2922 2097 3163 2161 stabant,
3200 2104 3256 2149 et
3291 2095 3444 2149 dixe-

1841 2192 1964 2238 runt
1994 2182 2191 2240 Petro:
2219 2185 2360 2239 Vere
2380 2194 2432 2240 et
2460 2196 2515 2240 tu
2533 2200 2599 2241 ex
2623 2186 2731 2240 illis
2760 2201 2852 2242 es:
2886 2201 3008 2240 nam
3040 2196 3095 2240 et
3122 2186 3333 2255 loquela
3352 2195 3443 2245 tua

1843 2286 1893 2331 te
1924 2275 2272 2331 manifestum
2310 2266 2459 2331 facit.
2495 2277 2650 2331 Tunc
2680 2276 2847 2343 coepit
2889 2273 3150 2330 detestari
3173 2286 3229 2330 et
3256 2275 3444 2345 iurare

1840 2367 1988 2438 quod
2010 2381 2116 2423 non
2148 2377 2333 2424 nosset
2360 2369 2659 2423 hominem.
2697 2368 2764 2423 Et
2803 2367 3062 2421 continuo
3093 2366 3267 2435 gallus
3306 2382 3444 2421 can-

1844 2458 1997 2514 tavit.
2021 2446 2090 2514 Et
2122 2460 2440 2515 recordatus
2468 2468 2552 2514 est
2579 2458 2775 2514 Petrus
2806 2458 2951 2513 verbi
2984 2456 3137 2524 Jesu,
3167 2458 3257 2528 qui
3290 2458 3445 2513 dixe-

1844 2562 1929 2606 rat
1971 2552 2044 2616 ei,
2075 2550 2397 2622 Priusquam
2442 2551 2617 2621 gallus
2663 2560 2870 2617 cantet,
2927 2561 3008 2603 ter
3060 2566 3148 2605 me
3198 2550 3443 2619 negabis,

1842 2653 1898 2698 et
1938 2657 2195 2713 egressus
2227 2644 2375 2698 foras
2425 2642 2573 2697 ﬂevit
2622 2657 2827 2697 amare.
2855 2661 2886 2723 ί»
2934 2641 3209 2697 lmmenso
3253 2644 3446 2697 timore

1846 2738 2105 2792 laborans
2152 2735 2370 2802 Petrus,
2423 2736 2625 2791 oblitus
2663 2745 2749 2791 est
2778 2735 3225 2806 promissionum,
3256 2742 3311 2790 et
3340 2734 3445 2789 ltu-

1848 2839 2022 2881 rnanas
2050 2827 2218 2882 servit
2248 2825 2632 2895 imbecillitati,
2667 2826 2825 2897 quasi
2858 2836 3005 2881 metu
3025 2825 3367 2880 exanimatus
3392 2835 3449 2880 et

1846 2920 2066 2975 nescius
2099 2920 2227 2989 quid
2259 2920 2423 2975 dicat.
2480 2918 2723 2988 lntellige
2765 2928 2945 2973 autem
2994 2932 3091 2987 per
3139 2932 3445 2988 anagogen,

1847 3012 1992 3081 quod
2043 3011 2111 3065 ab
2158 3010 2353 3065 ancilla
2383 3009 2576 3065 Petrus
2609 3009 3053 3079 reprehenditur,
3079 3009 3179 3063 hoc
3196 3023 3319 3063 esse
3354 3009 3448 3061 hu-

1851 3118 2025 3157 mana:
2078 3102 2415 3157 inﬁrmitatis
2446 3113 2498 3157 et
2529 3102 2748 3157 servilis
2801 3102 3108 3155 aﬂ'eCtionls
3158 3102 3442 3162 indicium,

1849 3196 2022 3251 donec
2054 3195 2227 3265 gallus
2259 3204 2488 3250 cantans
2529 3196 2679 3248 illum
2736 3194 3011 3249 recordari
3064 3193 3214 3251 fecit.
3255 3192 3444 3256 Gallus

1850 3298 2030 3343 autem
2061 3296 2145 3342 est
2169 3300 2371 3351 sermo,
2403 3288 2493 3355 qui
2538 3302 2645 3340 non
2684 3286 2817 3341 sinit
2858 3302 2957 3342 nos
2996 3295 3210 3355 torpere
3240 3295 3295 3341 et
3319 3286 3447 3339 dor—

1851 3385 2011 3445 mire,
2062 3381 2156 3434 sed
2219 3380 2375 3445 dicit,
2419 3378 2771 3449 Vigilatc,et,
2836 3379 3010 3447 Surge
3065 3379 3156 3448 qui
3218 3380 3445 3437 dormis.

1848 3478 1889 3528 Δ
1914 3488 2170 3529 sermone
2189 3474 2355 3542 igitur
2381 3484 2638 3541 tanquam
2668 3487 2696 3524 a
2724 3473 2864 3542 gallo
2899 3472 3152 3542 quopiam
3178 3474 3449 3529 excitatus

1849 3568 2067 3633 Petrus,
2104 3582 2360 3638 egressus
2410 3577 2497 3622 est
2530 3566 2680 3620 foras
2719 3566 2917 3619 atrium
2960 3566 3223 3635 principis
3266 3579 3449 3620 sacer.

1850 3663 2061 3716 dolum.
2125 3662 2227 3714 hoe
2294 3670 2376 3714 est
2420 3658 2683 3712 ambitum
2740 3668 3027 3712 excaecata:
3096 3658 3317 3721 mentis,
3394 3665 3449 3711 et

1850 3769 2101 3824 egressus
2154 3756 2220 3807 ab
2259 3753 2700 3815 insensibilitate,
2745 3752 2890 3807 ﬂevit
2941 3768 3147 3807 amare.
3194 3751 3446 3819 Quandiu

1852 3850 1996 3901 enim
2023 3856 2141 3902 erat
2170 3849 2221 3900 in
2266 3828 2407 3901 atrio
2440 3855 2724 3900 excaecata
2758 3848 2977 3911 mentis,
3005 3862 3111 3899 non
3146 3847 3317 3912 ﬂevit,
3352 3861 3449 3900 ne.

1852 3956 1958 4011 que
1988 3942 2133 3997 enim
2158 3941 2429 3997 sentiebat
2467 3959 2478 3994 :
2507 3950 2792 4010 postquam
2814 3952 2992 3996 autem
3016 3940 3203 4009 exivit,
3248 3940 3452 3997 sentire

1852 4035 2035 4103 erepit.

2422 4326 2654 4383 CAPUT
2706 4325 2915 4383 XXVII.

1857 4437 2402 4514 De_Po_ntioUPilato
2456 4444 2704 4513 praside.
2741 4444 2820 4499 De
2862 4446 3227 4514 resipiscentia
3266 4444 3450 4503 ludia.

1922 4510 2001 4563 De
2029 4512 2410 4581 ﬂagellatione,
2430 4510 2593 4582 pinnis
2616 4528 2660 4568 et
2684 4510 3028 4581 cruci/ixioire
3058 4515 3277 4571 Christi.
3312 4518 3457 4582 Quo-

1925 4586 2079 4659 modo
2110 4584 2327 4659 petitum
2352 4585 2511 4659 fuerit
2558 4601 2748 4659 corpus
2785 4585 2999 4639 Domini
3035 4599 3089 4640 ut
3122 4590 3452 4659 sepeliretur,

1925 4661 1973 4705 et
2006 4654 2071 4705 de
2098 4656 2339 4708 custodia
2370 4656 2486 4724 ejus
2516 4657 2760 4725 sepulcro
2783 4659 3094 4711 constituta.

1930 4835 2092 4891 Vens.
2132 4837 2183 4901 1,
2207 4836 2260 4891 2.
2295 4855 2313 4889 ι
2350 4836 2508 4893 Mane
2528 4847 2711 4893 autem
2730 4838 2876 4894 facto
2897 4835 3193 4909 consilium
3216 4841 3456 4909 inierunt

1855 4944 2047 4984 omnes
2074 4929 2350 4999 principes
2380 4930 2725 4985 sacerdotum
2754 4940 2811 4986 et
2846 4934 3092 4988 seniores
3120 4934 3302 5003 populi
3339 4933 3447 4986 ad—

1858 5034 2052 5075 versus
2080 5018 2289 5088 Iesum,
2314 5031 2373 5075 ut
2405 5037 2532 5077 eum
2568 5024 2727 5078 morti
2784 5026 3083 5081 traderent.
3114 5025 3177 5081 Et
3208 5026 3450 5081 vinctum

1857 5127 1981 5166 eum
2020 5112 2388 5179 adduxerunt,
2428 5124 2485 5168 et
2528 5116 2870 5171 tradiderunt
2894 5117 3091 5174 Pontio
3108 5117 3285 5173 Pilato
3318 5134 3455 5188 pra-

1858 5204 1980 5259 sidi.
2022 5224 2040 5256 s
2077 5204 2209 5259 Vide
2256 5206 2534 5263 diabolum
2576 5212 2854 5279 quomodo
2910 5226 3102 5267 attines
3140 5210 3301 5285 154
3334 5213 3454 5266 illos

1857 5297 2287 5364 comprehendat
2336 5302 2388 5355 in
2444 5303 2637 5358 diebus
2687 5304 2812 5368 illis,
2870 5306 3204 5374 persuadens
3261 5310 3339 5360 eis
3400 5314 3457 5359 ut

1859 5394 2132 5461 occidant,
2184 5410 2307 5449 cum
2366 5394 2680 5452 sacrificare
2709 5406 2763 5451 et
2820 5394 3017 5454 oﬂerre
3065 5397 3298 5453 debeant
3355 5412 3453 5461 pro

1859 5490 2086 5546 aliorum
2145 5492 2404 5561 peccatis,
2462 5494 2843 5561 sanctimonia,
2878 5502 2935 5549 et
2979 5495 3321 5565 purgatione.
3374 5490 3453 5549 Illi

3056 5861 3131 5931 15
