4010 6420
151 389 233 459 ιιι

669 383 1114 450 ENARRATIO
1152 382 1233 444 ΙΝ
1271 379 1778 447 EVANGELIUM
1815 377 2205 440 MHTH/EI.
2248 401 2317 412 ·-
2357 374 2518 437 CAP.
2554 371 2802 436 XXVII.

3294 366 3404 435 462

154 509 257 577 μίαν
280 502 378 558 τοῦ
412 462 725 573 ⁴ιιροφήτου,
768 498 1017 566 λέγοντο,
1041 511 1056 528 ο
1077 495 1190 549 Καὶ
1219 493 1414 548 ἔλαϐον
1449 493 1519 547 τὰ
1553 491 1709 563 τριά-

1848 490 2097 559 mpletum
2130 498 2216 545 est
2251 486 2396 557 quod
2424 490 2631 542 dictum
2664 496 2752 543 est
2801 499 2899 555 per
2942 485 3237 550 Jeremiam
3286 503 3417 559 pro-

146 614 284 652 ιιοντα
317 591 568 664 ἀργύρια
597 591 698 661 τὴν
727 588 895 659 τιμήν
930 585 1024 638 τοῦ
1065 582 1461 655 τετιμημένου,
1502 580 1563 634 δν
1602 582 1715 663 έτι-

151 692 367 761 μήσαντο
397 685 511 737 ἀπὸ
548 682 683 736 υίῶν
726 679 963 751 Ἰσραὴλ,
995 679 1088 731 καὶ
1110 676 1316 730 ἔδωκαν
1347 673 1487 727 αὐτὰ
1517 675 1597 735 είς
1619 672 1712 725 τὸν

147 778 290 847 ἀγρὸν
314 775 418 829 τοῦ
464 774 758 845 κεραμέως
803 771 948 825 καθά
989 768 1250 833 συνέταξέ
1284 783 1375 836 μοι
1421 766 1645 837 Κύριος.
1689 780 1708 814 ι

147 870 415 940 Κορϐανᾶν
449 868 638 935 ελεγον
685 866 778 917 τὸν
811 867 869 917 ὲν
908 863 987 933 τῷ
1026 861 1156 933 ίερῷ
1199 859 1503 932 θησαυρὸν,
1534 859 1617 920 είς
1657 856 1717 909 δν

147 958 344 1011 ἐόαλλον
392 958 465 1011 τὰ
518 954 947 1025 προσφερόμενα
998 952 1077 1022 τῷ
1119 951 1239 1021 Θεῷ
1269 951 1439 1021 δῶρα.
1478 949 1625 1015 Ὀρα
1660 948 1718 1000 δὲ

147 1047 243 1111 πῶς
280 1050 307 1100 ὁ
340 1046 481 1108 Θεὸς
515 1047 759 1116 ματαιοζ,
784 1043 1016 1106 αὐτοὺς,
1050 1041 1191 1094 ὥστε
1247 1039 1585 1109 φημίζεσθαι
1619 1039 1719 1109 τὴν

148 1138 413 1208 μιαιφόνον
456 1137 640 1190 αὐτῶν
672 1136 898 1207 γνώμην
922 1152 936 1166 ·
970 1135 1111 1197 Ἕως
1140 1136 1250 1203 γὰρ
1294 1136 1394 1202 τῆς
1440 1135 1680 1202 σήμερον
1702 1170 1717 1194 ,

147 1232 308 1299 φησιν,
328 1227 537 1296 ’Δγρδς
561 1227 797 1296 αἵματος
818 1226 1062 1277 καλεῖται
1089 1225 1117 1275 ὁ
1135 1223 1305 1292 ἀγρὸς
1326 1223 1556 1283 ἐκεῖνος,
1578 1220 1719 1273 ὥστε

148 1324 335 1383 πάντας
371 1317 903 1389 ἀναμιμνήσκεσθαι
931 1316 1014 1369 ὅτι
1038 1315 1128 1367 τὸν
1159 1315 1367 1382 Κύριον
1399 1312 1718 1379 έφόνευσαν.

146 1410 383 1465 Μάνθανε
413 1410 473 1463 δὲ
509 1410 606 1463 καὶ
645 1408 824 1471 τοῦτο,
860 1408 941 1461 ὅτι
976 1406 1066 1459 καὶ
1095 1405 1249 1474 παρά
1279 1406 1390 1466 τοῖς
1443 1403 1723 1466 Ἰουδαίοις

146 1502 384 1554 τοσοῦτον
438 1502 474 1569 ή
524 1497 808 1567 φιλοξενία
847 1494 1247 1558 έσπουδάζετο,
1284 1492 1426 1546 ὥστε
1475 1494 1569 1545 καὶ
1609 1494 1723 1555 τοῖς

146 1591 302 1658 ξένοις
334 1593 419 1655 είς
466 1590 649 1660 ταφὴν
675 1590 879 1661 χωρίον
922 1606 975 1641 τι
1008 1572 1410 1656 ἀγορασθῆναι.
1445 1584 1727 1654 Αίσχυνὼ-

147 1684 271 1753 tuo:
315 1680 413 1738 οὖν
444 1685 636 1752 ἡμεῖς,
682 1684 731 1733 οί
763 1680 1101 1750 τελειοτέρου
1145 1679 1243 1748 μὲν
1285 1677 1401 1747 βίου
1436 1676 1727 1738 δοκοῦντες

146 1771 286 1840 εἶναι,
315 1778 451 1837 τοὺς
482 1774 541 1827 δὲ
577 1773 763 1840 ξένους
795 1772 1298 1843 παραόλεπόμενοι.
1336 1770 1446 1841 Τὴν
1474 1768 1641 1840 τιμὴν
1671 1768 1728 1823 δὲ

146 1865 227 1920 τοῦ
285 1866 687 1936 τετιμημένου,
725 1866 925 1934 φησὶν,
981 1856 1233 1935 ’δηλονότι
1293 1861 1387 1916 τοῦ
1442 1858 1684 1932 Χριστοῦ
1710 1876 1723 1890 ·
1760 1848 1805 1909 Β

148 1958 407 2028 ἀτίμητος-
449 1958 555 2027 μὲν
603 1956 713 2026 γὰρ
750 1952 849 2026 ἦν,
887 1954 1126 2025 ἐτιμήθη
1174 1954 1231 2008 δὲ
1264 1955 1373 2006 ἀπὸ
1428 1953 1565 2006 υίῶν
1617 1953 1723 2005 Ἰσ-

1825 589 2041 653 phetam
2074 583 2341 638 dicentem
2375 598 2390 634 :
2424 580 2487 634 Ει
2502 587 2844 650 acceperunt
2868 580 3091 651 triginta
3127 591 3420 653 argenteos

1822 676 2054 742 pretium
2085 675 2359 735 :estimati,
2394 687 2555 742 quem
2578 674 2906 727 azstimalum
2937 684 3187 729 emerunt
3210 690 3239 727 ιι
3293 675 3421 729 ﬁliis

1824 767 2013 831 Israel,
2053 776 2108 823 et
2148 768 2413 823 dederunt
2464 781 2559 822 eos
2605 767 2657 820 in
2691 781 2882 837 agrum
2918 758 3086 837 figuli,
3128 767 3270 822 sicut
3302 784 3427 822 con-

1826 860 1998 914 stituit
2025 859 2154 911 mihi
2188 858 2474 913 Dominus.
2517 877 2535 910 ι
2566 858 2872 913 Corbonam
2903 858 3157 914 dicebant
3199 858 3424 914 thesau-

1828 966 1950 1005 rum
1980 951 2031 1004 in
2081 950 2301 1021 templo,
2346 950 2398 1005 in
2431 965 2591 1019 quem
2638 949 2927 1005 mittebant
2971 951 3111 1004 dona
3149 964 3272 1021 quae
3315 950 3425 1006 Deo

1828 1043 2215 1098 oﬂerehantur.
2267 1043 2398 1097 Vide
2438 1051 2621 1097 autem
2670 1043 2944 1112 qumnodo
2998 1042 3140 1096 Deus
3193 1042 3426 1097 inl’atuet
3518 1085 3525 1109 ι

1829 1135 1993 1198 illos,
2064 1144 2123 1186 ut
2183 1135 2501 1189 traducatur
2559 1149 2712 1189 mens
2768 1134 2983 1188 illorum
3047 1136 3424 1205 sanguinaria.

1831 1226 2013 1296 Usque
2042 1228 2092 1280 in
2122 1227 2262 1280 hunc
2284 1227 2427 1281 enim
2462 1226 2628 1291 diem,
2664 1228 2761 1293 ait,
2786 1240 2916 1296 ager
2938 1226 3029 1280 ille
3061 1224 3263 1280 dicitur
3282 1226 3428 1295 Ager

1830 1318 2132 1389 sanguinis,
2176 1326 2236 1373 ut
2275 1333 2468 1372 omnes
2494 1320 2606 1373 sint
2660 1334 2931 1374 memores
2958 1320 3100 1389 quod
3138 1319 3429 1375 Dominum

1831 1408 2150 1464 occiderint.
2180 1407 2338 1469 Disce
2354 1418 2537 1464 autem
2558 1419 2612 1465 et
2640 1411 2765 1475 hoc,
2800 1410 2943 1478 quod
2966 1420 3021 1465 et
3046 1411 3188 1480 apud
3207 1407 3432 1465 Judzeos

1834 1500 1998 1560 fuerit
2019 1501 2069 1554 in
2101 1501 2277 1569 pretio
2304 1500 2651 1571 hospitalitas
2685 1503 2862 1558 :unde
2898 1502 2949 1554 in
2970 1501 3306 1571 sepulturam
3333 1514 3431 1570 pe—

1837 1592 2176 1663 regrinorum
2211 1591 2369 1663 155
2395 1608 2585 1663 agrum
2623 1593 2772 1648 illum
2813 1605 3088 1649 emerunt.
3111 1592 3431 1648 Conlunda-

1836 1700 1957 1739 mur
1990 1685 2156 1755 igitur
2183 1701 2308 1749 nos,
2349 1687 2440 1754 qui
2467 1688 2595 1741 vita:
2618 1685 2963 1755 perfectioris
2997 1686 3248 1740 videmur
3282 1700 3429 1751 esse,

1836 1784 1891 1831 et
1915 1778 2235 1847 peregrinos
2256 1777 2613 1846 despicimus.
2636 1776 2904 1842 Pretium,
2929 1778 3126 1847 inquit,
3151 1779 3432 1843 animati,

1836 1870 1934 1925 hoc
1955 1880 2038 1925 est
2078 1868 2281 1925 Christi
2312 1888 2325 1925 :
2355 1869 2754 1925 inaestimabilis
2777 1869 2922 1923 enim
2947 1866 3071 1933 fuit,
3099 1879 3157 1924 et
3190 1868 3436 1924 rstima-

1838 1972 1925 2018 tus
1962 1971 2048 2017 est
2079 1977 2107 2015 ο
2152 1961 2280 2017 ﬁliis
2308 1959 2499 2027 Israel,
2534 1961 2638 2016 hoc
2665 1968 2778 2025 est,
2813 1960 3052 2031 pretium
3086 1960 3204 2029 ejus
3226 1960 3437 2015 consti-

150 2050 292 2118 ριήλ,
341 2049 626 2111 τουτέστι,
678 2048 777 2117 τὴν
827 2044 999 2115 τιμὴν
1047 2044 1215 2098 αὐτοῦ
1274 2044 1512 2115 ἔστησαν
1544 2045 1592 2097 oi
1623 2043 1729 2098 υἱοὶ

1848 2064 2057 2110 luerunt
2120 2055 2212 2109 lilii
2262 2054 2452 2121 Israel,
2499 2054 2642 2125 pacti
2674 2068 2799 2109 cum
2842 2050 2981 2108 Iuda
3027 2062 3085 2109 ut
3128 2053 3326 2110 darent
3358 2052 3435 2108 illi

158 2141 383 2212 Ἰσραήλ,
411 2140 886 2212 συμφωνήσαντες
907 2138 984 2210 τῷ
1021 2137 1193 2209 Ἰούδᾳ
1221 2136 1407 2190 δοῦναι
1433 2134 1729 2207 τριάκοντα

1848 2149 2056 2218 triginta
2084 2155 2391 2219 argenteos.

148 2234 396 2304 ἀργύρια.

215 2347 233 2377 ι
288 2328 346 2381 '0
379 2327 441 2381 δὲ
488 2326 694 2398 Ἰησοῦς
745 2326 873 2397 ιστη
919 2325 1232 2397 ἔμπροσθεν
1284 2324 1379 2378 τοῦ
1432 2324 1729 2397 ἡγεμόνος,

1915 2329 2079 2387 Vsus.
2102 2331 2290 2386 ll-M.
2326 2349 2345 2384 ι
2378 2329 2540 2387 Jesus
2571 2339 2752 2385 autem
2781 2330 3076 2385 stctitante
3122 2326 3435 2398 praesidem,

151 2420 235 2471 καὶ
277 2419 641 2490 ἐπηρώτησεν
673 2419 839 2472 αὐτὸν
875 2418 904 2469 δ
955 2415 1204 2488 ήγεμὼν,
1254 2417 1431 2484 λέγων
1461 2432 1474 2446 ·
1507 2419 1579 2469 Σὺ
1624 2412 1678 2469 εἴ
1705 2418 1734 2468 ὁ

1848 2432 1896 2477 et
1923 2422 2278 2493 interrogavit
2306 2438 2431 2477 eum
2472 2436 2671 2490 prmsos
2705 2419 2892 2476 dicens
2929 2436 2943 2474 :
2990 2418 3069 2471 Tn
3104 2433 3164 2473 es
3205 2433 3301 2472 rex
3340 2415 3438 2470 ιιι.

151 2508 390 2579 βασιλεὺς
416 2509 529 2563 ττῖιν
572 2509 872 2575 Ἰουδαίων;
910 2509 968 2562 '0
995 2508 1051 2562 δὲ
1082 2508 1289 2578 Ἰησοῦς
1326 2508 1428 2579 ἔφη
1459 2508 1629 2577 αὐτῷ·
1660 2510 1733 2561 Σὺ

1848 2514 2123 2570 deorum?
2151 2513 2293 2568 Dicit
2320 2514 2393 2567 illi
2424 2512 2581 2569 Jesus
2614 2531 2627 2566 :
2659 2510 2739 2565 Tu
2768 2511 2925 2568 dicis.
2952 2509 3019 2564 Et
3050 2525 3174 2566 cum
3197 2523 3432 2563 accusa-

149 2602 335 2668 λέγεις.
390 2604 506 2654 Καὶ
549 2604 607 2655 ὲν
655 2601 736 2671 τῷ
796 2600 1227 2669 κατηγορεῖσθαι
1264 2600 1426 2653 αὑτὸν
1476 2601 1581 2653 ὑπὸ
1625 2601 1737 2652 τῶν

1848 2616 1993 2662 retur
2019 2622 2045 2659 a
2082 2606 2417 2676 principibus
2443 2606 2812 2667 sacerdotum,
2851 2613 2906 2658 et
2936 2601 3272 2667 senioribus,
3298 2600 3441 2655 nihil

152 2693 446 2763 ἀρχιερέων
475 2693 705 2747 καὶτῶν
739 2692 1149 2763 πρεσϐυτέρων,
1179 2691 1332 2745 οὐδὲν
1378 2692 1733 2763 ἀπεκρίνατο.

1848 2698 2145 2768 respondit.
2181 2695 2339 2751 Tunc
2380 2697 2511 2751 dicit
2546 2696 2619 2750 illi
2660 2695 2903 2751 Pilatus:
2938 2692 3054 2749 Non
3083 2692 3243 2747 audis
3274 2706 3438 2760 quam

152 2785 275 2839 Τότε
303 2786 455 2853 λέγει
479 2784 631 2855 αύτῷ
650 2788 678 2838 ὁ
695 2785 952 2848 Πιλᾶτος·
974 2785 1087 2837 (lim
1112 2783 1328 2846 ἀκούεις
1344 2784 1487 2836 πόσα
1519 2800 1612 2835 σου
1641 2801 1739 2835 κα-

1848 2791 2013 2844 multa
2038 2792 2299 2843 adversus
2325 2797 2376 2842 te
2405 2790 2588 2842 dicant
2614 2785 2959 2842 testimonia?
2994 2784 3056 2839 Et
3080 2799 3186 2838 non
3220 2796 3444 2853 respon-

149 2877 594 2948 ταμαρτυροῦσι;
647 2880 759 2932 Καὶ
789 2878 889 2931 οὑκ
938 2875 1213 2947 ἀπεκρίθη
1254 2876 1405 2947 αύτῷ
1444 2876 1580 2947 πρὸς
1620 2875 1739 2928 οὐδὲ

1849 2882 1994 2936 ditei
2031 2882 2096 2935 ad
2125 2880 2290 2935 ullum
2322 2880 2565 2943 verbum,
2602 2878 2756 2932 itaut
2782 2879 3076 2931 miraretur
3106 2891 3310 2944 praeses
3346 2890 3443 2927 ve-

151 2966 204 3018 ἰν
233 2968 421 3037 ῥῆμα·
455 2966 598 3020 ὥστε
632 2966 937 3037 θαυμάζειν
976 2968 1066 3021 τὸν
1113 2967 1361 3037 ἡγεμόνα
1393 2965 1534 3021 λίαν.
1584 2984 1604 3017 ι
1651 2965 1739 3028 Ὠς

1850 2974 2151 3029 hementer.
2189 2990 2205 3023 ι
2246 2973 2411 3041 Quasi
2452 2969 2765 3040 capitalium
2808 2970 3101 3025 criminum
3138 2984 3266 3023 reus
3296 2968 3445 3022 sisti-

152 3058 237 3111 ἐπὶ
275 3059 561 3128 δημοσίοις
592 3059 904 3131 ἐγκλήμασι
942 3058 1425 3129 κατηγορούμενος
1462 3058 1739 3127 ἀπάγεται

1852 3075 1939 3119 tur
1968 3064 2163 3129 Pilato,
2196 3075 2251 3119 et
2286 3064 2655 3132 interrogatur
2680 3077 2807 3115 num
2853 3061 3136 3126 invaserit,
3161 3070 3216 3115 et
3250 3062 3444 3130 conju-

152 3151 279 3220 πρὸς
322 3152 583 3215 Πιλᾶτον,
610 3150 736 3205 ὅθεν
776 3151 870 3205 καὶ
913 3152 1095 3221 ἐρωτᾷ
1143 3151 1307 3203 αὑτὸν
1341 3151 1388 3203 εί
1438 3150 1739 3203 ἀπεσάλετο

1855 3159 2077 3221 raverit,
2101 3166 2155 3210 et
2185 3158 2469 3211 attentarit
2500 3168 2730 3224 regnare
2769 3151 2993 3207 Judaeis.
3053 3150 3213 3207 Jesus
3260 3160 3441 3205 autem

154 3242 433 3313 ἀνταρσίᾳ,
466 3244 563 3295 καὶ
580 3242 908 3312 ἐπεχείρησε
937 3242 1259 3313 βασιλεῦσαι
1290 3242 1400 3295 τῶν
1441 3241 1737 3296 Ἰουδαίων.

1852 3249 1988 3303 dixit
2028 3247 2101 3300 illi
2143 3264 2157 3300 :
2190 3244 2271 3299 Tu
2307 3246 2443 3300 dicis
2492 3262 2506 3298 :
2554 3244 2964 3311 sapientissimo
2998 3256 3263 3311 responso
3293 3244 3441 3294 dato.

165 3333 219 3387 '0
243 3335 299 3387 δὲ
348 3334 560 3403 Ἰησοῦς
590 3333 695 3402 ἔφη
730 3333 880 3404 αὑτῷ
907 3349 922 3363 °
949 3334 1022 3386 Σὺ
1053 3334 1234 3401 λέγεις
1254 3352 1266 3365 ε
1296 3333 1589 3403 ἀπόκρισιν
1618 3332 1743 3394 δοὺς

155 3426 296 3496 αὐτῷ
345 3426 702 3497 σοφωτάτηνο
740 3425 866 3479 οὔτε
925 3427 1035 3498 γάρ
1089 3421 1266 3491 εἶπεν,
1322 3426 1406 3478 ὅτι
1443 3425 1558 3478 Ούκ
1608 3424 1745 3493 είμὶ,

155 3516 272 3572 οὔτε
302 3519 491 3583 πάλιν,
519 3521 603 3572 ὅτι
637 3518 789 3590 Είμί.
835 3518 997 3577 ’Λλλά
1028 3520 1205 3588 μέσως
1238 3534 1354 3579 πως
1390 3516 1517 3586 ἔφη’
1554 3516 1626 3568 Σὺ
1657 3516 1744 3567 λέ-

157 3627 295 3679 γεις.
328 3611 505 3664 Τοῦτο
530 3612 639 3681 γὰρ
656 3611 876 3664 δᾶναται
904 3612 998 3665 καὶ
1023 3610 1165 3664 οὕτω
1195 3609 1481 3679 νοηθῆναι,
1503 3606 1585 3661 ὅτι
1615 3609 1750 3677 Εἰμὶ

157 3702 333 3765 καθὼς
356 3702 560 3770 λέγεις’
586 3702 681 3754 καὶ
698 3701 893 3765 οὕτως,
914 3703 995 3754 ὅτι
1029 3700 1170 3769 Ἐγὼ
1196 3702 1296 3771 μὲν
1319 3702 1476 3755 τοῦτο
1502 3701 1563 3753 ού
1580 3700 1746 3768 λέγω,

160 3776 221 3847 σὺ
258 3794 317 3848 δὲ
376 3794 595 3862 λέγεις’
638 3793 769 3848 ἄλλο
801 3794 985 3865 μέντοι
1028 3794 1179 3847 οὐδὲν
1224 3793 1586 3863 ἀπεκρίνατοο
1634 3793 1751 3863 ᾔδει

159 3885 261 3955 γάρ
300 3887 365 3939 τὸ
398 3885 687 3956 κριτήριον
721 3886 797 3955 μὴ
826 3886 986 3938 -κατά
1007 3886 1165 3954 λόγον
1199 3885 1517 3955 προϐαῖνον.
1554 3885 1750 3937 Ἐθαύ-

162 3977 327 4047 μαζεν
356 3976 451 4031 οὖν
476 3978 508 4030 δ
536 3977 770 4041 Πιλάτος
798 3978 890 4029 τδν
937 3976 1166 4049 Κύριον,
1204 3978 1321 4046 ἅμα
1356 3977 1455 4046 μὲν
1480 3976 1748 4039 ὼςκατα·

160 4068 461 4139 φρονοῦντα
486 4067 719 4123 θανάτου
735 4108 751 4135 ,
784 4067 901 4138 ἅμα
928 4068 984 4121 δὲ
1016 4068 1140 4131 πῶς
1164 4069 1343 4137 λόγιος
1366 4068 1440 4120 ὢν
1464 4071 1558 4121 καὶ
1584 4070 1752 4140 μυρία

157 4157 295 4229 ιχων
330 4158 704 4231 προὸαλὲσθαι
737 4162 817 4223 είς
843 4159 1162 4228 ἀπολογίαν,
1198 4161 1352 4213 οὐδὲν
1390 4161 1748 4230 ἀπεκρίνατο,

158 4253 291 4307 ἀλλά
336 4253 450 4306 τῶν
483 4252 861 4321 ἐγκαλούντων
896 4253 1211 4323 ὑπερεώρα.
1257 4254 1654 4324 Διδασκώμεθα
1692 4254 1750 4307 δὲ

158 4345 253 4397 καὶ
298 4346 468 4416 ήμεζς
506 4343 762 4398 ἐντεῦθεν
807 4345 936 4397 ὅταν
979 4345 1115 4412 πρὸς
1146 4345 1502 4414 δικαστήριον
1537 4344 1753 4415 ἔχωμεν

157 4436 579 4508 διεφθαρμένον,
603 4437 770 4507 μηδὲν
788 4437 987 4505 λέγειν,
1016 4439 1103 4491 ἵνα
1123 4439 1261 4507 μήτε
1284 4438 1513 4507 θόρυϐον
1534 4438 1752 4491 πλείονα

158 4526 486 4599 ιγείρωμεν,
518 4528 656 4596 μήτε
690 4528 1069 4597 κατακρίσεως
1112 4528 1356 4604 πλείονος
1391 4521 1543 4596 ὦμεν
1584 4529 1748 4581 αῐτιοι
1782 4537 1826 4590 ι)

159 4622 267 4686 τοῖς
299 4622 378 4691 μὴ
401 4621 514 4675 τῶν
550 4620 859 4689 ἀπλογιῶν
891 4621 1048 4692 ήμῶν
1074 4621 1354 4675 ἀκούουσι.

232 4731 251 4763 ‹
284 4712 446 4764 Κατά
472 4711 531 4763 δὲ
571 4711 767 4783 ἑορτὴν
802 4709 986 4763 εἰώθει
1025 4714 1052 4764 ὁ
1083 4713 1310 4781 ἡγεμὼν
1354 4712 1617 4766 ἀπολύειν
1652 4714 1750 4767 ἕνα

157 4800 232 4871 τῷ
257 4801 404 4872 δχλῳ
431 4802 681 4871 δέσμιον,
716 4801 776 4854 δν
820 4802 1010 4873 ήθελον
1031 4819 1045 4833 ο
1091 4800 1238 4873 εἶχον
1286 4803 1340 4855 δὲ
1372 4805 1495 4857 τότε
1527 4805 1749 4875 δέσμιον

157 4894 449 4964 ἐπίσημον,
500 4894 798 4964 λεγόμενον
854 4895 1171 4963 Βαραὸϐἄν.
1231 4897 1594 4966 Συνηγμένων
1658 4896 1752 4951 οὖν

160 4986 356 5053 ιῦτῶν,
387 4982 543 5041 εἶπεν
574 4988 759 5049 αὐτοῖς
787 4990 814 5040 ὁ
839 4987 1088 5051 Πιλᾶτος·
1111 4987 1247 5041 Τίνα
1277 4988 1463 5041 θέλετε
1490 4988 1751 5042 ἀπολύσω

160 5085 317 5154 ὑμῖν,
346 5084 664 5154 Βαραϐϐᾶν,
700 5084 734 5153 ἢ
778 5082 986 5154 Ἰησοῦν
1013 5083 1107 5137 τὸν
1138 5084 1433 5154 λεγόμενον
1480 5084 1749 5155 Χριστόν;

168 5174 317 5246 ᾝδει
347 5175 461 5244 γάρ
510 5176 593 5228 ὅτι
643 5173 733 5227 διὰ
777 5174 971 5243 φθόνον
1018 5175 1345 5245 παρέδωκαν
1389 5174 1571 5228 αὐτόν.
1616 5193 1633 5226 ι
1690 5173 1751 5226 Ὀ

166 5267 393 5332 Πιλᾶτος
433 5266 770 5332 ἐσπούδαζεν
818 5265 1087 5320 ἀπολῦσαι
1128 5267 1219 5319 τὸν
1268 5267 1525 5337 Χριστὸν,
1574 5267 1623 5319 εί
1655 5267 1750 5319 καὶ

166 5358 553 5433 μαλακώτερον
587 5358 682 5412 τοῦ
712 5359 956 5422 δέοντος·
997 5359 1103 5410 ἔδει
1143 5358 1251 5427 γὰρ
1294 5360 1548 5429 ἐνστῆναι
1584 5358 1749 5412 αὑτὸν

165 5452 299 5522 ὑπὲρ
346 5453 444 5507 τοῦ
490 5452 747 5523 ἀληθοῦς.
795 5453 1017 5520 Πρῶτον
1073 5453 1170 5521 μὲν
1226 5448 1318 5503 οὖν
1373 5452 1625 5523 ἠρώτησε
1659 5453 1747 5506 τὸν

165 5542 382 5615 Κύριον·
414 5547 532 5599 Οὐκ
566 5546 786 5606 ἀκούεις
820 5544 871 5595 τί
899 5540 1045 5597 οῦτοί
1077 5561 1169 5595 σου
1197 5545 1744 5615 καταμαρτυροῦσιν;

175 5636 452 5709 Ἠρώτησε
469 5639 527 5692 δὲ
554 5638 663 5703 ἵνα,
689 5638 1172 5709 ἀπολογησαμένου
1194 5638 1287 5691 τοῦ
1308 5639 1568 5708 Χριστοῦ,
1592 5640 1743 5710 σχοίη

166 5731 415 5803 ἀφορμὴν
446 5732 587 5801 πρὸς
626 5731 688 5784 τὸ
729 5729 1000 5785 ἀπολῦσαι
1039 5731 1205 5784 αὐτόν
1226 5747 1240 5761 ο
1277 5732 1400 5783 ἐπεὶ
1429 5730 1486 5783 δὲ
1516 5732 1615 5785 οὐκ
1643 5735 1751 5786 ἁπ-

166 5822 392 5893 ελογεῖτο
420 5827 449 5880 δ
477 5823 703 5895 Κύριος,
731 5822 1020 5893 γινώσκων
1042 5821 1281 5887 πάντως,
1308 5823 1391 5875 ὅτι
1420 5822 1524 5877 κᾶν
1548 5824 1747 5876 ἀπολο-

1852 3339 2036 3409 Neque
2063 3338 2207 3391 enim
2235 3336 2408 3391 dixit:
2432 3334 2549 3390 Non
2581 3351 2700 3389 sum
2724 3352 2737 3387 :
2777 3349 2877 3389 nec
2901 3342 3113 3397 contra,
3145 3334 3256 3403 Ego
3277 3347 3398 3387 sum
3426 3349 3442 3386 :

1852 3432 1945 3485 sed
1977 3429 2158 3484 medio
2182 3429 2415 3497 quodam
2450 3426 2609 3481 modo
2640 3423 2778 3479 dixit
2807 3441 2821 3478 :
2851 3423 2929 3477 Tu
2961 3424 3119 3478 dicis.
3152 3422 3269 3477 Hoc
3294 3423 3440 3476 enim

1852 3532 2031 3592 potest
2061 3531 2114 3576 et
2142 3521 2221 3577 sic
2250 3518 2471 3589 intelligi
2504 3537 2515 3570 :
2551 3517 2682 3570 Sum
2715 3514 2857 3569 sicut
2888 3514 3059 3581 dicis;
3091 3523 3145 3568 et
3167 3514 3245 3568 sic
3280 3529 3294 3564 :
3331 3512 3442 3579 Ego

1853 3615 2069 3683 quidem
2123 3614 2225 3666 hoc
2264 3626 2370 3664 non
2407 3610 2549 3676 dico,
2589 3617 2643 3662 tu
2697 3617 2880 3661 autem
2924 3606 3077 3661 dicis.
3115 3606 3276 3659 Aliud
3316 3620 3444 3658 vero

1856 3718 2174 3773 responsum
2212 3718 2316 3755 non
2365 3700 2534 3755 dedit.
2580 3700 2799 3753 Sciebat
2836 3698 2979 3752 enim
3028 3696 3292 3765 iniustum
3330 3695 3447 3750 fore

1848 3793 2137 3863 judicium.
2170 3789 2403 3851 Proinde
2439 3788 2740 3840 admiratus
2771 3793 2850 3840 est
2888 3784 3094 3838 Pilatus
3131 3782 3444 3845 Dominum.

1856 3895 1909 3939 et
1933 3888 2075 3953 quod
2104 3890 2477 3937 contemneret
2500 3886 2754 3944 mortem,
2783 3888 2836 3931 et
2862 3878 3004 3947 quod
3048 3885 3157 3929 tam
3184 3876 3446 3946 eloquens

1857 3989 1911 4032 et
1948 3978 2111 4030 multa
2148 3974 2354 4029 habens
2390 3988 2509 4043 qua:
2544 3972 2918 4041 responderet,
2970 3970 3104 4024 nihil
3142 3972 3445 4037 responde-

1858 4078 1959 4132 ret,
1986 4068 2080 4121 sed
2111 4076 2456 4121 accusatores
2493 4072 2886 4118 contemneret.
2933 4062 3216 4116 Discatnus
3248 4071 3303 4114 et
3348 4075 3447 4113 nos

1858 4159 1960 4213 hoc
2001 4158 2120 4211 loco
2144 4158 2415 4226 quomodo
2444 4168 2634 4225 gerere
2671 4169 2770 4209 nos
2821 4154 3115 4208 debeamus
3150 4153 3202 4205 in
3236 4152 3447 4222 judicio

1856 4250 2081 4319 injusto,
2108 4265 2174 4303 ne
2198 4251 2324 4319 quid
2344 4250 2609 4309 dicamus,
2641 4263 2708 4301 ne
2730 4246 2994 4301 tumultus
3022 4243 3197 4313 major
3229 4244 3448 4299 oboria-

1860 4353 1965 4406 tur,
2000 4357 2134 4396 neve
2162 4341 2385 4411 majoris
2414 4340 2890 4394 condenmationis
2920 4341 3271 4393 occasionem
3306 4352 3448 4407 pra:-

1858 4437 2082 4491 heamus
2114 4435 2199 4490 his
2234 4435 2326 4504 qui
2362 4432 2704 4489 defensiones
2750 4441 2963 4486 nostras
3003 4430 3197 4486 audire
3230 4431 3446 4485 nolunt.

1928 4705 2093 4761 Vsus.
2126 4705 2315 4761 15-18.
2353 4722 2372 4756 ι
2404 4704 2460 4758 In
2483 4703 2623 4760 festo
2654 4711 2833 4759 autem
2865 4711 3228 4759 consueverat
3248 4718 3449 4769 praeses

1859 4801 2029 4853 turbae
2073 4799 2345 4852 dimittere
2396 4814 2562 4851 unum
2612 4797 2851 4851 vinctum
2908 4810 3070 4865 quem
3115 4795 3438 4850 voluissent.

1858 4891 2101 4945 Habebat
2133 4902 2311 4944 autem
2350 4899 2479 4943 tunc
2505 4890 2747 4943 vinctum
2787 4889 3081 4957 insignem,
3107 4888 3199 4956 qui
3228 4888 3449 4943 diceba-

1858 4993 1945 5037 tur
1976 4982 2275 5037 Barabbas.
2312 4980 2672 5052 Congregatis
2701 4996 2832 5051 ergo
2869 4981 2995 5045 illis,
3028 4981 3165 5035 dixit
3197 4979 3446 5036 Pilatus:

1856 5075 2025 5141 Quem
2059 5075 2219 5129 vultis
2256 5075 2523 5128 dimittam
2572 5074 2745 5137 vobis,
2782 5074 3107 5137 Barabbam,
3156 5088 3223 5128 an
3255 5072 3445 5129 Iesum

1856 5172 1946 5241 qni
1991 5170 2192 5225 dicitur
2240 5169 2528 5225 Christus?
2575 5168 2793 5223 Sciebat
2837 5171 2984 5221 enim
3023 5166 3171 5236 quod
3220 5173 3449 5236 propter

1858 5262 2113 5317 invidiam
2147 5261 2499 5316 tradidissent
2528 5276 2672 5315 eum.
2714 5278 2732 5310 ι
2770 5258 2979 5312 Pilatus
3005 5257 3446 5313 studebatChri-

1855 5363 2000 5408 stum
2058 5352 2358 5414 absolvere,
2406 5350 2623 5403 tametsi
2680 5349 2883 5402 lentius
2917 5361 3079 5416 quam
3135 5347 3449 5416 oportebat,

1856 5447 2085 5501 debebat
2117 5446 2261 5499 enim
2291 5458 2349 5498 se
2379 5459 2475 5513 pro
2504 5442 2731 5497 veritate
2760 5440 3017 5510 objicere.
3050 5436 3292 5493 Primum
3318 5439 3449 5507 qui-

1856 5542 1976 5596 dem
2024 5538 2393 5607 interrogabat
2449 5535 2735 5590 Dominum
2783 5551 2795 5586 :
2839 5530 2957 5588 Non
2996 5531 3152 5585 audis
3189 5530 3321 5599 quid
3370 5529 3451 5585 illi

1857 5644 2044 5691 contra
2084 5641 2135 5686 te
2185 5627 2579 5684 tcsti‘licentur?
2614 5625 2974 5695 Interrogavit
3020 5632 3240 5690 autem,
3302 5630 3361 5675 ut
3399 5622 3447 5676 si

1856 5726 2107 5783 Christus
2144 5737 2203 5778 se
2229 5729 2538 5785 excusaret,
2586 5719 2814 5773 haberet
2857 5716 3205 5771 occasionem
3261 5715 3442 5769 absol-

1858 5818 2015 5877 vendi
2054 5832 2199 5875 eum.
2244 5816 2313 5869 At
2356 5829 2478 5870 eum
2539 5825 2644 5867 ncn
2698 5808 3019 5867 defenderet
3059 5821 3119 5861 se
3162 5804 3436 5870 Christus,
