4010 6420
640 374 747 436 463

1487 354 2088 420 THEOPHYLACTI‘
2114 350 2529 414 BULGARLE
2570 349 2908 412 ARCHIEP

3756 346 3873 412 ιιι

640 495 817 552 sciens
848 504 906 543 se
938 500 1041 542 non
1072 481 1351 549 dimissum
1398 478 1462 531 iri
1504 474 1850 545 quantumvis
1892 486 1949 525 se
1973 484 2197 523 excusa-

2307 467 2543 535 γήσηται
2566 504 2579 526 ,
2617 468 2733 516 οὑκ
2762 462 3118 532 ἀφεθήσεται,
3154 462 3352 533 ἑτέραν
3382 463 3497 517 ὁδὸν
3548 464 3817 534 τρέπεται
3859 471 3892 520 6

641 594 743 650 ret,
772 581 926 635 aliam
974 576 1111 627 viam
1146 571 1351 625 invenit
1384 567 1605 629 Pilatus,
1639 572 1691 618 et
1725 560 1963 629 confugit
1989 560 2097 628 jam
2132 557 2196 611 ad

641 670 1104 732 consuetudinem,
1136 661 1291 732 quasi
1327 660 1403 716 sic
1432 660 1637 713 diceret
1678 673 1691 707 :
1730 654 1783 707 Si
1813 668 1919 706 non
1956 660 2014 705 ut
2040 652 2197 704 inno-

639 776 849 823 centem
882 758 1149 814 dimittitis
1185 753 1390 815 Jesum,
1438 749 1924 814 saltem'tanquam
1976 743 2199 797 damna—

641 872 752 914 tum
788 855 1085 911 condenate
1138 849 1309 917 ipsum
1357 845 1480 898 huic
1529 841 1685 895 festo.
1729 837 2007 902 Quomodo
2054 834 2195 888 enim

638 948 896 1020 suspicari
928 945 1187 1014 potuisset
1222 939 1422 993 Pilatus
1455 934 1593 1004 quod
1640 934 1981 986 innocentem
2012 926 2195 983 Jesum

640 1041 704 1095 ad
729 1016 1146 1104 cruciﬁgendum
1176 1037 1437 1099 peterent,
1470 1034 1522 1079 et
1557 1037 1703 1077 reum
1734 1022 1993 1075 latronem
2019 1016 2199 1070 dimit-

637 1128 847 1185 terent?
894 1126 1081 1179 Sciens
1132 1122 1293 1191 igitur
1331 1132 1434 1172 non
1478 1128 1597 1169 esse
1647 1128 1815 1175 reum,
1870 1111 1961 1165 sed
2002 1108 2195 1163 invidia

638 1220 918 1283 traditum,
941 1215 1057 1269 ideo
1079 1214 1369 1280 interregat
1401 1223 1514 1262 eos.
1544 1205 1695 1260 Unde
1715 1201 1948 1257 ostendit
1973 1214 2030 1252 se
2053 1198 2198 1267 plus-

638 1325 797 1381 quam
859 1320 1067 1373 auruum
1134 1311 1251 1355 erat
1302 1298 1647 1351 molliorem:
1710 1294 1868 1362 156
1919 1287 2198 1359 oportebat

639 1403 778 1456 enim
812 1412 906 1467 pro
937 1394 1162 1449 veritate
1190 1389 1507 1462 periclitari.
1530 1388 1714 1455 Itaque
1742 1386 1931 1453 dignus
1960 1388 2041 1434 est
2069 1393 2198 1432 con-

638 1491 1003 1554 demuatione,
1027 1496 1282 1555 tanquam
1310 1482 1549 1538 veritatis
1571 1490 1903 1547 suppressor.
1928 1472 2198 1527 Barabbas

640 1595 815 1639 autem
862 1578 1215 1647 interpretari
1269 1574 1390 1645 quis
1437 1578 1610 1642 potest
1646 1567 1817 1637 ﬁlium
1854 1564 2044 1635 patris.
2096 1561 2199 1616 Βαι-

639 1675 780 1730 enim
814 1672 980 1742 ﬁlius,
1014 1670 1194 1723 Ahhas
1228 1676 1407 1720 autem
1439 1674 1606 1742 pater,
1640 1659 1805 1715 Judaei
1840 1659 2001 1727 igitur
2034 1654 2197 1709 (ilium

639 1731 825 1837 patris.
841 1764 923 1820 sui
949 1761 1146 1818 diaboli
1176 1731 1535 1829 postularunt,
1575 1731 1755 1807 .icsum
1801 1762 1978 1804 autem
2010 1746 2198 1802 cruci-

2307 556 2555 619 Πιλὰτος,
2589 555 2681 608 καὶ
2713 556 3049 623 καταφεύγει
3072 552 3261 606 λοιπὸν
3288 555 3379 606 ἐπὶ
3410 555 3468 607 τὸ
3507 554 3647 618 ἔθος,
3687 573 3893 623 μονθνο

2304 648 2423 717 ουχὶ
2460 646 2616 700 τοῦτο
2661 646 2835 715 λέγων
2856 662 2870 677 ·
2899 646 2961 699 Εἰ
2998 646 3074 717 μὴ
3097 644 3172 707 ὡς
3202 645 3378 698 ἀθῶον
3406 646 3595 714 ἀφίετε
3636 647 3727 713 τὸν
3770 648 3889 718 Ἰη-

2306 738 2451 801 σοῦν,
2472 736 2570 791 κᾶν
2598 736 2671 799 ὡς
2697 736 3025 804 κατάκριτον
3052 734 3352 804 χαρίσασθε
3375 735 3565 789 τοῦτον
3592 740 3657 807 τῇ
3688 739 3855 807 ἑορτῇ
3872 780 3886 791 .

2305 830 2413 895 Ποῦ
2442 834 2548 899 γὰρ
2578 826 2644 881 ἂν
2674 826 2943 886 ὑπέλαϐεν
2975 827 3004 878 6
3038 827 3269 889 Πιλάτος
3308 826 3389 879 ὃτι
3429 827 3608 880 ἀθῶον
3636 829 3764 882 ὄντα
3792 830 3892 882 τὸν

2321 923 2531 991 Ἰησοῦν
2555 922 2868 992 αἰτήσονται
2919 919 3324 988 σταυρωθῆναι,
3380 920 3472 972 καὶ
3509 920 3601 972 τὸν
3633 921 3895 973 ὑπαίτιον

2305 1015 2506 1091 λῃστὴν
2552 1005 2949 1079 ἀπολύσουσιν;
2997 1011 3166 1074 Εἰδὼς
3198 1007 3292 1064 οῦν
3339 1012 3420 1064 ὅτι
3481 1013 3732 1075 ὑπαίτιος
3786 1016 3895 1067 οὑκ

2304 1109 2442 1170 ἐστι,
2507 1106 2781 1176 φθονεῖται
2826 1106 2917 1170 δὲ,
2962 1104 3155 1163 τούτου
3203 1103 3388 1158 ἕνεκεν
3434 1105 3614 1175 ἐρωτᾷ
3646 1105 3893 1168 αὐτούς’

2304 1200 2425 1253 ὃθεν
2460 1200 2731 1252 δείκνυται
2762 1198 2841 1250 ὅτι
2885 1194 3278 1265 μαλακώτερος
3308 1191 3375 1265 ἦν
3396 1212 3409 1225 ·
3444 1196 3551 1249 ἔδει
3586 1196 3695 1265 γὰρ
3723 1197 3898 1249 αὑτὸν

2305 1288 2753 1361 προκινδυνεῦσαι
2795 1286 2888 1339 τοῦ
2924 1286 3156 1353 ἀγαθοῦ.
3185 1287 3283 1338 Διά
3314 1285 3471 1338 τοῦτο
3496 1282 3588 1339 οῦν
3615 1288 3708 1339 καὶ
3737 1287 3897 1353 ἄξιος

2304 1384 2703 1455 κατακρίσεως,
2737 1382 2812 1445 ὡς
2838 1382 2935 1453 τὴν
2964 1383 3225 1453 ἀλήθειαν
3256 1382 3630 1451 συγκαλύψας.
3669 1382 3900 1451 Βαραϐ-

2304 1476 2405 1540 ϐᾶς
2431 1476 2485 1529 δὲ
2514 1475 2901 1547 ἑρμηνεύεται,
2929 1475 3061 1539 υίὸς
3098 1474 3203 1529 τοῦ
3255 1479 3480 1543 πατρός
3503 1494 3515 1507 ·
3549 1475 3652 1549 βὰρ
3701 1476 3816 1546 γὰρ
3861 1481 3898 1530 ὀ

2304 1567 2454 1632 υἱὸς,
2480 1564 2654 1627 ἀϐϐᾶς
2674 1565 2729 1617 δέ
2762 1567 2795 1619 ό
2819 1566 3035 1634 πατήρ.
3064 1566 3125 1618 Οἱ
3151 1564 3330 1618 τοίνυν
3365 1566 3626 1631 Ἰουδαῖοι,
3660 1564 3750 1619 τὸν
3772 1568 3899 1620 υἱὸν

2303 1657 2398 1711 τοῦ
2431 1656 2636 1727 πατρὸς
2666 1656 2864 1719 αὐτῶν,
2888 1654 2981 1709 τοῦ
3017 1655 3297 1718 διαϐόλου,
3324 1655 3680 1726 ἐξῃτήσαντο,
3709 1656 3806 1710 τὸν
3832 1658 3898 1711 δὲ

2317 1749 2522 1820 Ἰησοῦν
2550 1749 2933 1818 ἐσταύρωσαν⁸
2964 1747 3060 1801 καὶ⁷
3106 1747 3268 1817 μέχρι
3312 1747 3367 1800 δὲ
3400 1746 3493 1801 τοῦ
3526 1747 3642 1812 νῦν,
3672 1747 3751 1818 τῷ
3786 1748 3898 1817 μὲν

641 1828 873 1913 ﬁxerunt
899 1874 912 1909 :
938 1861 991 1909 et
1020 1828 1189 1923 usque
1214 1852 1266 1905 in
1298 1850 1442 1905 hunc
1474 1848 1613 1902 diem
1641 1845 1749 1899 lilio
1780 1842 1949 1913 patris
1980 1840 2062 1895 sui
2090 1840 2200 1892 An-

2306 1841 2405 1912 υἰῷ
2433 1840 2524 1894 τοῦ
2559 1841 2764 1910 πατρὸς
2795 1840 2996 1906 αὑτῶν,
3026 1841 3104 1910 τῷ
3145 1839 3515 1912 ’Δντιχρίστῳ,
3560 1837 3897 1910 προστίθεν-

642 1950 891 2006 tichristo
926 1946 1222 2008 adhaerent,
1258 1941 1528 1997 Christum
1562 1952 1740 1992 autem
1772 1937 2058 2004 ahneganl.

708 2043 873 2097 Vsus.
900 2039 1089 2095 19-26.
1139 2054 1157 2087 ι
1197 2035 1429 2091 Sedente
1458 2039 1636 2085 autem
1662 2030 1751 2082 illo
1788 2041 1884 2095 pro
1926 2022 2198 2088 tribunali,

638 2136 785 2191 misit
817 2134 880 2187 ad
910 2147 1031 2186 eum
1064 2144 1199 2184 uxor
1232 2127 1369 2196 ejus,
1399 2124 1581 2178 dicens
1622 2140 1635 2175 :
1687 2118 1834 2175 Nihil
1866 2118 1957 2172 tibi
1982 2127 2034 2171 et
2056 2116 2200 2186 justo

638 2228 733 2284 illi.
764 2225 929 2281 Multa
960 2224 1103 2277 enim
1136 2234 1291 2290 passa
1333 2232 1450 2272 sum
1481 2215 1641 2270 hodie
1665 2214 1717 2269 in
1744 2211 1949 2268 somnis
1988 2218 2201 2279 propter

634 2314 780 2376 eum.
822 2315 1097 2382 Principes
1127 2319 1305 2366 autem
1340 2307 1678 2363 sacerdotum
1713 2314 1766 2358 et
1803 2303 2043 2357 seniores
2073 2315 2197 2369 per-

636 2414 923 2465 suaserunt
955 2402 1124 2457 turbis
1159 2407 1215 2453 ut
1247 2407 1491 2468 peterent
1514 2389 2037 2457 Barabham,Jesum
2070 2401 2201 2443 vero

636 2499 943 2568 perderent.
978 2491 1351 2559 .Respondens
1390 2496 1568 2541 autem
1631 2498 1831 2552 prteses
1887 2482 1962 2535 ait
2024 2479 2127 2535 illis
2180 2498 2195 2534 :

638 2582 829 2639 Utrum
865 2579 1029 2633 vultis
1054 2578 1202 2632 vobis
1231 2592 1259 2630 e
1285 2575 1496 2629 duobus
1523 2571 1823 2626 dimittam?
1848 2570 1913 2624 At
1946 2570 2021 2624 illi
2047 2570 2197 2625 dixe-

639 2680 764 2726 runt
805 2690 817 2724 :
861 2667 1181 2723 Barabbam.
1223 2666 1357 2719 Dicit
1392 2663 1498 2717 illis
1547 2661 1754 2715 Pilatus
1788 2680 1799 2715 :
1853 2661 1990 2726 Quid
2042 2662 2201 2729 igitur

641 2764 835 2819 faciant
889 2764 952 2816 de
999 2759 1156 2825 Jesu,
1197 2758 1289 2828 qui
1340 2756 1536 2811 dicitur
1573 2754 1862 2809 Christus?
1913 2753 2109 2807 Dicunt
2150 2753 2199 2807 ei

638 2870 823 2910 omnes
854 2873 867 2907 :
894 2852 1269 2920 Crueiligatur.
1294 2848 1502 2903 Praescs
1528 2857 1704 2900 autem
1741 2848 1815 2899 ait
1849 2864 1859 2897 :
1889 2844 2027 2910 Quid
2056 2845 2197 2899 enim

639 2945 759 3000 mali
795 2942 956 2998 fecit?
985 2944 1051 2995 At
1078 2941 1152 2993 illi
1188 2940 1356 3009 magis
1382 2938 1705 3001 clamabant,
1740 2936 1976 2990 dicentes
2013 2951 2026 2988 :
2061 2934 2197 2991 Cru-

636 3035 903 3105 ciﬁgatur.
948 3032 1143 3086 Videris
1178 3040 1352 3084 autent
1387 3029 1591 3082 Pilatus
1627 3028 1767 3097 quod
1800 3026 1928 3080 nihil
1966 3026 2194 3094 prolice-

639 3137 741 3193 ret,
768 3130 858 3182 scd
888 3126 1057 3195 magis
1092 3121 1347 3177 tumultus
1379 3122 1551 3183 ﬁeret,
1584 3129 1800 3186 accepta
1836 3133 1972 3186 aqua
2009 3132 2198 3171 manus

639 3219 805 3273 :thlnit
836 3231 1014 3271 coram
1052 3214 1267 3283 populo,
1298 3214 1479 3266 dicens
1525 3227 1539 3266 :
1574 3209 1833 3264 innocens
1880 3224 1978 3278 ego
2016 3223 2135 3263 sum
2170 3224 2199 3262 a

636 3308 1046 3378 sangumejusti
1084 3306 1259 3373 hujus,
1302 3318 1393 3358 vos
1438 3302 1709 3357 videbitis.
1773 3300 1838 3353 Et
1868 3302 2201 3369 respondens

638 3402 921 3455 universus
951 3398 1174 3466 p0pnlus
1200 3396 1333 3449 dixit
1362 3414 1374 3447 :
1414 3392 1645 3463 Sanguis
1676 3392 1794 3459 ejus
1825 3405 1985 3459 super
2012 3404 2110 3444 nos
2148 3399 2201 3443 et

640 3505 802 3560 super
844 3488 983 3542 filios
1032 3498 1263 3541 nostros.
1302 3484 1452 3539 Tunc
1500 3485 1704 3538 dimisit
1742 3482 1845 3537 illis
1873 3480 2196 3545 Barahbam,

639 3580 821 3635 Jesum
846 3589 1023 3633 autem
1051 3575 1372 3647 ﬂagellatum
1399 3574 1616 3627 tradidit
1637 3581 1695 3626 ut
1722 3571 2145 3638 cruciﬁgeretur.
2177 3586 2194 3617 ι

639 3668 686 3726 0
715 3668 1030 3725 miraculum
1059 3668 1071 3720 l
1126 3667 1215 3735 qui
1238 3665 1509 3731 iudicatur
1542 3678 1569 3715 a
1602 3661 1790 3725 Pilato,
1827 3674 2047 3713 uxorem
2088 3659 2204 3725 ejus

2230 3162 2271 3219 C

643 3771 825 3818 terret.
859 3761 983 3827 ipse.
1014 3768 1191 3812 autem
1245 3772 1348 3810 non
1392 3757 1539 3810 videt
1575 3754 1863 3817 somnium.
1914 3752 2008 3806 sed
2044 3766 2201 3814 uxor,

638 3854 723 3909 vel
753 3853 895 3921 quod
939 3851 1052 3919 ipse
1080 3839 1329 3918 indignus
1364 3856 1499 3909 erat,
1532 3846 1614 3900 vel
1642 3844 1785 3914 quod
1838 3843 1968 3897 lides
2002 3842 2051 3897 ei
2094 3856 2200 3896 non

638 3946 827 4003 fuisset
868 3944 1068 4007 habita,
1106 3942 1196 3997 sed
1241 3941 1387 3995 visus
1431 3950 1577 3995 esset
1615 3940 1679 3993 ad
1729 3941 1954 4009 gratiam
2002 3938 2143 4006 loqui
2185 3957 2197 3993 :

638 4035 886 4091 fortassis
914 4036 1073 4087 etiam
1100 4032 1355 4087 tacuisset
1385 4031 1533 4096 talia,
1564 4030 1607 4084 si
1637 4030 1883 4091 vidisset,
1910 4043 2032 4081 cum
2057 4036 2202 4081 esset
2251 4066 2253 4071 .

634 4126 819 4196 iudex.
864 4124 1221 4178 Providentia:
1253 4129 1431 4175 autem
1479 4134 1614 4188 opus
1656 4120 1922 4173 somnium
1975 4117 2198 4183 factum,

640 4232 745 4271 non
779 4225 836 4267 ut
872 4214 1177 4269 absolvatur
1205 4213 1473 4276 Christus,
1524 4211 1615 4265 sed
1654 4220 1714 4263 ut
1756 4218 2005 4263 servetur
2045 4222 2199 4261 uxor.

639 4309 917 4374 Quomodo
946 4307 1105 4373 igitur
1142 4320 1244 4359 non
1292 4303 1521 4358 absolvit
1549 4300 1733 4356 illum?
1779 4300 1912 4366 Quia
1947 4314 2053 4353 non
2086 4305 2202 4352 erat

641 4401 903 4469 integrum
930 4397 1196 4451 dimittere
1214 4396 1383 4459 illum,
1406 4394 1493 4461 qui
1517 4392 1581 4447 de
1607 4390 1889 4460 tyrannide
1908 4390 2203 4444 accusaba-

2304 1950 2416 1999 ται,
2449 1933 2541 1987 τὸν
2564 1934 2620 1987 δὲ
2651 1934 2885 2005 Χριστὸν
2921 1933 3339 2004 παραιτοῦνται.

2383 2041 2401 2066 ι
2432 2022 2844 2093 Καθημένουδὲ
2866 2023 3028 2076 αὑτοῦ
3052 2023 3146 2076 ἐπὶ
3171 2022 3266 2076 τοῦ
3302 2023 3564 2092 βήματος,
3592 2024 3896 2078 ἀπέστειλε

2304 2115 2441 2185 πρὸς
2468 2115 2628 2181 αὑτὸν
2672 2118 2703 2185 ἠ
2744 2115 2883 2186 γυνή
2910 2114 3095 2179 αὑτοῦ,
3137 2114 3403 2183 λέγουσα·
3441 2116 3623 2186 Μηδὲν
3666 2118 3747 2170 σοὶ
3792 2118 3899 2171 καὶ

2300 2203 2378 2273 τῷ
2405 2203 2597 2273 δικαίῳ
2633 2205 2844 2273 ἐκείνῳ.
2885 2204 3059 2258 Πολλὰ
3098 2205 3207 2273 γὰρ
3239 2204 3438 2258 έπαθον
3482 2207 3723 2277 σήμερον
3761 2207 3897 2260 κατ’

2299 2294 2432 2365 ὄναρ
2469 2294 2535 2347 δι’
2569 2295 2753 2347 αὑτόν.
2788 2295 2851 2348 Ol
2893 2294 2951 2349 δὲ
2980 2296 3257 2366 ἀρχιερεῖς
3293 2296 3387 2350 καὶ
3415 2296 3463 2350 οἰ
3515 2297 3898 2367 πρεσϐύτεροι

2301 2387 2525 2440 ἔπεισαν
2558 2387 2683 2449 τοὺς
2720 2386 2908 2456 ὄχλους
2939 2388 3024 2440 ἵνα
3057 2388 3388 2457 αἰτήσωνται
3439 2388 3530 2441 τὸν
3564 2389 3897 2459 Βαραϐϐᾶν,

2300 2477 2393 2531 τὸν
2427 2476 2484 2531 δὲ
2529 2477 2735 2545 Ἰησοῦν
2765 2475 3123 2531 ἀπολέσωσιν.
3181 2477 3529 2548 Ἀποκριθεὶς
3566 2481 3594 2532 6
3633 2480 3895 2550 ἡγεμὼν,

2302 2564 2453 2622 εἷπεν
2481 2568 2689 2633 αὑτοῖς·
2714 2567 2848 2620 Τίνα
2869 2568 3051 2621 Θέλετε
3078 2568 3187 2621 ἀπὸ
3211 2568 3321 2621 τῶν
3340 2570 3431 2622 δύο
3455 2570 3712 2624 ἀπολύσω
3727 2573 3755 2625 ὑ
3765 2575 3897 2642 μίν;

2302 2660 2363 2713 Oi
2398 2658 2456 2712 δὲ
2484 2654 2632 2714 εἷπον
2652 2676 2666 2691 ο
2696 2658 3005 2730 Βαραϐϐᾶν.
3041 2661 3206 2729 Λέγει
3236 2660 3421 2723 αὐτοῖς
3460 2663 3487 2714 6
3524 2662 3755 2726 Πιλάτος
3776 2679 3791 2694 ·
3828 2664 3902 2715 Τί

2302 2746 2394 2804 οὖν
2423 2752 2632 2822 ποιήσω
2664 2750 2866 2820 Ἰησοῦν
2890 2751 2980 2805 τὸν
2998 2750 3290 2821 λεγόμενον
3313 2754 3548 2823 Χριστόν
3575 2770 3589 2819 ;
3619 2754 3902 2823 Λέγουσιν

2301 2840 2449 2910 αὑτῷ
2470 2840 2687 2903 πάντες·
2714 2840 3109 2911 Σταυρωθήτω.
3130 2843 3186 2894 '0
3206 2842 3261 2895 δὲ
3284 2843 3509 2913 ἡγεμὼν
3536 2844 3660 2913 ἔφη’
3691 2846 3757 2897 Τί
3782 2848 3904 2916 γὰρ

2302 2932 2471 2986 κακὸν
2506 2932 2796 3003 ἐποίησεν;
2835 2935 2898 2985 Οἰ
2928 2933 3293 3002 δὲμπερισσῶς
3324 2934 3577 3003 ἔκραζον,
3605 2937 3899 3003 λέγοντεςο

2302 3025 2697 3094 Σταυρωθήτω.
2736 3024 2881 3078 Ἰδὼν
2923 3025 2978 3078 δὲ
3017 3029 3043 3077 6
3077 3028 3327 3091 Πιλάτος,
3356 3028 3439 3081 ὃτι
3469 3029 3623 3081 οὐδὲν
3654 3030 3896 3097 ὠφελεῖ,

2304 3114 2439 3177 ἀλλά
2465 3115 2661 3183 μᾶλλον
2687 3115 2914 3185 θόρυϐος
2942 3117 3175 3184 γίνεται,
3206 3118 3558 3189 λαϐὼν-ὔδωρ
3583 3121 3903 3192 ἀπενίψατο

2303 3207 2402 3270 τὰς
2439 3207 2623 3277 χεῖρας
2645 3208 2905 3261 ἀπέναντι
2936 3208 3025 3262 τοῦ
3063 3208 3243 3277 ὄχλου,
3274 3210 3449 3276 λέγων
3472 3227 3486 3243 ·
3535 3212 3739 3275 Ἀθῶός
3771 3216 3903 3283 εἰμι

2303 3298 2409 3351 ἀπὸ
2451 3297 2545 3349 τοῦ
2580 3298 2810 3367 αἵματος
2845 3299 2940 3351 τοῦ
2968 3298 3177 3353 δικαίου
3214 3302 3427 3364 τούτου,
3465 3304 3622 3372 ὑμεῖς
3664 3305 3898 3371 ὄψεσθε.

2304 3387 2407 3441 Καὶ
2438 3389 2755 3459 ἀποκριθεὶς
2789 3390 2895 3452 πᾶς
2926 3391 2954 3441 6
2978 3390 3127 3455 λαὸς,
3161 3388 3308 3444 ἐῐπεο
3338 3394 3410 3444 Τὸ
3441 3388 3579 3463 αἷμα
3611 3396 3777 3447 αὑτοῦ
3808 3399 3881 3463 ἐφ

2304 3480 2450 3547 ἡμᾶς
2484 3480 2580 3533 καὶ
2612 3482 2705 3531 ἐπὶ
2736 3479 2803 3531 τὰ
2828 3480 2992 3533 τέκνα
3016 3483 3192 3551 ἡμῶν.
3237 3483 3369 3536 Τότε
3400 3485 3670 3539 ἀπέλυσεν
3701 3488 3903 3553 αὑτοῖς

2304 3570 2391 3621 τὸν
2422 3570 2733 3638 Βαραϐϐᾶν,
2764 3572 2855 3623 τὸν
2898 3571 2953 3623 δὲ
2998 3572 3206 3640 Ἰησοῦν
3258 3575 3694 3643 φραγγελώσσας
3735 3596 3894 3648 παρ-

2306 3660 2503 3713 έδωκεν
2530 3662 2615 3714 ἵνα
2637 3663 2978 3732 σταυρωθῇ.»
3008 3665 3073 3715 Ὢ
3109 3665 3201 3716 τοῦ
3230 3665 3532 3736 θαύματοςί
3567 3669 3904 3737 κρινόμενος

2306 3750 2409 3801 ὑπὸ
2440 3750 2694 3816 Πιλάτου,
2726 3752 2973 3821 ἐξεφόϐει
3008 3754 3105 3824 τὴν
3128 3756 3317 3809 τούτου
3349 3762 3581 3822 γυναῖκα
3608 3775 3620 3787 ·
3657 3760 3758 3811 οὑκ
3793 3763 3901 3812 αὑ-

2302 3839 2391 3901 τὸς
2414 3839 2470 3892 δὲ
2496 3842 2597 3910 δρᾷ
2631 3841 2690 3893 τὸ
2720 3842 2871 3913 ὄναρ,
2911 3843 3026 3896 ἀλλ’
3058 3846 3089 3914 ἠ
3120 3846 3279 3914 γυνὴ,
3315 3842 3519 3916 ἧ-διότι
3566 3847 3793 3914 ἀνάξιος
3826 3847 3903 3922 ἦν

2303 3931 2554 4001 αὑτὸς,ῆ
2603 3934 2684 3985 ὅτι
2757 3934 2857 3985 οὑκ
2904 3934 2968 3987 ἂν
3021 3937 3340 4007 ἐπιστεύθη,
3403 3938 3518 3991 ἀλλ’
3560 3939 3715 4003 ἔδοξε
3752 3944 3903 4011 πρὸς

2304 4020 2462 4092 χάριν
2505 4022 2711 4089 λέγειν*
2747 4025 2907 4095 τυχὸν
2952 4026 3008 4080 δέ
3056 4028 3154 4080 καὶ
3204 4028 3513 4106 ἐσιώπησεν
3556 4030 3648 4097 ἂν,
3695 4036 3743 4084 εἰ
3785 4032 3901 4087 εἶδε

2304 4113 2487 4179 τοῦτο,
2526 4111 2615 4167 οἷα
2662 4116 2855 4186 κριτὴς
2882 4116 2979 4170 ὢν.
3028 4118 3293 4187 Προνοίας
3330 4120 3387 4172 δὲ
3435 4120 3593 4190 ἔργον
3640 4123 3703 4173 τὸ
3732 4126 3900 4193 ὄναρ,

2304 4205 2399 4273 οὑχ
2420 4206 2505 4290 ἵνα
2526 4205 2764 4276 ἀπολυθῇ
2814 4208 2841 4259 6
2864 4208 3096 4276 Χριστὸς
3125 4209 3214 4261 διὰ
3242 4210 3400 4261 τοῦτο
3428 4214 3741 4281 γενόμενον,
3771 4217 3901 4270 ἀλλ’

2306 4298 2390 4349 ἵνα
2427 4296 2569 4365 σωθῇ
2607 4298 2638 4367 ἡ
2671 4299 2828 4367 γυνή.
2869 4297 2992 4360 Πῶς
3024 4294 3118 4352 οὖν
3156 4300 3256 4352 οὐκ
3291 4301 3599 4367 ἀπέλυσεν;
3638 4306 3763 4357 Ὀτι
3792 4309 3901 4360 οὑκ

2302 4379 2369 4453 ἦν
2403 4384 2639 4451 ἀσφαλὲς
2672 4386 2819 4455 αὑτῷ
2868 4388 3087 4455 ἀφεῖναι
3122 4390 3305 4451 αυτὸν,
3358 4386 3445 4444 οἷα
3477 4394 3567 4444 ἐπὶ
3602 4399 3898 4461 τυραννίδι

643 4499 750 4542 tur.
779 4485 975 4540 Verum
1020 4484 1302 4552 oportebat
1333 4494 1527 4535 causas
1561 4479 1832 4546 inquirere
1862 4478 2033 4541 illum,
2072 4492 2199 4529 num

2306 4476 2812 4546 κατηγορούμενον·
2854 4479 2968 4531 ἀλλ’
3004 4482 3170 4550 ἐχρῆν
3203 4480 3507 4543 ἀποδείξεις
3541 4483 3805 4552 ζητῆσαι,
3846 4490 3897 4540 εί

643 4578 839 4633 milites
892 4575 1274 4634 conscriberet,
1328 4585 1453 4623 num
1494 4582 1643 4622 arma
1684 4567 1969 4621 fabricaret
2006 4585 2018 4619 :
2056 4583 2197 4622 nunc

644 4678 820 4721 autem
856 4664 1006 4733 quasi
1048 4662 1223 4716 mollis
1256 4670 1310 4714 et
1352 4668 1529 4712 mutus
1558 4660 1718 4723 cedit,
1758 4667 1812 4711 et
1860 4658 2060 4711 idcirco
2092 4673 2198 4712 non

642 4767 786 4810 caret
806 4754 1243 4825 reprehensione.
1266 4750 1395 4804 Nam
1423 4764 1542 4806 cum
1572 4756 1817 4817 peterent
1836 4748 1907 4801 illi
1934 4750 2196 4816 insignem

644 4850 789 4901 illum
827 4845 1244 4906 malefactorem,
1282 4841 1426 4896 dedit
1453 4860 1467 4893 :
1494 4841 1557 4919 de
1581 4839 1794 4894 Christo
1823 4848 1996 4891 autem
2031 4839 2197 4892 inter-

644 4950 798 5006 rogat
832 4955 845 4991 :
892 4936 1030 5000 Quid
1084 4935 1246 5001 igitur
1276 4932 1467 4986 faciam
1496 4932 1559 4985 de
1588 4929 1749 4984 Jesu?
1782 4930 1885 4983 illis
1930 4928 2204 4995 judicandi

646 5038 967 5099 poteSIatem
988 5028 1243 5093 largiens.
1275 5023 1433 5093 Atqui
1469 5038 1588 5076 cum
1618 5021 1780 5090 judex
1809 5030 1973 5083 esset,
2000 5027 2206 5087 poterat

647 5124 822 5188 ipsqu
866 5119 913 5170 \i
959 5118 1187 5183 eripere,
1225 5117 1365 5169 sicut
1408 5125 1460 5169 et
1504 5113 1725 5165 Paulum
1766 5112 2013 5165 tribunus
2063 5109 2204 5162 utili-

650 5223 759 5263 tum
778 5208 842 5261 “.
863 5208 939 5261 llli
964 5219 1142 5260 autem
1169 5207 1419 5261 dicebant
1448 5221 1460 5258 2
1486 5203 1859 5275 Crucitigatur.
1898 5203 2011 5256 Non
2036 5201 2205 5257 solum

648 5303 893 5355 occidere
926 5301 1167 5355 volentes
1200 5300 1368 5363 illum,
1405 5300 1495 5353 sed
1534 5310 1583 5351 et
1617 5300 1809 5351 malum
1850 5312 2067 5352 causam
2101 5297 2200 5350 im-

650 5392 959 5463 pingebant.
990 5395 1127 5447 Crux
1159 5395 1301 5446 enim
1335 5392 1687 5460 pessimorum
1718 5390 2037 5459 supplicium
2066 5397 2202 5443 erat.

650 5483 817 5537 Porro
849 5482 1074 5546 lavatur,
1108 5498 1166 5536 ut
1203 5498 1394 5552 purum
1421 5497 1478 5537 se
1507 5483 1755 5537 ostendat
1799 5483 1867 5536 ab
1894 5482 2039 5545 odio,
2072 5481 2207 5535 male

648 5578 908 5632 sentiens.
942 5577 1150 5632 iustum
1183 5579 1326 5631 enim
1360 5576 1640 5632 nominans
1684 5573 1888 5641 Jesum,
1922 5573 2207 5629 homicidis

724 5759 769 5790 “
794 5760 915 5813 Act.
959 5772 1072 5821 ιιι,
1110 5756 1198 5809 22.

2308 4568 2640 4638 στρατιώτας
2668 4569 2976 4636 κατέλεγεν,
3008 4574 3053 4622 εἰ
3079 4571 3217 4624 ὅπλα
3244 4572 3528 4641 ἐχάλκευε*
3572 4574 3670 4627 νῦν
3728 4577 3787 4630 δὲ
3821 4580 3903 4644 ώς

2307 4659 2507 4726 κοῦφος
2530 4661 2623 4711 καὶ
2654 4660 2918 4728 μαλακὸς,
2952 4663 3351 4731 παρασύρεται.
3398 4664 3599 4735 Διόπερ
3637 4666 3762 4721 οὐδὲ
3802 4671 3903 4723 ἀν-

2307 4750 2601 4819 έγκλητος·
2642 4752 3024 4819 αἰτησαμένων
3067 4753 3176 4823 γάρ
3211 4755 3435 4808 ἐκείνων
3482 4756 3572 4813 τὸν
3623 4757 3681 4809 ἐν
3716 4762 3901 4823 κακία

2315 4842 2647 4913 περιϐόητον,
2677 4842 2875 4896 δέδωκε
2898 4860 2909 4873 ·
2940 4845 3071 4914 περὶ
3095 4821 3157 4897 δὲ’
3178 4846 3416 4915 Χριστοῦ
3447 4832 3656 4916 ἠρώτα·
3695 4850 3764 4902 Τί
3801 4821 3901 4907 οὖν

2307 4936 2511 5003 ποιήσω
2558 4934 2792 5003 Ἰησοῦν;
2857 4939 3078 5004 κυρίους
3116 4936 3287 4989 ποιῶν
3326 4939 3423 5008 τῆς
3464 4939 3701 5009 κρίσεως
3742 4945 3901 4995 ὲκεί-

2305 5041 2456 5087 νους·
2492 5025 2663 5077 καίτοι
2696 5025 2920 5094 ἡγεμὼν
2967 5025 3065 5090 ὢν,
3121 5027 3351 5096 ἠδύνατο
3391 5030 3555 5083 αὑτὸν
3601 5032 3894 5100 ἁρπάσαι,

2305 5117 2489 5186 ὥσπερ
2516 5117 2606 5169 τὸν
2644 5117 2851 5169 Παῦλον
2890 5120 2918 5169 6
2941 5118 3239 5189 χιλίαρχος.
3274 5122 3336 5173 Οἱ
3370 5120 3448 5184 δὲ,
3479 5122 3898 5193 Σταυρωθήτω,

2305 5210 2509 5277 ἔλεγον,
2534 5211 2593 5261 οὑ
2629 5210 2789 5279 μόνον
2821 5210 3139 5265 ἀποκτεῖναι
3175 5212 3339 5265 αιἰτὸν
3384 5213 3721 5283 βουλόμενοι,
3753 5216 3901 5271 ἀλλα

2313 5303 2405 5354 καὶ
2452 5303 2667 5371 πονηρᾷ
2696 5302 2845 5371 αἰτίᾳ
2896 5302 3243 5371 περιϐαλεῖν⁸
3279 5305 3307 5356 6
3346 5307 3451 5375 γὰρ
3499 5306 3738 5375 σταυρὸς
3776 5311 3901 5372 τοῖς

2314 5395 2566 5463 πονηροῖς
2613 5394 2867 5446 ἀπέκειτο
2909 5396 3168 5466 τιμωρία.
3216 5396 3480 5451 Νίπτεται
3508 5398 3601 5460 ⁸δὲ,
3644 5399 3899 5466 καθαρὸν

2313 5485 2472 5553 δῆθεν
2499 5484 2687 5537 ἑαυτὸν
2718 5485 3086 5539 ἀποδεικνύων
3118 5487 3211 5539 τοῦ
3259 5489 3483 5557 μύσους,
3533 5490 3720 5551 κακῶς
3752 5508 3898 5559 φρο-

2317 5575 2420 5629 νῶν
2441 5593 2453 5607 ·
2493 5575 2699 5630 δίκαιον
2728 5574 2833 5645 γὰρ
2862 5576 3142 5646 ὀνομάζων
3171 5578 3262 5636 τὸν
3306 5577 3531 5647 Ἰησοῦν,
3564 5578 3714 5649 ὅμως
3750 5598 3895 5651 προ-
