4010 6420
141 423 235 489 455

715 418 1168 481 ENAR'RATIO
1209 417 1292 478 IN
1329 412 1838 478 EVANGELIUM
1878 409 2271 476 MATTH/EI.
2305 430 2376 442 --
2415 405 2570 465 CAP.
2620 399 2858 460 XXVII.

3307 383 3410 448 466

139 538 317 593 δέδῶκε
345 538 461 601 τοῖς
486 538 784 606 φονευταῖξ
846 536 895 586 cl.
923 535 998 598 δὲ,
1041 533 1126 603 ἐφ’
1159 534 1385 595 ἑαυτοὺς
1416 530 1705 601 ἀναδέχον-
1730 576 1740 590 ,

1846 529 1968 583 .lum
2000 525 2244 583 tradidit.
2277 525 2348 577 At
2379 520 2451 574 illi
2491 520 2548 578 in
2574 532 2633 571 se
2662 513 2970 581 suscipiunt
3009 507 3271 560 ultionem
3309 501 3414 560 huc

2652 617 2657 618 ν
2883 602 2916 618 ιε
2974 605 3092 618 "-4-
3155 589 3412 618 ῠΑ-ιιθιιιιηῦη

137 649 214 686 ται
242 633 335 703 τὴν
367 631 462 684 ἐπὶ
491 627 569 697 τῷ
604 627 752 697 φόνῳ
778 626 943 681 αὐτοῦ
970 628 1261 697 τιμωρίαν,
1288 627 1323 696 ἢ
1352 627 1446 678 καὶ
1478 623 1707 677 κατέλα-

139 723 219 774 ϐεν
259 724 477 783 αὐτοὺς,
508 719 616 772 τῶν
654 717 945 788 Ῥωμαίων
975 719 1361 786 άφανισάντων
1390 718 1588 780 αὐτοὺς
1621 715 1717 768 καὶ

138 815 196 867 τὰ
220 814 384 866 τέκνα
410 811 590 863 αὐτῶν
610 825 622 839 ⁸
647 811 786 863 ἀλλὰ
808 813 900 863 καὶ
928 810 976 862 οἱ
1010 811 1172 880 μέχρι
1196 810 1291 863 τοῦ
1324 809 1419 862 νῦν
1453 809 1715 877 Ἑϐραῖοι,

139 909 284 958 τέκνα
320 904 476 964 ὄντες
524 903 753 955 ἐκείνων
783 903 891 953 τῶν
932 903 1312 970 φονευσάντων
1341 902 1433 956 τὸν
1485 902 1712 972 Κύριον,

138 999 188 1050 τὸ
212 990 346 1063 αἷμα
377 993 544 1047 αὐτοῦ
576 994 791 1064 ἔχουσιν
825 994 908 1061 ἐφ’
935 992 1198 1058 ἑαυτούς·
1231 994 1320 1047 διὰ
1349 995 1458 1063 γὰρ
1506 994 1606 1062 τὴν
1637 993 1719 1054 είς

137 1087 220 1137 τὸν
246 1085 453 1155 Κύριον
501 1083 759 1137 ἀπιστίαν
796 1083 1083 1136 διώκονται
1118 1084 1271 1154 παρὰ
1327 1085 1572 1144 πάντων,
1625 1086 1720 1134 καὶ

135 1177 352 1246 οὐδεμία
374 1193 451 1229 πα
460 1175 660 1246 ῥρησία
688 1175 902 1238 τούτοις
919 1175 1272 1244 διωκομένοις
1291 1174 1360 1228 δι’
1381 1174 1514 1227 αὐτὸ
1533 1173 1712 1227 τοῦτο.

1820 621 2116 677 homicidio
2162 618 2400 686 dignam,
2450 624 2556 681 qua
2611 617 2666 662 et
2708 602 2919 676 gravati
2971 605 3118 661 sunt,
3155 589 3415 648 Romanis

1822 718 1967 782 ipsos
1994 721 2049 766 et
2085 712 2324 778 ipsorum
2371 679 2575 772 pueros
2623 693 2979 767 perdentibus
3011 706 3024 742 :
3062 696 3115 740 et
3149 698 3321 752 usque
3362 679 3415 734 in

1821 774 1964 860 nunc
1993 774 2135 858 diem
2159 798 2352 861 .lndari,
2381 795 2471 864 qui
2498 794 2709 847 illorum
2738 793 2867 841 sunt
2893 782 2984 835 lilii
3010 779 3100 846 qui
3129 774 3415 828 Dominum

1824 896 2233 954 interfecerunt,
2267 887 2625 956 experiuntur
2662 896 2690 934 a
2723 894 2780 933 se
2810 874 3128 943 sanguinem
3156 867 3301 920 illius
3328 876 3418 916 re-

1823 991 1964 1060 quiri
1996 1006 2010 1043 :
2059 1002 2182 1041 nam
2212 984 2280 1038 ob
2307 995 2460 1036 suam
2500 973 2939 1031 incredulitatem
2981 960 3417 1035 persecutionem

1824 1050 2108 1158 patiuntur
2144 1078 2214 1133 ab
2254 1074 2508 1130 omnibus
2543 1069 2623 1139 (a)
2654 1064 2810 1134 157
2844 1071 2900 1116 et
2929 1058 3077 1114 nulla
3106 1055 3193 1109 his
3219 1053 3322 1105 hac
3351 1050 3419 1102 de

1825 1145 1990 1230 causa
2016 1172 2239 1226 libertas
2262 1174 2363 1221 est.
2393 1159 2710 1232 Flagellavit
2737 1165 2918 1208 autem
2956 1149 3166 1213 Jesum,
3205 1145 3308 1198 hoc
3337 1148 3420 1194 est

147 1230 592 1342 Ἐςραγγέλλωσε
613 1268 671 1322 δέ
695 1268 787 1322 τὸν
823 1230 1049 1337 Ἰησοῦν,
1071 1230 1372 1334 τουτέστιν,
1392 1267 1718 1337 ἐμάστιξεν,

1846 1264 2154 1328 verberavit,
2187 1259 2271 1314 vel
2305 1258 2410 1311 illis
2457 1230 2793 1325 gratiﬁcans,
2827 1244 2909 1332 vel
2943 1239 3243 1296 ostendens
3273 1230 3418 1300 quod

136 1363 164 1430 ἢ
196 1361 379 1423 αὐτοῖς
411 1360 794 1432 χαριζόμενος,
815 1359 847 1430 ἢ
871 1358 1132 1413 δεικνύων
1165 1359 1246 1412 ὅτι
1272 1358 1600 1412 κατεδίκασε
1627 1357 1722 1410 καὶ

141 1452 290 1514 αὐτὸς
331 1450 534 1511 αὑτὸν,
565 1451 658 1502 καὶ
716 1449 838 1518 οὐχὶ
893 1447 1071 1502 ἀθῶον
1115 1447 1407 1517 ἄνθρωπον
1467 1444 1721 1516 μέλλουσι

143 1541 476 1614 σταυρῶσαι,
497 1540 614 1594 ἀλλ’
643 1540 1014 1610 ἠτιμωμένον.
1058 1537 1382 1611 Ἐπληρὼθη
1411 1534 1504 1591 οῦν
1523 1535 1617 1590 καὶ
1641 1535 1721 1600 τὸ,

145 1655 160 1684 ι
193 1635 293 1686 Τὸν
336 1632 511 1688 νῶτόν
537 1631 852 1700 μουέδωκα
885 1631 967 1692 είς
1003 1631 1299 1698 μάστιγας.
1348 1647 1368 1681 ι

211 1743 230 1775 ι
260 1723 396 1776 Τότε
427 1724 478 1774 oi
498 1721 828 1792 στρατιῶται
864 1720 958 1773 τοῦ
990 1720 1257 1791 ἡγεμόνος
1317 1718 1726 1790 παραλαϐόντες

141 1818 222 1870 τὸν
267 1815 482 1886 Ἰησοῦν
510 1817 590 1876 εἰς
623 1814 682 1865 τὸ
712 1812 1073 1882 πραιτώριον,
1105 1811 1414 1881 συνήγαγον
1449 1811 1536 1864 ἐπ’
1563 1812 1726 1864 αὑτὸν

1824 1369 1878 1414 et
1906 1359 2024 1427 ipse
2053 1353 2201 1408 illum
2236 1349 2581 1408 condemnet,
2618 1351 2672 1396 et
2700 1354 2808 1393 nou
2842 1322 3201 1389 innocentem
3241 1322 3418 1380 homi-

1827 1466 1950 1505 nem
1980 1441 2297 1502 crucillxuri
2351 1440 2478 1499 sint,
2515 1434 2609 1490 sed
2653 1427 2950 1501 ignominia
2990 1429 3258 1477 notatum.
3297 1415 3422 1468 lm-

1827 1541 2027 1610 pletum
2061 1535 2227 1602 igitur
2249 1539 2332 1585 est
2360 1538 2415 1582 et
2443 1527 2573 1580 illud
2601 1543 2614 1578 :
2653 1541 2670 1574 ι
2701 1523 2932 1576 Dorsum
2969 1527 3149 1570 meum
3185 1509 3309 1564 dedi
3357 1506 3422 1559 ad

1827 1631 2033 1700 ﬂagella
2060 1629 2125 1678 ⁸⁸.
2169 1645 2186 1677 ι

1900 1693 2066 1776 Vens.
2093 1715 2284 1772 27-50.
2324 1735 2340 1764 ι
2384 1711 2540 1765 Tunc
2592 1707 2788 1761 milites
2826 1698 3072 1772 praesidis
3105 1693 3414 1760 suscipien-

1832 1827 1911 1872 tes
1942 1813 2124 1868 Jesum
2158 1815 2211 1864 in
2249 1806 2522 1877 praetorio,
2556 1800 3027 1867 eongregaveruut
3049 1789 3116 1843 ad
3146 1801 3268 1841 eum
3302 1781 3426 1835 uni-

137 1907 254 1977 ὃλην
276 1878 379 1974 την
408 1906 664 1971 σπεῖραν,
695 1878 789 1957 καὶ
815 1878 1143 1963 ἐκδύσαντες
1173 1878 1354 1968 αύτὸν,
1386 1900 1724 1970 περιέθηκαν

1846 1922 2042 1960 versant
2089 1903 2393 1961 cohortem,
2423 1906 2477 1948 et
2515 1906 2639 1947 cum
2687 1889 3138 1944 exuisseuteuiu,
3184 1878 3424 1930 circum-

140 1997 279 2066 αὐτῷ
321 1996 578 2066 χλαμύδα
605 1995 893 2064 κοκκίνην,
931 1995 1024 2046 καὶ
1050 1992 1345 2058 πλέξαντες
1373 1994 1638 2059 στέφανον
1667 1990 1726 2054 ἐξ

140 2090 408 2156 ἀκανθῶν,
432 2089 713 2157 ἐπέθηκαν
739 2089 833 2141 ἐπὶ
869 2087 970 2157 τὴν
1008 2087 1252 2158 κεφαλὴν
1280 2086 1467 2151 αὑτοῦ,
1499 2084 1594 2138 καὶ
1624 2085 1728 2140 κά-

140 2185 301 2253 λαμον
339 2183 434 2235 ἐπὶ
485 2183 585 2251 τὴν
636 2180 818 2246 δεξιὰν
870 2179 1196 2234 αὐτοῦ.Καὶ
1257 2178 1730 2247 γονυπετήσαντες

139 2275 450 2346 ἔμπροσθεν
481 2274 670 2341 αὑτοῦ,
689 2273 979 2338 ἐνέπαιζον
1000 2273 1172 2344 αὐτῷ,
1197 2272 1450 2340 λέγοντες
1488 2289 1500 2300 ·
1532 2269 1727 2340 Χαῖρε,

139 2373 162 2420 6
214 2362 478 2439 βασιλεὺς
527 2361 636 2420 τῶν
692 2367 965 2420 Ἰουδαίων
999 2382 1016 2398 ·
1078 2365 1172 2418 καὶ
1227 2363 1608 2433 ἐμπτύσαντες
1653 2364 1732 2426 εἰς

140 2461 316 2527 αὐτὸν,
367 2459 569 2513 ἔλαϐον
615 2459 707 2511 τὸν
739 2458 1009 2526 κάλαμον,
1040 2459 1135 2510 καὶ
1161 2456 1392 2510 ἔτυπτον
1423 2456 1502 2518 είς
1525 2455 1623 2527 τὴν
1643 2472 1734 2508 κε-

142 2553 307 2619 φαλὴν
367 2551 558 2604 αὐτοῦ.
610 2549 878 2603 Ἐνταῦθα
937 2547 1242 2618 ἐπληροῦτο
1270 2548 1329 2600 τὸ
1378 2547 1471 2599 τοῦ
1530 2545 1730 2598 Δαυῖδ’

146 2665 162 2696 ι
198 2645 441 2708 Ὀνειδος
494 2644 692 2712 ἄφρονι
722 2642 933 2702 ἔδωκάς
984 2657 1071 2710 με.
1118 2640 1182 2692 Ol
1239 2640 1348 2709 γὰρ
1405 2636 1736 2708 στρατιῶται

143 2739 356 2804 άτόητοι
387 2735 566 2800 ὄντες,
602 2733 728 2800 ἄξια
773 2728 981 2786 ἑαυτῶν
1012 2731 1229 2783 ἐποίουν
1261 2745 1275 2758 ·
1341 2729 1439 2797 τὴν
1502 2727 1602 2797 μὲν
1627 2726 1737 2795 γὰρ

143 2830 389 2899 χλαμύδα
422 2828 548 2882 ἀντὶ
581 2825 870 2902 πορφύρας
908 2825 982 2888 ὡς
1035 2823 1261 2894 βασιλέα
1309 2824 1567 2876 ἐνέδυσαν
1596 2837 1608 2852 ⁸
1644 2823 1737 2874 τὸν

144 2925 194 2976 δὲ
225 2922 476 2992 κάλαμον
500 2921 712 2974 ἔδωκαν
733 2920 855 2972 ἀντὶ
892 2919 1200 2989 σκήπτρου,
1231 2917 1320 2969 τὸν
1360 2915 1416 2968 δέ
1445 2919 1733 2984 στέφανον,

147 3016 258 3068 ἀντὶ
311 3014 672 3084 διαδήματος.
703 3008 1082 3079 Προσεκύνουν
1106 3008 1162 3061 δὲ
1217 3008 1504 3072 παίζοντες
1528 3022 1540 3034 ·
1581 3005 1741 3059 τοῦτο

149 3111 248 3178 γὰρ
272 3107 426 3176 δηλοῖ
444 3108 509 3160 τὸ
545 3106 889 3172 γονυπετεῑν,
910 3102 972 3155 τδ
1000 3103 1350 3172 προσκυνεῖν.
1372 3101 1513 3172 Ὅρα
1540 3100 1596 3152 δέ
1623 3099 1741 3162 πῶς

1831 1999 2101 2052 dederunt
2141 1993 2189 2046 ei
2233 1986 2571 2057 chlamydem
2604 1980 2938 2041 coccineam,
2968 1981 3023 2027 et
3060 1981 3318 2025 coronam
3363 1964 3428 2017 de

1833 2091 2006 2160 spinis
2037 2094 2351 2144 contextam
2386 2056 2762 2146 imposuerunt
2817 2082 2979 2137 super
3021 2069 3186 2131 caput
3217 2056 3334 2124 eius
3375 2063 3429 2108 et

1834 2182 2150 2239 arundinem
2182 2178 2234 2230 in
2287 2175 2569 2240 dexteram
2636 2165 2754 2233 ejus
2803 2171 2859 2215 et
2911 2172 3050 2227 genu
3108 2153 3250 2207 ﬂexo
3302 2156 3430 2200 ante

1835 2292 1981 2339 eum,
2015 2268 2312 2327 illudcbant
2335 2266 2407 2328 ei,
2442 2263 2687 2317 dicentes
2722 2273 2736 2310 :
2783 2255 2916 2316 Ave,
2953 2264 3048 2303 rex
3093 2244 3428 2300 .ludueorum.

1835 2369 1903 2422 Et
1936 2383 2056 2421 cum
2092 2361 2409 2430 expuissent
2441 2358 2494 2410 in
2528 2367 2678 2415 eum,
2716 2349 3045 2412 acceperunt
3080 2332 3429 2392 arundinem,

1837 2473 1889 2518 et
1921 2419 2296 2529 percutiebant
2318 2458 2476 2518 caput
2501 2448 2643 2515 ejus.
2682 2461 2702 2495 ι
2730 2439 2844 2493 Hoc
2874 2441 2992 2490 loco
3023 2429 3280 2512 impletur
3314 2419 3431 2476 dic-

1839 2519 1950 2620 tum
2004 2547 2171 2603 David
2212 2565 2222 2599 :
2269 2563 2286 2595 ι
2316 2537 2682 2609 Opprobrium
2715 2526 2995 2599 insipienti
3029 2519 3227 2577 dedisti
3266 2529 3370 2604 me.
3409 2531 3427 2564 ι

1840 2643 2038 2696 Milites
2070 2638 2213 2693 enim
2245 2649 2366 2689 cum
2399 2630 2718 2696 insipientes
2753 2626 2956 2682 essent,
2991 2630 3051 2670 se
3076 2615 3235 2681 digna
3268 2600 3436 2662 facie-

1842 2739 1991 2790 bant.
2022 2728 2319 2799 Chlamyde
2366 2739 2463 2795 pro
2492 2731 2726 2791 purpura
2765 2725 2820 2767 ut
2881 2724 3061 2780 regem
3118 2705 3434 2765 induerunt,

1843 2827 2111 2880 calamum
2143 2835 2241 2889 pro
2273 2824 2486 2884 sceptro
2507 2810 2800 2870 dederunt,
2829 2813 3086 2856 coronam
3116 2809 3212 2864 pro
3245 2788 3436 2844 diade-

1845 2929 2008 2975 mate.
2031 2912 2345 2968 Adorabant
2376 2915 2554 2960 autem
2595 2898 2884 2955 illudentes
2911 2911 2921 2945 :
2956 2893 3058 2945 hoc
3088 2887 3237 2943 enim
3264 2879 3435 2952 signi-

1849 3014 1971 3066 lical
2002 3005 2387 3079 genuﬂeetere,
2423 2998 2525 3052 hoc
2573 3003 2664 3048 est.
2714 2990 2960 3044 adorare.
2997 2983 3126 3035 Vide
3165 2974 3440 3049 quomodo

1847 3101 2145 3172 quamlibet
2181 3091 2530 3150 contumelia:
2578 3083 2817 3156 speciem
2851 3063 3440 3136 exercuerint,injuria

139 3172 335 3251 ’πᾶ-σαν-
356 3198 506 3251 ἰδέαν
532 3195 744 3267 ὕϐρεως
774 3191 1072 3263 διεξῆλθον,
1117 3193 1176 3245 τὸ
1208 3184 1307 3263 μὲν
1334 3192 1624 3261 πρόσωπον
1654 3189 1740 3242 διὰ

1848 3195 2168 3256 allicientes,
2227 3187 2418 3241 faciem
2479 3179 2675 3251 sputis,
2714 3185 2875 3244 caput
2933 3181 3156 3230 corona,
3218 3172 3437 3216 manum

151 3293 248 3345 τῶν
274 3250 714 3361 ἐμπτυσμάτων,
736 3287 834 3356 τὴν
861 3250 924 3339 δὲ’
948 3250 1191 3355 κεφαλὴν
1208 3250 1304 3337 διὰ
1316 3250 1409 3336 τοῦ
1449 3283 1740 3352 στεφάνου,

1850 3288 2080 3351 calamo,
2128 3281 2395 3348 reliquum
2455 3287 2657 3342 corpus
2695 3263 3002 3336 chlamyde,
3033 3271 3192 3312 aures
3256 3250 3442 3307 verbis

151 3383 240 3453 τὴν
278 3339 345 3436 δῖ
375 3339 542 3453 χετρξι
598 3339 813 3434 διέτοὲ
842 3339 1118 3448 καλάμου,
1147 3339 1208 3430 ἓδ
1264 3377 1323 3429 δι
1346 3376 1534 3455 λριπδν
1559 3339 1740 3446 ’σῶμα

1846 3373 2131 3435 irrisoriis.
2186 3369 2578 3424 Verumtamen
2634 3358 2816 3414 omnia
2851 3368 2974 3424 qua:
3032 3349 3106 3404 illi
3142 3339 3445 3410 faciebant,

149 3477 228 3530 διὰ
257 3479 359 3546 τῆς
377 3443 687 3546 Ξλάμύδος,
721 3473 789 3527 τά
819 3465 935 3524 ὦτα
987 3443 1076 3523 διὰ
1103 3469 1212 3522 τῶν
1241 3443 1619 3538 χλευάστικῶν
1663 3443 1740 3519 λό-

1848 3484 1945 3541 per
1967 3467 2278 3523 irrisionem
2311 3459 2605 3513 faciebant.
2629 3451 2709 3506 Tu
2730 3459 2912 3504 tamen
2937 3443 3180 3512 intellige
3212 3454 3298 3504 ea,
3327 3448 3448 3504 qua

151 3587 255 3636 των
334 3568 680 3638 ὑϐρίζοντες.
736 3564 884 3633 Πλὴν
944 3565 993 3616 εί
1044 3562 1139 3616 καὶ
1189 3562 1389 3614 ἐκεῖνοι
1442 3559 1751 3622 παικτικῶς

149 3663 371 3716 ἐποίουν
393 3660 430 3714 ἃ.
449 3659 694 3722 ἐποίουν,
725 3659 876 3726 ὅμως
905 3658 971 3709 σὺ
1003 3655 1113 3708 νόει
1138 3655 1314 3707 ταῦτα
1346 3637 1439 3706 καί
1466 3651 1746 3723 μυστικώ-

147 3773 302 3826 τερον
339 3754 451 3809 ὑπὸ
487 3753 584 3806 τοῦ
658 3750 834 3820 Ἰησοῦ
866 3749 1210 3819 τελεσθῆναι.
1258 3747 1323 3802 Ἠ
1359 3746 1456 3816 μὲν
1489 3746 1598 3816 γὰρ
1625 3745 1753 3814 χλα-

152 3852 252 3916 μὺς
286 3849 344 3919 ἡ,
365 3845 627 3914 κοκκίνη,
659 3843 759 3914 τὴν
785 3841 1063 3914 ἡμετέραν
1117 3839 1280 3908 φύσιν
1325 3837 1534 3909 ἐδήλου,
1568 3835 1638 3907 ἢν
1666 3836 1754 3887 αί-

153 3940 380 4010 ματώδη
404 3938 574 3991 οὖσαν
599 3937 696 3990 καὶ
739 3936 987 4005 φονικὴν,
1023 3933 1341 3994 ἀνελάϐετο,
1373 3932 1467 3984 καὶ
1528 3929 1754 3983 ἐνδυσά-

155 4050 314 4102 μενος
339 4032 599 4103 ἡγίασεν.
639 4029 700 4083 '0
721 4028 780 4080 δὲ
817 4027 1081 4096 στέφανος
1108 4028 1134 4077 6
1167 4023 1526 4093 ἐξάκανθῶν,
1561 4025 1619 4076 al
1652 4023 1756 4075 ὑπὸ

155 4123 445 4194 μεριμνῶν
475 4122 572 4175 τοῦ
609 4121 727 4191 βίου
751 4119 1339 4194 συμϐᾶσαιάμαρτίαι,
1370 4117 1436 4180 ἂς
1475 4115 1756 4169 ἀναλίσκει

153 4192 432 4285 τῇῗοίκείᾳ
476 4211 696 4282 θεότητι
721 4213 749 4263 6
777 4211 1012 4280 Χριστός
1040 4226 1053 4240 ·
1093 4192 1419 4278 ,τοῦτο’γὰρ
1458 4206 1757 4259 αίνίττεται

157 4310 186 4376 ἡ
218 4308 436 4377 κεφαλὴ
467 4304 658 4358 αὐτοῦ.
705 4304 765 4357 '0
794 4302 847 4356 δὲ
881 4302 1129 4372 κάλαμος
1183 4300 1283 4370 τῆς
1311 4299 1586 4368 ἡμετέρας
1619 4314 1754 4366 σαρ-

157 4404 248 4463 κος
272 4403 377 4471 τῆς
408 4399 621 4468 σαθρᾶς
649 4399 744 4451 καὶ
788 4394 1052 4458 ἀσθενοῦς
1083 4392 1524 4462 ἐστὶ-σύμϐολον,
1550 4392 1616 4461 ἣν
1661 4392 1756 4444 άν-

158 4493 351 4547 έῖιαϐεν
372 4496 402 4547 6
422 4492 652 4563 Κύριος,
683 4489 828 4544 καθὰ
852 4491 947 4542 καὶ
973 4490 1001 4542 6
1028 4487 1190 4540 Δαυῖδ
1217 4487 1396 4554 λέγει’
1423 4505 1440 4536 ι
1465 4485 1626 4548 Δεξιὰ
1644 4485 1755 4536 Κυ-

1852 3527 2077 3630 inajoris
2102 3568 2231 3610 sunt
2267 3550 2514 3622 mysterii
2546 3547 2612 3602 ab
2639 3544 2766 3600 Jesu
2806 3541 3023 3610 impleta
3069 3534 3258 3589 fuisse.
3288 3527 3450 3584 Chla-

1853 3669 1970 3723 mys
1997 3651 2141 3706 enim
2161 3647 2413 3702 coccinea
2433 3649 2682 3695 naturam
2709 3627 3260 3700 nostramsignilicat,
3276 3633 3445 3692 quam

1853 3759 1977 3802 cum
2000 3737 2347 3811 sanguinaria
2381 3741 2552 3799 esset,
2584 3739 2635 3784 et
2665 3723 2831 3783 caedis
2860 3738 2976 3787 rea,
3013 3715 3276 3786 suscepit,
3301 3710 3451 3766 et‘in-

1855 3837 2028 3892 duens
2057 3809 2441 3887 safnclil‘icavit.
2467 3824 2682 3880 Corona
2702 3826 2883 3873 autem
2903 3829 2967 3869 ex
2999 3809 3196 3882 spinis,
3222 3809 3452 3876 peccata

1858 3939 1987 3985 sunt
2017 3941 2082 3981 ex
2108 3923 2256 3980 curis
2286 3918 2450 3987 huius
2497 3915 2619 3970 vita
2647 3905 3047 3983 provenientia,
3083 3915 3207 3971 qua:
3253 3909 3455 3952 consu-

1858 4023 1957 4076 mit
1988 4033 2086 4076 sua
2115 4015 2314 4073 deitate
2341 4012 2594 4068 Christus
2630 4023 2646 4060 :
2683 4004 3033 4076 prosignatur
3065 3996 3210 4051 enim
3232 4006 3329 4064 per
3359 4003 3453 4044 ca-

1856 4125 1952 4186 put
1973 4113 2149 4167 dcitas
2173 4127 2187 4178 ;
2209 4109 2449 4185 calamus
2475 4113 2674 4158 nostra:
2705 4098 2917 4168 fragilis
2947 4103 3002 4150 et
3022 4091 3254 4146 inﬁrmae
3274 4083 3458 4139 carnis

1856 4176 2179 4276 symbolum?
2213 4207 2319 4263 est,
2374 4182 2560 4265 quam.
2591 4187 2832 4258 suscepit
2886 4181 3167 4243 Dominus,
3221 4176 3363 4230 sicut
3402 4179 3459 4225 et

1868 4297 2039 4352 David
2057 4296 2224 4350 dixit:
2247 4310 2265 4344 ι
2290 4293 2517 4344 Dextera
2539 4283 2752 4339 Domini
2785 4275 3046 4334 exaltavit
3073 4285 3160 4326 me
3184 4268 3251 4324 ⁸⁸.
3288 4285 3306 4318 ι
3346 4265 3457 4319 Au-

1867 4392 2019 4445 ribus
2049 4395 2232 4441 autem
2257 4370 2960 4450 suscipiendoignominias,
2992 4362 3456 4435 sanavitserpen-

1869 4483 1938 4537 tis
1961 4481 2176 4536 sibilum
2206 4492 2302 4546 per
2328 4489 2487 4529 aures
2512 4471 2634 4524 Eva:
2665 4469 2992 4536 ingressum.

161 4589 276 4653 ρίου
319 4585 510 4656 ὕψωσέ
541 4602 628 4655 με.
669 4582 706 4634 ἰ
736 4584 834 4637 Διὰ
891 4583 949 4635 δέ
974 4582 1082 4634 τῶν
1113 4542 1301 4635 ὢτων¹
1333 4542 1626 4649 δεξάμενος
1682 4578 1782 4642 τὰς
1821 4576 2159 4646 δυσφημίας,
2208 4542 2413 4625 -ίάσατο
2482 4568 2572 4619 τὸν
2640 4564 2729 4616 διὰ
2772 4560 2882 4614 τῶν
2945 4555 3100 4607 ὢτων
3161 4550 3260 4620 τῆς
3316 4542 3463 4607 Εὔας

161 4679 559 4732 ἐπεισελθόντα
576 4677 669 4737 τοῦ
699 4676 878 4744 ὄφεως
899 4673 1256 4745 ψιθυρισμόν.

237 4787 257 4818 ι
286 4770 403 4821 Καὶ
421 4768 514 4820 ὅτε
532 4733 824 4828 ἐνέπαιέαν
846 4733 1298 4832 αὐτῷ,τέξέδυσαν
1311 4759 1476 4813 αὑτὸν
1502 4760 1600 4828 τὴν
1620 4757 1740 4827 χλα-

1936 4753 2099 4808 Vens.
2127 4749 2325 4814 51,52.
2356 4767 2374 4799 ι
2402 4746 2464 4800 Ει
2483 4753 2768 4816 postquam
2787 4733 3173 4801 illusissentei,
3198 4734 3466 4786 exuerunt

167 4861 328 4930 μύδα,
367 4859 467 4913 καὶ
495 4857 750 4910 ἐνέδυσαν
774 4855 937 4908 αὐτὸν
968 4854 1036 4907 τά
1067 4855 1261 4924 ἱμάτια
1299 4849 1489 4914 αὑτοῦ,
1524 4851 1620 4904 καὶ
1653 4851 1761 4902 άπ-

162 4957 378 5025 ήγαγον
399 4952 655 5014 αὐτδνείς
673 4949 734 5003 τὸ
761 4947 1101 5020 σταυρῶσαι.
1121 4945 1504 5017 Ἐξερχόμενοι
1525 4943 1580 4995 δὲ
1603 4937 1761 5013 εὗρον

164 5048 458 5117 ἄνθρωπον
493 5045 825 5116 Κυρηναῖον,
853 5041 1080 5111 ὀνόματι
1111 5040 1354 5109 Σίμωνα·
1380 5036 1566 5090 τοῦτον
1583 5037 1760 5107 ἠγγά-

175 5158 374 5210 ρευσαν
402 5141 489 5192 ἶνα
525 5139 633 5208 ἄρῃ
656 5135 749 5189 τδν
779 5135 1015 5206 σταυρὸν
1052 5133 1246 5189 αὐτοῦ.
1280 5152 1298 5183 ι
1346 5133 1410 5185 Οἱ
1447 5132 1554 5200 μὲν
1609 5131 1771 5200 τρεῖς·

167 5249 358 5300 φασιν,
383 5233 466 5284 ὅτι
505 5229 686 5300 Σίμων
726 5227 1000 5281 ἐϐάστασε
1024 5226 1118 5280 τὸν
1165 5223 1400 5294 σταυρὸν
1425 5221 1519 5277 τοῦ
1565 5220 1763 5293 Ἰησοῦ·

169 5328 200 5379 6
243 5326 304 5379 δὲ
335 5326 638 5400 Ἰωάννης,
672 5322 834 5376 αὑτὸν
886 5321 978 5374 τδν
1028 5319 1236 5392 Κύριόν
1275 5334 1409 5388 φησι
1473 5315 1763 5386 βαστάσαι.

174 5416 344 5480 Εἰκὸς
370 5413 466 5471 οῦν
501 5416 792 5487 ἀμφότερα
811 5413 1089 5483 γενέσθαι.
1141 5412 1232 5477 Ἐξ
1273 5412 1447 5482 ἀρχῆς
1485 5411 1582 5481 μὲν
1606 5409 1715 5480 γάρ
1742 5412 1770 5462 6

183 5509 398 5581 Ἰησοῦς
428 5508 700 5562 ἐϐάστασε
728 5507 820 5561 τὸν
867 5507 1119 5577 σταυρὸν,
1157 5504 1388 5575 μηδενὸς
1419 5504 1771 5572 ’θελήσαντος

174 5601 466 5669 βαστάσαι.
503 5601 594 5654 Ἐν
621 5600 678 5656 δὲ
705 5603 770 5670 τῇ
805 5599 910 5670 ὁδῷ
939 5598 1192 5670 εὑρόντες
1219 5597 1458 5667 Σίμωνα,
1491 5595 1771 5666 ἐπέθηκαν

286 5722 331 5754 ⁸³
381 5719 487 5775 lsa.
523 5718 617 5785 30,
653 5719 706 5773 6.
785 5719 830 5750 “
874 5719 1015 5773 Psal.
1076 5732 1241 5784 cxvn,
1282 5714 1368 5770 18.

1871 4863 1995 4905 eum
2027 4843 2332 4914 chlamyde,
2363 4851 2419 4896 et
2470 4839 2764 4893 induerunt
2788 4849 2911 4888 eum
2941 4827 3284 4885 vestimentis
3323 4821 3460 4885 suis,

1873 4952 1928 4999 et
1954 4943 2225 4996 duxerunt
2249 4951 2372 4991 eum
2397 4943 2454 4987 ut
2484 4931 2897 4999 crucifigerent.
2933 4925 3212 4978 Exeuntes
3269 4924 3454 4970 autem

1873 5036 2202 5090 invenerunt
2225 5027 2501 5082 hominem
2519 5023 2858 5094 Cyrenaeam,
2896 5014 3116 5070 nomine
3146 5010 3463 5070 Simonem;

1874 5130 2017 5183 hunc
2045 5125 2347 5194 adegerunt
2377 5127 2433 5174 ut
2472 5117 2682 5172 tolleret
2714 5126 2933 5168 crucem
2970 5108 3113 5179 ejus.
3157 5124 3175 5155 ι
3213 5101 3464 5157 Tres'di-

1827 5219 1830 5223 ’
1872 5229 2005 5276 cunt
2031 5219 2306 5274 Simonem
2335 5222 2583 5282 portasse
2610 5220 2830 5280 crucem
2882 5201 3033 5268 Jesu,
3076 5197 3317 5252 Joannes
3369 5207 3468 5246 au-

1875 5321 1982 5367 tem
2009 5310 2143 5380 dicit
2175 5311 2351 5377 ipsum
2387 5305 2674 5359 Dominum
2705 5307 2961 5370 portasse
2991 5312 3004 5348 :
3037 5287 3336 5353 verisimile
3385 5292 3469 5338 est

1872 5415 2054 5460 autem
2109 5412 2404 5467 utrumque
2462 5394 2687 5450 factum.
2726 5390 2970 5445 Primum
3020 5383 3167 5439 enim
3228 5373 3470 5450 portavit

1871 5496 2030 5552 Iesus
2055 5509 2296 5557 crucem,
2331 5504 2456 5545 cum
2497 5487 2675 5542 nullus
2702 5492 2924 5558 portare
2947 5477 3131 5534 vellet.
3159 5472 3216 5528 In
3242 5471 3331 5528 via
3366 5482 3466 5521 au-

1875 5602 1984 5647 tem
2016 5591 2238 5644 invento
2299 5583 2544 5646 Simone,
2575 5581 2953 5650 imposuerunt
3003 5571 3052 5628 ei
3096 5580 3341 5626 crucem.
3383 5558 3466 5615 Tu

253 5878 334 5949 (a)
369 5877 428 5934 In
469 5875 603 5936 edit.
640 5873 761 5930 Lut.
816 5876 1071 5933 deﬁciens
1111 5882 1194 5932 est
1249 5872 1438 5930 Latina
1463 5871 1664 5936 versio,
1692 5867 1781 5924 ubi
1824 5866 1961 5924 nihil
1984 5867 2049 5925 de
2075 5875 2262 5936 erepta
2296 5859 2498 5917 Judaeis
2532 5822 2806 5914 libertate.
