4010 6410
609 397 713 460 467

1419 384 1996 446 THEOPIIYLACTI
2035 383 2445 445 BULGARL-E
2485 381 2836 444 ARCHIEP.

3735 374 3860 445 468

610 519 792 564 autem
824 515 878 560 ct
904 506 1004 561 hoc
1041 503 1209 578 disce,
1238 500 1378 570 quod
1432 499 1616 555 Simon
1652 500 1997 567 interpretari
2048 477 2169 567 quis

2277 495 2452 565 τούτῳ
2471 494 2563 546 τὸν
2612 493 2868 563 σταυρόν.
2892 491 2964 544 Σὺ
2994 488 3052 544 δὲ
3093 488 3186 545 καὶ
3247 485 3405 542 τοῦτο
3456 485 3713 559 μάνθανε,
3763 487 3860 539 ὅτι

614 606 792 666 potest
819 593 1191 648 obedientiam.
1227 589 1326 656 Qui
1359 588 1526 657 igitur
1575 586 1940 642 obedientiam
1985 584 2166 647 habet,

614 690 704 742 ille
754 702 964 743 crucem
1004 685 1204 740 Christi
1253 682 1371 736 fert.
1408 680 1514 734 Sed
1559 689 1611 732 et
1659 679 1883 749 Cyrene,
1906 692 2027 746 qua:
2067 689 2170 729 una

613 777 966 842 Pentapoleos
999 782 1100 833 est,
1134 771 1657 842 siguillcatquinque
1681 782 1872 822 sensus
1903 768 2170 836 cogendos

611 869 675 919 ad
708 867 977 919 ferendum
999 879 1235 919 crucem.

683 935 1059 1011 Vens..53-37.
1089 973 1107 1006 ι
1153 955 1215 1010 Ει
1245 952 1601 1008 νθιιοτιιηι.ἰιι
1632 951 1807 1005 locum
1841 951 1930 1019 qui
1974 939 2172 1002 dicitur

611 1049 896 1118 Golgotha,
931 1050 1072 1116 quod
1098 1057 1178 1100 est
1218 1045 1477 1100 Calvaria:
1529 1033 1695 1098 locus.
1733 1043 1798 1096 Et.
1835 1042 2098 1095 dederunt
2121 1039 2170 1092 ei

611 1151 826 1194 acetum
863 1140 1047 1193 bibere
1076 1137 1234 1207 158
1256 1151 1375 1190 cum
1405 1135 1528 1189 felle
1562 1136 1777 1190 tnistutn
1800 1155 1812 1187 :
1835 1141 1889 1186 et
1917 1148 2037 1188 cum
2072 1147 2171 1199 gu-

610 1239 833 1294 stassct,
867 1230 1035 1284 noluit
1071 1229 1275 1284 bibi-re.
1331 1227 1622 1294 Postquam
1661 1231 1837 1277 autem
1887 1224 2171 1276 crucilixe-

609 1329 733 1373 runt
763 1335 912 1385 eum,
935 1319 1230 1373 diviserunt
1264 1319 1578 1371 vestimenta
1631 1314 1768 1383 ejus,
1795 1321 1994 1369 sortem
2046 1314 2170 1366 mit-
2201 1342 2208 1349 -

612 1420 804 1474 tentes,
822 1411 1201 1478 utimplcretur
1223 1411 1361 1479 quod
1379 1409 1574 1462 dictum
1593 1415 1674 1460 est
1692 1421 1786 1475 per
1809 1406 2121 1475 prophetam
2151 1419 2163 1455 :

611 1502 920 1556 Diviserunt
951 1503 1051 1556 sibi
1102 1502 1417 1555 veSIintenta
1469 1513 1608 1561 mea,
1653 1507 1708 1551 et
1757 1511 1915 1566 super
1968 1506 2168 1549 vestem

612 1608 787 1647 meam
807 1593 1067 1647 miserunt
1083 1602 1303 1647 sortem.
1320 1591 1648 1646 Etsedentes
1671 1587 2026 1643 observabant
2045 1601 2167 1640 eum

610 1686 740 1749 illic,
764 1695 816 1740 ct
843 1687 1211 1753 imposuerunt
1231 1699 1393 1753 super
1423 1691 1584 1750 caput
1610 1679 1728 1748 ejus
1750 1695 1965 1736 causam
1999 1679 2171 1748 ipsius

611 1774 906 1843 scriptam:
936 1773 1032 1828 llic
1065 1785 1144 1828 est
1176 1772 1331 1828 Jesus
1358 1787 1447 1826 rex
1473 1771 1800 1827 Judmorum.
1842 1790 1859 1824 ι
1881 1770 2063 1826 Cranii
2088 1771 2166 1824 lo-

612 1882 708 1920 cus
725 1867 898 1920 dictus
917 1875 1017 1930 est,
1050 1882 1111 1920 eo
1131 1869 1271 1934 quod
1302 1865 1589 1933 dicuntqui
1612 1865 1925 1919 traditiones
1949 1863 2166 1916 Patrum
2196 1847 2242 1906 Β

611 1965 816 2017 tenent,
847 1958 987 2024 quod
1019 1958 1187 2010 Adam
1229 1956 1336 2010 illic
1377 1956 1615 2025 sepultus
1649 1956 1738 2009 sit.
1766 1953 2076 2010 Sicutenim
2113 1952 2166 2007 in

610 2049 778 2100 Adam
793 2062 981 2100 omnes
999 2049 1282 2110 morimur,
1309 2048 1380 2101 ita
1400 2057 1452 2102 et
1471 2047 1523 2100 in
1538 2046 1755 2102 Christo
1772 2061 1957 2101 omnes
1980 2059 2078 2099 nos
2092 2044 2168 2098 vi-

611 2139 816 2191 viiicarl
842 2141 1119 2206 oportebat
1140 2139 1205 2193 ⁸⁷.
1229 2136 1305 2191 Ne
1326 2139 1554 2193 turberis
1583 2148 1760 2192 autem
1781 2139 1920 2207 quod
1939 2149 2169 2203 evange-

612 2228 746 2282 lista!
797 2229 1003 2292 dicant,
1038 2231 1137 2284 iste
1185 2233 1398 2298 quidem
1448 2240 1661 2283 acetum
1717 2244 1838 2282 cum
1871 2226 1992 2282 lelfc
2040 2228 2170 2280 alla-

615 2337 728 2374 tum
770 2336 888 2374 esse
922 2321 1168 2386 Domino,
1197 2334 1250 2376 et
1277 2322 1487 2376 Marcus
1523 2321 1700 2374 vinum
1744 2321 2074 2387 tnyrrltatum
2102 2319 2169 2384 ⁸⁸,

609 2415 848 2468 Joannes
866 2428 993 2467 vero
1020 2424 1256 2477 acetum,
1288 2425 1340 2467 et
1372 2413 1439 2465 fel
1472 2427 1592 2467 cum
1640 2412 1870 2482 hyssopo
1894 2410 1959 2463 ε’.
2004 2409 2168 2464 Multa

610 2507 754 2559 enim
783 2521 814 2557 a
844 2505 1022 2559 multis
1054 2504 1268 2568 fiebant,
1301 2505 1425 2558 utin
1456 2503 1808 2572 incomposita
1834 2501 2173 2556 multitudine

613 2595 757 2649 aliud
795 2595 902 2650 alio
925 2593 1176 2648 faciente.
1213 2593 1516 2648 Verisimile
1547 2602 1630 2646 est
1657 2593 1837 2664 igitur,
1867 2592 2026 2645 alium
2059 2592 2173 2661 qui-

611 2689 731 2739 dem
749 2686 930 2740 vinum
961 2684 1280 2754 protulisse:
1303 2685 1465 2736 alium
1493 2699 1620 2738 vero
1652 2693 1862 2737 acetum
1883 2698 2000 2736 cum
2028 2681 2170 2736 felle.

613 2779 761 2831 Multi
791 2787 968 2831 autem
999 2776 1186 2830 mortis
1213 2777 1353 2829 modi
1384 2776 1622 2840 fuerunt,
1653 2784 1888 2829 attamen
1925 2775 1978 2827 in
2015 2789 2174 2827 cruce

611 2869 840 2921 moritur
860 2867 1220 2931 Christus,'ut
1249 2875 1302 2920 et
1335 2866 1534 2936 lignum
1559 2867 1875 2928 sanctiﬁcet,
1910 2879 2002 2934 per
2030 2866 2172 2932 quod

610 2961 880 3015 maledicti
932 2960 1147 3022 fuimus,
1169 2969 1221 3014 et
1251 2959 1430 3013 omnia
1465 2957 1779 3012 benedicat:
1813 2965 1866 3011 et
1905 2957 2170 3033 coelestia,

609 3071 725 3122 qum
754 3069 852 3124 per
878 3068 1182 3123 supremam
1217 3061 1420 3119 partem
1473 3050 1668 3111 crucis,
1699 3059 1752 3102 et
1783 3059 2018 3111 terrena,
2054 3063 2173 3118 qum

2273 587 2454 654 Σίμων
2489 583 3120 655 ἐρμηνεύεταιύπακοή
3152 597 3165 612 ·
3191 581 3220 633 ό
3263 577 3357 634 οὖν
3387 579 3525 650 ἔχων
3573 576 3816 649 ὑπακοὴν
3837 617 3855 640 ,

2271 680 2478 741 ἐκεῖνος
2505 678 2650 748 αἴρει
2671 677 2762 729 τὸν
2789 676 3017 745 σταυρὸν
3050 674 3145 727 τοῦ
3181 673 3421 743 Χριστοῦ
3447 689 3459 701 ⁸
3504 671 3642 728 ἀλλὰ
3679 674 3771 723 καὶ
3820 671 3862 739 ἡ

2273 769 2501 837 Κυρήνη
2562 766 2662 836 τῆς
2712 767 3100 827 Πενταπόλεως
3156 763 3310 826 οὖσα,
3343 765 3494 834 δήλοί
3534 762 3632 825 τὰς
3685 764 3858 816 πέντε

2275 859 2576 929 αἰσθήσεις,
2612 857 3064 926 ἁναγκαζομένας
3081 858 3257 926 αἴρειν
3287 856 3378 915 τὸν
3419 855 3668 924 σταυρόν.

2353 967 2371 1001 ι
2403 950 2513 1002 Καὶ
2542 949 2788 1013 ἐλθόντες
2814 951 2893 1012 είς
2929 949 3094 1000 τόπον
3145 947 3437 1016 λεγόμενον
3487 945 3747 1013 remes,
3795 946 3862 1008 ὃς

2277 1047 2396 1101 ἐστι
2452 1046 2746 1118 λεγόμενος
2791 1044 3031 1116 Κρανίου
3061 1045 3244 1107 τόπος,
3271 1043 3477 1096 ἔδωκαν
3532 1041 3678 1110 αὐτῷ
3711 1041 3864 1092 πιεῖν

2274 1138 2396 1202 ὅξος
2437 1141 2573 1210 μετὰ
2613 1138 2774 1210 χολῆς
2818 1136 3175 1207 μεμιγμένον,
3203 1135 3294 1188 καὶ
3355 1133 3714 1204 γευσάμενος.
3753 1133 3865 1184 οὐκ

2273 1231 2432 1300 ήθελε
2469 1234 2611 1283 πιεῖν
2654 1247 2668 1262 ο
2704 1229 3118 1300 σταυρώσαντες
3144 1229 3200 1280 δὲ
3245 1227 3428 1293 αὑτὸν,
3474 1227 3864 1297 διεμερίσαντο

2272 1319 2340 1372 τὰ
2375 1321 2565 1390 ἱμάτια
2596 1318 2780 1384 αὑτοῦ,
2833 1317 3120 1387 βάλλοντες
3171 1316 3374 1386 κλῆρον
3405 1333 3418 1346 ·
3454 1317 3538 1370 ἵνα
3588 1314 3862 1384 πληρωθῇ

2273 1409 2331 1460 τὸ
2361 1409 2523 1480 ῥηθὲν
2550 1411 2650 1462 ὑπὸ
2683 1410 2774 1462 τοῦ
2798 1412 3077 1479 προφήτου
3101 1424 3115 1440 ⁸
3149 1409 3539 1477 Διεμερίσαντο
3562 1405 3627 1458 τὲι
3659 1403 3866 1474 ἱμάτιά

2275 1519 2376 1574 μου
2401 1503 2637 1565 ἑαυτοῖς,
2669 1503 2764 1553 καὶ
2790 1503 2882 1554 ἐπὶ
2901 1501 2992 1553 τὸν
3014 1500 3307 1570 ίματισμόν
3341 1515 3442 1568 μου
3489 1496 3678 1549 ἔϐαλον
3718 1494 3860 1563 κλῆ-

2274 1611 2382 1664 ρον.
2404 1593 2512 1646 Καὶ
2539 1592 2838 1662 καθήμενοι
2876 1592 3102 1661 ἐτήρουν
3128 1590 3290 1644 αὑτὸν
3340 1592 3476 1653 ἐκεῖ,
3508 1589 3600 1639 καὶ
3647 1585 3864 1652 ἐπέθη-

2269 1703 2371 1738 καν
2409 1685 2591 1739 ἐπάνω
2617 1687 2716 1752 τῆς
2745 1684 2986 1754 κεφαλῆς
3016 1684 3184 1737 αὐτοῦ
3206 1683 3302 1754 τὴν
3339 1682 3518 1735 αἰτίαν
3553 1679 3716 1733 αὑτοῦ
3756 1695 3861 1745 γε·

2268 1777 2590 1847 γραμμένην
2611 1792 2624 1806 ⁶
2646 1771 2811 1839 Οὗτός
2835 1779 2981 1830 ἐστιν
3006 1777 3211 1846 Ἰησοῦς
3240 1777 3265 1827 ὁ
3291 1773 3542 1845 βασιλεὺς
3566 1772 3672 1824 τῶν
3717 1773 3866 1824 ’1ου-

2269 1868 2452 1920 δαίων.
2491 1885 2510 1919 ι
2545 1869 2782 1938 Κρανίου
2799 1869 2960 1929 τόπος
2991 1867 3376 1933 ἐλέγετο,διότι
3409 1865 3569 1932 φασιν
3594 1866 3639 1916 οἱ
3660 1866 3720 1914 ἐκ
3742 1879 3861 1914 πα-

2275 1957 2540 2029 ραδόσεως
2568 1960 2829 2028 Πατέρων
2866 1957 3295 2028 παραλαϐόντες,
3330 1957 3410 2008 ὅτι
3445 1957 3472 2008 ό
3506 1954 3676 2022 Ἀδὰμ
3733 1954 3862 2005 ἐκεῖ

2269 2051 2567 2103 τέθαπται·
2593 2049 2781 2119 ὥσπερ
2815 2049 2923 2119 γὰρ
2957 2052 3153 2112 πάντες
3178 2053 3235 2101 ὲν
3270 2049 3336 2118 εῷ
3381 2049 3553 2118 ’Λδὰμ
3578 2047 3860 2101 ἀπεθάνο-

2275 2159 2394 2211 μεν,
2421 2141 2592 2213 οὕτως
2624 2145 2680 2195 ἐν
2707 2143 2786 2211 τῷ
2827 2142 3045 2212 Χριστῷ
3075 2140 3477 2210 ζωοποιηθῆναι
3529 2142 3673 2210 ήμεῑς
3708 2140 3848 2192 ἔδει.

2272 2234 2363 2303 Μὴ
2390 2235 2668 2303 ταραχθῇς
2721 2234 2776 2288 δὲ
2802 2233 3017 2286 ἀκούων
3041 2234 3149 2285 τῶν
3184 2232 3611 2299 εὐαγγελιστῶν,
3648 2231 3856 2283 τούτου

2287 2325 2384 2394 μὲν
2414 2324 2665 2392 λέγοντος
2723 2323 2844 2388 ὅξος
2884 2324 3021 2394 μετὰ
3051 2325 3214 2394 χολῆς
3273 2323 3709 2394 προσενεχῦἧναι
3774 2323 3862 2392 τῷ

2273 2417 2482 2486 Κυρίῳ,
2518 2417 2611 2470 τοῦ
2675 2418 2731 2470 δὲ
2770 2418 3020 2488 Μάρκου,
3066 2417 3496 2487 ἐσμυρνισμένον
3552 2413 3714 2480 οἶνον,
3750 2414 3858 2468 τοῦ

2272 2508 2329 2560 δὲ
2376 2509 2642 2572 Ἰωάννου,
2671 2509 2790 2574 ὅξος
2816 2513 2908 2562 καὶ
2963 2510 3126 2579 χολὴν
3159 2509 3299 2578 μετὰ
3351 2509 3626 2561 ὑσσώπουσ
3677 2507 3860 2564 πολλὰ

2273 2603 2380 2669 γὰρ
2439 2603 2682 2668 ἐγίνοντο
2728 2603 2878 2671 παρὰ
2930 2603 3159 2668 πολλῶν,
3185 2599 3271 2655 οἷα
3313 2603 3547 2656 ἀτάκτου
3611 2601 3860 2672 πλήθους

2272 2695 2448 2758 ὄντος,
2483 2696 2572 2747 καὶ
2599 2694 2758 2748 ἄλλου
2786 2695 2913 2748 ἄλλο
2936 2695 3237 2758 ποιοῦντος.
3288 2694 3448 2754 Εἰκὸς
3483 2689 3574 2746 οὖν
3604 2695 3694 2746 τὸν
3723 2694 3856 2762 μὲν,

2272 2781 2412 2836 οἶνον
2436 2786 2763 2856 προσφέρειν
2786 2800 2798 2811 ’
2830 2785 2919 2837 τὸν
2934 2785 2990 2838 δὲ
3028 2786 3148 2849 ὅξος
3177 2785 3315 2856 μετὰ
3356 2786 3537 2855 χολῆς.
3574 2786 3768 2837 Πολλοὶ
3796 2785 3858 2838 δὲ

2276 2876 2508 2928 Θανάτου
2537 2873 2677 2946 ἦσαν
2705 2878 2915 2947 τρόποι,
2942 2877 3055 2930 ἀλλ’
3097 2879 3246 2947 ὅμως
3275 2878 3495 2947 σταυρῷ
3523 2876 3859 2931 θανατοῦται

2276 2969 2302 3018 ὁ
2327 2967 2369 3018 Χ
2380 2969 2583 3036 ριστος,
2608 2969 2691 3020 ἵνα
2719 2969 2809 3021 καὶ
2832 2970 2889 3021 τὸ
2917 2969 3070 3033 ξύλον
3104 2969 3327 3040 ἁγιάσῃ,
3350 2969 3416 3022 δι’
3441 2963 3501 3024 οὗ
3528 2967 3858 3039 πατήράθη-

2281 3077 2398 3128 μεν,
2450 3061 2542 3112 καὶ
2575 3061 2642 3112 τὰ
2700 3060 2988 3130 σύμπαντα
3035 3062 3326 3135 εὐλογήσῃ·
3368 3063 3437 3116 τά
3487 3079 3546 3114 τε
3594 3062 3858 3132 οὐράνια,

606 3162 704 3214 per
737 3148 1155 3216 suppedaneum,
1213 3154 1268 3197 et
1296 3147 1428 3197 fines
1457 3153 1662 3206 terrrae,
1690 3140 1966 3195 Orientem
1995 3151 2048 3194 et
2073 3140 2167 3194 0c-

2276 3150 2310 3203 ἃ
2333 3151 2582 3218 δηλοῦται
2618 3153 2704 3205 διὰ
2727 3153 2822 3206 τοῦ
2866 3155 3148 3208 ἁνωτάτου
3181 3156 3378 3226 μέρους
3436 3155 3533 3208 τοῦ
3583 3155 3856 3226 σταυροῦ,

608 3237 897 3297 uidentem,
942 3234 1032 3302 qui
1098 3249 1191 3300 per
1250 3243 1584 3286 transversas
1636 3240 1818 3300 partes
1862 3229 2041 3284 crucis
2097 3229 2168 3282 si—

607 3335 864 3395 gnantur.
889 3324 991 3379 Sel
1025 3335 1078 3377 et
1108 3324 1348 3378 extendit
1380 3339 1590 3393 manus,
1618 3320 1674 3374 ui
1702 3322 1755 3375 in
1806 3320 1960 3374 ulnas
1997 3323 2169 3374 susci-

606 3423 717 3493 piat
743 3429 796 3473 et
829 3431 1112 3489 congreget
1138 3418 1270 3472 ﬁlios
1292 3418 1380 3472 Dei
1407 3419 1693 3486 dispersos.
1719 3416 1966 3468 Dividunt
1992 3425 2166 3467 autem

605 3511 931 3565 vestimenta
963 3510 1078 3577 ejus
1123 3510 1346 3571 milites,
1373 3518 1429 3562 ut
1464 3508 1709 3577 frugalis,
1735 3517 1787 3560 ct
1840 3505 1973 3560 nihil
2023 3505 2166 3556 aliud

610 3601 877 3656 habentis.
904 3599 1139 3653 Titulum
1179 3611 1358 3654 autem
1400 3614 1556 3668 quem
1588 3599 1726 3652 dixit
1755 3597 1892 3650 alius
1936 3611 1996 3649 ev
2011 3610 2170 3661 auge-

607 3693 754 3756 lista,
808 3691 1086 3746 Mattltsens
1135 3692 1265 3745 dicit
1318 3708 1555 3744 causam.
1592 3690 1969 3757 Ascripserunt
2023 3689 2167 3740 enim

607 3783 762 3852 cujus
791 3784 960 3853 gratia
986 3783 1276 3838 crucifixus
1307 3792 1470 3844 esset,
1510 3797 1699 3849 nempe
1734 3794 1790 3834 ut
1825 3798 1913 3834 rex
1947 3779 2168 3833 Judaeo-

609 3890 749 3938 rum,
778 3883 834 3928 et
883 3889 1060 3928 rerum
1095 3883 1333 3928 nova‘tor.
1372 3872 1446 3925 ΙΙΙί
1478 3873 1633 3944 igitur
1671 3888 1851 3940 regem
1904 3874 2166 3942 ascripse-

609 3975 732 4019 runt
795 3981 892 4033 pro
947 3965 1307 4019 accnsmiune.
1370 3963 1753 4018 Verumtamen
1803 3967 2165 4019 testimonium

606 4057 733 4110 illud
767 4056 920 4111 fidele
950 4061 1111 4109 etiam
1146 4057 1215 4109 ab
1272 4056 1506 4109 inimicis
1556 4055 1865 4110 adductum.
1906 4054 2015 4109 Rex
2051 4057 2170 4124 qui-

605 4150 725 4201 dem
757 4159 839 4202 est
878 4148 1155 4207 Dominus,
1185 4149 1273 4214 qui
1308 4147 1374 4199 ad
1430 4148 1531 4201 hoc
1572 4148 1737 4208 venit,
1764 4155 1821 4199 ut
1878 4147 2047 4201 salvet
2075 4145 2170 4200 Ju-

605 4246 767 4293 t'teos.
803 4237 938 4303 Quia
983 4247 1159 4291 autem
1201 4238 1442 4292 carnales
1488 4235 1659 4290 Jttdmi
1708 4238 1991 4291 noluerunt
2022 4238 2167 4290 illum

604 4345 766 4398 super
819 4344 878 4382 se
913 4345 1133 4396 regnare
1161 4369 1173 4392 ,
1215 4344 1305 4383 rex
1347 4330 1404 4382 fit
1453 4329 1807 4397 spiritualium
1839 4329 2165 4394 Judzeorum,

606 4423 712 4479 hoc,
743 4430 825 4473 est
852 4422 1244 4474 confitentium.
1310 4419 1522 4473 Judqu
1555 4419 1696 4475 enim
1732 4420 1982 4488 conﬁtens
2032 4421 2166 4476 dici-

606 4523 712 4564 Iill’.

2273 3244 2365 3295 καὶ
2387 3244 2781 3313 1'1t‘trroxildvta,
2815 3246 2850 3299 ἃ.
2881 3246 3244 3315 δηλοῦται,διὰ
3279 3247 3371 3301 τοῦ
3401 3248 3689 3300 ὑποποδίου
3709 3286 3722 3308 ,
3752 3247 3859 3301 καὶ

2268 3334 2334 3385 τὰ
2360 3335 2567 3402 πέρατα
2589 3338 2686 3402 τῆς
2710 3340 2831 3405 γῆς,
2850 3339 2908 3391 τό
2942 3357 3000 3391 τε
3041 3338 3376 3392 Ἀνατολικὺν
3402 3338 3496 3390 καὶ
3516 3339 3576 3390 τὸ
3592 3340 3857 3402 Δυτικὸν,

2269 3427 2304 3480 δι
2333 3428 2584 3497 δηλοῦται
2619 3429 2706 3481 διὰ
2738 3430 2846 3482 τῶν
2872 3434 2934 3482 ἐκ
2969 3431 3194 3498 πλαγίου
3233 3431 3416 3502 μερῶν
3446 3430 3539 3483 τοῦ
3573 3430 3850 3500 σταυροῦο

2276 3518 2408 3570 ἀλλὰ
2468 3522 2563 3571 καὶ
2610 3521 2696 3573 ἵνα
2748 3521 2994 3585 ἐκτείνας
3036 3524 3130 3585 τὰς
3184 3527 3372 3594 χεῖρας
3419 3522 3859 3591 ἐναγκαλίσηται

2270 3609 2362 3660 καὶ
2396 3609 2595 3680 συνάξῃ
2640 3612 2708 3662 τὰ
2735 3611 2898 3664 τέκνα
2932 3611 3026 3664 τοῦ
3077 3614 3210 3666 Θεοῦ
3252 3616 3317 3668 τὰ
3358 3615 3856 3684 διεσκορπισμένα.

2271 3702 2689 3770 Διαμερίζονται
2741 3703 2836 3756 καὶ
2877 3704 2945 3756 τὰ
2979 3705 3172 3772 ἱμάτια
3203 3705 3366 3757 αὑτοῦ
3392 3707 3440 3757 oi
3488 3706 3855 3775 στρατιῶται,

2270 3791 2344 3851 ὼς
2380 3793 2650 3855 εὐτελοῦς,
2687 3796 2780 3846 καὶ
2822 3796 2988 3864 μηδὲν
3023 3795 3149 3848 ἄλλο
3181 3797 3412 3865 ἔχοντος.
3459 3797 3553 3849 ’ον
3583 3797 3636 3849 δὲ
3689 3794 3858 3852 εἶπεν

2269 3882 2426 3946 ἄλλος
2448 3885 2842 3955 εὐαγγελιστὴς
2868 3888 3095 3952 τίτλον,
3122 3889 3309 3940 τοῦτον
3332 3888 3650 3950 όΜατθαῖός
3679 3906 3859 3958 φησιν

2269 3976 2485 4028 αἰτίαν·
2521 3977 2838 4048 ἐπέγραψαν
2877 3980 2983 4049 γὰρ
3010 3979 3153 4043 τίνος
3185 3980 3368 4034 ἕνεκεν
3394 3980 3737 4050 ἐσταυρώθη,
3764 3983 3857 4035 ὅτι

2282 4067 2360 4124 ὡς
2397 4067 2649 4134 βασιλεὺς
2707 4069 2817 4122 τῶν
2859 4072 3146 4136 Ἰουδαίων,
3185 4074 3280 4126 καὶ
3335 4073 3409 4131 ὡς
3461 4074 3856 4144 νεωτεριστής.

2272 4155 2500 4207 Ἐκεινυι
2538 4157 2636 4224 μὲν
2677 4157 2766 4210 οῦν
2799 4159 2878 4222 τὸ,
2916 4160 3200 4225 Βασιλεὺς,
3231 4162 3546 4230 ἐπέγραψαν
3604 4165 3697 4214 ἐπὶ
3729 4165 3857 4215 δια-

2271 4246 2422 4316 ϐολῇ.
2461 4249 2603 4316 Πλὴν
2638 4252 2668 4319 ή
2702 4252 2977 4322 μαρτυρία
3026 4252 3164 4323 αῦτη
3218 4255 3505 4325 πιστὴ,ὠς
3531 4255 3683 4324 παρὰ
3738 4258 3858 4311 τῶν

2270 4339 2481 4409 ἐχθρῶν
2533 4343 2868 4412 εἰσαχθείσα.
2907 4346 3170 4410 Βασιλεὺς
3238 4348 3345 4418 γάρ
3385 4351 3533 4401 ἐστιν
3564 4350 3592 4400 ὁ
3639 4348 3857 4418 Κύριος

2270 4428 2356 4479 ἐπ’
2386 4429 2516 4482 αὐτὸ
2541 4430 2697 4485 τοῦτο
2727 4432 2914 4497 ἐλθὼν,
2953 4435 3038 4487 ἵνα
3062 4435 3211 4507 σώσῃ
3234 4440 3359 4497 τοὺς
3388 4439 3691 4501 Ἰουδαίους·
3727 4441 3857 4492 ἐπεὶ

2273 4519 2331 4570 δὲ
2383 4519 2433 4571 oi
2465 4523 2720 4591 σαρκικοὶ
2783 4523 3028 4577 Ἰουδαῖοι
3051 4526 3151 4579 οὐκ
3195 4527 3466 4596 ἠθέλησαν
3527 4527 3857 4598 βασιλεῦσαι

605 4608 766 4660 αὑτὸν
834 4607 920 4659 ἐπ’
961 4609 1179 4672 αὐτοὺς,
1244 4606 1495 4676 βασιλεὺς
1551 4609 1761 4674 γίνεται
1820 4609 1929 4660 τῶν
1987 4613 2373 4680 πνευματικῶν
2446 4616 2735 4685 Ἰουδαίων,
2789 4620 3072 4685 τουτέστι,
3131 4622 3241 4676 τῶν
3311 4623 3855 4692 ἐξομολοίουμένων·

617 4703 864 4761 Ἰουδαῖος
889 4701 995 4767 γὰρ
1010 4702 1555 4770 ἐξομολογούμενος
1573 4699 1809 4768 λέγεται.

680 4791 839 4845 Vens.
865 4791 1056 4845 38-44.
1096 4808 1112 4840 ι
1151 4790 1300 4845 Tunc
1331 4791 1719 4859 crucifiguntnr
1771 4808 1891 4845 cum
1953 4807 2017 4846 eo
2062 4793 2165 4848 duo
2199 4809 2243 4864 ο

604 4887 862 4946 latrones,
897 4899 1076 4938 unusa
1109 4885 1329 4947 dextris,
1354 4893 1407 4936 et
1433 4884 1570 4937 alter
1598 4899 1626 4935 a
1657 4884 1910 4939 sinistris.
1943 4886 2168 4939 l’raater-

601 4987 789 5031 euntes
823 4986 1000 5034 autem
1034 4975 1271 5029 convicia
1299 4975 1571 5043 jaciebant
1604 4976 1654 5028 in
1706 4991 1853 5040 eum,
1889 4987 2163 5031 moventes

604 5069 778 5135 capita
812 5081 910 5120 sua
933 5078 986 5119 et
1011 5068 1250 5121 dicentes
1274 5085 1286 5120 :
1310 5066 1386 5119 Tu
1410 5068 1499 5135 qui
1534 5068 1852 5122 destruebas
1882 5052 2172 5137 templum,

602 5169 654 5210 ut
689 5158 737 5210 iu
766 5156 944 5210 triduo
966 5157 1292 5219 :ndillcabas,
1332 5172 1483 5210 serva
1518 5158 1889 5225 temetipsum;
1925 5160 1966 5212 si
2000 5159 2166 5212 Filius

603 5249 693 5301 Dei
715 5263 797 5311 es,
825 5248 1092 5302 descende
1116 5246 1183 5301 de
1205 5263 1383 5302 cruce.
1415 5247 1674 5302 Similiter
1702 5257 1755 5302 et
1788 5249 2164 5318 principcssa-

603 5341 879 5391 ozerilotum
929 5339 1213 5393 illudentes
1242 5354 1362 5392 cum
1391 5339 1595 5394 Scribis
1640 5351 1693 5392 et
1741 5342 2044 5394 senioribus
2109 5351 2164 5394 ct

603 5429 892 5482 Pbarisaeis
910 5431 1155 5484 dicebant
1181 5449 1192 5482 ι
1226 5433 1371 5488 Alios
1401 5432 1656 5496 servavit,
1681 5433 2024 5500 semetipsum
2058 5447 2160 5484 non

606 5530 781 5588 potest
813 5522 1066 5574 servare?
1091 5522 1145 5575 Si
1181 5538 1270 5575 rex
1298 5523 1458 5577 lsravl
1481 5534 1582 5587 est,
1621 5524 1905 5576 descendat
1935 5541 2072 5577 nunc
2097 5525 2163 5577 de

605 5626 784 5678 cruce,
816 5623 868 5666 et
892 5599 1173 5669 credemus
1202 5615 1270 5670 ei.
1298 5614 1524 5670 Coufidit
1567 5615 1617 5668 in
1651 5613 1782 5680 Deo,
1811 5615 1994 5670 liberet
2038 5631 2161 5671 eum

675 5787 720 5819 ⁸⁷
773 5788 942 5844 lCor.
975 5804 1061 5854 XV,
1102 5793 1191 5846 ‘29..

1271 5796 1313 5827 ⁶¹¹
1342 5795 1506 5851 Marc.
1546 5813 1633 5852 xv.
1715 5801 1757 5831 δ’
1797 5797 1954 5855 Joan.
2001 5816 2112 5856 χιιι.

2349 4811 2366 4841 ι
2403 4792 2535 4846 Τότε
2569 4796 2926 4864 σταυροῦνται
2959 4798 3058 4850 σὺν
3096 4799 3245 4871 αὑτῷ
3273 4785 3365 4853 δῦο
3397 4801 3613 4871 λῃσταὶ,
3649 4801 3735 4868 εἷς
3785 4808 3857 4863 ἐκ

2271 4883 2479 4947 δεξιῶν,
2515 4888 2607 4939 καὶ
2641 4882 2719 4949 εἷς
2742 4889 2800 4952 ἐξ
2833 4890 3130 4961 εὐωνύμων
3161 4908 3174 4921 ·
3200 4895 3246 4944 oi
3279 4894 3334 4946 δὲ
3387 4897 3858 4967 παραπορευόμε-

2271 4994 2349 5029 νοι
2384 4977 2772 5049 ἐϐλασφήμουν
2801 4982 2982 5046 αὑτὸν,
3018 4983 3296 5047 κινοῦντες
3325 4985 3426 5049 τὰς
3465 4990 3708 5055 κεφαλὰς
3745 4993 3855 5045 αὑ-

2269 5068 2399 5131 τῶν,
2428 5073 2521 5123 καὶ
2548 5072 2822 5138 λέγοντες·
2863 5075 2922 5129 Ὀ
2955 5078 3244 5132 καταλύων
3270 5080 3362 5133 τὸν
3378 5083 3501 5134 ναδν
3524 5085 3618 5135 καὶ
3637 5086 3696 5135 ἐν
3729 5103 3857 5156 τρι-

2271 5161 2352 5212 σὶν
2381 5163 2609 5232 ἡμέραις
2655 5167 2973 5235 οἰκοδομῶν,
3004 5169 3177 5222 σῶσον
3216 5173 3469 5225 σεαυτόν
3521 5175 3568 5226 εί
3605 5176 3736 5240 Υἱὸς
3801 5176 3858 5232 εἶ

2269 5251 2360 5303 τοῦ
2391 5254 2546 5318 Θεοῦ,
2572 5257 2840 5326 κατάϐηθι
2864 5259 2970 5312 ἀπὸ
2993 5260 3087 5312 τοῦ
3119 5264 3377 5332 σταυροῦ.
3415 5265 3644 5332 Ὁμοίως
3666 5269 3724 5321 δὲ
3755 5276 3856 5324 καὶ

2273 5344 2321 5393 oi
2354 5347 2626 5416 ἀρχιερεῖς
2664 5349 3022 5415 ἐμπαίζοντες
3056 5355 3194 5420 μετὰ
3225 5356 3333 5406 τῶν
3357 5361 3736 5426 γραμματέων
3755 5367 3855 5416 καὶ

2274 5439 2656 5508 πρεσϐυτέρων
2687 5443 3106 5513 καὶΦαρισαίων
3136 5446 3340 5514 ἔλεγον*
3370 5449 3596 5512 ’Ἄλλους
3615 5452 3851 5520 ἔσωσεν,

2273 5530 2460 5582 ἑαυτὸν
2489 5533 2549 5583 οὐ
2580 5533 2801 5586 δύναται
2833 5536 3036 5600 σῶσαι;
3073 5539 3136 5592 El
3169 5539 3422 5607 βασιλεὺς
3464 5542 3683 5613 Ίσραιήλ
3705 5548 3850 5612 ἔστη

2236 5620 2564 5674 ,καταϐάτω
2596 5623 2689 5675 νῦν
2734 5625 2841 5676 ἀπὸ
2877 5627 2970 5677 τοῦ
3026 5628 3279 5697 σταυροῦ,
3324 5630 3416 5682 καὶ
3477 5632 3852 5705 πιστεύσομεν
