4010 6416
141 365 257 436 109

723 369 822 433 EN
835 370 1181 457 ARBATIO
1222 371 1305 434 ΙΝ
1332 372 1769 435 ΕνΑΝῦΕιιῑ

1886 372 2278 449 MANE/EI.
2310 397 2381 411 —
2419 372 2579 435 CAP.
2623 370 2874 435 xxvu.

3336 346 3457 429 Δ4·ῖο

143 479 239 535 δέκ’
267 479 455 553 αὖτῷ.
491 479 765 549 nmio.»
792 484 886 538 ἰπὶ
910 483 1005 537 τὸν
1021 483 1174 547 Θεὸν,
1204 483 1465 553 ῥυσάσθω
1522 483 1620 537 νῦν
1653 485 1744 537 αὐο

1876 502 2017 552 tunc,
2051 487 2097 541 si
2133 487 2239 540 vult
2263 501 2386 541 eum
2423 501 2437 540 :
2468 485 2607 540 dixit
2633 483 2804 545 enim,
2830 479 3000 535 Filius
3022 478 3113 533 Dei
3132 493 3277 533 sum.
3312 475 3458 547 ldip—

141 568 267 639 16v,
292 573 352 627 σι
378 572 525 627 θέλει
544 572 730 627 αὐτόν·
759 567 881 627 εἶπε
917 575 1028 647 γὰρ
1053 576 1156 641 ὅτι,
1181 575 1317 629 Θεοῦ
1340 578 1459 645 εἰμι
1497 576 1643 639 Υἱός.
1677 577 1751 629 Τὸ

144 661 198 716 δ’
246 662 396 718 αὐτὸ
449 663 546 717 καὶ
597 666 646 717 oi
694 665 891 737 λῃσταὶ
949 666 999 718 οί
1051 666 1527 736 συσταυρωθέντες
1581 666 1750 736 αὑτῷ,

144 757 441 822 ὠνείδιζον
487 758 658 828 αὐτῷ.
689 778 707 810 ι
756 758 904 829 Πρὸς
944 758 1199 829 διαϐολὴν
1226 759 1320 811 τοῦ
1362 759 1604 829 Χριστοῦ
1656 777 1754 811 συ-

148 853 494 923 σταυροῦσιν
532 852 681 923 αὑτῷ
713 853 807 906 δύο
828 854 1053 924 λῃστὰς,
1088 854 1175 906 ἵνα
1194 854 1287 907 καὶ
1322 854 1483 917 αὐτὸς
1512 855 1753 916 τοιοῦτος

148 944 397 1015 νομισθῇ
426 947 746 1017 παράνομος
772 946 848 1010 ὡς
875 948 1092 998 ἐκεῖνοι.
1128 945 1311 1009 Τύπος
1336 946 1393 999 δὲ
1438 942 1579 1016 ἦσαν
1609 942 1755 999 οὗτοι

146 1035 263 1088 τῶν
292 1038 396 1090 δύο
417 1037 586 1103 λαῶν,
613 1037 706 1091 τοῦ
729 1056 789 1091 τι
830 1037 1125 1093 Ἰουδαϊκοῦ
1149 1039 1243 1092 καὶ⁵
1264 1038 1358 1090 τοῦ
1382 1037 1623 1090 ὲθνικοῦ·
1648 1039 1756 1107 ἀμ-

152 1127 388 1199 φότεροι
426 1128 538 1199 γὰρ
570 1130 903 1199 παράνομοι,
956 1132 1049 1183 καὶ
1080 1128 1438 1195 ὀνειδίζοντες
1461 1130 1555 1183 τὸν
1610 1130 1754 1200 Χρι-

155 1219 305 1270 στόν·
341 1218 537 1289 ὥσπερ
570 1221 662 1273 καὶ
690 1214 835 1273 οὗτοι
876 1221 1142 1292 πρότερον
1169 1224 1218 1274 οί
1242 1223 1439 1293 λῃσταὶ
1480 1222 1755 1286 ὠνείδιζον

152 1310 470 1380 ἀμφότεροι
491 1329 504 1341 ·
548 1311 780 1382 ὕστερον
809 1312 866 1366 δὲ
892 1314 919 1393 6
953 1306 1033 1376 εἷς
1081 1316 1341 1381 ἐπιγνοὺς
1370 1316 1555 1380 αὑτὸν,
1610 1316 1757 1385 ὡμο-

151 1401 360 1471 λόγησε
391 1401 640 1473 βασιλέα’
670 1404 860 1458 διὸκαὶ
884 1403 1058 1473 ἔλεγε·
1078 1406 1367 1475 Μνήσθητί
1396 1424 1520 1475 μου,
1546 1407 1722 1476 Κύριε
1740 1448 1753 1471 ,

155 1495 214 1546 ἓν
237 1497 307 1566 τῇ
336 1493 592 1564 βασιλείᾳ
630 1512 724 1547 σου
749 1513 761 1526 ·
797 1496 969 1559 οὕτως
1017 1492 1111 1549 οὖν
1145 1499 1239 1550 καὶ
1293 1500 1321 1551 6
1374 1498 1589 1561 ἐθνικὸς
1630 1499 1759 1563 λαὸς

156 1585 486 1657 ὡμολόγησε
510 1588 601 1639 τὸν
631 1588 888 1658 Χριστόν.
930 1588 990 1641 Ὀ
1004 1588 1059 1641 δὲ
1082 1591 1270 1660 ἕτερος
1291 1590 1518 1662 λῃστὴς,
1558 1592 1584 1643 6
1630 1591 1759 1643 Ἰου-

156 1679 345 1743 δαῖκὺς
366 1680 517 1745 λαὸς,
540 1680 885 1750 ὲδλασφήμει
903 1699 917 1713 ·
956 1682 983 1735 6
1016 1681 1262 1743 διάϐολος
1284 1682 1338 1734 δὲ
1364 1681 1603 1735 ὑπέϐαλε
1628 1684 1758 1745 τοῦς
1831 1666 1839 1681 ’

157 1772 450 1841 λέγοντας
497 1791 516 1825 ι
550 1772 613 1826 Ei
646 1773 775 1836 Υἱὸς
816 1768 982 1827 εἰτοῦ
1017 1773 1175 1840 Θεοῦ,
1209 1773 1481 1842 κατάϐηθι
1526 1774 1635 1827 ἀπὸ
1666 1773 1758 1825 τοῦ

164 1864 425 1937 σταυροῦ,
461 1885 482 1917 ι
521 1866 609 1919 ἵνα
666 1866 970 1936 ἐρεθισθεὶς
999 1866 1238 1937 καταϐῇ,
1270 1868 1363 1919 καὶ
1398 1840 1690 1936 ἀνατραπῇ
1726 1869 1758 1935 ἡ
1792 1840 1837 1897 Β

161 1950 384 2013 πάντων
414 1958 507 2012 διὰ
539 1958 634 2011 τοῦ
656 1957 893 2029 σταυροῦ
916 1959 1180 2031 σωτηρία.
1206 1960 1298 2012 Διὸ
1320 1962 1346 2013 6
1369 1961 1634 2030 Χριστὸς,
1668 1962 1764 2013 καὶ

162 2048 289 2114 Υίός
320 2051 446 2104 ἱστι
469 2048 564 2103 τοῦ
606 2050 742 2107 Θεοῦ
800 2051 895 2104 καλ⁵
924 2052 1024 2103 οὐκ
1059 2050 1289 2119 ἐπείσθη
1324 2050 1401 2120 τῷ
1438 2050 1643 2123 ἐχθρῷ,
1677 2052 1766 2104 ἵνα

163 2143 348 2196 καὶσὺ
383 2142 668 2213 μανθάνῃς
702 2143 786 2195 ὅτι
816 2142 876 2194 οὐ
935 2143 1016 2195 δεῖ
1044 2142 1331 2196 πείθεσθαι
1357 2144 1470 2205 τοῖς
1514 2143 1612 2195 τοῦ
1648 2144 1762 2197 δια-

165 2232 319 2288 ϐόλου
359 2234 763 2304 τεχνάσμασιν,
794 2234 930 2287 ἀλλὰ
952 2233 1013 2287 τὸ
1048 2234 1213 2287 καλὸν
1244 2236 1529 2304 πράττειν,
1558 2234 1661 2288 κᾶν
1716 2236 1765 2286 0i

164 2323 443 2395 ἂνθρωποι
482 2323 727 2395 πονηρὰν
759 2324 1028 2395 ὑπόληψιν
1066 2325 1336 2394 μέλλωσιν
1368 2327 1533 2397 ἔχειν.

237 2435 256 2467 ι
282 2415 423 2469 Ἀπὸ
449 2416 509 2469 δι
563 2415 730 2486 ἕκτης
762 2415 910 2486 ὥρας
940 2416 1128 2480 σκότος
1160 2418 1375 2485 ἐγένετο
1433 2420 1527 2471 ἐπὶ
1586 2420 1767 2472 πᾶσαν

167 2507 261 2573 τὴν
307 2507 416 2575 γῆν
452 2506 561 2569 ἕως
615 2506 764 2576 ὥρας
810 2507 1073 2576 ὲννάτης·
1122 2511 1251 2579 περῖ¹
1297 2509 1354 2562 δὲ
1398 2510 1495 2579 τὴν
1540 2512 1768 2581 swiqu

171 2596 337 2667 ὥραν,
371 2597 673 2668 ἀνεὸὀησεν
711 2600 738 2651 6
785 2597 988 2667 Ἰησοῦς
1040 2603 1191 2670 φωνῇ
1242 2601 1449 2671 μεγάλῃ
1478 2643 1491 2665 ,
1545 2603 1721 2671 λέγων
1746 2620 1761 2635 ⁶

182 2688 316 2756 'tm,
366 2690 513 2753 Ἠλὶ,
560 2690 716 2760 λαμὰ
774 2690 1101 2760 σαϐαχθανὶ,
1151 2694 1442 2745 τουτέστι·
1488 2694 1588 2747 Θεέ
1645 2712 1769 2764 μου,

171 2778 267 2830 Θεέ
297 2796 421 2848 μου,
459 2777 551 2831 ἵνα
593 2779 645 2831 τί
690 2796 759 2847 με
799 2779 1194 2845 ἐγκατέλιπες;
1225 2780 1379 2843 Τινὲς
1402 2782 1457 2833 δὲ
1488 2782 1597 2834 τῶν
1657 2784 1774 2837 ἐκεῖ

174 2869 423 2925 ἑστώτων
498 2870 870 2935 ἀκούσαντες,
922 2870 1141 2939 ἔλεγον,
1194 2873 1275 2925 ὅτι
1334 2873 1521 2925 Ἠλίαν
1599 2876 1770 2943 φωνεῖ

175 2956 323 3025 οὗτος
351 2977 365 2990 ·
399 2962 498 3015 καὶ
529 2962 734 3025 εὐθέως
767 2961 990 3032 δραμὼν
1025 2957 1103 3025 εἷς
1130 2962 1188 3027 ἐξ
1223 2962 1425 3025 αὐτῶν,
1456 2966 1547 3017 καὶ
1592 2963 1773 3018 λαϐὼν

178 3054 437 3121 σπόγγον,
492 3054 707 3124 πλήσας
762 3072 818 3107 τε
863 3054 1017 3118 δξους
1066 3055 1159 3107 καὶ
1218 3056 1463 3126 περιθεὶς
1523 3056 1772 3126 καλάμιεπ,

178 3146 423 3208 ιπύτιζεν
454 3146 641 3198 αὐτόν.
668 3145 732 3199 Oi
764 3146 818 3199 δὲ
846 3146 1023 3199 λοιποὶ
1065 3145 1255 3215 ελεγον
1283 3164 1296 3179 ο
1336 3150 1528 3215 Ἄφες,
1570 3150 1771 3217 ἴδωμεν

178 3238 223 3288 ιι
274 3237 503 3305 ἔρχεται
541 3236 748 3299 Ἠλίας
809 3236 999 3289 σώσων
1064 3238 1246 3290 αὐτόν.
1277 3257 1295 3289 ι
1352 3240 1425 3291 T6
1480 3240 1770 3310 γενόμενον

180 3322 383 3389 σκότος,
419 3325 525 3377 οὐκ
553 3320 622 3395 ἦν
667 3324 811 3379 κατὰ
844 3326 1083 3396 φυσικὴν
1130 3326 1475 3394 ἀκολουθίαν,
1519 3325 1630 3382 οἷον
1664 3331 1773 3384 ἀπὸ

178 3417 471 3483 ὲιλείψεως
506 3418 660 3487 ἡλίου
710 3418 956 3485 φυσικῶς
1002 3420 1305 3488 γενομένης
1330 3437 1344 3453 ·
1379 3420 1637 3474 οὐδέποτε
1667 3425 1774 3494 γὰρ

179 3508 843 3578 τισσαρεσκαιδεκαταίας
882 3508 1047 3579 οὔσης
1086 3511 1185 3579 τῆς
1223 3511 1470 3582 σελήνης,
1524 3514 1765 3587 ἔκλειψις

182 3598 382 3667 γίνεται
420 3600 603 3668 ἡλίου,
635 3598 752 3653 ἀλλ’
798 3599 927 3651 ὅταν
956 3602 986 3670 ἡ
1021 3600 1298 3671 λεγομένη
1328 3604 1490 3670 γέννα
1523 3606 1631 3675 εἴη,
1654 3609 1775 3660 τότε

182 3692 234 3743 ai
255 3692 489 3760 φυσικαὶΙ
510 3690 607 3744 τοῦ
635 3690 786 3761 ἡλίου
811 3690 1077 3760 ἐκλείψεις
1106 3694 1349 3761 γίνονται
1374 3694 1474 3765 (α).
1504 3697 1594 3750 Ἐν
1619 3699 1675 3752 δὲ
1708 3704 1775 3771 τῇ

185 3784 509 3855 σταυρώσει,
530 3785 1156 3855 τεσσαρεσκαιδεκαταία
1180 3783 1246 3856 ἦν
1264 3791 1297 3857 ἡ
1317 3790 1515 3860 σελήνη
1535 3792 1774 3857 πάντως·

184 3876 239 3929 t6
294 3876 405 3946 γὰρ
441 3876 639 3945 Πάσχα
696 3877 803 3929 τῶν
856 3876 1125 3949 Ἐϐραίων
1160 3880 1280 3932 τότε
1306 3882 1577 3934 ἐτελεῖτοο
1637 3884 1779 3939 ὥστε

187 3968 323 4038 ὑπὲρ
372 3970 539 4037 φύσιν
595 3968 655 4021 τὸ
691 3968 861 4033 πάθος
887 3987 899 4001 ·
934 3972 1205 4041 κοσμικὸν
1262 3973 1317 4024 δὲ
1350 3970 1419 4043 ἦν
1465 3974 1525 4026 τὸ
1561 3975 1777 4044 σκότος,

187 4062 245 4117 οὐ
276 4064 529 4135 μερικὸν,
562 4064 753 4133 ὥσπερ
781 4067 837 4119 ὲν
878 4065 1163 4137 Αἰγύπτῳ,
1201 4068 1288 4120 ἵνα
1320 4067 1507 4141 δειχθῇ
1541 4071 1624 4123 ὅτι
1654 4091 1781 4127 πεν-

190 4154 315 4227 Otii)
348 4156 531 4219 κτίσις
570 4158 662 4209 ἐπὶ
700 4156 776 4226 τῷ
807 4158 968 4211 πάθει
1012 4160 1106 4212 τοῦ
1139 4160 1395 4225 Κτίστου,
1442 4163 1529 4213 καὶ
1554 4164 1634 4215 ὅτι
1673 4164 1783 4219 ἀπὸ

190 4249 292 4301 τῶν
335 4248 611 4301 Ἰουδαίων
648 4249 857 4319 ἀπέστη
896 4253 958 4303 τὸ
1011 4252 1148 4319 φῶς.
1206 4253 1269 4304 Οἱ
1320 4253 1599 4316 αἰτοῦντες
1626 4255 1683 4307 δὲ
1722 4255 1782 4319 ἐξ

193 4340 413 4410 οὐρανοῦ
444 4344 677 4410 σημεῖον
713 4341 841 4393 ίδεῖν
876 4343 1143 4407 Ἰουδαῖοι,
1180 4343 1275 4395 νῦν
1308 4345 1654 4413 βλεπέτωσαν
1689 4347 1781 4400 τὸν

193 4432 335 4503 ἡλιον
364 4433 774 4502 σκοτιζόμενον.
808 4433 981 4506 Ἔκτῃ
1036 4435 1092 4487 δὲ
1121 4437 1304 4507 ήμὲρᾳ
1335 4436 1426 4489 τοῦ
1486 4438 1778 4508 ἀνθρώπου

1860 595 1980 633 ειιηι
2014 590 2191 632 autem
2213 589 2263 632 et
2286 578 2524 632 latrones
2556 577 2645 645 qui
2669 574 2914 630 cruciﬁxi
2948 584 3102 626 erant
3126 586 3247 626 cum
3271 585 3337 624 eo
3359 584 3460 623 ex-

1863 672 2190 741 probrabant
2219 673 2287 725 ei.
2317 691 2334 722 ι
2367 670 2421 724 lu
2440 668 2826 726 contumeliam
2847 665 3459 721 Christicrhcitixerunt

1866 779 1990 817 cum
2026 778 2092 815 eo
2127 765 2262 815 duos
2310 763 2571 826 latrones,
2599 770 2657 815 nt
2690 761 2803 827 ipse
2852 759 3071 824 iniquus
3115 754 3459 808 existimetur

1864 869 1984 906 cum
2022 853 2147 908 illis.
2184 852 2343 923 159
2376 852 2571 920 Figura
2608 858 2788 901 autem
2811 859 2969 900 erant
3003 846 3055 899 hi
3085 845 3311 897 duorum
3359 856 3457 908 po-

1866 944 2136 1012 pulorum,
2162 941 2377 995 Judaici
2416 951 2471 994 et
2526 938 2766 1009 gentilis,
2799 939 2889 1004 qui
2936 944 3167 1004 uterque
3199 930 3460 999 przevario

1865 1045 2079 1089 calores
2103 1044 2257 1087 erant
2296 1044 2348 1087 et
2381 1032 2653 1102 ﬂagitiosi,
2686 1046 2758 1085 ac
2784 1029 3186 1098 exprobrantes
3215 1024 3458 1087 Christo,

1864 1125 2006 1180 sicut
2022 1132 2075 1180 et
2106 1125 2340 1192 primum
2388 1122 2548 1177 ambo
2577 1123 2817 1189 latrones
2868 1118 3326 1187 improperabant.
3359 1115 3459 1167 Al-

1868 1224 1950 1269 ter
1998 1207 2269 1283 autem'et
2317 1216 2587 1285 posterior
2637 1213 2990 1282 resipiscens,
3037 1206 3323 1261 confessus
3378 1216 3463 1260 est

1868 1322 2049 1377 regem
2090 1323 2103 1358 :
2134 1306 2255 1359 ideo
2287 1314 2339 1359 et
2371 1305 2619 1359 dicebat:
2651 1303 2857 1357 Memor
2885 1312 3003 1357 esto
3042 1302 3170 1359 mei.
3206 1297 3459 1364 Domine,

1868 1397 1920 1449 iu
1957 1410 2122 1466 regno
2156 1409 2265 1449 tuo.
2305 1395 2397 1451 Sic
2420 1406 2473 1450 et
2508 1394 2723 1465 gentilis
2749 1407 2962 1463 quoque
2991 1391 3221 1460 pOpulns
3247 1386 3463 1441 confes-

1868 1503 1962 1544 sus
2013 1498 2096 1543 est
2125 1487 2424 1542 Christum.
2455 1489 2607 1541 Alter
2653 1496 2833 1540 autem
2886 1485 3047 1548 latro,
3077 1480 3335 1537 Judaicns
3368 1493 3464 1546 po-

1870 1581 2046 1649 pulus,
2108 1580 2543 1648 blasphemabat.
2584 1578 2841 1633 Diabolus
2873 1587 3052 1631 autem
3106 1571 3464 1627 submittebat

1870 1674 2111 1727 dicentes
2146 1691 2158 1726 :
2192 1674 2245 1727 Si
2279 1672 2451 1727 Filius
2475 1687 2534 1726 es
2553 1671 2667 1736 Dei,
2692 1670 2962 1725 descende
2993 1669 3058 1722 de
3087 1681 3270 1729 cruce,
3302 1675 3354 1717 ιιι
3384 1664 3463 1715 iu-

1871 1767 2071 1820 citatus
2126 1764 2508 1820 dest'endatde
2541 1779 2728 1828 cruce,
2762 1773 2817 1817 et
2870 1764 3106 1816 intereat
3166 1759 3313 1813 salus
3346 1771 3466 1810 οιιι-

1867 1859 2017 1911 nium
2053 1872 2176 1926 qua:
2211 1866 2292 1911 cst
2328 1872 2422 1926 per
2449 1871 2690 1910 crucem.
2722 1857 2790 1909 At
2814 1853 3083 1918 Christus,
3117 1852 3245 1920 quia
3298 1848 3468 1902 Filius

1866 1959 1947 2005 est
1977 1948 2093 2011 Dei,
2122 1966 2228 2003 non
2267 1950 2503 2004 obedivit
2534 1948 2757 2002 inimico
2785 1966 2797 2001 :
2841 1956 2897 2001 ut
2923 1955 2977 2001 et
3006 1955 3059 1998 tu
3095 1945 3272 1999 discas
3324 1943 3466 2009 quod

1870 2059 1973 2096 non
2004 2044 2073 2097 sit
2098 2042 2300 2097 diaboli
2330 2041 2539 2096 technis
2569 2041 2899 2103 cedendum,
2927 2039 3022 2094 sed
3058 2038 3198 2091 bene
3232 2050 3467 2105 aperan-

1868 2134 2018 2197 dum,
2053 2133 2216 2187 etiam
2241 2132 2283 2186 si
2318 2131 2570 2187 homines
2599 2133 2739 2185 male
2774 2132 2839 2185 de
2870 2130 3025 2184 nobis
3057 2129 3317 2183 sentiant.

1947 2404 2109 2462 Vsus.
2140 2403 2327 2457 45-49.
2372 2420 2390 2453 ι
2435 2401 2479 2455 Α
2508 2408 2661 2456 sexta
2691 2407 2872 2454 autem
2903 2398 3037 2451 hora
3095 2400 3333 2451 tenebrae
3387 2397 3471 2451 l'ao

1873 2506 1975 2550 ctae
2011 2504 2134 2548 sunt
2162 2508 2326 2561 super
2365 2493 2669 2546 universam
2711 2500 2907 2543 terram
2944 2503 3112 2556 usque
3142 2488 3208 2540 ad
3276 2488 3467 2541 horam

1875 2602 2093 2639 nonam.
2124 2585 2187 2639 Et
2216 2586 2362 2639 circa
2401 2584 2592 2638 horam
2643 2597 2841 2635 nonam
2870 2582 3130 2636 clamavit
3151 2583 3308 2636 Jesus
3334 2596 3470 2637 voce

1857 2693 2091 2745 magna,
2121 2677 2349 2730 dicens:
2406 2675 2545 2736 Heli,
2579 2674 2707 2738 heli,
2769 2672 3308 2738 lamazabachthani,
3365 2673 3473 2727 hoc

1874 2780 1993 2825 est:
2033 2770 2177 2829 Deus
2214 2782 2384 2831 meus,
2426 2768 2566 2822 Deus
2594 2779 2768 2831 meus,
2820 2781 2916 2821 cur
2942 2765 3282 2835 dert'liquisti
3346 2766 3471 2820 me?

1876 2861 2103 2929 Quidam
2128 2871 2307 2913 autem
2336 2859 2443 2913 illic
2484 2861 2741 2913 stantium
2791 2874 2911 2911 cum
2982 2858 3283 2924 audissent,
3330 2860 3471 2914 dice«

1878 2954 2038 3013 bant;
2072 2952 2242 3006 Etiam
2288 2961 2441 3006 vocat
2472 2952 2595 3005 iste.
2654 2951 2720 3005 Et
2767 2950 3031 3006 continuo
3066 2965 3295 3006 currens
3326 2966 3468 3006 unus

1879 3058 1942 3097 ex
1975 3044 2077 3107 eis,
2124 3057 2246 3096 ctnn
2281 3052 2559 3111 acceptam
2621 3042 2905 3112 spongiam
2966 3042 3244 3109 implesset
3290 3052 3468 3109 aceto.

1882 3133 2138 3202 imposuit
2188 3132 2464 3198 arundini,
2504 3132 2773 3200 dabatque
2811 3132 2861 3186 ei
2904 3142 2961 3186 ut
3006 3130 3238 3187 biberet.
3271 3132 3470 3188 Caneri

1828 3225 1844 3249 ‘
1878 3241 2008 3282 vero
2033 3226 2326 3281 dicebant:
2367 3226 2519 3290 Sine,
2544 3224 2826 3281 videamus
2864 3240 2932 3280 an
3003 3226 3187 3283 veniat
3225 3225 3373 3283 Elias
3406 3227 3474 3282 li-

1877 3324 2166 3378 beraturus
2202 3336 2348 3377 eum.
2401 3340 2419 3373 ι
2454 3321 2717 3376 Tenebrae
2767 3322 2922 3377 facta?
2971 3337 3101 3376 non.
3130 3333 3287 3377 erant
3313 3326 3467 3393 juxta

1879 3425 2086 3468 naturae
2137 3414 2409 3479 ordinem,
2472 3421 2531 3466 ut
2589 3427 2653 3465 ex
2704 3412 2897 3481 eclipsi
2961 3413 3093 3467 solis
3144 3414 3477 3469 naturaliter

1882 3506 2023 3561 facta
2061 3523 2075 3561 :
2110 3520 2284 3575 neque
2319 3506 2465 3559 enim
2499 3506 2716 3574 quando
2752 3505 3283 3574 estidecimaqttarta
3316 3490 3471 3571 luna,

1880 3600 1941 3654 ﬁt
1975 3599 2103 3654 solis
2144 3598 2462 3669 deliquium,
2497 3598 2590 3653 sed
2626 3612 2758 3653 .eum
2788 3607 2869 3653 est
2894 3614 2955 3652 ea
2987 3614 3107 3668 quas
3134 3600 3301 3667 γέννα
3336 3600 3475 3654 dici-

1884 3700 1973 3745 tur
2003 3693 2127 3763 (hoc
2154 3702 2238 3745 est
2272 3690 2652 3759 novilunium),
2686 3698 2814 3745 tunc
2880 3692 3157 3748 naturales
3186 3694 3319 3749 solis
3377 3695 3477 3749 de-

1886 3784 2060 3839 feetns
2095 3783 2443 3852 contingunt;
2475 3798 2599 3837 cum
2651 3792 2830 3837 autem
2865 3785 3302 3857 cruciﬁgeretur,
3356 3802 3478 3843 om-

1884 3878 2011 3930 nino
2033 3876 2438 3941 decituaquarta
2471 3876 2598 3929 luna
2633 3884 2773 3929 erat.
2804 3874 3013 3931 Pascha
3045 3880 3191 3933 enim
3219 3881 3477 3936 Hebraeo-

1886 3982 2003 4020 rum
2032 3974 2158 4020 tunc
2183 3964 2364 4029 ﬁebat,
2395 3967 2535 4021 unde
2558 3980 2725 4035 super
2756 3978 3003 4022 naturam
3033 3978 3192 4023 erant
3216 3975 3478 4029 tcnebrm.

1884 4057 2054 4112 Erant
2076 4070 2256 4112 autem
2275 4058 2325 4111 in
2351 4067 2463 4113 toto
2488 4060 2711 4126 mundo,
2734 4075 2836 4114 non
2859 4060 2910 4113 in
2934 4069 3090 4130 parte
3113 4065 3318 4131 mundi,
3340 4067 3481 4121 sicut

1886 4154 1938 4207 in
1969 4152 2205 4225 Egypto
2243 4173 2255 4207 :
2288 4163 2347 4207 ut
2388 4161 2724 4209 monstretur
2749 4156 2890 4221 quod
2925 4155 3105 4225 lugeat
3144 4158 3197 4211 in
3228 4161 3482 4227 passione

1883 4245 2194 4301 Conditoris
2260 4254 2532 4310 creatura,
2588 4253 2642 4299 et
2678 4245 2820 4315 quod
2866 4260 2895 4299 ιι
2941 4245 3127 4302 ,Ιυιίιειι
3162 4248 3251 4304 lux
3300 4266 3485 4309 reces-

1884 4340 2018 4394 serit
2053 4357 2064 4391 :
2092 4337 2260 4392 Judaei
2317 4353 2536 4408 quoque
2591 4346 2836 4408 petentes
2860 4340 3077 4410 signum
3103 4356 3133 4396 e
3155 4343 3313 4412 coelo,
3336 4361 3483 4402 nunc

1887 4430 2293 4485 videantsolem
2330 4431 2697 4486 obtenebrari.
2746 4430 2909 4487 Sexta
2955 4443 3132 4488 autem
3183 4436 3273 4492 die
3317 4437 3482 4495 homo

196 4524 543 4590 κλασθέντος,
579 4526 674 4577 καὶ
701 4526 841 4598 ἕκτῃ
862 4525 983 4597 ὥρα
1007 4528 1271 4595 φαγόντος
1310 4530 1416 4581 ἀπὸ
1470 4530 1564 4582 τοῦ
1622 4530 1769 4594 ξύλοι.

1888 4532 1971 4577 est
1997 4524 2268 4589 conditus,
2310 4523 2399 4592 qui
2431 4534 2485 4578 et
2522 4535 2676 4578 sexta
2736 4526 2804 4579 de
2851 4526 2995 4596 ligno
3023 4530 3259 4583 comedit
3297 4549 3309 4585 :
3372 4534 3479 4588 hoc

198 4615 352 4688 (αὕτη
388 4617 498 4687 γὰρ
531 4617 631 4685 τῆς
672 4616 924 4687 βρώσεως
949 4621 982 4688 ἡ
1018 4617 1156 4690 ὥρα)
1198 4623 1224 4672 6
1256 4619 1461 4690 Κύριος
1498 4622 1779 4674 ἀναπλάτ-

195 4708 295 4762 τῶν
321 4711 413 4763 τὸν
459 4707 775 4778 ἄνθρωπον,
838 4712 930 4763 καὶ
964 4711 1025 4763 τὸ
1076 4712 1302 4781 σφάλμα
1350 4712 1602 4782 ἰώμενος,
1644 4716 1781 4788 ἕκτῃ

197 4802 372 4875 ἡμέρᾳ
443 4804 540 4856 καὶ
617 4803 751 4873 ἕκτῃ
809 4802 928 4875 ὥρᾳ
974 4805 1053 4875 τῷ
1126 4806 1267 4877 ξύλῳ
1342 4811 1782 4877 προσπήγνυται.

210 4890 444 4962 Ἐϐραΐδι
471 4892 529 4945 δὲ
555 4894 825 4965 διαλέκτῳ
856 4896 1005 4962 λέγει
1036 4898 1098 4949 τὺ
1128 4899 1489 4968 προφητικὸν,
1535 4900 1619 4952 ἴνα
1672 4902 1779 4953 δεὶε

198 4984 259 5056 ξῃ
282 4988 361 5039 ὅτι
391 4988 453 5039 οὐ
476 4986 714 5056 μάχεται
744 4989 809 5055 τῇ
846 4988 1061 5059 Παλαιᾷ
1092 4989 1305 5059 Γραφῇ,
1337 4991 1409 5042 Th
1432 4991 1508 5055 δὲ,
1538 5008 1555 5041 ι
1587 4991 1701 5044 ἰνα
1728 4994 1781 5044 τε

201 5092 262 5143 με
288 5078 680 5145 ὲγκατέλιπες;
712 5097 730 5130 ι
765 5074 939 5143 εἶπεν,
983 5080 1057 5142 ὡς
1085 5080 1148 5132 ἂν
1187 5080 1336 5153 δείξῃ
1378 5082 1459 5134 ὅτι
1496 5081 1783 5154 ἄνθρωπος

199 5168 405 5237 ἀληθῶς
444 5170 687 5238 ἐγένετο,
719 5170 813 5223 καὶ
844 5172 903 5223 οὐ
930 5171 1073 5224 κατὰ
1113 5173 1413 5239 φαντασίαν
1435 5187 1450 5201 ⁶
1487 5175 1582 5227 καὶ
1617 5174 1723 5244 γὰρ
1755 5157 1782 5226 6

200 5257 476 5330 ἄνθρωπος
506 5260 742 5331 φυσικὴν
769 5261 951 5331 ὅρεξιν
1009 5262 1124 5333 ἔχει
1153 5262 1254 5332 τῆς
1300 5264 1466 5334 ζωῆς,
1520 5263 1781 5331 φιλόζωος

200 5348 287 5405 ὢν.
334 5352 549 5421 Ὠσπερ
580 5348 676 5405 οὖν
712 5355 989 5421 ὴγωνὶασε
1050 5355 1143 5407 καὶ
1176 5356 1486 5425 ἡδημόνησε
1521 5357 1627 5425 πρὸ
1684 5355 1779 5408 τοῦ

203 5444 449 5514 σταυροῦ,
486 5443 749 5497 δεικνύων
779 5444 876 5515 τὴν
914 5447 978 5498 ὲκ
1028 5447 1243 5513 φύσεως
1278 5446 1590 5517 προσοῦσαν
1645 5448 1778 5518 ἡμῖν

1883 4618 2026 4671 enim
2059 4624 2145 4670 est
2175 4617 2526 4671 comestionis
2557 4626 2789 4687 tempus.
2820 4619 2936 4686 Qua
2985 4620 3152 4689 igitur
3203 4624 3336 4678 hora
3372 4624 3481 4681 Do-

1885 4709 2062 4762 minus
2086 4708 2361 4762 hominem
2392 4709 2658 4774 condidit,
2690 4710 2880 4765 eadem
2921 4689 3209 4782 etdapsum
3244 4718 3477 4771 curavit.

1882 4799 2045 4855 Sexta
2077 4802 2164 4854 die
2210 4810 2267 4855 et
2296 4810 2449 4856 sexta
2503 4802 2638 4857 hora
2668 4805 2814 4856 cruci
2849 4802 3038 4858 aﬂixus
3078 4814 3182 4860 est.
3218 4807 3482 4863 llebraico

1881 4902 2061 4947 autem
2124 4894 2389 4949 idiomate
2444 4895 2574 4949 dicit
2632 4897 3029 4965 propheticum,
3088 4908 3147 4953 ut
3213 4911 3481 4955 monstret

1880 4988 2023 5055 quod
2045 5004 2148 5040 non
2187 4996 2389 5056 pugnet
2415 5004 2536 5042 eum
2570 4988 2739 5043 veteri
2766 4988 3066 5057 Scriptura.
3103 4990 3256 5057 Quod
3292 5000 3474 5046 autem

1888 5080 2043 5134 dicit:
2077 5080 2144 5135 Ut
2170 5080 2297 5149 quid
2323 5096 2409 5135 me
2431 5080 2813 5148 dercliquisti?
2841 5081 3079 5135 ostendit
3110 5096 3169 5136 se
3198 5082 3478 5136 hominem

1888 5185 2099 5236 verum,
2125 5181 2181 5225 et
2221 5172 2498 5237 nonjuxta
2544 5173 2941 5240 apparentiam.
2991 5172 3273 5242 Siquidem
3316 5174 3479 5229 homo

1883 5279 2004 5315 cum
2039 5265 2157 5317 vita:
2199 5265 2267 5317 sit
2294 5264 2541 5332 cupidus,
2579 5264 2879 5318 naturalem
2941 5265 3153 5320 vivendi
3185 5267 3346 5321 habet
3381 5283 3477 5336 ap-

1883 5356 2132 5420 petitum.
2190 5355 2339 5409 Sicut
2370 5357 2513 5409 enim
2569 5356 2621 5410 in
2659 5358 3029 5412 intestitudine
3058 5357 3159 5412 fuit
3191 5368 3317 5413 ante
3347 5375 3473 5414 cru-

1881 5464 2023 5515 cem,
2050 5451 2344 5504 osteudens
2383 5450 2631 5505 timorem
2660 5462 2867 5505 natura:
2901 5463 3101 5507 nostra:
3165 5468 3475 5523 congruen-

240 5623 332 5697 ,μὴ
355 5623 537 5697 Yerba,
579 5624 682 5695 ἀλλ’
708 5624 821 5697 ὅταν
847 5649 905 5697 τ
931 5625 1155 5685 γίνονται,
1197 5623 1246 5697 in
1295 5626 1536 5697 editione_
1562 5628 1763 5697 Veneta

1876 5641 1938 5679 er
1967 5633 2123 5697 varias
2157 5630 2404 5697 lectiones
2435 5632 2493 5697 ad
2522 5631 2711 5697 calcem
2742 5633 3011 5684 voluminis
3042 5634 3315 5691 amandata.
3344 5637 3479 5697 quod

207 5685 321 5733 nihil
340 5687 413 5757 _iis_
446 5690 509 5757 in,
532 5685 760 5757 versione
798 5685 974 5757 Latina
997 5688 1879 5757 responderet,textuirestitutmus
1900 5697 1953 5740 et
1976 5693 2025 5757 in
2051 5693 2288 5757 versione
2312 5691 2676 5757 supplevimus,
2715 5703 2817 5745 tum
2851 5697 2981 5757 quod
3006 5710 3062 5745 ea
3096 5704 3275 5757 praeter
3302 5685 3481 5747 Roma-

211 5759 321 5823 uum
340 5745 1009 5823 habeathde‘xll’iatavinus,
1031 5745 1135 5823 tum
1158 5750 1289 5823 quod
1314 5750 1398 5798 illa
1413 5757 1481 5823 ‘nt
1510 5752 1869 5823 Theophylactj
1895 5753 2043 5801 verba
2062 5790 2074 5811 ,
2098 5765 2159 5823 ex
2192 5752 2289 5803 alio
2315 5745 2479 5823 forsan
2514 5745 2703 5823 codice,
2739 5745 2967 5809 citat'Du
3008 5745 3314 5823 Cari-gius—ini
3333 5745 3478 5810 Clos-

211 5810 329 5858 sarlo
350 5810 481 5859 med.
513 5814 564 5859 et
584 5808 677 5862 inf.
706 5809 1003 5871 Crtecitatis,
1028 5808 1190 5861 verbo
1210 5810 1373 5873 Γέννα,
1411 5817 1514 5862 tum
1546 5808 1745 5863 demum
1779 5814 1893 5876 quia
1926 5808 2108 5864 sensus
2128 5817 2233 5879 ipsa
2258 5817 2493 5878 postulat.
2519 5817 2653 5869 Εοιτ.
