4010 6464
538 441 640 507 ttt
1387 427 1968 491 THEOPHYLACTI
2012 407 2421 483 BULGARLE
2456 415 2817 479 ARCHIEP.
3667 403 3788 467 472

541 564 670 614 tem,
707 551 785 607 sic
834 559 887 604 et
922 559 1064 603 nitnc
1091 545 1286 616 inquit,
1323 543 1390 600 Ut
1417 547 1543 616 quid
1563 559 1665 597 'me
1717 539 2099 608 dereliquisti?

2210 536 2420 598 5ειλίαν,
2444 533 2585 611 οὕτω
2622 532 2715 585 καὶ¹
2742 529 2837 582 νῦν
2862 541 3061 597 φησιν-⁸
3106 544 3125 578 ‹
3158 525 3273 580 Ἵνα
3300 525 3355 579 τί
3402 541 3469 595 με
3499 524 3793 592 ἐγκατέλι-

541 645 819 697 1ιιεῖηυσηε
870 637 1165 692 naturalem
1212 635 1424 694 vivendi
1467 633 1832 701 cupiditatem.
1893 629 2099 680 Etenim

2207 644 2300 687 πες
2328 644 2340 692 ;
2373 643 2390 675 ›
2421 624 2697 694 ἐμφαίνων
2723 621 2821 690 τὴν
2857 618 3088 688 φυσικὴν
3133 616 3427 685 φιλοζωΐαν
3458 613 3633 686 ἡμῶν.
3667 615 3790 670 Καὶ

548 746 667 783 ιἰ--τθ
703 734 859 783 homo
883 737 1021 792 erat,
1051 727 1310 795 nobisque
1333 741 1427 794 per
1449 725 1625 777 omnia
1656 720 1871 781 similis,
1901 719 2103 786 absque

2206 718 2316 786 γὰρ
2343 717 2510 778 ὄντως
2541 714 2826 783 ἄνθρωπος
2854 709 2944 783 ἦν,
2978 711 3072 764 καὶ
3101 711 3231 780 ἡμῖν
3260 708 3328 760 τὰ
3350 708 3527 762 πάντα
3574 709 3787 778 ὅμοιος,

542 831 780 883 per-cato.
839 820 1067 885 Quidam
1125 832 1301 873 autem
1337 819 1439 870 hoc
1495 816 1897 873 intellexerunt,
1958 809 2098 877 quod

2208 808 2372 878 χωρὶς
2401 807 2694 879 ἁμαρτίας.
2723 805 2880 866 Τινὲς
2905 803 2959 854 δὲ
2995 802 3137 854 οὕτω
3197 800 3354 859 τοῦτο
3389 801 3638 870 ἐνόησαν,
3697 800 3791 851 ὅτι

543 911 790 964 Salvator
817 913 868 966 in
908 929 965 965 se
1009 897 1291 981 personam
1325 915 1474 976 gerat
1501 906 1829 968 .ludznornm,
1854 911 1906 954 et
1941 902 2103 963 dicat,

2204 904 2263 953 τὸ
2289 901 2395 952 τῶν
2429 897 2700 951 Ἰουδαίων
2729 895 3021 965 πρόσωπον
3054 893 3452 962 ἀναλαμϐάνων
3483 891 3511 943 6
3569 890 3787 960 Σωτὴρ,

545 1003 741 1068 υυμιί]
772 976 1100 1067 dereliqnisti
1145 998 1422 1052 Iudaicum
1452 996 1726 1063 pupulum,
1779 1007 1810 1046 ο
1840 991 2017 1056 Pater,
2047 998 2106 1044 ut

2211 989 2418 1061 φησιν’·
2443 988 2561 1042 ’Ὶνα
2588 989 2639 1040 τί
2697 986 3050 1054 ἐγκατέλιπες
3091 985 3180 1038 τὸν
3222 983 3506 1036 Ἰουδαϊκὸν
3550 983 3700 1046 λαὸν,
3738 976 3790 1034 ὧ

540 1102 747 1146 tantum
777 1094 1025 1144 admittat
1062 1104 1366 1158 peccatum,
1410 1089 1569 1158 160
1595 1098 1643 1140 et
1673 1086 1958 1155 perditioni
1999 1093 2107 1136 tra-

2216 1082 2412 1149 Πάτερ,
2457 1078 2542 1157 ῖνα
2569 1076 2903 1147 τηλικαύτην
2952 1074 3227 1144 ἁμαρτίαν
3275 1073 3502 1142 ποιήσῃ,
3551 1070 3647 1122 καὶ
3680 1071 3799 1124 ἁπ-

541 1176 732 1234 ίὶαιυτῖ
752 1164 1010 1236 ChriStns
1029 1181 1172 1231 enim
1204 1169 1458 1248 tanquam
1491 1194 1554 1232 ex
1582 1163 1782 1230 ludat-is
1801 1186 1975 1238 natus,
2006 1174 2105 1227 De-

2216 1172 2375 1241 ωλείᾳ
2406 1169 2684 1240 παραδοθῇ
2716 1187 2730 1234 ;
2774 1168 2861 1230 Ὠς
2894 1167 3004 1234 γὰρ
3051 1168 3108 1232 ἐξ
3138 1166 3409 1219 Ἰουδαίων
3438 1163 3731 1232 γενόμενος
3764 1164 3799 1216 6

541 1268 806 1337 reliquisti
860 1281 970 1332 tne,
1010 1268 1158 1334 dicit,
1195 1260 1295 1324 huc
1324 1278 1427 1333 est,
1485 1266 1656 1323 Meam
1710 1267 2103 1334 cognationem,

2214 1261 2464 1331 Χριστὸς,
2485 1261 2544 1313 τὸ
2571 1280 2588 1312 ι
2615 1259 3001 1328 Ἑγκατέλιπές
3031 1276 3121 1327 με,
3144 1276 3162 1307 ι
3188 1256 3513 1328 φησὶν,ἁντὶ
3535 1253 3650 1319 τοῦ,
3672 1253 3797 1326 Τὴν

544 1372 836 1432 meumque
861 1362 1110 1433 populum
1139 1371 1197 1416 ut
1231 1363 1356 1432 quid
1387 1360 1740 1429 dereliquisti,
1804 1360 1874 1412 ita
1901 1368 1954 1412 ut
1984 1373 2109 1412 con-

2212 1356 2351 1424 ἐμὴν
2384 1353 2728 1421 συγγένειαν,
2789 1353 2881 1404 τὸν
2925 1352 3057 1419 ὲμδν
3115 1352 3267 1414 λαὸν,
3295 1351 3382 1403 ἵνα
3438 1350 3489 1402 τί
3546 1350 3795 1418 ἀφῆκας,

545 1462 627 1505 tra
653 1457 886 1521 seipsnm
925 1454 1028 1507 tale
1057 1454 1252 1506 malum
1306 1452 1468 1508 faciat
1503 1453 1527 1503 ?
1553 1451 1748 1505 Turbae
1768 1459 1947 1504 autent
1987 1466 2106 1503 cum

2213 1447 2352 1500 ὥστε
2386 1445 2626 1498 τοιοῦτον
2659 1443 2827 1497 κακὸν
2845 1441 2968 1497 καθ’
2998 1442 3191 1496 ἑαυτοῦ
3217 1443 3445 1512 ποιῆσαι
3476 1459 3492 1505 ς
3530 1441 3626 1510 Μὴ
3655 1440 3796 1510 νοή-

546 1560 648 1596 non
685 1546 1071 1601 intellexissent
1120 1562 1304 1602 vocem
1338 1545 1502 1608 illam,
1539 1558 1728 1613 nempe
1761 1553 2022 1612 agrestes,
2059 1552 2112 1593 et

2218 1554 2404 1600 σαντες
2433 1537 2491 1589 δὲ
2529 1536 2627 1607 τὴν
2675 1535 2856 1606 φωνὴν
2880 1537 2928 1588 οἰ
2980 1534 3075 1588 τοῦ
3119 1535 3278 1605 ὄχλου
3339 1534 3583 1602 ἄγροικοι
3637 1532 3801 1593 ὄντες

547 1631 812 1700 imperitae
863 1635 1295 1703 pr0plieticorum
1352 1635 1927 1702 dictorum,putabant
1968 1631 2110 1700 quod

2217 1631 2308 1682 καὶ
2335 1630 2573 1695 ,ἀμαθεῖς
2602 1629 2711 1682 τῶν
2745 1629 3123 1699 προφητικῶν,
3185 1627 3434 1698 ἐνόμιζον
3466 1629 3548 1680 ὅτι
3601 1626 3800 1679 Ἠλίαν

543 1719 713 1778 Ellam
741 1738 956 1781 vocaret
986 1743 1000 1785 :
1033 1744 1136 1780 non
1197 1729 1337 1781 enim
1370 1744 1557 1782 omnes
1601 1728 1765 1782 Judaei
1802 1728 2110 1797 prophetica

2221 1721 2387 1786 φωνεῖ.
2407 1737 2419 1749 ο
2447 1721 2506 1772 οὺ
2529 1720 2637 1786 γὰρ
2658 1719 2853 1782 πάντες
2884 1721 2932 1771 ol
2961 1719 3200 1771 Ἰουδαῖοι
3239 1719 3308 1771 τά
3335 1717 3650 1790 προφητικὰ
3679 1717 3804 1782 ὲγί-

480 1864 481 1867 η
545 1817 810 1882 sciebant,
851 1819 1183 1887 sicutneque
1224 1834 1367 1874 nunc
1415 1820 1707 1873 Christiani
1749 1835 1939 1874 omnes
1978 1819 2056 1872 l'or

2221 1827 2444 1876 νωσκον,
2487 1810 2675 1879 ὥσπερ
2699 1811 2828 1872 ἴσως
2864 1811 2985 1863 οὐδὲ
3016 1811 3109 1863 νῦν
3141 1812 3189 1862 οἱ
3221 1811 3537 1880 Χριστιανοὶ
3595 1810 3804 1872 πάντες

547 1923 606 1962 ea
640 1923 758 1978 quae
786 1911 836 1964 in
869 1909 1192 1981 Evangeliis.
1232 1912 1497 1967 Caeterum
1539 1923 1746 1967 acetum
1772 1914 1819 1966 ei
1847 1913 1899 1964 in
1931 1919 2110 1979 potum

2221 1899 2281 1951 τὰ
2311 1875 2435 1951 τῶν
2473 1875 2851 1966 Εὐαγγελίων.
2886 1899 3043 1964 Ὄξος
3066 1900 3122 1952 δὲ
3175 1875 3422 1961 ἐπότιξον
3465 1898 3648 1959 αὑτὸν,
3707 1899 3804 1951 ῐνα

548 2002 771 2066 dabant,
815 2012 872 2057 ut
907 2015 1208 2058 moreretur
1249 2005 1558 2072 priusquam
1593 2005 1798 2058 veniret
1836 2003 1980 2055 Elias
2014 2001 2111 2054 ad-

2221 1991 2462 2062 ἁποθάνῃ
2501 1993 2687 2061 τάχιον
2717 1992 2846 2061 πρὶν
2880 1991 3054 2044 ἐλθεῖν
3092 1992 3183 2044 τὸν
3229 1991 3414 2045 Ἠλίαν
3459 1990 3804 2060 βοηθήσοντα

540 2085 754 2156 juturus
797 2108 938 2146 eum.
993 2091 1147 2147 Unde
1202 2094 1290 2146 alii
1324 2094 1556 2149 dicunt:
1629 2094 1779 2154 Sine,
1842 2092 2114 2144 videamus

2219 2083 2387 2153 αὐτῷ,
2425 2085 2582 2137 Ὅθεν
2613 2085 2658 2136 oi
2695 2083 2870 2136 λοιποὶ
2899 2083 3147 2150 λέγουσιν
3172 2097 3186 2110 ⁸
3219 2101 3237 2134 ι
3287 2084 3477 2150 Ἀφες,
3510 2082 3709 2150 ἴδωμεν
3752 2082 3802 2134 εί

547 2195 672 2235 num
695 2185 871 2238 veniat
899 2183 1062 2246 Elias,
1091 2184 1418 2238 liberaturus
1472 2200 1616 2246 eum,
1681 2184 1781 2236 hoc
1827 2192 1930 2246 est,
1988 2183 2115 2235 Sine

2223 2176 2436 2246 ἔρχεται
2480 2175 2664 2237 Ἠλίας
2687 2174 2874 2226 σώσων
2897 2174 3075 2236 αὐτὸν,
3111 2193 3127 2224 i
3157 2174 3423 2234 τουτέστι,
3452 2175 3541 2243 Μὴ
3561 2174 3806 2243 ποιήσῃς

546 2288 692 2338 eum,
729 2287 792 2325 ne
837 2274 1003 2328 facias
1048 2276 1206 2340 mori,
1264 2284 1324 2328 ut
1381 2274 1616 2328 sciamus
1654 2289 1720 2327 an
1771 2273 1990 2343 juvetur
2049 2272 2112 2323 ali

2222 2269 2379 2321 αὑτὸν
2418 2267 2729 2330 ἀποθανεῖν,
2762 2265 2834 2328 ὡς
2860 2266 2925 2318 ἂν
2964 2266 3180 2335 γνῶμεν
3237 2269 3283 2319 εἰ
3323 2265 3580 2336 βοηθήσει
3647 2264 3805 2335 αὐτῷ

546 2359 677 2417 Elin.

2218 2361 2422 2420 Ἠλίας.

618 2454 777 2507 Vens.
820 2455 1008 2508 50-55.
1069 2475 1086 2507 ‹
1124 2452 1280 2510 Jesus
1333 2465 1508 2509 autem
1571 2471 1689 2510 cum
1756 2456 1950 2508 iterum
2001 2455 2114 2508 cla-

2295 2474 2313 2504 r
2337 2456 2392 2506 ὐ
2430 2455 2484 2506 δὲ
2520 2454 2726 2524 Ἰησοῦς
2759 2455 2918 2507 πάλιν
2938 2455 3142 2524 κράξας
3172 2455 3320 2522 φωνῇ
3351 2451 3582 2522 μεγάλῃ,
3616 2450 3805 2519 ἀφῆκε

547 2553 747 2597 masset
779 2558 907 2598 voce
937 2561 1147 2614 magna,
1171 2546 1351 2599 emisit
1377 2547 1646 2615 spiritum.
1683 2545 1748 2598 Et
1782 2560 1907 2599 ecce
1942 2546 2114 2598 vclum

2224 2545 2276 2596 τδ
2299 2546 2545 2611 πνεῦμα’
2577 2547 2667 2598 καὶ
2702 2545 2806 2598 ἰδοὺ
2841 2547 2899 2598 τὸ
2928 2545 3323 2612 καταπέτασμα
3360 2543 3452 2596 τοῦ
3487 2542 3614 2596 ναοῦ
3649 2542 3807 2611 ὲσχί-

548 2636 729 2704 templi
751 2636 976 2690 scissum
1009 2645 1088 2690 est
1113 2639 1166 2690 in
1199 2637 1332 2691 duas
1355 2648 1535 2704 partes
1562 2652 1588 2688 a
1614 2652 1825 2689 summo
1853 2651 2020 2703 usque
2052 2635 2115 2686 ad

2226 2635 2320 2704 σθη
2358 2637 2434 2696 είς
2461 2635 2570 2698 δύο,
2607 2637 2713 2687 ἀπὸ
2735 2636 2937 2688 ἄνωθεν
2967 2636 3068 2697 ἕως
3108 2636 3276 2698 κάτω,
3321 2635 3414 2687 καλ⁸
3443 2639 3474 2703 ἠ
3531 2634 3600 2701 γῆ
3653 2631 3809 2685 ἐσεί-

547 2723 736 2792 lmum,
775 2739 828 2782 et
857 2737 998 2782 terra
1035 2738 1175 2782 mota
1219 2737 1321 2792 est,
1363 2737 1416 2781 et
1445 2740 1611 2795 petra:
1644 2728 1826 2782 scissae
1880 2738 2027 2790 sunt,
2059 2735 2116 2778 et

2224 2727 2344 2795 σθη,
2373 2729 2463 2779 καὶ
2485 2728 2537 2779 αἱ
2572 2727 2767 2794 πέτραι
2789 2727 3137 2796 ἐσχίσθησαν,
3161 2726 3336 2778 καὶτὰ
3366 2728 3605 2795 μνημεῖα
3625 2723 3807 2794 ἀνεῴο

549 2827 894 2871 monumenta
923 2829 1105 2885 aperta
1137 2826 1286 2881 sunt,
1325 2827 1380 2872 ει
1421 2817 1585 2870 multa
1617 2831 1862 2884 COI'pOl'ﬂ-
1899 2824 2116 2868 530010-

2224 2817 2427 2885 χθησαν
2461 2854 2476 2880 ,
2523 2818 2616 2868 καὶ
2681 2816 2852 2870 πολλὰ
2908 2815 3133 2885 σώματα
3187 2817 3294 2870 τῶν
3376 2815 3807 2885 κεκοιμημένων

550 2921 665 2962 rum
690 2911 780 2979 qui
803 2912 1164 2975 dormierant,
1196 2923 1575 2967 surrexerunt.
1610 2912 1673 2965 Et
1720 2913 1921 2980 egressi
1947 2927 1975 2963 e
2005 2925 2116 2963 mo-

2227 2910 2390 2976 ‘qimv
2433 2908 2680 2979 ἠγέρθη,
2737 2909 2830 2961 καὶ
2883 2908 3189 2974 ἐξελθόντες
3245 2910 3308 2961 ἐκ
3355 2908 3463 2962 τῶν
3513 2909 3809 2978 μνημείων

550 3002 821 3054 numentis
882 3010 1002 3068 post
1050 3002 1502 3055 resurrectionem
1579 3000 1716 3068 ejus,
1765 3009 2030 3053 venerunt
2067 2999 2115 3050 in

2227 3001 2362 3069 μετὰ
2411 2998 2509 3070 τὴν
2548 3000 2763 3070 ἔγερσιν
2811 3000 2998 3064 αὑτοῦ,
3049 3000 3297 3068 εἰσῆλθον
3355 3001 3435 3062 είς
3475 3001 3575 3069 τὴν
3637 2999 3810 3066 ἁγίαν

548 3102 787 3146 sanctam
815 3093 1109 3155 civitatem,
1135 3101 1187 3146 et
1223 3101 1589 3160 apparuerunt
1617 3092 1822 3146 multis.
1855 3097 1872 3143 ἡ
1910 3090 2117 3145 Clamat

2226 3092 2398 3157 πόλιν,
2461 3092 2553 3144 καὶ¹
2574 3092 3011 3160 ἐνεφανίσθησαν
3079 3092 3309 3155 πολλοῖς.
3343 3111 3361 3142 ι
3423 3091 3635 3161 Κρὰζει
3699 3108 3808 3160 με-

548 3196 678 3239 voce
707 3197 897 3252 magna
918 3181 1094 3247 Jesus,
1129 3194 1187 3237 ut
1232 3185 1469 3239 sciamus
1505 3199 1690 3238 verum
1720 3198 1838 3239 esse
1866 3186 2005 3254 quod
2038 3185 2115 3238 di-

2224 3185 2360 3253 γάλῃ
2394 3187 2542 3255 φωνῇ
2583 3187 2610 3237 6
2669 3186 2896 3255 Ἰησοῦς,
2927 3187 3014 3238 ἵνα
3047 3186 3264 3255 γνῶμεν
3296 3187 3378 3237 ὅτι
3408 3187 3544 3252 ὅπερ
3573 3181 3760 3250 ἔλεγεν
3790 3224 3807 3249 ,

553 3278 631 3330 xit
664 3290 678 3329 :
711 3295 729 3328 ι
759 3276 873 3346 Ego
901 3283 1222 3344 potestatem
1269 3275 1442 3329 habeo
1494 3284 1552 3328 ut
1607 3289 1800 3344 ponam
1885 3275 2118 3328 animam

2225 3276 2305 3327 ἔτι
2328 3293 2346 3325 ί
2373 3273 2646 3338 Ἐξουσίαν
2662 3274 2770 3343 ἔχω
2791 3274 2960 3326 θεῖναι
2983 3272 3078 3343 τὴν
3113 3274 3288 3342 ψυχήν
3304 3287 3461 3341 μου,›
3494 3270 3692 3340 ἀληθὲς
3712 3264 3808 3340 ἦν.

553 3379 751 3420 meam.
793 3382 812 3416 ι
839 3364 1086 3418 Animam
1121 3364 1266 3417 enim
1296 3379 1449 3418 suam
1485 3365 1635 3433 ponit
1678 3379 1773 3419 sua
1835 3374 2118 3433 potestate.

2230 3368 2357 3420 Κατ’
2406 3365 2653 3430 ἐξουσίαν
2707 3367 2815 3435 γὰρ
2855 3366 3048 3435 ἀφίησι
3086 3364 3183 3435 τὴν
3225 3365 3423 3433 ψυχήν.
3477 3364 3574 3423 Τίς
3621 3362 3678 3415 δὲ
3733 3358 3813 3433 ἦν

553 3456 684 3521 Quae
714 3464 892 3508 autem
921 3463 1038 3509 erat
1068 3453 1211 3508 vox?
1245 3471 1264 3504 ι
1295 3453 1478 3521 Pater,
1512 3455 1561 3508 in
1597 3470 1786 3509 manus
1819 3464 1940 3510 tuas
1970 3469 2121 3509 com-

2233 3460 2448 3530 ὴφωνή
2491 3475 2505 3523 ;
2549 3478 2567 3509 ε
2602 3459 2821 3527 Πάτερ,
2879 3459 2956 3520 είς
2989 3457 3176 3526 χεῖράς
3228 3443 3322 3508 σου
3349 3452 3689 3525 παρατίθημι
3742 3454 3814 3506 τὸ

555 3548 751 3602 mendo
779 3547 1027 3616 spiritum
1048 3562 1246 3602 memn.
1277 3565 1295 3598 ›
1335 3547 1448 3601 Non
1475 3548 1617 3600 enim
1643 3556 1883 3609 coactus,
1914 3547 2006 3602 sed
2032 3563 2126 3600 vo-

2234 3549 2443 3619 πνεῦμά
2504 3567 2625 3619 μου.
2655 3569 2672 3600 ι
2712 3550 2785 3603 Οὐ
2821 3549 2926 3619 γὰρ
2976 3547 3390 3618 βεϐιασμένως,
3453 3544 3568 3600 ἁλλ’
3624 3545 3817 3598 ἑκοντὶ

556 3636 822 3694 iuntarius
850 3640 1033 3693 emisit
1058 3639 1324 3707 spiritum.
1349 3638 1459 3693 Hoc
1480 3641 1622 3693 enim
1651 3640 1940 3709 significat,
1965 3639 2125 3692 Com-

2236 3644 2409 3711 ἁφῆκε
2464 3643 2523 3694 τὸ
2562 3643 2796 3712 πνεῦμα.
2845 3640 3014 3693 Τοῦτο
3075 3640 3181 3710 γὰρ
3211 3640 3465 3708 σημαίνει
3508 3640 3589 3704 τὸ,
3621 3640 3819 3708 Παρα-

557 3714 772 3787 mendo.
823 3732 1064 3785 lnsinuat
1092 3742 1272 3784 autem
1328 3746 1386 3784 sc
1439 3730 1582 3785 illam
1640 3731 1831 3784 iterum
1888 3737 2128 3798 receptu-

2236 3734 2454 3804 τίθημι⁶
2488 3734 2741 3803 ἐμφαίνει
2775 3733 2829 3786 δὲ
2892 3733 2986 3787 καὶ
3035 3733 3096 3785 τὸ
3188 3733 3401 3802 μέλλειν
3429 3714 3598 3801 αὐτὴν
3647 3733 3819 3784 πάλιν

556 3838 672 3878 rum
712 3837 726 3881 :
750 3823 1048 3892 depositum
1073 3823 1214 3876 enim
1234 3832 1290 3876 et
1319 3824 1716 3876 commodatum
1745 3823 1935 3876 iterum
1973 3833 2125 3874 assu-

2239 3826 2603 3895 ἁπολήψεσθαι
2630 3843 2644 3859 ο
2677 3825 2915 3878 τοιοῦτον
2945 3825 3050 3894 γὰρ
3074 3826 3105 3896 ἡ
3133 3825 3449 3895 παραθήκη,
3479 3825 3641 3876 πάλιν
3673 3825 3822 3877 ἁπο-

559 3917 750 3969 mitur.
771 3914 1158 3969 Gratiaaulem
1191 3914 1436 3978 Domino,
1492 3917 1632 3980 quod
1667 3913 1756 3965 illo
1788 3911 2052 3965 moriente
2075 3919 2128 3963 et

2241 3918 2502 3987 5ιδομένη.
2560 3917 2731 3986 Χάρις
2784 3918 2841 3970 δὲ
2881 3917 2957 3987 τῷ
3028 3917 3237 3987 Κυρίῳ,
3299 3918 3380 3970 ὅτι
3426 3917 3637 3968 ἐκείνου
3680 3917 3824 3967 ἀπο⁴

557 4008 804 4077 spiritum
831 4022 990 4060 suum
1031 4006 1082 4060 in
1134 4021 1324 4061 manus
1359 4006 1531 4060 Patris
1578 4010 2006 4068 commendante,
2060 4020 2126 4058 ex

2239 4009 2504 4070 θανόντος,
2532 4010 2624 4061 καὶ
2655 4007 2748 4061 τοῦ
2786 4009 3094 4078 πνεύματος
3136 4007 3303 4060 αὐτοῦ
3351 4009 3430 4069 είς
3471 4009 3658 4076 χεῖρας
3720 4006 3822 4058 τοῦ

561 4116 621 4155 eo
650 4110 887 4168 tempore
926 4108 980 4153 et
1004 4109 1312 4154 sanctorum
1338 4099 1535 4152 animae
1585 4099 1638 4151 in
1667 4113 1827 4150 manu
1875 4097 1968 4154 Dei
2029 4110 2129 4164 po-

2240 4098 2446 4169 [Ιατρδς
2481 4099 2898 4167 παρατεθέντος,
2927 4101 3112 4152 ἔκτοτε
3142 4101 3236 4152 καὶ
3270 4102 3323 4151 αἱ
3351 4098 3457 4152 τῶν
3491 4098 3661 4164 ἁγίων
3710 4097 3823 4165 ψυ-

561 4187 780 4252 ειυηὶυτ,
811 4199 863 4244 et
893 4204 1022 4252 non,
1048 4197 1106 4241 ut
1153 4189 1325 4255 prius,
1363 4187 1414 4239 i’n
1450 4188 1644 4240 interni
1708 4187 2077 4247 penetralibus
2113 4202 2125 4236 :

2242 4193 2328 4259 χαὶ
2356 4195 2436 4253 είς
2467 4193 2654 4261 χεῖρας
2681 4191 2774 4243 τοῦ
2805 4191 2940 4244 Θεοῦ
2959 4191 3219 4253 τίθενται,
3247 4192 3363 4243 ἁλλ’
3391 4191 3491 4260 οὐχ
3515 4191 3589 4253 ὡς
3617 4191 3825 4260 πρότε-

561 4290 722 4347 atquc
756 4283 826 4333 ita
862 4293 1007 4332 mors
1035 4272 1237 4332 Christi
1278 4277 1420 4331 facta
1450 4287 1532 4330 est
1563 4276 1892 4331 santilicatio
1917 4283 2122 4329 nostra.

2242 4301 2329 4354 ρον
2360 4285 2417 4336 ὲν
2447 4287 2559 4345 τοῖς
2590 4282 2684 4335 τοῦ
2713 4282 2838 4353 ᾅδου
2876 4285 3083 4352 μυχοῖς.
3120 4270 3279 4335 Ὥστε
3323 4281 3594 4350 ἁγιασμὸς
3659 4274 3825 4352 ἡμῶν

562 4373 767 4425 Idcirco
796 4381 847 4425 et
875 4385 1065 4440 magna
1091 4385 1219 4425 voce
1244 4370 1500 4423 inclamat
1525 4378 1773 4432 mortem,
1800 4383 1902 4421 non
1935 4370 2132 4423 auden-

2245 4376 2464 4443 γέγονεν
2518 4376 2545 4427 6
2608 4374 2834 4436 θάνατος
2878 4372 2973 4426 τοῦ
3027 4373 3300 4443 Χριστοῦ’
3331 4374 3410 4426 διὸ
3468 4373 3562 4426 καὶ
3603 4374 3828 4444 μεγάιλῃ

566 4475 670 4517 tum
705 4465 961 4516 accedere
986 4461 1087 4515 nisi
1146 4469 1453 4515 vocaretur.
1484 4460 1671 4514 Velum
1725 4469 1903 4513 autem
1952 4459 2131 4527 templi

2243 4469 2391 4536 φωνῇ
2422 4466 2810 4535 προσκαλεῖται
2830 4466 2919 4518 τὸν
2948 4464 3198 4530 θάνατον,
3229 4466 3303 4535 μὴ
3334 4467 3618 4534 τολμῶντα
3645 4482 3823 4536 προσ-

565 4561 680 4605 crat
728 4553 950 4605 linteum
1009 4552 1278 4618 quoddam
1329 4553 1382 4604 in
1439 4550 1614 4603 medio
1642 4549 1820 4617 templi
1867 4550 2130 4616 pendens.

2242 4531 2435 4625 ελθεῖν,
2467 4531 2540 4612 ἐἰ
2601 4560 2674 4631 μὴ
2743 4559 2992 4630 κληθείη.
3050 4559 3124 4611 Τὸ
3177 4531 3825 4613 6é‘tta1artétaattaaot3

567 4644 988 4710 discernensque
1011 4645 1076 4694 ali
1115 4643 1199 4694 his
1232 4655 1349 4704 quac
1386 4641 1547 4700 intra,
1584 4654 1648 4692 ea
1709 4655 1828 4708 quae
1869 4648 2043 4701 extra,
2080 4647 2137 4691 ιιι

2246 4650 2387 4714 ναοῦ,
2423 4649 2578 4720 ὀθόνη
2614 4666 2697 4711 τις
2728 4644 2793 4717 ἦν
2831 4649 2992 4717 μέσον
3024 4649 3351 4718 κρεμαμένη
3396 4647 3490 4700 τοῦ
3525 4644 3675 4714 ναοῦ,
3727 4648 3829 4701 καὶ

569 4735 934 4786 interstitium.
973 4734 1248 4786 Scinditur
1277 4733 1399 4796 hoc,
1435 4733 1842 4786 demonstrante
1869 4731 1974 4784 Deo
1999 4732 2137 4799 quod

2245 4739 2660 4808 ἀποτειχίζουσα
2692 4739 2758 4790 τὰ
2783 4737 2889 4790 ἔσω
2925 4736 3058 4807 πρὸς
3089 4738 3154 4790 τὰ
3177 4737 3303 4803 ἔξω,
3354 4730 3465 4789 οἷόν
3490 4755 3539 4788 τι
3583 4737 3828 4806 μεσότοι-

573 4829 833 4894 ten-ptum
873 4827 1208 4879 inaccessum
1248 4835 1302 4878 et
1330 4839 1608 4891 nunquam
1643 4824 1839 4888 visum,
1878 4823 2030 4890 cujus
2059 4839 2138 4877 ιη-

2244 4850 2357 4902 χον.
2396 4832 2647 4901 Σχίζεται
2686 4830 2861 4884 τοίνυν
2911 4830 3090 4894 τοῦτο,
3158 4829 3467 4891 δεικνύντος
3516 4829 3610 4880 τοῦ
3659 4829 3827 4890 Θεοῦ,

571 4922 704 4970 tima
740 4918 978 4970 velamen
1029 4917 1358 4978 secludebal,
1408 4916 1650 4970 solvatur
1707 4927 1758 4968 et
1801 4915 2136 4983 profanetur,

2246 4926 2325 4978 ὅτι
2355 4926 2382 4976 ὁ
2411 4923 2534 4988 ναὸς
2569 4924 2597 4974 6
2633 4923 2853 4987 άὸατος,
2885 4925 2913 4975 6
2941 4921 3190 4985 ἀθέατος,
3244 4918 3304 4975 οὗ
3325 4922 3391 4974 τὰ
3428 4921 3675 4974 ὲσὼτατα
3725 4923 3829 4972 ἁπ-

571 5012 643 5063 ita
676 5009 1013 5063 utomnibus
1037 5009 1106 5061 sit
1162 5008 1479 5062 accessibile
1534 5017 1588 5061 et
1633 5008 1944 5076 Spectabile.
1992 5005 2137 5061 Nou-

2246 5013 2477 5084 ετείχιζε
2517 5015 2578 5067 τὸ
2625 5015 3046 5082 καταπέτασμα,
3079 5011 3220 5066 οὕτω
3256 5012 3683 5080 χυδαιωθήσεται
3722 5011 3828 5063 ,καὶ

571 5100 701 5154 nulli
735 5101 868 5153 alias
889 5114 1083 5153 causas
1112 5097 1361 5158 afferunt.
1387 5107 1440 5152 et
1477 5099 1619 5168 quod
1674 5099 1977 5153 revelentur
2023 5114 2140 5153 om-

2248 5106 2709 5177 βεὸηλωθήσεταιζ
2741 5106 2883 5159 ὥστε
2921 5107 3085 5158 πᾶσιν
3115 5104 3253 5157 εἶναι
3280 5103 3441 5172 βατὸς
3489 5103 3590 5156 καῖ’
3609 5101 3828 5163 θεατάς.

573 5193 662 5246 nia
693 5191 901 5259 legalia,
940 5206 1058 5258 qua:
1095 5191 1243 5258 prius
1273 5191 1446 5244 littera
1481 5201 1540 5244 ut
1569 5192 1873 5246 velamento
1905 5191 2141 5261 quodam

2248 5199 2402 5261 Τινὲς
2450 5198 2505 5250 δὲ
2537 5200 2630 5250 καὶ
2663 5197 2827 5259 ἄλλας
2854 5197 3030 5259 αἰτίας
3061 5197 3328 5264 λέγουσιν·
3369 5194 3661 5264 Ἑσήμαινε
3693 5193 3829 5264 γάρ,

575 5289 732 5333 erant
779 5267 1029 5347 cooperta
1099 5299 1112 5334 :
1162 5288 1367 5350 etquae
1413 5282 1560 5350 prius
1605 5281 1831 5335 obscura
1878 5291 2036 5335 erant
2083 5295 2146 5335 ac

2249 5290 2401 5357 φασὶ,
2429 5290 2489 5340 τὸ
2513 5287 2914 5357 καταπέτασμα
2939 5286 3281 5358 σχιζόμενον,
3302 5287 3402 5355 τὴν
3432 5285 3525 5338 τοῦ
3557 5285 3829 5354 γράμμα-

574 5372 731 5441 plena
781 5371 1634 5456 atuigmatibus,manifestentur
1662 5388 1805 5426 nunc
1837 5375 1886 5427 in
1930 5373 2146 5428 Christo

2249 5395 2338 5441 τος
2362 5377 2455 5430 τοῦ
2481 5376 2705 5447 νομικοῦ
2736 5378 3100 5447 περιαίρεσιν,
3129 5377 3222 5430 καὶ
3249 5378 3330 5429 ὅτι
3364 5375 3828 5441 ἀποκαλυφθήσε-

575 5464 812 5530 impleta.
842 5461 989 5515 Licet
1020 5472 1072 5515 et
1119 5465 1261 5516 istud
1324 5464 1520 5526 dicere,
1556 5463 1694 5518 sicut
1736 5474 1853 5518 erat
1888 5479 2004 5520 mos
2055 5463 2148 5517 Ju-

2250 5486 2343 5522 ται
2392 5469 2568 5523 πάντα
2621 5469 2690 5521 τὰ
2748 5469 2967 5539 νομικὰ,
3034 5469 3070 5523 ἃ
3105 5469 3367 5539 πρότερον
3413 5467 3489 5537 τῷ
3537 5459 3829 5537 γράμματι

579 5555 709 5608 dmis
734 5555 785 5607 in
834 5553 1180 5622 blasphemiis
1209 5566 1390 5608 contra
1441 5555 1607 5611 Deum
1665 5558 1912 5611 scindere
1952 5567 2145 5620 vestes,

2254 5561 2416 5612 οἱονεί
2470 5577 2578 5613 τινι
2622 5561 3076 5630 καταπετάσματι
3132 5559 3585 5627 συνεκρύπτοντο,
3633 5558 3833 5611 καὶτὰ

581 5648 652 5698 ita
677 5661 818 5701 nunc
841 5661 1051 5716 quoque
1087 5647 1328 5701 divinum
1364 5649 1615 5718 templum
1637 5651 1788 5719 quasi
1808 5665 1948 5720 aegre
1971 5648 2150 5705 ferens

2256 5653 2385 5722 πρὶν
2417 5653 2602 5722 ἀσαφῆ
2632 5653 2728 5704 καὶ
2793 5651 3189 5721 αἰνιγματώδη,
3244 5650 3692 5721 φανερωθήσεται
3734 5649 3831 5700 νῦν

581 5736 785 5791 ChriSti
819 5748 1069 5802 mortem,
1098 5739 1330 5808 disrtlpit
1351 5751 1554 5796 vestem
1591 5756 1766 5802 suam,
1791 5743 1896 5797 hoc
1921 5753 2024 5806 est,
2061 5758 2150 5797 vc-

2257 5746 2332 5805 είς
2356 5743 2445 5794 τὸν
2463 5744 2695 5814 Χριστὸν
2709 5743 2965 5799 ὲκὸάντα.
2984 5745 3138 5799 Ἐστι
3167 5743 3223 5795 δὲ
3241 5740 3507 5795 καὶτοῦτο
3528 5743 3722 5805 εἰπεῖν,
3747 5740 3830 5793 ὅτι

582 5831 712 5883 lum.
749 5833 935 5888 Posset
966 5834 1081 5902 quis
1115 5841 1168 5888 et
1195 5833 1297 5887 atia
1331 5833 1542 5888 dicere:
1579 5835 1671 5889 sed
1707 5835 1821 5890 haec
1857 5836 2146 5892 sufﬁciant.

2256 5836 2372 5900 ἔθος
2405 5832 2472 5906 ἦν
2507 5838 2619 5901 τοῖς
2659 5836 2933 5897 Ἰουδαίοις
2979 5837 3069 5888 ἐπὶ
3104 5836 3219 5898 ταῖς
3255 5834 3394 5887 κατὰ
3423 5834 3556 5888 θεοῦ
3585 5833 3827 5905 βλασφη-
