4010 6430
190 463 297 526 473

761 447 1213 516 ENARRATIO
1257 445 1336 508 [Ν
1374 442 1803 506 ΕνΑΝοΕιιῑ

1923 443 2315 506 ΜΑΤΤΗιΕΙ.
2343 466 2412 483 -·
2450 443 2610 506 CAP.
2649 443 2897 507 XXVII.

3393 440 3494 506 £74

195 574 378 644 μίαις,
412 563 892 640 περιρρήγνυσθαι
918 564 1046 622 τοὺς
1080 559 1341 630 χιτῶνας.
1377 557 1487 608 Καὶ
1523 554 1617 608 νῦν
1642 550 1735 607 οὖν
1767 554 1794 606 ὁ

1911 557 2181 610 Elementa
2215 569 2341 611 vero
2384 565 2655 610 commota
2698 553 2980 610 declarant
3022 565 3146 610 eum
3174 550 3265 621 qul
3321 553 3496 620 patie-

191 643 341 721 θεῖος
365 653 703 721 ναδςῶσπερ
731 649 1100 720 δυσχεραίνων
1126 648 1220 700 ἐπὶ
1249 646 1326 715 τῷ
1347 645 1442 698 τοῦ
1466 643 1603 697 Θεοῦ
1631 643 1796 698 θανά·

191 767 290 819 τῳ,
330 742 741 816 περιερρήξατο
764 743 864 810 τὴν
901 738 1099 794 ἐαυτοῦ
1146 738 1373 806 ἐσθῆτα,
1433 736 1496 788 τδ
1551 733 1794 788 καταπέ-

193 858 404 910 τασμα.
437 839 548 891 Καὶ
578 837 715 910 ἀλλα
744 835 789 886 δέ
825 833 889 887 ἀν
919 832 1030 901 ἐχοι
1065 848 1148 893 τις
1176 832 1381 893 εἰπεῖν,
1446 827 1795 896 ἀλλ-ὶαύτάρ-

192 951 262 1002 κη
290 908 492 983 ταῦτα.
523 908 606 981 Tit
647 928 706 979 δέ
749 927 985 994 στοιχεῖα
1020 922 1367 992 ἐσείσθησαν,
1403 919 1519 990 ἅμα
1555 920 1656 990 μὲν
1703 921 1797 972 καὶ

192 1021 546 1094 Δημιουργδν
575 1020 917 1089 ἐμφαίνοντα
947 1013 1084 1070 εἶναι
1112 1017 1205 1069 τὸν
1238 1015 1541 1085 πάσχοντα.
1576 1014 1693 1081 ἅμα
1738 1011 1796 1064 δὲ

193 1118 290 1169 καὶ
355 1115 626 1186 δηλοῦντα
679 1113 757 1176 ὡς
801 1110 1300 1182 μετακινηθήσεται
1358 1108 1427 1160 τὰ
1460 1105 1787 1174 πράγματα’

191 1211 284 1262 τὶν
330 1210 444 1278 γάρ
481 1205 706 1276 σεισμὸν
728 1207 762 1276 ή
793 1204 985 1276 Γραφή
1021 1204 1114 1256 ἐπὶ
1172 1201 1273 1270 τῆς
1300 1201 1407 1254 τῶν
1448 1198 1797 1269 πραγμάτων

197 1281 552 1369 μεταθέσεως
608 1296 816 1367 τάττει.
864 1293 1117 1360 Ἐγένετο
1145 1289 1238 1343 οῦν
1275 1291 1308 1359 ή
1351 1288 1644 1359 μετάθεσις
1695 1286 1798 1356 τῆς

197 1388 292 1443 τοῦ
315 1386 460 1441 Θεοῦ
489 1385 822 1454 ἐπισκοπῆς,
843 1385 950 1438 ἀπὸ
979 1383 1086 1437 τῶν
1115 1381 1388 1435 Ἰουδαίων
1420 1382 1512 1434 ἐπὶ
1541 1379 1607 1432 τὰ
1629 1377 1758 1448 ἔθνη
1779 1395 1793 1406 ·

195 1481 292 1533 καὶ
326 1480 385 1530 ai
423 1478 647 1545 πέτραι,
695 1477 813 1546 ήτοι
841 1476 898 1528 ai
937 1474 1130 1526 λίθινοι
1160 1472 1378 1543 καρδίαι
1403 1471 1511 1522 τῶν
1543 1469 1796 1534 ἐθνικῶν,

194 1567 559 1638 ἐσχίσθησαν,
585 1569 681 1618 καί⁸
719 1563 1045 1629 ὑπεδέξαντο
1063 1565 1154 1616 τὸν
1173 1563 1272 1631 τῆς
1285 1562 1545 1632 ἀληθείας
1571 1561 1798 1631 σπόρον,

196 1661 290 1712 καὶ
309 1659 362 1711 οί
386 1658 788 1728 νενεκρωμένοι
806 1659 925 1718 ταῖς
949 1658 1250 1726 ἁμαρτίαις
1290 1653 1678 1724 ἐξανέστησαν,
1706 1655 1799 1705 καὶ

194 1744 363 1821 ἦλθον
395 1751 478 1810 είς
508 1747 606 1818 τήν
641 1747 802 1814 ἀγίαν
858 1746 1036 1811 πόλιν,
1095 1748 1194 1814 τὴν
1257 1745 1370 1800 ἀνω
1413 1743 1798 1812 Ἰερουσαλήμ,

199 1845 290 1897 καὶ
314 1839 750 1910 ἐνεφανίσθησαν
782 1840 893 1901 τοῖς
916 1838 1151 1902 πολλοῖς,
1175 1839 1283 1899 τοῖς
1301 1837 1386 1889 διὰ
1414 1837 1514 1904 τῆς
1540 1834 1800 1897 πλατείας

197 1934 317 1986 ὀδοῦ
355 1931 670 1986 ὁδεύουσινι
705 1929 1132 1997 ἐμφανισθέντες
1188 1929 1242 1980 δὲ
1307 1929 1515 1992 αὐτοῖς,
1562 1927 1798 1997 ἀρχέτυ-

201 2041 300 2076 πον
335 2024 524 2086 αὐτοῖς
551 2023 800 2089 ἐγένοντο
822 2019 1026 2088 ἀγαθοῦ
1062 2021 1175 2090 βίου
1208 2020 1301 2072 καὶ
1325 2019 1683 2087 ἐπιστροφῆς.
1733 2019 1796 2070 '0

203 2118 309 2186 γὰρ
342 2116 472 2168 ἰδὼν
505 2121 599 2167 τὸν
634 2113 829 2187 πρῴην
857 2113 1271 2181 νεκεκρωμένον
1305 2112 1410 2164 ὑπὸ
1451 2110 1558 2162 τῶν
1589 2110 1804 2173 παθῶν,

201 2206 612 2276 ἐπιστραφέντα
643 2207 739 2258 καὶ
776 2205 1067 2261 ἀνελθόντα
1101 2205 1179 2266 είς
1211 2202 1308 2272 τήν
1340 2203 1500 2268 ἁγίαν
1528 2203 1586 2253 ἐν
1641 2201 1802 2271 οὐρα-

1900 649 2076 710 batur,
2113 648 2382 718 Opificem
2407 662 2564 703 suum
2589 662 2732 712 esse,
2764 655 2820 701 et
2848 645 3083 701 futuram
3119 645 3272 716 161
3310 660 3493 698 rerum

1901 737 2444 794 transmutationem.
2493 737 2776 804 Scriptura
2824 738 2970 792 enim
3009 746 3168 792 terrae
3200 745 3404 791 motum
3436 735 3490 787 in

1901 845 2078 883 rerum
2115 830 2442 884 alteratione
2470 827 2834 897 pauit.Facta
2891 829 3056 897 igitur
3112 836 3198 883 est
3267 825 3494 881 mutatio

1900 922 2225 976 visitationis
2279 921 2370 974 Dei
2399 937 2426 972 a
2453 919 2654 974 Iudaeis
2693 922 2750 974 in
2809 929 3019 990 gentes.
3064 919 3130 974 Et
3161 927 3348 989 petrae,
3392 919 3496 974 hoc

1898 1025 2003 1080 est,
2041 1013 2252 1084 lapidea
2279 1013 2561 1082 gentilium
2588 1012 2774 1076 corda,
2811 1011 2981 1065 divisa
3014 1020 3161 1074 sunt,
3207 1019 3263 1064 et
3302 1025 3493 1066 susce-

1900 1115 2098 1179 perunt
2119 1120 2306 1160 semen
2333 1105 2601 1159 veritatis.
2638 1104 2705 1159 Et
2730 1104 2929 1159 mortui
2955 1103 3205 1188 peccatis
3233 1116 3495 1158 surrexe-

1899 1209 2043 1265 runt,
2075 1207 2128 1253 et
2160 1208 2426 1254 venerunt
2466 1199 2520 1251 in
2574 1197 2856 1251 civitatem
2881 1204 3150 1259 sanctam,
3199 1207 3496 1262 supernam

1900 1291 2045 1344 illam
2079 1289 2402 1352 Jerusalem,
2433 1297 2917 1358 apparueruntque
2948 1285 3135 1340 multls
3180 1301 3278 1356 per
3326 1277 3494 1340 latam

1901 1383 2041 1436 viam
2067 1381 2465 1446 incedentibus,
2485 1387 2540 1435 et
2564 1388 2894 1450 apparentes
2921 1377 3204 1446 exemplar
3227 1377 3336 1431 illis
3359 1376 3493 1431 facti

1900 1482 2027 1526 sunt
2067 1473 2191 1527 vita:
2222 1474 2374 1527 bona:
2425 1481 2479 1525 et
2509 1470 2907 1525 conversionis.
2945 1468 3080 1523 Nam
3137 1469 3229 1539 qui
3303 1467 3500 1522 viderit

1900 1565 2207 1635 quempiam
2259 1565 2410 1633 prius
2454 1566 2521 1619 ab
2588 1563 2969 1619 affectionibus
3028 1563 3144 1618 suis
3195 1570 3492 1627 mortuum,

1901 1672 2336 1726 conversumque
2365 1665 2418 1710 et
2449 1657 2754 1725 ingressum
2797 1656 2849 1709 in
2886 1660 3136 1709 sanctam
3172 1653 3322 1708 illam
3375 1666 3496 1722 qua:

1902 1748 1952 1802 in
1984 1748 2135 1800 cmlis
2167 1756 2250 1802 est
2295 1747 2595 1812 civitatem,
2656 1747 2904 1801 imitatur
2956 1745 3108 1800 illum
3149 1759 3244 1814 per
3288 1744 3498 1806 omnia,

1904 1839 2343 1909 convertiturquc
2372 1849 2424 1894 et
2452 1847 2587 1906 ipse.
2654 1839 2849 1893 Verum
2902 1839 3019 1894 haec
3054 1839 3127 1892 ita
3161 1837 3498 1894 intellexisse

1905 1930 2172 1982 curiosius
2207 1928 2386 1983 fuerit.
2417 1928 2494 1981 Tu
2528 1942 2707 1983 autem
2751 1942 3021 1999 cognosce
3051 1927 3192 1997 quod
3251 1934 3498 1980 mortuo-

1902 2037 2020 2075 rum
2060 2021 2408 2083 resurrectio,
2453 2036 2574 2090 quae
2614 2020 2757 2075 facta
2805 2031 2890 2075 est
2944 2022 2996 2074 in
3051 2033 3213 2074 cruce
3257 2017 3498 2082 Domini,

1898 2113 2218 2183 significarit
2243 2121 2297 2167 et
2325 2128 2535 2178 eorum,
2561 2115 2676 2182 qui,
2714 2113 2767 2167 in
2795 2113 3007 2168 inferno
3040 2111 3261 2175 fuerint,
3295 2109 3498 2164 libera-

1902 2207 2124 2259 tionem.
2162 2206 2543 2274 Apparuerunt
2571 2217 2750 2260 autem
2793 2206 2980 2260 multis
3013 2204 3106 2274 qui
3133 2212 3259 2257 tunc
3307 2215 3499 2268 resur-

204 2300 310 2360 νοϊς
334 2297 517 2361 πόλιν,
545 2299 795 2367 μιμεῖται
817 2296 978 2348 αὑτὸν
997 2296 1236 2357 πάντως,
1261 2294 1354 2346 καὶ
1373 2292 1691 2361 ἐπιστρέφει
1710 2295 1803 2345 καὶ

1911 2306 2179 2360 rexernnt,
2213 2307 2270 2353 ut
2309 2313 2378 2351 nc
2423 2299 2750 2366 phantasma
2785 2313 2906 2352 esse
2934 2301 3210 2352 videretur
3226 2296 3377 2365 quod
3403 2293 3499 2347 lie-

204 2389 384 2452 αύτός.
418 2388 608 2441 Ταῦτα
652 2389 752 2457 μὲν
776 2383 871 2440 οῦν
903 2386 1328 2455 περιεργότερον
1363 2383 1560 2453 ἐνοήθη
1589 2400 1602 2414 ·
1642 2383 1706 2436 σὺ
1747 2383 1805 2436 δὲ

204 2479 440 2547 γίνωσκε
477 2481 564 2532 ὅτι
605 2480 626 2545 ε
661 2479 771 2529 τῶν
801 2477 1011 2546 νεκρῶν
1044 2477 1286 2545 ἐγερσις,
1321 2475 1354 2543 ή
1389 2477 1446 2526 ἐν
1468 2474 1544 2543 τῷ
1577 2473 1798 2544 σταυρῷ

205 2568 293 2620 τοῦ
343 2569 553 2636 Κυρίου
583 2567 876 2636 γενομένη,
910 2566 1101 2634 ἐδήλου
1135 2565 1229 2616 καὶ
1281 2563 1392 2615 τῶν
1445 2565 1504 2615 ἐν
1563 2562 1641 2631 τῷ
1695 2563 1796 2633 ᾅδῃ

204 2660 388 2730 ψυχῶν
423 2661 522 2730 τὴν
545 2659 881 2728 ἐλευθερίαν.
928 2658 1212 2726 Ὠφθησαν
1238 2656 1294 2708 δέ
1328 2655 1544 2718 πολλοῖς
1575 2657 1625 2708 οἱ
1667 2656 1798 2709 ἀνα-

206 2755 426 2816 στάντες
460 2754 608 2815 τότε,
647 2752 736 2805 ἵνα
770 2751 843 2821 μὴ
867 2748 991 2820 δόξῃ
1021 2750 1316 2816 φάντασμα
1351 2743 1492 2800 εἶναι
1544 2748 1605 2799 τὸ
1647 2749 1799 2817 γενό-

1901 2387 2012 2442 bat.
2053 2386 2492 2444 liesurrexerunt
2529 2399 2709 2444 autem
2765 2387 2840 2444 illi
2876 2399 3082 2442 tantum
3131 2387 3266 2456 signi
3300 2385 3495 2454 gratia,

1909 2477 2369 2549 manifestumque
2398 2491 2483 2535 est
2517 2483 2668 2546 illud,
2699 2483 2840 2550 quod
2871 2484 3068 2535 iterum
3107 2479 3328 2533 mortui.
3369 2475 3501 2542 Qui-

1909 2570 2030 2623 dam
2058 2581 2236 2625 autem
2264 2573 2455 2628 dicunt
2494 2579 2638 2643 quod
2668 2585 2952 2643 postquam
3017 2574 3270 2628 Christus
3317 2584 3504 2625 resur-

1912 2661 2070 2725 rexit,
2127 2667 2527 2718 resurrexerint
2555 2676 2608 2719 ct
2633 2667 2730 2730 illi,
2764 2682 2863 2720 nec
2910 2674 3094 2732 postea
3124 2662 3319 2718 mortui
3356 2661 3500 2717 sint:

1909 2753 2000 2804 sed
2040 2755 2224 2807 nescio
2262 2769 2327 2807 an
2357 2757 2462 2810 hoc
2487 2757 2557 2810 sit
2595 2757 2991 2824 recipiendum.

209 2865 362 2918 μενον
401 2864 417 2878 ·
456 2847 773 2916 ἀνέστησαν
823 2845 878 2896 δὲ
937 2839 1104 2905 οὗτοι,
1157 2841 1318 2910 χάριν
1376 2840 1471 2894 τοῦ
1540 2841 1770 2911 σημείου
1813 2861 1821 2873 ·
1863 2844 2130 2913 πρόδηλον
2160 2849 2217 2900 δὲ
2275 2849 2358 2900 ὅτι
2392 2851 2555 2903 πάλιν
2601 2852 2925 2918 τεθνήκασι.
2991 2848 3146 2907 Τινὲς
3197 2845 3254 2896 δέ
3309 2843 3505 2911 λέγου-

209 2960 288 2996 σιν
307 2944 390 2996 ὅτι
419 2942 560 3013 μετὰ
600 2944 662 2992 τὸ
689 2939 983 3009 ἀναστῆναι
1034 2937 1125 2990 τὸν
1160 2935 1417 3006 Χριστὸν,
1464 2937 1774 3006 ἀνέστησαν
1808 2940 1900 2992 καὶ
1967 2935 2136 3007 οὗτοι,
2169 2945 2264 2995 καὶ
2304 2945 2514 2998 οὐκέτι
2577 2946 2869 3010 ἀπέθανον,
2901 2943 3063 2997 τοῦτο
3117 2942 3173 2996 δὲ
3236 2942 3338 2997 οὐκ
3386 2934 3506 2992 οἶδα

207 3038 253 3088 εἰ
274 3035 352 3088 δεῖ
382 3032 811 3104 παραδέχεσθαι.

282 3153 300 3186 ι
326 3133 386 3187 'O
416 3133 476 3186 δέ
507 3131 912 3200 ἑκατόνταρχος
941 3131 1035 3182 καὶ⁵
1065 3130 1113 3183 οἱ
1141 3130 1257 3200 μετ’
1290 3127 1452 3182 αὐτοῦ
1509 3127 1802 3198 τηροῦντες

208 3225 294 3276 τὸν
338 3221 574 3293 Ἰησοῦν,
638 3221 840 3284 ίδόντες
868 3221 958 3274 τὸν
997 3222 1220 3292 σεισμὸν
1252 3222 1343 3274 καὶ
1395 3223 1464 3274 τὰ
1514 3223 1802 3290 γενόμενα,

1988 3129 2151 3185 Vens.
2172 3131 2355 3186 54—56.
2388 3163 2405 3183 ι·
2436 3132 2695 3187 Centurio
2726 3146 2871 3195 vero,
2893 3140 2948 3185 et
2975 3129 3066 3198 qui
3100 3143 3222 3183 cum
3251 3142 3316 3182 eo
3345 3129 3506 3182 erant

1914 3222 2281 3277 custodientes
2330 3221 2536 3287 Jesum,
2588 3224 2704 3277 viso
2747 3232 2904 3275 terrae
2939 3229 3109 3283 motu,
3136 3229 3190 3274 et
3254 3217 3341 3273 his
3381 3231 3505 3287 quae

212 3313 558 3383 ἐφοϐήθησαν
614 3311 842 3383 σφόδρα,
877 3311 1157 3380 λέγοντεςο
1198 3312 1436 3381 Ἀληθῶς
1493 3312 1630 3365 Θεοῦ
1669 3313 1798 3374 Υἱὸς

1911 3312 2054 3367 facta
2097 3314 2336 3380 fuerant,
2394 3316 2692 3368 timuerunt
2766 3313 2944 3376 valde,
3012 3307 3299 3366 dicentes:
3363 3308 3507 3365 Vero

211 3399 271 3476 ἦν
297 3399 478 3467 οὗτος.
505 3399 688 3457 *Ησαν
708 3403 764 3456 δέ
791 3405 908 3457 ἐκεῖ
925 3405 1193 3470 ’γυναῖκες
1224 3403 1440 3468 πολλαὶ,
1472 3403 1582 3457 ἀπὸ
1602 3403 1808 3474 μακρό-

211 3499 296 3550 θεν
337 3498 668 3565 θεωροῦσαι,
692 3496 898 3559 αἵτινες
941 3495 1320 3566 ἠκολούθησαν
1351 3495 1430 3564 τῷ
1463 3493 1642 3565 Ἰησοῦ
1693 3494 1807 3546 ἀπὸ

214 3589 305 3657 τῆς
335 3582 633 3649 Γαλιλαίας
661 3585 1010 3638 διακονοῦσαι
1037 3583 1207 3654 αὐτῷ,
1246 3585 1303 3637 ἐν
1332 3579 1420 3647 αἷς
1455 3579 1522 3654 ἧν
1553 3583 1744 3654 Μαρία
1773 3584 1807 3653 ή

211 3677 571 3747 Μαγδαληνὴ.
635 3677 733 3730 καὶ
767 3675 957 3747 Μαρία
990 3676 1136 3746 ήτοῦ
1195 3675 1451 3728 Ἰακώϐου
1515 3675 1608 3728 καὶ
1648 3674 1807 3741 Ἰωσῆ

216 3773 418 3839 μήτηρ,
450 3769 549 3820 καὶ
605 3770 638 3838 ή
673 3768 856 3838 μήτηρ
883 3766 992 3819 τῶν
1048 3767 1179 3818 υίῶν
1208 3766 1518 3820 Ζεϐεδαίου.
1546 3786 1564 3817 ι
1617 3765 1676 3818 'U
1712 3764 1810 3835 μὲν

213 3862 424 3924 ἐθνικὸς
473 3859 893 3928 ἑκατόνταρχος,
928 3857 1037 3914 ἀπὸ
1095 3857 1205 3910 τῶν
1254 3859 1496 3927 σημείων
1561 3858 1809 3910 πιστεύει

214 3955 306 4007 σὺν
328 3956 444 4014 τοῖς
475 3953 602 4022 περὶ
634 3951 799 4006 αὐτόν
834 3965 849 3980 ο
879 3952 928 4004 οἱ
971 3951 1028 4004 δέ
1090 3951 1387 4021 προφητῶν
1445 3952 1812 4007 κατακούσαν·

216 4061 298 4107 τες
329 4046 422 4097 καὶ
457 4043 623 4110 νόμου
655 4043 927 4106 Ἰουδαῖοι,
962 4045 1181 4096 ἄπιστοι
1234 4044 1455 4112 μένουσι
1490 4061 1505 4075 ο
1542 4045 1801 4098 τοσοῦτόν

214 4139 356 4189 ἐστιν
389 4136 422 4204 ή
454 4132 692 4202 πονηρία
745 4134 937 4189 κακόνο
1001 4134 1099 4185 καὶ
1133 4137 1487 4206 ἐμαρτύρησε
1537 4135 1594 4187 δέ
1629 4137 1656 4186 ὁ
1683 4136 1812 4188 ἐκα-

213 4229 510 4294 τόνταρχος
563 4217 718 4287 οὗτος
751 4223 893 4295 ὑπὲρ
919 4224 1158 4293 Χριστοῦ
1191 4223 1435 4295 ὕστερον,
1465 4225 1726 4288 Γυναῖκες
1754 4226 1811 4278 δέ

212 4317 520 4387 θιωροῦσαι
540 4316 606 4369 τά
626 4315 920 4385 γενόμενα,
945 4317 1001 4369 αί
1023 4316 1258 4385 μάλιστα
1285 4317 1501 4370 πάντων
1529 4317 1811 4387 συμπαθέ-

217 4422 444 4473 στεραι,
500 4405 594 4459 καὶ
663 4405 723 4457 τὸ
775 4407 931 4473 γένος
999 4406 1060 4458 τὸ
1115 4407 1488 4478 κατακριθέν,
1547 4407 1806 4460 ἀπολαύει

218 4497 433 4566 πρῶτον
463 4497 566 4565 τῆς
599 4497 710 4551 τῶν
736 4497 960 4564 ἀγαθῶν
990 4498 1227 4568 θεωρίας
1261 4515 1274 4529 ο
1307 4500 1401 4552 καὶ
1430 4501 1476 4553 οἱ
1504 4499 1604 4569 μὲν
1635 4500 1811 4571 μαθη-

217 4593 301 4644 ταὶ
331 4591 652 4658 φεύγουσιν,
678 4593 733 4643 αἱ
765 4591 819 4644 δέ
848 4593 1104 4659 γυναῖκες
1157 4591 1509 4662 καρτεροῦσι.
1591 4593 1811 4664 Μαρίαν

217 4684 271 4737 δὲ
300 4684 563 4736 Ἰακώϐου
591 4685 684 4736 καὶ
732 4683 890 4752 Ἰωσῆ
920 4685 1151 4754 μητέρα,
1183 4684 1280 4754 τὴν
1309 4685 1572 4738 Θεοτόκον
1623 4686 1772 4753 λέγει

215 4775 242 4830 6
276 4776 384 4847 γὰρ
426 4775 678 4838 Ἰάκωϐος
728 4776 820 4829 καὶ
849 4776 1034 4846 Ἰωσῆς
1058 4777 1151 4829 τοῦ
1194 4775 1390 4845 Ἰωσὴφ
1425 4774 1566 4849 ἦσαν
1613 4778 1803 4841 παῖδες

218 4870 321 4922 ἀπὺ
349 4869 446 4939 τῆς
471 4869 746 4938 προτέρας
763 4867 927 4920 αὐτοῦ
949 4867 1228 4933 γυναικός.
1269 4867 1424 4924 Ἐπεὶ
1453 4867 1543 4920 οῦν
1566 4869 1598 4938 ή
1623 4867 1814 4920 Θεοτό-

219 4977 311 5023 κος
360 4960 503 5028 γυνὴ
541 4959 761 5028 ἐλέγετο
791 4959 886 5011 τοῦ
929 4959 1147 5028 Ἰωσὴφ,
1174 4958 1398 5021 εἰκότως
1433 4959 1657 5011 καὶτῶν
1692 4958 1814 5010 παί-

221 5053 320 5105 δων
349 5051 519 5105 αὑτοῦ
553 5053 735 5122 μήτηρ
767 5052 883 5122 ’ήτοι
920 5053 1161 5122 μητρυιά
1185 5052 1441 5119 ἐλέγετοο
1473 5054 1505 5116 ἡ
1531 5051 1590 5104 δέ
1628 5053 1812 5123 μήτηρ

221 5143 321 5196 τῶν
368 5144 503 5197 υἱῶν
563 5143 874 5207 Ζεϐεδαίου,
942 5144 1180 5216 Σαλώμη
1250 5145 1535 5198 ἐκαλεῖτο⁹
1589 5147 1722 5213 φασὶ
1755 5145 1811 5198 δέ

225 5229 312 5290 καὶ
362 5235 570 5308 ταύτην
629 5235 908 5308 θυγατέρα
936 5231 1072 5291 είναι
1105 5237 1200 5290 τοῦ
1243 5238 1464 5308 Ἰωσήφ.

303 5328 492 5397 Ὀψίας
518 5328 578 5381 δὲ
625 5327 947 5398 γενομένης,
976 5323 1140 5400 ἦλθεν
1208 5328 1495 5401 ἄνθρωπος
1555 5329 1812 5395 πλούσιος

224 5420 327 5473 ἀπὸ
388 5418 776 5490 Ἁριμαθαίας,
828 5417 1068 5489 τοῦνομα
1136 5419 1356 5490 Ἰωσὴφ,
1387 5419 1447 5483 ὃς
1478 5420 1575 5472 καὶ
1641 5421 1806 5484 αὐτὸς

225 5511 567 5581 ἐμαθήτευσε
596 5510 676 5581 τῷ
729 5509 929 5582 Ἰησοῦ.
981 5502 1152 5576 Οὗτος
1185 5511 1500 5582 προσελθὼν
1532 5511 1611 5582 τῷ
1651 5513 1814 5568 Πιλά-

227 5619 321 5675 τῳ,
362 5604 609 5675 ᾐτήσατο
629 5605 690 5657 τὸ
725 5605 885 5673 σῶμα
919 5604 1014 5658 τοῦ
1058 5603 1258 5674 Ἰησοῦ.
1312 5605 1448 5659 Τότε
1500 5608 1528 5660 ό
1577 5605 1812 5673 Πιλᾶτος

227 5695 510 5748 ἐκέλευσεν
544 5695 884 5765 ἀποδοθῆναι
914 5697 980 5750 τὸ
1018 5697 1178 5768 σῶμα
1208 5713 1223 5730 ο
1246 5697 1347 5751 καὶ
1373 5697 1554 5750 λαϐὼν
1591 5697 1652 5751 τὸ
1703 5699 1812 5752 σῶ-

230 5791 348 5853 tuo
384 5787 611 5858 Ἰωσήφ,
680 5788 983 5854 ἐνετύλιξεν
1031 5790 1165 5843 αὐτὸ
1200 5790 1394 5845 σινδόνι
1446 5790 1686 5862 καθαρᾷ,
1716 5793 1811 5845 καὶ

229 5875 422 5949 ἐθηκιν
451 5879 584 5934 αὐτὸ
608 5880 665 5935 ἐν
695 5881 771 5952 τῷ
828 5883 999 5953 καινῷ
1041 5883 1206 5937 αὑτοῦ
1243 5884 1516 5955 μνημείῳ,
1550 5883 1576 5936 ὃ
1624 5884 1809 5937 ἐλατό-

1913 3403 2081 3458 Filius
2144 3405 2239 3462 Dei
2290 3416 2409 3460 erat
2462 3406 2584 3460 iste.
2650 3405 2818 3458 Erant
2873 3414 3057 3458 autem
3114 3403 3189 3456 ibi
3246 3400 3508 3455 mulieres

1914 3498 2096 3551 multa:
2127 3512 2157 3553 e
2183 3499 2477 3568 longinquo
2531 3504 2860 3566 spectantes,
2895 3510 3017 3564 qua:
3067 3501 3268 3548 secutae
3295 3491 3508 3546 fuerant

1912 3589 2097 3643 Jesum
2152 3604 2181 3642 a
2212 3589 2456 3655 Galilaea,
2490 3590 2865 3642 ministrantes
2893 3587 2964 3654 ei,
3012 3587 3156 3640 inter
3193 3599 3328 3653 quas
3385 3593 3506 3639 erat

1914 3681 2080 3735 Maria
2134 3680 2468 3751 Magdalene,
2511 3690 2565 3733 et
2597 3680 2764 3733 Maria
2794 3678 3007 3743 Jacobi,
3049 3687 3102 3734 et
3146 3675 3278 3732 Juse
3307 3685 3502 3743 mater,

1915 3783 1969 3829 et
1996 3785 2167 3828 mater
2196 3773 2430 3829 filiorum
2472 3771 2740 3827 Zebcdzci.
2773 3789 2791 3822 ι
2825 3770 3088 3824 Centurio
3127 3771 3291 3823 homo
3325 3768 3507 3823 ethni-

1915 3879 2012 3920 cus
2046 3878 2076 3916 a
2106 3864 2278 3934 signis
2307 3863 2484 3918 credit
2509 3878 2634 3917 cum
2675 3864 2757 3916 his
2794 3862 2886 3931 qni
2920 3876 3104 3917 secum
3173 3869 3332 3913 erant
3364 3877 3376 3912 :
3413 3857 3508 3914 Ju-

1916 3955 2013 4010 dzri
2041 3967 2223 4009 autem
2248 3955 2340 4023 qui
2368 3955 2540 4024 legem
2571 3968 2624 4008 et
2649 3956 2947 4023 prophetas
2984 3953 3295 4015 audierant,
3324 3952 3506 4004 incre-

1918 4048 2025 4101 duli
2047 4057 2288 4101 manent.
2304 4047 2537 4101 Tantum
2565 4047 2762 4100 malum
2787 4056 2868 4100 est
2888 4044 3218 4114 malignitas.
3236 4043 3301 4096 Et
3320 4055 3512 4111 posma

1917 4139 2235 4208 martyrium
2271 4139 2489 4208 pertulit
2533 4139 2618 4193 hic
2645 4139 2896 4193 centurio
2943 4145 3170 4205 pr0ptcr
3202 4133 3505 4189 Christum.

1915 4229 2166 4286 Mulieres
2222 4246 2354 4286 vero
2411 4239 2719 4301 spectantes
2748 4245 2810 4284 ea
2843 4244 2966 4299 quae
3018 4229 3239 4292 fiebant,
3271 4235 3328 4279 ut
3379 4234 3509 4281 sunt

1914 4321 2468 4392 compatieutissimae,
2521 4332 2575 4376 et
2631 4337 2794 4376 sexus
2843 4321 3274 4384 condemnatus,
3319 4318 3510 4387 primae

1920 4413 2176 4468 fruuntur
2201 4414 2469 4470 bonorum
2505 4416 2986 4483 contemplatione.
3011 4414 3078 4467 Et
3112 4411 3362 4478 discipuli
3390 4411 3513 4480 qui-

1917 4507 2037 4560 dem
2070 4505 2306 4575 fugiunt,
2344 4505 2598 4559 mulieres
2648 4515 2828 4558 autem
2893 4504 3060 4559 fortes
3105 4511 3250 4557 sunt.
3279 4501 3508 4555 Mariam

1846 4628 1890 4683 Β
1920 4606 2100 4650 autem
2134 4607 2362 4650 matrem
2391 4594 2578 4650 Jacobi
2607 4605 2662 4649 et
2702 4594 2850 4659 Jose,
2880 4594 3166 4666 Deiparam
3230 4592 3384 4646 dicit.
3415 4589 3525 4665 Ja-i

1919 4689 2087 4744 cobus
2123 4689 2267 4742 enim
2301 4697 2354 4743 et
2382 4687 2536 4743 Joses
2562 4687 2656 4741 filii
2688 4696 2843 4741 erant
2881 4685 3086 4756 Joseph
3116 4701 3146 4740 e
3176 4686 3360 4755 priore
3390 4683 3508 4753 ejus

1920 4795 2107 4834 uxore.
2144 4779 2346 4834 Verum
2366 4781 2495 4848 quia
2516 4779 2751 4849 Deipara
2779 4794 2916 4833 uxor
2965 4778 3170 4848 Joseph
3200 4777 3507 4841 dicebatur,

1919 4875 2113 4930 merito
2173 4883 2227 4928 et
2264 4873 2496 4927 filiorum
2528 4874 2644 4942 ejus
2700 4873 2984 4927 dicebatur
3035 4880 3230 4934 mater,
3277 4872 3382 4926 hoc
3426 4878 3511 4926 est

1917 4980 2172 5021 noverca.
2219 4965 2392 5020 Mater
2453 4974 2636 5020 autem
2690 4964 2926 5020 ﬁliorum
2988 4964 3235 5019 Zebedaai
3292 4961 3488 5018 Saloni:

1917 5059 2226 5128 dicebatur,
2246 5074 2410 5130 quam
2444 5067 2500 5116 et
2529 5062 2698 5129 ipsam
2727 5056 2926 5128 Ioseph
2964 5058 3129 5112 filiam
3159 5056 3330 5111 aiunt.

1953 5321 2154 5399 .Vsns.
2198 5321 2390 5379 57-6l.
2445 5341 2463 5375 ι
2505 5321 2746 5393 Vespere
2777 5333 2958 5392 autem
2987 5323 3133 5378 facto
3201 5323 3353 5379 venit
3411 5324 3514 5378 hoc

1916 5433 2005 5472 mo
2030 5417 2179 5473 dives
2216 5415 2306 5470 ab'
2348 5415 2704 5482 Arimathaea,
2744 5417 2966 5471 nomine
3027 5416 3250 5484 .loseph,
3275 5425 3329 5474 et
3395 5418 3511 5487 ipse

1915 5508 2212 5579 discipulus
2241 5509 2420 5564 fuerat
2455 5506 2607 5563 Jesu.
2649 5507 2745 5564 Hic
2786 5509 3018 5563 accessit
3060 5509 3124 5562 ad
3153 5507 3410 5570 Pilatum,
3445 5522 3509 5562 ac

1916 5603 2209 5674 postulavit
2252 5615 2451 5670 corpus
2482 5600 2638 5656 Jesu.
2673 5598 2827 5654 Tunc
2878 5599 3083 5654 Pilatus
3137 5601 3300 5670 jussit
3355 5600 3509 5654 reddi

1913 5711 2133 5766 corpus.
2169 5694 2234 5748 Et
2261 5709 2384 5748 cum
2441 5696 2742 5761 accepisset
2781 5708 2975 5762 corpus
3027 5692 3251 5761 Jnseph,
3286 5691 3508 5746 involvit

1913 5791 2042 5844 illud
2076 5791 2128 5844 in
2165 5788 2393 5843 sindone
2437 5789 2659 5850 munda,
2717 5789 3005 5856 posuitque
3040 5787 3170 5841 illud
3201 5787 3250 5839 iu
3317 5799 3510 5839 monu-

1915 5893 2095 5940 mento
2125 5899 2221 5938 suo
2253 5898 2411 5949 novo,
2447 5883 2589 5951 quod
2613 5881 2888 5936 exciderat
2922 5881 2974 5936 in
3004 5891 3178 5951 petra,
3207 5892 3262 5935 et
3340 5879 3506 5934 advo-
