4010 6448
499 414 612 480 475
1356 409 1939 473 THEOPHYLACTI
1971 404 2385 469 BULGARUE
2435 401 2796 464 ARCHIEP.
3652 394 3768 453 476

507 530 620 585 Ιυιο
661 541 792 582 saxo
826 525 1022 594 ingenti
1051 523 1115 582 ad
1137 524 1335 579 ostium
1374 521 1730 584 monumenti,
1758 521 1912 574 abiit.
1946 519 2075 573 Erat

2198 534 2355 588 ιησεν
2381 517 2439 568 ἐν
2466 516 2533 585 τῇ
2566 513 2764 583 πέτρᾳ.
2826 506 2939 562 Καὶ
2987 502 3357 594 προσκυλίσας
3402 499 3546 555 λίθον
3597 504 3783 570 μέγαν

512 635 690 675 autem
725 620 793 672 ibi
828 618 988 671 Maria
1021 616 1349 684 Magdalene,
1394 625 1448 668 et
1475 613 1645 667 altera
1722 611 1878 681 162
1912 609 2076 662 Maria

2198 612 2243 679 ςῇ
2276 608 2416 678 θύρᾳ
2442 606 2534 659 τοῦ
2566 603 2855 675 μνημείου,
2886 598 3164 671 ἀπῆλθεν·
3206 593 3273 668 ἦν
3310 595 3368 648 δὲ
3421 594 3537 646 ἐκεῖ
3583 593 3780 660 Μαρία

510 713 759 768 sedentes
815 720 999 762 contra
1042 709 1367 773 sepulcrum.
1408 725 1426 757 ι
1468 704 1820 759 Delitescebat
1862 701 2077 770 quidem

2198 702 2213 769 Ἰ
2246 695 2596 767 Μαγδαληνὴ,
2632 698 2725 747 καὶ
2757 695 2789 762 ἡ
2822 691 2956 759 ἄλλη
2994 688 3205 760 Μαρία,
3244 686 3552 756 καθήμεναι
3598 686 3749 736 ἀπᾷν

508 806 635 859 olim
670 801 890 866 .lnsepb,
918 814 1057 851 nunc
1080 808 1260 849 autem
1301 812 1550 867 magnam
1580 809 1690 849 rem
1754 792 1938 855 audet,
1984 806 2081 861 po-

2198 808 2307 843 ιντι
2336 788 2428 841 τοῦ
2460 788 2654 854 τάφου.
2678 805 2695 837 ι
2769 784 3105 853 Ἐκρύπτετο
3148 780 3245 849 μὲν
3278 778 3448 829 πάλαι
3487 779 3514 828 6
3540 777 3775 843 .’1ωσὴφ,

511 910 647 950 nens
668 893 899 945 animam
928 908 1076 946 suam
1112 905 1207 958 pro
1230 904 1455 955 corpore
1487 886 1749 956 magistri,
1786 894 2076 953 tantasque

2198 881 2277 935 θῦν
2309 881 2365 933 δὲ
2408 881 2547 950 μέγα
2578 879 2810 947 πρᾶγμα
2834 875 3037 943 τολμᾷ,
3063 872 3233 933 τιθεὶς
3276 869 3373 941 τὴν
3404 867 3582 937 ψυχὴν
3608 865 3779 919 αὐτοῦ

512 986 826 1039 ἱιιὶιιιὶνίῑίειδ
852 983 1161 1038 Iudaeorum
1203 980 1525 1048 suscipiens.
1562 979 1729 1031 Porro
1762 991 1858 1044 pro
1886 989 2080 1044 magno

2198 973 2333 1044 δπὲρ
2370 970 2464 1025 τοῦ
2497 967 2878 1023 διδασκαλικοῦ
2912 960 3188 1035 σώματος,
3223 962 3316 1015 καὶ
3367 960 3636 1029 τοσαύτην
3683 958 3783 1028 εχ-

510 1080 652 1135 dono
678 1080 930 1130 donatum
970 1083 1053 1130 est
1119 1075 1191 1127 illi
1217 1087 1412 1141 corpus
1437 1070 1561 1125 Jesu
1626 1087 1638 1121 :
1693 1084 1813 1120 nam
1866 1081 1987 1121 cum
2025 1074 2084 1120 ut

2198 1063 2321 1135 lpav
2371 1064 2508 1133 πρὸς
2560 1062 2770 1121 πάντας
2842 1056 3130 1117 Ἰουδαίους
3184 1051 3609 1121 ἀναδεξάμενος.
3686 1049 3784 1111 Ὠς

508 1167 799 1221 seditiosus
820 1175 963 1219 esset
1010 1165 1224 1218 occisus
1267 1162 1541 1223 Christus,
1593 1158 1856 1226 reliquum
1883 1165 2081 1211 eratut

510 1258 813 1327 insepultus
856 1259 1050 1312 merito
1085 1256 1428 1323 abjiceretur.
1459 1252 1655 1306 Verum
1709 1266 1832 1305 cum
1882 1249 2079 1315 Joseph

512 1351 662 1406 dives
705 1362 865 1413 esset,
926 1347 1220 1403 verisimile
1261 1355 1342 1399 est
1367 1345 1508 1414 quod
1539 1343 1712 1397 Pilato
1770 1356 1960 1394 aurum
1989 1339 2083 1393 de-

512 1443 670 1496 derit.
710 1441 940 1495 Proinde
975 1426 1174 1509 corpus
1220 1419 1364 1511 quod
1418 1443 1721 1503 acceperat,
1784 1431 2084 1487 honoriﬁce

512 1540 751 1584 tractans
789 1530 840 1583 in
875 1529 1122 1597 sepulcro
1154 1543 1292 1581 novo
1324 1525 1643 1590 recondidit,
1671 1525 1723 1578 in
1768 1538 1876 1591 quo
1904 1522 2082 1576 nullus

513 1639 746 1690 unquam
785 1621 989 1689 positus
1022 1630 1181 1673 erat:
1214 1620 1263 1671 id
1294 1618 1434 1686 quod
1464 1617 1643 1672 divina
1679 1616 2084 1682 dispensatione

513 1712 736 1777 factum,
770 1728 835 1765 ne
860 1727 979 1765 cum
1012 1712 1399 1765 resurrexisset
1425 1708 1708 1767 Dominus,
1746 1720 1931 1776 posset
1964 1710 2085 1776 quis

516 1807 696 1859 dicere
727 1804 868 1871 quod
904 1804 1041 1856 alius
1080 1814 1204 1856 ante
1234 1818 1357 1855 eum
1412 1801 1654 1870 sepultus
1688 1802 1797 1855 illic
1837 1810 2084 1854 mortuus

515 1893 906 1949 resurrexisset
935 1910 947 1945 :
974 1901 1025 1943 et
1054 1891 1256 1944 idcirco
1276 1888 1378 1943 fuit
1410 1900 1817 1943 monumentum
1866 1904 2079 1943 novum.

516 1983 683 2037 Maria
721 1993 894 2036 autem
940 1982 1270 2047 Magdalene,
1316 1991 1370 2034 et
1394 1980 1560 2034 altera
1614 1980 1800 2042 Maria,
1852 1981 1954 2033 ltoc
2008 1989 2093 2033 est

518 2073 746 2140 Deipara
783 2091 942 2143 quam
969 2090 1127 2142 supra
1163 2071 1524 2126 dixeratJose
1545 2072 1799 2127 etJacobi
1839 2082 2087 2133 matrem,

516 2167 687 2219 amba:
718 2167 1033 2220 assederunt
1058 2165 1122 2218 ad
1152 2164 1477 2231 sepulturam
1517 2180 1530 2217 :
1564 2165 1635 2215 ita
1678 2174 1736 2216 ut
1787 2177 1911 2215 cum
1942 2161 2092 2215 furor

517 2254 822 2310 Iudaeorum
864 2265 1129 2316 cessaret,
1158 2256 1371 2309 abirent
1392 2265 1446 2308 et
1474 2254 1928 2322 amplecterentur
1963 2269 2088 2307 cor-

520 2351 639 2415 pu‘s.
708 2362 773 2400 ac
833 2348 1173 2416 inungerent.
1247 2347 1319 2401 De
1379 2346 1463 2400 his
1528 2346 1840 2400 mulieribus
1880 2345 2094 2399 dicebat

518 2436 684 2493 Isaias
714 2454 727 2490 :
764 2438 1011 2492 Mulieres
1036 2439 1313 2492 venientes
1334 2452 1360 2489 a
1394 2437 1719 2506 spectaculo,
1757 2439 1947 2495 venite,
1984 2451 2091 2489 non

515 2529 659 2582 enim
700 2528 925 2596 populus
954 2535 1035 2580 est
1062 2527 1266 2583 habens
1300 2526 1658 2580 intellectum.
1696 2525 1976 2579 Mauil’este
2012 2526 2092 2577 lo-

517 2620 701 2688 quitur
730 2619 795 2673 de
824 2618 1045 2673 Judaico
1075 2621 1294 2689 populo,
1350 2620 1440 2688 qui
1498 2620 1849 2672 crucillxerat
1906 2619 2090 2671 Domi-

520 2727 672 2776 num,
707 2712 848 2780 quod
882 2726 984 2765 non
1017 2712 1209 2765 babcat
1240 2710 1588 2765 intellectum.
1649 2709 1892 2763 Advocat
1928 2710 2093 2777 igitur

518 2804 796 2865 mulieres,
828 2812 889 2856 ut
920 2804 1172 2872 populum
1205 2802 1421 2872 quidem
1479 2800 1751 2855 intellectu
1812 2812 2087 2854 carentem

520 2892 981 2963 derelinquerent,
1033 2893 1097 2945 ad
1152 2892 1427 2961 apostolos
1461 2902 1638 2946 autem
1670 2892 2012 2953 accederent,
2042 2900 2095 2946 et

517 2984 626 3040 illis
655 2985 1067 3040 resurrectionis
1096 2984 1432 3054 evangelium
1464 2984 1843 3053 praedicarent.

586 3158 752 3216 Vsus.
786 3160 977 3214 62-66.
1043 3178 1061 3211 ι
1105 3160 1324 3215 Postera
1349 3170 1523 3215 autem
1560 3163 1648 3215 die
1678 3177 1798 3231 qua:
1846 3163 2094 3228 sequitur
2123 3191 2165 3247 α

520 3252 888 3318 Parasceven,
924 3263 1290 3307 convenerunt
1342 3253 1613 3322 principes
1653 3254 1997 3306 sacerdotum
2036 3264 2089 3305 et

522 3344 779 3401 Pharisaei
813 3348 877 3400 ad
913 3346 1166 3409 Pilatum,
1200 3347 1478 3405 dicentes:
1522 3345 1770 3407 Domine,
1826 3347 2092 3401 recordati

519 3452 707 3493 sumus
748 3439 890 3507 quod
920 3439 1180 3506 impostor
1204 3438 1290 3490 ille
1320 3439 1455 3492 dixit
1484 3439 1659 3493 adhuc
1709 3440 1916 3502 vivens,
1968 3439 2095 3495 Post

520 3535 633 3583 tres
656 3528 769 3584 dies
814 3545 1116 3599 resurgam.
1149 3527 1284 3585 Jube
1336 3544 1464 3596 ergo
1525 3530 1721 3582 muniri
1788 3529 2092 3596 sepulcrum

524 3636 692 3691 usque
724 3622 775 3675 in
807 3622 943 3676 diem
993 3624 1232 3687 tertium,
1296 3637 1363 3677 ne
1398 3624 1611 3690 quando
1660 3622 1881 3676 veniant
1933 3624 2096 3675 disci-

524 3712 635 3783 puli
662 3712 780 3782 ejus
834 3724 1011 3775 noctu,
1047 3722 1099 3767 et
1123 3714 1372 3768 furentur
1403 3729 1549 3777 eum,
1602 3714 1890 3781 dicantque
1930 3714 2093 3781 plebi,

525 3804 775 3858 Surrexit
818 3819 845 3857 a
871 3806 1094 3858 mortuis
1130 3814 1225 3860 :et
1247 3807 1352 3859 erit
1382 3806 1711 3859 novissimus
1764 3820 1918 3859 error
1948 3806 2097 3873 pejor

522 3897 719 3965 priore.
744 3896 831 3950 Ait
859 3896 963 3950 illis
998 3875 1199 3951 Pilatus
1238 3914 1251 3950 :
1288 3896 1509 3951 Habetis
1577 3898 1921 3968 custodiam,
2000 3900 2092 3962 ite,

522 3990 730 4043 munite
761 3989 907 4043 sicut
934 3990 1110 4043 scitis.
1142 3987 1222 4042 Illi
1248 3999 1428 4043 autem
1493 3990 1755 4043 abeuntes
1789 3990 2097 4043 munierunt

521 4080 849 4147 sepulcrum,
881 4080 1161 4148 obsignato
1184 4080 1379 4148 lapide,
1409 4080 1665 4135 adhibitis
1695 4082 2030 4137 custodibus.
2074 4100 2093 4133 ι

520 4166 638 4222 Non
681 4170 923 4222 nominat
973 4170 1294 4231 Sabbatum.
1354 4168 1649 4223 Sabbatum
1686 4187 1700 4223 ε
1731 4185 1796 4223 eo
1820 4171 1961 4237 quod
1992 4187 2095 4223 non

519 4271 637 4314 erat
671 4259 967 4315 Sabbatum
995 4269 1253 4329 quantum
1287 4261 1352 4315 ad
1378 4260 1689 4315 Judaeorum
1723 4262 1987 4314 insaniam
2016 4269 2099 4312 al-

525 4353 750 4407 tinebat.
776 4352 908 4407 Cum
933 4355 1076 4408 enim
1102 4353 1185 4406 lex
1218 4353 1493 4423 praecipiat
1526 4368 1590 4406 ne
1612 4352 1737 4422 quis
1784 4367 1842 4406 se
1887 4361 2098 4405 moveat

521 4445 609 4499 die
635 4444 854 4499 Sabbati
889 4462 916 4498 a
965 4445 1084 4500 loco
1117 4460 1237 4509 suo,
1300 4444 1749 4511 praevaricatores
1772 4440 1938 4497 Judaei
2003 4458 2097 4495 va-

2188 1156 2430 1227 μεγάλην
2451 1155 2507 1207 se
2546 1151 2776 1223 δωρεὰν,
2808 1150 3023 1203 δίδωσιν
3054 1146 3205 1218 αὐτῷ
3231 1144 3290 1197 τὸ
3317 1145 3476 1214 σῶμα
3526 1145 3553 1195 ὁ
3603 1141 3777 1195 Πιλᾶ-

2185 1265 2295 1311 τος.
2339 1248 2429 1310 Ὧς
2456 1246 2562 1315 γὰρ
2592 1241 2918 1297 στασιαστοῦ
2945 1238 3349 1299 θανατωθέντος
3374 1234 3469 1288 τοῦ
3509 1232 3783 1306 Χριστοῦ,

2188 1343 2414 1406 εἰκότως
2444 1339 2504 1393 τὸ
2562 1340 2722 1407 σῶμα
2768 1336 2935 1391 αὑτοῦ
2972 1334 3199 1405 ἔμελλεν
3252 1333 3459 1400 ἄταφον
3509 1330 3783 1401 ριφῆναι’

2185 1433 2301 1485 ἀλλ’
2330 1436 2358 1485 6
2428 1431 2627 1498 Ἰωσὴφ
2668 1428 2924 1490 πλούσιος
2979 1426 3077 1491 ὢν,
3115 1425 3261 1487 εἰκὸς
3309 1425 3392 1478 ὅτι
3442 1425 3536 1477 καὶ
3576 1422 3787 1473 ἔδωκεν

2186 1525 2251 1578 ἂν
2284 1523 2361 1594 τῷ
2391 1523 2607 1590 Πιλάτῳ
2637 1522 2878 1591 χρυσίον.
2922 1521 3034 1573 Καὶ
3069 1518 3251 1570 λαὸὼν
3286 1518 3421 1586 τιμᾷ
3450 1515 3581 1567 αὐτὸ
3610 1557 3624 1579 ,
3674 1529 3786 1566 κα-

2185 1615 2365 1676 ταθεὶς
2396 1616 2453 1665 ἐν
2490 1614 2740 1683 μνημείῳ
2770 1610 2966 1680 καινῷ,
2999 1612 3054 1662 ὲν
3081 1601 3124 1676 ᾧ
3154 1608 3368 1660 οὐδέπω
3413 1605 3588 1666 οὐδεὶς
3647 1604 3778 1655 ἐτέ-

2186 1708 2251 1776 θη
2280 1724 2291 1734 ·
2312 1707 2472 1758 τοῦτο
2499 1706 2554 1757 δὲ
2585 1706 2894 1773 οἰκονομίας
2919 1702 3053 1753 Θεοῦ
3085 1696 3175 1771 ἦν,
3245 1700 3337 1751 ἵνα
3369 1698 3467 1767 μὴ,
3499 1693 3786 1748 ἀναστάν-

2185 1817 2276 1861 τος
2310 1798 2402 1850 τοῦ
2430 1797 2660 1863 Κυρίου,
2696 1794 2808 1863 ἔχοι
2833 1812 2917 1856 τις
2966 1794 3145 1845 είπείν
3186 1792 3267 1845 ὅτι
3304 1789 3463 1851 ἄλλος
3517 1790 3790 1857 πρότερον

2192 1891 2381 1959 ταφεὶς
2438 1890 2553 1941 ἐκεῖ
2581 1888 2773 1955 νεκρὸς
2810 1886 3036 1953 ἀνέστη.
3088 1883 3188 1935 Διὰ
3239 1882 3397 1935 τοῦτο
3450 1876 3543 1933 οὖν
3593 1876 3792 1930 καινὸν

2192 1983 2250 2033 τὸ
2278 1982 2556 2049 μνημεῖον.
2591 1980 2655 2031 Ἠ
2688 1976 2879 2046 Μαρία
2908 1976 2963 2028 δὲ
2993 1978 3024 2040 ἡ
3058 1974 3413 2043 Μαγδαληνὴ,
3447 1973 3540 2025 καὶ
3562 1972 3596 2041 ἡ
3644 1968 3790 2039 ἄλλη

2192 2074 2399 2145 Μαρία,
2467 2072 2763 2135 τουτέστιν,
2834 2072 2865 2137 ὴ
2896 2070 3179 2129 Θεοτόκος,
3215 2070 3281 2137 ἦν
3310 2066 3568 2135 ἀνωτέρω
3590 2064 3793 2117 ἐκάλε-

2196 2182 2287 2216 σεν
2313 2164 2471 2231 Ἰωσῆ
2505 2166 2599 2216 καὶ
2649 2160 2913 2214 Ἰακώϐου
2946 2160 3179 2230 μητέρα,
3217 2152 3379 2211 αὗται
3421 2159 3476 2210 αἱ
3533 2156 3624 2208 δύο
3652 2153 3796 2207 κάθ-

2194 2274 2349 2323 ηνται
2397 2256 2656 2307 ἀπέναντι
2698 2254 2792 2306 τοῦ
2840 2252 3013 2319 τάφου
3076 2240 3566 2319 προσεδρεύουσαι,
3612 2248 3788 2313 ὥστε,

2196 2352 2243 2399 εἰ
2291 2347 2559 2400 παύσαιτο
2590 2349 2621 2415 ἡ
2652 2348 2843 2415 μανία,
2874 2345 3129 2398 ἀπελθεῖν
3164 2344 3254 2395 καὶ
3297 2339 3660 2409 περιχυθῆναι
3705 2337 3793 2409 τῷ

2196 2438 2434 2507 σώματι,
2465 2438 2560 2490 καὶ
2594 2438 2819 2504 μυρίσαι
2843 2436 2995 2489 αὐτό.
3026 2433 3162 2502 Περὶ
3194 2432 3305 2483 τῶν
3372 2429 3635 2482 τοιούτων
3686 2444 3795 2495 γυ-

2197 2530 2398 2583 ναικῶν
2450 2530 2635 2595 ἔλεγεν
2696 2529 2946 2590 Ἡσαΐας·
3013 2526 3278 2586 Γυναῖκες
3331 2522 3620 2591 ἐρχόμεναι
3676 2518 3794 2570 ἀπὸ

2199 2621 2348 2683 θέας,
2382 2620 2536 2671 δεῦτε
2560 2639 2571 2649 ·
2603 2620 2662 2671 οὐ
2696 2619 2802 2688 γὰρ
2822 2618 2944 2679 λαός
2978 2618 3121 2668 ἐστιν
3150 2615 3289 2683 ἔχων
3343 2613 3579 2664 σύνεσιν.
3614 2610 3795 2661 Φανε-

2203 2714 2309 2781 ριῦς
2355 2714 2461 2779 γάρ
2506 2710 2636 2780 περὶ
2665 2710 2760 2761 τοῦ
2809 2707 3102 2761 Ἰουδαῖκοῦ
3139 2704 3270 2757 λαοῦ
3305 2702 3399 2755 τοῦ
3432 2698 3795 2771 σταυρώσαν-

2198 2821 2288 2866 τος
2312 2806 2402 2855 τὸν
2438 2804 2660 2872 Κύριον,
2700 2802 2847 2869 λέγει
2881 2802 2963 2853 ὃτι
2996 2800 3095 2851 οὐκ
3126 2799 3303 2867 ἔχουσι
3330 2795 3569 2848 σύνεσιν.
3605 2793 3795 2863 Προσ⁸

2198 2896 2439 2949 καλεῖται
2502 2894 2594 2948 οὖν
2635 2896 2835 2957 ταύτας
2889 2891 3211 2959 καταλεῖψαι
3256 2889 3355 2958 μὲν
3390 2888 3483 2940 τὸν
3526 2884 3796 2940 ἀσύνετον

2197 2992 2345 3051 λαὸν,
2383 2989 2697 3059 προσελθεῖν
2728 2988 2786 3039 δὲ
2816 2989 2929 3047 τοῖς
2971 2983 3315 3045 ἀποστόλοις,
3347 2981 3442 3035 καὶ
3495 2978 3795 3048 εὐαγγελί-

2200 3080 2392 3132 σασθαι
2428 3081 2611 3139 αὐτοῖς
2672 3078 2769 3145 τὴν
2827 3075 3142 3128 ἀνάστασιν.

2278 3192 2295 3221 ι
2323 3173 2400 3240 Τῇ
2432 3171 2487 3223 δὲ
2519 3170 2801 3241 ἐπαύριον,
2833 3168 2953 3237 ἦτις
2977 3167 3092 3219 ἐστι
3118 3164 3255 3235 μετὰ
3274 3164 3373 3232 τὴν
3400 3160 3795 3232 Παρασκευὴν,

2199 3260 2544 3329 συνήχθησαν
2596 3260 2644 3310 oi
2696 3258 2971 3326 ἀρχιερεῖς
3035 3255 3128 3308 καὶ
3201 3254 3251 3305 οί
3310 3253 3595 3321 Φαρισαῖοι
3651 3250 3796 3321 πρὸς

2199 3354 2450 3417 Πιλᾶτον,
2484 3352 2732 3417 λέγοντες
2762 3367 2774 3379 σ
2812 3350 3007 3417 Κύριε,
3072 3345 3433 3415 ἐμνήσθημεν
3458 3346 3541 3396 ὅτι
3581 3343 3797 3404 ἐκεῖνος

2196 3448 2223 3498 6
2255 3447 2454 3505 πλάνος
2491 3440 2643 3495 εἶπεν
2678 3442 2757 3494 ἐτι
2788 3441 2897 3503 ζῶν
2919 3456 2931 3469 ·
2962 3439 3119 3493 Μετὰ
3154 3442 3304 3507 τρεῖς
3334 3438 3546 3508 ἡμέρας
3577 3434 3799 3505 ἐγείρο-

2202 3556 2319 3611 μαι.
2363 3538 2631 3589 Κέλευσον
2663 3530 2756 3588 οὖν
2786 3533 3188 3602 ἀσφαλισθῆναι
3217 3531 3310 3583 τὸν
3341 3533 3511 3595 τάφον
3536 3528 3640 3591 ἕως
3689 3527 3799 3615 τῇς

2197 3634 2387 3702 τρίτης
2428 3629 2663 3697 ἡμέρας,
2699 3629 2907 3696 μήποτε
2941 3624 3186 3687 ἐλθόντες
3216 3625 3264 3675 οἱ
3326 3622 3569 3692 μαθηταὶ
3621 3618 3795 3674 αὐτοῦ

2199 3722 2409 3784 νυκτδς,
2440 3720 2713 3786 κλέψωσιν
2744 3717 2927 3781 αὑτὸν,
2962 3718 3053 3769 καὶ
3086 3717 3281 3768 εἴπωσι
3314 3715 3391 3784 τῷ
3413 3714 3549 3783 λαῷ,
3588 3714 3798 3784 Ἠγέρ-

2199 3815 2265 3881 θη
2334 3812 2441 3866 ἀπὸ
2487 3810 2593 3863 τῶν
2653 3810 2864 3879 νεκρῶν
2898 3808 3031 3861 ’καὶ
3078 3808 3299 3877 ἐσταιή
3345 3807 3547 3876 ἐσχάτη
3611 3806 3797 3877 πλάνη

2198 3902 2395 3974 χείρων
2420 3904 2519 3969 τῆς
2554 3901 2798 3971 πρώτης.
2830 3901 2977 3968 Ἔφη
3012 3900 3193 3961 αὐτοῖς
3225 3902 3253 3951 ὁ
3292 3898 3522 3960 Πιλᾶτος
3545 3913 3557 3928 ·
3596 3898 3798 3967 Ἔχετε

2208 3995 2566 4055 κουστωδίαν,
2620 3995 2881 4059 ὑπάγετε,
2920 3990 3297 4058 ἀσφαλίσασθε
3348 3990 3425 4053 ὡς
3484 3989 3691 4041 οἴδατε.
3726 3988 3797 4040 Ol.

2199 4087 2256 4139 δὲ
2288 4086 2642 4154 πορευθέντες
2680 4084 3049 4154 ἠσφαλίσαντο
3078 4084 3171 4133 τὸν
3217 4083 3411 4150 τάφον.
3450 4080 3799 4151 σφραγίσαν-

2198 4197 2289 4241 τες
2320 4181 2411 4231 τὸν
2446 4178 2594 4230 λίθον
2627 4178 2766 4247 μετὰ
2793 4177 2891 4245 τῆς
2928 4174 3279 4236 κουστωδίας.
3317 4195 3334 4226 ι
3374 4175 3488 4226 Οὐκ
3532 4170 3800 4240 ὀνομάζει

2197 4272 2259 4325 τὸ
2289 4270 2588 4333 Σάὸϐατον,
2647 4268 2946 4332 Σάὅϐατον,
2987 4267 3123 4320 διότι
3182 4266 3302 4319 οὐδὲ
3362 4264 3641 4318 Σάῦθατον
3698 4260 3796 4335 ἦν,

2197 4365 2320 4416 ὅσον
2354 4364 2446 4415 ἐπὶ
2478 4365 2544 4432 τῇ
2588 4363 2761 4432 κακία
2811 4362 2916 4413 τῶν
2958 4358 3226 4412 Ἰουδαίων
3251 4375 3265 4389 ·
3299 4357 3393 4410 τοῦ
3451 4357 3557 4426 γὰρ
3620 4357 3794 4427 νόμου

2199 4451 2609 4520 διαγορεύοντος
2645 4453 2710 4519 τῇ
2744 4449 2930 4519 ἡμέρα
2981 4447 3075 4500 τοῦ
3124 4446 3403 4501 Σαϐϐάτου
3446 4445 3651 4516 μηδένα
3703 4464 3799 4500 κι-

522 4540 655 4592 dunt
683 4540 747 4590 ad
771 4539 1125 4608 alienigenam
1161 4537 1415 4600 Pilatum,
1448 4546 1502 4591 et
1543 4552 1647 4591 non
1684 4538 1748 4589 ad
1796 4550 2093 4602 congrega-

2202 4546 2408 4597 νεῖσθαι
2445 4545 2508 4595 ἐκ
2535 4543 2627 4595 τοῦ
2658 4544 2826 4595 τόπου
2862 4540 3048 4606 αὑτοῦ,
3092 4541 3141 4593 oi
3176 4540 3485 4609 παράνομοι
3544 4539 3795 4593 Ἰουδαῖοι

524 4633 722 4685 tionem
754 4646 914 4699 quam
949 4632 1028 4684 lex
1085 4630 1452 4700 permittebat.
1488 4628 1553 4681 Et
1596 4628 1700 4695 ipsi
1756 4628 1968 4693 quidem
2004 4620 2097 4681 sua

524 4720 729 4772 malitia
762 4721 1164 4788 instiganturut
1205 4720 1407 4773 vadunt
1441 4720 1506 4772 ad
1572 4718 1821 4783 Pilatum,
1866 4730 1921 4773 et
1974 4736 2095 4773 mtt-

524 4811 677 4863 niant
719 4811 1075 4879 sepulcrum:
1140 4810 1233 4865 Dei
1296 4819 1475 4863 autem
1538 4811 1939 4878 dispensatione
1995 4813 2097 4868 hoc

522 4901 752 4966 factum,
788 4911 844 4955 ut
866 4903 1193 4957 resurrectio
1225 4902 1463 4956 inimicis
1496 4902 1723 4959 testibus
1776 4906 2097 4971 comprobe-

524 5002 633 5055 tur.
657 4994 783 5047 dum
808 4994 1107 5062 sepulcrum
1162 4996 1404 5048 munitur
1427 5006 1478 5047 et
1508 4997 1827 5051 custoditur.
1855 4996 2094 5051 Interro-

526 5086 738 5153 gatione
768 5093 947 5137 autem
981 5083 1223 5153 dignum,
1253 5076 1394 5139 unde
1444 5083 1614 5139 Judaei
1642 5086 1885 5141 sciebant
1934 5087 2098 5141 Chri-

526 5181 666 5227 stum
694 5174 850 5227 tertio
876 5175 960 5227 die
981 5176 1451 5229 resurrecturum?
1475 5176 1719 5230 Nondum
1748 5178 1891 5231 enim
1919 5178 2100 5231 Domi-

527 5279 629 5318 nus
654 5264 790 5317 unde
820 5276 870 5317 et
899 5267 1179 5320 manifeste
1225 5267 1303 5320 eis
1358 5268 1460 5320 hoc
1500 5269 1725 5323 dixerat.
1777 5270 1888 5324 Dici
1925 5280 2101 5339 potest

525 5354 722 5419 quoda
767 5354 935 5421 ﬁgura
986 5353 1131 5410 Jonas
1187 5358 1560 5425 cognoverint,
1615 5363 1911 5429 praesertim
1970 5378 2091 5414 cum

524 5442 777 5499 Christus
816 5446 1014 5497 dixerit
1050 5464 1062 5499 :
1100 5465 1116 5497 ι
1152 5447 1301 5503 Sicut
1340 5447 1505 5503 Jonas
1567 5450 1667 5503 {uit
1704 5453 1875 5505 tribus
1905 5453 2095 5507 diebus

526 5532 580 5585 in
632 5544 817 5587 ventre
873 5537 996 5598 ceti,
1046 5538 1115 5589 ita
1160 5549 1213 5590 et
1274 5553 1371 5609 ego
1416 5540 1469 5593 in
1512 5550 1698 5594 ventre
1742 5553 1901 5595 terrae
1928 5544 2033 5607 ‘9';
2074 5562 2089 5593 ι

530 5622 683 5693 163
744 5626 825 5677 vel
861 5640 925 5680 ex
984 5626 1073 5679 illo
1112 5628 1257 5698 quod
1289 5630 1422 5685 dixit
1472 5650 1485 5687 :
1532 5651 1549 5681 ‹
1587 5630 1788 5687 Solvite
1844 5636 2097 5704 templum

603 5803 667 5834 ⁸³⁸
700 5803 882 5860 Matth.
919 5821 1012 5869 xu,
1046 5810 1132 5865 40.

2200 4636 2337 4706 πρὸς
2366 4634 2456 4687 τὸν
2489 4633 2787 4702 ἀλλόφυλον
2822 4632 3054 4685 Πιλᾶτον
3106 4633 3456 4697 συνάγονται,
3506 4630 3630 4682 ἀντὶ
3692 4630 3797 4699 τῆς

2198 4726 2591 4795 νενομισμένης
2620 4725 2910 4789 συνάξεως.
2954 4725 3095 4776 Ἀλλ’
3128 4726 3326 4776 ἐκεῖνοι
3389 4724 3488 4792 μὲν
3543 4723 3648 4775 ὑπὸ
3691 4723 3795 4792 τῆς

2197 4813 2408 4867 ἐαυτῶν
2438 4814 2713 4866 κινοῦνται
2750 4815 3014 4882 πονηρίας
3043 4816 3121 4876 είς
3152 4814 3210 4865 τὸ
3240 4812 3561 4883 προσελθεῖν
3591 4812 3669 4883 τῷ
3694 4814 3796 4865 Πι-

2196 4906 2363 4975 λάτῳ,
2396 4906 2491 4957 καὶ
2521 4907 2926 4974 ἀσφαλίσασθαι
2948 4906 3038 4957 τὸν
3063 4906 3235 4981 τάφον
3267 4921 3280 4933 ·
3308 4904 3443 4955 Θεοῦ
3480 4904 3535 4956 δέ
3590 4907 3795 4959 οἰκονο-

2197 4997 2293 5065 μία
2326 4996 2505 5059 τοῢτο,
2562 4995 2651 5049 ἵνα
2689 4996 3048 5065 ήάνάστασις
3108 4992 3318 5063 γένοιτο
3382 4994 3487 5047 ὑπὸ
3549 4995 3792 5065 μάρτυσι

2194 5088 2304 5149 τοῖς
2357 5087 2593 5156 ἐχθροῖς,
2650 5088 2745 5139 καὶ
2820 5088 3259 5157 ἐσφραγισμένου
3321 5086 3415 5137 τοῦ
3474 5086 3648 5153 τάφου
3695 5088 3794 5139 καὶ

2197 5178 2601 5246 φυλαττομένου
2625 5195 2638 5208 ·
2674 5179 2823 5242 ἄξιον
2852 5180 2908 5231 δὲ
2953 5177 3189 5247 ζητῆσαι
3254 5177 3418 5229 πόθεν
3443 5179 3493 5229 οί
3544 5177 3792 5231 Ἰουδαῖοι

2202 5268 2461 5337 μαθόντε-ς
2490 5266 2745 5322 εἷπονὸτι
2818 5274 2882 5339 τῇ
2940 5269 3099 5339 τρίτῃ
3155 5270 3339 5339 ἡμέρᾳ
3398 5269 3786 5338 ἐγερθήσεται·

2199 5360 2257 5410 οὐ
2295 5361 2404 5430 γὰρ
2433 5361 2604 5429 δήπου
2641 5363 2669 5413 6
2717 5359 2919 5430 Κύριος
2951 5355 3069 5411 εἷπε
3100 5360 3256 5411 τοῦτο
3307 5360 3494 5427 σαφῶς
3542 5363 3635 5411 καὶ
3687 5377 3789 5426 γυ-

2210 5454 2374 5522 μνῶς.
2410 5454 2596 5506 Ἔστιν
2630 5450 2725 5506 οὖν
2759 5456 2932 5507 εἰπεῖν
2963 5457 3044 5507 ὅτι
3078 5452 3183 5505 ἀπὸ
3223 5452 3314 5504 τοῦ
3343 5453 3789 5521 παραδείγματος

2205 5542 2299 5593 τοῦ
2329 5543 2488 5595 Ἰωνᾶ
2514 5543 2671 5595 τοῦτο
2727 5543 2995 5610 ἔγνωσαψ
3028 5541 3148 5594 εἷπε
3177 5542 3286 5611 γὰρ
3317 5546 3344 5594 6
3398 5542 3662 5610 Χριστὸς,
3706 5544 3790 5595 ὅτι

2215 5634 2454 5706 «Ὥσπερ
2499 5638 2681 5699 Ἰωνᾶς
2718 5632 2784 5707 ἦν
2815 5640 2963 5705 τρεῖς
2998 5637 3212 5707 ἡμέρας
3242 5638 3299 5689 ἐν
3334 5638 3400 5705 τῇ
3453 5634 3635 5706 κοιλία
3693 5635 3788 5689 τοῦ
