4010 6474
143 139 170 176 i:
401 126 552 181 3%".

134 201 184 250 η
321 193 348 242 ᾖ.
377 187 479 245 ίῖη

82 126 468 698 Ι
490 372 505 377 ῃ

116 410 139 425 .,
179 407 194 430 ι
293 403 393 434 ._-:::
538 404 541 407 ί

149 437 194 498 τίς
315 473 318 478 Ι
349 437 411 496 ,κ

174 562 222 601 ἢ
474 544 552 605 ὀὖ

350 642 552 698 ἆπδτοι

479 641 594 695 τοῦ’
618 658 636 691 t
662 639 891 693 Λύσατε·
904 640 995 693 τὸν
1017 642 1141 694 ναὸν
1161 641 1368 695 τοῦτον·
1384 663 1404 696 s
1434 645 1701 714 πρότερον
1740 647 1838 716 μὲν

232 736 353 806 γὰρ
386 735 461 806 μὴ
504 736 797 801 νοήσαντες
828 734 1007 797 τοῦτο,
1037 732 1170 786 ἀλλὰ
1200 736 1549 804 νομίσαντες,
1597 739 1680 790 ὅτι
1711 739 1840 807 περὶ

231 828 331 882 τοῦ
369 826 498 879 ναοῦ
525 827 672 894 λέγει
700 826 798 879 τοῦ
852 826 1164 887 Ἰουδαϊκοῦ.
1200 829 1702 899 κατεμαρτύρησαν
1737 832 1838 884 αὑ-

233 920 333 972 τοῦ
366 936 381 949 ·
412 920 512 971 νῦν
534 919 590 971 δὲ
618 919 859 986 γνόντες,
886 920 967 971 ὅτι
990 922 1114 971 ναὸν
1148 918 1301 986 ἔλεγε
1333 924 1392 972 τὸ
1422 922 1582 990 σῶμα
1599 922 1658 974 τδ
1684 922 1834 989 ῖδιον,

232 1010 565 1078 φοϐοῦνται,
605 1011 699 1061 καὶ
733 1008 934 1062 πλάνον
960 1011 1120 1062 αὐτὸν
1151 1011 1511 1076 ἀποκαλοῦσι,
1548 1013 1684 1082 μηδὲ
1740 1031 1838 1083 με-

230 1102 304 1153 τὰ
341 1103 577 1155 θάνατον
602 1102 700 1167 τὴν
735 1103 933 1155 κακίαν
956 1101 1235 1165 λύσαντες.
1273 1104 1593 1157 Κουστωδία
1649 1106 1705 1157 δὲ
1751 1106 1837 1159 λέ-

228 1206 397 1259 γεται
433 1191 584 1259 παρὰ
625 1191 915 1259 Ῥωμαίοις
964 1192 996 1261 η
1048 1191 1263 1261 φυλακή
1302 1209 1314 1223 ·
1348 1194 1475 1257 τοὺς
1512 1194 1603 1247 οῦν
1632 1196 1724 1247 ἐπὶ
1758 1196 1837 1265 τῷ

230 1284 538 1352 φυλάττειν
608 1284 977 1353 τεταγμένους
1056 1284 1428 1353 στρατιώτας,
1504 1287 1837 1341 κουστωδίαν

228 1377 522 1445 ὀνομάζει.

822 1490 1077 1545 ΚΕΦΑΛ.
1111 1491 1249 1547 κη’.

227 1600 391 1674 Περί
413 1601 526 1668 τῆς
556 1602 662 1674 τοῦ
697 1603 917 1674 κυρίου
953 1605 1365 1671 ἀναστάσεως.
1401 1609 1538 1671 Περὶ
1572 1604 1691 1660 τῶν
1721 1624 1835 1674 φυ-

304 1672 522 1725 λάκων
548 1672 655 1741 τοῦ
686 1672 903 1739 τάφου,
929 1677 1247 1741 μαρτύρων
1274 1674 1385 1741 τῆς
1413 1672 1829 1741 ἀναστάσεως.

308 1741 456 1806 Περὶ
497 1740 602 1805 τῆς
642 1743 1021 1809 ἐμφανίσεως
1063 1740 1169 1797 τοῦ
1216 1746 1475 1812 Χριστοῦ
1516 1746 1640 1812 τοῖς
1685 1740 1833 1801 ἁπο-

303 1812 563 1877 στόλοις
598 1814 694 1863 καὶ
729 1813 1012 1879 γυναιξίν
1041 1814 1111 1867 ἐν
1141 1817 1464 1881 Γαλιλαίᾳ.

312 1941 332 1972 ‹
386 1922 517 1991 Ὀψὲ
560 1923 615 1975 δὲ
663 1923 978 1991 Σαϐϐἀτων,
1024 1930 1089 1997 τῇ
1139 1928 1527 1999 ἐπιφωσκούσῃ
1576 1932 1654 1991 είς
1703 1931 1831 1998 μίαν
1865 1894 1906 1947 Β

229 2013 571 2081 Σαῦϐἀτων,
613 2011 743 2085 ἦλθε
787 2017 975 2085 Μαρία
1016 2020 1048 2087 ή
1092 2019 1429 2089 Μαγδαληνὴ
1473 2022 1570 2073 καὶ
1614 2022 1646 2090 ἡ
1693 2021 1828 2090 ἄλλη

228 2104 464 2174 Μαρία,
498 2104 769 2176 θεωρῆσαι
799 2107 889 2158 τὸν
920 2108 1110 2175 τάφον.
1148 2112 1255 2163 Καὶ
1296 2111 1405 2163 ίδοὺ
1443 2113 1667 2180 σεισμὸς
1704 2115 1826 2180 ἐγέ-

229 2210 360 2247 νετο
396 2197 571 2264 μέγας
599 2213 611 2225 ·
647 2196 875 2263 ἄγγελος
906 2199 1015 2268 γὰρ
1050 2201 1255 2268 Κυρίου
1294 2204 1539 2265 καταϐὰς
1573 2204 1632 2268 ἐξ
1663 2207 1829 2274 ούρα-

229 2287 350 2349 νοῦ,
386 2287 701 2355 προσελθὼν
732 2289 1031 2341 ἀπεκύλισε
1066 2291 1154 2343 τὸν
1185 2292 1332 2344 λίθον
1367 2295 1473 2345 ἀπὸ
1504 2300 1603 2362 τῆς
1635 2296 1825 2365 θύρας,

229 2382 329 2430 καὶ
373 2379 610 2444 ἐκάθητο
646 2382 832 2434 ἐπάνω
871 2382 1037 2435 αὑτοῦ
1064 2400 1077 2413 θ
1115 2380 1183 2454 ἦν
1224 2386 1281 2437 δὲ
1318 2388 1349 2454 ἡ
1396 2387 1506 2438 ὶδέα
1547 2388 1713 2439 αὑτοῦ
1754 2388 1830 2450 ὡς

229 2472 521 2540 ἀστραπὴ,
548 2473 639 2523 καὶ
668 2473 727 2523 τὸ
754 2473 957 2542 ἔνδυμα
986 2474 1150 2529 αὐτοῦ
1180 2476 1370 2529 λευκὸν
1396 2478 1472 2540 ὡς
1504 2478 1657 2545 χιών.
1696 2480 1829 2532 Ἀπὸ

229 2562 285 2614 δὲ
312 2562 409 2613 τοῦ
439 2562 606 2629 φόϐου
633 2563 796 2616 αὐτοῦ
824 2566 1147 2634 ἐσείσθησαν
1172 2568 1218 2618 οἱ
1246 2567 1561 2637 τηροῦντες.
1589 2570 1683 2619 xxi
1710 2570 1828 2635 ἐγέ-

231 2670 393 2705 νοντο
418 2654 548 2705 ὼσεί
571 2654 778 2722 νεκροί.
813 2656 1158 2723 Ἀποκριθεὶς
1183 2656 1238 2709 δὲ
1264 2659 1291 2709 6
1313 2658 1543 2723 ἄγγελος
1570 2656 1690 2711 εἷπε
1712 2663 1827 2722 ταῖς

238 2741 452 2807 ιυναιξί
478 2759 489 2770 ·
517 2742 607 2811 Μὴ
645 2742 896 2809 φοϐεῖσθε
937 2744 1113 2812 ὑμεῖς.
1154 2741 1284 2797 Οἶδα
1320 2747 1463 2815 γὰρ,
1502 2748 1583 2799 ὅτι
1622 2746 1828 2817 Ἰησοῦν

230 2831 327 2883 τὸν
366 2833 785 2902 ἐσταυρωμένον
820 2833 1070 2903 ζητεῖτε’
1107 2838 1207 2889 οὐκ
1248 2837 1395 2888 ἐστιν
1438 2834 1539 2891 ὧδε
1563 2855 1575 2867 ·
1617 2840 1825 2911 ἠγέρθη

235 2924 368 2990 γὰρ,
396 2924 577 2984 καθὼς
607 2920 748 2976 εἷπε.
774 2925 961 2989 Δεῦτε,
989 2926 1157 2979 εἴδετε
1184 2927 1273 2981 τὸν
1299 2929 1464 2981 τόπον
1488 2931 1624 2982 ὅπου
1654 2932 1829 2984 ἔκειτο

232 3016 262 3065 6
300 3013 505 3083 Κύριος
530 3033 542 3045 ·
586 3017 678 3067 καὶ
709 3017 844 3084 ταχὺ
881 3017 1228 3087 πορευθεῖσαι
1264 3020 1460 3071 εἴπατε
1496 3022 1608 3083 τοῖς
1647 3022 1828 3091 μαθη-

233 3110 359 3169 ταῖς
399 3107 587 3171 αὑτοῦ,
629 3108 709 3159 ὅτι
757 3108 966 3178 ⁴ηγέρθη
1010 3110 1118 3162 ἀπὸ
1155 3110 1265 3161 τῶν
1304 3112 1535 3179 νεκρῶν,
1578 3114 1670 3166 καὶ
1717 3113 1827 3166 ἰδοὺ

484 516 501 535 Ι(
811 433 1263 494 ΕΝΑΠΒᾹἹῚΟ
1300 434 1377 493 1N
1434 434 1830 496 EVANGELI

1940 436 1942 492 ζ
1984 434 2375 497 ΜΑΤΤΗΑΞΙ.
2412 458 2477 470 -
2523 433 2684 494 CAP.
2722 433 3001 495 XXVIII.

285 540 643 625 ΒΜ’.οὕτω
672 550 769 603 καὶ
817 547 930 615 ἐγὼ
962 552 1019 603 ιν
1076 553 1141 620 τῇ
1173 552 1357 620 κοιλίᾳ
1401 554 1503 623 τῆς
1552 554 1681 622 γῆς.
1712 574 1731 608 ,
1791 554 1824 625 ἢ

1940 555 2051 616 hoc,
2090 571 2108 605 ι
2149 554 2291 622 quod
2348 551 2501 620 prius
2560 566 2666 605 non
2734 551 3154 615 intellexerunt,
3230 548 3322 604 sed
3382 563 3540 617 puts-

3428 433 3537 499 ίτῖ

1945 642 2076 696 bant
2102 642 2243 710 quod
2276 641 2342 695 de
2373 639 2574 708 templo
2619 638 2848 694 Iudaico
2875 639 3125 701 sentiret,
3157 648 3210 691 et
3238 637 3360 690 ideo
3385 638 3533 691 testi-

1946 736 2185 787 monium
2213 734 2315 787 hoc
2380 740 2571 786 contra
2599 746 2721 784 eum
2752 730 3093 799 protulerunt
3134 746 3147 781 :
3180 745 3323 780 nunc
3352 739 3532 784 autem

1943 825 2031 878 ubi
2088 836 2497 895 cognoverunt,
2561 824 2703 892 quod
2760 823 3017 891 templum
3065 821 3277 874 dixerat
3336 835 3535 884 carpus

1943 918 2249 986 proprium,
2273 917 2488 981 timent,
2521 926 2576 969 et
2648 918 2997 982 impostorem
3063 927 3184 965 eum
3247 917 3532 977 cognomi-

1945 1018 2101 1077 nant,
2140 1025 2317 1078 neque
2342 1020 2463 1078 post
2494 1019 2723 1063 mortem
2768 1024 2795 1061 a
2838 1008 3037 1060 malitia
3070 1017 3307 1059 cessant.
3366 1005 3535 1061 Caete-

1941 1119 2060 1163 rum
2086 1104 2329 1158 custodia
2366 1102 2667 1155 Romanum
2712 1114 2909 1153 nomen
2944 1110 3021 1151 est
3060 1116 3073 1151 :
3112 1099 3311 1152 milites
3354 1098 3538 1164 itaque

1941 1195 2007 1250 ad
2050 1196 2465 1250 custodiendum
2522 1193 2806 1248 ordinatos
2848 1192 3155 1246 custodiam
3199 1189 3535 1260 evangelista

1940 1286 2211 1341 nominat.

2482 1483 2714 1539 CAPUT
2754 1482 2995 1539 XXVIII.

1944 1600 2017 1653 De
2072 1600 2456 1653 resurrectione
2508 1598 2738 1655 Domini.
2799 1600 2873 1653 De
2925 1601 3233 1654 custodibus
3275 1597 3529 1667 sepulcri,

2013 1671 2306 1735 iisdemque
2360 1672 2761 1723 resurrectionis
2805 1672 3041 1723 testibus.
3080 1670 3155 1723 De
3198 1670 3532 1736 apparitione

2011 1740 2209 1793 Christi
2252 1740 2400 1806 facta
2458 1742 2711 1807 apostolis
2755 1748 2803 1793 et
2841 1739 3148 1794 mulieribus
3190 1741 3245 1793 in
3282 1739 3529 1795 Calilma.

2008 1912 2175 1966 Vens.
2210 1910 2331 1964 1-8.
2368 1909 2604 1977 Vespera
2642 1920 2821 1963 autem
2861 1908 3246 1972 Sabbatorum,
3283 1924 3403 1977 qua:
3444 1907 3529 1961 lu-

1934 2004 2106 2056 cescit
2138 2004 2187 2054 in
2218 2016 2381 2054 unam
2417 1998 2800 2064 Subbatorum,
2834 1999 2984 2053 venit
3013 1998 3183 2052 Maria
3207 1997 3528 2063 Magdalene

1932 2102 1987 2145 et
2015 2093 2182 2145 altera
2216 2090 2384 2143 Maria
2423 2099 2480 2143 ut
2511 2090 2755 2143 viderent
2778 2089 3108 2157 sepulcrum.
3145 2089 3209 2143 Et
3243 2104 3373 2144 ecce
3407 2098 3525 2143 ter-

1937 2200 2006 2237 ra:
2033 2194 2214 2235 motus
2250 2180 2424 2234 factus
2458 2192 2538 2233 est
2572 2196 2817 2248 magnus.
2861 2179 3097 2249 Angelus
3134 2180 3278 2233 enim
3309 2178 3528 2233 Domini,

1933 2270 2213 2324 descendit
2242 2269 2309 2322 de
2340 2269 2498 2333 ('(Blo,
2525 2278 2578 2322 et
2607 2270 2873 2323 accedens
2915 2268 3145 2323 revolvit
3192 2268 3426 2339 lapidem
3460 2268 3528 2323 ab

1935 2360 2103 2423 ostio,
2138 2358 2473 2426 sedebatqne
2503 2374 2667 2428 super
2707 2375 2853 2411 CIIII].
2891 2358 3021 2413 Erat
3050 2370 3229 2414 autem
3275 2372 3528 2427 aspectus

1932 2451 2049 2519 ejus
2095 2451 2235 2503 sicut
2290 2448 2485 2519 fulgur,
2527 2460 2579 2503 et
2632 2451 3015 2504 vestimentum
3072 2448 3187 2517 ejus
3232 2450 3526 2504 candidum

1933 2542 2076 2594 sicut
2109 2543 2220 2595 nix.
2248 2544 2363 2597 Pis:
2399 2542 2592 2595 timore
2626 2552 2804 2595 autem
2831 2543 2949 2611 ejus
2980 2530 3231 2597 concussl
3266 2551 3392 2597 sunt
3426 2558 3526 2596 cu-

1934 2632 2138 2693 stodcs,
2167 2640 2220 2685 et
2252 2634 2377 2686 facti
2414 2644 2541 2685 sunt
2574 2634 2735 2686 veluti
2764 2634 2987 2687 mortui.
3030 2632 3389 2701 Iit-spondens
3424 2648 3525 2687 au-

1935 2732 2039 2775 tem
2080 2724 2302 2790 angelus
2334 2725 2467 2776 dixit
2506 2722 2824 2777 titubet-ibus
2871 2740 2884 2775 :
2919 2722 3096 2776 Nolite
3144 2724 3339 2775 timere
3379 2736 3519 2777 vos:

1933 2812 2046 2864 scio
2078 2815 2218 2865 enim
2257 2817 2398 2881 quod
2429 2813 2453 2866 J
2494 2829 2614 2865 sum
2648 2816 2735 2881 qui
2774 2814 3067 2867 erucillxus
3103 2821 3205 2878 εει,
3243 2812 3525 2881 quaeritis;

1932 2920 2037 2958 non
2090 2916 2173 2957 est
2235 2906 2341 2969 hic,
2388 2909 2629 2958 surrexit
2679 2906 2852 2969 enim,
2902 2905 3045 2958 sicut
3094 2904 3251 2958 dixit.
3312 2903 3526 2965 Venite,

1937 2997 2112 3050 videte
2172 2996 2347 3050 locum
2404 2998 2493 3051 ubi
2550 3000 2757 3067 positus
2808 3006 2926 3050 erat
2964 2995 3251 3050 Dominus.
3303 2995 3371 3050 Et
3419 2998 3528 3051 cito

1934 3097 2150 3151 euntes,
2181 3089 2345 3143 dicite
2377 3089 2660 3157 discipulis
2693 3090 2813 3157 ejus
2844 3091 2989 3158 quod
3027 3088 3269 3143 surrexit
3309 3103 3340 3142 a
3374 3102 3525 3141 mor-

233 3198 467 3265 προάγει
496 3197 641 3267 ὑμᾶς
668 3200 747 3261 είς
770 3177 1205 3267 τὴνΓαλιλαίαν.
1234 3201 1381 3253 Ἐκεῖ
1408 3177 1571 3255 αὐτὸν
1596 3203 1794 3271 ὄψεσθε
1812 3221 1823 3233 ’

1940 3181 2061 3246 tuis,
2117 3192 2169 3233 ct
2220 3194 2347 3235 ecce
2390 3183 2645 3250 praecedit
2696 3197 2791 3235 vos
2844 3182 2895 3235 in
2938 3177 3255 3245 Galilaeam,
3291 3180 3361 3234 ibi
3402 3193 3526 3233 eum

239 3287 349 3340 ἰδοὺ
386 3285 538 3342 εἷπον
566 3291 714 3357 ὑμῖν.
749 3292 859 3343 Καὶ
893 3290 1206 3354 ἐξελθοῦσαι
1239 3294 1375 3363 ταχὺ
1412 3294 1523 3345 ἀπὸ
1552 3294 1645 3347 τοῦ
1686 3314 1822 3365 μνη-

240 3381 393 3448 μείου
420 3380 561 3448 μετὰ
586 3380 752 3449 φόϐου
780 3382 869 3433 καλ⁵
895 3383 1069 3451 χαρᾶς
1094 3384 1359 3452 μεγάλης,
1387 3384 1623 3455 ἔδραμον
1648 3388 1829 3454 ἀπαγ-

236 3473 411 3537 γεῖλαι
433 3476 551 3535 τοῖς
581 3473 848 3542 μαθηταῖς
873 3476 1061 3529 αὐτοῦ.
1096 3496 1113 3527 ι
1144 3477 1216 3528 Τὸ
1241 3477 1337 3545 ὀψὲ
1368 3477 1681 3541 Σαϐϐἀτων,
1710 3475 1827 3531 ἶσόν

240 3568 354 3615 ἐστι
387 3564 467 3633 τῷ
504 3565 653 3630 παρὰ
686 3565 764 3635 τῷ
799 3568 983 3637 Λουκᾷ
1019 3568 1329 3637 εἰρημένῳ,
1368 3567 1566 3637 ὄρθρου
1607 3569 1824 3638 βαθέος,

237 3656 330 3705 xxi.
378 3654 459 3723 τῷ
506 3656 660 3723 παρᾶ
699 3657 774 3723 τῷ
819 3657 1053 3726 Μάρκῳ,
1096 3657 1216 3709 λίαν
1258 3656 1403 3726 πρωῒ
1447 3659 1830 3720 ἀνατείλαντος

238 3746 330 3797 τοῦ
377 3746 558 3813 ἡλίου.
592 3747 783 3799 ’Ἥλιον
824 3746 931 3816 γὰρ
974 3748 1207 3801 ἐνταῦθα
1241 3753 1381 3801 νοεῖν
1414 3750 1699 3818 ὀφείλομεν
1734 3752 1830 3814 τὰς

238 3836 499 3905 ὀρθρινᾶς
529 3836 625 3889 τοῦ
661 3837 813 3906 ἡλίου
847 3839 1020 3905 αὐγάς
1047 3856 1059 3869 ·
1101 3841 1196 3908 ἀφ’
1217 3832 1276 3891 οὗ
1314 3843 1422 3907 γὰρ
1456 3844 1487 3911 ἡ
1522 3842 1680 3911 ὀγδόη
1714 3842 1831 3912 ὥρα

240 3930 337 3997 τῆς
369 3931 567 3991 νυκτὸς
602 3932 955 3999 ἐπιλάϐηται,
994 3932 1184 3985 ἔκτοτε
1223 3935 1253 4000 ἠ
1294 3934 1435 4003 ἁρχὴ
1469 3936 1567 4001 τῆς
1604 3936 1831 4003 μελλού-

242 4038 338 4091 σης
374 4021 627 4091 ἡμέρας,
662 4023 755 4075 καὶ
790 4024 820 4091 ἡ
859 4024 1038 4088 πρωῖα
1074 4024 1223 4076 δοκεῖ
1258 4025 1636 4079 ἐπιλαϐέσθαι.
1694 4027 1829 4079 Τότε

238 4114 435 4176 τοίνυν,
467 4111 567 4180 ὀψὲ
603 4112 699 4180 μὲν
722 4107 789 4182 ἦν
814 4110 1117 4178 Σαϐϐάτου,
1148 4114 1291 4181 ἁρχὴ
1315 4114 1369 4165 δὲ
1396 4115 1495 4181 τῆς
1524 4116 1829 4184 Κυριακῆς,

239 4203 305 4271 ην
340 4200 470 4270 μίαν
504 4203 614 4253 τῶν
648 4203 941 4255 Σαϐϐάτων
974 4203 1253 4272 ὀνομάζει.
1292 4204 1544 4257 Σάϐϐατα
1592 4208 1688 4272 μὲν
1722 4194 1831 4275 γᾶρ

238 4295 427 4362 ελεγον
452 4295 551 4357 τὰς
579 4296 791 4363 ἡμέρας
814 4294 911 4362 τῆς
939 4295 1255 4363 ἑϐδομάδος.
1285 4295 1429 4345 Μίαν
1457 4294 1534 4355 δὲ,
1563 4295 1660 4364 τὴν
1688 4294 1832 4364 πρώ-

238 4402 361 4452 την,
404 4384 547 4437 ὦστε
580 4380 721 4436 εἶναι
750 4386 845 4453 τὴν
878 4385 1183 4453 Κυριακὴν,
1219 4386 1348 4453 μίαν
1376 4384 1486 4436 τῶν
1514 4387 1827 4449 Σαϐϐάτων,

239 4474 509 4537 τουτέστι,
546 4471 769 4542 πρώτην
799 4474 907 4526 τῶν
939 4474 1163 4544 ἡμερῶν
1197 4474 1295 4543 τῆς
1330 4473 1623 4543 ἑϐδομάδος
1645 4491 1657 4503 °
1694 4476 1830 4544 πρὸς

1934 3274 2182 3327 videbitis
2217 3292 2229 3327 :
2265 3288 2394 3328 ecce
2436 3274 2549 3327 dixi
2588 3275 2761 3329 vobis.
2805 3272 2870 3327 Et
2914 3274 3175 3345 digressae
3208 3273 3463 3328 celeriter
3494 3286 3526 3326 a

1934 3376 2287 3418 monumento
2318 3381 2439 3417 cum
2476 3365 2671 3419 timore
2696 3375 2749 3419 et
2778 3366 2976 3435 gaudio
3003 3381 3200 3433 magno
3233 3366 3529 3421 currebant

1935 3472 1993 3515 ut
2039 3464 2417 3518 renuntiarent
2459 3463 2743 3529 discipulis
2774 3462 2917 3530 ejus.
2970 3482 2988 3515 ι
3035 3460 3278 3533 Vespera
3315 3461 3529 3517 Sabba-

1936 3564 2111 3606 torum
2147 3554 2335 3607 eadem
2363 3564 2443 3606 est
2481 3569 2602 3606 cum
2637 3554 2907 3623 profundo
2935 3555 3257 3622 crepusculo
3304 3553 3527 3608 diluculi

1934 3648 2071 3713 apud
2097 3641 2319 3710 Lucam,
2348 3654 2400 3697 et
2431 3644 2582 3698 valde
2613 3660 2767 3697 mane
2808 3646 2923 3697 Sole
2967 3647 3183 3699 oriente
3214 3646 3353 3715 apud
3383 3644 3529 3697 Mar-

1935 3750 2080 3789 eum.
2113 3736 2290 3788 Solem
2322 3738 2463 3789 enim
2502 3753 2567 3788 co
2611 3736 2728 3789 loco
2773 3736 3075 3804 intelligere
3109 3738 3374 3792 debemus
3413 3752 3530 3790 mn-

1936 3828 2142 3880 tutinns
2188 3826 2319 3879 solis
2372 3828 2575 3881 radios.
2608 3828 2687 3879 Ab
2732 3837 2922 3881 octava
2972 3829 3114 3882 enim
3170 3831 3303 3882 bora
3354 3828 3529 3883 noctis

1936 3918 2259 3987 principium
2310 3929 2393 3971 est
2436 3916 2601 3971 futuri
2649 3918 2777 3983 diei,
2829 3929 2882 3971 et
2934 3919 3262 3972 matutinum
3310 3919 3532 3974 videtur

1937 4022 2214 4078 appetere.
2249 4008 2402 4063 Tunc
2438 4010 2605 4079 igitur
2628 4026 2909 4078 vesperum
2945 4020 3063 4064 erat
3093 4010 3339 4073 Sabbati,
3374 4012 3528 4079 prin-

1936 4102 2136 4169 cipium
2170 4111 2349 4154 autem
2386 4101 2659 4155 Dominici
2687 4102 2817 4166 diei,
2851 4117 3013 4169 quam
3048 4118 3209 4156 unam
3254 4101 3529 4156 Sabbato-

1939 4210 2054 4247 rum
2104 4195 2367 4247 nominat.
2406 4191 2648 4249 Subbata
2689 4195 2834 4248 enim
2870 4196 3126 4250 dicebant
3172 4195 3289 4249 dies
3322 4196 3529 4249 liebdo-

1938 4286 2127 4339 madas.
2196 4284 2369 4339 Unam
2426 4294 2650 4346 autem,
2712 4285 2815 4339 Itoc
2869 4296 2956 4339 est
3014 4286 3269 4354 primam,
3331 4286 3407 4339 ita
3466 4298 3527 4340 ut

1937 4377 2249 4431 Dominicus
2283 4377 2399 4430 dies
2435 4392 2539 4429 una
2566 4378 2636 4430 sit
2664 4376 3053 4443 Sabbatorum,
3080 4379 3181 4432 boc
3212 4389 3319 4441 est,
3347 4378 3526 4448 prima

1934 4468 2147 4522 dierum
2196 4468 2575 4521 hebdomadis.
2614 4469 2694 4521 Ad
2746 4468 2979 4537 primam
3031 4470 3175 4523 enim
3232 4470 3419 4523 statim
3472 4478 3529 4524 et

240 4564 348 4634 γὰρ
376 4563 479 4633 τὴν
511 4563 735 4633 πρώτην
767 4564 926 4628 εὐθὺς
961 4566 1053 4616 καὶ
1089 4568 1121 4634 ἠ
1158 4565 1389 4636 δευτέρα
1423 4564 1675 4632 λέγεται,
1710 4562 1830 4619 εἶτα

1940 4562 2174 4615 secunda
2202 4560 2429 4623 dicitur,
2458 4559 2656 4613 deinde
2684 4561 2865 4625 tertia,
2892 4570 2947 4614 et
2978 4561 3236 4628 deinceps
3279 4561 3522 4631 reliquas.

242 4657 480 4726 ήτρίτη,
507 4657 602 4711 καὶ
627 4656 754 4727 ἑξῆς
780 4658 836 4709 αἱ
861 4657 1064 4711 λοιπαί.
1092 4658 1316 4726 Ἀνέστη
1345 4659 1522 4709 τοίνυν
1544 4658 1572 4709 6
1600 4658 1824 4728 Κύριος,

243 4752 321 4803 ἔτι
346 4750 442 4803 τοῦ
473 4750 621 4801 λίθου
648 4750 998 4818 ἐπικειμένου
1033 4748 1107 4818 τῷ
1133 4751 1289 4818 ταφῳ
1311 4766 1323 4779 ’
1362 4750 1498 4819 μετὰ
1525 4749 1579 4802 δὲ
1610 4750 1668 4802 τὸ
1699 4753 1829 4804 ἁνα-

247 4842 437 4911 στῆναι
466 4843 559 4893 τὸν
589 4842 814 4912 Κύριον,
850 4843 943 4893 καὶ
968 4845 994 4894 6
1026 4842 1259 4909 ἄγγελος
1292 4842 1535 4911 ἔρχεται,
1576 4842 1662 4893 ἵνα
1695 4843 1828 4894 ἁπο-

244 4936 470 4997 κυ).ίσας
493 4935 586 4987 τὸν
610 4935 779 4997 λίθον,
806 4933 916 5006 δώῃ
946 4936 1179 5006 πάροδον
1204 4937 1325 4996 ταῖς
1356 4935 1604 5002 γυναιξὶν
1632 4936 1711 4996 είς
1738 4935 1827 4987 τὸν

246 5029 435 5094 τάφον.
471 5026 703 5096 Σεισμὺς
734 5026 789 5078 δὲ
822 5027 1053 5093 γίνεται,
1089 5028 1174 5078 ἵνα
1205 5027 1619 5093 ὰφυπνισθώσιν
1646 5028 1695 5079 οἱ
1724 5027 1827 5095 (ptio

244 5120 426 5184 λακες,
457 5122 551 5173 καὶ
586 5119 794 5187 μάθωσι
822 5119 884 5171 τὺ
916 5120 1100 5172 καινὸν
1129 5119 1217 5171 τοῦ
1247 5121 1563 5187 γενομένου.
1601 5121 1825 5189 Ἀνέστη

242 5202 337 5259 οἷν
378 5207 680 5276 τριήμερος
720 5206 749 5257 6
797 5208 1023 5276 Κύριος.
1083 5208 1205 5269 Πῶς
1258 5208 1311 5260 δὲ
1364 5208 1725 5277 ἀριθμοῦνται
1772 5210 1827 5261 αἱ

244 5301 389 5368 τρεῖς
420 5299 665 5368 ήμέραι;
712 5298 888 5369 Ἕκτῃ
936 5298 1053 5368 ὥρᾳ
1082 5299 1180 5367 τῆς
1216 5300 1576 5369 Παρασκευῆς
1628 5303 1827 5353 ἐσταυ-

248 5391 390 5460 ρώθη
419 5408 433 5421 ⁸
471 5392 581 5444 ἀπὸ
608 5391 813 5461 ταύτης
844 5391 948 5454 ἓως
982 5393 1205 5461 ὲννάτης
1230 5432 1243 5456 ,
1280 5396 1471 5455 σκότος
1497 5410 1511 5423 ·
1544 5392 1701 5469 τοῦτο
1732 5395 1825 5446 νύ-

246 5498 346 5535 κτα
377 5499 467 5551 μοι
496 5484 708 5553 νόησον.
746 5485 913 5537 Πάλιν
944 5484 1184 5553 ἁπὸ.τῆς
1219 5485 1467 5555 ὲννάτης,
1502 5487 1639 5554 φῶς,
1669 5486 1827 5540 τοῦτο

244 5574 425 5642 ἡμέρα
450 5591 464 5603 ·
506 5574 616 5628 ίδοὺ
660 5576 1071 5646 ἡμερονύκτιον.
1110 5576 1281 5629 Πάλιν
1313 5579 1344 5647 ἡ
1382 5578 1477 5643 νὺξ
1510 5580 1608 5646 τῆς
1642 5580 1825 5650 Παρα-

247 5667 444 5736 σκενῆς
474 5668 567 5721 καὶ
592 5667 688 5721 τοῦ
719 5669 999 5722 Σαϐϐάτου
1031 5672 1063 5739 ἡ
1092 5669 1300 5739 ἡμέρα,
1334 5670 1587 5742 δεύτερον
1620 5673 1826 5741 ἡμερο-

246 5760 457 5814 νύκτιον
476 5776 491 5791 ⁶
520 5762 555 5831 ὴ
583 5761 680 5827 νὺξ
708 5762 869 5815 πάλιν
889 5762 986 5815 τοῦ
1014 5764 1295 5817 Σαϐϐἁτου
1323 5766 1416 5817 καὶ
1443 5765 1470 5815 6
1494 5765 1590 5834 τῆς
1619 5766 1826 5835 Κυρια-

247 5851 344 5922 κῆς
390 5850 617 5924 ὕρθρος,
668 5852 807 5907 κατὰ
852 5854 945 5909 τὸν
991 5854 1301 5922 Ματθαῖον,
1355 5856 1619 5924 λέγονταο
1676 5877 1692 5909 ι
1746 5856 1824 5928 Τῇ

1936 4650 2261 4706 Resurrexit
2301 4652 2466 4721 igitur
2514 4651 2777 4707 Dominus
2807 4652 2987 4723 lapide
3030 4654 3212 4708 adhuc
3242 4669 3407 4723 super
3440 4669 3528 4710 se-

1933 4744 2180 4813 pulcrum
2235 4745 2431 4811 posito.
2470 4743 2762 4812 Postquam
2824 4754 3005 4798 autem
3074 4748 3371 4799 resurrexit
3421 4744 3529 4799 Do-

1934 4838 2133 4899 minus,
2161 4847 2213 4889 et
2244 4838 2471 4905 angelus
2515 4838 2687 4903 venit,
2728 4847 2786 4890 ut
2829 4836 3084 4891 devoluto
3118 4836 3299 4907 lapide
3338 4852 3527 4894 acces-

1933 4944 2051 4982 sum
2102 4928 2331 4981 habeant
2384 4929 2640 4985 mulieres
2700 4929 2768 4982 ad
2817 4930 3157 4997 sepulcrum.
3213 4927 3301 4983 Fit
3344 4938 3527 4985 autem

1934 5029 2091 5073 terrae
2117 5028 2316 5086 motus,
2349 5030 2406 5074 ut
2442 5021 2753 5075 excitentur
2776 5022 3056 5087 custodes,
3091 5029 3145 5076 et
3174 5020 3391 5076 discant
3422 5036 3523 5075 no-

1932 5128 2056 5165 vum
2082 5113 2221 5181 quod
2249 5113 2425 5166 tlebat.
2455 5110 2709 5167 Surrexit
2732 5115 2898 5184 igitur
2925 5113 3192 5170 Dominus
3219 5115 3525 5169 triduanus.

1933 5204 2216 5271 Quomodo
2255 5214 2435 5257 autem
2471 5215 2583 5259 tres
2617 5206 2774 5260 dies?
2824 5206 2991 5260 Sexta
3026 5209 3159 5262 liora
3195 5206 3527 5261 Parasceves

1930 5302 2227 5356 cruciﬁxus
2255 5310 2337 5355 est
2366 5318 2380 5354 :
2424 5301 2493 5355 ab
2523 5300 2614 5354 illa
2656 5315 2826 5369 usque
2860 5301 3021 5374 164
3062 5302 3129 5357 ad
3161 5316 3357 5356 nonam
3407 5301 3527 5355 fue-

1934 5405 2060 5449 runt
2110 5396 2385 5460 tenebrm,
2433 5410 2529 5463 per
2580 5397 2680 5451 bas
2734 5397 2922 5465 utique
2966 5405 3182 5452 noctem
3229 5396 3521 5466 intelligas.

1932 5487 2128 5541 lterum
2180 5502 2207 5539 a
2249 5502 2387 5541 noua
2435 5488 2547 5554 lux,
2598 5488 2700 5541 hoc
2732 5498 2839 5554 est,
2900 5490 3016 5544 dies
3066 5504 3245 5544 :ecee
3297 5490 3436 5543 diem
3469 5498 3525 5543 et

1931 5590 2171 5635 noctem.
2215 5580 2414 5634 lterum
2448 5597 2553 5635 nox
2600 5579 2953 5646 Parasceves,
2999 5591 3054 5636 et
3098 5582 3214 5636 dies
3247 5580 3470 5637 Sabbaz.
3506 5625 3521 5639 .

1931 5688 2060 5730 ecce
2089 5676 2330 5728 secundo
2354 5674 2495 5729 diem
2524 5682 2577 5727 ct
2614 5684 2853 5729 noctem.
2881 5674 2996 5729 Nox
3022 5690 3239 5745 quoque
3274 5674 3523 5739 Sabbati,

1929 5776 1981 5820 et
2006 5765 2305 5820 diluculum
2332 5766 2817 5833 Dominicte,juxta
2846 5766 3181 5832 Muttbzeum,
3207 5767 3476 5821 dicentem
3505 5782 3520 5817 :

1939 5876 1957 5909 ι
1999 5857 2128 5925 Qua:
2156 5858 2503 5915 illucesccbat
2550 5860 2601 5915 in
2630 5875 2791 5916 unam
2826 5859 3222 5927 Sabbatorum;
3258 5880 3275 5912 ι
3326 5874 3354 5912 a
3379 5858 3520 5914 dilu-
