4010 6472
856 365 1305 430 ΕΝΑΒΒΑἸἹΟ
1346 367 1427 429 IN
1470 368 1866 432 EVANGELIl

2013 372 2408 437 ΜΑΤΤΗΑΞΙ.
2451 401 2521 411 -
2560 375 2721 438 CAP.
2763 377 3045 443 XXVIII.

3484 376 3595 445 682

288 483 411 567 τῶν
445 483 692 554 ἐσχάτων
739 486 926 555 μερῶν
970 486 1065 539 τοῦ
1108 486 1358 557 σώματος
1400 485 1592 541 αὑτοῦ.
1633 487 1791 550 Τινὲς
1828 488 1861 541 ’δ

2000 491 2118 546 illas
2150 491 2368 557 fecisse,
2417 504 2474 547 ut
2510 492 2812 563 periculum
2849 493 3092 547 facerent
3131 507 3273 567 'num
3321 505 3450 547 vere
3479 496 3596 547 sur-

288 593 462 646 φασιν
488 578 572 631 ὅτι
596 577 917 648 ἐξεπίτηδες
941 579 1235 650 ἐδράξαντο
1257 579 1368 633 τῶν
1392 578 1570 632 ποδῶν
1597 577 1787 642 αὐτοῦ,
1810 579 1887 643 ὡς

289 666 362 723 ἂν
402 668 649 739 μάθωσιν
680 671 729 723 εί
765 670 987 739 άληθῶς
1019 670 1216 741 ἀνέστη
1253 673 1349 725 καὶ
1387 680 1462 745 μη
1499 670 1643 725 κατὰ
1676 688 1885 741 φαντα-

289 760 438 824 σίαν,
472 761 608 831 μηδὲ
640 762 863 831 πνεῦμά
891 764 1058 818 ἐστιν.
1091 764 1383 818 Ὑπενὸουν
1411 764 1520 835 γὰρ
1550 763 1635 817 δτι
1665 762 1886 834 πνεῦμά

288 855 431 906 ἐστι.
486 850 621 905 Τότε
656 854 755 923 μὲν
781 854 876 907 οὖν
905 857 957 908 αί
988 854 1080 907 δύο
1108 848 1271 909 αὗται
1302 856 1510 926 Μαρίαι
1537 856 1751 926 ἥψαντο
1778 856 1898 908 τῶν

287 941 475 995 ποδῶν
510 942 695 995 αὑτοῦ.
738 942 893 997 Κατὰ
932 943 988 996 δέ
1020 944 1112 996 τὸν
1149 944 1437 1013 Ἰωάννην,
1474 947 1506 1015 ή
1547 944 1883 1016 Μαγδαληνὴ

285 1033 482 1101 Μαρία
530 1036 800 1106 ἐπιχειρεῖ
840 1036 937 1103 μὲν
972 1034 1246 1104 ἅψασθαι,
1282 1037 1342 1089 ού
1389 1040 1751 1106 συγχωρεῖται
1789 1036 1844 1090 δὲ
1868 1078 1883 1101 ,

281 1125 425 1178 διότι
455 1126 649 1195 ἢθελεν
675 1127 763 1179 ἀεὶ
790 1128 1027 1179 συνεῖναι
1059 1127 1207 1196 αὐτῷ
1236 1126 1428 1195 ῶσπερ
1460 1127 1553 1182 καὶ
1588 1130 1879 1197 πρότερον.

287 1216 358 1268 Ἦ
408 1216 743 1285 μᾶλλονδιὰ
784 1216 942 1269 τοῦτο
985 1218 1045 1271 οὐ
1090 1220 1456 1289 συγχωρεῖται
1504 1218 1744 1287 ἅψασθαι
1785 1219 1879 1272 τοῦ

292 1312 477 1381 Ἰησοῦ
516 1313 654 1365 κατὰ
683 1313 1084 1384 τὸνἹωάννην,
1117 1313 1192 1374 ὡς
1217 1315 1526 1385 περίεργος.
1566 1315 1720 1368 Ἐπεὶ
1742 1314 1873 1384 γὰρ,

280 1405 567 1475 ὦςφησιν
602 1408 630 1459 ὁ
664 1406 964 1473 Ματθαῐος,
1000 1407 1178 1477 ἥψατο
1213 1408 1379 1460 αὑτοῦ
1414 1407 1522 1461 τῶν
1562 1408 1759 1474 ποδῶν,
1794 1410 1879 1472 τίς

276 1492 349 1565 ἦν
383 1497 463 1548 ἔτι
490 1497 647 1565 χρεία
672 1496 833 1549 πάλιν
866 1496 1146 1569 adlaudat;
1184 1497 1348 1550 Ὥστε
1382 1497 1457 1559 ὡς
1488 1498 1747 1567 περιττὴν
1780 1495 1872 1550 οὖ-

278 1603 385 1639 σαν
417 1586 608 1641 λοιπὸν
640 1588 812 1658 αὐτὴν
842 1588 1163 1643 ἀπωθεῖται.

356 1695 378 1728 ι
408 1678 802 1749 Πορευομένων
840 1680 898 1731 δέ
928 1681 1127 1745 αὐτῶν,
1164 1680 1271 1734 ἰδού
1307 1698 1452 1744 τινες
1486 1683 1583 1753 τῆς
1613 1701 1859 1737 κουστω-

275 1767 403 1830 δίας
434 1769 685 1833 ἐλθόντες
717 1771 798 1831 είς
828 1770 927 1839 τὴν
960 1771 1116 1822 πόλιν
1152 1772 1498 1841 ἀπήγγειλαν
1536 1776 1650 1837 τοῖς
1680 1775 1869 1844 ἀρχιε-

2004 582 2255 647 rexiSsel,
2292 595 2346 638 et
2375 599 2501 638 num
2533 584 2760 654 spiritus
2793 583 2971 639 sitvel
3004 566 3350 654 phantasma.
3382 581 3597 639 Existi-

2002 672 2225 743 mabant
2255 673 2398 727 enim
2435 674 2689 742 spiritum
2734 680 2895 728 esse.
2921 670 3110 741 Itaque
3162 677 3292 740 tunc
3325 673 3445 727 duae
3488 672 3595 729 illa

2000 766 2189 819 Maria:
2221 765 2518 836 tangebam
2547 765 2711 835 pedes
2736 765 2874 833 eius.
2900 765 3105 821 Verum
3138 765 3292 834 juxta
3322 764 3593 821 Joannem

2003 856 2171 912 Maria
2207 857 2518 928 Magdalene
2558 866 2794 913 attentat
2823 857 3041 927 quidem
3071 856 3493 927 tangere‘pedes
3520 857 3591 919 ",

1999 964 2107 1003 non
2142 950 2461 1004 conceditur
2499 961 2679 1003 autem
2718 950 2789 1016 ei,
2826 964 2892 1004 eo
2923 949 3066 1019 quod
3113 949 3327 1002 volebat
3375 962 3595 1019 semper

2000 1037 2227 1095 manere
2249 1055 2372 1095 cum
2391 1054 2456 1095 eo
2479 1041 2623 1095 sicut
2653 1040 2841 1109 prius:
2866 1039 2950 1094 vel
2980 1039 3163 1109 potius
3186 1039 3305 1094 ideo
3331 1053 3436 1093 non
3468 1053 3592 1093 con-

1996 1134 2209 1187 ceditur
2258 1132 2306 1185 ei
2362 1142 2590 1199 tangere
2650 1130 2832 1187 Iesum
2874 1131 3034 1202 juxta
3093 1129 3385 1193 Joannem,
3447 1132 3590 1200 quod

1994 1223 2268 1278 curiosula
2304 1233 2440 1279 erat.
2493 1222 2632 1290 Quia
2685 1225 2855 1289 enim,
2913 1227 3058 1279 sicut
3103 1224 3243 1278 dixit
3276 1223 3585 1288 Mattbaeus,

1995 1316 2242 1385 tetigerat
2272 1317 2435 1385 pedes
2466 1316 2604 1384 ejus,
2652 1316 2783 1385 quid
2829 1318 3007 1370 adhuc
3050 1330 3188 1385 opus
3232 1325 3353 1371 erat
3388 1315 3587 1370 iterum

1993 1416 2213 1477 tangere
2243 1407 2269 1461 ἵ
2291 1416 2347 1462 et
2381 1408 2452 1462 ita
2488 1408 2765 1479 repellitur
2800 1409 2877 1467 Uti
2909 1414 3148 1465 curioSa.

2056 1672 2223 1728 Vens.
2258 1672 2452 1728 11-15.
2492 1691 2511 1725 ι
2556 1672 2687 1738 Quae
2719 1689 2840 1728 cum
2873 1674 3159 1738 abiissent,
3184 1688 3327 1731 ecce
3355 1676 3581 1746 quidam

1980 1776 2012 1817 e
2043 1763 2361 1817 custodibus
2393 1772 2662 1817 venerunt
2697 1761 2751 1817 in
2784 1762 3091 1828 civitatem,
3131 1778 3195 1817 ac
3232 1766 3584 1819 renuntiave-

274 1853 473 1938 ρεύσιν
512 1860 729 1913 ἅπαντα
777 1861 846 1914 τὰ
881 1863 1170 1930 γενόμενα·
1206 1864 1301 1915 καὶ
1338 1863 1698 1933 συναχθέντες
1730 1867 1866 1935 μετά

1980 1862 2107 1907 runt
2138 1855 2475 1923 principibus
2508 1854 2856 1909 sacerdotum
2882 1856 3067 1910 omnia
3092 1871 3213 1926 quae
3244 1855 3578 1911 acciderant.

272 1953 393 2005 τῶν
420 1954 834 2024 πρεσϐυτέρων,
872 1954 1196 2023 συμϐούλιόν
1223 1972 1281 2007 τε
1314 1954 1594 2021 λαϐόντες,
1626 1958 1868 2028 ἀργύρια

273 2047 450 2103 ἱκανὰ
480 2048 689 2101 ἔδωκαν
734 2044 849 2109 τοῖς
924 2047 1311 2117 στρατιώταις,
1345 2048 1595 2116 λέγοντες
1617 2065 1631 2081 ⁸
1666 2050 1870 2103 Εἴπατε

271 2140 391 2202 ὅτι,
415 2140 479 2191 Οἱ
500 2140 736 2208 μαθηταὶ
762 2138 927 2191 αὑτοῦ
956 2140 1143 2199 νυκτὸς
1167 2140 1435 2203 ἐλθόντες,
1451 2140 1687 2210 ἔκλεψαν
1706 2141 1869 2195 αὐτὸν

269 2231 442 2301 ἡμῶν
499 2234 882 2303 κοιμωμένων·
917 2232 1011 2284 καὶ
1059 2232 1152 2283 ἐὰν
1184 2233 1427 2303 ἀκουσθῇ
1460 2233 1622 2286 τούτο
1656 2235 1750 2286 ἐπὶ
1772 2233 1867 2287 τοῦ

267 2320 575 2391 ἡγεμόνος,
609 2325 785 2392 ἡμεῖς
821 2323 1084 2392 πείσομεν
1129 2324 1313 2385 αὑτὸν,
1352 2324 1446 2375 καὶ
1491 2324 1635 2393 ὑμᾶς
1679 2324 1873 2392 ἀμερί-

279 2433 465 2486 μνους
482 2419 810 2485 ποιήσομεν.
840 2417 901 2468 Οἱ
920 2416 997 2479 δὲ,
1036 2416 1289 2478 λαϐόντες
1306 2416 1372 2468 τὰ
1397 2416 1656 2487 άργυρία,
1682 2417 1871 2486 ἐποίηο

266 2523 377 2560 σαν
410 2509 485 2569 ὼς
514 2506 893 2576 ἐδιδάχθησαν*
938 2505 1035 2558 καὶ
1082 2504 1420 2576 διεφημίσθη
1459 2506 1487 2557 6
1517 2506 1675 2574 λόγος
1710 2501 1867 2571 οὗτος

264 2595 429 2666 παρὰ
473 2596 751 2660 Ἰουδαίοις
789 2596 950 2666 μέχρι
990 2596 1090 2665 τῆς
1145 2597 1411 2666 σήμερον.
1449 2616 1467 2648 ι
1509 2598 1572 2650 Οἱ
1608 2596 1708 2667 μὲν
1753 2600 1864 2651 dir);

262 2688 375 2759 τῆς
420 2688 751 2750 κουστωδίας
809 2688 1161 2757 ἀπήγγειλαν
1214 2689 1393 2743 πάντα
1432 2706 1443 2718 ·
1502 2690 1584 2743 ὅτι
1646 2690 1869 2759 σεισμὸς

250 2765 515 2842 ἐγένετο.
562 2777 644 2833 δτι
696 2779 727 2831 ὁ
783 2776 926 2840 λίθος
986 2777 1131 2848 ἦρθη
1196 2777 1555 2848 αὐτομάτως,
1593 2778 1677 2830 ὃτι
1712 2780 1867 2831 αύτοὶ

264 2860 611 2939 φοϐηθέντες
665 2870 915 2938 ἐγένοντο
958 2869 1094 2922 ὡσεὶ
1132 2868 1341 2938 νεκροί.
1402 2870 1464 2921 Οί
1515 2868 1571 2920 δὲ
1617 2869 1867 2922 Ἰουδαῖοι

261 2961 399 3015 οὔτε
454 2962 525 3014 τά
563 2962 656 3013 ἐπὶ
697 2959 776 3031 τῷ
821 2960 982 3015 πάθει
1019 2959 1288 3029 γενόμενα
1325 2957 1601 3027 θαύματα,
1634 2957 1757 3011 οὔτε
1796 2961 1865 3012 τά

263 3053 367 3107 ἐπὶ
408 3050 486 3121 τῷ
522 3053 682 3121 τάφῳ
720 3051 1145 3121 μαρτυρούμενα
1177 3050 1331 3119 παρὰ
1359 3048 1470 3101 τῶν
1512 3050 1864 3118 στρατιωτῶν

268 3143 723 3213 δυσωπηθέντες,
753 3144 828 3212 τῷ
860 3143 975 3212 ίδίῳ
1005 3141 1169 3195 πάθει
1196 3143 1263 3211 τῇ
1302 3140 1639 3211 φιλαργυρίᾳ
1664 3143 1863 3195 ὑπονο-
1896 3171 1942 3233 C

267 3237 499 3289 θεύουσι
540 3238 669 3297 τοὺς
704 3234 1062 3303 στρατιώτας,
1089 3233 1520 3304 παραπείθοντες
1556 3234 1754 3296 αὐτοὺς
1803 3235 1863 3287 τὸ

266 3330 498 3385 πάντων
542 3325 907 3396 ἀσεϐέστερον
940 3325 1277 3394 φθέγξασθαι
1332 3324 1425 3379 καὶ
1479 3325 1859 3396 ἀνοητότερον,

260 3420 350 3473 δτι
404 3418 640 3485 ἐκλάπη.
688 3415 808 3478 Πῶς
848 3418 955 3486 γὰρ
1000 3416 1065 3469 ἂν
1118 3416 1371 3484 ἔκλεψαν,
1428 3410 1483 3467 ὢ
1524 3416 1763 3484 ἀνόητοι,
1814 3418 1861 3468 oi

267 3510 540 3583 μαθηταὶ,
576 3512 623 3562 oi
675 3509 765 3561 διὰ
795 3509 886 3561 τὸν
920 3507 1084 3577 φόϐον
1143 3506 1600 3567 ἀποκλεισθέντες
1651 3507 1744 3559 καὶ
1786 3506 1860 3575 μὴ

261 3603 577 3670 τολμῶντες
624 3603 761 3663 ὅλως
814 3600 1093 3667 ἐξελθείν;
1130 3601 1253 3663 Πῶς
1285 3602 1327 3652 δ’
1384 3602 1452 3653 ἂν
1500 3603 1547 3652 εἰ
1603 3599 1858 3667 ἔκλεψαν,

266 3694 625 3764 ἀπέθνησκον
677 3692 906 3763 ὕστερον
967 3694 1035 3745 δι’
1088 3692 1285 3757 αὑτὸν,
1350 3694 1860 3763 κηρύττοντεςδτι

270 3787 503 3855 ἀνέστη,
530 3788 624 3838 καὶ
656 3785 798 3854 ὑπὲρ
828 3784 919 3837 τοῦ
945 3784 1173 3853 ψεύδους
1202 3786 1671 3845 κατακοπτόμενοι
1700 3802 1713 3850 ;
1805 3808 1811 3813 υ

339 3989 365 4021 ι
407 3970 473 4023 Oi
504 3968 561 4020 δὲ
592 3967 787 4020 ἕνδεκα
820 3968 1061 4036 μαθηταὶ
1096 3966 1475 4038 ἐπορεύθησαν
1518 3967 1597 4029 είς
1628 3967 1728 4033 τὴν
1752 3969 1857 4020 Γα-

262 4063 487 4114 λιλαίαν
513 4101 535 4124 ,
564 4061 643 4122 είς
695 4060 754 4110 τὸ
810 4058 933 4123 ὅρος
972 4054 1032 4111 οὗ
1074 4058 1303 4123 ἐτάξατο
1356 4058 1537 4120 αὐτοῖς
1565 4061 1593 4111 6
1627 4058 1855 4127 Ἰησοῦς*

260 4154 361 4205 καὶ
398 4152 599 4213 ἰδόντες
653 4148 839 4214 αὐτὸν,
874 4148 1291 4219 προσεκύνησαν
1340 4148 1509 4218 αὐτῷ’
1540 4149 1589 4201 οί
1640 4148 1694 4200 δὲ
1749 4149 1858 4201 ἐδί-

262 4260 498 4299 στασαν.
554 4241 665 4295 Καὶ
701 4239 1014 4310 προσελθὼν
1039 4241 1067 4291 6
1114 4240 1320 4309 Ἰησοῦς
1349 4238 1610 4310 ἐλάλησεν
1654 4239 1854 4304 αὐτοῖς,

259 4339 462 4406 λέγων·
508 4333 698 4403 Ἐδόθη
737 4349 829 4404 μοι
863 4334 1011 4386 πᾶσα
1045 4333 1265 4397 ἐξουσία
1298 4334 1357 4385 ἐν
1397 4332 1613 4403 οὐρανῷ
1644 4332 1738 4384 καὶ
1765 4332 1859 4384 ἐπὶ

262 4429 369 4497 γῆς
402 4443 417 4455 ο
472 4425 834 4495 πορευθέντες
903 4422 1282 4493 μαθητεύσατε
1329 4422 1508 4476 πάντα
1552 4422 1621 4475 τὰ
1680 4422 1806 4489 ἐθνη
1841 4462 1854 4487 ,

1985 1945 2051 2023 Et
2081 1948 2397 2017 congregati
2427 1963 2549 2002 cum
2576 1947 2904 2013 senioribus,
2936 1947 3166 2003 consilio
3192 1948 3379 2004 habito
3414 1964 3581 2019 pecu-

1983 2042 2129 2093 niam
2161 2027 2441 2108 cbpiosam
2472 2040 2739 2096 dederunt
2763 2040 3053 2108 militibus,
3091 2041 3371 2096 dicentes:
3406 2038 3583 2098 Dicite

1979 2132 2122 2201 quod
2158 2130 2416 2201 Discipuli
2449 2134 2565 2201 ejus
2610 2141 2769 2188 nocte
2806 2142 3099 2199 venerunt,
3142 2144 3196 2187 et
3226 2132 3394 2188 furati
3450 2142 3581 2190 sunt

1985 2237 2108 2281 eum
2138 2222 2296 2279 nobis
2320 2224 2745 2280 dormientibus.
2771 2223 2838 2278 Et
2879 2225 2923 2279 si
2950 2226 3052 2281 hoc
3072 2226 3313 2281 auditum
3344 2226 3509 2282 fuerit
3547 2244 3579 2283 a

1979 2316 2231 2386 praeside,
2254 2331 2351 2372 nos
2370 2316 2822 2386 persuadebimus
2848 2317 2920 2382 ei,
2949 2325 3005 2372 et
3028 2331 3257 2374 securos
3284 2333 3378 2374 vos
3407 2318 3578 2375 facie-

1981 2424 2121 2465 mus.
2157 2410 2227 2463 At
2268 2410 2344 2464 illi
2395 2416 2624 2479 accepta
2663 2409 2893 2479 pecunia
2937 2408 3188 2464 iecertmt
3233 2413 3377 2467 sicut
3406 2422 3572 2468 erant

1972 2502 2191 2556 edocti:
2227 2510 2283 2557 et
2323 2500 2636 2571 divulgatus
2667 2510 2754 2556 est
2796 2500 2885 2557 hic
2931 2515 3115 2557 sermo
3167 2502 3309 2573 apud
3356 2500 3577 2560 Iudaeos

1978 2596 2154 2660 nsque
2196 2594 2250 2646 in
2283 2592 2607 2647 hodiernum
2635 2592 2803 2647 diem.
2844 2612 2863 2645 ι
2901 2592 3174 2669 Custodes
3201 2596 3575 2651 adnuntiare-

1977 2692 2104 2736 runt
2128 2685 2334 2747 omnia,
2365 2683 2511 2753 quod
2545 2693 2704 2739 terra:
2731 2690 2911 2739 motus
2939 2683 3121 2738 factus
3145 2684 3239 2750 sit,
3263 2685 3408 2756 quod
3432 2685 3575 2754 lapis

1977 2785 2073 2842 per
2101 2788 2160 2826 se
2195 2752 2443 2828 sublatus
2478 2774 2570 2839 sit,
2607 2772 2751 2843 quod
2803 2773 2907 2844 ipsi
2962 2774 3135 2829 territi
3188 2752 3326 2829 fact—il
3372 2752 3577 2833 fuerint

1976 2864 2132 2932 quasi
2178 2864 2402 2918 mortui.
2436 2864 2507 2918 At
2541 2864 2712 2920 Judaei
2771 2848 2923 2923 tanto
2971 2865 3239 2922 miraculo
3280 2868 3411 2922 moti
3464 2882 3574 2924 non

1976 2967 2125 3019 Sunt,
2156 2958 2582 3025 nequedemulsi
2614 2957 2895 3012 miraculis
2922 2972 3044 3028 quas
3074 2958 3128 3011 in
3162 2958 3413 3026 passione
3439 2973 3572 3015 con-

1977 3050 2249 3118 tigerant,
2305 3031 2483 3115 neque
2538 3048 2740 3115 placati
2789 3048 2897 3103 illis
2954 3063 3074 3117 quae
3133 3047 3571 3105 testiﬁcabantur

1976 3138 2253 3199 custodes,
2282 3152 2382 3191 suo
2416 3136 2581 3203 malo,
2619 3138 2723 3192 hoc
2773 3147 2856 3193 est
2919 3139 3173 3205 avaritia,
3208 3138 3411 3194 milites
3440 3154 3568 3195 cor-

1975 3238 2254 3298 rumpunt.
2280 3229 2615 3285 Persuadere
2639 3239 2819 3284 autem
2845 3241 3135 3295 conantur,
3154 3233 3297 3300 quod
3322 3234 3564 3289 omnium

1976 3325 2208 3377 maxime
2236 3323 2466 3392 impium
2494 3330 2549 3377 et
2572 3323 2961 3376 stultissimum
2997 3324 3163 3377 fuerit
3190 3325 3397 3390 dicere,
3418 3327 3567 3396 quod

1973 3413 2122 3468 furto
2152 3416 2407 3470 sublatus
2431 3422 2597 3469 esset.
2621 3413 2741 3481 Quo
2771 3424 2930 3484 pacto
2952 3416 3120 3479 enim,
3146 3430 3179 3470 ο
3204 3416 3382 3484 stulti,
3403 3416 3570 3482 furati

1970 3516 2157 3561 essent
2208 3508 2481 3576 discipuli,
2535 3510 2633 3576 qui
2682 3522 2794 3575 pra:
2853 3515 3000 3560 metu
3050 3507 3247 3563 inclusi
3286 3518 3464 3575 erant,
3511 3518 3568 3565 et

1970 3600 2193 3652 omnino
2244 3601 2395 3653 exire
2444 3614 2551 3653 non
2600 3598 2908 3652 audebant?
2960 3598 3244 3665 Quomodo
3284 3611 3468 3656 autem
3518 3602 3565 3657 si

1970 3691 2117 3745 furto
2195 3692 2603 3759 abstulissent,
2649 3701 2839 3760 postea
2906 3700 3128 3758 propter
3205 3691 3360 3747 illum
3424 3696 3565 3749 mori

1970 3782 2291 3845 voluissent,
2337 3781 2695 3849 praedicantes
2736 3780 2886 3833 illum
2922 3777 3313 3845 resurrexisse,
3363 3790 3418 3835 et
3463 3796 3566 3849 pro

1968 3875 2255 3928 mendacio
2291 3874 2428 3926 male
2460 3871 2679 3925 aﬂ‘ccti?

2044 3966 2208 4019 Vens.
2250 3962 2438 4017 16-20.
2476 3981 2498 4013 ι
2531 3959 2797 4016 Undecim
2829 3972 3009 4017 autem
3033 3963 3281 4033 discipuli
3312 3965 3566 4021 abierunt

1970 4060 2022 4113 in
2057 4057 2337 4111 Galilaeam
2376 4057 2426 4110 in
2462 4065 2705 4109 montem
2748 4056 2835 4109 ubi
2865 4057 3225 4110 canstituerat
3253 4057 3357 4112 illis
3374 4056 3559 4112 Jesus.

1968 4150 2035 4204 Et
2062 4165 2184 4204 cum
2218 4148 2482 4202 vidissent
2505 4146 2677 4207 illum,
2700 4147 3068 4202 adoraverunt
3107 4164 3253 4214 eum,
3290 4148 3344 4202 bi
3378 4158 3561 4203 autem

1966 4241 2370 4295 dubitaverunt.
2401 4237 2465 4291 Et
2509 4238 2778 4292 accedens
2804 4235 2964 4292 Jesus
2992 4238 3204 4293 locutus
3231 4248 3318 4293 est
3354 4238 3436 4294 eis
3471 4238 3564 4293 (Ιί-

1966 4348 2131 4389 cens:
2169 4331 2304 4386 Data
2337 4340 2417 4386 est
2458 4330 2590 4384 mihi
2622 4334 2803 4385 omnis
2848 4339 3088 4400 potestas
3124 4332 3176 4385 in
3210 4330 3351 4387 ctelo
3397 4340 3453 4386 et
3506 4332 3562 4388 in

1968 4433 2151 4489 terra;
2189 4433 2384 4478 euntes
2421 4424 2777 4490 ergodocete
2810 4436 3001 4475 omnes
3035 4432 3245 4492 gentes,
3276 4421 3564 4490 baptizan-

264 4515 623 4589 βαπτίζοντες
645 4515 843 4577 αὐτοὺς
874 4517 952 4578 είς
976 4515 1036 4567 τδ
1052 4514 1135 4566 δνο
1149 4530 1221 4583 μα
1249 4514 1345 4566 τοῦ
1373 4514 1614 4583 Πατρὸς,
1641 4516 1734 4566 καὶ
1759 4512 1854 4565 τοῦ

1979 4530 2047 4571 es
2077 4530 2171 4570 eos
2197 4516 2250 4569 in
2276 4512 2499 4571 nomine
2527 4512 2728 4579 Patris,
2753 4522 2813 4567 et
2846 4511 2993 4576 Filii,
3022 4521 3075 4566 et
3104 4512 3340 4581 Spiritus
3360 4515 3559 4580 sancti,

264 4608 428 4672 Υίοῦ,
465 4608 563 4660 καὶ
596 4605 690 4658 τοῦ
713 4604 872 4665 ἁγίου
909 4605 1250 4673 Πνεύματος,
1284 4603 1629 4665 διδάσκοντες
1656 4605 1858 4667 αὐτοὺς

260 4702 456 4770 τηρεῖν
511 4697 694 4751 πάντα
737 4698 839 4749 ὅσα
880 4695 1239 4765 ἐνετειλάμην
1272 4696 1422 4764 ὑμῖν,
1470 4695 1564 4747 καὶ
1600 4694 1710 4747 ίδοὺ
1747 4694 1859 4763 ἐγὼ

267 4792 386 4863 μεθ’
433 4791 591 4863 ὑμῶν
633 4792 753 4859 είμι
794 4788 972 4852 πάσας
1007 4788 1106 4851 τὰς
1130 4788 1367 4859 ἡμέρας,
1396 4787 1501 4851 ἕως
1533 4788 1632 4859 τῆς
1667 4804 1859 4839 συντε-

264 4878 417 4949 λείας
476 4882 573 4936 τοῦ
630 4882 850 4943 αἰῶνος.
895 4899 914 4931 ι
961 4880 1118 4933 Κατὰ
1166 4879 1257 4931 τὸν
1321 4875 1585 4949 Ἰωάννην
1639 4877 1861 4947 πρῶτον

266 4976 423 5045 ὤφθη
456 4977 571 5036 τοῖς
599 4973 869 5043 μαθηταῖς
887 4973 914 5023 6
942 4969 1149 5040 Ἰησοῦς
1183 4968 1304 5023 κατ’
1322 4969 1492 5039 αὐτὴν
1518 4969 1616 5038 τὴν
1646 4967 1860 5038 ἡμέραν

266 5067 375 5135 τῆς
418 5064 801 5125 ἀναστάσεως,
855 5061 966 5115 τῶν
1024 5062 1205 5130 θυρῶν
1266 5062 1668 5131 κεκλεισμένων
1696 5078 1708 5090 ο
1741 5058 1861 5115 εἶτα

272 5153 390 5227 μεθ’
410 5157 631 5227 ἡμέρας
651 5154 818 5220 ὀκτὼ,
848 5155 936 5206 ὅτε
964 5155 1057 5206 καὶ
1083 5154 1110 5206 6
1139 5155 1341 5221 Θωμᾶς
1369 5156 1707 5209 ἐπίστευσενο
1731 5150 1860 5208 ,εἶτα

270 5247 458 5317 ἐπειδὴ
487 5246 715 5316 εμελλον
772 5247 850 5308 είς
895 5246 1187 5299 Γαλιλαίαν
1222 5247 1553 5315 ἀπαντῆσαι,
1611 5244 1765 5299 οὔπω
1800 5246 1859 5299 δὲ

272 5340 471 5401 πάντες
505 5337 643 5407 ὁμοῦ
680 5337 1048 5407 συνήχθησαν,
1086 5337 1226 5390 ἀλλά
1256 5352 1404 5399 τινες
1429 5337 1612 5389 αὐτῶν
1644 5337 1860 5407 ήλίευον

274 5431 367 5484 επὶ
418 5430 521 5499 τῆς
568 5428 696 5482 Τι6ε
714 5430 917 5499 ριάδος,
943 5431 1116 5499 ἐφάνη
1150 5430 1271 5481 τότε
1318 5432 1428 5492 τοῖς
1453 5430 1730 5483 άλιεύουσι
1755 5429 1863 5499 ιμόο

273 5538 403 5587 νοις,
429 5523 571 5576 ἑπτὰ
589 5519 731 5576 οὖσι.
758 5520 871 5573 Νῦν
901 5521 994 5574 οὖν
1016 5523 1043 5574 ὃ
1064 5538 1228 5591 φησιν
1254 5523 1280 5573 6
1311 5521 1608 5585 Ματθαίος,
1636 5518 1861 5592 ὕστερον
1899 5509 1901 5511 ’

280 5614 531 5683 ἐγένετο,
580 5614 691 5667 τῶν
748 5614 899 5685 παρὰ
950 5613 1029 5682 τῷ
1072 5614 1296 5686 Ἰωάννῃ
1326 5615 1589 5685 πρότερον
1632 5615 1860 5684 γενομέ-

349 5791 396 5824 "
425 5790 584 5847 Joan.
624 5805 722 5857 xx,
760 5789 847 5842 l7.

1960 4610 2219 4664 docentes
2261 4621 2369 4661 eos
2423 4620 2649 4660 servare
2704 4606 2887 4659 omnia
2945 4607 3560 4676 quaecunque‘praecepi

1961 4700 2133 4754 vobis.
2171 4699 2238 4752 Et
2266 4710 2394 4751 ecce
2424 4711 2524 4766 ego
2567 4697 2853 4751 vobiscum
2897 4712 3018 4761 sum
3056 4699 3315 4753 omnibus
3363 4698 3559 4754 diebus

1961 4804 2136 4860 usque
2182 4789 2250 4843 ad
2300 4789 2831 4843 consummationem
2886 4788 3097 4843 saeculi.
3158 4806 3177 4841 ι
3241 4787 3556 4843 Secundum

1962 4879 2251 4943 Joannem,
2296 4878 2531 4947 primum
2568 4878 2849 4947 discipulis
2888 4879 3039 4933 visus
3066 4886 3150 4934 est
3189 4877 3349 4935 Jesus
3398 4879 3561 4950 166

1964 4973 2083 5041 ipso
2132 4970 2218 5025 die
2278 4970 2721 5035 resurrectionis,
2784 4969 2987 5025 clausis
3055 4971 3297 5042 ianuis:
3361 4974 3559 5030 deinde

1964 5074 2090 5134 post
2122 5064 2241 5119 dies
2270 5074 2417 5129 oeto,
2441 5064 2658 5131 quando
2681 5074 2737 5118 et
2760 5062 3004 5119 Thomas
3042 5066 3312 5120 credidit:
3345 5076 3559 5136 postico

1966 5169 2086 5218 mo,
2146 5155 2273 5221 quia
2332 5154 2384 5207 in
2460 5152 2739 5207 Galilaeam
2812 5156 3094 5210 occursuri
3152 5164 3352 5220 erant,
3416 5170 3556 5212 non-

1958 5245 2083 5300 dum
2129 5253 2307 5299 autem
2348 5259 2537 5299 omnes
2583 5247 2902 5315 congregati
2953 5256 3149 5313 erant,
3191 5249 3286 5303 sed
3331 5247 3555 5317 quidam

1960 5338 2313 5405 piscabantur
2337 5340 2477 5407 apud
2514 5337 2882 5407 Tiberiadem,
2918 5342 3171 5412 apparuit
3206 5352 3334 5397 tunc
3371 5343 3554 5411 pisca-

1964 5430 2171 5485 toribus
2204 5430 2353 5496 solis,
2390 5445 2482 5499 qui
2518 5439 2724 5500 septem
2788 5442 2966 5487 erant.
2998 5430 3169 5489 Nunc
3212 5432 3379 5504 igitur
3407 5434 3553 5503 quod

1964 5522 2099 5577 dixit
2124 5522 2429 5591 Matthreus,
2459 5523 2734 5595 posterius
2763 5523 2966 5579 factum
3001 5534 3085 5580 est
3122 5540 3285 5595 quam
3320 5526 3407 5578 illa
3432 5539 3553 5594 quae

1966 5629 1996 5668 a
2029 5614 2240 5671 Joanne
2291 5616 2432 5671 dicta
2484 5624 2631 5671 sunt.
2672 5615 2828 5684 Saepe
2871 5616 3014 5671 enim
3061 5617 3312 5681 apparuit
3340 5616 3421 5673 eis
3455 5630 3553 5685 per
