4010 6404
152 360 239 422 5'31
835 356 1282 421 ENARRATIO
1324 356 1405 419 IN
1445 354 1951 418 EVANGELIUM
1993 358 2256 420 MARCI‘.
2302 385 2369 395 —-
2405 359 2566 423 CAP.
2611 360 2659 419 l.

3340 359 3459 424 502

152 473 236 523 καὶ
260 470 342 534 τὸ,
375 471 645 539 Ἤγγικεν
673 469 706 539 ἡ
743 469 988 540 βασιλεία
1018 470 1113 525 τοῦ
1146 470 1305 525 Θεοῦ.
1332 470 1448 524 Οὐκ
1475 469 1591 523 ἔστι
1620 469 1677 523 δέ
1718 485 1733 499 ’

1866 487 2065 537 tempe,
2118 472 2511 544 Rescipiseite,
2573 481 2650 539 et,
2688 471 3162 544 Appropinquavit
3220 485 3448 541 regnum

148 568 171 617 ὁ
194 565 293 633 μὲν
320 564 698 634 γάρἸωάννης
728 564 811 630 τὸ,
830 566 1182 630 Μετανοεῖτε,
1213 564 1423 633 ἔλεγεν,
1445 562 1588 617 ὥστε
1611 565 1743 617 ὑπο·-

148 659 393 727 χωρῆσαι
426 656 535 709 ἀπὸ
580 656 691 709 τῶν
728 657 1014 728 ἁμαρτιῶν
1043 673 1057 688 ·
1092 659 1120 711 6
1152 658 1208 710 δὲ
1240 658 1483 727 Χριστὸς
1512 658 1594 722 τὸ,
1630 658 1743 711 Με-

150 751 416 810 τανοεῖτε,
446 747 619 816 λέγει,
657 748 801 802 ὥστε
848 751 958 803 ἀπὸ
988 749 1083 803 τοῦ
1127 751 1357 820 νομικοῦ
1413 752 1744 822 γράμματος

149 844 358 909 φυγεῖν.
408 842 500 893 Διὸ
538 842 635 894 καὶ
696 844 1011 912 προσέθηκε
1062 844 1142 905 16,
1182 843 1484 896 Πιστεύετε
1536 844 1593 897 ὲν
1660 842 1738 913 τῷ

151 932 469 1002 Εύαγγελίῳ
496 948 515 966 ο
547 936 574 986 6
609 934 717 1004 γὰρ
745 934 954 1003 μέλλων
984 933 1282 988 πιστεῦσαι
1310 933 1401 987 διὰ
1426 934 1521 987 τοῦ
1564 934 1745 1003 Εύαγο

145 1026 348 1094 γελίου,
380 1028 705 1097 κατήργηκε
742 1029 835 1081 τὶν
872 1027 1040 1097 νόμον
1069 1028 1279 1082 λοιτΛν.
1330 1026 1744 1097 Πεπληρῶσθαι

144 1122 252 1190 γάρ
286 1137 458 1191 φησιν
482 1122 511 1173 6
550 1120 754 1191 Κύριος
787 1121 881 1174 καὶ
909 1122 999 1173 τὸν
1022 1120 1215 1192 καιρὸν
1245 1120 1340 1174 τοῦ
1389 1120 1558 1190 νόμου
1590 1119 1703 1187 (45)
1729 1138 1745 1154 ο

143 1215 270 1284 ἄχρι
302 1214 620 1284 γὰρ,φησὶ,
660 1214 754 1266 τοῦ
774 1212 871 1266 νῦν
922 1214 1145 1285 ἐνήργει
1191 1216 1219 1267 6
1276 1214 1460 1283 νόμος,
1497 1215 1608 1267 άπὸ
1651 1213 1746 1267 τοῦ

144 1305 235 1357 νῦν
265 1306 324 1359 δὲ
356 1309 389 1375 ἡ
424 1305 672 1375 βασιλεία
722 1304 817 1358 τοῦ
864 1306 1024 1370 Θεοῦ,
1060 1309 1092 1376 ἡ
1128 1306 1271 1360 κατὰ
1305 1306 1366 1359 τὸ
1414 1306 1750 1374 Ευαγγὲλιον

146 1397 397 1450 πολιτεία
432 1398 719 1466 πάρεστιν,
769 1397 893 1466 ἥτις
943 1398 1169 1460 εἰκότως
1219 1396 1625 1467 παρεικάζεται
1680 1400 1748 1467 τῇ

148 1492 403 1566 βασιλείᾳ
450 1495 557 1548 τῶν
602 1492 874 1563 οὐρανῶν.
908 1494 1073 1545 Ὅταν
1102 1494 1211 1560 γὰρ
1254 1493 1371 1563 ἴδῃς
1401 1493 1475 1555 ὡς
1509 1492 1750 1563 ἄσαρκον

156 1584 359 1657 μικροῦ
440 1585 867 1656 πολιτευόμενον
940 1584 1031 1637 τὸν
1088 1585 1231 1638 κατά
1291 1584 1353 1637 τὸ
1420 1584 1753 1651 Εύαγγέλιον

148 1679 389 1747 βιοῦντα,
428 1674 539 1749 ἆρα
565 1679 666 1731 οὐκ
700 1677 767 1731 ἂν
808 1679 982 1740 εἴποις
1011 1678 1094 1730 ὅτι
1122 1671 1282 1740 οὗτος
1332 1678 1433 1746 τὴν
1468 1677 1751 1747 βασιλείαν

147 1770 253 1823 τῶν
276 1770 531 1841 οὐρανῶν
564 1771 673 1841 (ὅτε
703 1771 804 1824 οὐκ
834 1769 949 1823 ἔστι
984 1770 1187 1841 βρῶσις
1220 1769 1253 1841 ἢ
1279 1771 1460 1840 πόσις)
1484 1770 1583 1841 ἤδη
1614 1770 1748 1840 ἔχει,

147 1865 249 1917 κᾶν
280 1864 509 1934 μακρὰν
534 1858 678 1917 εἶναι
704 1864 835 1935 δοκῇ
864 1881 879 1929 ;

219 1974 238 2007 ι
284 1956 624 2026 [legem-:th
672 1956 730 2009 δὲ
786 1956 939 2028 παρὰ
985 1955 1085 2026 τὴν
1136 1955 1417 2011 θάλασσαν
1462 1956 1561 2025 τῆς
1590 1954 1750 2009 Γαλι-

147 2047 329 2114 λαίας,
364 2045 478 2101 εἶδε
500 2047 722 2117 Σίμωνα
757 2048 852 2101 καὶ
890 2048 1146 2117 ’Δνδρέαν
1184 2048 1275 2101 τὸν
1299 2048 1531 2115 ἀδελφὸν
1559 2048 1750 2112 αὑτοῦ,

152 2141 450 2207 βάλλοντας
506 2139 929 2211 ἀμφίϐληστρον
983 2142 1064 2205 είς
1106 2142 1205 2210 τὴν
1263 2140 1542 2194 θάλασσαν
1590 2136 1755 2211 (ἦσαν

148 2232 255 2301 γὰρ
285 2228 504 2301 ἁλιεῖς),
546 2231 640 2283 καὶ
666 2225 819 2284 εἶπεν
850 2233 1032 2294 αὐτοῖς
1054 2234 1082 2284 6
1108 2230 1318 2301 Ἰησοῦς
1338 2246 1350 2258 ·
1382 2232 1548 2285 Δεῦτε
1580 2233 1756 2285 ὀπίσω

154 2342 281 2393 μου,
316 2324 415 2377 καὶ
474 2328 689 2391 ποιήσω
719 2324 865 2392 ὑμᾶς
913 2323 1171 2391 γενέσθαι
1199 2324 1374 2387 ἁλιεῖς
1420 2323 1750 2395 ἀνθρώπων.

152 2418 259 2471 Καὶ
292 2417 498 2480 εὐθέως
551 2416 786 2485 ἀφέντες
818 2416 885 2467 τά
926 2415 1118 2470 δίκτυα
1150 2416 1353 2482 αὐτῶν,
1378 2416 1757 2489 ἠκολούθησαν

149 2509 301 2579 αὐτῷ
324 2526 336 2537 ·
370 2510 464 2563 καὶ
491 2510 704 2578 προϐάς
726 2510 934 2564 ἐκεῖθεν
961 2510 1167 2579 ὀλίγον,
1201 2506 1344 2563 εἶδεν
1370 2510 1634 2565 Ἰάκωϐον
1662 2511 1757 2564 τὸν

151 2602 242 2656 τοῦ
305 2604 625 2668 Ζεϐεδαίου,
673 2605 770 2658 καὶ
837 2605 1094 2674 Ἰωάννην
1145 2605 1240 2659 τὸν
1289 2604 1519 2674 ἀδελφὸν
1563 2606 1753 2671 αὑτοῦ,

152 2697 244 2747 καὶ
280 2696 483 2758 αὐτοὺς
523 2699 583 2749 ἐν
610 2697 687 2767 τῷ
726 2697 897 2768 πλοίῳ
944 2696 1375 2768 καταρτίζοντας
1412 2699 1480 2751 τὰ
1535 2698 1753 2762 δίκτυα,

152 2787 247 2838 καὶ
282 2785 489 2848 εὐθέως
523 2786 787 2839 ἐκάλεσεν
808 2786 1028 2850 αὐτούς.
1076 2785 1189 2839 Καὶ
1232 2786 1465 2853 ἀφέντες
1522 2784 1615 2837 τὸν
1652 2802 1758 2838 πα-

152 2878 291 2943 τέρα
316 2877 499 2930 αὐτῶν
540 2878 823 2932 Ζεϐεδαῖον
858 2880 915 2931 ἐν
954 2877 1034 2948 τῷ
1099 2876 1274 2947 πλοίῳ
1332 2876 1471 2946 μετὰ
1520 2876 1631 2930 τῶν
1668 2895 1759 2947 μι-

153 2968 403 3034 σθωτῶν,
437 2969 685 3040 ἀπῆλθον
735 2970 914 3023 ὀπίσω
970 2968 1160 3023 αὐτοῦ.
1206 2988 1224 3021 ι
1271 2968 1379 3021 Τοῦ
1436 2969 1757 3040 Προδρὸμου

151 3056 294 3129 ἦσαν
327 3061 574 3131 μαθηταὶ
611 3064 818 3133 Πέτρος
856 3063 951 3117 καὶ
994 3062 1275 3134 Ἀνδρέας.
1325 3062 1545 3126 Ἰδόντες
1568 3063 1626 3116 δὲ
1667 3064 1759 3117 τὸν

164 3153 378 3225 Ἰησοῦν
416 3156 523 3208 ὑπὸ
555 3154 649 3209 τοῦ
686 3156 937 3210 Ἰωάννου
978 3156 1422 3228 μαρτυρηθέντα,
1446 3156 1757 3227 προσῆλθον

152 3246 328 3315 αὐτῷ.
363 3242 500 3301 Εἶτα
541 3247 731 3317 ἐπειδὴ
776 3247 1036 3319 Ἰωάννης
1072 3248 1374 3319 παρεδόθη,
1419 3249 1759 3319 λυπηθέντες

150 3339 515 3410 ἀνεχώρησαν
548 3340 713 3393 πάλιν
744 3341 823 3403 είς
857 3340 958 3411 τὴν
1006 3340 1217 3393 οἰκείαν
1266 3340 1487 3411 τέχνην.
1530 3341 1698 3394 Ὅθεν
1730 3344 1759 3395 6

154 3434 391 3504 Χριστὸς
444 3436 509 3488 lx
551 3434 809 3504 δευτέρου
856 3434 1085 3500 τούτους
1117 3436 1297 3491 καλεῖ.
1352 3436 1588 3505 Δευτέρα
1650 3438 1765 3506 γάρ

153 3528 306 3579 ἐστιν
356 3526 499 3593 αῦτη
532 3528 566 3597 ἡ
613 3526 833 3596 κλῆσις.
876 3527 1023 3599 Ὅρα
1055 3528 1111 3581 δὲ
1155 3529 1362 3592 αὐτοὺς
1410 3530 1477 3583 ὲκ
1532 3529 1763 3583 δικαίων

153 3618 335 3670 πόνων
396 3618 795 3688 τρεφομένους,
836 3618 955 3673 ἀλλ’
996 3618 1097 3674 οὐκ
1150 3619 1213 3684 ἐξ
1238 3618 1443 3675 ἀδίκων
1474 3636 1487 3649 ·
1525 3621 1762 3675 τοιοῦτοι

152 3710 261 3780 γὰρ
303 3710 355 3762 οί
408 3709 552 3773 ἄξιοι
610 3709 861 3777 γίνεσθαι
909 3710 1119 3781 πρῶτοι
1181 3712 1424 3783 Χριστοῦ
1495 3712 1758 3783 μαθηταί.

165 3803 433 3871 Ἀφέντες
486 3799 581 3865 οῦν
626 3804 832 3867 εὐθέως
888 3804 957 3859 τά
1008 3806 1067 3857 ἐν
1126 3807 1340 3876 χερσὶν,
1385 3806 1762 3876 ἠκολούθησαν

152 3896 305 3967 αύτῷ
346 3913 359 3927 ο
401 3897 463 3948 ού
497 3898 605 3968 γὰρ
651 3896 732 3948 δεῖ
780 3897 1204 3960 ἀναϐάλλεσθαι,
1234 3898 1351 3951 ἀλλ’
1386 3898 1592 3963 εὐθέως
1629 3901 1764 3954 ἀκο-

152 3990 393 4043 λουθεῖν.
450 3988 607 4041 Μετὰ
635 3988 694 4042 δὲ
737 3987 985 4055 τούτους,
1034 3989 1127 4043 τὸν
1173 3990 1434 4045 Ἰάκωϐον
1468 3992 1763 4063 σαγηνεύει

156 4083 249 4133 aut
293 4081 384 4133 τὸν
426 4080 700 4149 Ἰωάννην,
742 4079 791 4133 οἶ
836 4081 931 4133 καὶ
970 4080 1127 4134 αὐτοὶ
1159 4082 1394 4153 πένητες
1421 4083 1593 4147 δντες,
1613 4084 1763 4154 ὅμως

152 4175 569 4245 ἐγηροτρόφονν
601 4175 694 4227 τὸν
746 4175 980 4244 πατέρα.
1034 4174 1284 4245 Ἀφῆκαν
1316 4176 1373 4228 δὲ
1398 4175 1491 4229 τὸν
1522 4181 1760 4246 πατέρα,

151 4271 248 4337 οὐχ
303 4268 386 4320 ὅτι
431 4267 595 4319 καλόν
637 4269 786 4319 ἐστιν
810 4266 1033 4335 ἀφιέναι
1068 4267 1195 4330 τοὺς
1229 4270 1498 4338 πατέρας,
1532 4269 1648 4321 ἀλλ’
1680 4270 1762 4323 ὃτι

153 4360 383 4429 ἔμελλεν
448 4361 645 4421 αὐτοὺς
703 4361 996 4429 ἐμποδίσαι
1039 4360 1176 4429 πρὸς
1238 4360 1335 4431 τὴν
1375 4361 1761 4431 ἀκολούθησιν.

162 4450 353 4513 Οῦτως
386 4449 479 4502 οὖν
523 4451 617 4503 καὶ
650 4451 715 4503 οἱ)
743 4452 872 4504 ὅταν
904 4451 1178 4521 ἐμποδίζῃ
1212 4450 1366 4521 παρὰ
1388 4452 1499 4503 τῶν
1531 4454 1760 4519 γονέων,

1788 3206 1835 3268 C

1848 564 1966 618 Dei.
2007 564 2113 620 Sed
2146 582 2252 620 non
2286 578 2372 622 est
2412 567 2506 621 ita.
2534 566 2775 621 Joannes
2803 566 2949 621 enim
2996 566 3252 621 dicebat:
3292 563 3453 619 [tesi-

1849 655 2068 723 piscite,
2114 662 2172 709 ut
2208 656 2614 710 abscederenta
2646 656 2887 725 peccatis
2924 675 2937 710 :
2967 655 3222 711 Christus
3245 667 3449 721 autem,

1850 747 2183 817 llcsipiscitc
2216 749 2369 813 dicit,
2403 762 2459 803 ut
2492 766 2520 803 a
2559 750 2718 817 legali
2764 750 2943 803 littera
3016 748 3286 819 fugerent.
3325 748 3454 805 ldeo

1850 841 2153 910 apposuit,
2205 842 2429 897 Credite
2485 842 2797 913 Evangelio.
2860 832 3100 896 Credens
3150 840 3293 895 enim
3360 856 3457 911 per

1853 932 2208 1003 Evangelium
2240 935 2352 1005 jam
2383 935 2619 990 abolevit
2671 934 2865 1005 legem.
2898 932 3040 987 Dicit
3070 934 3217 987 enim
3269 933 3456 987 Domi-

1853 1042 1956 1083 nus
2013 1029 2299 1097 impletum
2353 1044 2475 1083 esse
2521 1038 2735 1097 tempus
2780 1027 2936 1097 legis.
2971 1026 3265 1081 Enimvero
3306 1025 3359 1079 in
3405 1026 3457 1079 id

1854 1135 2027 1191 usque
2060 1121 2319 1191 temporis
2349 1122 2429 1175 lex
2455 1124 2811 1192 operabatur,
2849 1120 3026 1191 inquit
3057 1137 3073 1174 :
3102 1120 3171 1174 ab
3208 1121 3311 1175 hoc
3360 1135 3459 1175 au-

1854 1223 1963 1268 tem
2010 1225 2255 1279 tempore
2312 1230 2544 1285 regnum
2590 1214 2708 1281 Dei,
2753 1215 2899 1284 quod
2931 1222 3014 1267 est
3060 1213 3165 1267 vita
3225 1227 3461 1283 evange-

1854 1309 1983 1376 lica,
2016 1310 2203 1375 adest,
2235 1324 2359 1378 quae.
2410 1307 2638 1379 quidem
2684 1308 2796 1364 vita
2834 1322 3002 1377 regno
3038 1306 3309 1361 caelorum
3343 1320 3461 1360 mc-

1856 1401 1960 1455 rito
2021 1398 2325 1455 confertur.
2374 1401 2512 1454 Nam
2577 1401 2621 1453 si
2674 1403 2985 1470 quempiam
3053 1398 3257 1452 videris
3303 1398 3459 1466 quasi

1855 1494 2063 1565 absque
2095 1508 2263 1549 carne
2292 1494 2479 1548 vivere
2511 1492 2674 1546 vitam
2706 1490 3103 1557 evangelicam,
3146 1506 3330 1545 attnon
3379 1490 3465 1544 di-

1857 1603 2010 1643 ceres
2043 1587 2186 1655 quod
2227 1602 2456 1653 regnum
2501 1584 2767 1640 caelorum
2806 1582 2919 1652 jam
2970 1582 3189 1647 haheat,
3222 1595 3289 1637 eo
3318 1582 3463 1652 quod

1860 1696 1964 1734 non
2036 1681 2109 1735 sit
2167 1680 2219 1733 in
2258 1679 2350 1732 illo
2410 1678 2565 1733 ClllllS
2612 1685 2667 1731 et
2718 1687 2915 1744 potus,
2977 1674 3143 1729 etiam
3201 1674 3246 1731 si
3307 1673 3468 1744 longe

1858 1773 2050 1829 abesse
2084 1770 2367 1827 videatur?

1934 1926 2099 1983 Vsus.
2132 1928 2320 1984 16-20.
2360 1948 2382 1979 ι
2412 1928 2547 1983 Cum
2581 1926 2891 1981 ambularet
2928 1934 3108 1978 autem
3134 1924 3287 1995 juxta
3313 1937 3470 1979 mare

1859 2022 2115 2087 Galilaea',
2137 2022 2277 2075 vidit
2310 2019 2590 2074 Simonem
2620 2028 2676 2072 et
2695 2017 2972 2077 Andream
3007 2016 3232 2071 fratrem
3249 2016 3465 2085 ejnsja-

1861 2115 2077 2169 cientes,
2106 2114 2240 2167 retia
2260 2115 2312 2167 in
2335 2128 2509 2175 mare,
2535 2123 2693 2171 erant
2724 2112 2868 2167 enim
2897 2111 3223 2181 piscatores.
3253 2120 3308 2164 et
3330 2110 3471 2165 dixit

1861 2208 1943 2263 eis
1961 2206 2119 2263 Jesus
2150 2205 2485 2276 :chuimini
2520 2203 2911 2269 me,etfaciam
2948 2212 3007 2257 ut
3029 2203 3337 2258 elIiciamini
3385 2204 3471 2274 pi-

1861 2312 2107 2357 scatorcs
2151 2300 2460 2356 hominum.
2492 2300 2560 2353 At
2610 2298 2977 2370 illi,protinus
3011 2296 3218 2353 relictis
3260 2297 3472 2354 retibus

1863 2394 1996 2459 suis,
2036 2394 2206 2447 secuti
2232 2403 2357 2448 sunt
2390 2408 2537 2449 eum.
2572 2392 2637 2446 Et
2664 2407 2984 2463 progressus
3008 2392 3156 2447 illinc
3188 2392 3468 2462 pusillum,

1862 2486 1999 2539 vidit
2026 2485 2287 2540 Jacobum
2314 2484 2484 2539 filium
2526 2484 2809 2549 Zebedrei,
2838 2495 2894 2539 et
2933 2483 3197 2539 Joannem
3236 2483 3461 2539 fratrem

1861 2578 2003 2648 ejus,
2028 2577 2117 2648 qui
2142 2577 2315 2649 etipsi
2343 2578 2395 2632 in
2425 2579 2546 2633 navi
2574 2577 3035 2633 reconcinnahant
3066 2578 3224 2642 retia,
3258 2579 3477 2631 statim.

1864 2689 1970 2743 que
1997 2673 2213 2729 vocavit
2238 2672 2394 2728 illos:
2431 2682 2486 2727 et
2519 2672 2597 2727 illi
2662 2673 2854 2728 relicto
2880 2683 3034 2743 patre
3064 2687 3164 2727 suo
3205 2672 3471 2727 Zebedmo

1868 2766 1919 2819 in
1958 2766 2080 2820 navi
2118 2780 2244 2819 cum
2269 2764 2653 2829 mercenariis,
2689 2765 2863 2820 secuti
2898 2772 3028 2818 sunt
3058 2779 3206 2819 eum.
3259 2781 3277 2815 ι
3320 2762 3472 2817 Prae-

1864 2861 2107 2917 cursoris
2155 2859 2407 2929 discipuli
2460 2870 2619 2915 erant
2658 2857 2856 2915 Petrus
2902 2870 2959 2913 et
3003 2859 3272 2913 Andreas.
3331 2856 3471 2913 Cum

1866 2967 2051 3015 autem
2079 2955 2345 3011 vidissent
2377 2952 2565 3009 Jesum
2596 2968 2626 3007 a
2660 2952 2869 3009 Joanne
2900 2952 3270 3007 testimonium
3309 2965 3471 3007 acce-

1868 3048 2034 3118 pisse,
2095 3045 2352 3118 adierunt
2396 3060 2543 3101 eum.
2622 3043 2831 3099 Deinde
2877 3052 3166 3112 postquam
3231 3040 3472 3097 Joannes

1867 3139 2302 3209 comprehensus
2351 3138 2474 3203 fuit,
2519 3136 2703 3193 mansti
2754 3135 2881 3190 facti
2926 3135 3123 3190 iterum
3179 3134 3249 3190 ad
3297 3142 3473 3189 artem

1868 3246 2021 3285 suam
2048 3230 2327 3285 redierunt
2364 3245 2377 3283 :
2416 3228 2563 3283 unde
2583 3228 2705 3284 illos
2738 3227 2989 3283 Christus
3014 3227 3254 3283 secundo
3292 3235 3472 3282 vocat.

1870 3321 2124 3377 Secunda
2176 3319 2323 3376 enim
2360 3321 2578 3375 vocatio
2626 3320 2729 3373 ista
2764 3329 2870 3374 est.
2905 3318 3043 3374 Vide
3100 3328 3284 3373 autem
3339 3333 3475 3389 quo-

1871 3415 2033 3470 modo
2057 3414 2135 3469 illi
2162 3415 2333 3484 justis
2362 3413 2643 3469 laboribus
2674 3427 2797 3469 sese
2833 3413 3140 3477 enutriant,
3173 3421 3229 3468 et
3263 3428 3372 3469 non
3406 3428 3474 3469 ex

1869 3507 2108 3576 iniustis.
2143 3507 2307 3564 Tales
2335 3509 2480 3563 enim
2522 3509 2671 3579 digni
2709 3516 2868 3563 erant
2908 3508 2999 3579 qui
3058 3508 3219 3576 primi
3278 3508 3475 3564 flerent

1868 3604 2118 3672 discipuli
2155 3604 2384 3660 Christi.
2421 3604 2649 3659 Relictis
2694 3604 2862 3675 igitur
2895 3603 3081 3659 statim
3122 3602 3207 3657 his
3262 3618 3386 3674 qua:
3422 3604 3474 3657 in

1869 3699 2123 3753 manibus
2180 3710 2361 3763 erant,
2394 3698 2566 3752 secuti
2617 3708 2746 3752 sunt
2778 3712 2923 3753 eum.
2949 3695 3069 3751 Non
3124 3699 3269 3753 enim
3310 3714 3478 3755 morae

1871 3794 2151 3848 nectenda:
2208 3804 2357 3853 sunt,
2414 3792 2509 3846 sed
2580 3792 2762 3845 statim
2820 3793 3155 3861 sequendum
3212 3802 3316 3851 est.
3350 3791 3481 3849 Post

1870 3883 1991 3939 illos
2016 3884 2261 3954 piscatur
2287 3881 2551 3939 Jacobum
2586 3893 2641 3937 et
2681 3885 2973 3949 Joannem,
3002 3885 3095 3955 qui
3132 3896 3187 3939 et
3216 3884 3314 3955 ipsi
3346 3902 3480 3956 pau-

1870 3992 2030 4046 peres
2067 3986 2248 4039 erant,
2302 3987 2358 4032 et
2393 3988 2607 4046 patrem
2667 3976 2825 4031 senio
2862 3975 3173 4032 confectum
3233 3978 3475 4034 alebant.

1868 4069 2041 4123 Porro
2084 4067 2429 4138 reliquerunt
2463 4076 2698 4138 patrem,
2738 4084 2847 4123 non
2881 4070 3026 4138 quod
3059 4071 3259 4124 bonum
3292 4072 3363 4125 sit
3388 4087 3476 4125 re-

1872 4160 2122 4230 linquere
2161 4170 2439 4230 parentes,
2486 4164 2581 4215 sed
2623 4162 2749 4231 quia
2805 4162 3197 4232 impedimento
3260 4162 3479 4218 futurus

1873 4260 1997 4307 erat
2027 4253 2303 4307 secuturis
2332 4251 2641 4307 Christum.
2668 4250 2761 4307 Sic
2800 4263 2854 4307 et
2885 4264 2943 4307 tu
2970 4253 3217 4323 relinque
3266 4270 3477 4324 paren-

1872 4359 1950 4402 tes
1991 4348 2037 4402 si
2092 4349 2158 4400 ad
2212 4349 2473 4417 pietatem
2531 4346 2623 4400 tibi
2692 4345 3024 4410 obstiterint,
3082 4358 3137 4402 et
3220 4347 3275 4402 id
3325 4349 3470 4418 quod

1872 4440 2069 4493 bonum
2128 4438 2461 4507 amplexare.
2497 4438 2738 4507 Apparet
2781 4438 2945 4508 178
2999 4438 3321 4493 Zebedzeum
3363 4456 3475 4494 non

158 4544 295 4611 ἄφες
328 4544 533 4605 αὐτοὺς
592 4544 687 4595 καὶ
744 4542 1066 4613 πρόσδραμε
1116 4544 1195 4613 τῷ
1261 4542 1473 4613 ἀγαθῷ.
1506 4544 1755 4597 Φαίνεται

1872 4534 2197 4597 credidisse,
2227 4541 2405 4585 mater
2448 4540 2627 4585 autem
2690 4530 3066 4600 apostolorum
3119 4531 3371 4599 credidit,
3420 4542 3475 4587 et

156 4641 262 4707 γὰρ
294 4641 322 4690 ὁ
366 4635 655 4699 Ζεϐεδαῖος
686 4637 759 4706 μὴ
790 4638 1085 4690 πιστεῦσαι
1119 4654 1134 4669 ο
1168 4638 1409 4706 ἡμέντοι
1434 4639 1620 4708 μήτηρ
1650 4641 1755 4690 τῶν

1866 4636 2048 4685 secuta
2078 4635 2163 4681 est
2218 4623 2488 4689 fortassis,
2549 4635 2763 4678 mortuo
2819 4623 3102 4679 Zebedaeo.
3138 4624 3294 4680 Scias
3341 4625 3471 4681 item

158 4731 501 4789 ἀποστόλων,
537 4729 853 4794 πιστεῦσαι,
883 4728 1287 4808 καὶῂκολούθει
1326 4730 1437 4799 γάρ
1474 4730 1630 4794 ἴσως,
1662 4730 1759 4782 τοῦ

158 4824 450 4877 Ζεϐεδαίου
477 4821 865 4885 ἀποθανόντος.
892 4822 1032 4874 ’ῐσθι
1071 4821 1126 4874 δὲ
1158 4822 1250 4874 καὶ¹
1280 4821 1461 4887 τοῦτο,
1496 4822 1576 4874 ὅτι
1606 4824 1760 4892 πρῶ-

158 4934 248 4970 τον
268 4917 517 4968 καλεῖται
540 4915 575 4983 ἡ
597 4911 815 4982 πρᾶξις,
847 4909 1011 4983 εἷταὴ
1033 4913 1257 4985 θεωρία.
1287 4912 1353 4969 Ol
1389 4915 1487 4983 μὲν
1516 4908 1609 4966 οὖν
1631 4915 1762 4985 περὶ

158 5009 246 5059 τίλν
297 5008 528 5076 Πέτρον,
562 5005 662 5075 τῆς
714 5005 1031 5075 πρακτικῆς
1065 5008 1173 5057 είσι
1225 5004 1517 5074 σύμϐολον·
1562 5005 1761 5075 θερμό-

159 5115 315 5161 τατος
349 5099 462 5166 γὰρ
504 5092 681 5158 οὗτος,
715 5096 811 5149 καὶ
847 5095 1145 5167 προπηδῶν
1188 5095 1299 5148 τῶν
1348 5094 1547 5159 ἄλλων,
1570 5091 1659 5148 οἷα
1696 5096 1761 5165 δὴ

1871 4724 2108 4794 primum
2172 4720 2356 4775 vocari
2410 4720 2727 4789 practicen,
2788 4719 2911 4774 dein
2968 4721 3470 4789 contemplativant.

1872 4822 2067 4877 Petrus
2125 4819 2271 4873 enim
2323 4818 2597 4885 practices
2650 4814 2959 4886 symbolum
3006 4826 3128 4867 cSL:
3170 4812 3475 4867 ferventior

1872 4914 2016 4966 enim
2052 4921 2173 4965 erat
2230 4911 2462 4979 aliisque
2521 4908 2889 4979 prarstantior,
2945 4905 3086 4959 sicut
3131 4915 3187 4957 et
3236 4904 3478 4974 practice

1868 5018 1971 5061 est.
2008 5006 2248 5061 Joannes
2277 5018 2408 5057 vero
2465 5001 2951 5071 cuntcmplativam
2992 4999 3269 5067 significat
3300 5015 3315 5054 '.
3357 4996 3479 5068 plus

1873 5099 2018 5152 enim
2052 5098 2118 5152 de
2157 5098 2318 5153 rebus
2351 5096 2553 5151 divinis
2585 5094 2814 5152 disserit
2840 5092 3098 5148 Joannes.

165 5192 311 5260 κακή
351 5190 640 5262 πρακτική
682 5190 855 5247 ἐστιν.
889 5190 953 5242 Οἱ
1023 5189 1079 5242 δὲ
1141 5189 1273 5258 περὶ
1300 5187 1393 5241 τὸν
1440 5187 1694 5259 Ἰωάννην
1730 5187 1829 5258 τὴν
1870 5190 2109 5261 θεωρίαν
2180 5191 2654 5261 ὑποσημαίνουσιν
2689 5206 2704 5224 ο
2770 5182 3236 5255 θεολογικώτατος
3291 5189 3399 5259 γὰρ
3454 5188 3482 5241 ὁ

174 5281 449 5345 Ἰωάννης.

243 5302 356 5336 ιανν
401 5302 449 5345 ς.
959 5334 968 5342 .

243 5402 259 5430 ι
299 5302 411 5433 K21
435 5378 855 5449 εἰσπορεύονται
886 5377 966 5439 είς
995 5374 1397 5445 Καπερναούμ.
1420 5377 1531 5429 Καὶ
1554 5376 1762 5439 εὐθέως

168 5470 275 5531 τοῖς
307 5468 584 5523 Σάϐϐασιν
612 5465 876 5519 εἰσελθὼν
908 5466 987 5529 εἰς
1019 5465 1119 5534 τὴν
1174 5465 1535 5534 Συναγωγὶςν,
1580 5467 1759 5519 ἐδίδα-

1949 5376 2109 5432 Vsns.
2160 5378 2251 5442 2l,
2288 5377 2380 5433 22.
2446 5397 2463 5429 ι
2510 5376 2573 5430 Et
2642 5372 3029 5447 ingrediuntur
3086 5372 3429 5441 Capcrnaum
3463 5409 3477 5431 .

1872 5483 1926 5523 et
1962 5471 2143 5523 statim
2170 5468 2425 5525 Subhatis
2455 5470 2737 5541 ingressus
2768 5471 2823 5523 in
2863 5466 3203 5535 Synagognm
3231 5464 3481 5523 docebat.

1134 5606 1225 5665 Ex
1262 5604 1614 5667 collatione
1652 5606 1842 5669 codd.
1886 5608 2116 5670 Venet.
2160 5610 2221 5671 S.
2265 5610 2487 5673 Marci.

243 5739 349 5814 {55)
388 5736 524 5791 (Jul.
592 5737 662 5789 “26
700 5734 790 5786 καὶ
829 5734 954 5814 πον.
986 5734 1183 5814 καιρὸν.
1227 5736 1317 5789 τὸν
1379 5737 1745 5808 ἀφορισθέντα

1868 5740 1937 5810 pi
2004 5741 2139 5795 Θεοῦ
2173 5744 2237 5812 τῇ
2273 5742 2516 5811 πολιτείᾳ
2540 5741 2635 5795 τοῦ
2671 5741 2869 5814 νόμον,
2928 5752 2983 5791 κ.
3018 5752 3066 5788 τ.
3088 5734 3135 5787 λ.
3183 5752 3200 5785 ι
3245 5731 3491 5803 Tempus

175 5822 201 5861 ε
248 5804 348 5865 Dcu
376 5817 640 5865 statutum
680 5822 775 5874 pro
814 5804 1053 5860 dominio
1087 5805 1237 5877 legis.
1265 5827 1282 5858 ε
