4010 6440
551 401 650 463 507
1428 393 2008 456 THEOPHYLACTI
2046 391 2458 452 BULGARi/E
2496 390 2854 450 ARCHIEP.
3680 389 3805 452 508

549 521 693 564 eunt.
718 510 848 564 Nam
868 524 987 561 cum
1009 507 1294 578 quosdam,
1320 507 1440 561 dum
1462 507 1812 569 nn-utiuntur,
1837 506 2119 559 inveniunt
2151 552 2155 562 ,

2264 504 2370 570 μᾶς
2408 503 2481 572 μὴ
2515 502 2794 554 πιστεύειν
2828 502 3032 564 αὐτοῖς,
3069 501 3172 554 κᾶν
3209 500 3383 569 ἀληθῆ
3434 499 3685 567 λέγωσιν.
3728 502 3804 557 El

549 607 770 654 cmnlno
799 600 1081 652 credentes
1112 598 1236 661 sibi,
1278 597 1404 666 quid
1449 614 1554 650 non
1581 595 1751 658 ﬁeret,
1777 597 1819 651 si
1855 609 2110 648 exsecra-

2264 593 2329 663 ὰρ
2359 593 2564 659 εὖρωσί
2593 607 2742 654 τινας
2776 592 2913 655 δλως
2963 591 3320 654 πιστεύοντας
3357 591 3559 656 αὐτοῖς,
3604 590 3658 642 τί
3690 592 3804 644 οὐκ

555 693 684 746 biles
719 701 768 744 et
823 693 967 742 veris
1022 687 1152 742 falsa
1219 689 1643 756 permiscerent?
1685 689 1758 741 Ita
1808 697 1862 740 et
1913 686 2110 740 Paulus

2264 706 2281 734 ν
2311 685 2613 754 ποιήσαιεν,
2644 687 2756 745 τοῖς
2782 684 3044 753 ἀληθεῧσι
3080 683 3524 753 παραμιγνύντες
3565 684 3615 738 oi
3643 700 3792 737 κατ-

555 783 832 851 prohibuit
862 780 1108 849 spiritum
1163 780 1511 850 pythonicum
1548 779 1810 832 dicentem
1869 778 2113 831 homines

2264 790 2407 842 ρατοι
2445 775 2512 825 τὰ
2567 772 2770 841 ψευδῆς
2813 771 2971 825 Οὕτω
3018 773 3112 825 καὶ
3141 774 3168 825 6
3196 772 3402 834 Παῦλος
3453 771 3695 825 ἐκώλυσε
3731 771 3805 824 τὸ

555 875 672 927 illos
711 889 899 928 servos
943 888 1064 928 esse
1103 873 1196 925 Dei
1229 871 1503 925 altissimi.
1561 870 1673 923 Non
1708 871 1851 925 enim
1905 871 2113 923 volebat

2264 864 2436 932 νεῦμα
2467 865 2558 916 τοῦ
2591 864 2860 927 Πύθωνος,
2900 863 3147 931 λέγοντος
3176 877 3190 892 '
3224 855 3386 916 Οὗτοι
3427 863 3475 914 οί
3509 861 3802 930 ἄνθρωποι

550 977 766 1020 sanctus
802 966 869 1019 ab
900 966 1176 1019 immundo
1205 979 1300 1018 ore
1349 963 1737 1027 commendari,
1784 971 1839 1016 et
1869 961 2110 1016 testimo-

2264 954 2399 1008 >ὖλοι
2436 956 2529 1007 τοῦ
2560 953 2695 1006 Θεοῦ
2735 956 2829 1006 τοῦ
2862 954 3086 1023 ὑψίστου
3117 953 3288 1005 εἰσίνο
3324 953 3384 1004 οὑ
3415 954 3525 1023 γὰρ
3554 954 3745 1022 ἧθελεν
3771 955 3810 1004 ὁ

552 1057 694 1110 nium
723 1057 989 1125 accipere.

2264 1066 2376 1117 γιος
2413 1049 2521 1100 ἀπὸ
2549 1047 2863 1116 ἀκαθάρτου
2896 1045 3162 1114 στόματος
3212 1042 3325 1114 (48)
3362 1042 3685 1096 συνίσταθαι
3708 1045 3811 1095 καὶ

2224 1139 2643 1209 μαρτυρεῖσθαι.

2298 1248 2318 1281 ι
2365 1230 2475 1284 Καὶ
2523 1229 2665 1299 πρωϊ
2707 1227 2928 1298 ἔννυχον
2977 1227 3099 1279 λίαν
3144 1225 3406 1288 ἀναστὰς,
3443 1224 3658 1294 ἐξῆλθε,
3708 1225 3818 1277 καὶ

2223 1324 2466 1392 ἀπῆλθεν
2493 1323 2520 1375 6
2562 1322 2765 1392 Ἰησοῦς
2818 1323 2897 1383 είς
2932 1320 3137 1392 ἔρημον
3181 1319 3365 1385 τόπον,
3413 1319 3577 1371 κάκεῖ
3634 1332 3815 1385 προσ-

2225 1414 2444 1485 ηύχετο,
2496 1413 2587 1464 καὶ
2626 1412 2959 1477 κατεδίωξαν
3004 1411 3166 1464 αὐτὸν
3192 1410 3220 1462 6
3251 1409 3453 1477 Σίμων,
3492 1407 3586 1460 καὶ
3608 1408 3656 1459 oi
3683 1407 3814 1477 μετ’

2228 1504 2416 1558 αὑτοῦ.
2477 1504 2586 1556 Καὶ
2633 1504 2884 1573 εὑρόντες
2941 1502 3137 1566 αὐτὸν,
3185 1502 3434 1569 λέγουσιν
3486 1499 3658 1571 αὐτῷ,
3718 1499 3810 1552 δτι

2229 1597 2433 1658 Πάντες
2457 1612 2513 1647 σε
2541 1594 2761 1663 ζητοῦσι
2785 1611 2800 1625 ·
2835 1594 2927 1646 καὶ
2964 1594 3112 1661 λέγει
3136 1593 3317 1654 αὐτοῖς
3344 1608 3357 1621 ·
3416 1592 3678 1657 ’Ἄγωμεν
3728 1591 3821 1650 εἰς

557 1686 754 1740 Eamus
784 1689 838 1740 in
896 1686 1167 1754 proximos
1210 1687 1376 1754 vicos,
1419 1697 1477 1742 ut
1512 1695 1567 1742 et
1617 1687 1688 1742 ibi
1731 1689 2040 1757 prtedicem,
2068 1691 2120 1744 in

2264 1691 2325 1752 ἃς
2362 1689 2628 1758 ἐχομένας
2668 1687 3035 1756 κωμοπόλεις,
3076 1686 3163 1738 ἵνα
3193 1687 3287 1736 καὶ
3311 1685 3429 1736 ἐκεῖ
3450 1683 3698 1752 κηρύξω⁹
3731 1683 3813 1743 ea;

560 1780 660 1832 hoc
683 1780 823 1830 enim
851 1794 1098 1848 egressus
1132 1795 1272 1834 sum.
1300 1779 1708 1849 Etprmdicabat
1738 1780 1791 1833 in
1824 1779 2121 1852 Synagogis

2264 1783 2389 1836 οὖτο
2418 1781 2527 1851 γὰρ
2553 1779 2805 1848 ἐλήλυθα.
2844 1779 2954 1831 Καὶ
2982 1773 3052 1847 ἦν
3079 1778 3370 1846 κηρύσσων
3413 1776 3472 1828 ὲν
3514 1777 3633 1837 ταῖς
3678 1791 3816 1826 συν-

557 1884 741 1921 eornm
801 1869 853 1921 in
914 1877 1023 1922 tota
1063 1867 1309 1932 Gnlilaea,
1370 1879 1425 1923 et
1476 1870 1738 1924 dremonia
1771 1872 2042 1940 ejiciebat.
2095 1891 2115 1926 ι

2264 1876 2470 1942 γωγαῖς
2501 1870 2678 1931 αὐτῶν
2699 1872 2778 1933 εἰς
2804 1870 2932 1939 ὃλην
2952 1869 3050 1939 τὴν
3071 1867 3378 1931 Γαλιλαίαν,
3398 1867 3490 1919 καὶ
3517 1866 3586 1918 τὰ
3611 1863 3818 1934 δαιμό-

560 1956 846 2024 Postquam
884 1959 1094 2010 sanavit
1123 1973 1317 2028 egros,
1353 1960 1578 2013 secessit
1616 1977 1631 2012 :
1675 1959 1876 2014 docens
1931 1976 2027 2016 nos
2058 1977 2125 2016 ne

2265 1984 2320 2021 ια
2358 1964 2658 2019 ὲκόάλλων.
2705 1982 2723 2015 ι
2767 1963 2915 2016 Μεθὸ
2943 1960 3281 2031 ἐθεράπευσε
3319 1958 3447 2021 τοὺς
3494 1956 3821 2016 νοσοῦντας,

560 2047 687 2113 quid
723 2048 787 2101 ad
823 2049 1244 2102 ostentationem
1281 2051 1567 2116 faciamus,
1618 2062 1676 2105 et
1723 2052 1768 2105 si
1836 2054 1965 2122 quid
1997 2054 2122 2108 boni

2266 2056 2502 2126 ναχωρεῖ
2535 2053 2641 2125 ἰδίᾳ
2668 2053 2804 2123 (49),
2851 2051 3121 2105 διδάσκων
3150 2051 3297 2119 ἡμᾶς
3332 2049 3408 2118 μὴ
3444 2048 3580 2118 πρὸς
3609 2047 3826 2100 ἐπίδει-

563 2136 868 2202 fecerimus,
904 2141 1220 2195 studeamus
1250 2141 1381 2195 illud
1411 2145 1703 2198 occultare.
1744 2143 2004 2199 Precatur
2031 2162 2129 2199 au-

2264 2146 2324 2212 ξίν
2352 2163 2405 2198 τι
2436 2133 2638 2197 ποιεῖν·
2673 2143 2808 2196 ἀλλὰ
2873 2140 2976 2195 κᾶν
3015 2141 3332 2212 ποιήσωμέν
3367 2157 3416 2191 τι
3446 2137 3669 2206 ἀγαθὸν,
3690 2138 3829 2190 λαν-

562 2234 667 2279 tem
700 2230 988 2282 ostendens
1022 2229 1132 2284 Deo
1155 2230 1488 2286 offerendum
1526 2235 1569 2287 si
1607 2235 1735 2303 quid
1785 2236 1910 2290 boni
1942 2237 2132 2291 feceri-

2264 2238 2411 2291 άνειν
2445 2235 2714 2289 σπεύδειν.
2753 2233 2864 2288 Καὶ
2894 2232 3254 2303 προσεύχεται
3280 2232 3358 2296 δὲ,
3395 2231 3656 2284 δεικνύων
3684 2231 3827 2300 ἡμῖν

566 2332 709 2382 mus,
739 2329 794 2372 et
823 2320 1108 2375 dicendum
1140 2323 1203 2376 ad
1224 2324 1395 2389 illum,
1424 2326 1570 2394 quod
1597 2325 1770 2380 Omne
1801 2329 2001 2382 donum
2032 2328 2131 2382 bo-

2264 2348 2312 2383 τι
2337 2329 2415 2398 τῷ
2443 2328 2564 2397 Θεῷ
2587 2329 2666 2381 δεῖ
2695 2326 3010 2380 ἀνατιθέναι
3041 2324 3134 2377 ἐάν
3162 2341 3213 2376 τι
3240 2323 3445 2392 ἀγαθὸν
3472 2324 3825 2391 ποιήσωμεν,

565 2425 691 2462 num
727 2426 957 2478 superne
995 2429 1022 2466 a
1056 2423 1108 2467 te
1146 2415 1445 2473 descendit.
1469 2416 1656 2488 Neque
1686 2420 1826 2474 enim
1863 2421 1977 2490 ipse
2009 2437 2131 2475 ora-

2264 2425 2326 2475 ιαὶ
2355 2422 2532 2489 λέγειν
2567 2421 2700 2489 πρδς
2732 2421 2960 2483 ἐκεῖνον,
2990 2419 3072 2470 ὅτι
3111 2417 3271 2469 Πᾶσα
3293 2417 3440 2478 δόσις
3474 2414 3654 2484 ἀγαθὴ
3686 2415 3831 2467 ἄνω-

566 2498 709 2553 tione
734 2500 1025 2570 indigebat.
1051 2503 1182 2557 Cum
1202 2516 1384 2560 autem
1417 2507 1590 2575 ipsum
1623 2520 1931 2577 qumrereut
1964 2511 2132 2566 turba:

2271 2517 2326 2567 ἐν
2372 2516 2520 2566 ἐστιν
2553 2514 2615 2564 ὲκ
2663 2510 2755 2564 σοῦ
2810 2509 3248 2563 καταϐαίνουσαο
3287 2508 3346 2560 ού
3397 2507 3506 2576 γὰρ
3538 2506 3602 2575 δὴ
3656 2506 3830 2568 αὐτὸς

564 2598 622 2644 et
658 2592 1049 2656 desiderarent,
1111 2596 1190 2650 eis
1243 2612 1302 2652 se
1339 2613 1444 2651 non
1504 2601 1693 2663 tradit,
1735 2603 1827 2656 sed
1874 2606 2136 2672 approbat

2269 2609 2444 2669 κεῖνος
2497 2605 2668 2657 ἐδεῖτο
2718 2603 3050 2673 προσευχῆς.
3088 2600 3319 2670 Ζητοῦσι
3376 2599 3432 2652 δὲ
3480 2599 3644 2652 αὐτὸν
3706 2599 3831 2660 τοῖς

564 2694 748 2734 eorum
810 2682 1160 2748 desiderium,
1220 2687 1476 2758 vaditque
1521 2692 1682 2745 etiam
1730 2694 1795 2746 ad
1861 2694 1993 2750 alios
2042 2698 2134 2764 qui

2264 2697 2416 2768 ιχλοις
2466 2698 2558 2750 καὶ
2609 2695 2892 2759 ποθοῦσιν,
2927 2695 3028 2746 οὐκ
3078 2693 3387 2745 ἐπιδίδωσιν
3437 2692 3652 2753 ἑαυτὸν,
3704 2690 3832 2743 ἀλλ’

566 2789 660 2826 sua
721 2774 1028 2844 indigebant
1069 2778 1334 2845 doctrinm,
1394 2791 1448 2836 et
1493 2784 1720 2839 medela.
1773 2785 1957 2855 Neque
1992 2790 2136 2843 enim

2264 2789 2562 2857 ιποδέχεται
2595 2788 2714 2857 μὲν,
2741 2785 2945 2855 βαδίζει
2967 2787 3023 2839 δὲ
3059 2787 3207 2854 ὅμως
3238 2785 3334 2838 καὶ
3355 2785 3448 2836 ἐπὶ
3477 2785 3604 2845 τοὺς
3631 2783 3834 2845 ἄλλους

570 2880 679 2920 uno
710 2867 826 2921 loco
848 2869 1341 2926 circnmscribenda
1374 2883 1493 2928 erat
1523 2877 1789 2938 doctrina.
1815 2879 1908 2932 sed
1933 2881 2137 2950 ubique

2264 2882 2366 2943 τοὺς
2390 2879 2680 2947 δεομένους
2710 2877 3011 2947 θεραπείας
3041 2878 3137 2930 καὶ
3180 2875 3551 2938 διδασκαλίας.
3603 2874 3679 2929 Οὐ
3718 2875 3835 2944 γὰρ

569 2955 896 3012 άίίῐιιιιᾱειιιίί
923 2960 1084 3030 180
1111 2973 1265 3016 erant
1294 2965 1427 3018 radii
1460 2969 1748 3021 sermonis.
1796 2967 1922 3023 Vide
1952 2982 2136 3025 autem

2264 2976 2321 3024 isi
2375 2973 2456 3024 ἑνὶ
2491 2972 2640 3041 τόπῳ
2703 2971 3066 3039 περιγράφειν
3115 2971 3213 3040 τὴν
3258 2969 3630 3029 διδασκαλίαν,
3688 2967 3836 3020 ἀλλὰ

571 3052 839 3117 quomodo
883 3053 1141 3107 doctrina:
1189 3056 1456 3111 actionem
1514 3061 1824 3130 coniungat.
1879 3062 2140 3118 Prmdicat

2264 3065 2521 3133 τανταχού
2549 3066 2812 3118 ἐκτείνειν
2852 3064 2950 3125 τὰς
2991 3063 3085 3114 τοῦ
3115 3061 3276 3129 λόγου
3315 3063 3563 3125 ἀκτῖνας.
3596 3063 3743 3131 Ὅρα
3773 3062 3837 3113 δὲ

569 3141 735 3206 enim,
774 3142 966 3197 deinde
1016 3155 1068 3197 et
1101 3145 1370 3200 daemonia
1403 3149 1585 3217 ejieit;
1619 3153 1696 3206 sic
1727 3163 1780 3207 et
1824 3167 1876 3206 ιιι
1918 3171 2133 3224 quoque

2264 3157 2366 3221 τῶς
2413 3157 2720 3224 συμπλέκει
2762 3159 2827 3225 τῇ
2866 3155 3186 3226 διδασκαλίᾳ
3213 3156 3313 3222 τὴν
3345 3155 3565 3224 πρᾶξιν.
3603 3152 3838 3222 Κηρύσ-

619 1232 784 1288 Vsns.
809 1234 996 1289 55-59.
1038 1253 1057 1285 ι
1096 1235 1155 1286 Ει
1196 1247 1352 1287 mane
1379 1234 1542 1286 multa
1590 1235 1764 1287 adhuc
1800 1242 1958 1287 nocte
1989 1250 2114 1288 sur-

553 1325 712 1388 rexit,
771 1334 823 1378 et
861 1339 1106 1394 egressus
1151 1334 1234 1376 est
1276 1334 1329 1377 et
1384 1325 1516 1378 abiit
1543 1323 1700 1379 Jesus
1746 1325 1796 1376 in
1842 1325 2112 1380 desertum

555 1417 757 1480 locum,
790 1416 970 1482 ibique
1028 1418 1218 1469 orabat
1319 1425 1370 1468 et
1405 1427 1719 1483 prosecutus
1743 1426 1828 1470 est
1868 1432 1990 1470 eum
2028 1417 2116 1471 Si-

557 1521 701 1567 mon,
745 1517 800 1560 et
831 1507 918 1576 qui
970 1522 1089 1560 cum
1137 1507 1227 1559 illo
1266 1517 1460 1560 erant:
1495 1515 1550 1560 et
1607 1522 1729 1561 cum
1790 1507 2118 1561 invenissent

554 1614 698 1659 eum,
727 1599 912 1652 dicunt
942 1599 990 1652 ei
1047 1595 1288 1652 :Omnes
1334 1607 1385 1652 te
1422 1607 1687 1665 quaerunt.
1732 1597 1797 1651 Et
1846 1600 1920 1650 ait
1964 1599 2069 1653 illis
2104 1615 2117 1651 :

572 3244 692 3284 cum
721 3233 986 3301 docueris,
1019 3238 1183 3290 etiam
1212 3253 1376 3307 Opera
1413 3242 1551 3294 bona
1617 3243 1720 3308 fac,
1766 3262 1834 3301 ne
1874 3261 2042 3302 vanus
2067 3251 2136 3303 sit

573 3337 752 3377 sermo
776 3335 917 3379 tuus.
950 3325 1060 3382 Nisi
1101 3331 1242 3384 enim
1266 3331 1512 3388 Christus
1548 3337 1709 3390 etiam
1754 3340 2011 3394 miracula
2044 3343 2140 3396 ad-

568 3411 806 3480 iecisset,
847 3433 1017 3474 vanus
1047 3419 1236 3477 fuisset
1271 3423 1484 3480 habitus
1511 3441 1690 3482 sermo
1716 3427 1854 3498 ejus.

653 3590 813 3647 Vens.
843 3595 1030 3651 40-42.
1076 3614 1096 3647 ι
1139 3597 1203 3650 Ει
1229 3600 1370 3653 venit
1396 3602 1460 3654 ad
1499 3616 1620 3655 eum
1659 3603 1902 3672 leprosns
1951 3605 2143 3675 depre-

580 3697 710 3739 cans
735 3699 880 3749 eum,
919 3687 1076 3756 eique
1114 3691 1180 3743 ad
1206 3705 1376 3759 genua
1411 3694 1680 3758 accidens,
1718 3711 1781 3750 ac
1803 3695 1991 3752 dicens
2015 3699 2087 3752 illi
2125 3719 2138 3752 :

582 3774 639 3831 Si
675 3778 777 3845 vis,
815 3791 967 3849 potes
1001 3796 1084 3836 me
1135 3784 1415 3841 mundare.
1455 3785 1609 3843 Jesns
1647 3801 1826 3844 autem
1874 3792 2146 3860 misertus,

581 3877 836 3935 protensa
896 3888 1055 3926 manu
1105 3875 1279 3945 tetigit
1318 3877 1491 3941 illmn,
1531 3889 1584 3933 et
1643 3881 1777 3935 dixit
1826 3883 1873 3936 ei
1913 3901 1927 3937 :
1987 3884 2143 3950 Volo,

585 3961 818 4015 mundus
846 3971 983 4019 esto.
1022 3963 1085 4018 Et
1123 3982 1244 4019 eum
1286 3967 1532 4031 dixisset,
1581 3971 1762 4024 statim
1804 3971 2050 4028 discessit
2080 3975 2147 4028 ab

582 4066 647 4105 eo
681 4053 852 4121 lepra,
909 4064 964 4110 et
996 4059 1282 4114 mundatus
1308 4070 1410 4115 est.
1457 4081 1476 4113 ι
1507 4060 1707 4116 Fidelis
1747 4074 1861 4118 erat
1906 4064 2151 4134 leprosns

585 4143 696 4208 ille,
726 4154 779 4199 et.
798 4146 937 4202 bene
972 4152 1260 4216 sentiebat,
1293 4154 1416 4221 quia
1459 4169 1563 4207 non
1597 4156 1752 4222 dixit,
1784 4157 1838 4211 Si
1873 4160 2150 4226 rogaveris

593 4235 777 4303 Deum,
816 4241 931 4304 sed,
964 4241 1016 4296 Si
1046 4247 1146 4308 vis,
1183 4247 1407 4298 credens
1438 4247 1489 4298 in
1517 4262 1637 4299 eum
1671 4257 1922 4317 tanquam
1961 4251 2148 4304 Deum.

592 4325 787 4398 Tangit
828 4339 1004 4386 autem
1049 4349 1170 4388 eum
1206 4336 1480 4404 Christus,
1513 4349 1571 4391 ut
1621 4339 1818 4394 doceat
1868 4341 2000 4395 nihil
2053 4343 2155 4395 im-

2246 3269 2352 3305 σων
2385 3252 2517 3321 γὰρ,
2559 3245 2676 3302 εἶτα
2704 3250 2800 3301 καὶ
2834 3248 2900 3300 τὰ
2931 3248 3180 3317 δαιμόνια
3223 3247 3468 3311 ἐξέϐαλε.
3520 3245 3709 3308 Οὕτως
3739 3240 3843 3298 οὖν

2248 3345 2342 3398 καὶ
2383 3342 2473 3407 σὺ,
2509 3342 2647 3410 μετὰ
2699 3340 2794 3392 τοῦ
2849 3341 3142 3402 διδάσκειν,
3195 3342 3288 3393 καὶ
3335 3341 3571 3409 πρᾶττε,
3606 3339 3692 3391 ἵνα
3756 3340 3840 3410 μὴ

2249 3434 2472 3502 μάταιος
2565 3448 2657 3483 σου
2693 3433 2720 3483 6
2747 3431 2924 3498 λόγος.
2956 3431 3019 3483 Ei
3054 3431 3126 3500 μὴ
3153 3430 3260 3501 γὰρ
3285 3432 3378 3484 καὶ
3431 3430 3687 3500 θαύματα
3733 3433 3844 3482 ἐπ-

2246 3523 2522 3577 εδείκνυτο
2543 3523 2571 3574 6
2601 3521 2854 3590 Χριστὸς,
2881 3519 2979 3573 οὐκ
2997 3520 3062 3574 ἂν
3086 3521 3280 3588 όλόγος
3299 3520 3465 3574 αὑτοῦ
3492 3519 3838 3574 ἐπιστεύετο.

2329 3633 2345 3663 ι
2406 3611 2517 3665 Καὶ
2569 3611 2790 3680 ἔρχεται
2826 3617 2964 3681 πρὸς
3016 3613 3178 3665 αὑτὸν
3235 3613 3457 3683 λεπρὸς,
3495 3612 3844 3680 παρακαλῶν

2256 3705 2438 3766 αὐτὸν,
2478 3704 2573 3755 καὶ
2609 3705 2921 3769 γονυπετῶν
2952 3704 3134 3764 αὐτὸν,
3175 3705 3268 3757 καὶ
3317 3704 3491 3770 λέγων
3532 3702 3704 3771 αὐτῷ,
3754 3705 3845 3756 δτι

2267 3795 2392 3848 Ἐὰν
2417 3792 2601 3863 θέλῃς,
2662 3790 2888 3846 δύνασαί
2934 3809 3000 3862 με
3052 3792 3389 3864 καθαρίσαι·
3420 3795 3448 3846 6
3503 3791 3560 3846 δὲ
3627 3793 3847 3863 Ἰησοῦς

2260 3883 2707 3954 σπλαγχνισθεὶς,
2732 3885 2977 3947 ἐκτείνας
3003 3884 3100 3953 τὴν
3122 3888 3302 3956 χεῖρα,
3328 3885 3505 3954 ἥψατο
3529 3883 3714 3948 αὑτοῦ,
3745 3885 3848 3938 καὶ

2256 3985 2405 4050 λέγει
2436 3979 2605 4046 αὐτῷ·
2633 3979 2810 4046 Θέλω,
2834 3981 3215 4051 καθαρίσθητι.
3245 3982 3353 4033 Καὶ
3381 3980 3624 4041 εἰπόντος
3649 3978 3843 4042 αὐτοῦ,

2258 4071 2462 4133 εὐθέως
2513 4067 2754 4136 ἀπῆλθεν
2799 4071 2893 4124 ἀπ’
2931 4071 3095 4124 αὐτοῦ
3129 4072 3161 4142 ἡ
3195 4070 3396 4140 λέπρα,
3435 4071 3529 4123 καὶ
3587 4069 3851 4136 ἐκαθαρί-

2261 4167 2379 4232 σθη.
2426 4184 2442 4215 ι
2466 4165 2775 4234 Εὑγνώμων
2803 4165 2829 4215 6
2851 4161 3050 4231 λεπρὸς
3075 4162 3169 4212 καὶ
3195 4160 3407 4222 πιστὸς,
3444 4160 3526 4212 διὸ
3556 4160 3657 4211 οὑκ
3689 4154 3841 4221 εἷπε,

2259 4259 2342 4310 ὅτι
2387 4256 2513 4308 Ἐὰν
2540 4255 2738 4324 αἰτήσῃ
2773 4253 2863 4305 τὸν
2884 4252 3035 4314 Θεὸν,
3073 4250 3208 4314 ἀλλ’,
3252 4249 3377 4302 Ἐὰν
3406 4250 3588 4320 θέλῃς,
3624 4249 3697 4311 ὡς
3720 4249 3848 4318 Θεῷ

2263 4345 2534 4397 πιστεύων
2567 4342 2738 4417 αὐτῷ.
2774 4342 3039 4394 Ἀπτεται
3073 4340 3128 4391 δὲ
3163 4339 3335 4391 αὐτοῦ
3361 4342 3387 4392 6
3422 4338 3657 4410 Χριστὸς
3704 4339 3843 4409 (50},

1534 4474 1622 4533 Ex
1662 4473 2003 4536 collatione
2035 4476 2221 4536 codd.
2259 4479 2487 4537 Venet.
2529 4477 2589 4537 S.
2624 4474 2834 4536 Marci.

669 4596 778 4663 (48)
811 4595 1126 4664 Πνεύματος
1156 4598 1275 4652 cod.
1310 4597 1367 4651 S.
1408 4597 1571 4650 Marci
1607 4599 1696 4652 5i.

671 4667 785 4739 (£91
821 4667 950 4739 (ind.
987 4666 1054 4739 Et?
1090 4684 1102 4718 :
1148 4668 1447 4739 ῘΑναχωρεῖ
1497 4668 1603 4739 ίδίᾳ
1635 4672 1726 4720 καὶ
1770 4670 2154 4739 προσεύχεται,

598 4739 698 4810 ούκ
729 4735 886 4810 αὐτὸς
925 4735 1111 4810 τούτου
1142 4738 1395 4810 δεόμενοςΔ
1428 4735 1610 4810 (αὐτὸς
1640 4741 1748 4810 γαρ
1777 4735 1825 4790 δ
1856 4740 1950 4801 τὰς
1981 4735 2158 4810 ⁷παρὰ

599 4807 708 4858 τῶν
760 4805 994 4876 λογικῶν
1052 4806 1338 4876 δεχόμενος
1385 4807 1590 4873 λιτὰς),
1642 4807 1761 4859 ἀλλ’
1804 4805 2160 4876 οἰκονομικῶς

601 4877 756 4930 τοῦτο
799 4874 965 4946 ποιῶν
1001 4879 1092 4946 καὶ
1130 4875 1394 4928 διδάσκων
1426 4879 1573 4943 ἡμᾶς
1617 4878 1690 4946 μὴ
1740 4879 1874 4944 πρὸς
1904 4874 2161 4943 ἐπίδειξίν

602 4965 654 4996 τι
684 4947 876 5006 ποιεῖν,
1075 4946 1176 4997 κᾶν
1215 4947 1526 5016 ποιήσωμέν
1560 4963 1611 4998 τι
1644 4945 1870 5014 ἀγαθὸν,
1901 4950 1991 4999 καὶ
2040 4949 2167 4999 λαν-

605 5016 785 5086 θάνειν
828 5014 1078 5086 σπεύδειν
1101 5031 1111 5041 ·
1160 5017 1254 5086 καὶ,
1281 5014 1560 5078 δεικνύων,
1591 5018 1669 5068 ὅτι
1693 5017 1769 5086 τῷ
1798 5018 1915 5086 Θεῷ
1939 5020 2017 5069 δεῖ
2037 5021 2166 5070 ἀνα-

618 5085 817 5134 τιθέναι
853 5085 1008 5134 τοῦτο
1036 5084 1094 5134 τὸ
1128 5085 1350 5149 ἀγαθὸν,
1384 5089 1476 5137 καὶ
1524 5087 1701 5150 λέγειν
1744 5084 1897 5153 πρὸς
1932 5091 2163 5148 ἐκεῖνον,

607 5154 686 5204 ὃτι
741 5153 894 5222 Πᾶσα
944 5153 1088 5211 δόσις
1121 5155 1296 5222 ἀγαθὴ
1338 5155 1540 5207 ἄνωθέν
1573 5159 1688 5208 ἐστι
1743 5157 2165 5211 καταϐαίνουσα.

611 5224 670 5272 Εἰ
698 5222 750 5273 δὲ
781 5224 806 5272 ὁ
842 5221 938 5288 μὲν
989 5222 1216 5288 Μάρκος
1258 5221 1403 5289 λέγει
1457 5227 1580 5285 τοὺς
1619 5227 1950 5288 ἀποστόλους
2007 5229 2169 5278 αὑτὸν

612 5292 955 5349 καταλαὸεῖν,
993 5293 1085 5342 καὶ
1123 5292 1319 5355 λέγειν,
1355 5296 1442 5346 ὅτι
1488 5295 1705 5358 Πάντες
1752 5312 1824 5348 σε
1867 5295 2167 5361 ζητοῦσιν,

611 5362 714 5433 66‘s
749 5363 1022 5433 Ματθαῖος
1059 5364 1184 5425 τοὺς
1210 5364 1422 5431 ὄχλους,
1454 5365 1552 5416 ούκ
1577 5367 1792 5417 ἐναντία
1822 5369 1985 5433 φασιν
2012 5366 2176 5431 ἀλλή-

613 5430 747 5501 λοις,
781 5431 1049 5494 ἐνδέχεται
1086 5436 1190 5501 γὰρ
1226 5430 1361 5500 μετὰ
1409 5437 1534 5496 τοὺς
1585 5430 1913 5496 ἀποστόλους
1966 5438 2058 5486 καὶ
2090 5430 2180 5486 τὶν

613 5499 773 5571 (fama
820 5500 962 5550 κατὰ
1017 5499 1178 5563 πίδας
1222 5499 1664 5570 ἀκολουθήσαντα
1730 5507 1952 5571 φθάσαι.
2017 5506 2072 5556 Ὀ
2128 5506 2183 5555 δὲ

619 5569 824 5642 Κύριος
862 5571 1042 5642 ἔχαιρε
1077 5575 1171 5638 μὲν
1201 5569 1563 5642 κατεχόμενος
1593 5575 1694 5624 ὑπὸ
1720 5569 1811 5625 τοῦ
1853 5575 2032 5641 ὃχλου,
2065 5575 2181 5626 ἀλλ’

619 5640 719 5711 ούκ
781 5640 1081 5691 ὲπμδίδωσιν
1135 5643 1312 5706 αὐτοῖς
1338 5640 1567 5703 ἑαυτὸν,
1621 5643 1822 5711 βαδίζει
1849 5640 1913 5695 δὲ
1943 5647 2032 5696 ἐπὶ
2061 5646 2185 5706 τοὺς

631 5709 852 5783 ἄλλους,
899 5711 983 5783 ἵνα
1041 5715 1272 5764 κάκεῖνοι
1346 5713 1442 5782 τῆς
1496 5709 1844 5772 διδασκαλίας
1913 5717 2185 5783 μετάσχω-

635 5795 736 5833 σιν.
783 5780 854 5829 Οὐ
889 5781 994 5849 γὰρ
1028 5783 1104 5833 δεῖ
1144 5784 1215 5834 ἑνὶ
1254 5784 1395 5851 τόπῳ
1427 5785 1786 5851 περιγρένςῑιν
1818 5785 1911 5852 τὴν
1941 5773 2184 5834 ala-1.5m-

2185 4601 2404 4663 Βλίαν,
2441 4619 2494 4652 κ.
2542 4617 2591 4651 τ.
2643 4599 2692 4651 λ.
2744 4617 2759 4647 ι
2806 4595 3022 4650 Seeedit
3081 4606 3134 4649 et
3185 4605 3302 4649 orat
3349 4613 3363 4650 :

3415 4609 3519 4648 non
3575 4597 3718 4662 quod
3755 4595 3849 4650 ille

2270 4673 2522 4722 oratione
2555 4685 2688 4735 opus
2713 4668 2953 4728 haberet,
3000 4681 3119 4718 cum
3152 4666 3265 4733 ipse
3287 4665 3631 4718 rationalium
3656 4681 3849 4733 preces

2262 4741 2562 4803 suscipiat;
2600 4738 2687 4790 sed
2736 4737 3055 4790 oeconomim
3094 4737 3265 4804 gratia
3303 4737 3400 4788 hoc
3437 4735 3585 4804 fecit,
3650 4746 3708 4787 ut
3747 4738 3848 4788 do-

2264 4818 2408 4861 ceret
2434 4824 2548 4869 nos,
2579 4823 2645 4860 ne
2668 4807 2960 4868 quidquam
2989 4807 3054 4856 ad
3088 4807 3508 4859 ostentationem
3538 4803 3844 4864 faciamus;

2267 4881 2380 4941 sed,
2424 4879 2467 4930 si
2506 4878 2630 4944 quid
2683 4876 2807 4928 boni
2847 4875 3166 4935 fecerimus,
3219 4876 3348 4928 illud
3389 4875 3669 4928 occultare
3733 4884 3849 4927 stu-

2266 4948 2490 5000 decimus
2540 4961 2655 5000 :ac
2709 4953 2765 4996 ut
2815 4947 3093 5009 ostendat,
3158 4944 3266 4997 Deo
3328 4944 3663 4997 offerendum
3726 4959 3850 4998 esse

2269 5018 2524 5084 quidquid
2572 5017 2694 5068 hnni
2752 5014 3024 5074 facimus,
3077 5015 3235 5080 eique
3285 5014 3622 5084 dicendum}
3673 5013 3849 5069 Omne

2271 5079 2466 5139 donnin
2505 5088 2703 5138 bonum
2754 5086 2983 5148 desuper
3034 5099 3061 5134 a
3095 5079 3154 5136 te
3202 5084 3510 5138 descendit.
3571 5079 3626 5134 Si
3666 5094 3846 5136 autem

2273 5155 2481 5209 Marcus
2516 5158 2609 5216 ait,
2659 5155 2933 5221 apostolos
2982 5168 3102 5204 eum
3157 5155 3452 5216 invenisse,
3506 5160 3559 5203 et
3621 5153 3844 5213 dixisse,

2277 5226 2466 5279 Omnes
2543 5237 2588 5277 te
2643 5232 2924 5292 qua'rtmt,
2986 5221 3265 5276 Matthtpus
3316 5234 3496 5276 autem
3559 5222 3659 5276 hoc
3721 5225 3848 5273 dicit

2281 5297 2648 5348 tantummodo
2692 5293 2758 5346 de
2797 5293 2987 5355 turbis,
3027 5308 3132 5344 non
3165 5293 3371 5346 idcirco
3397 5295 3666 5345 contraria
3703 5292 3844 5344 allir-

2281 5373 2426 5416 luant
2449 5383 2462 5417 :
2488 5366 2762 5416 tierienim
2799 5371 2995 5429 potest,
3033 5363 3572 5430 utapostolostnrhze
3604 5363 3849 5429 proxime

2281 5445 2478 5487 secuta:
2545 5435 2671 5486 sint.
2722 5433 2952 5486 Gavisus
2997 5440 3082 5484 est.
3125 5443 3304 5485 autem
3364 5431 3651 5494 Dominus,
3707 5431 3845 5500 quod

2284 5505 2529 5557 inventus
2567 5514 2709 5556 esset
2737 5518 2763 5554 a
2803 5504 3015 5567 turbis;
3047 5517 3168 5554 cum
3199 5503 3304 5554 illis
3339 5513 3516 5554 tamen
3556 5517 3658 5553 non
3695 5517 3847 5552 man-

2283 5577 2391 5626 sit:
2429 5577 2519 5626 sed
2553 5573 2791 5640 perrexit
2829 5572 2892 5622 ad
2946 5573 3099 5636 alios,
3139 5582 3195 5623 ut
3232 5581 3286 5625 et
3337 5572 3409 5624 illi
3446 5571 3706 5624 doctrinae
3740 5585 3848 5623 sure

2286 5645 2574 5765 lmrticipes
2600 5645 2811 5694 tierent.
2839 5641 3021 5708 Neque
3049 5643 3193 5694 enim
3227 5657 3331 5694 uno
3359 5642 3475 5693 loco
3499 5641 3845 5694 circumscri—

2307 5714 2455 5764 »ριιιιςι
2487 5725 2600 5764 erat
2632 5714 2898 5765 doctrina.
2942 5731 2958 5760 ι
2997 5720 3100 5763 etc.

2307 5714 2455 5764 renda
2487 5725 2600 5764 erat
2632 5714 2898 5770 doctrina,
2942 5731 2958 5760 ι
2997 5720 3100 5763 t‘tc.

2361 5783 2469 5851 (Siti)
2499 5783 2627 5835 (Iud.
2660 5782 2727 5835 δε
2757 5799 2769 5832 :
2800 5783 3066 5833 Ἂπτετκι
3094 5782 3147 5833 6':
3189 5780 3351 5831 αὐτοῦ
3387 5782 3412 5830 ὁ
3448 5779 3699 5850 Χριστδς,
3762 5780 3848 5832 καὶ
