4010 6410
175 453 268 519 51⁸1

920 453 1373 515 ENAHRATIO
1418 454 1501 515 IN
1543 454 2055 517 EVANGEIJUM
2097 456 2359 517 MARCI.
2404 483 2463 492 —
2508 458 2670 518 CAP.
2716 458 2799 519 II.

3381 460 3490 525 518

174 569 484 638 Φαρισαίων
509 566 895 637 νηστεύοντες,
923 569 1019 620 καὶ
1071 567 1329 637 ἔρχονται
1372 569 1469 621 καὶ
1518 568 1769 636 λέγουσιν

1885 584 2003 622 rum
2043 567 2391 636 jcjuuahaut,
2427 572 2762 638 veniuutque
2789 580 2842 624 et
2896 570 3081 625 dicunt
3138 572 3212 627 illi
3251 590 3266 628 :
3302 570 3492 640 Quare

174 661 315 731 αὐτῷ
336 676 350 689 ·
394 661 555 713 Διατί
588 660 638 714 oi
671 659 917 730 μαθηταὶ
962 660 1217 714 Ἰωάννου
1250 660 1345 713 καὶ
1392 663 1441 714 οἱ
1464 660 1575 714 τῶν
1604 661 1777 732 Φαρι-

175 754 336 807 σαίων
363 752 753 823 νηστεύουσιν,
780 755 827 806 οί
858 752 915 806 δὲ
936 753 1022 806 σοὶ
1048 752 1291 824 μαθηταὶ
1323 755 1384 806 ού
1406 752 1735 823 νηστεύουσι
1758 772 1774 820 ;

177 848 275 901 Καὶ
307 842 467 900 εἶπεν
496 847 683 909 αὐτοῖς
713 848 741 900 ό
778 845 1012 916 Ἰησοῦς
1052 844 1147 916 Μὴ
1171 846 1429 898 δύνανται
1454 846 1505 898 οἱ
1539 846 1649 899 υἱοὶ
1678 846 1773 899 τοῦ

174 938 484 1008 νυμφῶνος,
537 938 597 990 ἐν
647 930 693 1005 ᾧ
724 938 754 989 6
813 937 1049 1007 νυμφίος
1086 935 1207 1006 μετ’
1254 935 1436 990 αὐτῶν
1484 938 1627 1002 ἐστι,
1678 952 1775 1005 νηο

172 1032 410 1096 στεύειν;
454 1032 583 1083 ὅσον
613 1030 810 1101 χρόνον
873 1029 995 1099 μεθ’
1040 1029 1257 1083 ἑαυτῶν
1293 1028 1481 1099 ἔχουσι
1511 1028 1605 1083 τὸν
1640 1046 1777 1100 νυμ-

173 1124 304 1192 φίον,
337 1124 404 1177 οὐ
436 1123 699 1177 δύνανται
730 1120 1038 1193 νηστεύειν.
1080 1120 1431 1175 Ἐλεύσονται
1479 1122 1575 1174 καὶ
1630 1122 1775 1192 ἡμέ-

173 1234 253 1287 ραι
287 1217 421 1269 ὅταν
474 1214 708 1286 ἀπαρθῇ
742 1216 837 1267 ἀπ’
889 1214 1071 1269 αὐτῶν
1112 1216 1140 1267 6
1197 1214 1457 1283 νυμφίος,
1499 1213 1598 1266 καὶ
1648 1213 1772 1265 τότε

170 1307 562 1376 νηστεύσουσιν
590 1308 648 1358 ἐν
676 1303 918 1368 ἐκείναις
949 1307 1071 1361 ταῖς
1098 1305 1360 1377 ἡμέραις.
1406 1324 1424 1358 ι
1463 1306 1571 1359 Καὶ
1598 1307 1648 1358 οἱ
1675 1304 1771 1357 τοῦ

178 1399 425 1453 Ἰωάννου
492 1398 738 1470 μαθηταὶ
789 1398 1149 1468 άτελέστερον
1218 1399 1597 1470 διακείμενοι,
1656 1402 1771 1461 τοῖς

178 1492 493 1557 Ἴουδαῖκοῖς
520 1492 784 1563 ἐνέμενον
818 1491 1033 1545 ἔθεσιν*
1084 1491 1211 1546 ὅθεν
1248 1493 1651 1565 προσέρχονταί
1691 1510 1772 1545 τι-

166 1602 249 1648 νες
278 1586 356 1656 τῷ
389 1584 640 1657 Χριστῷ,
666 1587 749 1649 είς
785 1585 1097 1655 ὑπόδειγμα
1120 1586 1354 1649 τούτους
1385 1584 1636 1654 ἄγοντες,
1670 1585 1769 1638 καὶ

167 1679 490 1748 αἰτιώμενοι
519 1678 666 1732 διατί
693 1678 744 1731 οί
780 1677 1027 1748 μαθηταὶ
1078 1678 1247 1731 αὐτοῦ
1311 1678 1372 1730 ού
1411 1676 1769 1747 νηστεύουσιν

166 1770 359 1841 ἐπίσης
393 1770 607 1833 αὐτοῖς.
659 1769 719 1824 'O
744 1769 824 1838 δὲ,
865 1768 961 1823 νῦν
1000 1769 1101 1841 μέν
1141 1787 1332 1841 φησιν,
1367 1770 1623 1840 Νυμφίος
1650 1772 1769 1839 είμὶ

164 1860 291 1927 ἐγὼ,
338 1862 438 1913 καὶ
465 1861 549 1914 δεῖ
580 1861 782 1925 αὐτοὺς
832 1861 1118 1932 εὐθυμεῖν,
1172 1864 1267 1915 καὶ
1310 1861 1387 1932 μὴ
1427 1861 1719 1932 νηστεύειν
1751 1877 1763 1889 ·

1885 659 2137 728 discipuli
2172 658 2401 714 Joannis
2426 671 2481 715 et
2508 659 2913 714 l’ltarismorum
2951 661 3240 728 j~iuuant,
3265 663 3341 716 ttti
3388 678 3489 717 att—

1884 759 1993 806 tem
2026 753 2275 820 discipuli
2314 768 2419 806 non
2450 752 2745 822 jejunant?
2803 754 2869 807 Et
2915 754 3054 808 dixit
3108 754 3217 809 illis
3262 752 3428 811 Iesus
3472 771 3486 808 :

1882 844 2025 899 Num
2069 857 2301 915 possunt
2362 846 2455 899 lilii
2494 846 2719 900 thalami
2755 846 3032 915 nuptialis,
3084 846 3139 901 in
3192 863 3302 916 quo
3357 862 3482 902 cum

1883 938 1989 990 illis
2021 952 2257 1006 sponsus
2289 936 2666 1006 est,jejnuare
2692 936 2717 990 ἲ
2747 936 3003 1003 Quandiu
3053 953 3241 992 secum
3278 939 3486 994 habent

1879 1046 2165 1099 sponsum,
2229 1046 2335 1084 non
2398 1042 2626 1100 possunt
2676 1029 2952 1099 jejunare.
3013 1029 3248 1084 Venient
3298 1044 3480 1086 autem

1877 1105 1995 1175 dies
2022 1136 2145 1174 cum
2172 1121 2459 1174 auferetur
2488 1120 2556 1173 ab
2593 1120 2673 1173 eis
2700 1134 2959 1189 sponsus,
2994 1130 3049 1173 et
3098 1130 3226 1175 tunc
3268 1122 3486 1191 jejuna-

1877 1212 2012 1264 bunt
2042 1210 2095 1264 in
2127 1210 2233 1263 illis
2260 1211 2472 1271 diebus.
2513 1228 2532 1262 ι
2576 1209 2739 1282 184
2796 1211 3055 1280 Discipuli
3097 1210 3327 1265 Joannis
3376 1214 3475 1267 im-

1875 1306 2233 1375 perfectiores
2291 1305 2472 1358 adhuc
2533 1302 2781 1358 Judaicis
2826 1304 3070 1360 moribus
3125 1306 3418 1360 studebant
3465 1325 3480 1361 :

1875 1398 2019 1450 ttude
2045 1396 2266 1464 quidam
2292 1395 2628 1450 accedebant
2656 1397 2723 1450 ad
2752 1395 3037 1451 Christum
3083 1398 3140 1452 in
3166 1401 3478 1471 exemplum

1875 1490 2025 1557 ipsus
2064 1486 2429 1557 proferentes,
2473 1499 2526 1541 et
2561 1490 2825 1542 laxabant
2866 1506 3038 1559 quare
3069 1492 3323 1560 discipuli
3364 1494 3483 1564 ejus

1875 1596 1979 1632 tum
2015 1580 2348 1647 jejunarent,
2376 1581 2517 1635 sicut
2540 1579 2664 1649 ipsi.
2698 1582 2767 1635 At
2792 1582 2879 1637 hic
2906 1598 3053 1637 nunc
3080 1585 3298 1653 quidem
3322 1587 3478 1650 dicit,

1882 1671 2133 1739 Sponsus
2161 1689 2283 1727 sunt
2317 1688 2442 1743 ego,
2469 1681 2527 1728 et
2558 1685 2773 1743 oportet
2804 1675 2929 1730 illos
2949 1677 3094 1731 bono
3118 1692 3241 1733 esse
3270 1681 3478 1745 animo,

1871 1775 1925 1817 et
1950 1780 2053 1817 non
2084 1764 2337 1833 jujunare
2376 1782 2391 1821 :
2425 1767 2516 1819 tibi
2541 1776 2724 1820 autem
2753 1780 2856 1835 ego
2887 1783 2917 1822 e
2969 1769 3077 1823 vita
3119 1772 3217 1824 hac
3267 1771 3482 1826 ablatus

1876 1856 2051 1918 fuero,
2094 1868 2226 1909 tunc
2252 1858 2509 1924 iugrueut
2544 1858 2902 1922 tentationes,
2933 1868 2987 1911 et
3042 1859 3375 1929 jejuuahunt
3416 1878 3480 1916 ac

164 1955 286 2007 ὅταν
317 1954 378 2008 δέ
410 1954 569 2025 ἀρθῶ
611 1953 727 2023 ἐγὼ
773 1954 879 2007 ἀπὸ
908 1930 1003 2008 τοῦ
1060 1953 1179 2025 βίου
1227 1930 1446 2017 τούτου,
1484 1930 1613 2007 τότε
1649 1972 1768 2007 πει-

1880 1947 2197 2016 aﬂligentur.
2250 1945 2489 2001 Proinde
2528 1962 2790 2021 Sponsum
2857 1950 3100 2017 seipsum
3135 1961 3317 2017 vocat,
3369 1967 3477 2005 non
3520 2022 3525 2027 Δ

166 2046 399 2115 ρασμοῖς
427 2046 851 2113 περιπεσόντες,
880 2046 976 2099 καὶ
1021 2047 1389 2115 νηστεύσουσι
1440 2047 1537 2101 καὶ
1573 2046 1765 2118 onst]-

164 2153 373 2192 σονται.
414 2138 675 2209 Νυμφίον
706 2136 807 2208 μὲν
835 2133 928 2191 οὖν
964 2139 1161 2191 ἑαυτὸν
1205 2139 1491 2210 ὀνομάζει,
1518 2140 1579 2193 οὐ
1606 2139 1763 2211 μόνον

164 2229 233 2292 ὡς
260 2231 688 2301 νυμφευόμενον
742 2230 843 2293 τάς
883 2230 1193 2303 παρθένους
1238 2232 1438 2303 ψυχάς,
1484 2232 1622 2287 ἀλλὰ
1672 2234 1767 2286 καὶ

162 2320 291 2375 διότι
344 2325 375 2375 6
436 2323 633 2394 καιρὸς
681 2323 783 2394 τῆς
824 2321 1051 2393 πρώτης
1110 2325 1422 2394 παρουσίας
1469 2326 1660 2390 αὑτοῦ,
1705 2328 1765 2380 ού

165 2415 424 2481 πένθους,
483 2416 607 2469 οῦδέ
641 2416 1111 2487 σκυθρωπότητός
1143 2417 1280 2470 ἐστι’
1315 2419 1429 2479 τοῖς
1474 2421 1553 2481 είς
1604 2420 1767 2473 αὐτὸν

164 2508 539 2571 πιστεύουσιν,
574 2509 697 2563 οὐδὲ
748 2511 953 2572 κόπους
1004 2509 1169 2579 ἔχων,
1209 2509 1329 2563 ἀλλ’
1364 2511 1621 2574 εὐκόπως
1670 2516 1767 2567 καὶ

164 2600 334 2671 χωρὶς
367 2600 549 2671 ἔργων
580 2598 690 2651 τῶν
743 2599 837 2652 τοῦ
866 2600 1059 2670 νόμου,
1102 2599 1193 2653 διά
1234 2600 1330 2653 τοῦ
1384 2600 1767 2673 βαπτίσματος

163 2691 467 2745 ἀναπαύων
497 2692 667 2763 ήμᾷς.
700 2692 858 2754 Ποῖος
886 2692 995 2762 γάρ
1016 2692 1179 2755 πόνος
1206 2691 1580 2763 βαπτίσασθαι
1606 2711 1620 2761 ;
1652 2695 1769 2748 ἀλλ’

163 2783 311 2851 ὅμως
367 2781 458 2835 διὰ
498 2781 595 2834 τοῦ
631 2782 896 2853 εὐχεροῦς
941 2782 1158 2849 τούτου,
1198 2786 1477 2856 σωτηρίαν
1511 2786 1766 2857 εὑρίσκο-

167 2890 286 2943 μεν.
320 2873 441 2927 Υἱοὶ
478 2874 535 2926 δὲ
569 2875 881 2943 νυμφῶνος,
917 2876 967 2928 οί
992 2876 1309 2938 ἀπόστολοι.
1350 2879 1426 2942 ὡς
1457 2878 1555 2948 τῆς
1594 2882 1767 2951 χαρᾶς

164 2965 255 3019 τοῦ
306 2966 520 3038 Κυρίου
552 2966 649 3019 καὶ
708 2966 863 3021 αὐτοὶ
906 2966 1358 3037 καταξιούμενοι,
1420 2970 1516 3023 καὶ
1567 2971 1768 3035 παντὸς

165 3057 497 3128 ἐπουρανίου
530 3057 744 3125 ἀγαθοῦ
779 3059 874 3111 καὶ
915 3059 1100 3131 πάσης
1128 3060 1325 3130 ἡδονῆς
1363 3061 1609 3131 μέτοχοι.
1633 3063 1765 3115 Νόει

163 3150 218 3203 δέ
249 3152 346 3203 καὶ
376 3148 574 3214 οὕτως,
627 3150 710 3203 ὅτι
762 3153 868 3215 πᾶς
901 3152 1217 3222 ἄνθρωπος,
1272 3156 1401 3208 ὅταν
1432 3155 1532 3225 τὴν
1565 3157 1767 3227 ἀρετὴν

164 3242 493 3314 ἐργάζηται,
528 3242 642 3305 υίὸς
674 3243 965 3313 νυμφῶνός
990 3246 1159 3299 ἐστιν.
1210 3245 1353 3310 Ἕως
1403 3247 1503 3317 μὲν
1530 3245 1621 3299 οῦν
1657 3247 1767 3316 ἔχει

167 3336 287 3404 μεθ’
317 3335 519 3389 ἐαυτοῦ
552 3335 645 3388 τὸν
674 3336 911 3405 νυμφίον
941 3338 1201 3407 Χριστὸν,
1226 3339 1287 3391 οῦ
1314 3340 1587 3411 νηστεύει,
1615 3358 1746 3393 τουτ

165 3432 334 3497 ἐστιν,
377 3431 437 3484 οὐ
507 3431 575 3483 τά
605 3430 705 3499 τῆς
732 3431 1023 3499 μετανοίας
1052 3431 1190 3501 ἔργα
1214 3431 1606 3487 ἐπιδείκνυται.
1641 3434 1768 3495 Πῶς

163 3522 273 3592 γὰρ
304 3524 332 3574 6
366 3520 442 3591 μὴ
469 3520 678 3574 πταίων
703 3536 717 3584 ;
748 3520 919 3575 Ὅταν
941 3523 996 3575 δὲ
1013 3521 1155 3593 ἀρθῇ
1180 3524 1276 3575 ἀπ’
1300 3524 1465 3577 αὑτοῦ
1488 3526 1516 3577 6
1534 3524 1768 3595 νυμφίος

163 3614 428 3683 Χριστὸς,
473 3613 553 3676 εἰς
610 3613 896 3683 ἁμαρτίαν
929 3613 1134 3683 δηλαδὴ
1169 3613 1590 3685 όλισθήσαντος,
1642 3614 1767 3668 τότε

165 3705 423 3779 νηστεύει
460 3707 555 3759 καὶ
581 3708 855 3776 μετανοεῖ,
884 3705 969 3759 ἴνα
998 3706 1096 3777 τὴν
1126 3707 1411 3777 ἁμαρτίαν
1446 3708 1691 3779 ἰάσηται.

240 3819 261 3851 ς
300 3798 493 3862 Οὐδεὶς
524 3797 810 3868 ἐπίδλημα
861 3798 1065 3870 ῥάκους
1122 3799 1372 3868 ἀγνάφου
1432 3802 1767 3871 ἐπιρῤάτιτει

163 3892 259 3946 ἐπὶ
293 3892 499 3962 ίματίῳ
525 3889 763 3960 παλαιῷ,
805 3892 852 3942 εί
878 3890 935 3942 δέ
970 3891 1067 3961 μὴ,
1102 3891 1246 3961 αίρει
1268 3891 1328 3943 τὸ
1356 3892 1631 3962 πλήρωμα
1668 3893 1770 3944 αὑ-

161 3984 257 4038 τοῦ
297 3985 360 4038 τὸ
396 3984 587 4036 καινὸν
616 3982 713 4035 τοῦ
741 3984 1002 4047 παλαιοῦ,
1034 3984 1131 4035 καὶ
1163 3987 1346 4054 χεῖρον
1382 3987 1589 4055 σχίσμα
1624 3987 1770 4053 γίνε-

161 4099 277 4135 ται.
331 4081 445 4134 Καὶ
477 4080 654 4143 οὐδεὶς
712 4078 896 4149 βάλλει
954 4075 1101 4133 οἶνον
1134 4080 1256 4133 νέον
1285 4082 1367 4144 είς
1421 4083 1626 4143 ἀσκοὺς
1664 4101 1767 4135 πα-

164 4170 375 4234 λαιούς
406 4170 455 4223 εί
496 4170 553 4223 δὲ
588 4169 685 4241 μὴ,
717 4170 911 4240 ρήσσει
943 4173 970 4224 6
1024 4170 1145 4233 νέος
1172 4171 1301 4234 τοὺς
1342 4173 1571 4235 ἀσκοὺς,
1606 4176 1701 4225 καὶ
1741 4174 1769 4224 6

160 4259 309 4325 οἶνος
340 4265 611 4333 ἐκχεῖται,
646 4262 741 4314 καὶ
787 4263 837 4315 οἱ
872 4263 1033 4315 άσκοὶ
1074 4262 1427 4315 ἀπολοῦνταιο
1465 4264 1602 4316 ἀλλὰ
1626 4261 1768 4317 οἶνον

164 4356 287 4407 νέον
310 4356 392 4415 εἰς
427 4353 633 4415 ἀσκοὺς
662 4352 884 4414 καινοὺς
936 4352 1187 4425 βλητέον.
1236 4372 1253 4405 ι
1296 4354 1535 4425 Ὥσπερ,
1578 4360 1766 4428 φησὶν,

164 4447 213 4498 εί
242 4444 410 4514 ῥάκος
443 4442 713 4512 άγναφον,
746 4444 1001 4496 τουτέστι
1024 4445 1235 4510 καινὸν,
1274 4446 1601 4517 ἐπιϐληθείη
1644 4449 1771 4517 ίμα-

148 4536 266 4607 ⁴ιίῳ
302 4534 544 4603 παλαιῷ,
570 4534 927 4604 διαρῤήγνυσι
952 4534 1113 4588 τοῦτο
1134 4539 1200 4607 τῇ
1221 4538 1400 4608 οἰκεία
1421 4540 1764 4609 στερρότητι,

1870 2041 2049 2095 Solum
2086 2041 2229 2109 quod
2260 2041 2554 2108 dcspouset
2586 2042 2824 2109 virgines
2859 2038 3093 2105 animas,
3127 2047 3221 2097 sed
3251 2053 3307 2097 et
3334 2048 3478 2110 quod

1875 2144 2087 2203 tempus
2141 2132 2299 2202 primi
2360 2132 2442 2184 sui
2489 2132 2779 2195 adventus,
2840 2147 2943 2185 non
2998 2144 3214 2202 tempus
3265 2133 3469 2196 luctus,

1870 2240 2050 2295 neque
2080 2224 2423 2278 austeritatis
2455 2234 2541 2278 est
2577 2224 2645 2277 iis
2670 2226 2761 2293 qui
2799 2225 2852 2278 iu
2896 2224 3046 2278 illum
3082 2228 3336 2289 credunt,
3376 2242 3474 2281 ne-

1872 2324 1978 2389 que
2014 2319 2231 2374 labores
2264 2317 2493 2381 habens,
2523 2318 2617 2371 sed
2662 2317 2823 2372 facile
2874 2327 2928 2373 et
2965 2317 3173 2387 absque
3215 2320 3478 2389 operibus

1874 2408 2004 2476 legis
2041 2422 2139 2475 per
2178 2406 2513 2473 baptismum
2560 2405 2875 2462 refocillaus
2925 2422 3047 2463 nos.
3092 2409 3281 2475 Qualis
3329 2410 3477 2462 enim

1872 2497 2027 2552 labor
2060 2498 2371 2567 baptizari?
2403 2509 2646 2552 attamen
2698 2513 2795 2568 per
2827 2499 3014 2553 facilia
3072 2501 3189 2554 lta:c
3234 2501 3474 2555 salutem

1871 2590 2289 2659 consequimur.
2316 2588 2439 2643 Filii
2476 2600 2659 2644 autem
2694 2589 2943 2656 thalami,
2988 2591 3242 2659 apostoli,
3290 2600 3479 2660 utpote

1872 2694 1925 2733 et
1964 2682 2066 2750 ipsi
2106 2681 2450 2736 Dominicuin
2490 2683 2749 2752 gaudium
2778 2684 3019 2738 assecuti
3052 2694 3105 2738 et
3138 2685 3320 2739 omnis
3352 2698 3471 2738 cos-

1873 2771 2024 2825 Iesus
2048 2772 2174 2824 boui
2212 2786 2276 2825 ac
2317 2772 2615 2841 voluptatis
2657 2772 2827 2828 tetius
2876 2774 3194 2843 participes.
3228 2772 3478 2845 lntellige

1872 2876 2052 2914 autem
2083 2873 2135 2913 et
2168 2862 2247 2914 sic
2292 2863 2434 2931 quod
2498 2863 2679 2918 omnis
2722 2864 2907 2927 homo,
2947 2866 3167 2933 quando
3213 2867 3475 2920 virtutem

1871 2966 2152 3023 opctalur,
2199 2954 2341 3008 lilius
2376 2965 2460 3008 est
2486 2956 2710 3008 thalami
2768 2957 3049 3024 nuptialis.
3081 2957 3335 3023 Quandiu
3366 2957 3473 3027 igi-

1876 3048 2235 3101 turhahuerit
2284 3063 2473 3102 secqu
2516 3064 2779 3117 Sponsum
2842 3052 3148 3114 Christum,
3202 3052 3482 3122 nOnjcjtto

1876 3154 1987 3205 nat,
2022 3141 2124 3193 hoc
2156 3150 2259 3205 est,
2299 3157 2405 3193 tton
2435 3142 2677 3195 ostendit
2727 3158 2895 3211 opera
2936 3144 3276 3210 pmniteutiaa
3310 3161 3324 3196 :
3368 3161 3467 3199 ue-

1874 3249 1980 3300 que
2019 3234 2164 3286 enim
2230 3234 2429 3288 cecidit
2483 3235 2753 3303 :quando
2813 3244 2997 3289 autem
3042 3237 3107 3291 ab
3156 3251 3223 3289 eo
3262 3238 3477 3291 ablatus

1876 3324 2041 3378 fuerit
2073 3326 2353 3390 Christus,
2406 3326 2808 3397 prolapsusque
2850 3329 3014 3381 fuerit
3058 3329 3110 3382 in
3169 3341 3475 3399 peccatmu,

1874 3428 2002 3472 tunc
2032 3419 2269 3489 jejuuat,
2304 3429 2357 3475 et
2386 3421 2763 3489 pmuitentiatu
2794 3421 2930 3492 agit,
2966 3433 3022 3475 ut
3052 3438 3081 3476 a
3116 3432 3345 3492 peccato
3384 3438 3483 3478 sa-

1873 3524 2052 3568 netur.

1946 3806 2115 3863 Vsas.
2146 3805 2345 3861 20-22.
2386 3824 2405 3858 ‹
2445 3804 2512 3860 Ει
2564 3822 2727 3861 nemo
2773 3821 3151 3865 assutueutum
3186 3815 3348 3881 panni
3384 3830 3476 3870 ru-

1874 3902 1959 3956 dis
1987 3900 2158 3956 assuit
2188 3901 2521 3954 vestimento
2554 3902 2721 3956 veteri
2768 3919 2781 3955 :
2825 3901 3067 3973 alioquin
3118 3906 3299 3962 aufert
3344 3923 3480 3980 sup-

1875 3994 2205 4064 plementum
2242 3992 2361 4061 t-jus
2392 4007 2593 4046 novum
2630 4008 2661 4047 a
2708 3995 2902 4059 veteri,
2942 4006 2997 4049 et
3030 4001 3184 4066 pejor
3240 4001 3478 4055 scissura

1875 4086 1953 4141 fit.
1987 4087 2051 4139 Et
2083 4101 2241 4140 nemo
2261 4086 2425 4139 tuittit
2450 4086 2635 4139 vinum
2670 4097 2911 4141 mustum
2948 4089 2998 4141 in
3036 4099 3187 4143 utres
3218 4100 3434 4146 veteres
3464 4110 3480 4146 :

1875 4180 2074 4247 alioqui
2121 4179 2411 4247 disrumpit
2456 4181 2637 4233 viuum
2689 4190 2928 4236 mustum
2966 4194 3139 4249 utres,
3176 4195 3229 4237 et
3292 4186 3478 4238 vinum

1873 4272 2195 4336 effunditur,
2234 4284 2287 4326 et
2322 4284 2475 4327 utres
2502 4283 2731 4342 pereunt
2763 4291 2777 4327 :
2809 4277 2901 4329 sed
2934 4277 3122 4329 vinum
3157 4291 3398 4331 mustum
3428 4281 3482 4332 in

1878 4376 2027 4421 uti-cs
2088 4382 2259 4420 novos
2321 4367 2459 4420 mitti
2513 4366 2695 4421 debet.
2741 4386 2760 4418 ι
2828 4367 3336 4436 Quemadmodum,
3397 4372 3482 4425 in-

1874 4459 2016 4527 quit,
2055 4474 2267 4527 panuus
2301 4459 2470 4530 rudis,
2508 4459 2609 4512 hoc
2641 4469 2724 4512 est
2771 4475 2967 4526 novus,
3018 4462 3065 4515 si
3102 4473 3358 4516 assuatur
3388 4479 3481 4517 ve-

1878 4553 2141 4606 SLimento
2177 4555 2367 4618 veteri,
2425 4569 2522 4606 sua
2562 4553 2823 4607 lirmitate
2884 4554 3013 4609 illud
3064 4556 3346 4621 discindit,
3399 4562 3478 4613 vi-

164 4626 309 4693 οἶνός
331 4645 394 4681 τε
439 4628 562 4689 νέος
595 4629 657 4697 τῇ
689 4627 857 4681 αὑτοῦ
890 4628 1189 4699 θερμότητι
1250 4631 1376 4693 τοὺς
1426 4633 1635 4695 ἀσκοὺς
1667 4651 1769 4686 πα.

1886 4658 2123 4711 numque
2156 4660 2353 4698 novum
2390 4658 2485 4697 sua
2516 4647 2845 4699 :estuatioue
2889 4658 3041 4701 utres
3090 4658 3305 4703 veteres
3361 4650 3472 4705 dis-

165 4724 356 4787 λαιοὺς
400 4724 752 4794 διαρῤήσσει,
784 4722 929 4775 οὕτω
977 4724 1073 4775 καὶ
1100 4724 1151 4775 οί
1202 4724 1445 4795 μαθηταί
1480 4744 1583 4796 μου
1620 4728 1774 4781 οὔπω
1812 4796 1813 4799 η

168 4819 465 4887 γεγόνασιν
494 4816 726 4885 ἰσχυροὶ,
758 4814 898 4869 ὥστε
919 4817 1014 4869 ἐὰν
1047 4815 1379 4888 βαρήσωμεν
1402 4819 1622 4885 αὐτοὺς,
1654 4821 1778 4890 βλά-

167 4912 369 4980 ψομεν.
411 4908 669 4969 Παλαιοῖς
695 4906 805 4977 γάρ
836 4907 1080 4961 ἐοίκασιν
1117 4910 1377 4979 ἱματίοις,
1404 4911 1492 4964 διὰ
1519 4913 1581 4965 τὸ
1615 4914 1775 4967 ἀσθε-

171 5003 260 5064 νὲς
292 5000 391 5070 τῆς
422 4997 606 5052 αὐτῶν
637 4997 883 5068 γνώμης.
919 4998 995 5051 Οὐ
1030 4999 1138 5069 χρὴ
1187 4996 1282 5052 οῦν
1328 5002 1643 5075 ἐπιβάλλειν
1678 5004 1776 5057 αὐ-

169 5097 282 5157 τοῖς
322 5093 385 5147 τὸ
416 5093 513 5161 τῆς
565 5090 821 5161 νηστείας
864 5090 1005 5162 βαρὺ
1070 5092 1351 5163 ἐπίταγμα
1382 5110 1395 5123 ο
1498 5095 1593 5147 καὶ
1632 5096 1776 5150 οὕτω

176 5190 401 5258 νοήσαις
425 5201 440 5216 ⁸
504 5184 570 5239 ΟΞ
600 5183 695 5239 τοῦ
749 5184 991 5255 Χριστοῦ
1026 5185 1269 5254 μαθηταὶ
1301 5190 1480 5241 καινοὶ
1513 5189 1687 5257 ὄντες,
1715 5194 1775 5245 οὐ

172 5280 431 5334 δύνανται
464 5276 745 5339 δουλεύειν
771 5277 1023 5341 παλαιοῖς
1044 5279 1193 5331 ἔθεσι
1229 5281 1325 5334 καὶ
1351 5282 1556 5351 νόμοις.

251 5393 271 5425 ‹
346 5374 460 5426 Καὶ
524 5372 747 5439 ἐγένετο
793 5372 1287 5443 παραπορεύεσθαι
1330 5376 1494 5427 αὑτὸν
1542 5378 1600 5427 ἐν
1662 5381 1776 5441 τοῖς

178 5464 422 5517 Σάὸἦασι
458 5462 550 5515 διὰ
568 5462 677 5513 τῶν
721 5463 1031 5532 σπορίμων,
1063 5465 1156 5517 καὶ
1185 5464 1423 5535 ἤρξαντο
1449 5468 1496 5518 οἱ
1535 5468 1777 5537 μαθηταὶ

176 5555 341 5609 αὑτοῦ
374 5553 667 5618 ὁδοποιεῖν,
704 5553 979 5619 τίλλοντες
1008 5559 1135 5620 τοὺς
1168 5557 1429 5626 στάχυας,
1462 5560 1556 5611 καὶ
1588 5562 1636 5612 οἱ
1666 5563 1777 5614 Φα-

185 5652 385 5719 ρισαῖοι
420 5648 611 5714 ἔλεγον
636 5646 786 5718 αύτῴ
810 5663 825 5678 ·
862 5650 969 5701 ἰδε
1005 5650 1058 5701 τί
1110 5651 1358 5704 ποιοῦσιν
1386 5653 1443 5704 ὲν
1489 5658 1601 5717 τοῖς
1632 5655 1774 5707 Σάϐ-

175 5737 337 5790 (ἷασιν
368 5738 396 5791 ὃ
429 5738 534 5790 οὐκ
562 5737 780 5805 ἔξεστι,
812 5740 918 5792 Καὶ
972 5740 1137 5803 αὐτὸς
1180 5741 1370 5810 ἔλεγεν
1420 5745 1603 5807 αὐτοῖς
1624 5762 1635 5773 ·
1672 5748 1775 5799 Θύ-

176 5826 370 5882 ὃὲποτε
402 5828 677 5897 ἀνέγνωτε
714 5833 764 5881 τί
794 5832 1020 5900 ἐποίησε
1076 5833 1241 5887 Δαόὶδ
1280 5836 1367 5887 ὅτε
1400 5838 1593 5907 χρείαν
1628 5840 1775 5909 ἔσχε,

181 5922 274 5974 καὶ
301 5922 591 5977 ἐπείνασεν
623 5924 785 5988 ait);
828 5926 922 5979 καὶ
958 5929 1004 5979 οἱ
1040 5929 1161 5997 μετ’
1188 5930 1353 5983 αὐτοῦ
1386 5950 1398 5998 ;
1438 5935 1551 5999 πῶς
1594 5938 1774 6006 εἰσῆλ-

1884 4737 2089 4804 rutupit
2124 4755 2138 4789 :
2171 4736 2251 4792 sic
2270 4737 2433 4789 etiam
2469 4737 2717 4805 discipuli
2752 4739 2856 4792 mei
2892 4741 3132 4793 nondum
3180 4742 3305 4797 lacli
3344 4754 3481 4797 sunt

1881 4829 2051 4884 fortes
2082 4848 2095 4885 :
2134 4831 2317 4900 itaque
2349 4833 2391 4884 si
2427 4847 2731 4902 gravaret-0
2782 4832 2953 4901 ipsos,
2988 4832 3282 4890 nll'envlant.
3324 4836 3479 4893 Vete-

1884 4922 2032 4975 ribus
2067 4924 2211 4975 enitn
2269 4924 2615 4976 vestimentis
2646 4923 2854 4978 similes
2922 4935 3068 4992 sunt,
3104 4928 3175 4981 ob
3237 4929 3481 4997 ipsorttnt

1882 5014 2051 5069 animi
2090 5015 2544 5069 imbecillitatem.
2572 5014 2688 5069 Non
2722 5028 2939 5085 Oportet
2975 5019 3138 5088 igitur
3176 5022 3298 5076 illos
3332 5026 3483 5093 gravi

1878 5104 2214 5174 jejunioruut
2264 5117 2537 5176 prtecepto
2566 5122 2822 5162 onerare.
2856 5109 2956 5164 Vel
2990 5112 3155 5165 etiam
3202 5114 3281 5167 sic
3323 5114 3482 5169 intel—

1882 5198 2023 5269 lige:
2067 5201 2324 5269 Discipuli
2365 5200 2595 5265 Christi,
2638 5216 2761 5254 cum
2797 5202 2907 5255 sint
2942 5207 3087 5271 novi,
3112 5221 3219 5260 non
3257 5220 3487 5274 possunt

1883 5292 2093 5346 servire
2131 5296 2329 5361 priscis
2360 5297 2606 5349 moribus
2637 5307 2691 5351 et
2720 5298 2948 5367 legibus.

1956 5383 2121 5438 Vens.
2156 5385 2351 5440 23-28.
2392 5404 2410 5436 ι
2454 5386 2518 5439 Et
2560 5387 2760 5441 accidit
2798 5397 2855 5441 ut
2904 5391 3164 5445 transiret
3231 5392 3489 5448 Sabbatis

1884 5492 1979 5543 per
2008 5488 2242 5546 segetes,
2290 5488 2344 5531 et
2389 5489 2676 5547 cmpcrtmt
2737 5480 2994 5549 discipuli
3027 5482 3145 5550 ejus
3178 5487 3320 5539 inter
3343 5487 3485 5540 viam

1884 5571 2089 5623 vellere
2117 5570 2319 5639 spicas,
2369 5581 2423 5626 et
2456 5571 2719 5627 Pharisaei
2760 5574 3017 5629 dicebant
3056 5579 3103 5631 ei
3146 5596 3157 5631 :
3189 5578 3349 5644 Ecce,
3390 5597 3491 5635 cur

1886 5663 2091 5717 faciunt
2121 5663 2377 5719 Sabhalis
2406 5667 2548 5735 quod
2598 5682 2708 5719 non
2765 5668 2927 5723 licet?
2967 5668 3033 5722 Et
3077 5671 3193 5739 ipse
3224 5673 3299 5724 ait
3331 5672 3437 5726 illis
3472 5692 3487 5726 :

1884 5755 2171 5825 Nunquam
2231 5759 2440 5828 legistis
2493 5760 2625 5829 quid
2688 5758 2883 5815 fecerit
2944 5763 3135 5829 David,
3180 5779 3303 5817 cum
3354 5780 3492 5836 opus

1890 5854 2136 5918 haberet,
2175 5865 2225 5909 et
2266 5856 2502 5910 csoniret
2533 5858 2647 5925 ipse
2682 5870 2733 5911 et
2761 5860 2849 5926 qui
2881 5876 3003 5913 cum
3033 5878 3097 5914 co
3121 5862 3319 5915 erant?
3348 5879 3489 5933 quo-

1894 5948 2051 6002 modo
2105 5948 2381 6021 illngahUS
2424 5950 2492 6004 sit
2548 5951 2597 6004 in
2656 5950 2875 6005 domum
2947 5953 3035 6009 Dei
3091 5956 3491 6015 subibiuthur
