4010 6406
121 451 208 515 [21
825 435 1281 502 ENARRATIO
1320 434 1403 496 IN
1441 431 1947 497 EVANGELIUM
1991 430 2258 492 MARCI.
2282 455 2352 467 ·-
2380 428 2543 492 CAP.
2587 428 2703 491 III.

3288 430 3395 501 522

121 577 340 631 γματος.
386 554 687 611 Ἐπιπλέον
732 552 791 606 δέ
849 550 1049 614 αὐτοὺς
1107 549 1203 604 καὶ
1258 547 1352 601 νῦν
1401 546 1699 620 ἐντρέπων,

1820 543 1917 614 puli
1968 543 2106 614 ejus,
2153 553 2211 598 ut
2240 550 2294 597 ct
2333 542 2448 612 ipse
2482 550 2735 611 operetur
2767 539 2821 596 in
2858 538 2945 595 die
2980 537 3204 597 Sahhati
3234 538 3403 596 mira.

125 653 548 725 θαυματουργετ,
578 645 842 702 δεικνύων
870 646 979 713 ὅτι,
1012 642 1286 698 Τοσοῦτον
1315 641 1416 712 οὐχ
1451 639 1703 712 ἀμαρτά-

120 764 287 801 νουσιν
309 745 361 798 oi
395 739 643 813 μαθηται
676 754 802 810 μου,
826 737 969 792 ὥστε
996 735 1093 792 καὶ
1135 733 1301 798 αὐτὸς
1329 732 1442 805 ἐγὼ
1471 730 1704 803 ἐργάζο-

123 856 207 909 μαι
236 840 292 891 ὲν
326 839 397 907 τῇ
448 833 644 904 ἡμέρᾳ⁸
679 829 776 883 τοῦ
810 828 1112 894 Σαϐϐάτου,
1162 825 1349 896 θαῦμα
1396 821 1705 880 ἐπιδεικνύ-

123 944 301 1000 μενος·
335 926 483 985 ὥστε
524 926 574 977 εί
628 922 803 977 κακόν
835 922 952 979 ἐστι
977 919 1043 974 τὸ
1088 919 1553 991 θαυματουργεῖν,
1588 915 1704 971 ἐστι

122 1022 279 1075 κακὸν
312 1016 513 1081 ἁπλῶς
545 1020 642 1071 καὶ
677 1016 739 1071 τὸ
777 1011 1110 1086 ἐργάζεσθαι
1137 1012 1208 1066 τὰ
1239 1011 1515 1080 ἀναγκαῖα
1544 1009 1603 1065 ἐν
1626 1008 1704 1081 τῷ

116 1113 390 1182 Σαϐϐάτῳ·
422 1108 566 1164 ἀλλά
596 1108 704 1181 μὴν
725 1106 787 1161 τδ
812 1104 1278 1176 θαυματουργεῖν,
1331 1101 1425 1155 ἐπὶ
1458 1100 1705 1174 σωτηρίᾳ

116 1199 422 1271 ἀνθρώπου,
456 1198 603 1251 θεῖόν
635 1199 785 1251 ἐστιν
809 1235 825 1262 ,
852 1194 955 1247 οὐκ
982 1192 1095 1263 ἀρα
1129 1190 1443 1262 παρανομεῖ
1485 1190 1514 1241 ό
1542 1189 1600 1241 ἐν
1624 1186 1705 1257 τῷ

118 1291 375 1361 Σαϐϐάτῳ
416 1288 496 1361 μὴ
528 1289 701 1343 κακόν
750 1304 803 1341 τι
846 1284 1238 1355 ἐργαζόμενος.
1279 1282 1376 1340 Διά
1419 1280 1581 1334 τοῦτο
1613 1277 1707 1337 οὖν

116 1389 199 1438 καὶ
218 1384 407 1455 ἐρωτᾷ
427 1382 633 1445 αὐτοὺς
659 1382 709 1434 εί
735 1379 947 1446 ἔξεστιν
969 1375 1397 1445 ἀγαθοποιῆσαι,
1424 1374 1705 1444 ἐντρέπων

119 1476 309 1537 αὐτοὺς
346 1476 428 1541 ὡς
469 1472 783 1535 κωλύοντας
830 1469 998 1527 αὐτὸν
1030 1468 1145 1523 ἀπὸ
1180 1466 1275 1521 τοῦ
1319 1462 1703 1536 ἀγαθοποιεῖνο

116 1569 278 1639 ξηρὰν
308 1569 370 1623 δέ
400 1567 518 1639 ἔχει
549 1567 648 1637 τὴν
677 1563 834 1636 χεῖρα
870 1562 967 1635 τὴν
998 1561 1181 1629 δεξιὰν
1212 1561 1324 1624 πᾶς
1352 1560 1379 1613 6
1417 1558 1493 1631 μὴ
1530 1557 1707 1628 πράτ-

116 1679 212 1714 των
241 1661 313 1713 τὰ
342 1661 447 1729 τῆς
480 1658 663 1723 δεξιᾶς
718 1655 935 1728 μερίδος
968 1654 1130 1725 ἔργα.
1185 1642 1331 1723 Πρὸς
1368 1649 1429 1704 ὃν
1479 1649 1632 1719 λέγει
1680 1650 1709 1701 6

114 1752 366 1823 Χριστός⁸
399 1751 682 1822 Ἐγειραι,
705 1747 1009 1813 τουτέστιν,
1026 1744 1263 1801 Ἀνάστα
1285 1740 1393 1797 ἀπὸ
1412 1741 1513 1812 τῆς
1528 1741 1714 1812 ἀμαρ-

114 1846 245 1911 τίας,
296 1846 399 1898 καὶ
430 1842 593 1913 στῆθι
639 1843 720 1905 είς
754 1840 816 1894 τὸ
871 1839 1062 1911 μέσον,
1113 1837 1423 1902 τουτέστιν,
1475 1836 1556 1898 είς
1608 1834 1710 1904 τὴν

1808 635 1991 691 culum
2035 634 2242 691 faciens
2270 652 2284 689 :
2320 635 2391 689 ita
2434 643 2492 688 ut
2520 634 2566 690 si
2595 632 2798 694 malum
2819 634 2889 688 sit
2918 634 3132 703 operari
3164 634 3403 691 miracu~

1807 728 1945 801 lum,
1962 727 2284 799 simpliciter
2304 726 2505 789 malum
2525 724 2767 783 futurum
2792 724 2865 780 sit
2885 738 3102 795 operari
3121 726 3286 798 186
3309 740 3407 783 ne-

1808 835 1961 876 cessa
1975 819 2054 873 ria
2076 818 2130 874 in
2155 815 2395 873 Sabbatu
2418 834 2432 885 ;
2453 817 2548 872 sed
2563 815 2883 871 miraculum
2898 814 3081 871 facere
3104 816 3157 871 in
3172 817 3402 876 salutem

1810 908 2069 973 hominis,
2113 909 2355 963 divinum
2384 918 2467 963 est
2501 925 2514 961 :
2550 920 2664 969 non
2690 906 2857 977 igitur
2889 907 3285 977 praevaricatur
3313 910 3410 980 qui

1809 1003 1865 1058 in
1925 1000 2165 1059 Sabbuto
2211 1002 2357 1072 quod
2409 999 2612 1055 malum
2652 1014 2761 1057 non
2784 1010 2889 1068 est,
2946 1011 3231 1073 operatur.
3277 1001 3413 1060 Pro-

1810 1106 1995 1168 pterea
2033 1094 2534 1167 etiam‘interrogat
2564 1094 2685 1151 illos
2720 1110 2849 1151 num
2876 1095 3037 1151 liceat
3061 1095 3407 1166 benefacere,

1812 1196 2006 1256 notans
2028 1198 2125 1240 eos
2158 1193 2216 1239 ut
2246 1185 2565 1241 benefacere
2605 1199 2730 1240 eum
2768 1185 3145 1256 prohibentes.
3182 1186 3407 1247 Aridam

1813 1287 1994 1333 autem
2037 1277 2320 1332 dexteram
2364 1279 2541 1333 omnis
2573 1277 2739 1333 habet
2765 1278 2854 1348 qui
2878 1293 3043 1349 opera
3076 1294 3264 1336 eorum
3302 1297 3411 1343 non

1816 1367 1947 1424 facit
1977 1369 2068 1437 qui
2104 1371 2171 1423 ad
2200 1368 2479 1429 dexteram
2514 1379 2725 1440 partem
2772 1373 3068 1442 pertinent.
3123 1373 3205 1428 Ad
3247 1389 3410 1445 quem

1814 1463 2067 1519 Christus
2114 1464 2269 1529 dicit,
2300 1464 2577 1530 Excitare,
2614 1465 2719 1521 hoc
2756 1475 2861 1529 est,
2896 1465 3075 1538 Surge
3103 1483 3133 1523 a
3167 1478 3418 1540 peccato,

1813 1567 1867 1612 et
1890 1566 1971 1612 sta
1998 1557 2050 1612 in
2092 1558 2291 1622 medio,
2329 1556 2432 1613 hoc
2458 1566 2541 1612 est
2598 1558 2651 1613 in
2704 1559 3085 1617 mediocritate
3124 1563 3411 1625 virtutum.

1815 1645 2005 1705 Omnis
2048 1649 2191 1705 enim
2224 1649 2397 1705 virtus
2445 1650 2796 1706 mediocritas
2824 1658 2930 1717 est,
2960 1666 3026 1708 eo
3056 1655 3201 1723 quod
3233 1670 3415 1725 neque

1815 1739 1869 1793 in
1923 1737 2216 1806 defectum,
2269 1755 2446 1816 neque
2498 1741 2553 1796 in
2600 1756 2887 1798 excessum
2948 1744 3205 1801 declinat.
3264 1747 3420 1804 Tunc

1814 1833 1981 1905 igitur
2016 1834 2235 1903 quando
2259 1847 2320 1889 se
2348 1835 2540 1889 statuit
2586 1834 2639 1889 in
2669 1835 3126 1903 mediocritatem,
3166 1839 3419 1895 restitui-

120 1935 392 2005 μεσότητα
425 1932 543 1987 τῶν
573 1930 805 2004 ἀρετῶν.
844 1931 1006 1985 Πᾶσα
1042 1928 1154 1997 γὰρ
1203 1924 1376 1998 ἀρετὴ
1401 1965 1418 1992 ,
1464 1921 1701 1995 μεσότης

1820 1936 1899 1981 tur
1947 1925 2171 1981 dextera
2225 1925 2275 1980 ei
2324 1940 2476 1983 sana.
2522 1924 2653 1983 Vide
2712 1937 2892 1983 autem
2968 1932 3112 1999 quod
3158 1931 3313 1999 dicit,
3346 1930 3415 1987 Et

116 2028 279 2091 ἐστὶν,
316 2024 447 2080 οὔτε
477 2026 559 2088 είς
588 2025 689 2096 τὴν
720 2006 979 2093 ἔλλειψιν,
1010 2019 1135 2075 οὔτε
1162 2018 1365 2089 είςτὴν
1393 2014 1703 2088 ὑπερϐολὴν

1820 2018 2068 2071 restituta
2117 2026 2220 2073 est.
2268 2015 2442 2072 Erant
2474 2018 2624 2073 enim
2672 2019 2802 2075 olim
2832 2020 2993 2078 nobis
3022 2038 3169 2079 sanae
3199 2032 3417 2092 manus,

119 2118 463 2172 ἐπινεύουσα·
504 2119 624 2175 τότε
653 2118 840 2174 τοίνυν
873 2118 1006 2172 ὅταν
1048 2114 1224 2184 σταθῇ
1278 2112 1358 2175 είς
1394 2111 1496 2183 τὴν
1538 2108 1700 2180 μεσό-

1820 2108 1916 2165 hec
1936 2116 2022 2165 est
2071 2107 2257 2165 eﬂicax
2281 2110 2454 2165 virtus
2479 2112 2779 2181 operativa,
2810 2115 3026 2185 quando
3052 2120 3291 2173 nondum
3318 2118 3425 2179 fuit

117 2230 270 2285 τητα,
309 2211 966 2284 ἀποκατασταθήσεταιή
998 2211 1123 2281 χεὶρ
1149 2204 1315 2265 αὐτοῦ
1345 2205 1528 2277 ὑγιής.
1556 2203 1702 2276 Ὅρα

1820 2204 2208 2273 transgressio.
2253 2203 2355 2261 Ubi
2386 2214 2566 2263 autem
2601 2214 2821 2263 extenta
2854 2218 2940 2264 est
2964 2211 3198 2268 dextera
3232 2222 3417 2273 nostra

116 2306 165 2358 δὲ
211 2310 315 2360 καὶ
360 2307 428 2361 τὸ
483 2302 955 2373 ’Δποκατεστάθη.
991 2300 1239 2371 Kal-.169
1270 2296 1339 2371 ἦν
1365 2298 1454 2352 ὅτι
1487 2296 1709 2368 εῐχομιν

1820 2296 1889 2370 ad
1944 2294 2186 2353 fructum
2230 2297 2593 2369 prohibitum,
2656 2312 2785 2358 tunc
2821 2317 3071 2359 arescere
3128 2307 3295 2377 erepit
3354 2309 3422 2362 ad

118 2398 285 2467 ὑγιεῖς
322 2397 429 2462 τὰς
464 2400 678 2469 χεῖρας,
710 2395 981 2460 τουτέστι,
1035 2393 1155 2465 τὴν
1189 2390 1506 2461 πρακτικὴν
1553 2389 1711 2460 ἐνέρε-

1820 2390 2196 2459 operationem
2270 2391 2435 2461 boni.§
2484 2389 2827 2449 Restituetur
2882 2394 3048 2466 igitur
3110 2397 3305 2453 iterum
3368 2400 3422 2456 in

118 2506 286 2557 γειαν,
323 2490 419 2544 ὅτε
463 2489 622 2544 οὔπω
652 2487 1001 2559 παράϐασις·
1056 2483 1155 2553 ἀφ’
1192 2476 1255 2537 οὗ
1283 2483 1343 2537 δέ
1384 2480 1651 2552 ἐξετάσθη
1676 2481 1711 2552 ἡ

1822 2481 2109 2555 pristinam
2156 2482 2468 2551 sanitatem,
2503 2500 2626 2542 cum
2660 2485 2716 2542 in
2763 2488 2942 2545 medio
2974 2490 3288 2548 steterimus
3311 2491 3424 2547 vir-

115 2583 231 2651 χεὶρ
261 2581 427 2653 ἡμῶν
466 2584 563 2636 ἐπὶ
610 2582 701 2635 τὸν
733 2578 1186 2651 ἀπηγορευμένον
1232 2575 1468 2645 καρπὸν,
1516 2571 1714 2629 ἐκτοτε
1827 2582 2027 2632 lutum.

116 2674 389 2746 ἐξηράνθη
423 2674 565 2745 πρὸς
606 2673 705 2744 τὴν
732 2672 830 2727 τοῦ
869 2671 1040 2726 καλοῦ
1076 2668 1366 2741 ἐργασίαν.
1404 2665 1581 2722 Πάλιν
1647 2662 1743 2722 οὖν
1786 2666 2385 2739 ἀποκατασταθήσεται
2427 2670 2507 2733 εἰς
2547 2670 2647 2741 τὴν
2694 2674 2972 2745 προτέραν
3015 2670 3226 2746 ὑγείαν,
3294 2679 3427 2734 ὅταν

112 2768 167 2822 ἐν
193 2766 273 2838 τῷ
306 2770 467 2838 μέσῳ
510 2766 800 2838 σταθῶμεν
823 2765 931 2819 τῶν
961 2763 1197 2835 ἀρετῶν.

189 2880 208 2915 ι
250 2863 367 2916 Kal
402 2861 715 2927 ἐξελθόντες
746 2862 797 2915 oi
829 2861 1143 2932 Φαρισαῖοι,
1178 2857 1384 2923 εὐθέως
1426 2856 1569 2929 μετά
1602 2857 1713 2912 τῶν

124 2954 481 3025 Ἦρωδιανῶν
520 2953 849 3026 συμϐούλιον
886 2954 1108 3009 ἐποίουν
1156 2954 1279 3009 κατ’
1316 2952 1508 3017 αὑτοῦ,
1556 2952 1710 3016 ὅπως

1899 2851 2066 2908 Vrsas.
2102 2851 2261 2908 6-12.
2300 2870 2318 2905 ι
2354 2852 2575 2923 Egressi
2604 2866 2734 2909 vero
2768 2852 3032 2910 Pharisaei
3081 2856 3268 2912 statim
3321 2872 3427 2913 una

1824 2961 1949 3003 cum
1991 2944 2322 3002 llerodianis
2375 2945 2673 3002 consilium
2718 2944 2926 3001 inibant
2984 2947 3247 3004 adversus
3275 2949 3425 3023 illum

114 3045 279 3099 αὑτὸν
331 3044 672 3102 ἀπολέσωσι.
724 3045 836 3099 Kal
885 3046 914 3099 6
965 3042 1177 3116 Ἰησοῦς
1209 3041 1528 3114 ἀνεχώρησε
1570 3041 1711 3114 μετά

1824 3052 1883 3099 ιιι
1912 3058 2033 3099 eum
2068 3044 2383 3114 perderent.
2432 3040 2594 3100 Jesus
2626 3051 2808 3098 autem
2856 3057 2980 3099 cum
3007 3043 3291 3116 discipulis
3313 3046 3428 3102 suis

116 3142 225 3194 τῶν
259 3140 527 3212 μαθητῶν
561 3140 733 3197 αὑτοῦ
780 3139 919 3212 πρὸς
961 3140 1063 3211 τὴν
1104 3138 1401 3205 θάλασσαν,
1437 3139 1534 3193 καὶ
1575 3139 1713 3192 πολὺ

119 3234 327 3305 πλῆθος
379 3234 492 3289 ἀπὸ
529 3233 633 3304 τῆς
665 3233 957 3298 Γαλιλαίας
989 3231 1365 3306 ἠκολούθησεν
1405 3233 1578 3305 αὐτῷ,
1620 3234 1716 3288 καὶ

118 3325 225 3381 ἀπὸ
263 3326 369 3394 τῆς
419 3325 710 3393 Ἰουδαίας,
754 3326 852 3381 καὶ
874 3324 986 3379 ἀπὸ
1029 3324 1449 3397 Ἰεροσολύμων,
1482 3325 1580 3380 καὶ
1607 3325 1717 3379 ἀπὸ

117 3419 213 3488 τῆς
260 3418 599 3489 Ἰδουμαίας,
647 3419 744 3474 καὶ
798 3417 973 3491 πέραν
1010 3418 1108 3475 τοῦ
1169 3420 1463 3491 Ἰορδάνου,
1517 3420 1614 3474 καὶ
1666 3421 1716 3473 ol

118 3510 249 3582 περὶ
290 3509 471 3582 Τύρον
502 3508 600 3562 καὶ
631 3508 862 3577 Σιδῶνα,
910 3509 1125 3581 πλῆθος
1167 3510 1340 3577 πολὺ,
1380 3509 1718 3575 ἀκούσαντες

119 3604 217 3658 ὅσα
245 3604 451 3669 ἐποίει,
492 3599 658 3673 ἦλθον
698 3602 837 3674 πρὸς
866 3603 1057 3659 αὐτόν.
1094 3603 1205 3657 Kal
1230 3599 1353 3657 εἷπε
1377 3606 1491 3668 τοῖς
1534 3604 1713 3674 μαθη-

118 3698 235 3757 ταῖς
263 3694 433 3747 αὑτοῦ
475 3694 569 3749 ἵνα
597 3692 877 3764 πλοιάριον
908 3697 1296 3768 προσκαρτερῇ
1326 3694 1479 3767 αὐτῷ
1502 3694 1591 3749 διά
1627 3697 1717 3750 τὸν

118 3785 300 3858 όχλον,
333 3785 424 3842 ἵνα
455 3784 533 3857 μὴ
561 3784 816 3841 θλίϐωσιν
862 3786 1058 3841 αὐτόν·
1104 3786 1338 3852 πολλοὺς
1370 3787 1482 3862 γὰρ
1520 3787 1716 3860 ἐθερά-

120 3896 351 3944 πευσεν,
391 3879 534 3935 ὥστε
564 3879 890 3935 ἐπιπίπτειν
930 3880 1084 3952 αύτῷ
1117 3880 1206 3935 ἵνα
1241 3881 1411 3935 αὑτοῦ
1446 3881 1714 3952 ἅψωνται,

116 3970 233 4024 ὅσοι
265 3966 417 4041 εἶχον
451 3970 747 4041 μάστιγας,
779 3972 875 4027 καὶ
898 3973 969 4026 τὰ
1001 3971 1295 4041 πνεύματα
1323 3972 1396 4026 τά
1424 3971 1717 4040 ἀκάθαρτα

117 4063 247 4117 ὅταν
278 4062 447 4116 αὑτὸν
480 4061 732 4133 ἐθεώρει,
767 4063 1148 4135 προσέπιπτεν
1184 4062 1355 4135 αὐτῷ,
1389 4065 1485 4117 καὶ
1515 4061 1717 4133 ἐκραξε

117 4154 350 4222 λέγοντα
402 4153 514 4220 ὅτι,
546 4153 621 4208 Σὺ
672 4148 722 4207 εἱ
752 4155 781 4208 6
826 4154 953 4219 Υίὸς
1014 4152 1112 4208 τοῦ
1148 4153 1319 4210 Θεοῦ.
1381 4154 1491 4209 Kal
1546 4152 1719 4207 πολλὰ

118 4245 361 4316 ἐπετίμα
393 4246 602 4310 αὐτοῖς,
640 4244 729 4298 ῐνα
760 4244 838 4317 μὴ
869 4245 1104 4321 φανερὸν
1127 4244 1292 4299 αὑτὸν
1322 4244 1654 4315 ποιήσωσιν.
1691 4262 1710 4297 ι

118 4337 278 4402 Τίνες
318 4333 462 4409 ἦσαν
482 4338 533 4392 οἱ
579 4336 902 4410 Ἦρωδιανοί
928 4354 944 4406 ;
980 4338 1146 4397 Ἤτοι
1183 4338 1231 4391 oi
1261 4335 1594 4409 στρατιῶται
1622 4335 1718 4389 τοῦ

1820 3138 2046 3194 secessit
2096 3136 2164 3191 ad
2223 3151 2396 3204 mare,
2446 3145 2503 3192 et
2546 3137 2737 3209 ingens
2785 3136 3078 3194 multitudo
3117 3148 3301 3195 secuta
3343 3150 3430 3197 est

1819 3244 1944 3287 eum
1979 3244 2011 3283 a
2060 3228 2307 3296 Galilaaa,
2337 3237 2395 3286 et
2441 3243 2469 3282 a
2495 3226 2702 3296 Judma,
2729 3236 2783 3283 et
2809 3229 2876 3284 ah
2913 3227 3333 3301 Hierosolymis,
3369 3242 3427 3287 et
3515 3246 3520 3251 ·

1820 3322 1889 3377 ab
1909 3321 2169 3387 Idumam,
2205 3331 2260 3377 et
2285 3328 2435 3377 trans
2464 3318 2783 3385 Jordanem,
2814 3328 2870 3375 et
2912 3321 3003 3392 qui
3036 3320 3184 3377 circa
3215 3320 3426 3393 Tyrum

1820 3413 2166 3477 habitabant,
2224 3426 2287 3467 ac
2315 3412 2604 3474 Sidonem,
2662 3410 2943 3465 hominum
2987 3410 3276 3468 multitudo
3305 3428 3427 3469 ma-

1822 3520 1927 3576 gna
1962 3524 1975 3561 :
2012 3507 2106 3579 qui
2133 3520 2261 3561 cum
2289 3504 2569 3559 audissent
2592 3518 2713 3574 quae
2742 3502 3002 3570 faciebat,
3033 3516 3307 3562 venerunt
3357 3506 3428 3562 ad

1821 3614 1971 3656 cum.
2029 3598 2098 3655 Et
2138 3599 2277 3654 dixit
2327 3596 2613 3667 discipulis
2644 3596 2759 3653 suis
2810 3606 2870 3653 ut
2916 3598 3222 3655 naviculam
3245 3599 3431 3671 appel-

1822 3699 1996 3753 lerent
2046 3692 2148 3751 sibi
2204 3699 2430 3763 propter
2490 3694 2732 3762 turbam,
2774 3706 2843 3747 ne
2902 3693 3077 3763 ipsum
3130 3704 3428 3763 premeret.

1822 3787 2021 3844 Multos
2046 3787 2191 3842 enim
2224 3796 2537 3855 sanaverat,
2576 3788 2649 3842 ita
2684 3797 2742 3843 ut
2768 3789 3040 3844 irruerent
3064 3787 3116 3841 in
3141 3802 3287 3857 eum,
3320 3802 3430 3859 quo

1822 3879 1970 3935 illum
2031 3886 2315 3949 tangerent
2375 3886 2643 3950 quotquOt
2702 3877 2982 3934 habebant
3056 3877 3290 3951 ﬂagella.
3360 3878 3433 3935 Et

1830 3970 2058 4041 spiritus
2094 3969 2364 4025 immundi
2396 3985 2520 4025 cum
2548 3970 2703 4028 illum
2750 3971 3041 4037 vidissent,
3068 3972 3433 4041 procidehant

1821 4066 1893 4130 ei,
1924 4073 1978 4120 et
2021 4063 2332 4120 clamabant
2367 4064 2634 4131 dicentes,
2666 4062 2747 4121 Tu
2789 4079 2849 4121 es
2882 4062 3052 4121 Filius
3077 4064 3195 4120 Dei.
3229 4065 3299 4122 Et
3334 4080 3429 4120 ve-

1824 4156 2107 4214 hementer
2156 4156 2615 4213 interminabatur
2638 4156 2721 4211 eis
2767 4166 2835 4212 ne
2866 4171 2928 4213 se
2951 4155 3300 4211 manifestum
3340 4156 3428 4211 fa-

1823 4258 2030 4305 cerent.
2086 4267 2107 4304 ι
2160 4249 2395 4317 Quinam
2447 4254 2606 4304 erant
2675 4247 3011 4305 Herodiani?
3070 4246 3171 4305 Vel
3224 4250 3428 4307 milites

1822 4342 2078 4408 Herodis,
2116 4344 2203 4399 vel
2228 4342 2454 4401 haeresis
2483 4328 2733 4414 quaedam
2757 4357 2933 4413 nuper
2963 4342 3253 4398 admodum
3280 4354 3425 4408 orta,

135 4429 404 4503 Ἡρώδου,
438 4429 472 4502 ἢ
506 4429 720 4502 αἵρεσίς
748 4448 830 4495 τις
866 4428 1155 4502 νεοφανὴς,
1190 4429 1591 4501 δογματίζουσα
1626 4427 1711 4481 τὶν

1825 4450 1948 4508 qua:
1998 4435 2226 4491 docebat
2279 4434 2549 4489 Herodem
2604 4433 2779 4504 ipsum
2831 4447 2956 4489 esse
3011 4433 3313 4499 Christum,
3359 4449 3427 4490 eo

130 4523 387 4596 Ἡρώδην
413 4523 577 4579 αὐτὸν
604 4519 745 4578 εἶναι
771 4524 863 4580 τὸν
896 4526 1156 4597 Χριστὸν,
1191 4525 1280 4579 διὰ
1327 4524 1390 4577 τὸ
1424 4523 1515 4578 ἐπ’
1546 4523 1714 4581 αὑτοῦ

118 4618 297 4689 πέρας
345 4616 601 4684 δέξασθαι
637 4617 735 4690 τὴν
765 4618 878 4676 τῶν
928 4620 1237 4676 Ἰουδαϊκῶν
1288 4617 1557 4689 βασιλέων
1593 4619 1713 4673 δια-

116 4710 304 4782 δοχήν.
353 4708 417 4764 Ἡ
445 4710 556 4782 γάρ
599 4711 909 4783 προφητεία
954 4713 1047 4767 τοῦ
1095 4712 1293 4767 Ἰακὼϐ
1324 4712 1711 4783 διελάμϐανεν,

116 4803 207 4856 ὅτε
256 4802 606 4873 ἐκλείψουσιν
652 4807 702 4858 oi
747 4806 807 4872 ἐξ
866 4804 1035 4863 Ἰούδα
1081 4807 1380 4877 ἄρχοντες,
1443 4805 1568 4858 τότε
1619 4806 1713 4859 τὸν

118 4897 360 4968 Χριστὸν
391 4897 589 4955 ἐλθεῖν.
633 4898 785 4952 Ἐπεὶ
812 4895 906 4954 οὖν
933 4900 1025 4952 ἐπὶ
1064 4898 1174 4951 τῶν
1220 4896 1464 4968 Ἡρώδου
1504 4898 1712 4970 χρόνων

119 4989 299 5052 οὐδεὶς
336 4985 407 5060 ἦν
453 4989 746 5053 Ἰουδαῖκδς
773 4990 980 5061 ἄρχων,
1013 4991 1129 5045 ἀλλ’
1157 4990 1321 5054 αὐτὸς
1349 4986 1521 5062 ἦρχεν
1555 4990 1712 5044 ἀλλό-

121 5081 286 5148 pulo;
321 5080 420 5145 ὣν,
470 5082 767 5152 Ἰδουμαῖος
798 5084 907 5153 γὰρ
942 5080 1031 5156 ἦν,
1065 5083 1328 5154 ἐνόμισάν
1372 5100 1518 5147 τινες
1548 5082 1713 5136 αὐτὸν

120 5163 260 5221 εἶναι
295 5170 389 5223 τὸν
416 5171 676 5244 Χριστὸν,
709 5172 807 5225 καὶ
849 5172 1061 5244 αἵρεσιν
1108 5177 1532 5244 συνεστήσαντο,
1564 5167 1712 5239 οὗτοι

120 5260 305 5315 τοίνυν
366 5263 692 5334 ἐπεχείρουν
744 5264 1010 5320 ἀπολέσαι
1075 5265 1166 5319 τὸν
1228 5266 1457 5337 Κύριον.
1532 5264 1591 5319 '0
1654 5264 1712 5318 δέ

121 5356 429 5425 ἀναχωρεῖο
463 5354 616 5409 οὔπω
641 5356 751 5428 γὰρ
791 5353 860 5428 ἦν
881 5358 911 5412 ό
938 5361 1034 5412 τοῦ
1075 5358 1284 5421 πάῖους
1317 5359 1530 5429 καιρός.
1558 5360 1711 5429 Ἅμα

121 5448 175 5503 δὲ
200 5447 299 5501 καὶ
332 5447 419 5500 ἵνα
458 5447 709 5511 πλείονας
734 5450 1098 5525 εὐεργετήσει,
1126 5452 1215 5505 διὰ
1246 5451 1407 5505 τοῦτο
1435 5451 1713 5522 ἀναχωρεῖ

122 5540 227 5592 ἀπὸ
265 5538 379 5592 τῶν
428 5540 765 5611 ἀγνωμόνων
791 5560 803 5574 ’
835 5548 931 5600 καὶ
981 5550 1090 5617 γὰρ
1125 5544 1506 5616 ἠκολούθησαν
1558 5546 1710 5617 αὐτῷ

118 5631 334 5693 πολλοὶ,
369 5634 466 5687 καὶ
503 5633 695 5688 ἰάσατο
732 5635 955 5702 αὐτοὺς,
989 5636 1125 5689 ἀλλὰ
1157 5638 1253 5691 καὶ
1301 5638 1349 5689 oi
1387 5637 1575 5706 Τύριοι
1617 5638 1711 5691 καὶ

124 5724 169 5775 οἱ
214 5722 511 5790 Σιδώνιοι,
568 5726 857 5795 ἀλλόφυλοι
904 5726 1077 5793 ὄντες,
1129 5728 1459 5798 ὠφελοῦντο.
1522 5731 1585 5783 Ol
1650 5730 1707 5783 δὲ

189 5884 233 5914 ⁷⁸
264 5879 404 5936 Gen.
440 5898 589 5947 χιιι,
616 5884 699 5939 10.

332 5976 609 6037 Ριτιιυι..
648 5978 692 6038 G
709 5998 766 6040 ιι.
816 5980 1084 6049 CXXIII.

1822 4530 1967 4599 quod
2023 4527 2125 4584 sub
2172 4527 2266 4583 illo
2324 4524 2680 4583 Judaicorum
2728 4541 2914 4598 regum
2953 4529 3229 4584 successio
3256 4528 3417 4583 tinem

1825 4621 2134 4689 habuisset,
2168 4623 2241 4675 ita
2268 4621 2411 4675 enim
2453 4621 2797 4692 exponebant
2826 4621 3169 4692 prophetiam
3226 4619 3418 4686 Jacob,

1824 4715 2041 4784 quando
2141 4712 2406 4769 defecturi
2488 4722 2675 4769 essent
2734 4726 2802 4768 ex
2896 4711 3035 4769 Jnda
3125 4713 3423 4784 principes,

1824 4814 1957 4860 tunc
2026 4815 2310 4860 venturmn
2392 4805 2672 4859 Christum
2740 4804 2809 4859 ".
2892 4802 3027 4859 Cum
3084 4805 3250 4873 igitur
3320 4804 3426 4861 Hc-

1826 4900 1972 4954 rodis
2043 4898 2378 4967 temporibus
2440 4896 2624 4953 nullus
2678 4912 2910 4968 usquam
2977 4906 3128 4954 esset
3165 4896 3425 4954 Judaicus

1822 4991 2099 5064 princeps,
2154 4990 2250 5046 sed
2321 4998 2575 5063 regnaret
2628 4988 2870 5046 Herodes
2914 4989 3241 5061 alienigena,
3294 4992 3423 5047 ldu-

1823 5098 1991 5138 mseus
2065 5082 2208 5137 enim
2287 5091 2425 5146 erat,
2475 5080 2680 5151 opinati
2749 5090 2878 5136 sunt
2970 5082 3190 5151 quidam
3246 5083 3422 5151 ipsum

1821 5191 1942 5231 esse
1972 5174 2276 5240 Christum,
2307 5184 2362 5231 et
2396 5176 2691 5231 constituta
2726 5176 2960 5245 quadam
2995 5174 3233 5231 factione
3248 5186 3424 5233 atten-

1825 5279 2079 5325 laverunt
2134 5268 2363 5338 perdere
2428 5266 2738 5323 Dominum.
2790 5267 2913 5338 Ipse
2960 5278 3143 5324 autem
3194 5270 3421 5333 secedit,

1825 5362 2065 5417 nondum
2110 5362 2257 5417 enim
2291 5369 2411 5416 erat
2455 5361 2697 5431 patiendi
2729 5373 2962 5431 tempus.
2996 5360 3217 5418 interim
3246 5364 3421 5435 pluri-

1821 5454 1926 5511 bus
1962 5454 2367 5521 benefaciebat,
2422 5454 2491 5509 ab
2556 5454 2785 5525 ingratis
2829 5454 3156 5511 secedendo.
3203 5456 3419 5511 Etenim

1822 5547 1995 5602 secuti
2043 5557 2167 5603 sunt
2191 5562 2313 5602 eum
2344 5547 2521 5613 mulli,
2554 5557 2610 5603 et
2648 5548 2862 5602 sanavit
2898 5547 3020 5603 illos
3052 5566 3065 5603 :
3094 5548 3225 5619 quin
3254 5549 3419 5605 etiam

1821 5640 1999 5711 Tyriis
2045 5649 2101 5695 et
2132 5639 2394 5707 Sidoniis,
2427 5638 2645 5694 tametsi
2676 5650 2861 5695 essent
2899 5640 3179 5713 allophyli,
3214 5641 3419 5713 prode-

1821 5741 1925 5786 rat.
1963 5730 2189 5802 Cognati
2231 5739 2409 5786 autem
2449 5731 2569 5804 ejus
2596 5747 2719 5787 cum
2752 5733 3238 5805 persequebantur.
3268 5733 3417 5790 Adeo

3066 5982 3131 6042 Π
