4010 6404
125 446 221 511 5⁸29

831 440 1282 504 ENARRATIO
1325 439 1411 502 IN
1439 438 1945 503 EVANGELIUM
1984 433 2245 497 MARCI-
2289 456 2359 469 --
2388 430 2545 493 CAP.
2592 428 2694 491 IV.

3292 415 3400 481 530

126 560 197 619 είς
224 557 324 627 τὴν
368 555 478 625 γῆν
506 555 606 626 τὴν
648 550 841 626 καλὴν,
869 558 964 609 καὶ
998 556 1172 610 ἐδίδου
1211 554 1426 627 καρπὸν
1470 554 1707 611 ἁναὸαί-

1820 552 2049 608 fructum
2081 563 2186 604 non
2227 545 2397 601 dedit.
2425 544 2493 600 Et
2534 542 2682 598 aliud
2721 537 2921 596 cecidit
2957 536 3011 592 in
3073 542 3272 590 terram
3300 533 3401 591 bo~

126 664 277 701 νοντα
317 648 410 699 καὶ
450 645 779 712 αὐξάνοντα,
816 647 910 701 καὶ
940 648 1137 717 ἔφερεν
1165 646 1227 701 ἒν
1260 650 1575 719 τριάκοντα,
1611 648 1707 702 καὶ

127 741 177 793 ἒν
199 741 493 809 ἑξήκοντα,
527 741 623 794 καὶ
650 738 710 793 ἓν
758 739 974 793 ἑκατόν.
1012 741 1123 794 Καὶ
1151 740 1338 809 ἔλεγεν
1369 742 1556 803 αὐτοῖς
1583 752 1598 767 ·
1645 739 1707 792 '0

129 836 253 905 ἔχων
275 826 397 889 ὦτα
419 832 666 897 ἀκούειν,
707 832 978 887 ἀκουέτω.
1011 833 1142 886 Ὅτε
1176 832 1233 886 δὲ
1262 833 1483 901 ἐγένετο
1535 850 1707 886 κατα·

130 928 305 995 μόνας,
349 924 654 995 ἠρώτησαν
714 925 879 979 αὑτὸν
929 926 977 978 oi
1034 925 1167 994 περὶ
1220 925 1384 979 αὑτὸν
1425 926 1523 978 σὺν
1590 928 1707 988 τοῖς

125 1018 324 1072 δώδεκα
355 1017 458 1089 τὴν
519 1016 856 1088 παραϐολὴν,
913 1016 1006 1070 καὶ
1046 1016 1231 1084 ἔλεγεν
1268 1017 1452 1080 αὐτοῖς
1488 1030 1501 1046 ·
1539 1017 1705 1088 Ὑμῖν

125 1111 327 1169 δέδοται
351 1111 562 1178 γνῶναι
578 1110 640 1162 τὸ
676 1112 979 1181 μυστήριον
1005 1113 1102 1180 τῆς
1135 1110 1415 1180 βασιλείας
1435 1112 1528 1166 τοῦ
1548 1113 1707 1179 Θεοῦ,

126 1204 346 1265 ἐκείνοις
378 1201 441 1255 δὲ
479 1204 592 1266 τοῖς
623 1202 749 1267 ἔξω,
776 1202 833 1255 ὲν
857 1201 1196 1271 παραϐολαῖς
1239 1204 1307 1256 τὰ
1348 1204 1527 1258 πάντα
1558 1204 1711 1273 γίνε-

126 1309 225 1364 ται,
266 1300 353 1352 ῐνα
412 1298 727 1369 βλέποντες,
784 1298 1045 1369 βλέπωσι,
1096 1298 1190 1352 καὶ
1247 1298 1322 1369 μὴ
1370 1299 1545 1366 ἴδωσι,
1612 1300 1709 1353 καὶ

128 1391 437 1455 ἀκούοντες,
462 1390 726 1451 ἀκούωσι,
755 1391 848 1453 κα).
876 1389 951 1460 μὴ
975 1390 1204 1453 συνῶσι,
1232 1391 1445 1460 μήποτε
1467 1390 1714 1459 ἐπιστρέ-

127 1480 284 1548 ψωσι,
318 1482 416 1533 καὶ
453 1479 630 1548 ἀφεθῇ
668 1478 850 1541 αὐτοῖς
887 1478 959 1531 τὰ
983 1480 1383 1549 ἁμαρτήματα.
1418 1499 1437 1531 ›
1475 1479 1711 1549 Πρὼτην

128 1571 328 1642 ταύτην
359 1575 462 1641 τὴν
494 1568 814 1641 παραϐολὴν
843 1570 1025 1639 τίθησι
1047 1570 1147 1641 τὴν
1177 1589 1243 1623 πε
1256 1572 1311 1642 ρὶ
1343 1571 1438 1625 τοῦ
1480 1573 1709 1644 σπόρου,

130 1658 205 1715 ἵνα
233 1663 443 1733 ποιήσῃ
473 1660 1012 1733 προσεκτικωτέρους
1048 1665 1175 1727 τοὺς
1202 1664 1507 1733 ἀκροατάς.
1553 1664 1711 1718 Ἑπεὶ

130 1756 231 1826 γὰρ
266 1755 462 1824 μέλλει
512 1756 689 1809 sit:er
720 1756 802 1809 ὅτι
834 1757 862 1810 6
918 1756 1119 1827 σπόρος
1152 1759 1301 1811 ἐστὶν
1331 1759 1359 1811 6
1392 1759 1572 1826 λόγος,
1604 1762 1708 1828 έμ-

130 1842 302 1897 πεσὼν
320 1843 381 1898 δὲ
402 1845 487 1906 είς
505 1844 950 1914 ἀπροσκέπτους,
970 1846 1277 1918 φθείρεται,
1304 1848 1498 1902 τούτου
1525 1848 1714 1903 ἕνεκεν

128 1935 227 2008 πρὸ
274 1936 394 1993 τῶν
438 1934 619 1991 ἀλλων
648 1937 720 1990 τά
762 1936 985 1993 τοιαῦτα
1023 1939 1195 2007 λέγει,
1228 1938 1307 2001 ὡς
1354 1938 1421 1994 ἂν
1480 1941 1715 1997 σπουδά-

128 2044 287 2080 σωσιν
322 2028 375 2079 oi
406 2028 681 2097 ἀκροαταὶ
712 2026 789 2098 μὴ
822 2028 1007 2099 ἐκείνῃ
1051 2032 1118 2099 τῇ
1152 2031 1223 2099 γῇ
1278 2027 1617 2101 ὁμοιωθῆναι
1645 2032 1713 2101 τῇ

127 2118 211 2171 τὸν
252 2118 462 2189 σπόρον
495 2117 911 2192 διαφθειρούσῃ.
946 2121 1044 2183 Τίς
1090 2116 1184 2174 οὖν
1211 2122 1360 2173 ἐστὶν
1386 2122 1415 2175 6
1441 2123 1712 2195 σπείρων;

129 2208 284 2270 αὐτὸς
328 2210 359 2261 ὁ
389 2208 654 2278 Χριστὸς.
692 2208 751 2271 6;
778 2208 1002 2278 ἐξῆλθεν
1052 2210 1117 2263 ὲκ
1166 2210 1276 2263 τῶν
1338 2211 1557 2265 κόλπων
1606 2212 1716 2265 τῶν

129 2296 420 2363 Πατρικῶν
456 2295 844 2367 φιλανθρωπίᾳ
876 2298 972 2351 καὶ
1004 2301 1419 2367 συγκαταὸἀσει
1448 2301 1711 2371 ἀνεκφοι-

126 2388 323 2457 τήτως.
365 2386 594 2457 Ἐξῆλθε
619 2387 677 2451 δὲ
693 2389 791 2458 οὐχ
816 2387 903 2441 La
953 2390 1218 2462 ἐμπρήσῃ
1247 2392 1347 2461 τὴν
1390 2391 1715 2461 κατηραμέ-

129 2494 225 2543 νην
243 2475 374 2543 γῆν,
406 2477 505 2529 καὶ
530 2476 627 2537 τὰς
650 2480 893 2548 πονηρὰς
930 2480 1157 2549 καρδίας
1181 2496 1194 2510 ·
1230 2481 1352 2534 οὑδδ
1389 2482 1476 2535 ἵνα
1505 2482 1717 2554 ἐκτέμῃ

126 2567 220 2630 τὰς
254 2567 523 2629 ἀκάνθας,
581 2568 696 2621 ἀλλ’
733 2570 820 2623 ἵνα
868 2573 1070 2643 σπείρῃ
1103 2572 1193 2625 τὸν
1254 2554 1479 2644 σπόρον.
1547 2577 1712 2628 Ποῖον

126 2656 179 2709 δὲ
208 2658 446 2727 σπόρον;
471 2652 623 2729 Ἀρα
648 2659 738 2711 τὸν
771 2660 864 2712 τοῦ
889 2661 1164 2726 Μωσέωςς
1192 2658 1303 2733 ἄρα
1330 2665 1422 2716 τὸν
1449 2664 1559 2718 τῶν
1583 2682 1718 2735 προ·

131 2749 351 2819 φητῶπη
406 2749 565 2819 Οὐχὶ,
615 2749 753 2803 ἀλλά
806 2750 899 2804 τὸν
946 2753 1139 2817 αὑτοῦ,
1176 2754 1479 2818 τουτέστιν,
1532 2755 1619 2809 ἴνα
1656 2755 1717 2809 τὸ

131 2841 462 2909 Εὑαγγέλιον
495 2841 663 2895 αὐτοῦ
692 2842 1180 2915 κηρύξῃ.Ἐκεῖνος
1214 2845 1314 2915 μὲν
1335 2841 1430 2900 οὖν
1472 2846 1713 2919 ἔσπειρε.

132 2929 250 2981 Τῶν
280 2929 340 2982 δὲ
390 2932 727 3002 σπερμάτων
754 2931 782 2986 6
817 2932 943 3004 μὲν,
983 2934 1182 2988 ἔπεσεν
1213 2937 1295 2999 είς
1324 2936 1503 3008 ψυχὴν
1544 2956 1717 2993 κατα-

128 3022 529 3093 πεπατημένην
564 3023 672 3078 ὑπὸ
702 3025 913 3079 πολλῶν
935 3042 950 3057 ο
1003 3027 1098 3080 καὶ
1126 3027 1197 3081 τὰ
1234 3030 1461 3083 πετεινά
1488 3028 1582 3083 τοῦ
1628 3031 1717 3083 οὐ·

130 3113 318 3182 ρανοῦ,
370 3115 421 3167 οί
469 3114 728 3186 δαίμονες
773 3116 918 3186 λέγω
967 3120 1017 3171 oi
1080 3121 1171 3172 τὸν
1205 3120 1345 3191 ἀέρα
1377 3123 1715 3192 κατέχοντες,

127 3206 259 3259 κατέ
271 3222 439 3275 ραγον
454 3207 546 3260 τὸν
574 3208 797 3280 σπόρον.
828 3210 1072 3263 Τοιοῦτυι
1106 3212 1213 3281 γάρ
1241 3214 1379 3266 εἰσιν
1408 3214 1459 3267 oi
1504 3214 1599 3267 ἀνθ
1611 3232 1717 3284 ρω-

134 3298 423 3368 πάρεσκοι,
460 3298 580 3362 ὁδὸς
612 3303 1124 3373 καταπεπατημένη
1159 3304 1266 3357 ὑπὸ
1320 3306 1552 3360 πολλῶν
1587 3308 1717 3360 ὅταν

132 3392 233 3460 γάρ
266 3408 350 3454 τις
390 3391 567 3445 πάντα
598 3394 813 3464 πράττῃ
865 3394 1005 3464 πρὸς
1045 3396 1105 3449 τὸ
1137 3397 1336 3467 ἀρέσαι
1373 3398 1569 3471 τούτῳ,
1624 3403 1724 3454 κά·

130 3484 310 3552 κείνῳ,
342 3478 495 3548 οὗτος
516 3488 913 3540 καταπατεῖται
938 3487 1043 3541 ὑπὸ
1067 3489 1298 3544 πολλῶν.
1327 3490 1471 3561 Ὅρα
1493 3491 1549 3545 δέ
1572 3508 1585 3521 ·
1622 3496 1722 3549 οὐκ

130 3570 281 3627 εἶπεν
311 3575 396 3627 ὅτι
422 3576 686 3647 Ἐρῤιψεν
714 3578 849 3631 αὐτὸ
871 3579 965 3631 ἐπὶ
994 3580 1094 3649 τὴν
1126 3580 1268 3644 666v,
1304 3581 1419 3635 ἀλλ’
1459 3584 1719 3640 Ἔπεσεν.

138 3665 197 3717 Ὀ
233 3666 337 3734 μὲν
368 3666 478 3737 γὰρ
529 3668 790 3740 σπείρων,
846 3670 923 3733 ὡς
981 3672 1064 3735 είς
1111 3671 1326 3743 ἀγαθὴν
1358 3676 1462 3744 γῆν
1513 3677 1720 3745 ῥίπτει,

129 3758 312 3828 ἐκείνη
342 3758 402 3811 δὲ
432 3763 646 3832 πονηρά
674 3762 1067 3841 εὑρισκομινη,
1103 3764 1314 3838 φθείρει
1361 3767 1454 3821 τὸν
1495 3770 1719 3840 σπόρον,

130 3851 245 3919 ἦτοι
273 3850 367 3903 τὸν
415 3851 595 3921 λόγον.
643 3854 802 3918 Τινὲς
838 3855 901 3908 δὲ
936 3855 997 3909 τὸ
1037 3858 1194 3928 Παρά
1242 3859 1343 3929 τὴν
1376 3858 1495 3913 666v
1533 3859 1720 3926 ἔπεσε,

130 3947 437 4016 χαριέντως
469 3948 724 4020 ἐνόησαν,
752 3951 838 4004 ὅτι
866 3950 1063 4005 ἔπεσεν
1090 3953 1169 4016 είς
1186 3954 1421 4010 ἄπιστον
1446 3955 1675 4026 καρδίαν
1705 3972 1719 3987 ο

130 4038 248 4103 ὁδὸς
273 4039 376 4115 μὲν
404 4040 513 4110 γὰρ
532 4043 561 4094 6
591 4042 828 4111 Χριστός
858 4058 873 4073 ο
898 4042 1054 4114 παρὰ
1096 4043 1195 4115 τὴν
1224 4046 1343 4099 ὁδὸν
1390 4047 1448 4099 δέ
1502 4049 1642 4101 εἰσιν
1672 4049 1721 4100 oi

130 4130 377 4198 ἄπιστοι,
400 4130 450 4184 oi
473 4130 578 4196 ἔξω
594 4132 693 4203 τῆς
713 4133 857 4200 ὁδοῦ,
878 4136 1129 4189 ⁴εουτέστι
1155 4135 1250 4188 τοῦ
1269 4137 1533 4207 Χριστοῦ.
1559 4138 1722 4192 Ἀλλο

129 4221 181 4272 δὲ
211 4221 413 4275 πίπτει
446 4223 538 4277 ἐπὶ
580 4223 760 4295 ψυχὴν
811 4226 1103 4296 πετρώδηο
1142 4228 1270 4291 τοὺς
1301 4228 1540 4295 εὐκόλως
1577 4229 1723 4299 λέγω

129 4311 480 4382 δεχομένους,
516 4308 636 4367 εἶτα
656 4312 1066 4379 ἀποϐάλλοντας
1094 4334 1107 4349 ’
1145 4316 1196 4371 οἳ
1239 4318 1539 4389 πετρώδεις
1590 4322 1719 4387 είσὶ,

134 4400 273 4454 κατά
299 4419 349 4455 τι
377 4403 575 4474 μικρὸν
605 4406 843 4470 ἐοικότες
866 4409 935 4478 τῇ
962 4409 1157 4480 πέτρᾳ,
1182 4408 1260 4480 τῷ
1290 4410 1515 4482 Χριστῷ
1547 4431 1717 4485 φημι,

134 4492 270 4545 καθὸ
300 4492 551 4556 ἐδέξαντο
580 4495 672 4548 τὸν
715 4497 873 4565 λόγον
895 4514 910 4530 ο
959 4499 1096 4553 καθὸ
1133 4498 1190 4552 δὲ
1223 4500 1360 4569 πρὸς
1388 4501 1582 4571 καιρὸν
1633 4504 1720 4556 δέ·

1814 660 1960 712 nam,
2016 652 2072 699 et
2102 642 2265 697 dabat
2294 637 2529 694 fructum
2557 641 2927 705 emergentem
2959 637 3014 686 et
3035 638 3395 689 crescentem,

1809 747 1865 793 et
1895 734 2155 792 afferebat
2186 748 2353 788 unum
2406 730 2656 801 triginta,
2687 736 2741 782 et
2781 738 2950 780 unum
2984 720 3295 793 sexaginta,
3345 726 3403 774 et

1812 842 1979 882 unum
2009 833 2249 881 centum.
2276 823 2356 878 Ac
2383 821 2597 876 dicebat
2630 817 2739 874 illis
2770 836 2779 871 :
2808 814 2912 883 Qui
2944 812 3110 867 habet
3139 823 3302 865 aures
3332 809 3400 862 ad

1812 918 2163 982 audiendum,
2190 916 2391 971 audiat.
2425 911 2764 981 Cumiautem
2792 906 3052 977 cmpisset
3079 917 3205 959 esse
3230 902 3400 965 solus,

1800 1014 2295 1080 interrogaverunt
2328 1021 2452 1062 eum
2494 1004 2551 1058 hi
2583 1002 2674 1073 qui
2705 1001 2852 1055 circa
2884 997 3059 1068 ipsum
3091 1001 3400 1051 erantcum

1813 1103 2096 1161 duodecim
2126 1100 2197 1157 de
2234 1097 2514 1169 parabola,
2544 1101 2599 1151 et
2627 1094 2840 1149 dicebat
2869 1091 2952 1146 eis
2979 1104 2994 1145 :
3026 1087 3193 1142 Vobis
3216 1086 3401 1141 datum

1813 1209 1899 1254 est
1931 1210 2096 1253 nosse
2147 1193 2465 1265 mysterium
2529 1188 2683 1257 regni
2746 1185 2883 1251 Dei;
2919 1183 3026 1237 illis
3070 1191 3250 1236 autem
3312 1178 3404 1247 qui

1814 1289 1950 1345 foris
1983 1294 2133 1352 sunt,
2166 1300 2264 1356 per
2299 1281 2587 1355 parabolas
2614 1277 2799 1336 omnia
2849 1276 3025 1331 ﬁunt:
3069 1271 3403 1327 ut-videntes

1815 1379 2035 1435 videant
2066 1384 2121 1433 et
2179 1381 2287 1430 non
2345 1378 2622 1438 cernant‘;
2655 1376 2712 1425 et
2778 1366 3063 1423 audientes
3093 1362 3317 1418 audiant
3354 1370 3407 1415 et

1816 1486 1921 1526 non
1959 1468 2288 1538 intelligant,
2319 1463 2605 1535 nequando
2647 1467 3044 1518 convertantur
3100 1464 3156 1511 et
3208 1452 3405 1509 remit-

1818 1570 2004 1617 tantur
2044 1562 2127 1616 eis
2180 1566 2429 1629 peccata.
2496 1574 2515 1607 ι
2584 1553 2826 1609 Primam
2892 1550 3036 1605 hanc
3087 1543 3405 1617 parabolam

1816 1655 1988 1726 ponit,
2021 1667 2145 1723 quze
2177 1659 2263 1707 est
2294 1650 2361 1706 de
2387 1648 2619 1713 semine,
2658 1660 2765 1717 quo
2798 1643 3097 1700 reddantur
3128 1638 3409 1694 auditores

1817 1747 2154 1803 attentiores.
2182 1742 2459 1812 Quoniam
2485 1743 2632 1798 enim
2699 1739 2946 1794 dicturus
3002 1740 3124 1790 erat
3179 1730 3407 1787 verbum

1819 1852 1941 1895 esse
1972 1851 2182 1899 semen,
2214 1833 2359 1906 quod
2388 1834 2475 1889 ubi
2511 1829 2775 1889 ceciderit
2819 1827 2874 1883 in
2923 1840 3114 1896 parum
3141 1831 3405 1880 attentos.

1747 1904 1792 1959 Β
1818 1929 2192 1999 corrumpitur
2209 1904 2552 1998 :ipropterea
2581 1928 2707 1977 ante
2727 1920 2833 1975 alia
2865 1918 2980 1973 haec
3003 1915 3159 1979 dicit,
3224 1921 3285 1967 ut
3311 1926 3407 1967 au-

1818 2019 2029 2077 ditores
2078 2017 2333 2073 studeant
2362 2028 2470 2070 non
2522 2013 2600 2069 illi
2637 2018 2804 2067 terrae
2832 2006 3038 2066 similes
3084 2004 3225 2071 ﬁeri,
3288 2016 3410 2072 quae

1818 2124 2005 2166 semen
2040 2108 2329 2176 disperdit.
2353 2105 2490 2173 Quis
2521 2105 2687 2174 igitur
2731 2110 2816 2157 est
2847 2099 2938 2170 qui
2989 2094 3261 2153 seminat?
3293 2094 3412 2165 ipse

1817 2200 2072 2256 Christus
2106 2200 2197 2269 qui
2228 2198 2397 2253 exivit
2426 2213 2457 2253 ο
2486 2195 2739 2251 Paternis
2772 2193 2985 2248 sinibus
3018 2188 3275 2246 irreiiabili
3310 2188 3412 2241 mia

1820 2294 2116 2351 sericordia
2148 2306 2208 2349 se
2245 2293 2400 2348 nobis
2433 2299 2825 2358 attemperans.
2859 2284 3041 2339 Exivit
3071 2291 3254 2338 autem
3305 2294 3410 2335 non

1816 2397 1880 2445 ιιι
1910 2386 2163 2441 incendat
2185 2384 2527 2439 maledictum
2558 2388 2759 2436 terram
2778 2387 2832 2434 et
2856 2376 2995 2431 mala
3019 2376 3204 2440 corda,
3232 2385 3411 2441 neque

1821 2490 1877 2534 ut
1908 2487 2128 2534 exsecet
2164 2478 2371 2547 spinas,
2419 2474 2515 2531 sed
2580 2482 2640 2528 ut
2705 2472 2939 2527 seminet
2974 2484 3184 2524 semen.
3241 2465 3414 2534 Quale

1820 2578 2000 2626 autem
2030 2568 2255 2624 semen?
2287 2566 2546 2637 Nunquid
2577 2564 2781 2620 Mosis?
2837 2562 3082 2631 nunquid
3116 2560 3410 2631 propheta-

1819 2659 1981 2713 rum?
2036 2658 2177 2725 Non,
2233 2658 2329 2712 sed
2380 2670 2560 2721 suum,
2612 2660 2715 2709 hoc
2761 2662 2845 2708 est
2914 2660 2975 2707 ut
3055 2650 3411 2721 Evangeliutn

1821 2767 1980 2807 suum
2018 2750 2303 2820 pradicet.
2348 2748 2444 2805 Ille
2476 2749 2643 2819 igitur
2675 2745 2987 2802 seminavit.
3051 2744 3172 2801 Jam
3219 2757 3410 2799 semen

1822 2844 1966 2899 aliud
2003 2843 2057 2897 in
2097 2842 2338 2897 animam
2360 2856 2392 2897 a
2420 2840 2606 2895 multis
2638 2839 3024 2895 conculcatam
3057 2835 3259 2893 cecidit
3287 2851 3301 2888 :
3357 2843 3415 2889 et

1820 2936 2063 2993 volatilia
2086 2935 2233 3000 coeli,
2271 2936 2546 2991 dazmones
2568 2934 2713 3000 dico,
2742 2933 2831 3004 qui
2860 2947 3042 2989 aerem
3080 2932 3413 2996 inhabitant,

1822 3027 2179 3084 comederunt
2207 3042 2413 3084 semen.
2442 3025 2601 3082 Tales
2632 3027 2778 3080 enim
2820 3032 2947 3080 sunt
2982 3015 3071 3092 qui
3104 3022 3416 3078 hominibus

1826 3120 2046 3190 placere
2077 3119 2289 3185 volunt,
2346 3119 2431 3173 via
2486 3118 2695 3175 scilicet
2753 3114 3073 3172 conculcata
3121 3114 3410 3171 amultis:

1826 3214 2047 3284 quando
2085 3214 2231 3269 enim
2272 3214 2395 3283 quis
2426 3211 2609 3267 omnia
2644 3210 2774 3266 facit
2805 3218 2862 3265 ut
2909 3209 3037 3265 huic
3081 3219 3135 3263 et
3168 3208 3244 3263 illi
3303 3207 3416 3278 pla-

1828 3315 1974 3373 ceat,
2005 3308 2107 3361 iste
2157 3321 2185 3359 a
2226 3304 2414 3361 multis
2448 3303 2825 3359 conculcatur.
2868 3299 3006 3357 Vide
3060 3311 3241 3355 autem
3275 3299 3418 3370 quod

1828 3415 1932 3453 non
1957 3399 2156 3454 dixerit
2177 3412 2237 3453 se
2254 3396 2547 3469 proiecisse
2573 3396 2707 3451 illud
2736 3395 2790 3449 in
2817 3396 2982 3458 viam,
3007 3393 3101 3449 sed
3125 3392 3416 3448 cecidisse.

1822 3490 1959 3546 Nam
1991 3491 2085 3561 qui
2128 3492 2386 3556 seminat,
2419 3504 2520 3545 ceu
2555 3489 2608 3544 in
2653 3497 2857 3543 terram
2920 3486 3122 3543 bonam
3150 3484 3367 3555 proiicit
3398 3502 3412 3538 ε

1824 3583 1915 3637 illa
1952 3592 2134 3639 autem
2170 3583 2216 3640 si
2248 3582 2472 3638 inventa
2504 3581 2671 3637 fuerit
2697 3580 2866 3645 mala,
2914 3594 3124 3645 semen,
3158 3594 3253 3634 seu
3299 3595 3421 3633 vcr-

1824 3674 1950 3729 bum
2001 3676 2324 3747 corrumpit.
2372 3674 2602 3743 Quidam
2655 3684 2839 3729 autem
2889 3685 2987 3743 per
3032 3687 3220 3728 semen
3273 3673 3418 3742 quod

1824 3783 1984 3823 secus
2016 3769 2158 3824 viam
2194 3768 2412 3835 cecidit,
2461 3768 2687 3838 pulchre
2719 3767 3106 3823 intellexerunt
3146 3768 3289 3837 quod
3326 3782 3421 3821 cc-

1829 3860 2028 3915 ciderit
2054 3861 2108 3915 in
2148 3861 2508 3917 coriniidele.
2544 3859 2641 3916 Via
2678 3861 2825 3917 enim
2857 3869 2944 3916 est
2989 3858 3269 3926 Christus,
3309 3875 3419 3916 cat-

1828 3960 2003 4006 terum
2054 3967 2214 4008 secus
2244 3952 2411 4017 viam,
2468 3961 2597 4008 sunt
2641 3952 2895 4008 inﬁdeles
2932 3952 3024 4023 qui
3078 3961 3235 4007 extra
3273 3953 3418 4007 viam

1825 4051 1976 4110 sunt,
2012 4042 2114 4098 hoc
2145 4052 2230 4101 est
2257 4042 2566 4099 Christum.
2590 4042 2749 4098 Aliud
2782 4055 2967 4100 autem
2997 4046 3146 4100 cadit
3185 4046 3241 4101 in
3292 4048 3418 4101 ani-

1826 4149 1970 4189 mam
2007 4144 2279 4204 petrosam
2308 4152 2323 4189 :
2354 4150 2450 4190 eos
2484 4135 2627 4198 dico.
2664 4137 2757 4206 qui
2788 4136 2949 4192 facile
2979 4138 3312 4209 suscipiunt,
3364 4148 3421 4195 et

1828 4225 2024 4281 deinde
2054 4226 2342 4295 abjiciunt.
2374 4225 2479 4293 Qui
2509 4228 2714 4297 petrosi
2743 4238 2892 4296 sunt,
2925 4229 2993 4285 ad
3026 4245 3250 4301 parvum
3289 4232 3423 4287 tein"-
3483 4216 3487 4218 ν

1824 4332 1927 4386 pus
1964 4318 2171 4375 similes
2211 4318 2341 4375 iacti
2381 4328 2551 4387 petra:
2589 4321 2834 4389 Christo,
2884 4322 2941 4379 in
2983 4324 3089 4380 hoc
3120 4324 3265 4394 quod
3288 4339 3415 4397 ser-

1828 4424 2045 4465 monem
2099 4422 2507 4482 susceperunt:
2564 4414 2862 4470 dissimiles
2913 4423 3091 4471 autem
3152 4414 3307 4482 facti,
3353 4431 3422 4473 eo

1828 4504 1974 4573 quod
2002 4504 2069 4560 ad
2088 4476 2308 4574 ierimus
2338 4506 2502 4561 breve
2530 4515 2915 4578 susceperunt,
2942 4517 2996 4562 et
3042 4507 3241 4564 deinde
3278 4476 3420 4578 abjc.

133 4603 342 4654 χονται,
378 4582 500 4639 εἷτα
541 4587 964 4654 ἀποῦἀλλουσιν,
1019 4591 1366 4655 ἀπεοικότες.
1421 4595 1530 4647 Καὶ
1593 4595 1715 4648 ἀλλο

1828 4605 2043 4651 cerunt.
2082 4596 2147 4651 Et
2189 4597 2337 4653 aliud
2373 4600 2427 4653 in
2478 4599 2716 4654 animam
2775 4600 2973 4655 cecidit
3024 4600 3212 4656 multis
3266 4601 3416 4657 curis

133 4680 209 4740 εἰς
238 4678 424 4749 ψυχὴν
458 4680 821 4751 πολύφροντιν
855 4699 871 4714 ο
907 4683 1144 4737 ἄκανθαι
1176 4685 1286 4756 γὰρ
1326 4686 1382 4739 αί
1414 4688 1719 4756 φροντίδες.

134 4770 207 4822 T6
237 4772 295 4825 δὲ
329 4771 616 4845 τέταρτον,
648 4775 729 4839 εἰς
772 4775 877 4844 γῆν
943 4776 1179 4848 ἀγαθήν.
1226 4779 1371 4850 Ὅρα
1427 4779 1560 4847 γοῦν
1601 4781 1721 4845 πῶς

140 4864 340 4917 σπάνια
373 4864 442 4917 τὰ
469 4864 629 4931 καλὰ,
667 4866 764 4919 καὶ
795 4866 965 4936 ὀλίγοι
993 4870 1043 4921 οἱ
1076 4869 1394 4940 σωζόμενοι·
1432 4872 1494 4924 τὸ
1519 4872 1720 4945 τέταρ-

143 4971 224 5008 τον
265 4956 378 5025 γὰρ
420 4956 582 5027 μόνον
631 4956 729 5011 τοῦ
780 4958 986 5029 σπόρου
1039 4960 1369 5032 εὑρίσκεται]
1426 4963 1715 5017 διασωθέν.

138 5047 260 5110 Τοῖς
282 5043 378 5100 οὖν
400 5048 671 5119 μαθηταῖς
701 5050 1045 5122 ὲρωτήσασιν
1074 5053 1239 5107 αὑτὸν
1274 5053 1401 5125 ἰδία,
1440 5056 1606 5125 φησιν
1636 5056 1720 5110 ὅτι

146 5137 309 5209 Ὑμῖν
335 5139 543 5194 δέδοται
588 5140 885 5209 γνῶναιτά
933 5145 1228 5216 μυστήρια.
1270 5140 1396 5217 Ἆρ’
1442 5145 1535 5200 οὖν
1582 5148 1725 5201 κατά

141 5230 528 5303 ἀποκλήρωσιν
557 5234 656 5287 καὶ
708 5236 1053 5307 εἱμαρμένην
1100 5239 1163 5290 ἐκ
1212 5237 1426 5307 φύσεως
1457 5241 1567 5301 τοῖς
1622 5240 1723 5310 μὲν

138 5319 367 5383 δέδοται.
389 5327 497 5386 τοῖς
516 5324 573 5377 δὲ
594 5324 693 5391 06;
720 5325 812 5397 Μὴ
835 5328 1046 5394 γένοιτο
1065 5328 1083 5381 ί
1101 5328 1213 5382 ἀλλ’
1232 5330 1464 5394 ἐκείνοις
1491 5329 1721 5395 δέδοται,

138 5414 249 5475 τοῖς
282 5412 530 5482 ζητοῦσι.
568 5434 589 5465 ι
640 5418 867 5485 Ζητεῖτε
918 5420 1048 5489 γὰρ,
1087 5421 1241 5491 φησὶ,
1288 5422 1385 5475 καὶ
1436 5420 1724 5491 δοθήσεται

142 5503 292 5568 ὑμῖν.
326 5523 345 5555 ι
389 5506 531 5568 Τοὺς
564 5506 621 5559 δὲ
644 5507 868 5573 λοιποὺς
895 5511 1208 5580 ἐτύφλωσεν
1260 5514 1289 5566 6
1322 5512 1477 5575 Θεὸς,
1526 5513 1613 5567 ἵνα
1648 5514 1723 5585 μὴ

140 5596 271 5663 πρὸς
305 5598 526 5651 πλείονα
556 5601 886 5670 κατάκρισιν
908 5604 1090 5658 αὐτῶν
1128 5604 1216 5675 είη
1239 5604 1300 5657 τὸ
1323 5608 1465 5659 νοεῖν
1494 5606 1553 5658 τὸ
1575 5605 1716 5671 δέον,

143 5686 213 5757 μὴ
245 5691 600 5759 πραττόντων
628 5690 778 5746 αὑτό.
812 5695 1025 5759 Ἄλλως
1056 5712 1068 5725 ’
1104 5696 1291 5762 Θέλεις
1323 5697 1528 5766 γνῶναι
1562 5699 1647 5751 ὃτι
1688 5700 1716 5751 ὁ

211 5866 483 5924 ⁷⁷·⁷¹¹ι.υε.
522 5886 643 5933 rm,
686 5872 769 5927 ιο.

1827 4688 2144 4755 obnoxiam,
2177 4692 2351 4760 spinae
2406 4691 2551 4747 enim
2590 4705 2739 4747 curae
2773 4700 2924 4749 sunt.
2970 4691 3213 4762 Denique
3256 4707 3421 4763 quar-

1829 4788 1944 4834 tum
2002 4782 2054 4835 in
2092 4791 2293 4837 terram
2320 4782 2518 4838 bonam
2552 4784 2771 4840 cecidit.
2829 4783 3062 4839 Proinde
3101 4784 3224 4840 vide
3276 4799 3418 4855 quo-

1829 4870 1990 4926 modo
2020 4886 2142 4926 rara
2180 4872 2479 4940 sintbona,
2521 4882 2578 4930 et
2617 4875 2774 4945 pauci
2803 4876 2897 4945 qui
2933 4884 3264 4932 serventur:
3294 4893 3416 4931 nam

1828 4968 2082 5029 quartum
2118 4960 2274 5031 191
2313 4971 2523 5018 tantum
2573 4977 2763 5019 semen
2797 4964 3069 5020 invenitur
3117 4977 3416 5022 servatum.

1830 5050 2001 5108 Porro
2058 5054 2344 5124 discipulis
2394 5057 2629 5113 seorsim
2679 5056 3150 5127 interrogantibus
3214 5060 3415 5130 inquit,

1834 5163 1853 5197 ι
1882 5144 2052 5200 Vobis
2085 5148 2270 5201 datum
2316 5155 2399 5202 est
2450 5162 2614 5203 nosse
2647 5149 2904 5220 mysteria
2923 5149 3062 5204 ""3.
3100 5168 3120 5202 ι
3165 5149 3424 5221 Nunquid

1829 5237 1994 5307 igitur
2051 5252 2148 5306 per
2196 5242 2632 5310 segregationem
2678 5250 2734 5295 et
2767 5242 3014 5299 naturale
3066 5242 3237 5298 fatum
3298 5245 3419 5300 aliis

1828 5330 2047 5400 quidem
2077 5333 2261 5385 datum
2289 5341 2396 5399 est,
2424 5332 2548 5389 aliis
2579 5347 2709 5388 vero
2741 5335 2891 5390 non?
2936 5336 3097 5390 Absit
3129 5337 3141 5390 !
3182 5336 3276 5392 sed
3315 5337 3420 5391 illis

1826 5421 2016 5476 datum
2042 5424 2239 5493 estqui
2295 5424 2598 5493 inquirunt.
2646 5445 2666 5478 ι
2712 5426 2958 5501 Quaerite
3010 5428 3179 5489 enim,
3216 5429 3417 5499 inquit,

1827 5521 1882 5568 et
1915 5513 2134 5568 dabitur
2164 5516 2338 5570 vobis.
2368 5534 2387 5567 ›
2427 5515 2671 5571 Caeteros
2706 5527 2889 5572 autem
2924 5519 3221 5574 excmcavit
3255 5521 3414 5583 Deus,

1832 5621 1898 5661 ne
1926 5606 1999 5660 sit
2030 5606 2137 5662 illis
2184 5608 2238 5661 in
2270 5606 2531 5675 majorem
2560 5611 3075 5666 condemnationem
3129 5611 3172 5665 si
3216 5612 3419 5667 intelli-

1826 5708 1956 5769 gant
1984 5708 2039 5756 et
2064 5715 2167 5757 non
2202 5700 2423 5758 iaciant.
2455 5699 2523 5757 Et
2554 5703 2714 5759 aliter
2748 5720 2764 5760 :
2803 5704 2898 5761 Vis
2939 5705 3082 5762 scire
3109 5706 3235 5778 quia
3276 5707 3415 5761 Deus
