4010 6410
639 398 741 469 £31

1564 400 2149 463 THEOPHYLACTI
2190 397 2600 462 BULGARLE
2640 398 3000 462 ARCHIEP.

3767 402 3881 465 532

638 518 769 573 facit
790 530 974 573 omnes
1011 514 1225 572 videre?
1251 515 1396 573 audi.
1430 513 1501 571 Ut
1532 516 1781 582 uidentes,
1822 516 1924 570 hoc
1942 522 2026 570 est
2054 514 2145 569 Dei
2176 531 2186 567 :

2303 511 2432 577 Θεὸς
2474 515 2680 578 πάντας
2712 514 2936 585 ἐποίησε
2974 510 3193 582 βλέπειν
3240 512 3301 566 τὸ
3329 512 3477 579 δέον;
3521 512 3705 568 ἄκουε.
3741 514 3884 569 Ἵνα

642 624 748 661 ron
774 607 1005 672 uideant,
1042 602 1184 660 istnd
1220 616 1303 662 est
1334 606 1553 662 malitiae
1583 606 1815 662 illorum.
1874 605 2015 661 Deus
2054 606 2198 661 enim

634 684 994 762 iurinavlteos
1017 696 1403 764 videntes,hoe
1450 706 1528 754 est
1560 699 1755 753 bonum
1781 696 2155 767 intelligentes
2183 713 2194 748 :

636 788 735 855 ipsi
765 798 942 841 autem
964 804 1069 843 non
1089 788 1293 854 vident,
1315 802 1408 843 sua
1431 798 1624 857 sponte
1648 787 1833 843 oculos
1861 788 2196 854 claudentes,

634 895 700 935 ue
728 889 1113 935 convertantur
1135 887 1189 933 et
1216 878 1597 948 emendentur,
1635 881 1787 951 quasi
1824 897 1934 937 suae
1958 884 2196 952 ipsorum

632 972 791 1025 saluti
824 980 876 1026 et
899 972 1263 1027 emendationi
1291 974 1588 1028 invideant.
1614 973 1795 1031 Potest
1823 976 1986 1030 etiam
2036 984 2092 1031 et
2120 977 2197 1030 sic

634 1062 1073 1131 intelligi:Alils
1135 1063 1189 1118 in
1252 1065 1522 1133 parabolis
1585 1066 1793 1136 loquor,
1832 1078 1891 1121 ιιι
1953 1067 2197 1122 videntes

632 1167 737 1205 non
766 1152 1004 1219 videant,
1028 1155 1381 1210 etaudientes
1408 1172 1509 1210 non
1542 1156 1865 1227 intelligant,
1903 1158 2190 1227 nequando

633 1258 696 1296 ex
720 1242 822 1297 hoc
857 1253 1241 1301 convertantur
1280 1253 1333 1300 et
1362 1247 1735 1303 emendentur.

710 1508 870 1564 Vens.
906 1510 1091 1569 llr-20.
1145 1530 1162 1563 ι
1196 1512 1262 1566 Ει
1294 1514 1369 1566 ait
1418 1513 1524 1568 illis
1557 1531 1570 1567 :
1602 1512 1831 1568 Nescitis
1883 1512 2191 1583 parabolatn

633 1600 819 1654 hanc?
869 1610 921 1656 et
957 1605 1223 1671 quomodo
1264 1618 1453 1658 omnes
1495 1605 1784 1675 parabolas
1821 1605 2194 1676 cognoscetis?

631 1692 943 1747 Seminator
975 1694 1060 1750 ille
1099 1710 1404 1751 sermonem
1450 1698 1699 1751 seminat.
1736 1695 1831 1752 lsti
1882 1711 2010 1753 vero
2070 1706 2195 1751 sunt

630 1782 717 1849 qui
741 1783 891 1852 juxta
922 1784 1059 1839 viam
1095 1785 1362 1851 dicuntur,
1401 1785 1487 1841 ubi
1540 1788 1837 1843 seminatur
1865 1802 2045 1844 sermo
2089 1828 2106 1852 ,
2140 1797 2193 1842 et

626 1889 747 1938 eam
786 1876 1076 1940 audierint,
1114 1878 1400 1933 confestim
1448 1880 1596 1934 venit
1623 1877 1879 1944 Satanas,
1923 1888 1977 1933 et
2012 1881 2191 1933 aufert

628 1981 934 2022 sermonem
981 1971 1071 2039 qui
1114 1971 1409 2025 semiuatus
1450 1981 1531 2026 est
1586 1973 1635 2025 in
1695 1972 1945 2029 cordibus
1978 1988 2187 2027 eorum.

627 2057 693 2111 Et
724 2060 810 2113 alii
834 2070 958 2115 sunt
982 2062 1229 2116 similiter
1286 2064 1336 2117 ai
1366 2064 1417 2117 in
1452 2072 1664 2132 petrosa
1684 2078 1867 2121 semen
1896 2066 2187 2135 accipiunt.

629 2149 875 2214 quicum
927 2152 1193 2207 audierint
1226 2168 1552 2221 sermonem,
1608 2157 1786 2211 statim
1821 2172 1940 2211 eum
1996 2158 2190 2226 gaudio

629 2238 901 2304 accipiunt
933 2239 1105 2305 illum,
1156 2249 1211 2296 et
1239 2258 1343 2297 non
1379 2242 1577 2298 habent
1612 2246 1845 2299 radicem
1874 2246 1928 2300 in
1980 2262 2061 2311 se,
2095 2246 2189 2301 sed

630 2330 940 2396 temporarii
967 2340 1091 2383 sunt
1114 2346 1132 2383 :
1165 2331 1354 2386 deinde
1395 2344 1585 2387 coorta
1612 2333 1896 2388 afﬂictione
1945 2342 2037 2388 aut
2069 2351 2189 2405 per-

626 2420 906 2472 secutione
930 2432 1147 2489 prepler
1170 2436 1493 2490 sermonem,
1512 2426 1803 2483 confestim
1821 2424 2187 2481 oﬂ'enduntur.

627 2507 691 2559 lit
721 2508 811 2561 alii
846 2518 969 2562 sunt
994 2511 1081 2579 qui
1115 2512 1165 2565 in
1209 2514 1396 2581 spinas
1444 2529 1626 2569 semen
1660 2517 1953 2585 accipiunt.
1988 2517 2026 2570 li
2065 2527 2191 2571 sunt

628 2612 715 2658 qttl
748 2612 1053 2655 sermonem
1110 2603 1332 2657 attdiunt
1385 2620 1395 2654 :
1443 2614 1495 2658 at
1551 2605 1945 2662 sollicitudines
2007 2610 2189 2664 saaculi

626 2689 807 2759 hujus,
831 2691 1184 2762 deceptioque
1207 2695 1535 2758 divitiarum.
1558 2707 1983 2766 caeterarumque
2008 2714 2187 2755 rerum

626 2782 951 2849 cupiditates
998 2785 1361 2851 introeuntes,
1429 2788 1695 2843 suﬂ'ocant
1753 2805 2081 2858 sermonem,
2126 2808 2189 2848 ac

629 2873 871 2927 redditur
905 2874 1227 2932 infructifer.
1280 2877 1345 2932 Et
1369 2878 1457 2932 alii
1490 2890 1610 2933 sunt
1650 2882 1739 2950 qui
1784 2882 1836 2935 in
1868 2892 2067 2937 terram
2096 2885 2191 2940 bo-

627 2978 749 3016 nam
792 2979 975 3021 semen
1024 2982 1371 3036 exceperunt,
1424 2970 1515 3037 qui
1567 2972 1793 3026 audiunt
1851 2976 2096 3041 verbum,
2139 2985 2191 3029 et

625 3054 947 3123 suscipiunt,
972 3065 1024 3111 et
1052 3056 1395 3123 fructiﬁcant,
1416 3060 1487 3114 ita
1506 3070 1563 3115 ut
1585 3063 1729 3117 aliud
1754 3079 1981 3135 granum
2002 3065 2189 3119 afferat

627 3147 867 3214 triginta,
899 3148 1039 3204 aliud
1070 3153 1368 3222 sexaginta,
1396 3154 1536 3207 aliud
1585 3165 1824 3211 centum.
1870 3177 1887 3208 ι
1930 3156 2065 3214 Tres
2106 3174 2187 3212 or-

625 3237 780 3291 dines
804 3248 928 3293 sunt
962 3241 1061 3295 hoc
1116 3242 1230 3296 loro
1266 3258 1449 3299 eorum
1485 3245 1535 3298 in
1568 3246 1762 3315 quibus
1791 3248 2007 3303 verbum
2061 3264 2183 3318 per.

624 3330 792 3385 ditur.
818 3329 951 3385 Nam
981 3332 1035 3387 hi
1091 3334 1178 3402 qui
1213 3345 1335 3390 sunt
1380 3352 1536 3391 secus
1574 3338 1733 3406 viam,
1775 3355 1957 3408 parum
1996 3344 2187 3395 attenti

623 3428 795 3485 sunt;
846 3423 897 3474 hl
950 3432 1125 3478 autem
1181 3424 1269 3492 qui
1314 3437 1693 3489 comparantur
1740 3438 1923 3496 petra),
1970 3430 2187 3498 pusilla-

628 3508 797 3563 nimes
834 3526 846 3573 ;
877 3510 949 3563 illi
990 3525 1118 3565 vero
1148 3514 1235 3579 qtti
1288 3526 1672 3583 comparantur
1709 3518 1895 3587 Spinis,
1951 3519 2183 3574 delicati.

626 3598 822 3654 Eorum
851 3618 1065 3672 quoque
1100 3607 1192 3672 qui
1232 3609 1527 3675 Sttseipittnl
1555 3616 1609 3661 et
1630 3620 1958 3663 conservant
1978 3626 2184 3671 semen,

626 3693 878 3750 similiter
903 3704 1009 3751 tres
1030 3706 1157 3752 sunt
1189 3698 1428 3753 ordines.
1464 3698 1599 3753 Nam
1649 3703 1735 3770 qui
1772 3703 2002 3757 l‘rttctum
2054 3702 2188 3757 alie-

627 3788 1102 3857 runtcentuplum,
1124 3800 1245 3844 sunt
1280 3794 1374 3859 qui
1406 3793 1706 3861 perfectam
1739 3803 1793 3847 et
1816 3811 2078 3849 summam
2105 3797 2185 3849 vi-

626 3888 730 3932 tam
765 3890 928 3949 agunt
978 3898 992 3948 ;
1032 3884 1118 3951 qui
1178 3894 1355 3937 autem
1405 3888 1842 3955 sexagecnplum,
1894 3886 1945 3941 bi
1985 3888 2185 3941 medio-

620 3984 765 4025 crem
804 3964 818 4038 ξ
864 3972 918 4027 bl
954 3987 1081 4029 vero
1122 3975 1213 4042 qui
1270 3976 1647 4046 tr'gecuplum,
1684 3987 1813 4032 sunt
1862 3978 1951 4048 qui
2018 3993 2184 4047 parva

618 4063 857 4134 quidem,
896 4064 1127 4122 aﬂ‘erunt
1170 4077 1349 4122 tamen
1382 4080 1433 4123 et
1463 4070 1565 4139 ipsi
1608 4085 1707 4139 pro
1738 4071 1851 4125 suis
1882 4072 2101 4132 viribus.
2128 4082 2186 4127 ut

620 4158 850 4223 exempli
886 4159 1075 4227 gratia,
1114 4160 1345 4228 virgines
1381 4169 1433 4214 et
1488 4162 1759 4218 solitarii:
1807 4162 1932 4215 item
1962 4163 2050 4217 alii
2094 4164 2183 4233 qui

623 4247 673 4299 in
700 4248 963 4303 coenobiis
991 4259 1044 4305 et
1068 4252 1580 4321 congregatimtibus
1607 4255 1793 4307 vivunt
1822 4254 1943 4311 :alii
1968 4269 2184 4326 quoque

619 4339 742 4395 laici
800 4350 854 4415 et
902 4342 1195 4413 coniugati.
1259 4341 1641 4400 Verumtamen
1688 4344 1946 4402 Dominus
1997 4364 2183 4403 omnes

621 4441 871 4499 tanquam
934 4433 1165 4487 fructum
1219 4434 1505 4489 aﬂ‘erentcs
1558 4440 1800 4508 suscipit.
1862 4439 2043 4494 Gratia
2114 4442 2183 4495 sit

620 4525 733 4592 ejus
764 4524 1166 4579 misericordim.

694 4612 854 4667 Vnus.
901 4614 1093 4668 21-25.
1139 4634 1156 4666 ι
1197 4614 1262 4667 Et
1294 4617 1509 4671 dicebat
1566 4620 1668 4673 illis
1708 4638 1718 4670 :
1771 4619 1907 4672 Num
1960 4620 2177 4673 lucerna

622 4706 768 4759 venit
830 4716 885 4759 ut
918 4708 1106 4761 subter
1157 4710 1389 4762 modium
1426 4722 1678 4778 ponatur,
1736 4723 1827 4764 aut
1882 4718 2065 4765 subter
2107 4715 2181 4767 le-

618 4796 803 4852 cmm?
836 4798 1019 4851 Nonne
1042 4808 1099 4852 ut
1130 4814 1292 4867 super
1340 4801 1720 4856 candelabrum
1766 4805 2027 4869 ponatur?
2069 4802 2181 4858 Non

626 4899 708 4943 est
747 4890 887 4944 enim
923 4890 1077 4961 192
1110 4893 1399 4960 quidquam
1428 4894 1696 4948 occultum
1746 4896 1886 4963 quod
1922 4911 2025 4949 non
2066 4912 2181 4949 ma.

624 4980 903 5035 nifestetur
937 4998 951 5035 :
983 4997 1156 5049 neque
1208 4981 1304 5035 fuit
1335 4996 1625 5050 secretum,
1665 4986 1766 5039 nisi
1803 4996 1859 5039 ιιι
1896 4988 1947 5039 in
1984 5002 2181 5055 propa-

624 5072 788 5125 tulum
827 5073 1025 5124 veniat.
1093 5072 1147 5125 Si
1186 5074 1306 5141 quis
1356 5075 1514 5129 habet
1544 5092 1705 5131 aures
1738 5079 1801 5132 ad
1836 5080 2183 5144 audiendum,

624 5165 824 5217 audiat.
872 5182 889 5214 ι
928 5164 1036 5218 Hoc
1069 5165 1183 5219 loco
1212 5167 1459 5222 admonet
1490 5172 1758 5236 apostolos
1788 5182 1845 5227 ut
1880 5174 1987 5227 sint
2023 5172 2184 5227 clarae

623 5264 671 5307 et
717 5254 952 5308 honestae
975 5255 1130 5321 vitae;
1164 5257 1291 5311 dicit
1315 5260 1455 5313 enim
1484 5280 1495 5315 :
1531 5262 1685 5316 Sicut
1712 5264 1927 5318 lucerna
1957 5266 2176 5329 punitur

625 5354 677 5395 ut
706 5344 903 5409 luceat,
933 5346 1003 5399 ita
1033 5356 1085 5400 et
1114 5348 1222 5400 vita
1255 5359 1428 5405 vestra
1454 5353 1703 5408 omnibus
1735 5355 2025 5421 conspicua
2056 5357 2179 5421 erit,

624 5448 673 5489 ct
704 5452 892 5492 omnes
934 5440 999 5493 ad
1052 5440 1219 5507 ipsam
1278 5444 1563 5511 respicient
1597 5462 1610 5498 :
1648 5446 1852 5501 idcirco
1901 5448 2022 5501 date
2052 5464 2174 5517 ope-

626 5542 738 5579 ram
790 5538 843 5579 ut
872 5530 977 5583 vita
1015 5540 1190 5585 vestra
1220 5533 1356 5586 bona
1394 5536 1480 5588 sit.
1525 5535 1708 5605 Neque
1730 5538 1872 5596 enim
1901 5538 1951 5591 in
1989 5542 2181 5609 angulo

628 5618 848 5682 sndetis,
885 5624 979 5674 sed
1026 5622 1239 5677 lucerna
1282 5628 1430 5681 estis.
1467 5626 1705 5683 Lucerna
1736 5640 1913 5685 autem
1946 5646 2046 5685 non
2084 5633 2183 5687 sub

626 5708 765 5763 lecto
806 5713 1126 5778 occultatur,
1186 5718 1275 5770 sed
1336 5734 1495 5789 super
1554 5722 1938 5776 candelabrum
1987 5725 2177 5791 posita,

625 5799 783 5859 lucet.
820 5802 912 5859 Est
945 5816 1119 5862 autem
1156 5818 1206 5863 ct
1237 5812 1602 5884 unusquisque
1635 5822 1898 5878 nostrum,
1940 5815 2179 5877 lucerna,

2298 607 2635 674 ,ϐλέποντες
2658 625 2671 638 ·
2694 607 2853 660 τοῦτο
2876 605 2969 660 τοῦ
2987 604 3123 660 Θεοῦ
3146 620 3159 633 ·
3182 603 3267 674 μὴ
3289 605 3759 671 βλέπωσι,τοῦτο
3776 610 3885 673 τῆς

2304 701 2500 763 κακίας
2535 700 2738 753 αὐτῶν.
2791 700 2851 753 '0
2883 699 2983 771 μὲν
3006 698 3117 771 γὰρ
3148 697 3280 761 Θεὸς
3332 696 3629 767 βλέποντας
3675 698 3886 760 αὐτοὺς

2300 794 2523 856 ἔπλασε,
2569 792 2836 857 τουτέστι,
2900 791 3157 854 νοοῦντας
3197 790 3257 844 τὸ
3290 788 3480 854 καλὸν,
3510 791 3664 842 αὐτοὶ
3712 786 3767 843 δὲ
3814 792 3880 843 οὐ

2302 884 2612 954 βλέπουσιν,
2648 880 2915 942 ἑκουσίως
2946 880 3321 951 καμμύοντες.
3387 880 3473 932 ἵνα
3508 880 3581 949 μὴ
3615 882 3887 949 ἐπιστρα-

2302 976 2443 1043 φῶσι
2478 976 2572 1029 καὶ⁵
2620 972 2986 1044 διορθωθῶσιν
3020 988 3036 1003 ’
3092 972 3335 1041 ὡσπερεὶ
3377 972 3487 1039 γὰρ
3540 974 3604 1039 τῇ
3668 971 3885 1024 ἑαυτῶν

2304 1067 2546 1139 σωτηρίᾳ
2566 1068 2659 1121 καὶ
2681 1066 2964 1137 βελτιώσει
2994 1065 3301 1133 φθονοῦσιν.
3335 1065 3491 1117 Ἐστι
3526 1063 3581 1116 δὲ
3605 1065 3701 1117 καὶ
3730 1064 3884 1117 οὕτω

2304 1162 2511 1230 νοῆσαι,
2542 1160 2644 1221 ὅτι,
2696 1158 2819 1219 Τοῖς
2848 1158 3058 1220 λοιποῖς
3113 1156 3171 1208 ἑν
3206 1153 3549 1224 παραϐολαῖς
3590 1154 3754 1222 λέγω,
3788 1155 3886 1206 ἵνα

2300 1252 2587 1319 βλέποντες
2635 1252 2708 1320 μὴ
2746 1249 3002 1318 βλέπωσι,
3053 1249 3147 1303 καὶ
3181 1246 3468 1309 ἀκούοντες
3501 1248 3572 1316 μὴ
3608 1246 3859 1310 συνῶσι,

2302 1344 2511 1412 μήποτε
2560 1344 2663 1397 κᾶν
2720 1344 2783 1394 ἐκ
2834 1340 3028 1394 τούτου
3090 1340 3464 1411 ἐπιστρέψωσι
3505 1340 3599 1394 καὶ
3650 1336 3891 1409 διορθω-

2299 1436 2483 1488 θῶσιν.

2372 1546 2389 1577 ι
2428 1528 2535 1579 Kal.
2569 1528 2715 1595 λέγει
2761 1527 2949 1590 αὐτοῖς
2997 1541 3009 1556 ·
3044 1526 3157 1580 Οὐκ
3197 1526 3377 1579 οἴδατε
3411 1526 3509 1593 τὴν
3559 1521 3887 1593 παραϐολὴν

2294 1617 2528 1687 ταύτην;
2566 1617 2661 1670 καὶ
2698 1617 2814 1680 πῶς
2844 1615 3027 1679 πάσας
3058 1618 3158 1679 τάς
3207 1615 3523 1685 παραϐολὰς
3565 1611 3883 1682 γνώσεσθε;

2311 1709 2368 1762 '0
2398 1708 2655 1777 σπείρων,
2677 1709 2768 1762 τὸν
2794 1707 2949 1776 λόγον
2977 1708 3209 1779 σπείρει.
3234 1701 3391 1762 Οὗτοι
3420 1707 3475 1760 δέ
3509 1708 3619 1759 είσι
3642 1708 3689 1758 ol
3723 1707 3886 1774 παρά

2295 1801 2394 1871 τὴν
2418 1800 2564 1854 ὁδόν·
2601 1802 2735 1853 ὅπου
2774 1800 3056 1869 σπείρεται
3086 1800 3115 1852 ὁ
3171 1800 3350 1868 λόγος,
3392 1799 3489 1852 καὶ
3518 1801 3650 1852 ὅταν
3702 1798 3882 1851 ἀκού-

2223 1860 2267 1919 B
2303 1860 2487 1954 σωσιν,
2536 1891 2735 1955 εὐθέως
2766 1860 2986 1959 ἔρχεται
3033 1892 3060 1942 ὁ
3120 1860 3385 1955 Σατανᾶς,
3422 1888 3515 1941 καὶ
3574 1884 3722 1956 αἴρει
3782 1885 3883 1937 τὸν

2301 1982 2457 2051 λόγον
2480 1984 2569 2035 τὸν
2596 1982 2939 2053 ἐσπαρμένον
2976 1983 3033 2035 ἐν
3062 1983 3179 2043 ταῖς
3213 1979 3460 2047 καρδίαις
3506 1979 3715 2031 αὐτῶν.
3766 1976 3883 2029 Καὶ

2299 2076 2442 2129 οὗτοί
2474 2078 2613 2128 εἶσιν
2648 2074 2847 2145 ὁμοίως
2894 2076 2943 2127 οἱ
2980 2075 3073 2127 ἐπὶ
3101 2074 3169 2127 τὰ
3206 2071 3456 2142 πετρώδη
3491 2073 3879 2143 σπειρόμενοι,

2299 2166 2347 2218 οἳ
2375 2167 2500 2219 ὅταν
2531 2164 2804 2218 ἀκούσωσι
2831 2164 2920 2216 τὸν
2941 2164 3121 2230 λόγον,
3158 2162 3359 2225 εύθέως
3388 2160 3525 2231 μετά
3548 2161 3724 2232 χαρᾶς
3743 2159 3889 2227 λαμ-

2300 2258 2553 2309 ϐάνουσιν
2589 2257 2773 2321 αὐτὸν,
2834 2259 2928 2309 καὶ
2977 2257 3078 2309 οὐκ
3118 2257 3302 2327 ἔχουσι
3330 2255 3489 2325 ῥίζαν
3519 2256 3576 2305 ὲν
3634 2254 3883 2314 ἑαυτοῖς,

2300 2348 2433 2403 ἀλλὰ
2464 2350 2787 2419 πρόσκαιροί
2818 2352 2953 2402 εἰσιν
2981 2367 2993 2379 ·
3025 2343 3143 2401 εἶτα
3186 2350 3485 2418 γενομένης
3540 2347 3776 2413 θλίψεως
3837 2347 3873 2415 ἦ

2299 2441 2537 2509 διωγμοῦ
2571 2442 2657 2495 διά
2688 2442 2779 2494 τὸν
2817 2441 2996 2509 λόγον,
3021 2440 3224 2502 εὐθέως
3254 2426 3723 2502 σκανδαλίζονται.
3762 2438 3885 2490 Καὶ

2301 2529 2441 2587 οὗτοί
2472 2534 2629 2597 εἰσιν,
2660 2535 2709 2585 oi
2769 2534 2847 2593 είς
2874 2532 2971 2596 τὰς
3000 2530 3243 2592 ἀκάνθας
3293 2530 3665 2599 σπειρόμενοι,
3698 2529 3749 2579 οί
3782 2527 3885 2579 τὴν

2274 2628 2457 2697 ’λόγον
2495 2627 2799 2689 ἀκούοντες,
2830 2627 2921 2679 καὶ
2962 2628 3015 2678 ai
3055 2626 3317 2696 μέριμναι
3345 2623 3438 2676 τοῦ
3498 2622 3693 2683 αἰῶνος
3744 2620 3881 2672 τού-

2298 2737 2415 2783 του,
2467 2721 2560 2771 καὶ
2594 2721 2625 2787 ἠ
2658 2718 2842 2785 ἀπάτη
2872 2717 2967 2769 τοῦ
3009 2716 3241 2769 πλούτου
3270 2716 3365 2769 καὶ
3396 2716 3451 2767 al
3506 2714 3635 2782 περὶ
3657 2713 3727 2765 τὰ
3766 2711 3887 2763 λοι-

2300 2810 2378 2863 πά
2438 2810 2745 2877 ἐπιθυμίαι,
2822 2807 3275 2879 εἰσπορευόμεναι
3354 2806 3721 2874 συμπνίγουσι
3780 2803 3881 2854 τὸν

2298 2902 2475 2969 λόγον,
2514 2903 2606 2955 καὶ
2637 2902 2882 2971 ἄκαρπος
2918 2900 3149 2967 γίνεται.
3182 2898 3293 2952 Καὶ
3323 2893 3470 2951 οὗτοί
3523 2898 3659 2949 είσιν
3693 2894 3746 2947 oi
3780 2894 3885 2946 ἐπὶ

2298 2992 2394 3061 τὴν
2429 2991 2532 3059 γῆν
2560 2991 2655 3061 τὴν
2681 2990 2851 3059 καλὴν
2884 2990 3204 3059 σπαρέντες,
3231 2988 3284 3041 οῖ
3313 3004 3459 3049 τινες
3487 2985 3747 3039 ἀκούουσι
3781 2982 3883 3035 τὸν

2301 3084 2457 3151 λόγον
2509 3085 2601 3134 καὶ
2658 3080 3077 3151 παραδᾶχονται,
3150 3081 3244 3134 καὶ
3311 3074 3756 3148 καρποφοροῦσιν
3815 3073 3882 3126 ἒν

2297 3176 2589 3242 τριάκοντα
2626 3173 2717 3227 καὶ
2756 3174 2812 3225 ἓν
2856 3173 3119 3242 ἑξήκοντα
3166 3173 3258 3225 καὶ
3297 3170 3357 3222 ἓν
3384 3168 3600 3223 ἑκατόν.
3640 3186 3658 3219 r
3706 3167 3884 3235 Τρεῖς

2291 3266 2472 3329 τάξεις
2520 3266 2654 3318 είσὶν
2688 3264 2918 3317 ἐνταῦθα
2952 3265 3048 3333 τῆς
3098 3264 3375 3325 ἀπωλείας
3420 3261 3515 3315 τοῦ
3579 3259 3768 3327 λόγου.
3804 3260 3877 3312 υἱ

2297 3358 2393 3427 μὲν
2431 3358 2538 3428 γὰρ
2600 3356 2750 3427 παρὰ
2802 3357 2899 3427 τὴν
2938 3357 3076 3423 όδὶν,
3112 3355 3461 3424 ἀπρόσεκτοι,
3519 3354 3568 3406 oi
3598 3352 3655 3406 δὲ
3714 3351 3882 3423 παρὰ

2290 3450 2390 3519 τὴν
2416 3451 2641 3520 πέτραν,
2678 3448 3033 3519 μικρόψυχοι,
3098 3449 3146 3501 oi
3180 3446 3235 3499 δὲ
3270 3448 3420 3515 παρά
3460 3446 3555 3509 τάς
3595 3445 3876 3510 ἀκάνθας,

2290 3544 2336 3593 οἱ
2359 3541 2631 3612 τρυφηταί
2684 3542 2808 3593 Τῶν
2844 3539 3028 3611 μέντοι
3055 3539 3515 3610 παραδεξαμένων
3543 3539 3637 3593 καὶ
3662 3539 3880 3592 διασω-

2295 3642 2500 3688 σάντων
2532 3634 2619 3685 τὸν
2645 3633 2862 3702 σπόρον,
2894 3633 3056 3685 πάλιν
3084 3635 3233 3702 τρεῖς
3256 3631 3438 3696 τάξεις
3467 3648 3480 3663 ·
3511 3632 3560 3684 oi
3590 3630 3689 3700 μὲν
3725 3646 3878 3701 καρ-

2292 3726 2656 3797 ποφοροῦντες
2710 3724 2767 3777 ἓν
2828 3724 3042 3785 ἑκατὸν,
3096 3724 3144 3775 oi
3173 3722 3377 3775 τέλειον
3407 3722 3519 3790 βίον
3574 3722 3668 3775 καὶ
3694 3721 3878 3792 ἀκρό-

2290 3838 2449 3875 τατον
2484 3819 2700 3888 ἔχοντες
2733 3834 2745 3849 ·
2773 3818 2821 3870 oi
2848 3817 2901 3869 δὲ
2934 3816 2991 3869 ἓν
3022 3815 3308 3885 ἐξήκοντα,
3332 3816 3382 3868 oi
3417 3814 3596 3883 μέσως
3623 3814 3875 3884 ἔχοντες,

2288 3915 2337 3966 οἱ
2362 3913 2416 3966 δὲ
2444 3912 2501 3965 ἓν
2530 3910 2843 3981 τριάκοντα,
2877 3910 2990 3963 ὅσοι
3017 3908 3191 3981 μικρά
3228 3906 3347 3977 μὲν,
3377 3907 3514 3977 πλὴν
3559 3904 3655 3960 καὶ
3704 3906 3877 3960 αὐτοὶ

2291 4006 2429 4058 κατὰ
2452 4004 2681 4071 δύναμιν
2709 4002 3051 4072 εἰσφέροντες
3078 4016 3091 4031 ·
3124 3994 3256 4065 οἷον,
3296 4001 3345 4051 οί
3374 3997 3473 4067 μέν
3516 4000 3620 4050 εἱσι
3656 3996 3875 4067 παρθέ-

2293 4111 2369 4145 νοι
2402 4092 2497 4145 καλ⁵
2556 4092 2834 4161 ἐρημικοὶ,
2889 4090 3038 4143 ἄλλοι
3092 4090 3316 4159 μιγάδες
3352 4087 3445 4141 καὶ
3480 4090 3536 4141 ὲν
3581 4087 3872 4159 κοινοϐίῳ,

2289 4185 2462 4252 ἕτεροι
2510 4182 2685 4235 λαῐκοὶ
2714 4183 2808 4235 καὶ
2830 4183 2886 4234 ὲν
2916 4181 3109 4249 γάμῳ.
3150 4180 3298 4251 Πλὴν
3332 4181 3538 4244 πάντας
3580 4180 3609 4233 ὀ
3652 4180 3877 4251 Κύριος

2288 4277 2360 4337 ὠς
2394 4272 2878 4346 καρποφοροῦντας
2921 4272 3172 4342 δέχεται·
3228 4285 3323 4326 και
3386 4273 3546 4344 χάρις
3584 4274 3651 4343 τῇ
3691 4272 3868 4327 αὐτοῦ

2287 4366 2683 4436 φιλανθρωπίᾳ.

2365 4655 2380 4684 ‹
2417 4635 2523 4686 Καὶ
2552 4634 2738 4700 ἔλεγεν
2770 4636 2952 4697 αὐτοῖς
2985 4651 2997 4665 ·
3042 4634 3132 4705 Μή
3156 4652 3209 4686 τι
3233 4636 3261 4689 ὁ
3294 4634 3487 4705 λύχνος
3524 4634 3745 4706 ἔρχεται
3774 4638 3866 4692 ἵνα

2290 4725 2393 4777 ὑπὸ
2420 4724 2509 4777 τὸν
2563 4725 2743 4794 μόδιον
2776 4724 2926 4794 τεθῇ,
2984 4726 3015 4795 ἢ
3066 4726 3172 4780 ὑπὸ
3219 4728 3318 4795 τὴν
3355 4728 3579 4797 κλίνην;
3612 4729 3723 4800 Οὐχ
3777 4731 3870 4785 ἵνα

2287 4816 2381 4868 ἐπὶ
2402 4814 2498 4884 τὴν
2522 4814 2745 4885 λυχνίαν
2778 4816 3031 4887 ὲπιτεθῇ;
3072 4818 3147 4871 Οὐ
3192 4819 3300 4889 γάρ
3352 4820 3470 4871 ἔστί
3500 4822 3549 4873 τι
3596 4823 3869 4891 κρυπτὸν,

2286 4906 2313 4957 ὃ
2349 4906 2443 4958 ὲάν
2474 4906 2548 4975 μὴ
2582 4906 2892 4978 φανερωθῇ,
2927 4908 3048 4961 οὐδὲ
3090 4910 3311 4977 ἐγένετο
3369 4911 3707 4982 ἀπόκρυφον,
3747 4913 3869 4966 ἀλλ’

2289 4997 2373 5051 ἵνα
2407 5001 2485 5061 είς
2538 4998 2768 5069 φανερὸν
2827 4999 2975 5073 ἔλθῃ.
3032 5001 3097 5053 Εἴ
3147 5018 3229 5063 τις
3281 5000 3394 5072 ἔχει
3447 4996 3561 5055 ὦτα
3616 5002 3866 5070 ἀκούειν,

2286 5090 2549 5143 ἀκουέτω.
2616 5109 2633 5141 ›
2688 5091 2955 5145 Ἐνταῦθα
3014 5096 3274 5161 παραινεῖ
3331 5095 3441 5157 τοῖς
3515 5094 3864 5159 ἀποστόλοις,

2286 5181 2573 5251 λαμπροὺς
2603 5177 2743 5234 εἶναι
2779 5183 2916 5235 κατὰ
2962 5184 3050 5235 τὸν
3084 5184 3199 5253 βίον
3250 5187 3344 5237 καὶ
3399 5185 3497 5254 τὴν
3532 5185 3814 5239 πολιτείαν
3851 5207 3865 5219 -

2288 5273 2498 5342 Ὠσπερ
2528 5272 2636 5344 γὰρ
2663 5274 2690 5327 ὁ
2721 5274 2933 5343 λύχνος,
2961 5277 3149 5346 φησὶν,
3178 5278 3257 5342 είς
3284 5277 3343 5329 τὸ
3374 5278 3610 5344 λάμπειν
3628 5276 3865 5339 τίθεται,

2285 5362 2427 5415 οὕτω
2452 5363 2544 5415 καὶ
2570 5364 2597 5415 ὁ
2646 5365 2908 5435 ὑμέτερος
2958 5366 3069 5435 βίος
3118 5370 3251 5420 πᾶσι
3291 5368 3646 5438 περίϐλεπτος
3681 5367 3863 5431 ἔσται,

2288 5456 2381 5506 καὶ
2399 5456 2599 5518 πάντες
2634 5456 2769 5525 πρὸς
2795 5458 2957 5511 αὐτὸν
2991 5458 3279 5528 βλέψουσιν
3306 5479 3318 5490 ·
3352 5461 3491 5513 ὥστε
3521 5461 3862 5514 σπουδάσατε

2288 5546 2489 5611 ἀγαθὸν
2525 5547 2637 5616 βίον
2668 5548 2828 5617 ἔχειν.
2864 5552 2936 5602 Οὐ
2965 5551 3073 5620 γὰρ
3118 5555 3175 5604 ἐν
3225 5554 3396 5623 γωνίᾳ
3432 5552 3689 5622 κάθησθε,
3725 5554 3864 5606 ἀλλά

2288 5635 2474 5704 λύχνος
2502 5637 2641 5690 ὲστέ.
2684 5638 2745 5690 Ὀ
2781 5638 2836 5690 δὲ
2864 5639 3053 5709 λύχνος
3076 5641 3174 5709 οὐχ
3203 5642 3307 5693 ὑπὸ
3338 5642 3523 5711 κλίνην
3554 5640 3863 5709 κρύπτεται

2288 5729 2400 5779 ἀλλ’
2447 5731 2502 5779 ἐν
2526 5732 2588 5797 τῇ
2622 5731 2811 5801 λυχνίᾳ
2838 5732 3009 5794 τεθεὶς
3041 5734 3243 5800 φαίνει.
3286 5734 3440 5785 Ἐστι
3466 5734 3522 5786 δὲ
3578 5734 3670 5785 καὶ
3701 5734 3861 5802 ἡμῶν

2289 5821 2537 5891 ἕκαστος,
2576 5822 2788 5891 λύχνος,
2842 5825 2899 5889 ὃς
2952 5826 3153 5896 ὀφείλει
3185 5827 3427 5881 τίθεσθαι
3490 5829 3583 5881 ἐπὶ
3613 5826 3712 5899 τὴν
3767 5825 3859 5879 λυ-
