4010 6408
521 394 627 464 539

1429 390 2008 456 THEOPHYLACTI
2045 388 2459 451 ΒυιϐΑιιΙΑζ
2504 388 2866 452 ARCHIEP.

3657 379 3769 446 540

519 511 617 565 des
648 513 830 562 essent
865 504 1206 561 comminutae
1226 547 1240 569 ,
1279 520 1450 576 neque
1479 507 1765 576 quisquam
1805 504 1962 576 195
1990 515 2080 555 va-

2193 499 2420 564 Ξιλύσεις,
2475 502 2569 554 καὶ
2618 502 2720 564 τὰς
2772 499 2937 561 πέδας
2984 497 3401 570 συντετρῖφθαι’
3437 494 3536 549 καὶ
3592 493 3774 559 οὐδεὶς

521 601 708 655 luisset
731 614 850 656 eum
877 599 1116 662 domare,
1150 609 1204 653 et
1226 613 1446 668 semper
1469 599 1557 653 die
1581 615 1644 652 ac
1673 609 1830 654 nocte
1854 600 1905 653 in
1930 613 2085 652 mon-

524 693 666 748 tibus
725 706 790 745 ac
821 691 1182 746 monumentis
1224 699 1340 745 erat
1383 689 1658 755 clamans,
1701 673 1753 745 et
1795 690 2086 745 concidens

523 785 756 854 seipsum
787 784 1073 854 lapidibus.
1116 809 1132 836 ι
1162 783 1479 839 Prohntiora
1504 785 1837 855 exemplaria
1862 784 2082 849 habent,

520 878 571 930 in
602 878 874 946 regionem
916 877 1364 947 Gergesenorum.
1402 877 1581 934 Porro
1625 879 1907 935 Mattbzens
1953 880 2087 932 duos

517 969 648 1022 dicit
696 969 965 1023 dmmonio
1017 971 1301 1038 agitatos:
1355 970 1566 1026 Marcus
1621 985 1752 1026 vero
1801 979 1855 1026 et
1913 971 2089 1024 Lucas

521 1077 706 1126 unum,
736 1063 1061 1116 atrociorem
1099 1063 1351 1118 videlicet
1383 1065 1433 1116 in
1467 1063 1699 1117 medium
1728 1065 2082 1141 proteretttes.

522 1153 678 1207 Venit
705 1155 868 1222 igitur
898 1155 987 1223 qui
1010 1155 1274 1209 daemonio
1299 1155 1620 1225 agitabatur,
1645 1156 1907 1210 conﬁtens
1941 1155 2086 1210 illum

519 1257 640 1296 esse
671 1242 864 1298 Filium
897 1242 1010 1298 Dei.
1051 1242 1312 1309 Quoniam
1343 1245 1393 1297 in
1430 1245 1551 1298 navi
1580 1245 1890 1299 dubitabant
1924 1244 2087 1299 disci-

519 1333 629 1400 pttli
658 1343 887 1403 quantus
923 1327 1200 1398 liic.esset,
1235 1334 1456 1404 majoris
1482 1335 1601 1389 lldei
1638 1337 1696 1388 (it
1721 1337 2084 1390 testimonium

521 1423 587 1475 ab
619 1423 890 1477 inimicis:
920 1415 1055 1493 quos
1081 1438 1176 1492 per
1203 1427 1475 1480 datmones
1506 1427 1764 1494 intelligo.
1800 1425 2087 1480 llabitabat

519 1520 698 1564 autem
725 1511 774 1564 in
800 1513 1084 1581 sepulcris,
1113 1516 1298 1569 volens
1322 1516 1629 1571 hominibus
1655 1517 1846 1571 malam
1876 1520 2086 1588 opinioo

521 1616 643 1653 nem
700 1600 932 1668 inferre,
983 1605 1124 1672 quod
1179 1607 1524 1660 morientium
1575 1612 1768 1664 anima:
1815 1611 2088 1666 daemones

523 1690 654 1747 ﬁant
684 1710 700 1748 ;
731 1694 873 1763 quod
903 1697 1044 1751 absit
1075 1707 1133 1752 ut
1157 1699 1280 1768 quis
1309 1700 1516 1755 credat.
1812 1709 1818 1716 '

524 2041 528 2045 Ι
591 1959 752 2015 Vens.
783 1960 918 2017 6-10
971 1980 990 2014 ι
1023 1964 1155 2019 Cum
1188 1969 1408 2025 vidisset
1432 1980 1609 2026 autent
1638 1972 1820 2030 Jesutn
1852 1977 2082 2044 etnlnus,

519 2054 758 2106 cucurrit
798 2064 851 2109 et
899 2058 1144 2112 adoravit
1173 2074 1294 2114 eum
1319 2101 1333 2126 ,
1367 2072 1420 2118 et
1450 2064 1690 2128 clamans
1730 2081 1859 2124 voce
1891 2085 2086 2139 magna

519 2143 685 2202 dixitl:
719 2144 857 2211 Quid
889 2149 1016 2202 mihi
1051 2157 1222 2206 tecum
1251 2153 1638 2220 est.Jesn,Fili
1672 2159 1765 2214 Dei
1794 2161 2087 2217 altissimi?

519 2235 708 2303 adiuro
741 2247 790 2292 te
818 2254 917 2308 per
954 2241 1147 2308 Deum,
1179 2259 1247 2300 ne
1285 2262 1370 2302 me
1394 2255 1669 2318 torqueas.
1695 2252 1912 2310 Dicebat
1942 2255 2086 2310 enim

521 2325 594 2377 illi
624 2344 636 2380 :
666 2324 787 2394 Exi,
817 2331 1035 2398 spiritus
1065 2333 1357 2396 immundo.
1393 2338 1462 2392 ah
1493 2339 1730 2398 homine.
1762 2343 1824 2396 Et
1851 2346 2086 2399 interro-

519 2418 683 2485 gabat
737 2434 898 2476 eum:
947 2421 1100 2488 Quod
1148 2425 1244 2480 tibi
1294 2442 1488 2484 nomen
1530 2433 1660 2486 est?
1701 2433 1765 2486 Et
1813 2417 2088 2506 respondit

522 2511 707 2564 dicens
732 2512 780 2565 ei
809 2530 821 2564 :
853 2512 1018 2582 Legio
1044 2515 1172 2569 mihi
1202 2533 1393 2572 nomen
1423 2531 1524 2586 est,
1549 2522 1673 2592 quia
1703 2526 1854 2581 multi
1877 2542 2084 2584 sumus.

522 2600 589 2655 Et
619 2602 1008 2672 deprecabatur
1031 2621 1155 2661 eum
1186 2610 1436 2676 multum,
1464 2628 1530 2668 ne
1555 2629 1614 2669 se
1639 2617 1909 2674 emitteret
1936 2630 2087 2675 extra

522 2697 819 2766 regionem.
867 2719 883 2751 ι
917 2699 1268 2756 Tormentuttt
1297 2719 1457 2758 suum
1489 2715 1677 2776 putant
1713 2710 2006 2778 daemones,
2044 2715 2088 2767 si

520 2798 788 2857 cogantur
833 2792 983 2844 exire
1020 2792 1087 2848 ah
1133 2793 1384 2863 homine;
1427 2797 1548 2854 ideo
1587 2781 1819 2856 dicunt:
1864 2804 1942 2860 Ne
1981 2815 2091 2860 tor-

521 2894 709 2947 queas,
741 2882 840 2936 boc
864 2893 966 2948 est,
999 2899 1067 2938 ne
1095 2886 1295 2940 educas
1325 2902 1424 2942 nos
1450 2902 1516 2944 ex
1544 2890 1850 2949 habitaculo
1881 2905 2084 2964 nostro,

523 2970 622 3024 boc
669 2979 753 3026 est
799 2973 1033 3028 homine.
1079 2973 1186 3031 Sed
1222 2986 1274 3031 et
1311 2980 1468 3034 aliter
1512 2983 1898 3040 existimabant
1942 2991 2086 3059 quod

520 3075 738 3133 propter
761 3066 944 3152 gravia
969 3083 1097 3136 quae
1123 3077 1496 3152 attentassent,
1531 3089 1633 3129 non
1661 3077 1798 3131 ultra
1827 3093 2086 3148 passurus

519 3165 660 3212 esset
697 3145 840 3226 ἱρεοέ
864 3200 879 3224 ,
908 3161 1000 3214 sed
1034 3176 1156 3216 mox
1207 3145 1485 3234 suppliciis
1525 3145 1850 3236 traditurus,
1887 3172 2087 3228 ideirco
2116 3185 2163 3242 ο

520 3258 574 3301 et
619 3257 776 3302 orant
820 3265 886 3304 ne
935 3265 993 3305 se
1045 3263 1312 3321 torqueat.
1347 3255 1665 3327 interrogat
1711 3268 1886 3315 autem
1935 3263 2084 3317 lllnnt

522 3336 796 3406 Dominus,
831 3356 934 3395 non
961 3353 1015 3396 ut
1045 3343 1158 3412 ipse
1179 3346 1374 3413 discat,
1401 3350 1494 3402 sed
1516 3358 1573 3402 ut
1595 3348 1684 3405 alii
1713 3352 1923 3408 discant
1947 3355 2086 3408 mul-

521 3427 806 3483 titudinem
849 3432 1234 3487 daemoniorum
1280 3436 1371 3504 qui
1414 3437 1467 3490 in
1499 3437 1591 3493 illo
1627 3451 1803 3495 erant.
1838 3441 2089 3508 Quando-

523 3517 735 3583 quidem
781 3535 918 3576 unus
945 3525 1234 3592 apparebat
1275 3541 1431 3594 esse,
1479 3531 1717 3585 ostendit
1759 3532 1920 3590 Iesus
1962 3552 2085 3591 cum

521 3617 650 3676 quot
685 3608 919 3668 inimicis
960 3614 1284 3673 miserabilis
1316 3620 1478 3675 homo
1509 3622 1597 3678 ille
1630 3635 1885 3684 certaret.

595 3783 759 3840 Vsus.
793 3786 848 3841 ll
898 3790 981 3843 14.
1015 3810 1032 3842 t
1065 3792 1190 3847 Erat
1215 3806 1392 3852 autem
1421 3801 1491 3854 ibi
1516 3801 1670 3872 juxta
1698 3816 1934 3862 montem
1959 3825 2088 3878 grex

522 3890 807 3943 porcorum
846 3897 1068 3951 magnus
1105 3901 1364 3954 pascens,
1411 3901 1466 3945 et
1503 3894 1934 3962 deprecabantur
1966 3915 2086 3954 eum

521 3981 708 4024 Omnes
738 3971 1008 4027 daemones
1040 3975 1321 4033 dicentes:
1353 3979 1502 4037 Mitte
1543 3999 1639 4039 nos
1675 3988 1726 4039 in
1771 4003 1990 4057 porcos,
2030 4001 2090 4046 ut

522 4059 572 4110 iu
607 4074 700 4113 eos
743 4061 1090 4118 introeamtts.
1168 4065 1232 4119 Et
1273 4071 1515 4137 permisit
1559 4074 1636 4127 eis
1682 4077 1865 4131 statim
1909 4079 2087 4135 Jesus.

523 4144 585 4199 Et
605 4150 807 4214 egressi
835 4150 1057 4218 Spiritus
1087 4153 1350 4207 immundi
1385 4157 1616 4226 ingressi
1643 4173 1766 4214 sunt
1799 4163 1850 4216 in
1874 4179 2087 4232 porcos.

523 4238 584 4291 Et
641 4238 913 4295 ferebatur
970 4257 1100 4310 grex
1159 4259 1252 4312 per
1298 4261 1536 4317 praeceps
1593 4250 1644 4303 in
1701 4267 1869 4308 mare.
1924 4253 2092 4311 Erant

521 4337 696 4381 autem
735 4328 906 4383 lerme
952 4331 1033 4384 bis
1072 4332 1252 4397 mille,
1299 4344 1354 4388 et
1389 4336 1638 4393 sttt't'oeati
1677 4349 1802 4394 sunt
1834 4343 1886 4395 iu
1927 4346 2086 4398 mari.

521 4417 687 4473 Porro
723 4422 810 4489 qui
847 4423 1138 4488 pascebant
1169 4440 1389 4494 porcos,
1421 4427 1698 4499 fugerunt,
1723 4443 1776 4488 et
1807 4439 2090 4492 renuntia-

2191 592 2351 646 αὑτὸν
2383 588 2538 662 laxus
2589 592 2867 663 δαμάσαι’
2910 592 3004 645 καὶ
3039 592 3126 650 διὰ
3183 589 3407 652 παντὸς,
3445 586 3639 650 νυκτὸς
3679 589 3776 640 καὶ

2189 685 2422 751 ἡμέρας,
2455 686 2514 737 ὲν
2539 686 2654 746 τοῖς
2689 683 2841 753 ὖρεσι
2869 683 2964 736 καὶ
2989 685 3047 734 ὲν
3073 682 3188 743 τοῖς
3228 681 3507 750 μνήμασιν
3538 675 3606 750 ἦν
3635 679 3779 748 κράο

2189 777 2298 840 ζων
2333 777 2428 829 καὶ
2462 775 2826 830 κατακόπτων
2865 773 3060 829 ἑαυτὸν
3093 773 3287 836 λίθοις.
3336 791 3352 823 ι
3412 772 3492 823 Τὰ
3541 770 3772 841 ἀκριδέ.

2189 882 2354 933 στερα
2402 866 2513 919 τῶν
2549 867 2921 938 ἀντιγράφων,
2955 867 3035 928 εἰς
3064 866 3166 934 τὴν
3204 864 3390 935 χώραν
3437 863 3546 914 τῶν
3573 862 3776 930 Γεργε-

2190 955 2392 1025 σηνῶν,
2445 957 2578 1026 ἔχει.
2620 958 2679 1010 '0
2729 958 2829 1026 μὲν
2860 953 2954 1010 οὖν
3006 956 3286 1017 Ματθαῖος
3313 953 3407 1006 δύο
3445 948 3586 1004 εἶναι
3639 953 3772 1013 τοὺς

2186 1049 2664 1120 δαιμονιζομένους
2716 1049 2904 1117 λέγει·
2943 1049 2972 1100 6
3003 1047 3058 1100 δὲ
3095 1047 3322 1116 Μᾶρκος
3349 1044 3442 1098 καὶ
3474 1046 3501 1096 6
3530 1043 3774 1108 Λουκᾶς,

2187 1141 2284 1195 ἕνα
2307 1159 2322 1174 ο
2350 1143 2443 1196 τὸν
2472 1141 2579 1212 γὰρ
2617 1139 2996 1212 χαλεπώτερον
3025 1137 3430 1208 ἐπιλεξάμενοι,
3453 1133 3777 1206 διηγοῦνται

2190 1235 2318 1304 περὶ
2356 1233 2545 1287 αὑτοῦ.
2586 1234 2848 1302 Ἔρχεται
2873 1233 3052 1284 τοίνυν
3087 1229 3602 1297 ὁδαιμονιζὸμενος,
3641 1225 3777 1278 Υἱὸν

2190 1325 2353 1378 αὐτὸν
2407 1322 2684 1392 ὁμολογῶν
2723 1317 2864 1374 εἶναι
2922 1320 3080 1375 Θεοῦ.
3121 1319 3278 1373 Ἐπεὶ
3335 1319 3444 1386 γὰρ
3497 1319 3544 1368 οἱ
3592 1321 3647 1368 ὲν
3694 1314 3778 1382 τῷ

2191 1416 2362 1486 πλοίῳ
2404 1414 2786 1482 ’ἀμφέϐαλλον,
2824 1413 3067 1474 ποταπός
3117 1414 3266 1464 ἐστιν
3313 1404 3489 1472 οὗτος,
3553 1410 3585 1475 ή
3618 1405 3781 1476 παρά

2188 1506 2295 1560 τῶν
2331 1505 2569 1574 -ὲχθρῶν
2605 1505 2883 1575 μαρτυρία
2918 1503 3214 1572 πιστοτέρα
3237 1501 3446 1567 γίνεται
3481 1516 3493 1529 ·
3529 1499 3675 1565 λέγω
3707 1499 3777 1566 δὴ

2187 1598 2293 1652 τῶν
2317 1597 2607 1666 δαιμόνων.
2643 1597 2912 1665 Κατῴκει
2950 1595 3007 1647 δὲ
3037 1595 3098 1646 ὲν
3127 1596 3239 1656 τοῖς
3290 1593 3560 1662 μνήμασι,
3607 1605 3780 1658 πονη-

2189 1690 2290 1759 ρὰν
2323 1689 2592 1758 ὑπόληψιν
2636 1688 2871 1740 ἐνθεῖναι
2915 1687 3238 1757 βουλόμενος
3265 1688 3379 1747 τοῖς
3433 1683 3774 1752 ἀνθρώποις,

2189 1781 2396 1834 ὅτιτῶν
2423 1779 2880 1851 ἀποθνησκόντων
2911 1781 2968 1831 αἱ
2997 1777 3169 1847 ψυχαὶ
3213 1775 3472 1845 δαίμονες
3499 1777 3775 1841 γίνονται.

2114 1858 2158 1915 Β
2197 1876 2261 1927 ‘0
2293 1874 2364 1944 μὴ
2397 1873 2608 1941 γένοιτο
2639 1873 2760 1926 τινὰ
2788 1869 3100 1925 πιστεῦσαι.

2269 1986 2285 2016 ι
2334 1965 2477 2018 Ἰδὼν
2504 1965 2560 2018 δὲ
2584 1965 2676 2016 τὸν
2719 1963 2928 2033 Ἰησοῦν
2969 1962 3075 2014 ἀπὸ
3103 1959 3398 2031 μακρόθεν,
3438 1959 3647 2029 ἔδραμε¹
3676 1959 3778 2010 καὶ

2189 2058 2594 2130 προσεκύνησεν
2615 2055 2784 2126 αὐτῷ,
2804 2055 2898 2109 καὶ
2917 2054 3124 2124 κράξας
3155 2055 3306 2121 φωνῇ
3343 2051 3578 2124 μεγάλῃ,
3610 2047 3729 2103 εἷπε
3754 2065 3771 2080 ο

2189 2152 2253 2204 Τί
2290 2151 2411 2221 ἐμοὶ
2445 2150 2538 2204 καὶ
2570 2150 2674 2214 σοὶ,
2705 2147 2901 2218 Ἰησοῦ,
2942 2147 3035 2200 Υἱὲ
3078 2146 3171 2198 τοῦ
3201 2145 3336 2198 Θεοῦ
3376 2143 3468 2196 τοῦ
3501 2145 3770 2211 ὑψίστου;

2199 2241 2436 2311 Ὁρκίζω
2463 2257 2522 2292 σε
2551 2238 2642 2292 τὸν
2675 2239 2828 2302 Θεὸν,
2873 2240 2945 2310 μή
2986 2255 3050 2308 με
3081 2237 3401 2307 βασανίσῃς.
3425 2236 3622 2303 Ἔλεγε
3660 2237 3774 2313 γὰρ

2190 2331 2355 2401 αὐτῷ’
2398 2330 2642 2396 Ἔξελθε,
2677 2330 2736 2383 τὸ
2757 2330 2972 2400 πνεῦμα
3001 2330 3061 2381 τὸ
3084 2329 3415 2398 ἀκάθαρτον,
3456 2331 3518 2380 ἐκ
3546 2326 3639 2380 τοῦ
3673 2329 3774 2379 ἀν-

2189 2413 2430 2491 θρώπου.
2475 2422 2581 2473 Kal.
2613 2420 2879 2491 ἐπηρώτα
2931 2421 3113 2484 αὑτὸν,
3152 2420 3216 2471 Τί
3261 2437 3341 2472 σοι
3401 2421 3618 2487 δνομας
3659 2418 3773 2470 Καὶ

2191 2512 2486 2582 ἀπεκρίθη,
2507 2511 2710 2578 λέγων·
2741 2510 2960 2579 Λεγεὼν
2988 2510 3159 2580 ὄνομά
3194 2527 3305 2579 μοι,
3353 2511 3435 2563 ὅτι
3462 2508 3644 2562 πολλοί
3676 2511 3775 2562 ἔσ-

2194 2619 2314 2670 μεν.
2371 2602 2479 2654 Καὶ
2510 2601 2803 2670 παρεκάλει
2857 2601 3021 2654 αὐτὸν
3070 2601 3262 2666 πολλὰ,
3303 2601 3389 2654 ῐνα
3445 2601 3520 2669 μὴ
3565 2600 3773 2663 αὐτοὺς

2190 2692 2480 2764 ἀποστείλῃ
2515 2691 2620 2756 ἔξω
2655 2693 2753 2761 τῆς
2800 2693 3010 2763 χώρας.
3066 2694 3315 2746 Βάσανον
3379 2692 3692 2762 νομίζουσιν
3720 2693 3773 2746 οι

2189 2785 2442 2854 δαίμονες
2465 2785 2523 2838 τὸ
2549 2785 2783 2849 ἐξελθεῖν
2810 2786 2874 2838 ὲκ
2904 2785 2998 2838 τοῦ
3028 2785 3337 2856 ἀνθρώπου.
3372 2785 3460 2838 Διό
3483 2803 3640 2854 φασι,
3672 2785 3771 2856 Μὴ

2190 2876 2514 2949 βασανίσῃς,
2537 2878 2806 2941 τουτέστι,
2840 2877 2916 2949 μὴ
2947 2878 3223 2949 ἐξαγάγης
3257 2880 3406 2948 ἡμᾶς
3425 2880 3488 2931 ἐκ
3514 2877 3608 2930 τοῦ
3630 2895 3776 2930 κατ-

2190 2970 2507 3040 οικητηρίου
2566 2969 2750 3039 ἡμῶν,
2824 2971 2944 3040 ἦτοι
2974 2970 3068 3024 τοῦ
3119 2969 3438 3041 ἀνθρώπουο
3475 2971 3569 3023 καὶ
3593 2970 3774 3036 ἄλλως

2189 3059 2266 3123 δὲ,
2309 3060 2558 3130 ἐνόμιζον
2587 3062 2668 3115 ὅτι
2701 3062 2789 3116 διὰ
2841 3063 2940 3134 τὴν
2971 3061 3277 3135 ὑπερδολὴν
3305 3062 3415 3114 τῶν
3446 3063 3539 3115 ὑπ’
3586 3063 3773 3118 αὐτῶν

2191 3151 2575 3222 τολμωμένων,
2598 3154 2700 3207 οὐκ
2728 3154 2981 3220 ἀνέξεται
3007 3170 3021 3185 ³
3058 3155 3195 3208 ἀλλά
3223 3154 3536 3226 παραδώσει
3566 3155 3773 3218 αὐτοὺς

2191 3242 2439 3298 ἐντεῦθεν
2469 3245 2567 3314 ἤδη
2629 3247 2696 3315 τῇ
2731 3246 2987 3300 κολάσειο
3036 3246 3123 3299 διά
3164 3246 3323 3299 τοῦτο
3352 3245 3445 3299 καὶ
3509 3261 3774 3315 παρακα-

2193 3333 2376 3386 λοῦσιν
2419 3335 2507 3386 ἵνα
2543 3335 2616 3404 μὴ
2645 3336 2915 3410 βασανίσῃ
2955 3335 3173 3400 αύτούς.
3223 3336 3433 3408 Ἐρωτᾷ
3460 3335 3515 3388 δὲ
3549 3335 3712 3389 αὑτὸν
3742 3336 3775 3387 6

2190 3423 2412 3495 Κύριος,
2445 3425 2540 3494 οὐχ
2595 3426 2680 3477 ἵνα
2716 3425 2861 3497 μάθῃ
2895 3427 3080 3491 αὐτὸς,
3137 3426 3368 3480 ἀλλ’ἵνα
3401 3428 3450 3479 οἱ
3477 3426 3627 3480 ἄλλοι
3661 3426 3774 3494 μά-

2191 3516 2325 3569 θωσι
2364 3517 2424 3569 τὸ
2461 3517 2665 3586 πλῆθος
2723 3518 2831 3570 τῶν
2887 3517 3240 3571 ἐνοικούντων
3273 3517 3420 3587 αύτῷ
3471 3518 3774 3587 δαιμόνων.

2202 3607 2418 3679 Ἐπειδὴ
2443 3609 2550 3678 γὰρ
2579 3604 2659 3670 εἷς
2690 3609 2964 3677 ἐφαίνετο,
2999 3608 3271 3661 δείκνυσιν
3295 3609 3322 3660 6
3358 3609 3592 3678 Χριστὸς
3621 3610 3776 3674 ὅσοις

2195 3700 2406 3768 ἐχθροῖς
2439 3701 2704 3753 ὲπάλαιεν
2739 3703 2766 3752 6
2800 3698 3033 3758 ἐλεεινὸς
3059 3699 3267 3760 ἐκεῖνος
3300 3698 3616 3769 ἄνθρωπος.

2267 3809 2285 3841 ι
2318 3786 2426 3842 Ἦν
2457 3791 2512 3844 δὲ
2532 3793 2650 3844 ἐκεῖ
2679 3792 2816 3863 πρὸς
2844 3791 2922 3861 τῷ
2949 3791 3067 3862 δρει
3123 3792 3294 3862 ἀγέλη
3323 3793 3522 3862 χοίρων
3555 3792 3774 3862 μεγάλη

2195 3884 2516 3955 βοσκομένη.
2549 3886 2659 3939 Καὶ
2684 3885 3064 3955 παρεκάλεσαν
3089 3885 3250 3938 αὑτὸν
3281 3887 3480 3948 πάντες
3510 3887 3555 3937 οἱ
3581 3885 3666 3938 δαί
3675 3902 3778 3955 μο-

2192 3994 2300 4039 veg,
2332 3976 2608 4044 λέγοντες·
2667 3977 2888 4048 Πέμψον
2921 3979 3072 4048 ἡμᾶς
3127 3979 3208 4041 είς
3243 3979 3369 4040 τοὺς
3404 3977 3645 4046 χοίρους,
3682 3977 3776 4030 ἵνα

2192 4071 2485 4133 είς-αὐτοὺς
2510 4069 2839 4138 εἰσέλθωμεν
2859 4085 2873 4102 ⁸
2894 4069 2988 4122 καὶ
3011 4069 3310 4141 ἐπέτρεψεν
3338 4067 3522 4131 αὐτοῖς
3559 4068 3773 4131 εὐθέως

2192 4164 2218 4214 ὁ
2262 4162 2500 4230 ’1ησοῦς’
2528 4162 2622 4214 xat
2653 4161 2939 4225 ἐξελθόντα
2956 4163 3028 4214 τὰ
3054 4161 3342 4229 πνεύματα
3365 4161 3432 4213 τὰ
3460 4160 3774 4231 ἀκάθαρτα,

2194 4252 2442 4321 εἰσῆλθον
2499 4254 2576 4314 εἰς
2617 4253 2741 4314 τοὺς
2785 4254 3024 4323 χοίρους.
3059 4254 3174 4307 Καὶ
3221 4252 3482 4323 ὥρμησεν
3527 4254 3558 4316 ἠ
3599 4252 3776 4324 ἀγέλη

2195 4342 2334 4396 κατὰ
2371 4342 2463 4394 τοῦ
2520 4342 2766 4413 κρημνοῦ
2809 4344 2886 4406 είς
2915 4343 3014 4412 τὴν
3069 4342 3362 4398 θάλασσαν.
3387 4343 3570 4396 Ἦσαν
3599 4344 3654 4396 δὲ
3693 4345 3774 4410 ὡς

2192 4435 2459 4503 δισχίλιοι,
2509 4434 2604 4486 καὶ
2633 4435 2921 4502 ἐπνίγοντο
2959 4435 3018 4488 ὲν
3050 4437 3118 4504 τῇ
3144 4435 3422 4506 θαλάσσῃ.
3457 4435 3520 4487 Ui
3551 4435 3606 4487 δὲ
3641 4435 3774 4505 βὸσο

522 4523 712 4565 verunt
747 4515 797 4566 in
830 4517 1127 4582 civitatem,
1164 4529 1216 4573 et
1250 4522 1302 4573 itt
1341 4538 1519 4591 agros.
1563 4546 1581 4578 ι
1620 4528 1897 4588 Daemones
1927 4542 2085 4587 orant

2193 4545 2374 4591 κοντες
2403 4529 2530 4591 τοὺς
2559 4529 2796 4598 χοίρους,
2831 4527 3054 4595 ἔφυγον,
3087 4528 3184 4581 καὶ
3213 4527 3542 4596 ἀνήγγειλαν
3568 4529 3645 4590 εἰς
3669 4529 3778 4598 τὴν

523 4598 806 4654 Dominum
859 4620 923 4658 ne
966 4608 1205 4663 mitteret
1252 4626 1309 4665 se
1353 4622 1505 4668 extra
1549 4618 1854 4686 regionem,
1901 4625 1994 4678 sed
2031 4626 2083 4679 in

521 4707 735 4761 gregem
780 4710 1082 4762 porcorum.
1127 4699 1244 4770 Ipse
1283 4716 1463 4759 autem
1506 4709 1604 4764 hoc
1652 4715 1912 4779 permisit.
1951 4717 2085 4784 Quia

519 4792 660 4834 enim
689 4797 954 4840 certamen
982 4799 1064 4843 est
1088 4792 1192 4844 vita
1218 4803 1425 4860 nostra,
1453 4799 1620 4852 noluit
1653 4801 1909 4857 Dominus
1935 4817 2087 4859 extra

520 4874 656 4925 hanc
687 4876 847 4927 vitam
891 4879 1162 4935 dmmones
1202 4897 1346 4949 esse,
1391 4897 1449 4939 ιιι
1494 4900 1767 4946 certantes
1803 4895 2085 4950 nobiscum

522 4977 618 5013 uos
668 4967 1000 5030 probatiores
1035 4986 1547 5035 commonstrarent.
1591 4984 1861 5040 Permittit
1907 4999 2085 5042 autent

520 5053 622 5104 illis
654 5057 858 5110 intrare
890 5060 942 5112 in
975 5077 1163 5128 porcos
1233 5077 1290 5120 ut
1315 5068 1609 5138 discamus,
1644 5079 1784 5142 quod
1812 5079 1951 5133 sicut
1979 5097 2083 5136 non

522 5158 875 5212 pepercerunt
909 5153 1083 5217 porcis
1108 5197 1121 5217 ,
1165 5158 1235 5208 ita
1267 5174 1439 5228 neque
1468 5163 1668 5217 homini
1707 5168 1776 5221 illi
1815 5173 2086 5240 pepercis-

521 5249 667 5301 sent,
707 5242 804 5294 nisi
841 5257 964 5297 eutn
997 5246 1173 5301 divina
1211 5251 1382 5306 virtus
1415 5258 1770 5326 custodisset;
1813 5264 2086 5320 daemones

522 5331 665 5382 enim
699 5346 817 5384 cum
849 5334 1046 5389 inimici
1078 5343 1246 5394 nostri
1281 5344 1408 5408 sint,
1436 5347 1680 5415 protinus
1711 5367 1805 5407 nos
1834 5357 2086 5410 concide-

524 5432 663 5482 rent,
700 5423 799 5475 nisi
842 5423 978 5479 Deus
1005 5443 1100 5483 nos
1133 5446 1498 5491 conservaret.
1548 5439 1701 5494 Disce
1733 5454 1908 5497 autem
1943 5453 2086 5514 quod

523 5529 701 5581 neque
743 5515 792 5567 in
835 5531 1027 5583 porcos
1067 5522 1264 5578 habent
1315 5538 1635 5596 potestatem
1685 5533 1986 5603 daemones,
2033 5551 2087 5594 et

529 5607 691 5660 multo
725 5611 900 5663 minus
933 5613 986 5664 in
1019 5613 1295 5682 homines,
1327 5621 1427 5672 nisi
1463 5624 1736 5690 permittat
1779 5627 1938 5682 Deus.
1974 5628 2089 5684 0b-

529 5713 679 5750 εει-ν’)
715 5701 874 5774 196
904 5712 1085 5758 autem
1111 5710 1252 5776 quod
1298 5710 1348 5762 in
1385 5714 1629 5768 homines
1672 5718 1760 5783 qui
1795 5733 2083 5784 porcorum

533 5804 683 5845 rtore
714 5793 916 5860 vivunt,
951 5804 1005 5850 et
1033 5796 1083 5851 in
1120 5797 1229 5854 luto
1264 5801 1543 5871 voluptatis
1576 5817 1879 5878 versantur,
1911 5813 2087 5881 ingrc-

2191 4621 2344 4673 πόλιν
2361 4620 2456 4673 καὶ
2477 4621 2555 4683 είς
2581 4620 2705 4682 τοὺς
2740 4619 2964 4687 ἀγρούς.
3008 4638 3026 4670 v
3053 4621 3115 4671 Οί
3141 4619 3236 4688 μὲν
3268 4618 3518 4688 δαίμονες
3553 4620 3774 4684 ἀξιοῦσι

2188 4712 2278 4763 τὸν
2312 4713 2511 4784 Κύριον
2569 4714 2643 4780 μὴ
2681 4712 3000 4764 ἀποστεῖλαι
3048 4710 3248 4773 αὐτοὺς
3280 4711 3385 4776 ἔξω
3423 4713 3521 4780 τῆς
3552 4713 3770 4784 χώρας,

2191 4801 2304 4853 ἀλλ’
2363 4803 2440 4863 είς
2490 4801 2588 4869 τὴν
2652 4799 2854 4869 ἀγέλην
2893 4799 3001 4853 τῶν
3054 4799 3255 4870 χοίρων
3299 4799 3597 4853 ἀπολῦσαι·
3653 4805 3681 4853 6
3716 4803 3777 4857 δὲ

2193 4895 2466 4964 συγχωρεῖ
2510 4892 2686 4946 τοῦτο.
2731 4892 2948 4964 Ἐπειδὴ
3001 4894 3112 4962 γάρ
3165 4893 3476 4962 παλαίστρα
3531 4894 3681 4947 ἐστὶν
3742 4897 3775 4948 6

2193 4986 2301 5054 βίος
2340 4985 2517 5053 ἡμῶν,
2579 4983 2677 5037 οὐκ
2716 4983 2982 5053 ἠθέλησεν
3029 4987 3056 5036 6
3102 4982 3309 5052 Κύριος
3357 4985 3462 5049 ἔξω
3506 4985 3597 5038 τοῦ
3650 4986 3773 5054 βίον

2187 5077 2380 5128 τούτου
2404 5075 2672 5129 ἀπολῦσαι
2691 5078 2813 5136 τοὺς
2837 5075 3120 5144 δαίμονας,
3150 5076 3235 5128 ἶνα
3258 5074 3580 5140 παλαίοντες
3613 5080 3772 5146 ἡμῖν,

2188 5167 2593 5238 δοκιμωτέρους
2651 5169 2801 5236 ἡμᾶς
2857 5168 3222 5237 ὲγράζωνται.
3294 5169 3648 5239 Συνεχὼρησε
3713 5171 3772 5223 δὲ

2189 5262 2372 5323 αὐτοῖς
2430 5262 2511 5322 είς
2563 5259 2688 5320 τοὺς
2722 5258 2938 5329 χοίρους
2973 5257 3263 5318 εἰσελθεῖν,
3301 5259 3377 5322 ὡς
3407 5261 3474 5312 ἂν
3502 5260 3774 5330 μάθωμεν

2189 5354 2267 5404 ὃτι
2305 5351 2493 5418 ὥσπερ
2527 5350 2634 5401 τῶν
2663 5351 2861 5420 χοίρων
2898 5349 2996 5401 οὐκ
3023 5349 3330 5418 ἐφείσαντο,
3364 5351 3535 5414 οὕτως
3565 5353 3672 5404 οὐδ’
3701 5352 3776 5406 ἂν

2188 5442 2282 5494 τοῦ
2310 5442 2597 5511 ἀνθρώπου
2635 5441 2844 5494 ἐκείνου
2877 5441 3184 5509 ἐφείσαντο,
3208 5443 3257 5494 εἰ
3295 5441 3369 5510 μὴ
3401 5440 3520 5494 θεία
3541 5442 3776 5514 δύναμις

2189 5532 2321 5608 ἧνή
2382 5537 2726 5608 συντηροῦσα
2766 5538 2967 5590 αὐτόν·
3004 5539 3052 5589 ot
3104 5537 3360 5606 δαίμονες
3404 5538 3513 5608 γὰρ
3570 5539 3768 5609 ἐχθροὶ

2191 5630 2359 5693 ὄντες,
2419 5628 2728 5696 κατέκοψαν
2761 5629 2827 5681 ἂν
2875 5629 3023 5697 ἡμᾶς
3057 5629 3326 5699 αὑθωρῦν,
3377 5631 3426 5681 εί
3463 5631 3536 5702 μὴ
3580 5632 3607 5680 6
3634 5631 3773 5696 Θεὸς

2197 5725 2478 5793 συνετήρει
2540 5725 2706 5790 ἡμᾶς.
2748 5721 3000 5775 Μάνθανε
3039 5721 3092 5772 δὲ
3127 5724 3206 5774 ὅτι
3243 5722 3360 5774 οὐδὲ
3397 5722 3538 5774 κατά
3567 5723 3773 5792 χοίρων

2195 5815 2391 5883 ἔχωσιν
2443 5815 2689 5879 ἐξουσίαν
2744 5815 2791 5865 οἱ
2847 5813 3122 5883 δαίμονες,
3171 5816 3262 5866 καὶ
3325 5814 3501 5883 πολλῷ
3564 5813 3771 5882 μᾶλλον
