4010 6402
203 391 295 462 tt:
960 394 1403 464 ENARRATIO
1438 394 1521 455 IN
1561 391 2073 458 EVANGELIUM
2116 393 2377 458 MARCI.
2398 421 2463 432 --
2497 394 2659 457 CAP.
2690 394 2763 455 V.

3373 385 3484 455 562

204 507 338 563 κατά
369 508 709 584 ἀνθρώπων,
737 514 788 567 εί
822 512 897 585 μὴ
925 514 1269 583 συγχωρήσει
1294 510 1323 562 ὁ
1367 508 1539 572 Θεὸς·
1575 508 1687 572 νὸει
1733 507 1759 560 δ

1868 506 2122 574 _dinnlur
2145 508 2452 572 daemones,
2488 516 2543 563 et
2580 505 2808 559 mittunt
2841 500 2964 557 illos
2994 499 3263 572 νεώριιί
3306 500 3491 570 perdi.

199 600 276 651 ὅτι
329 601 454 652 καὶΔ
479 604 562 665 είς
595 605 724 665 τοὺς
760 603 900 657 κατά
928 602 1148 673 χοίρους
1182 600 1392 663 ζῶντας
1441 596 1787 668 ἀνθρώπους,

1902 599 2048 652 tione
2080 600 2131 653 in
2163 614 2312 653 mare
2347 598 2514 667 hujus
2542 597 2688 659 vitae,
2718 601 2777 647 ut
2808 590 3161 648 suifocentur;

201 691 392 762 καὶτῷ
430 695 685 768 βορϐόρῳ
710 697 811 767 τῆς
841 697 1033 768 ἡδονῆς
1073 692 1517 763 ὲγκυλιομένους,
1595 694 1679 755 είς
1735 691 1964 755 τούτους
2011 694 2356 764 είσέρχονται
2392 692 2443 745 οἱ
2492 689 2777 758 δαίμονες,
2807 687 2901 741 καὶ
2962 686 3254 757 ῥίπτουσιν
3285 681 3490 749 αὐτοὺς

197 781 333 835 κατὰ
363 784 462 839 τοῦ
490 787 740 856 κρημνοῦ
771 791 869 855 τῆς
900 786 1195 849 ἀπωλείας,
1236 786 1295 839 ἐν
1318 785 1384 854 τῇ
1407 778 1653 854 θαλάσσῃ
1714 780 1808 835 τοῦ
1851 780 1971 851 βίου
2003 786 2218 850 τούτου,
2257 785 2353 839 καὶ
2376 783 2801 862 ἀποπνίγονται.

266 890 284 922 ε
326 873 442 926 Καὶ
476 874 706 943 ἐξῆλθον
750 876 879 930 ἰδεῖν
904 875 954 928 τί
987 876 1103 927 ἑστι
1140 875 1203 927 τὸ
1257 875 1505 943 γεγονός.
1548 870 1657 924 Καὶ
1694 868 1784 939 ερ-

194 979 374 1031 χονται
412 966 551 1036 πρὸς
604 967 699 1021 τὸν
743 964 972 1038 Ἰησοῦν,
1007 965 1102 1019 καὶ
1139 965 1411 1035 θεωροῦσι
1456 964 1549 1017 τὶν
1584 963 1781 1033 δαιμο-

196 1057 479 1124 νιζόμενον
512 1057 848 1128 καθήμενον,
894 1058 985 1111 καὶ
1011 1060 1371 1127 ἱματισμένον
1414 1058 1502 1109 καὶ
1560 1070 1782 1125 σωφρο-

194 1146 410 1213 νοῦντα,
445 1148 539 1202 τδν
566 1150 840 1219 ἐσχηκότα
862 1152 952 1202 τὸν
975 1148 1238 1217 λεγεῶνα,
1261 1150 1355 1201 xui.
1405 1148 1776 1218 ἐφοϐήθησαν.

192 1238 535 1308 Διηγήσαντο
584 1240 643 1295 δὲ
690 1241 873 1304 αὐτοῖς
898 1242 946 1294 οί
999 1241 1221 1305 ἰδόντες,
1260 1238 1376 1301 πῶς
1434 1239 1652 1304 ἐγένετο
1698 1238 1777 1307 τῷ

188 1330 645 1404 δαιμονιζομένῳ,
683 1335 779 1387 καὶ
818 1331 1084 1403 περὶτῶν
1128 1331 1361 1403 χοίρων·
1421 1332 1516 1383 καὶ
1544 1330 1780 1401 ἤρξαντο

1962 873 2126 930 Vens.
2164 874 2353 929 15-20.
2392 892 2410 925 ι
2452 874 2517 929 Et
2540 874 2749 945 egressi
2783 880 2909 927 sunt
2934 869 3002 924 ad
3031 869 3325 924 videndum
3354 869 3485 939 quid

1884 974 2031 1020 esset
2078 965 2221 1034 quod
2271 965 2603 1019 acciderat:
2659 973 2715 1019 et
2768 962 2995 1017 veniunt
3046 961 3113 1014 ad
3162 958 3386 1021 Jesum.
3429 968 3485 1013 et

1880 1059 2070 1113 vident
2105 1058 2259 1111 illum
2293 1057 2386 1127 qui
2434 1071 2461 1109 a
2502 1056 2773 1110 daemonio
2822 1054 3160 1117 vexabatur,
3199 1051 3482 1106 sedentem

1880 1165 1945 1205 ac
1963 1149 2221 1204 vestitum
2274 1159 2327 1203 et
2357 1163 2503 1203 sanae
2531 1148 2755 1212 mentis,
2778 1146 2868 1214 qui
2895 1146 3160 1199 habuerat
3184 1143 3476 1213 legionem,

1878 1250 1932 1296 et
1979 1242 2296 1295 timuerunt.
2352 1240 2414 1293 Et
2472 1247 2841 1292 narraverunt
2889 1236 2997 1290 illis
3049 1235 3138 1302 qui
3194 1234 3461 1297 viderant,

1877 1332 2113 1401 qualiter
2150 1331 2444 1386 accidisset
2478 1331 2525 1385 ei
2566 1329 2659 1398 qui
2704 1329 3036 1382 daemonium
3078 1326 3385 1387 habuerat,
3424 1333 3482 1379 et

189 1423 543 1491 παρακαλεῖν
588 1426 755 1478 αὐτὸν
810 1423 1063 1477 ἀπελθεῖν
1088 1423 1195 1477 ἀπὸ
1226 1422 1335 1475 τῶν
1364 1422 1531 1489 ὁρίων
1564 1420 1748 1475 αὐτῶν

1878 1425 1944 1479 de
1971 1426 2173 1491 porcis.
2202 1422 2268 1476 Et
2306 1437 2499 1492 rogare
2526 1430 2818 1489 cmperunt
2844 1435 2968 1473 eum
2996 1427 3053 1471 ut
3078 1418 3387 1471 discederet
3412 1414 3479 1470 de

185 1513 294 1563 Καὶ
339 1512 617 1581 ἐμϐάντος
648 1512 815 1565 αὐτοῦ
850 1515 929 1574 είς
960 1513 1021 1565 τὸ
1047 1511 1255 1575 πλοῖον,
1290 1512 1592 1581 παρεκάλει
1613 1510 1759 1564 αύτὸε

1878 1516 2077 1571 finibus
2111 1516 2378 1583 ipsorum.
2411 1513 2477 1567 Et
2505 1528 2633 1568 cum
2673 1514 2952 1581 ingressus
2981 1518 3127 1565 esset
3159 1508 3360 1574 navim,
3392 1521 3481 1561 ro-

185 1604 209 1652 6
237 1600 636 1669 δαιμονισθεὶς,
693 1600 779 1653 ἵνα
880 1602 996 1671 μετ’
1038 1600 1202 1653 αὐτοῦ
1227 1616 1241 1631 ·
1282 1603 1309 1653 ὁ
1339 1601 1395 1654 δὲ
1444 1600 1649 1671 Ἰησοῦς
1679 1601 1759 1653 ού)

1875 1607 2039 1677 gabat
2088 1607 2242 1661 illum
2296 1607 2387 1677 qui
2437 1604 2615 1661 fuerat
2665 1620 2694 1659 a
2740 1603 3011 1658 tlaemonio
3056 1611 3374 1669 correptus,
3416 1607 3479 1655 ut

186 1691 396 1758 ἀφῆκεν
443 1692 629 1758 αὑτὸν,
682 1692 818 1745 ἀλλά
863 1691 1010 1759 λέγει
1048 1691 1233 1762 αὐτῷ·
1272 1692 1491 1759 ’Υπαγε
1547 1694 1627 1755 είς
1684 1690 1759 1743 τὸι

1878 1708 2024 1753 esset
2051 1714 2174 1753 cum
2209 1699 2303 1751 illo
2332 1715 2345 1750 :
2380 1701 2539 1752 Jesus
2570 1704 2752 1751 autem
2782 1710 2889 1749 non
2921 1693 3170 1763 permisit
3198 1706 3347 1755 eum,
3381 1691 3476 1745 sed

187 1755 329 1835 οἷκὸν
357 1801 453 1837 σου
486 1755 626 1851 πρὸς
656 1784 782 1847 τοὺς
809 1755 1053 1847 σοὺςνκαὶ
1081 1755 1408 1853 ἀνάγγει).ον
1440 1755 1628 1847 αὐτοῖς
1674 1785 1759 1837 ὅσα

1879 1793 1957 1845 ait
1991 1792 2109 1845 illi:
2153 1792 2253 1845 Abi
2303 1791 2355 1845 in
2396 1790 2615 1843 domum
2670 1798 2816 1842 tuam
2850 1786 2916 1839 ad
2950 1796 3096 1852 tuos,
3132 1794 3184 1840 et
3217 1781 3478 1838 annuutia

191 1889 266 1925 σοι
294 1876 323 1928 6
357 1874 565 1945 Κύριος
602 1875 893 1945 πεποίηκε,
931 1878 1025 1928 καὶ
1051 1876 1252 1945 uenat
1285 1894 1365 1931 σε.
1405 1878 1515 1932 Καὶ
1538 1877 1771 1946 ἀπῆλθε,

189 1965 276 2017 καὶ
308 1966 518 2035 ἤρξατο
544 1965 842 2037 κηρύσσειν
873 1969 929 2019 ἐν
958 1970 1022 2034 τῇ
1048 1970 1371 2031 Δεκαπόλει,
1394 1970 1493 2023 ὅσα
1516 1970 1775 2039 ἐποίησεν

188 2056 330 2126 αὐτῷ
363 2056 393 2109 6
438 2056 671 2126 Ἰησοῦς,
702 2059 797 2111 καὶ
846 2063 1047 2123 πάντες
1083 2060 1416 2132 ἐθαύμαζον.
1460 2080 1478 2112 ι
1522 2061 1774 2133 Ἐξῆλθον

188 2150 279 2217 μὲν
306 2152 353 2203 oi
392 2151 490 2219 τῆς
516 2152 726 2214 πόλεως
749 2151 964 2223 ἐκείνης
996 2154 1132 2221 πρδς
1154 2155 1247 2207 τὸν
1290 2154 1521 2224 Ἰησοῦν,
1556 2156 1767 2207 ἐκπλα-

186 2244 367 2310 γέντες
399 2244 461 2299 τὸ
496 2245 683 2315 θαῦμα
709 2263 721 2275 ·
749 2248 1081 2313 ἀκούσαντες
1105 2250 1181 2313 δὲ,
1212 2249 1561 2319 ἐφοϐήθησαν
1584 2250 1769 2304 πλέον.

184 2336 269 2389 ait
301 2338 398 2390 καὶ
426 2337 811 2408 παρακαλοῦσι
839 2340 929 2393 τὸν
968 2340 1176 2411 Ἰησοῦν
1207 2342 1295 2395 ἵνα
1323 2341 1516 2413 ἐξέλθῃ
1568 2345 1633 2396 ὲκ
1664 2344 1772 2397 τῶν

182 2428 345 2498 ὁρίων
377 2430 582 2483 αὐτῶν.
618 2430 733 2483 Ἐδε
756 2432 1032 2485 δοίκεισαν
1073 2434 1180 2504 γὰρ
1214 2436 1425 2505 μήποτε
1457 2436 1549 2488 καὶ
1588 2437 1771 2505 μεῖζόν

184 2537 229 2571 τι
262 2519 503 2578 πάθωσι.
544 2521 684 2583 Τοὺς
719 2522 827 2593 γὰρ
860 2523 1076 2593 χοίρους
1120 2526 1512 2589 ἀπολέσαντες,
1557 2530 1648 2581 καὶ
1677 2527 1771 2580 λυ-

184 2612 446 2680 πηθέντες
473 2614 564 2665 ἐπὶ
595 2617 661 2683 τῇ
689 2614 952 2686 ἀπωλείᾳ,
980 2620 1367 2687 παραιτοῦνται
1396 2620 1489 2673 καὶ
1513 2621 1611 2691 τὴν
1631 2639 1773 2691 παρ-

181 2702 361 2756 ουσίαν
420 2703 517 2756 τοῦ
571 2705 777 2775 Κυρίου
810 2723 823 2737 ·
860 2708 887 2760 ὁ
933 2707 988 2760 δὲ
1048 2709 1415 2778 δαιμονισθεὶς
1469 2713 1771 2781 παρεκάλει

184 2796 360 2860 αὒτδν,
394 2797 485 2849 ἴνα
588 2800 705 2865 μετ’
728 2798 914 2851 αὐτοῦ·
946 2800 1197 2869 ἐφοϐεῖτο
1230 2804 1336 2874 γὰρ
1363 2807 1575 2874 μήποτε
1608 2808 1771 2877 μόνον

183 2888 430 2955 εύρὸντες
457 2889 619 2941 αὑτὸν
647 2890 695 2940 οί
726 2890 1000 2961 δαίμονες,
1034 2894 1197 2949 πάλιν
1262 2896 1564 2949 ἐπέλθωσιν
1596 2900 1767 2969 αὐτῷ.

191 2980 245 3032 Ὀ
272 2981 327 3033 δὲ
355 2980 563 3050 Κύριος
592 2981 825 3035 ἀπολύει
846 2984 1010 3038 αὐτὸν
1028 2987 1102 3048 είς
1136 2987 1225 3040 τὸν
1250 2982 1396 3040 οἷκον
1422 2988 1607 3055 αὑτοῦ,
1627 2991 1771 3044 δεικ-

1879 1884 1989 1939 illis
2029 1892 2229 1952 quanta
2279 1882 2373 1938 tibi
2418 1880 2678 1936 Dominus
2728 1879 2952 1944 fecerit},
3004 1889 3058 1933 et
3100 1878 3359 1932 misertus
3406 1875 3481 1931 sit

1879 1976 1977 2031 tui.
2040 1974 2105 2029 Et
2167 1975 2340 2041 abiit,
2400 1984 2454 2029 et
2520 1974 2687 2043 coepit
2746 1971 3054 2040 praedicare
3105 1971 3158 2025 in
3222 1966 3475 2037 Decapoll

1876 2082 2082 2144 quanta
2112 2072 2215 2126 sibi
2252 2071 2471 2126 fecisset
2504 2067 2698 2135 Jesus;
2733 2077 2789 2123 et
2815 2082 3010 2122 omnes
3042 2065 3406 2119 mirabantur.
3448 2079 3468 2114 ι

1878 2167 2142 2219 Exierunt
2181 2165 2347 2235 igitur
2380 2164 2481 2217 viri
2516 2161 2661 2217 illius
2695 2161 2936 2217 civitatis
2967 2164 3032 2213 ad
3066 2158 3253 2214 Jesum
3286 2167 3475 2226 stupe-

1876 2256 2004 2312 facti
2030 2257 2293 2310 miraculo
2329 2273 2343 2309 :
2374 2265 2427 2309 et
2456 2270 2578 2308 cum
2607 2254 2911 2319 audissent,
2942 2253 3244 2308 timuerunt
3276 2252 3471 2319 magis.

1875 2348 2084 2403 idcirco
2126 2355 2182 2401 et
2226 2346 2410 2401 Jesum
2466 2355 2664 2413 rogant
2709 2354 2769 2398 ut
2819 2345 3136 2413 egrediatur
3184 2357 3214 2395 a
3269 2340 3474 2397 ﬁnibus

1874 2440 2139 2510 ipsorum.
2172 2437 2497 2492 Timuerunt
2526 2437 2674 2492 enim
2704 2436 2997 2505 nequando
3027 2444 3081 2490 et
3114 2433 3289 2503 majus
3315 2432 3473 2504 quid-

1876 2536 1998 2589 dam
2048 2534 2347 2601 patiantur.
2402 2532 2501 2596 Qui
2548 2532 2692 2585 enim
2742 2531 3099 2597 perdiderant
3142 2543 3372 2597 porcos.
3416 2526 3469 2580 In

1876 2625 2180 2693 perditione
2234 2624 2482 2677 dolentes
2526 2632 2823 2693 precantur
2874 2630 2932 2673 ut
2980 2620 3138 2673 abeat
3185 2617 3469 2671 Dominus.

1874 2718 2143 2773 Caeterum
2192 2718 2240 2773 is
2280 2718 2371 2787 qui
2419 2717 2691 2772 daemonio
2740 2715 2981 2784 agitatus
3022 2712 3235 2778 fuerat,
3277 2710 3473 2765 orabat

1874 2814 2025 2869 illum
2078 2824 2135 2869 ut
2191 2830 2311 2869 cum
2368 2816 2484 2885 ipso
2533 2822 2726 2869 esset:
2790 2811 3015 2865 timebat
3062 2810 3247 2871 enim,
3304 2821 3373 2863 ne
3423 2805 3470 2862 si

1874 2904 2093 2973 quando
2120 2904 2394 2958 dmmones
2419 2920 2543 2958 eum
2577 2902 2911 2957 invenissent
2942 2900 3144 2962 solum,
3184 2900 3379 2953 iterum
3408 2908 3470 2952 se

1875 2995 2111 3049 adirent.
2148 2996 2219 3048 At
2255 2995 2516 3050 Dominus
2549 2994 2756 3049 dimisit
2781 3008 2904 3047 eum
2952 2993 3003 3046 in
3044 2991 3265 3045 domum
3306 2989 3466 3057 ejus,

182 3066 314 3122 νύων
348 3072 500 3141 αὐτῷ
547 3074 627 3125 ὅτι
660 3073 766 3126 κᾶν
809 3073 884 3144 μή
917 3076 1078 3139 αὐτὸς
1112 3081 1283 3149 παρῇ,
1320 3080 1432 3132 ἀλλ’
1468 3083 1568 3151 ἦγε
1598 3082 1758 3136 δύνα-

1870 3089 2163 3142 ostendens
2190 3088 2239 3143 ei
2267 3087 2411 3157 quod
2449 3088 2575 3142 licet
2609 3087 2727 3157 ipse
2758 3102 2866 3141 non
2906 3085 3071 3149 adsit,
3111 3082 3468 3139 nihilominus

186 3177 271 3227 μις
298 3160 468 3213 αὐτοῦ
501 3160 596 3215 καὶ
648 3165 683 3234 ἠ
738 3164 1014 3234 ὲπισκοπὴ
1048 3166 1274 3236 φυλάξει
1318 3171 1502 3236 αὐτὸν,
1532 3174 1647 3241 ἅμα
1680 3174 1757 3239 δὲ,

182 3249 263 3302 iv:
287 3252 380 3302 καὶ
411 3251 635 3321 ἑτέρους
656 3253 876 3321 ὁραθείς
906 3255 1195 3328 ὠφελήσῃ.
1234 3258 1369 3311 Ἰδοὺ
1393 3262 1524 3327 γοῦν
1556 3262 1762 3331 ἤρξατο

183 3341 498 3411 κηρύσσειν,
542 3346 636 3397 καὶ
665 3345 865 3409 πάντες
899 3347 1234 3424 ἐθαύμαζον.
1271 3350 1412 3419 Ὅρα
1438 3352 1496 3404 δὲ
1555 3354 1649 3404 καὶ
1699 3354 1762 3406 τὸ

185 3432 382 3498 ἄτυφον
408 3434 501 3487 τοῦ
521 3434 795 3505 Σωτῆρος.
817 3439 932 3492 Ούκ
963 3433 1116 3492 εἶπεν
1145 3441 1247 3505 ὅτι,
1285 3441 1643 3510 Ἀπάγγειλον
1660 3446 1759 3499 ὅσα

187 3537 263 3574 σοι
307 3524 608 3594 πεποίηκα,
658 3526 797 3594 ἀλλ’,
846 3530 987 3583 Ὅσα
1010 3549 1093 3585 σοι
1143 3532 1493 3601 πεποίηκενὸ
1532 3535 1754 3605 Κύριος.

182 3609 335 3666 οὕτω
366 3613 462 3665 καὶ
500 3614 592 3676 σὺ,
631 3615 760 3669 ὅταν
795 3619 998 3687 ἀγαθόν
1044 3639 1097 3674 τι
1127 3623 1381 3694 ποιήσῃς,
1416 3626 1490 3697 μὴ
1524 3628 1757 3699 σεαυτῷ,

181 3702 309 3755 άλλά
338 3702 418 3773 τῷ
451 3704 569 3775 Θεῷ
603 3707 843 3762 ἀνατίθει
877 3712 936 3764 τὸ
971 3715 1236 3785 πραχθέν.

246 3815 265 3845 ε
297 3796 408 3849 Καὶ
437 3796 873 3869 διαπεράσαντος
896 3803 989 3857 τοῦ
1036 3806 1212 3877 Ἰησοῦ
1236 3810 1293 3861 ἐν
1328 3809 1404 3879 τῷ
1443 3811 1616 3881 πλοίῳ
1646 3813 1754 3866 πά-

178 3886 256 3939 λιν
303 3890 384 3953 είς
428 3890 489 3942 τὸ
538 3892 737 3964 πέραν,
776 3896 1021 3969 συνήχθη
1054 3899 1209 3970 ὄχλος
1256 3904 1423 3967 πολὺς
1451 3907 1536 3958 ἐπ’
1562 3906 1754 3970 αὑτὸν,

180 3975 363 4068 καὶῆν
404 3982 559 4053 παρά
606 3984 708 4055 τὴν
753 3986 1056 4043 θάλασσαν.
1089 3992 1201 4046 Καὶ
1265 3996 1374 4050 ἰδοὺ
1409 3996 1632 4068 ἔρχεται
1676 3993 1757 4063 εἷς

178 4067 279 4122 τῶν
324 4071 820 4146 ἀρχισυναγώγων,
873 4080 1101 4151 ὀνόματι
1148 4085 1396 4155 Ἰάειρος.
1454 4067 1563 4141 Καὶ
1631 4089 1756 4143 ίδὼν

175 4160 353 4223 αὑτὸν,
374 4163 568 4217 πίπτει
599 4166 738 4235 πρὸς
773 4171 901 4233 τοὺς
940 4172 1109 4234 πόδας
1142 4175 1333 4240 αὑτοῦ,
1373 4178 1466 4229 καὶ
1497 4179 1751 4246 παρεκά-

174 4250 249 4306 λει
285 4253 451 4306 αὑτὸν
476 4254 669 4319 πολλὰ.
702 4258 875 4328 λέγων
902 4263 1006 4327 ὅτι,
1027 4264 1101 4317 Τὸ
1141 4266 1437 4339 θυγάτριὸν
1469 4287 1571 4341 μου
1600 4271 1756 4341 ἐσχά-

173 4361 274 4408 τως
307 4346 452 4417 ἔχει’
490 4347 579 4401 ἵνα
609 4348 782 4405 ἐλθὼν
814 4354 1009 4425 ἐπιθῇς
1049 4357 1187 4425 αὐτῇ
1221 4357 1318 4422 τάς
1352 4362 1564 4429 χεῖρας,
1602 4362 1751 4424 ὅπως

1874 3190 2055 3236 tamen
2084 3181 2254 3235 virtus
2278 3196 2374 3234 sua
2400 3189 2455 3233 et
2479 3180 2720 3234 visitatio
2742 3178 3013 3234 cnstodiet
3047 3192 3169 3231 eum
3204 3196 3217 3230 :
3246 3175 3469 3245 insuper

1872 3282 1928 3339 ut
1970 3281 2024 3327 et
2069 3274 2202 3327 alios
2248 3272 2512 3337 lucretur,
2560 3272 2651 3341 qui
2702 3272 2879 3339 ipsum
2933 3268 3103 3324 visuri
3151 3274 3354 3323 essent.
3399 3263 3469 3320 Et

1870 3379 1999 3419 ecce
2031 3364 2328 3433 praedicare
2378 3363 2574 3433 ccepit,
2616 3371 2669 3417 et
2695 3376 2889 3416 omnes
2930 3360 3292 3414 mirabantur.
3329 3356 3468 3412 Vide

1870 3468 2051 3513 autem
2082 3473 2243 3522 quam
2275 3456 2483 3510 alienus
2517 3455 2637 3510 sita
2669 3454 2809 3509 fastu
2835 3453 3111 3507 Servator.
3146 3450 3261 3506 Non
3287 3450 3463 3504 dixit:

1868 3548 2147 3602 Annuntia
2173 3563 2295 3617 quae
2320 3547 2416 3600 tibi
2442 3560 2565 3616 ego,
2595 3544 2714 3607 sed,
2739 3544 2869 3610 Quae
2901 3542 2995 3597 tibi
3024 3542 3150 3596 fecit
3180 3541 3461 3595 Domi-us.

1870 3640 1959 3695 Sic
1994 3650 2047 3694 et
2089 3651 2141 3694 tu
2179 3640 2397 3710 quando
2432 3639 2631 3693 bonum
2675 3636 2807 3707 quid
2841 3636 3077 3699 feceris,
3116 3648 3183 3690 ne
3214 3633 3311 3689 tibi
3336 3632 3460 3703 ipsi,

1868 3731 1959 3785 sed
1992 3731 2221 3785 Domino
2249 3729 2450 3784 factum
2482 3729 2710 3783 tribuas.

1943 3822 2106 3877 Vens.
2136 3821 2330 3877 Eii-29.
2370 3840 2387 3873 ι
2429 3820 2489 3875 Ει
2524 3837 2647 3877 cum
2684 3821 2970 3876 transisset
2997 3818 3158 3876 Jesus
3186 3820 3310 3875 navi
3339 3834 3463 3874 rur-

1867 3930 1958 3972 sus
1997 3918 2051 3970 in
2095 3916 2411 3971 ulteriorem
2448 3916 2647 3986 ripam,
2687 3917 2945 3970 convenit
2986 3918 3153 3970 multa
3199 3916 3355 3970 turba
3392 3916 3459 3970 ad

1866 4024 2012 4071 eum,
2035 4018 2087 4063 et
2114 4018 2235 4063 erat
2262 4009 2405 4063 circa
2446 4022 2613 4063 mare.
2643 4008 2708 4061 Et
2732 4022 2862 4063 ecce
2886 4008 3035 4063 venit
3060 4008 3280 4077 quidam
3311 4008 3463 4076 prin-

1864 4101 2043 4170 cipum
2098 4100 2399 4170 Synagogae
2445 4101 2665 4154 nomine
2706 4098 2922 4166 Jairus,
2975 4109 3031 4154 et
3073 4114 3193 4154 cum
3239 4098 3456 4153 vidisset

1863 4209 1985 4247 eum
2014 4236 2026 4258 ,
2072 4193 2307 4262 procidit
2342 4192 2407 4247 ad
2440 4192 2606 4258 pedes
2633 4191 2784 4261 ejus,
2824 4202 2881 4247 et
2912 4192 3307 4262 deprecabatur
3331 4206 3456 4245 eum

1862 4285 2116 4347 multum,
2148 4284 2339 4339 dicens
2370 4302 2383 4337 :
2423 4283 2616 4338 Filiola
2655 4298 2772 4338 mea
2819 4284 2876 4338 in
2904 4286 3173 4339 extremis
3198 4292 3319 4337 est:
3358 4297 3458 4337 oro

1861 4383 1921 4429 ut
1965 4374 2153 4428 venias
2200 4382 2254 4428 et
2301 4374 2550 4441 imponas
2595 4374 2671 4428 illi
2717 4388 2935 4439 manus,
2993 4384 3052 4427 ut
3096 4374 3247 4427 salva
3292 4374 3363 4429 sit
3404 4383 3459 4429 et

178 4434 320 4535 σωθῇ
381 4435 479 4488 καὶ
532 4435 778 4508 ζήσεται.
842 4442 953 4495 Καὶ
1001 4442 1216 4515 ἀπῆλθε
1257 4448 1374 4516 μετ’
1413 4449 1613 4502 αὐτοῦ·
1658 4452 1751 4504 καὶ

1868 4467 2023 4520 vivet.
2061 4464 2128 4519 Et
2164 4466 2298 4521 abiit
2347 4482 2470 4521 cum
2514 4466 2631 4531 illo,
2660 4475 2715 4521 et
2755 4467 3089 4535 sequebatur
3125 4481 3248 4521 eum
3297 4468 3457 4522 turba

174 4525 456 4595 ⁴ἠκολούθει
486 4530 637 4600 αὐτῷ
665 4531 819 4602 ὁχλος
854 4535 1042 4602 πολὺς,
1096 4540 1191 4590 καὶ
1216 4540 1527 4594 συνέθλιϐον
1554 4542 1742 4598 αὑτὸν.

176 4619 281 4672 Καὶ
304 4622 443 4689 γυνή
485 4639 569 4685 τις
596 4619 727 4678 οὖσα
753 4629 808 4681 ὲν
844 4630 998 4699 ῥύσει
1023 4633 1254 4700 αἵματος
1272 4633 1367 4704 ἔτη
1396 4635 1625 4700 δώδεκα,
1657 4641 1749 4692 καὶ

175 4710 337 4767 πολλὰ
369 4714 623 4769 παθοῦσα
655 4719 757 4772 ὑπὸ
788 4721 999 4775 πολλῶν
1036 4724 1263 4793 ίατρῶν,
1301 4728 1396 4779 καλ⁸
1422 4727 1748 4797 δαπανήσα-

177 4817 236 4854 σα
267 4805 335 4858 τὰ
377 4806 511 4876 παρ’
566 4812 735 4879 αὐτῆς
780 4812 983 4879 πάντα,
1028 4816 1122 4867 καὶ
1156 4818 1322 4886 μηδὲν
1376 4819 1745 4890 ὠφεληθεῖσα,

176 4897 300 4949 ἀλλά
332 4900 536 4968 μᾶλλον
582 4906 660 4964 εἰς
706 4906 767 4958 τὸ
803 4910 984 4977 χεῖρον
1023 4908 1272 4975 ἐλθοῦσα,
1298 4911 1581 4965 ἀκούσασα
1619 4916 1748 4985 περὶ

173 4988 260 5045 τοῦ
300 4990 499 5061 Ἰησοῦ,
522 4994 754 5049 ἐλθοῦσα
790 4999 848 5050 ὲν
877 4999 955 5069 τῷ
984 4998 1125 5071 ὄχλῳ
1160 5001 1408 5066 ὄπισθεν,
1448 5004 1625 5073 ἥψατο
1654 5007 1744 5058 τοῦ

176 5080 381 5149 ἱματίου
405 5086 595 5139 αὑτοῦ·
630 5087 786 5157 ἔλεγε
819 5093 925 5161 γὰρ
952 5093 1057 5156 ὅτι,
1090 5093 1215 5146 Κᾶν
1248 5095 1355 5147 τῶν
1388 5096 1621 5165 ἱματίων
1649 5099 1747 5150 αύ-

173 5172 256 5226 τοῦ
306 5175 559 5246 ἅψωμαι,
618 5182 970 5251 σωθήσομαι·
1007 5185 1098 5238 καὶ
1130 5185 1335 5249 εὐθέως
1395 5188 1669 5260 ἐξηράνθη
1707 5192 1740 5260 ὴ

174 5264 313 5335 πηγὴ
346 5265 441 5319 τοῦ
485 5270 715 5338 αἵματος
753 5274 945 5342 αὐτῆς,
978 5277 1071 5327 καὶ
1107 5276 1247 5343 ἔγνω
1270 5276 1347 5347 τῷ
1380 5278 1620 5347 σώματι,
1660 5282 1743 5334 ὅτι

175 5354 307 5409 ἴαται
338 5357 447 5411 ἀπὸ
487 5362 585 5430 τῆς
628 5362 913 5431 μάστιγος.
961 5382 979 5416 ι
1034 5367 1190 5419 Μετὰ
1218 5368 1278 5418 τὸ
1318 5368 1412 5419 ἐπὶ
1442 5368 1518 5439 τῷ
1548 5371 1742 5440 δαιμο-

173 5448 429 5535 νιζομένῳ
486 5452 693 5522 θαῦμα,
722 5454 911 5523 ἕτερον
972 5456 1264 5527 ἐργάζεται
1318 5462 1345 5513 6
1379 5462 1606 5531 Κύριος,
1639 5464 1739 5535 τὴν

175 5534 437 5610 θυγατέρα
460 5541 555 5595 τοῦ
582 5544 1034 5613 ἀρχισυναγώγου
1066 5548 1321 5604 ἀνιστῶν.
1366 5552 1530 5619 Λέγει
1560 5553 1616 5604 δὲ
1648 5534 1739 5607 καὶ

173 5628 225 5681 τὸ
253 5630 419 5701 ῑνομα
466 5635 563 5687 τοῦ
598 5637 1071 5707 ἀρχισυναγώγου,
1130 5640 1219 5694 διὰ
1279 5644 1409 5705 τοὺς
1450 5643 1740 5709 Ἰουδαίους

173 5722 285 5783 τοὺς
317 5726 524 5793 εἰδότας
554 5729 615 5781 τὸ
654 5731 972 5801 γενόμενον.
1010 5733 1101 5797 ἘΞ
1128 5735 1383 5803 ἡμισείας
1407 5738 1460 5791 δὲ
1488 5740 1677 5800 πιστὸς
1714 5743 1739 5792 ὁ

174 5812 327 5885 ἀνήρ·
363 5820 500 5875 καθὸ
550 5822 647 5893 μὲν
678 5825 785 5895 γὰρ
841 5826 1027 5881 πίπτει
1070 5830 1217 5899 παρὰ
1261 5832 1386 5895 τοὺς
1420 5832 1607 5899 πόδας,
1646 5851 1735 5887 m-

1858 4558 2062 4624 multa,
2114 4567 2167 4614 et
2212 4558 2648 4627 comprimebant
2680 4574 2825 4614 eum.
2863 4558 2931 4613 Et
2980 4558 3175 4613 mulier
3207 4559 3454 4628 quaedam

1854 4664 1972 4715 qua:
2006 4648 2184 4703 fuerat
2215 4649 2451 4703 obnoxia
2493 4650 2759 4719 proﬂuvio
2788 4651 3073 4719 sanguinis
3125 4652 3283 4706 annis
3321 4654 3459 4706 duo-

1853 4740 2049 4806 decim,
2078 4740 2361 4811 fueratque
2394 4742 2561 4796 mnlla
2591 4758 2850 4812 perpessa
2882 4760 2908 4797 a
2936 4744 3311 4814 compluribus
3339 4763 3454 4803 me-

1852 4830 2009 4893 dicis,
2046 4840 2099 4885 ct
2131 4832 2497 4901 insumpserat
2538 4834 2720 4888 omnia
2768 4848 2888 4897 sua,
2928 4849 3106 4904 neque
3150 4838 3450 4907 quidquam

1852 4918 2149 4985 adjumenti
2178 4930 2459 4985 senserat,
2493 4923 2586 4977 sed
2621 4924 2794 4993 magis
2826 4925 2878 4978 in
2910 4926 3152 4981 deterius
3186 4942 3448 4989 venerat:

1850 5022 1975 5060 cum
2021 5010 2268 5065 audisset
2313 5005 2379 5065 de
2409 5010 2539 5067 Jesu
2569 5053 2583 5077 ,
2627 5015 2777 5067 venit
2812 5015 2863 5068 in
2900 5016 3057 5071 turba
3094 5033 3121 5070 a
3158 5027 3309 5091 tergo
3333 5063 3346 5087 ,
3395 5030 3453 5077 et

1850 5098 2027 5167 tetigit
2048 5101 2435 5157 vestimentum
2464 5104 2581 5172 ejus
2606 5121 2621 5171 ;
2651 5105 2867 5161 dicebat
2893 5109 3064 5175 cnim,
3093 5110 3148 5164 Si
3176 5113 3257 5165 vel
3288 5128 3451 5170 vesu-

1849 5200 2027 5244 menta
2049 5193 2165 5261 ejus
2190 5195 2439 5264 tetigero.
2470 5197 2622 5251 salva
2649 5214 2778 5253 ero:
2805 5208 2858 5254 et
2890 5200 3181 5258 confestim
3211 5218 3452 5261 siccatus

1847 5289 1931 5333 eet
1962 5278 2084 5335 fons
2110 5284 2394 5353 sanguinis
2426 5287 2543 5355 ejus
2574 5305 2587 5342 :
2622 5297 2678 5343 et
2706 5291 2882 5344 sensit
2910 5306 3142 5361 corpore
3173 5295 3317 5363 quod
3356 5311 3445 5349 sa-

1848 5380 1980 5424 nata
2002 5383 2145 5427 esset
2168 5390 2195 5428 a
2221 5374 2456 5447 ﬂagello.
2492 5397 2509 5429 »
2544 5390 2671 5433 Post
2704 5380 3034 5435 miraculum
3070 5386 3213 5451 quod
3257 5389 3311 5439 in
3340 5387 3448 5441 dm-

1848 5465 2100 5521 moniaco
2154 5476 2372 5535 actum,
2438 5471 2583 5525 aliud
2656 5484 2915 5541 operatur
2964 5475 3123 5545 197
3188 5479 3445 5533 Dominus

1845 5557 2157 5613 suscitando
2186 5558 2349 5613 tiliam
2377 5563 2638 5633 principis
2672 5565 2990 5636 Synagogw.
3017 5568 3226 5623 Nomen
3253 5580 3439 5624 autem

1846 5648 2016 5717 ipsius
2047 5653 2301 5716 exprimit
2333 5655 2785 5723 proptchudzeos
2812 5660 2903 5728 qui
2940 5664 3185 5715 sciebant
3221 5664 3269 5715 id
3296 5668 3436 5731 quod

1846 5744 2046 5799 factum
2079 5746 2272 5801 fuerat.
2313 5750 2661 5805 Dimidiatum
2684 5764 2865 5807 autem
2899 5754 3058 5807 fidem
3090 5755 3327 5808 habebat
3357 5756 3441 5807 vir

1846 5838 1934 5891 illc
1961 5858 1976 5906 ς
2012 5838 2186 5897 iidclis
2215 5842 2357 5897 cnim
2395 5855 2534 5911 erat,
2564 5862 2629 5902 co
2656 5848 2798 5916 quod
2830 5847 3147 5917 procidcbat
3176 5850 3241 5903 ad
3271 5846 3439 5916 pedes
