4010 6406
536 392 643 489 stt

1453 405 2042 478 THEOPHYLACTI
2078 399 2489 465 BULGARLE
2528 400 2885 488 ΑῌΟΗΙΕΡ.

3678 397 3711 462 5
3728 403 3803 516 Ν.

537 534 665 591 Jcsu
695 553 710 592 :
742 535 835 593 sed
860 534 984 604 quia
1020 541 1073 588 et
1099 531 1421 589 obsecrabat
1449 538 1510 586 ut
1536 529 1756 591 veniat,
1792 541 1901 590 non
1930 537 2105 595 quan-

2216 518 2360 582 στδς,
2394 514 2531 570 καθὸ
2560 515 2618 569 δὲ
2649 515 2958 586 παρακαλεί
2994 514 3080 568 ἵνα
3107 514 3257 588 ἔλθῃ,
3310 514 3406 584 οὐχ
3430 513 3560 584 ὅσην
3584 512 3668 566 δεῖ
3694 511 3788 565 πίε-

541 640 647 683 tum
677 627 955 699 Oportebat
988 642 1099 696 prae
1131 643 1189 683 se
1211 620 1369 682 ﬁdem
1409 623 1637 678 ferebat.
1674 620 1912 676 Debebat
1951 618 2097 672 enim

537 722 717 774 dicere
742 738 755 751 ·
790 719 885 774 Die
916 718 1101 773 verbo.
1134 717 1322 774 Obiter
1353 711 1531 771 autem
1561 714 1704 768 inter
1729 711 1963 766 eundum
1999 709 2103 764 Do-

541 814 713 865 mlnus
743 819 901 865 curat
933 812 1213 866 mulierem
1248 808 1527 879 sanguinis
1556 804 1818 875 proﬂuvio
1850 804 2101 858 laboran-

537 910 663 957 tem.
694 902 1035 958 Fidelissima
1066 910 1184 957 erat
1214 902 1412 956 mulier
1444 902 1578 965 haec,
1612 915 1678 954 eo
1708 898 1847 967 quod
1877 913 1907 952 a
1940 895 2104 951 vesti-

536 995 635 1049 bus
659 995 943 1049 utilitatem
971 1009 1031 1049 se
1059 995 1276 1063 assequi
1309 994 1584 1058 credebat,
1617 1002 1671 1046 et
1707 992 1911 1047 idcirco
1940 989 2100 1044 etiam

534 1094 781 1141 sanatur.
832 1084 1104 1157 lntelligas
1154 1095 1335 1141 autem
1389 1086 1503 1141 base
1551 1085 1715 1139 etiam
1761 1083 1827 1138 de
1866 1081 2102 1137 humana

536 1182 723 1227 natura
747 1213 763 1240 ,
793 1189 911 1243 qua:
943 1175 1225 1244 sanguinis
1268 1172 1529 1245 proﬂuvio
1567 1172 1866 1228 laborabat.
1906 1170 2101 1226 Scatu-

532 1263 707 1319 riebat
736 1266 879 1318 enim
915 1265 965 1318 in
992 1281 1050 1320 ea
1086 1276 1387 1335 peccatum,
1420 1266 1564 1334 quod
1595 1279 1742 1321 mors
1769 1275 1853 1321 est
1881 1265 2100 1331 animae,

533 1363 588 1407 et
643 1357 961 1425 sanguinem
1019 1357 1212 1410 animat
1266 1366 1465 1411 nostra:
1515 1354 1761 1411 eﬂundit.
1816 1358 1861 1412 Δ
1917 1356 2102 1413 multis

530 1456 710 1501 autem
746 1447 1005 1514 medicis,
1044 1448 1143 1502 hoc
1178 1456 1262 1503 est
1302 1449 1631 1517 sapientibus
1700 1450 1860 1519 hujus
1895 1451 2101 1516 mundi,

528 1536 624 1590 sed
650 1544 703 1590 et
726 1550 755 1589 a
785 1535 901 1606 lege
932 1547 985 1591 et
1015 1551 1043 1591 a
1071 1538 1349 1607 prophetis
1381 1555 1487 1594 non
1524 1540 1694 1609 potuit
1728 1540 1931 1596 curari.
1961 1540 2106 1595 Teti-

530 1625 609 1693 git
638 1636 817 1683 autem
849 1636 1050 1684 vestem
1084 1628 1317 1697 Christi,
1349 1630 1449 1686 hoc
1484 1640 1570 1686 est
1627 1644 1845 1687 carnem
1876 1632 2013 1702 ejus,
2050 1640 2107 1687 et

531 1728 720 1773 sanata
751 1727 855 1794 est.
890 1721 989 1788 Qui
1023 1722 1195 1778 credit
1224 1724 1368 1779 enim
1394 1739 1514 1781 essc
1535 1725 1874 1781 incarnatum
1912 1725 2101 1791 Deum,

532 1812 582 1865 is
608 1818 703 1866 est
729 1812 821 1882 qui
860 1814 1030 1883 tangit
1068 1815 1450 1870 vestimentum
1477 1816 1619 1885 ejus.

2204 625 2322 663 στιν
2350 608 2708 664 ἐνδείκνυται.
2742 607 2892 660 Ἔδει
2925 607 3036 678 γὰρ
3067 608 3243 660 εἰπεῖν
3269 608 3371 672 ὅτι,
3424 605 3564 659 Εἰπὲ
3618 604 3791 675 λόγῳ.

2217 699 2304 763 Ὠς
2334 702 2392 753 ὲν
2415 700 2679 771 παρέργῳ
2706 699 2763 753 δὲ
2794 699 3177 770 ἀπερχομένου
3210 699 3324 752 τοῦ
3360 699 3591 769 Κυρίου,
3624 697 3792 766 θερα-

2204 791 2432 845 πεύεται
2461 792 2612 862 καὶὴ
2643 789 2977 862 αίμόρῤουςο
3013 790 3311 860 πιστοτάτη
3354 791 3409 842 δὲ
3448 791 3480 860 ή
3510 787 3670 858 γυνὴ,
3702 788 3788 840 ὅτι

2185 882 2296 934 καὶ
2329 881 2438 935 ἀπὸ
2468 882 2576 934 τῶν
2608 882 2837 951 ἱματίων
2867 881 3118 951 ἐνόμισεν
3161 881 3510 952 ὠφεληθῆναι
3537 899 3549 911 ·
3578 881 3659 934 διὸ
3690 880 3787 933 καὶ

2204 972 2463 1042 τυγχάνει
2490 973 2611 1042 τῆς
2649 970 2965 1042 θεραπείας.
3003 974 3237 1042 Νοήσεις
3282 972 3337 1024 δὲ
3364 971 3539 1024 ταῦτα
3572 970 3670 1025 καὶ
3700 970 3789 1032 είς

2202 1065 2301 1135 τήν
2330 1063 2680 1135 ἀνθρωπίνην
2702 1064 2885 1133 φύσιν,
2913 1065 3037 1135 ἥτις
3062 1064 3361 1134 αἱμόρρους
3390 1060 3479 1134 ἦν.
3500 1058 3789 1135 Ἐπήγαγε

2205 1157 2313 1228 γὰρ
2344 1157 2441 1227 τὴν
2485 1156 2780 1228 ἁμαρτίαν,
2822 1157 2945 1228 ἥτις
2983 1158 3144 1226 φόνος
3175 1156 3298 1208 ἐστὶ
3318 1156 3417 1226 τῆς
3454 1154 3656 1225 ψυχῆς,
3688 1156 3792 1209 καὶ

2205 1249 2266 1302 τὸ
2316 1246 2455 1319 αἷμα
2486 1248 2593 1304 τ’ῶν
2643 1248 2833 1320 ψυχῶν
2874 1248 3029 1320 ἡμῶν
3065 1249 3271 1319 ἑκχέει.
3312 1249 3449 1301 Ὑπὸ
3484 1247 3697 1301 πολλῶν
3725 1245 3791 1299 δὲ

2209 1340 2434 1411 ίατρῶν,
2478 1338 2587 1393 τῶν
2619 1338 2800 1408 σοφῶν
2829 1337 2975 1406 λέγω
3033 1338 3128 1393 τοῦ
3164 1338 3372 1405 κόσμου
3423 1337 3638 1407 τούτου,
3686 1336 3792 1388 καὶ

2211 1431 2318 1503 μὴν
2340 1434 2434 1485 καὶ
2466 1430 2565 1485 τοῦ
2592 1432 2757 1502 νόμου
2793 1430 2887 1483 καὶ
2914 1430 3024 1483 τῶν
3056 1429 3372 1501 προφητῶν,
3407 1430 3507 1482 οὐκ
3544 1426 3791 1498 ἠδυνήθη

2206 1525 2635 1595 θεραπευθῆναι.
2667 1526 2818 1593 Ἀμα
2842 1524 2898 1577 δὲ
2930 1524 3107 1594 ἥψατο
3127 1522 3235 1575 τῶν
3263 1521 3494 1592 ἱματίων
3522 1519 3616 1574 τοῦ
3647 1522 3790 1591 Χρι-

2208 1617 2358 1682 στοῦ,
2388 1616 2637 1670 τουτέστι
2662 1618 2762 1686 τῆς
2791 1614 2995 1684 σαρκὸς
3022 1612 3212 1677 αὑτοῦ,
3260 1612 3354 1665 καὶ
3392 1611 3541 1681 ίάθη.
3586 1612 3645 1664 '0
3673 1611 3791 1681 γὰρ

2205 1708 2480 1763 πιστεύων
2536 1708 2619 1761 δτι
2657 1705 2946 1778 έσαρκώθη
2997 1705 3026 1757 ὀ
3073 1704 3331 1777 Χριστὸς,
3386 1702 3542 1770 οὗτός
3578 1707 3728 1759 ἐστιν
3756 1705 3791 1758 ό

2207 1801 2488 1871 ἁψάμενος
2511 1799 2621 1853 τῶν
2650 1798 2883 1869 ἱματίων
2917 1796 3108 1851 αὐτοῦ.

611 1878 773 1953 Vens.
812 1878 997 1956 30-54:
1038 1920 1057 1953 ι
1096 1902 1162 1956 Ει
1185 1904 1364 1959 statim
1396 1878 1553 1962 Jesus
1589 1906 1641 1961 in
1674 1907 1970 1977 semetipso
2007 1923 2101 1964 co-

2281 1914 2302 1947 ‹
2342 1895 2452 1948 Καὶ
2481 1892 2687 1956 εὐθέως
2735 1893 2765 1945 δ
2834 1890 3042 1955 Ἰησοῦς
3085 1891 3342 1959 ἐπιγνοὺς
3381 1892 3439 1945 ὲν
3484 1888 3662 1960 ἑαυτῷ
3687 1889 3792 1960 τὴν

536 2002 802 2057 gnoscens
829 1992 1082 2047 virtutem
1120 2009 1185 2048 ex
1233 2010 1351 2050 sese
1380 1996 1669 2065 prodiisse,
1701 2012 1996 2055 conversus
2049 2000 2103 2054 in

536 2079 697 2136 turba
719 2081 933 2136 aiebat:
965 2082 1099 2148 Quis
1126 2084 1299 2152 tetigit
1321 2087 1643 2143 vestimenta
1670 2104 1787 2145 mea
1812 2091 1836 2144 ί
1862 2090 1927 2145 Ει
1960 2091 2109 2147 dice-

532 2165 665 2223 bant
720 2169 768 2224 ei
828 2170 1077 2241 discipuli
1134 2173 1343 2243 ipsius:
1395 2175 1559 2232 Vides
1610 2179 1820 2233 turbam
1874 2181 2110 2250 undique

531 2270 874 2330 prementem
917 2273 990 2330 te,
1019 2274 1073 2319 et
1100 2265 1273 2321 dicis:
1306 2266 1440 2334 Quis
1472 2283 1559 2323 me
1603 2271 1823 2341 tetigit?
1871 2271 1938 2326 Et
1995 2272 2106 2327 cir-

533 2351 962 2420 cumspiciebat,
1020 2362 1078 2408 ut
1127 2356 1334 2411 videret
1386 2372 1505 2412 eam
1558 2372 1678 2428 quae
1729 2361 2101 2417 ltoc'fecerat.

535 2439 726 2499 Mulier
758 2459 884 2501 vero
919 2446 1115 2501 timens
1144 2463 1207 2504 ac
1236 2456 1495 2515 tremens,
1527 2452 1709 2507 sciens
1732 2454 1872 2521 quod
1898 2452 2103 2509 factum

533 2542 679 2589 esset
715 2534 766 2588 in
796 2550 875 2601 se,
908 2541 1055 2592 venit
1091 2548 1144 2593 et
1170 2541 1366 2595 accidit
1396 2542 1468 2608 ei,
1502 2542 1748 2614 dixitque
1790 2544 1838 2599 ei
1887 2560 2103 2601 onmem

534 2625 839 2682 veritatem.
886 2627 979 2683 llle
1024 2640 1202 2686 autem
1252 2631 1389 2687 dixit
1431 2634 1523 2689 ei:
1558 2634 1713 2701 Filia,
1767 2638 1901 2693 fides
1936 2649 2027 2695 tua
2056 2649 2107 2696 te

533 2717 807 2774 servavit:
843 2720 979 2774 vade
1030 2736 1151 2775 cum
1202 2737 1354 2791 pace,
1400 2732 1456 2779 et
1508 2734 1625 2781 esto
1669 2742 1800 2783 sana
1841 2744 1869 2782 a
1898 2729 2107 2800 ﬂagello

539 2814 653 2860 tuo.
692 2824 712 2858 ι
759 2806 1048 2878 Egreditur
1074 2810 1244 2867 virtus
1281 2826 1311 2867 a
1361 2811 1615 2882 Christo,
1658 2830 1762 2871 non
1813 2833 1844 2871 a
1883 2819 2001 2875 loco
2050 2820 2102 2876 in

537 2895 714 2951 locum
743 2899 1034 2967 transiens,
1080 2900 1177 2956 sed
1225 2918 1453 2960 manens
1486 2905 1708 2961 immata
1760 2908 1814 2962 in
1862 2908 2102 2974 Christo,

534 2991 965 3044 communicatur
995 2998 1048 3045 et
1081 2991 1202 3047 aliis
1224 3032 1240 3059 ,
1268 2996 1725 3063 quemadmodum
1761 3009 1816 3052 et
1843 2998 2105 3056 doctrinae

536 3093 564 3129 a
601 3076 918 3134 docentibus
944 3088 1091 3148 sunt,
1126 3090 1182 3143 et
1234 3083 1569 3141 discentibus
1617 3090 1921 3143 traduntur.
1970 3090 2106 3147 Vide

538 3179 715 3223 autem
757 3172 1027 3238 quomodo
1060 3174 1228 3229 turba:
1261 3177 1477 3245 quidem
1512 3180 1905 3249 comprimant,
1953 3193 2007 3238 et
2036 3198 2101 3239 ex
2131 3215 2173 3274 ε

536 3262 619 3315 eis
663 3261 841 3316 nullus
874 3261 1026 3317 illum
1061 3265 1333 3334 tetigerit:
1368 3279 1552 3323 contra
1586 3270 1673 3324 illa
1700 3287 1820 3342 qua:
1844 3289 1950 3328 non
1978 3289 2105 3343 pre-

539 3350 749 3420 mebat,
806 3352 955 3408 illum
1013 3356 1272 3424 tetigerit.
1336 3358 1645 3429 Mysterium
1693 3362 1779 3418 bic
1834 3365 2103 3435 quoddam

536 3443 795 3499 discimus
820 3487 835 3513 ,
892 3446 1037 3515 quod
1082 3449 1257 3504 nullus
1290 3466 1355 3505 ex
1391 3451 1474 3507 his
1500 3454 1590 3522 qui
1625 3454 1933 3510 turbulento
1976 3465 2108 3511 sunt

537 3536 755 3602 animo,
797 3539 968 3608 tangit
1014 3538 1313 3604 Christum,
1362 3544 1455 3599 sed
1503 3544 1675 3598 solum
1715 3548 1907 3615 premit
1938 3561 2103 3603 eum:

537 3628 630 3697 qui
687 3639 868 3683 autem
904 3646 1007 3684 non
1063 3634 1363 3690 turbulente
1415 3640 1611 3705 premit
1669 3637 1880 3702 Jesum,
1935 3654 2108 3708 neque

538 3721 755 3776 turbato
786 3732 868 3777 est
897 3709 1101 3787 a'nimo,
1134 3724 1223 3780 ille
1256 3728 1595 3796 tangiteum.
1625 3730 1728 3784 Sed
1754 3731 2105 3799 quamobrem

540 3811 802 3867 Dominus
837 3814 1155 3883 manifestat;
1182 3817 1512 3873 mulierem?
1572 3818 1809 3874 Primum
1866 3821 2102 3889 quidem,

540 3915 600 3957 ut
636 3903 793 3959 ﬁdem
826 3905 1070 3962 mulieris
1098 3906 1385 3976 gloriﬁcet‘,
1424 3910 1618 3967 deinde
1648 3920 1707 3966 ut
1757 3919 1812 3967 et
1860 3913 2107 3984 arcltisy-

540 4009 803 4065 nagOgum
835 3996 1037 4052 animet
1064 4000 1207 4069 quod
1239 4008 1295 4055 et
1327 4001 1445 4071 ejus
1476 4001 1638 4058 ﬁliam
1670 4003 1741 4059 sit
1762 4012 2053 4059 sanaturus
2088 4021 2103 4072 ;

539 4088 606 4142 ad
646 4087 783 4153 haec,
823 4096 882 4141 ut
923 4088 1205 4146 mulierem
1249 4109 1278 4147 a
1328 4108 1522 4163 magno
1554 4102 1699 4149 metu
1755 4096 1971 4151 liberet.
2039 4095 2107 4150 Et

536 4181 679 4233 enim
715 4179 937 4234 timebat
964 4182 1176 4249 mulier,
1226 4192 1414 4252 utpote
1450 4201 1570 4254 quae
1596 4186 1883 4241 sanitatem
1915 4187 2104 4242 furtim

537 4272 870 4326 abstulerat:
906 4272 1104 4327 idcirco
1129 4284 1181 4328 et
1211 4276 1537 4345 evangelista
1569 4276 1699 4331 dicit
1722 4295 1737 4334 :
1760 4275 2022 4335 Tremens
2051 4289 2107 4335 et

538 4363 732 4415 timens
773 4362 941 4416 venit.
998 4364 1255 4421 Dominus
1302 4366 1483 4435 itaque
1528 4383 1632 4423 non
1667 4368 1834 4423 dicit:
1892 4369 2005 4440 Ego
2055 4379 2105 4425 te

534 4454 741 4510 servavi
769 4473 783 4510 :
814 4457 931 4518 sed,
957 4454 1120 4512 Fides
1167 4468 1273 4512 tua.
1328 4457 1561 4514 Proinde
1604 4461 1740 4515 vade
1785 4461 1836 4514 in
1889 4476 2100 4530 pacem,

2208 1986 2266 2052 ἐξ
2309 1986 2475 2040 αὑτοῦ
2521 1984 2752 2056 δύναμιν
2790 1984 3152 2047 ἐξελθοῦσαν,
3195 1984 3556 2055 ἐπιστραφεὶς
3607 1985 3666 2037 ὲν
3706 1984 3790 2054 τῷ

2207 2078 2349 2150 ὄχλῳ
2383 2078 2557 2147 ἔλεγε·
2584 2076 2651 2132 Τί
2678 2095 2779 2149 μου
2809 2076 2987 2147 ἥψατο
3010 2076 3119 2130 τῶν
3154 2077 3387 2147 ἱματίων
3410 2093 3425 2143 ;
3462 2077 3571 2130 Kal
3598 2076 3790 2145 ἔλεγον

2206 2171 2356 2242 αὐτῷ
2385 2173 2433 2225 oi
2466 2170 2704 2242 μαθηταὶ
2743 2170 2931 2224 αὑτοῦ·
2964 2169 3194 2232 Βλέπεις
3238 2170 3332 2222 τὸν
3374 2168 3531 2239 ὄχλον
3568 2168 3791 2221 συνθλί⁶

2205 2264 2371 2318 ϐοντά
2410 2280 2493 2326 σε,
2529 2262 2625 2317 καὶ
2669 2261 2871 2329 λέγεις,
2902 2262 2998 2326 Τίς
3051 2279 3152 2331 μου
3202 2262 3414 2333 ﬁsi/aro;
3460 2262 3571 2315 Kal.
3624 2277 3793 2332 nept-

2210 2357 2474 2412 εϐλέπετο
2499 2356 2626 2413 ίδεϊν
2657 2355 2758 2427 τήν
2780 2356 2940 2410 τοῦτο
2966 2356 3299 2426 ποιήσασαν.
3333 2356 3402 2408 Ἠ
3425 2355 3481 2409 δὲ
3513 2355 3650 2426 γυνὴ
3683 2372 3789 2425 φοε-

2207 2449 2437 2519 ϐηθεῖσα
2478 2449 2574 2501 καὶ
2628 2448 2932 2520 τρέμουσα,
2968 2448 3142 2502 είδνῖα
3168 2447 3195 2500 δ
3230 2447 3453 2516 γέγονεν
3500 2448 3586 2500 ἐπ’
3622 2447 3790 2517 αὐτῇ,

2205 2537 2337 2613 ἦλθε
2382 2540 2479 2595 καὶ
2512 2542 2852 2613 προσέπεσεν
2876 2539 3045 2612 αὐτῷ,
3073 2540 3167 2594 καὶ
3213 2536 3368 2594 εἶπεν
3413 2539 3562 2609 αὐτῷ
3604 2541 3794 2595 πᾶσαν

2206 2632 2306 2703 τὴν
2326 2632 2601 2703 ἀλήθειαν.
2641 2631 2701 2685 '0
2737 2632 2794 2685 δὲ
2824 2626 2977 2685 εῐπεν
3005 2632 3143 2701 αὐτῇ
3166 2647 3181 2663 ·
3222 2630 3497 2705 Θύγατερ,
3526 2633 3559 2702 ή
3602 2632 3795 2696 πίστις

2210 2739 2305 2776 σου
2336 2721 2545 2776 σέσωκέ
2568 2736 2651 2776 σε.
2678 2720 2895 2789 Ὕπαγε
2941 2721 3023 2784 είς
3055 2720 3303 2793 εἰρήνην,
3338 2721 3434 2776 καὶ
3465 2719 3576 2774 ίσθι
3626 2720 3793 2790 ὑγιὴς

2206 2814 2318 2870 ἀπὸ
2354 2815 2465 2885 τῆς
2522 2812 2791 2883 μάστιγός
2834 2829 2951 2869 σου.
2993 2831 3013 2865 ι
3058 2812 3375 2883 Ἐξέρχεται
3420 2812 3654 2883 δύναμις
3681 2812 3795 2866 ἀπὸ

2205 2905 2300 2961 τοῦ
2325 2904 2586 2977 Χριστοῦ,
2620 2905 2682 2959 ού
2732 2903 2975 2971 τοπικῶς
3010 2905 3433 2976 μεταϐαίνουσα,
3461 2904 3599 2959 ἀλλά
3647 2904 3795 2977 πρός

2205 3013 2266 3050 τε
2298 2998 2423 3059 τοὺς
2448 2995 2641 3059 ἄλλους
2655 2993 3021 3066 διαδιδομένη,
3044 2994 3139 3050 καὶ
3161 2996 3219 3049 έν
3239 2993 3319 3063 τῷ
3335 2993 3558 3068 Χριστῷ
3579 2994 3797 3065 ἀμείω-

2205 3104 2298 3151 τος
2326 3087 2586 3155 μένουσαο
2639 3083 2830 3156 ῶσπερ
2870 3086 2965 3139 καὶ
2998 3085 3322 3157 μαθήματα,
3354 3086 3451 3139 καὶ
3482 3087 3636 3152 παρὰ
3677 3088 3795 3150 τοῖς

2206 3177 2556 3232 διδάσκουσιν
2585 3179 2713 3245 είσι,
2747 3177 2841 3232 καὶ
2869 3178 2982 3240 τοῖς
3020 3178 3350 3249 μανθάνουσι
3382 3178 3795 3248 παραδίδονται.

2210 3272 2353 3342 Ὅρα
2386 3272 2443 3325 δὲ
2475 3271 2593 3335 πῶς
2610 3272 2668 3325 κοί
2703 3271 2803 3338 μὲν
2838 3271 2987 3342 δχλοι
3026 3270 3361 3339 συνέθλιϐον,
3396 3272 3569 3337 οὐδεὶς
3601 3271 3657 3326 δὲ
3692 3274 3797 3327 αὐ-

2207 3362 2301 3415 τοῦ
2338 3362 2535 3434 ἥψατο.
2570 3362 2635 3416 Ἥ
2666 3362 2723 3416 δὲ
2757 3361 2832 3435 μὴ
2872 3362 3130 3418 θλίϐουσα
3164 3363 3359 3429 αὑτὸν,
3397 3365 3580 3434 ἐκείνη
3610 3366 3796 3437 ἥψατο

2205 3442 2394 3509 αὑτοῦ.
2437 3455 2753 3526 Μυστήριον
2796 3454 2908 3527 γὰρ
2968 3452 3221 3510 ἐντεῦθεν
3279 3454 3649 3527 μανθάνομεν,
3705 3459 3795 3512 ὅτι

2208 3546 2382 3610 οὐδεὶς
2414 3547 2524 3600 τῶν
2570 3547 2766 3618 δχλους
2804 3549 2899 3602 καὶ
2958 3547 3207 3619 ταραχὰς
3255 3550 3492 3619 ἑχόντων
3549 3549 3795 3606 ἅπτεται

2210 3636 2306 3690 τοῦ
2350 3637 2551 3709 Ἰησοῦ,
2585 3636 2721 3691 ἀλλά
2753 3640 2914 3709 μόνον
2962 3638 3135 3693 θλίϐει
3170 3639 3357 3696 αὐτόν.
3408 3641 3476 3695 Et
3512 3659 3596 3707 τις
3623 3642 3683 3696 δὲ
3712 3644 3792 3714 μὴ

2209 3728 2391 3799 ὀχλοίη
2433 3728 2525 3782 τὸν
2562 3728 2794 3801 Ἰησοῦν,
2839 3729 2977 3801 μηδὲ
3006 3731 3098 3784 τδν
3126 3733 3183 3785 ὲν
3214 3731 3392 3803 ἑαυτῷ
3417 3732 3575 3803 λόγον
3616 3738 3795 3807 ταρα-

2208 3822 2330 3890 χαῖς
2363 3821 2701 3891 περιϐάλλοι,
2746 3823 2960 3886 ἐκεῖνος
3017 3822 3261 3877 ἅπτεται
3300 3826 3489 3881 αὑτοῦ.
3529 3824 3688 3892 Τίνος
3732 3828 3793 3882 δὲ

2207 3911 2395 3967 ἕνεκεν
2431 3915 2459 3966 ό
2496 3914 2699 3985 Κύριος
2725 3918 2952 3986 φανεροί
2992 3916 3089 3987 τὴν
3115 3920 3386 3985 γυναῖκα;
3428 3919 3653 3991 Πρῶτον
3686 3920 3793 3991 μὲν

2209 4004 2296 4057 ἵνα
2325 4006 2425 4076 τὴν
2458 4004 2641 4059 πίστιν
2661 4006 2758 4076 τῆς
2784 4007 3043 4075 γυναικὸς
3076 4008 3276 4080 δοξάσῃ
3300 4024 3315 4038 ·
3339 4009 3671 4076 Susum-Eva
3694 4015 3796 4068 καὶ

2209 4095 2299 4148 τὸν
2324 4097 2775 4166 ἀρχισυνάγωγον
2806 4099 3232 4173 παραθαρρύνῃ,
3272 4102 3356 4156 ἔτι
3391 4103 3487 4156 καὶ
3527 4103 3588 4156 τὸ
3616 4105 3793 4160 αὑτοῦ

2211 4186 2503 4258 θυγάτριον
2552 4187 2695 4242 οῦτω
2747 4188 3052 4259 σωθήσεται
3082 4207 3096 4222 ⁸
3128 4195 3224 4246 καὶ
3252 4192 3391 4263 ἅμα,
3430 4194 3517 4249 ἵνα
3561 4195 3657 4249 καὶ
3686 4198 3795 4269 τὴν

2208 4276 2443 4346 γυναῖκα
2467 4279 2560 4333 τοῦ
2592 4279 2787 4334 πολλοῦ
2820 4281 2988 4351 φόϐου
3015 4283 3263 4356 ἀπολύσῃ
3293 4301 3307 4315 ο
3341 4287 3435 4340 καὶ
3463 4288 3571 4358 γάρ
3596 4288 3792 4344 ἐδεδίει

2208 4368 2242 4437 ή
2275 4367 2437 4437 γυνὴ,
2488 4367 2564 4432 ὡς
2617 4368 2868 4439 κλέψασα
2894 4370 2995 4442 τήν
3038 4370 3206 4424 ίασινο
3250 4371 3329 4425 διδ
3380 4376 3473 4428 καὶ
3498 4377 3527 4427 ό
3556 4376 3794 4446 εὐαγγε-

2207 4459 2395 4530 λιστὴς
2426 4458 2574 4528 λέγει
2605 4477 2619 4493 °
2652 4461 2955 4531 Φοϐηθείσα
2976 4461 3033 4515 δὲ
3059 4464 3154 4515 καὶ
3187 4464 3469 4534 τρέμουσα
3501 4461 3686 4536 ἦλθεν,
3732 4469 3793 4524 Ὀ

540 4544 639 4599 hoc
671 4555 753 4600 est
786 4547 838 4600 in
875 4548 1137 4617 requiem,
1179 4558 1238 4602 ut
1262 4549 1332 4603 sit
1361 4548 1477 4604 haec
1519 4551 1825 4606 sententia:
1873 4552 1999 4617 Abi,
2044 4564 2098 4608 et

2209 4552 2293 4606 οῦν
2320 4554 2526 4623 Κύριος
2551 4555 2611 4606 οὐ
2630 4554 2776 4622 λέγει
2798 4555 2901 4619 ὅτι,
2936 4555 3078 4624 Ἐγὼ
3106 4556 3322 4611 σέσωκά
3345 4574 3427 4623 σε,
3460 4558 3574 4611 ἀλλ’
3608 4561 3671 4613 Ἦ
3700 4561 3797 4614 πί-

540 4635 719 4700 quieta
748 4647 886 4701 esto,
923 4653 1041 4707 qua:
1072 4640 1335 4695 hactenus
1363 4638 1515 4695 fuisti
1546 4642 1600 4695 in
1637 4658 1868 4699 maerore
1900 4652 1955 4701 et
1984 4659 2107 4715 per-

543 4728 869 4783 turbatione.

615 4993 781 5050 Vens.
832 4997 1019 5052 55-43.
1074 5016 1092 5049 ι
1145 4997 1337 5052 Adhuc
1388 5011 1453 5051 eo
1502 4995 1757 5066 loquente
1800 4995 2022 5051 veniunt
2076 5011 2107 5052 a

542 5088 785 5155 principe
822 5087 1119 5158 Synagogae
1152 5089 1243 5158 qui
1288 5088 1530 5144 dicerent
1556 5106 1568 5141 :
1599 5087 1729 5142 Filia
1776 5098 1860 5141 tua
1897 5098 2107 5142 mortua

540 5189 641 5246 est,
666 5180 795 5249 quid
822 5181 961 5234 ultra
990 5193 1153 5234 vexas
1176 5179 1533 5251 Magistrum?
1562 5181 1721 5250 198
1746 5179 1903 5235 Jesus
1927 5192 2107 5234 autem

544 5273 784 5340 protinus
820 5273 1003 5327 audito
1033 5287 1285 5327 sermone
1312 5273 1401 5339 qui
1432 5272 1733 5334 dicebatur,
1768 5274 1846 5326 ait
1873 5271 2105 5342 principi

543 5361 836 5433 Synagogzc
864 5382 879 5417 :
912 5363 991 5418 Ne
1018 5366 1209 5420 timeas
1238 5383 1253 5419 :
1300 5368 1668 5423 tantummodo
1697 5369 1876 5423 crede.
1904 5367 1969 5421 Et
2002 5383 2106 5423 non

546 5456 790 5524 permisit
836 5440 1208 5527 utrquisquam
1239 5474 1361 5513 eum
1396 5470 1712 5528 sequeretur
1754 5470 1953 5531 praeter
2007 5459 2109 5515 Pe-

548 5553 686 5600 trum
720 5555 772 5599 et
813 5544 1069 5602 Iacobum
1112 5558 1168 5604 et
1206 5548 1466 5604 Joannem
1517 5549 1734 5605 fratrem
1788 5552 1995 5608 Jacobi.
2045 5554 2108 5606 Et

547 5638 695 5691 venit
737 5638 789 5690 in
828 5640 1040 5694 domum
1073 5641 1330 5711 principis
1367 5641 1683 5713 Synagogm,
1726 5645 1978 5712 videtque
2021 5654 2108 5698 tu-

549 5728 773 5783 multum
804 5744 859 5786 et
889 5731 1080 5790 ﬂentes
1100 5746 1154 5789 et
1180 5734 1449 5803 eiulantes
1473 5736 1719 5798 multum,
1748 5746 1804 5790 et
1828 5738 2108 5807 ingressus

549 5816 626 5872 ait
654 5820 755 5878 illis
782 5841 795 5879 :
818 5822 961 5891 Quid
996 5828 1389 5883 tumultuamini
1413 5838 1464 5883 ct
1492 5827 1758 5896 ploratis?
1789 5828 1964 5891 puclla
1995 5844 2102 5885 non

2210 4661 2327 4708 στις
2365 4662 2481 4701 σου.
2510 4646 2752 4717 Πορεύου
2781 4647 2964 4701 τοίνυν
2989 4651 3067 4712 είς
3091 4650 3339 4720 εἰρήνην,
3369 4652 3674 4719 τουτέστιν,
3709 4656 3795 4720 είς

2210 4735 2552 4790 ἀνάπαυσιν’
2605 4737 2749 4791 ὥστε
2815 4731 2956 4793 εἶναι
3028 4740 3088 4794 τὸ
3160 4741 3453 4813 λεγόμενον
3508 4744 3781 4799 τοιοῦτον·

2213 4826 2470 4893 ’Δπελθι,
2504 4828 2811 4892 ἀναπαύου,
2855 4829 2931 4894 ὡς
2975 4830 3104 4899 τόγε
3134 4831 3300 4905 μέχρι
3329 4833 3425 4887 τοῦ
3462 4834 3577 4902 νῦν,
3612 4838 3671 4890 ὲν
3697 4837 3795 4891 λύ-

2209 4933 2342 4981 παις
2368 4914 2613 4989 ὐπῆρχες
2641 4918 2736 4971 καὶ
2767 4920 3055 4990 ταραχαῖς.

2285 5027 2303 5059 ι
2343 5007 2465 5061 Ἔτι
2511 5008 2679 5063 αὑτοῦ
2723 5009 3043 5076 λαλοῦντος,
3081 5011 3334 5084 ἔρχονται
3363 5015 3473 5069 ἀπὸ
3500 5016 3591 5071 τοῦ
3630 5020 3795 5091 ἀρχι-

2212 5096 2551 5165 συναγώγου,
2590 5097 2840 5167 λέγοντες
2864 5100 2969 5161 ὅτι,
3014 5099 3082 5153 Ἦ
3121 5102 3373 5174 θυγάτηρ
3395 5121 3491 5158 σου
3520 5107 3792 5175 ἀπέθανε,

2209 5190 2261 5241 τί
2286 5190 2367 5241 ἔτι
2393 5188 2643 5252 σκύλλεις
2682 5189 2776 5242 τὸν
2820 5190 3193 5260 Διδάσκαλον;
3248 5194 3306 5247 '0
3358 5196 3415 5249 δὲ
3456 5197 3663 5268 Ἰησοῦς
3707 5201 3796 5253 εὐ-

2210 5282 2345 5345 θέως
2376 5282 2613 5345 ἀκούσας
2655 5282 2747 5337 τὸν
2777 5283 2935 5351 λόγον
2994 5284 3350 5356 λαλούμενον,
3388 5288 3537 5357 λέγει
3576 5290 3656 5360 τῷ
3682 5292 3793 5362 ἀρ-

2210 5371 2587 5442 χισυναγώγῳ·
2648 5373 2739 5441 Μή
2785 5374 2973 5442 φοϐοῦ,
3030 5375 3191 5445 μόνον
3217 5378 3469 5433 πίστευε.
3520 5382 3632 5434 Καὶ
3686 5382 3799 5437 οὐκ.

2212 5464 2422 5533 ἀφῆκεν
2462 5466 2650 5517 οὐδένα
2674 5466 2821 5536 αὐτῷ
2865 5468 3335 5541 συνακολουθῆσαι
3353 5513 3367 5535 ,
3398 5474 3446 5525 εί
3473 5472 3548 5543 μὴ
3576 5475 3792 5544 Πέτρον

2213 5556 2306 5607 καὶ
2359 5555 2616 5609 Ἰάκωϐον
2658 5558 2754 5611 καὶ
2804 5559 3060 5629 Ἰωάννην
3103 5562 3198 5615 τὸν
3243 5563 3471 5633 ἀδελφὸν
3500 5565 3796 5622 Ἰακώϐου.

2213 5646 2323 5697 Καὶ
2357 5644 2572 5715 ἔρχεται
2623 5650 2705 5713 είς
2736 5650 2826 5705 τὸν
2875 5646 3025 5705 οἷκον
3050 5652 3145 5706 τοῦ
3189 5656 3663 5728 ἀρχισυναγώγου,
3694 5662 3793 5712 καὶ

2213 5736 2406 5806 θεωρεῖ
2447 5736 2697 5809 θόρυϐον,
2744 5742 3033 5807 κλαίοντας
3065 5745 3160 5799 καὶ⁵
3191 5746 3561 5811 ἀλαλάζοντας
3593 5749 3789 5813 πολλὰ,

2216 5829 2309 5883 καὶ⁴
2367 5830 2665 5895 εἰσελθὼν,
2721 5834 2869 5905 λέγει
2918 5836 3136 5899 αὐτοῖς·
3189 5837 3253 5889 Τί
3316 5838 3633 5909 θορυϐ;ἰςοε
3694 5844 3795 5895 καὶ
