4010 6420
241 407 342 471 545

957 400 1403 464 ENARRATIO
1443 399 1529 462 IN
1567 399 2075 465 EVANGELIUM
2113 400 2381 465 MARCI.
2413 426 2487 441 ·-
2518 401 2677 463 CAP.
2723 403 2820 467 Vl.

3428 417 3459 477 5
3472 417 3529 479 i6

239 526 459 582 κλαίετε
487 539 503 588 ;
534 523 598 577 τδ
641 520 859 576 παιδίον
887 519 986 573 οὐκ
1027 518 1330 581 ἀπέθανεν,
1366 518 1505 573 ἀλλά
1552 515 1821 573 καθεύδει.

1940 525 2022 574 est
2057 526 2308 582 mortua,
2359 517 2455 573 sed
2488 517 2709 574 dormit.
2764 516 2830 571 Et
2855 517 3156 574 irridebant
3203 536 3348 577 eum.
3408 522 3530 594 Ipse

247 618 355 673 Καὶ
390 615 710 679 κατεγέλων
739 610 1006 665 αύτοῦ.⁹0
1052 611 1131 678 δὲ,
1166 609 1414 664 ἐκϐαλὼν
1454 608 1688 675 πάντας,
1721 626 1829 663 πα-

247 706 593 781 ραλαμϐάνει
623 704 717 757 τὸν
739 706 955 774 πατέρα
984 701 1079 755 τοῦ
1111 702 1323 755 παιδίου
1350 703 1443 755 καὶ
1466 702 1567 773 τὴν
1592 702 1829 773 μητέρα,

246 804 335 855 κα)⁵
365 802 497 861 τοὺς
536 797 658 866 μετ’
694 796 885 863 αὑτοῦ,
919 796 1015 848 καὶ
1064 793 1453 863 εἰσπορεύεται
1488 795 1621 849 ὅπου
1667 788 1739 865 ἦν
1770 793 1832 847 τὸ

246 894 461 949 παιδίον
493 892 880 962 ἀνακείμενον,
908 890 1000 943 καὶ
1052 890 1338 961 κρατήσας
1381 888 1480 957 τῆς
1512 890 1696 961 χειρὸς
1733 887 1829 943 τοῦ

247 988 485 1047 παιδίου,
522 986 672 1053 λέγει
704 985 863 1054 αὐτῇ·
897 980 1105 1036 Ταλιθά
1157 981 1346 1051 κοῦμι,
1400 982 1428 1035 ὅ
1479 983 1593 1036 ὲστι
1632 982 1832 1052 μεθερ-

248 1080 641 1150 μηνευόμενον·
678 1077 750 1129 Τὸ
793 1076 1071 1146 κοράσιον,
1110 1076 1192 1127 σοὶ
1236 1074 1415 1144 λέγω,
1448 1076 1683 1144 ἔγειραι.
1716 1077 1829 1131 Καὶ

248 1172 450 1233 εὐθέως
513 1169 717 1237 ἀνέστη
769 1167 830 1221 τὸ
878 1168 1299 1238 κοράσιον,καὶ
1358 1168 1684 1239 περιεπάτει
1737 1163 1828 1239 (ἦν

246 1265 350 1330 γὰρ
376 1263 518 1314 ἑτῶν
547 1260 812 1330 δώδεκα),
845 1262 938 1313 καὶ
964 1259 1264 1330 ἐξέστησαν
1300 1262 1558 1316 ἐκστάσει
1591 1262 1825 1334 μεγάλῃ,

246 1356 336 1407 καὶ
362 1351 703 1405 διεστείλατο
734 1351 918 1412 αὐτοῖς
960 1349 1133 1403 πολλὰ
1165 1351 1252 1403 ἵνα
1286 1350 1620 1420 μηδεὶςγνῷ
1647 1350 1825 1414 τοῦτο,

247 1446 335 1497 καὶ
387 1438 517 1494 εἷπε
560 1441 783 1510 δοθῆναι
827 1442 964 1511 αὐτῇ
1010 1443 1232 1507 φαγεῖν.
1266 1459 1284 1493 ι
1324 1443 1388 1493 Oi
1431 1441 1523 1494 τοῦ
1571 1445 1831 1511 ἀρχισυν-

247 1533 487 1603 αγώγου,
521 1533 838 1602 νομίζοντες
893 1532 987 1584 ἕνα
1035 1532 1146 1585 τῶν
1195 1531 1536 1585 διδασκάλων
1565 1528 1703 1585 εἶναι
1735 1532 1828 1585 τὸν

245 1629 503 1699 Χριστὸν,
556 1627 644 1679 διά
675 1624 833 1677 τοῦτο
864 1618 1212 1694 παρεκάλουν
1255 1624 1341 1678 ῑνα
1389 1624 1559 1678 ἐλθὼν
1589 1624 1828 1693 προσεύ-

246 1722 402 1793 ξηται
450 1721 543 1774 ἐπὶ
590 1719 671 1789 τῷ
750 1719 1022 1791 κορασίῳ·
1063 1719 1251 1773 λοιπὸν
1299 1719 1491 1788 έπείδὴ
1533 1719 1826 1785 ἀπέθανεν,

244 1820 507 1888 ἐνόμισαν
556 1814 760 1885 μηκέτι
794 1812 963 1868 αὑτοῦ
994 1813 1183 1884 χρείαν
1217 1807 1378 1875 εἶναι,
1411 1812 1499 1866 διὰ
1541 1812 1601 1867 τὸ
1632 1811 1826 1883 τεθνη.

1939 626 2067 668 vero
2101 611 2295 681 ejectis
2333 611 2586 668 omnibus
2636 611 2866 667 assumit
2914 620 3125 683 patrem
3186 624 3243 669 et
3297 623 3525 671 matrem

1934 704 2166 775 pueflaa,
2218 715 2271 759 et
2308 718 2403 759 eos
2446 704 2539 773 qui
2591 718 2716 758 cum
2762 705 2881 775 ipso
2924 716 3101 771 erant,
3131 702 3186 762 et
3227 707 3531 777 ingreditur

1932 814 1998 854 eo
2030 797 2118 853 ubi
2150 797 2333 869 puella
2362 797 2605 868 jac‘ebat,
2643 806 2695 852 et
2732 799 3070 869 apprehensa
3120 798 3280 855 manu
3314 802 3526 872 puulle,

1932 893 2009 946 ait
2029 891 2147 946 illi:
2174 888 2563 957 Talithacumi,
2593 892 2737 959 quod
2761 901 2845 947 est
2868 893 2913 947 si
2938 895 3061 964 quis
3091 892 3484 963 interpretetur
3509 915 3525 953 :

1932 981 2119 1039 Puella
2157 1024 2171 1049 ,
2230 983 2325 1037 tibi
2381 984 2545 1046 dico,
2583 998 2765 1054 surge.
2822 981 2888 1038 Et
2941 985 3236 1041 confestim
3286 989 3528 1045 surrexit

1934 1077 2132 1147 puella,
2162 1084 2217 1131 et
2238 1075 2548 1132 ambulabat
2568 1076 2709 1147 (erat
2734 1077 2879 1133 enim
2897 1093 3167 1134 annorum
3193 1081 3524 1155 duodecim),

1932 1180 1985 1225 et
2033 1172 2435 1241 obstupuerunt
2488 1180 2713 1239 stupore
2744 1174 2969 1240 magno.
3019 1171 3379 1244 Et'prtccepit
3418 1174 3525 1231 illis

1932 1258 2288 1319 vehementer
2343 1278 2410 1318 ne
2446 1264 2735 1333 quisquam
2793 1263 2848 1318 id
2899 1264 3103 1330 sciret,
3138 1276 3192 1319 et
3241 1262 3425 1333 jussit
3465 1277 3525 1323 ut.

1930 1355 2154 1411 daretur
2204 1354 2281 1410 illi
2339 1356 2484 1425 quod
2539 1357 2750 1411 ederet.
2798 1375 2817 1408 ι
2881 1354 3204 1413 Familiares
3262 1360 3526 1429 principis

1934 1448 2236 1520 Synagogze
2265 1449 2681 1504 arbitrabantur
2714 1449 2996 1505 Christum
3028 1464 3150 1506 esse
3181 1468 3245 1506 es
3288 1451 3528 1508 d0ctori-

1930 1543 2032 1599 bus
2058 1542 2372 1611 quemdam,
2416 1550 2701 1611 propterea
2734 1541 3103 1598 obsecrabant‘
3132 1554 3191 1598 ut
3222 1546 3431 1601 veniret
3472 1556 3527 1601 et

1930 1644 2115 1691 oraret
2169 1648 2335 1703 super
2384 1635 2657 1703 puellam:
2700 1644 2756 1690 et
2795 1635 2920 1705 quia
2969 1634 3083 1704 jam
3118 1646 3329 1694 mortua
3380 1636 3523 1706 erat,

1930 1736 2261 1797 putaverunt
2298 1725 2440 1780 ultra
2474 1726 2594 1797 ipso
2628 1742 2732 1783 non
2754 1722 2903 1798 opus
2934 1744 3074 1796 esse,
3105 1745 3171 1786 eo
3202 1732 3344 1801 quod
3380 1730 3526 1789 mor-

1934 1828 2023 1874 tua
2051 1827 2215 1873 esset.
2246 1816 2355 1874 Sed
2393 1818 2484 1873 ille
2511 1827 2719 1888 patrem
2754 1822 2983 1889 animat,
3009 1834 3062 1877 ct
3085 1824 3265 1893 inquit
3292 1843 3307 1883 :
3335 1825 3523 1882 Solum

244 1909 395 1961 κέναι
425 1906 620 1975 αύτήν.
676 1904 819 1957 Ἀλλ’
865 1904 1076 1967 ἐκεῖνος
1129 1901 1393 1975 θαρρύνει
1442 1902 1535 1955 τὸν
1590 1903 1821 1973 πατέρα,

1930 1908 2115 1965 crede.
2152 1907 2267 1963 Non
2304 1911 2572 1979 permittit
2602 1922 2784 1966 autem
2810 1912 2975 1965 ullum
3002 1914 3169 1968 alium
3202 1928 3323 1981 esse
3354 1919 3526 1973 comi-

244 2001 354 2062 καὶ,
390 1999 571 2051 Μόνον
597 1996 848 2061 πίστευε,
899 1996 1083 2065 φησίν.
1112 1996 1225 2049 οὐκ
1282 1996 1477 2067 ἀφίησι
1530 1994 1587 2049 δέ
1636 1996 1826 2049 οὐδένα

242 2091 427 2158 ἕτερον
462 2087 951 2156 συνακολουθῆσαι,
986 2090 1035 2139 εί
1071 2088 1158 2179 μη
1196 2087 1322 2151 τοὺς
1361 2090 1514 2157 τρεῖς
1552 2086 1823 2157 μαθητάς.

242 2184 311 2235 Οὐ
344 2184 455 2253 γάρ
496 2183 561 2251 δὴ
608 2183 635 2233 ό
681 2183 938 2243 ταπεινὸς
976 2179 1181 2251 Ἰησοῦς
1220 2179 1364 2232 θέλει
1403 2179 1539 2249 πρὸς
1568 2178 1825 2244 ιπίδειξίν

238 2291 288 2326 τι
337 2278 538 2327 ποιεῖν.
590 2275 860 2342 Λέγοντος
913 2274 970 2327 δὲ
1002 2272 1197 2334 αὑτοῦ,
1242 2272 1323 2328 ὅτι
1370 2272 1470 2325 οὐκ
1496 2272 1737 2326 ἀπέθανε
1764 2272 1826 2325 τὸ

241 2368 520 2435 κοράσιον,
574 2366 713 2420 ἀλλά
770 2364 1049 2429 καθεύδει,
1083 2362 1486 2430 καταγελῶσιν,
1526 2362 1602 2426 ὡς
1646 2363 1712 2416 ἂν
1750 2362 1826 2433 μὴ

239 2459 435 2529 ἔχωσιν
494 2458 724 2528 ὓστερον
783 2457 960 2525 λέγειν
1021 2457 1103 2509 δτι
1166 2458 1396 2526 κάτοχος
1443 2455 1682 2523 ἐγένετο,
1732 2455 1824 2508 καὶ

238 2550 391 2603 οὐδὲν
441 2550 762 2620 θαυμαστὸν
794 2551 843 2602 εί
899 2548 1204 2618 ἀνέστησεν
1245 2549 1441 2617 αὐτὴν,
1491 2547 1608 2599 ἀλλ’
1668 2546 1825 2601 αὐτοὶ

244 2642 455 2695 ἑαυτῶν
489 2640 1047 2711 καταμαρτυροῦντες
1085 2639 1443 2708 ὶλέγχωνται,
1501 2637 1576 2699 ὡς
1607 2635 1824 2707 ἀληθῶς

236 2734 566 2801 τεθνηκυῖαν
592 2734 911 2804 ἀνέστησεν,
932 2734 1066 2787 ὅπου
1099 2749 1162 2800 γε
1196 2731 1292 2784 καὶ
1314 2730 1629 2798 κατεγέλων
1653 2727 1821 2782 αὑτοῦ

236 2824 511 2894 λέγοντος,
556 2825 640 2877 ὅτι
685 2825 786 2879 οὐκ
834 2824 1093 2878 ἀπέθανε.
1140 2824 1351 2893 Κρατεῖ
1389 2821 1448 2873 δὲ
1484 2821 1587 2891 τῆς
1614 2819 1819 2892 χειρὸς,

240 2918 325 2970 ἵνα
355 2917 487 2990 ἰνθῇ
516 2917 692 2992 ταύτῃ
724 2916 976 2989 δύναμιν.
1015 2915 1127 2970 Καὶ
1159 2915 1379 2969 δίδωσιν
1418 2914 1561 2985 αὐτῇ
1592 2916 1820 2983 φαγεῖν,

236 3012 385 3065 ὠσάν
409 3011 759 3080 πιστώσηται
792 3014 892 3081 τὴν
924 3010 1245 3078 ἀνάστασιν,
1268 3009 1350 3063 δτι
1375 3008 1595 3080 άληθῶς
1625 3008 1722 3064 καὶ
1756 3006 1821 3064 ού

237 3104 378 3159 κατὰ
415 3103 722 3173 φαντασίαν
750 3104 1001 3172 γέγονεν.
1464 3104 1475 3110 ⁷’

838 3216 1089 3271 ΚΕΦΑΛ.
1126 3218 1218 3284 ς’.

236 3333 374 3403 Περὶ
398 3330 502 3399 τῆς
524 3331 642 3388 τῶν
666 3332 1025 3403 ἀποσζόλωκ
1041 3330 1515 3403 διατατῆςηηερί
1535 3328 1821 3403 Ἰωάννου

303 3392 405 3455 καί
444 3392 717 3470 Ἡρώδου.
770 3392 908 3470 [18231
947 3401 1067 3454 τῶν
1106 3392 1530 3467 πένὶέἀρτῶν
1570 3401 1671 3454 καὶ
1703 3400 1819 3453 τῶν

301 3473 413 3528 δύο
458 3474 701 3543 ἰχθύων.
754 3472 893 3541 Περὶ
923 3472 1027 3526 τοῦ
1058 3473 1127 3525 ἐν
1160 3472 1444 3539 θαλάσσῃ
1469 3470 1818 3540 περιπάτου.

307 3585 418 3637 Καὶ
440 3582 665 3653 ἐξῆλθεν
696 3583 930 3647 ἐκεῖθεν,
964 3582 1058 3636 καὶ
1094 3577 1259 3652 ἦλθεν
1312 3582 1393 3643 είς
1434 3583 1534 3651 τὴν
1585 3582 1821 3654 πατρίδα

236 3673 429 3737 αὑτοῦ,
464 3672 560 3725 καὶ
587 3671 978 3726 ἀκολουθοῦσιν
1019 3670 1169 3739 αὐτῷ
1220 3670 1271 3723 οἱ
1336 3671 1580 3742 μαθηταὶ
1627 3671 1817 3727 αυτοῦ.

234 3763 343 3817 Καὶ
394 3762 694 3831 γενομένου
746 3760 1049 3819 Σαϐϐἀτου,
1086 3760 1287 3831 ἦρξατο
1318 3762 1377 3813 ἐν
1420 3766 1485 3831 τῇ
1514 3763 1817 3834 Συναγωγῇ

233 3852 527 3919 διδάσκειν,
560 3854 657 3910 καὶ
704 3852 895 3905 πολλοὶ
945 3851 1245 3915 ἀκούοντες
1266 3851 1686 3920 ἐξεπλήσσοντο,
1726 3855 1817 3908 λέ-

231 3962 442 4015 γοντιςσ
474 3946 647 3999 Πόθεν
677 3944 853 4015 τούτῳ
894 3944 1103 4010 ταῦτα;
1136 3946 1233 3998 καὶ
1262 3952 1346 4008 τίς
1380 3948 1412 4016 ή
1455 3947 1622 4014 σοφία
1656 3948 1689 4018 ἡ
1722 3948 1817 3999 δο-

233 4036 388 4090 θεῖσα
417 4036 590 4105 αὐτῷ,
621 4037 706 4089 ὅτι
734 4036 829 4088 καὶ
866 4033 1130 4104 δυνάμεις
1166 4032 1420 4087 τοιαῦται
1454 4034 1543 4086 διὰ
1570 4034 1679 4087 τῶν
1706 4051 1818 4103 χει·

232 4130 344 4203 ρῶν
376 4128 548 4184 αὐτοῦ
581 4128 827 4198 γίνονται
859 4143 873 4193 ;
909 4128 1021 4197 Οὐχ
1059 4118 1213 4189 οὗτός
1254 4126 1403 4179 ἐστιν
1446 4126 1476 4179 ό
1527 4126 1760 4192 τέκτων,
1789 4126 1818 4178 ό

229 4225 345 4287 υίδς
378 4222 624 4296 Μαρίας,
678 4220 908 4291 ἀδελφὸς
960 4222 1015 4273 δὲ
1063 4219 1346 4283 Ἰακώϐου,
1378 4223 1472 4272 καὶ
1510 4219 1817 4289 Ἰωσῆβιαὶ

240 4314 415 4370 Ἰούδα
444 4356 459 4380 ,
515 4313 610 4367 καὶ
655 4312 932 4383 Σίμωνος;
976 4312 1086 4365 Καὶ
1144 4312 1244 4364 οὐκ
1290 4311 1428 4365 εἰσιν
1467 4309 1526 4363 ai
1586 4309 1817 4380 ἀδελφαὶ

231 4406 395 4460 αὑτοῦ
420 4400 524 4458 ὦδε
551 4402 687 4474 πρὸς
708 4405 855 4475 ἡμᾶς
878 4421 892 4471 ;
914 4404 1023 4457 Καὶ
1045 4404 1061 4454 ἐ
1089 4401 1495 4465 ςκανδαλίζοντο
1522 4404 1579 4455 ὲν
1610 4402 1809 4471 αὐτῷ.»

240 4498 547 4553 Ἐπιϐαίνει
596 4498 696 4566 τῆς
732 4497 1013 4567 πατρίδος,
1040 4515 1051 4545 ι
1077 4498 1138 4548 ἢκ
1167 4495 1378 4563 ἀγνοῶν
1407 4495 1491 4548 ὅτι
1536 4511 1814 4563 καταφρο-

1932 2010 2065 2067 tem,
2127 2015 2289 2072 quam
2353 2010 2463 2056 tres
2519 2000 2841 2073 discipulos.
2906 2003 3092 2071 Neque
3153 2010 3297 2061 enim
3364 2007 3525 2067 Jesus

1930 2092 2155 2147 humilis
2216 2092 2285 2147 ad
2343 2093 2767 2148 ostentationem
2826 2095 3105 2162 quidpiam
3158 2096 3271 2152 vult
3322 2099 3523 2158 facere.

1929 2183 2157 2239 Dicente
2185 2168 2369 2238 autem
2416 2198 2504 2249 eo,
2533 2181 2653 2238 Non
2682 2194 2897 2239 mortua
2928 2194 3009 2239 est
3042 2187 3238 2255 puella,
3271 2191 3365 2244 sed
3394 2191 3523 2243 dor-

1930 2277 2068 2343 mit,
2119 2276 2409 2331 derident:
2471 2289 2541 2330 ne
2586 2276 2806 2350 possint.
2842 2288 3028 2345 postea
3071 2280 3255 2334 dicere
3283 2282 3427 2350 quod
3468 2285 3520 2335 in

1928 2382 2157 2422 excessu
2193 2370 2394 2423 mentis
2416 2378 2672 2436 correpta
2706 2342 2891 2431 fue'rit,
2930 2378 2985 2423 et
3014 2384 3119 2425 non
3162 2342 3327 2425 fuerit
3351 2372 3522 2427 mira-

1930 2457 2111 2513 culum
2138 2472 2259 2512 eam
2289 2459 2600 2513 suscitare:
2630 2458 2725 2514 se‘d
2752 2460 2853 2529 ipsi
2880 2470 3067 2514 centra
3098 2462 3307 2530 seipsos
3332 2466 3518 2518 testari

1930 2552 2372 2618 convincuntur,
2423 2550 2565 2621 quod
2598 2565 2725 2607 vere
2784 2562 3054 2607 mortuam
3129 2554 3516 2613 suscitaverit:

1930 2642 2375 2711 quandoquidem
2412 2642 2864 2699 deriserinteum
2922 2644 3065 2714 quod
3114 2647 3322 2701 diceret
3371 2648 3519 2704 illam

1931 2747 2037 2787 non
2069 2743 2363 2797 mortuam,
2395 2734 2489 2787 sed
2513 2732 2771 2788 dormire.
2793 2731 3012 2787 Manum
3041 2749 3171 2791 vero
3204 2737 3518 2807 apprehen-

1930 2824 2029 2891 dit,
2069 2835 2126 2878 ut
2163 2824 2416 2879 virtutem
2473 2824 2522 2879 ei
2571 2826 2833 2893 imponat.
2868 2824 2935 2879 Et
2975 2825 3131 2895 jubet
3178 2840 3235 2882 ut
3278 2828 3441 2884 detur
3469 2832 3519 2884 ei

1929 2916 2072 2985 quod
2129 2917 2405 2981 comedat,
2457 2931 2564 2985 quo
2627 2918 2831 2973 certius
2878 2920 3135 2975 credatur
3185 2924 3521 2979 resurrectio

1930 3023 2059 3065 vere
2087 3018 2139 3064 et
2172 3024 2279 3065 non
2305 3016 2633 3081 apparenter
2665 3019 2873 3065 tantum
2912 3010 3078 3068 facta.

2541 3210 2772 3269 CAPUT
2820 3213 2904 3269 Vi.

1926 3331 2004 3387 De
2060 3329 2246 3384 ordine
2286 3330 2674 3400 apostolorum.
2720 3325 2795 3400 De
2828 3325 3037 3400 Joanne
3082 3339 3128 3383 et
3164 3329 3389 3400 flerode.
3446 3331 3520 3387 De

1994 3402 2223 3485 quinque
2264 3396 2490 3463 minibus
2524 3408 2573 3452 et
2626 3396 2831 3449 duobus
2859 3397 3113 3465 piscibus.
3158 3399 3234 3454 De
3274 3404 3520 3456 ambula.

1998 3483 2138 3525 tione
2164 3486 2325 3539 supra
2352 3485 2520 3524 mare.

1995 3590 2162 3645 Vsus.
2196 3589 2315 3643 1-5.
2352 3606 2370 3639 t
2409 3587 2477 3643 Et
2521 3601 2777 3659 egressus
2824 3597 2909 3643 est
2940 3587 3109 3653 illinc,
3162 3588 3418 3659 venitque
3463 3592 3522 3647 in

1922 3683 2154 3753 patriam
2212 3697 2363 3737 suam
2394 3720 2409 3745 ,
2463 3689 2518 3735 et
2576 3691 2879 3750 sequuntur
2929 3696 3055 3736 eum
3108 3680 3363 3751 discipuli
3411 3684 3516 3741 sui.

1923 3775 2169 3843 Cumque
2204 3773 2425 3828 adesset
2477 3770 2814 3836 Sabbatum,
2875 3772 3042 3842 coepit
3105 3774 3157 3827 iu
3230 3772 3519 3846 Synagoga

1922 3868 2140 3934 docere,
2168 3865 2447 3936 multique
2474 3864 2764 3919 audientes
2796 3863 3202 3932 obstupuerunt
3231 3865 3475 3921 dicentes
3500 3885 3517 3920 :

1922 3959 2078 4016 Unde
2110 3959 2235 4013 huic
2276 3960 2389 4013 haec
2410 3957 2433 4011 i
2457 3966 2511 4012 et
2540 3971 2661 4027 quae
2691 3966 2777 4011 est
2821 3956 3091 4026 sapientia
3124 3972 3245 4027 quae
3276 3960 3399 4013 data
3435 3969 3521 4015 est

1921 4052 2022 4118 illi,
2060 4052 2189 4120 quia
2240 4059 2294 4106 et
2326 4051 2558 4104 virtutes
2586 4050 2726 4105 tales
2757 4064 2855 4119 per
2891 4064 3086 4104 manus
3118 4052 3238 4121 ejus
3271 4050 3517 4107 emciun-

1923 4143 2054 4199 tur?
2087 4143 2279 4199 Nonne
2304 4143 2392 4197 hic
2421 4151 2505 4197 est
2539 4142 2696 4196 faber
2731 4142 2856 4209 ille,
2899 4142 3046 4197 lilius
3090 4141 3295 4209 Mariae,
3348 4143 3518 4199 frater

1918 4237 2132 4303 Jacobi,
2183 4243 2239 4291 et
2286 4235 2437 4302 lose,
2488 4244 2542 4291 et
2585 4232 2747 4298 Juda,
2804 4243 2859 4289 et
2906 4235 3190 4290 Simonis?
3240 4234 3429 4292 Nonne
3463 4246 3519 4293 et

1919 4342 2140 4385 sorores
2171 4326 2288 4396 ejus
2318 4326 2407 4383 hic
2455 4325 2742 4381 nobiscum
2788 4326 2964 4382 sunt?
2998 4324 3063 4381 Et
3098 4324 3518 4382 offendebantur

1918 4435 2015 4491 per
2069 4434 2217 4474 eum.
2257 4437 2276 4470 ι
2312 4417 2573 4473 Ascendit
2642 4417 2709 4472 ad
2773 4418 3030 4487 patriam,
3083 4432 3191 4472 non
3260 4420 3518 4488 ignorans

1919 4528 1977 4567 se
1991 4520 2362 4582 contemptum
2388 4511 2477 4577 iri,
2500 4512 2595 4566 sed
2620 4524 2685 4564 ne
2709 4510 2763 4565 in
2790 4520 3066 4580 posterum
3089 4512 3270 4565 dicere
3287 4522 3513 4580 queant,

229 4590 485 4660 νήσουσιν
532 4586 724 4654 αὐτοῦ,
765 4586 881 4640 ἀλλ’
915 4586 1003 4639 ἴνα
1044 4586 1119 4657 μὴ
1150 4585 1345 4672 ἔχωσιν
1378 4583 1606 4653 ὕστερον
1633 4584 1813 4653 λέγειν

1929 4605 1977 4661 5i
2010 4611 2269 4673 venisset,
2300 4606 2489 4675 utique
2511 4605 2935 4663 credidissetnus
2956 4605 3025 4660 ei.
3063 4603 3517 4676 Reprehendebat

229 4684 335 4748 ὃτι,
371 4682 436 4734 Ei
471 4676 663 4751 ἦλθεν,
695 4680 1103 4749 ἐπιστεύσαμεν
1149 4680 1214 4731 ἄν
1239 4693 1253 4708 ·
1292 4677 1408 4747 ἅμα
1451 4676 1530 4744 δὲ,
1587 4677 1682 4729 καὶ¹
1712 4676 1812 4746 τὴν

226 4774 501 4845 φθονερὰν
529 4772 759 4842 γνώμην
812 4771 993 4826 αὐτῶν
1027 4771 1290 4843 ἐλέγχων.
1350 4770 1480 4825 Δέον
1523 4770 1633 4844 γὰρ
1678 4786 1814 4823 καυ-

224 4865 423 4935 χεῖσθαι
478 4864 681 4936 μᾶλλον
733 4865 824 4917 ἐπὶ
859 4862 939 4935 τῷ
992 4864 1182 4935 κυρίῳ
1206 4905 1220 4928 ,
1255 4863 1331 4927 ὠς
1368 4862 1666 4933 κοσμοῦντι
1712 4862 1813 4931 τὴν

227 4958 403 5013 αὐτῶν
458 4956 701 5028 πατρίδα
757 4957 846 5011 διά
897 4974 958 5009 τε
993 4959 1091 5027 τῆς
1129 4955 1483 5018 διδασκαλίας
1536 4954 1634 5007 καὶ
1695 4955 1811 5009 τῶν

227 5050 545 5121 θαυμάτων,
581 5051 631 5103 οἱ
664 5048 744 5113 δὲ,
780 5047 1219 5115 ἐξευτελίζουσιν
1264 5048 1429 5102 αὑτὸν
1476 5049 1570 5103 ἐπὶ
1606 5046 1685 5117 τῷ
1718 5064 1814 5099 τα-

228 5142 395 5214 πεινῷ
445 5140 543 5195 τοῦ
600 5141 816 5209 γένους.
848 5136 1129 5192 Τοσοῦτόν
1172 5142 1290 5194 ἐστι
1328 5139 1498 5192 κακὸν
1525 5140 1552 5191 ό
1589 5138 1806 5207 φθόνος.

238 5237 550 5290 Ἐπισκοτεῖ
580 5234 689 5305 γὰρ
739 5236 852 5296 τοῖς
909 5233 1136 5301 ἀγαθοῖς
1189 5234 1297 5295 ἀεὶ,
1326 5232 1421 5287 καὶ
1464 5232 1564 5285 οὐκ
1600 5233 1666 5304 ἐᾷ
1686 5234 1812 5294 τοὺς

226 5328 558 5399 φθονοῦντας
614 5326 788 5381 ταῦτα
840 5327 988 5381 [δεῖν.
1046 5326 1157 5380 Καὶ
1211 5326 1304 5378 νῦν
1344 5320 1437 5378 οῦν
1480 5324 1687 5388 πολλοὶ,
1738 5325 1813 5387 ὡς

224 5422 504 5491 δυσγενεῖς
544 5437 697 5484 τινας
747 5420 1149 5485 διαϐάλλουσιν,
1198 5417 1382 5484 ἀξίους
1423 5419 1585 5483 ὄντας
1642 5420 1812 5477 τᾶλλα

226 5517 409 5585 τιμῆςο
446 5513 637 5576 κακῶς
664 5512 992 5584 φρονοῦντες
1022 5515 1116 5566 καὶ
1140 5512 1261 5566 λίαν
1290 5511 1556 5579 ἀγεννῶς.

299 5626 318 5659 ι
350 5607 549 5675 Ἔλεγε
601 5605 657 5659 δὲ
680 5606 865 5669 αὐτοῖς
896 5605 924 5657 δ
969 5604 1178 5674 Ἰησοῦς
1226 5605 1331 5669 ὅτι,
1368 5604 1482 5657 Οὐκ
1517 5603 1633 5657 ἔστι
1676 5622 1814 5675 προε-

230 5699 403 5769 φὴτης
458 5700 677 5766 ἄτιμος,
723 5700 771 5749 εἰ
822 5698 895 5768 μὴ
936 5698 995 5749 ὲν
1026 5699 1093 5768 τῇ
1135 5698 1355 5768 πατρίδι
1396 5697 1587 5763 αὑτοῦ,
1618 5697 1715 5751 καὶ
1755 5699 1813 5749 ὲν

226 5795 333 5854 τοῖς
386 5790 703 5861 συγγενέσι,
756 5791 852 5842 καὶ
905 5790 963 5841 ἐν
1013 5792 1079 5860 τῇ
1112 5789 1263 5860 οἰκία
1321 5790 1510 5843 αὑτοῦ.
1567 5791 1678 5843 Καὶ
1713 5791 1814 5843 οὐκ

226 5878 455 5947 ἠδύνατο
482 5880 600 5934 ἐκεῖ
629 5876 889 5949 οὐδεμίαν
916 5876 1147 5949 δύναμιν
1167 5880 1415 5949 ποιῆσαι,
1436 5883 1482 5932 εί
1516 5880 1591 5949 μὴ
1612 5880 1814 5949 ὀλίγοις
1850 5916 1853 5917 ν

1918 4709 2102 4755 autem
2135 4712 2187 4755 et
2214 4700 2455 4754 invidam
2486 4698 2701 4753 illorum
2726 4707 2964 4751 mentem
3022 4697 3183 4768 199
3212 4696 3537 4769 Oportebat,

1917 4808 2049 4850 sane
2073 4794 2245 4863 magis
2270 4792 2490 4864 gloriari
2519 4793 2587 4846 de
2609 4790 2862 4856 Domino,
2888 4788 2981 4857 qui
3010 4788 3251 4857 ipsorum
3277 4790 3507 4859 patriam

1918 4890 1990 4943 ita
2041 4897 2265 4943 ornaret
2324 4894 2379 4941 et
2425 4885 2673 4942 doctrina
2717 4895 2773 4939 et
2815 4876 3099 4939 miraculis
3143 4900 3159 4937 :
3210 4884 3359 4954 atqui
3411 4883 3511 4954 ipsi

1916 4984 2287 5051 despexerunt
2338 4979 2490 5035 illum
2538 4980 2609 5032 ob
2664 4968 3026 5032 humilitatem
3090 4977 3343 5046 generis:
3401 4986 3511 5036 tam

1917 5083 2073 5127 atrox
2126 5070 2325 5125 malum
2372 5080 2457 5124 est
2505 5068 2728 5128 invidia.
2783 5064 3014 5137 Semper
3059 5068 3206 5122 enim
3252 5068 3513 5123 obscurat

1917 5164 2082 5226 bona,
2117 5178 2219 5217 nec
2250 5162 2335 5217 illa
2370 5162 2438 5217 ab
2462 5160 2662 5215 invidis
2692 5159 2861 5215 videri
2891 5159 3039 5215 sinit.
3079 5157 3145 5213 Et
3174 5173 3317 5213 nunc
3356 5154 3513 5216 multi

1918 5256 2185 5325 quosdam
2216 5255 2370 5324 quasi
2409 5252 2675 5324 ignobiles
2707 5260 2965 5325 arguunt,
3007 5258 3097 5321 qui
3148 5262 3328 5304 tamen
3362 5248 3514 5309 omni

1918 5349 2125 5403 honore
2154 5348 2302 5417 digni
2331 5358 2483 5411 sunt,
2524 5347 2613 5416 qui
2642 5362 2774 5404 sane
2810 5346 2955 5402 haud
2984 5345 3124 5400 bene
3150 5345 3419 5411 sentiunt,
3456 5352 3513 5400 et

1918 5443 2233 5511 neutiquam
2261 5454 2545 5510 generose.

1991 5601 2159 5656 Vsus.
2194 5598 2311 5653 4-6.
2352 5617 2369 5649 ι
2411 5596 2636 5654 Dicebat
2673 5606 2851 5650 autem
2896 5595 3001 5651 illis
3037 5595 3235 5650 Jesus:
3272 5593 3387 5648 Non
3430 5602 3513 5648 est

1918 5701 2265 5763 contemptus
2301 5691 2560 5760 propheta
2614 5690 2718 5743 nisi
2774 5688 2828 5742 in
2884 5690 3054 5757 patria
3105 5704 3223 5751 sua,
3268 5698 3323 5741 et
3371 5687 3514 5740 inter

1920 5797 2207 5858 cognatos,
2239 5796 2292 5840 et
2328 5787 2379 5839 in
2410 5784 2616 5839 familia
2652 5797 2769 5837 sua.
2799 5781 2865 5836 Et
2895 5797 2999 5836 non
3033 5789 3241 5850 poterat
3280 5780 3350 5832 ibi
3402 5779 3517 5831 vir-

1921 5890 2091 5937 tutem
2157 5878 2319 5933 ullam
2380 5877 2586 5937 edere,
2646 5873 2751 5929 nisi
2804 5877 2947 5936 quod
3004 5886 3206 5930 Daucos
3266 5870 3513 5929 inﬁrmos
