  <div class='ocr_page' id='page_1' title='image "/cluster/home/n/w/nwhite01/storage/ocr_20150623/123/ien.35556001659978/283.png"; bbox 0 0 4010 6410; ppageno 0'>
   <div class='ocr_carea' id='block_1_1' title="bbox 547 397 3796 469">
    <p class='ocr_par' dir='ltr' id='par_1_1' title="bbox 547 397 3796 469">
     <span class='ocr_line' id='line_1_1' title="bbox 547 397 3796 469; baseline -0.004 0"><span class='ocrx_word' id='word_1_1' title='bbox 547 398 650 469; x_wconf 77' lang='lat'><strong>551</strong></span> <span class='ocrx_word' id='word_1_2' title='bbox 1466 398 2047 460; x_wconf 80' lang='lat' dir='ltr'><strong>THEOPHYLACTI</strong></span> <span class='ocrx_word' id='word_1_3' title='bbox 2084 397 2496 461; x_wconf 66' lang='lat' dir='ltr'><strong>BULeAmAt</strong></span> <span class='ocrx_word' id='word_1_4' title='bbox 2538 399 2893 461; x_wconf 81' lang='lat' dir='ltr'><strong>ARCHIEP.</strong></span> <span class='ocrx_word' id='word_1_5' title='bbox 3680 404 3796 467; x_wconf 56' lang='grc' dir='ltr'><strong>δη</strong></span> 
     </span>
    </p>
   </div>
   <div class='ocr_carea' id='block_1_2' title="bbox 541 505 2105 589">
    <p class='ocr_par' dir='ltr' id='par_1_2' title="bbox 541 507 2105 587">
     <span class='ocr_line' id='line_1_2' title="bbox 541 507 2105 587; baseline -0.006 -18"><span class='ocrx_word' id='word_1_6' title='bbox 541 512 857 579; x_wconf 71' lang='lat' dir='ltr'><strong>occidisset,</strong></span> <span class='ocrx_word' id='word_1_7' title='bbox 910 510 1216 587; x_wconf 82' lang='lat' dir='ltr'><strong>suspicatus</strong></span> <span class='ocrx_word' id='word_1_8' title='bbox 1243 516 1327 562; x_wconf 90' lang='lat' dir='ltr'><strong>est</strong></span> <span class='ocrx_word' id='word_1_9' title='bbox 1374 508 1517 579; x_wconf 87' lang='lat' dir='ltr'><strong>quod</strong></span> <span class='ocrx_word' id='word_1_10' title='bbox 1546 507 1873 563; x_wconf 82' lang='lat' dir='ltr'><strong>surrexisset</strong></span> <span class='ocrx_word' id='word_1_11' title='bbox 1902 520 1932 559; x_wconf 86' lang='lat' dir='ltr'><strong>a</strong></span> <span class='ocrx_word' id='word_1_12' title='bbox 1966 520 2105 560; x_wconf 89' lang='lat' dir='ltr'><strong>mor-</strong></span> 
     </span>
    </p>
   </div>
   <div class='ocr_carea' id='block_1_3' title="bbox 2214 505 3799 589">
    <p class='ocr_par' dir='ltr' id='par_1_3' title="bbox 2218 505 3799 589">
     <span class='ocr_line' id='line_1_3' title="bbox 2218 505 3799 589; baseline 0.006 -29"><span class='ocrx_word' id='word_1_13' title='bbox 2218 507 2401 577; x_wconf 81' lang='grc' dir='ltr'><strong>μάτην</strong></span> <span class='ocrx_word' id='word_1_14' title='bbox 2461 508 2641 562; x_wconf 83' lang='grc' dir='ltr'>άνετλε</span> <span class='ocrx_word' id='word_1_15' title='bbox 2704 509 2797 561; x_wconf 73' lang='grc' dir='ltr'>τὸν</span> <span class='ocrx_word' id='word_1_16' title='bbox 2830 505 3116 575; x_wconf 77' lang='grc' dir='ltr'>Ἰωάννην,</span> <span class='ocrx_word' id='word_1_17' title='bbox 3153 508 3421 564; x_wconf 71' lang='grc' dir='ltr'>ὑπέλαϐεν</span> <span class='ocrx_word' id='word_1_18' title='bbox 3456 509 3539 563; x_wconf 81' lang='grc' dir='ltr'><strong>ὅτι</strong></span> <span class='ocrx_word' id='word_1_19' title='bbox 3589 511 3799 589; x_wconf 74' lang='grc' dir='ltr'>ἀνέστη</span> 
     </span>
    </p>
   </div>
   <div class='ocr_carea' id='block_1_4' title="bbox 545 592 2105 674">
    <p class='ocr_par' dir='ltr' id='par_1_4' title="bbox 545 592 2105 674">
     <span class='ocr_line' id='line_1_4' title="bbox 545 592 2105 674; baseline -0.004 -16"><span class='ocrx_word' id='word_1_20' title='bbox 545 606 673 671; x_wconf 89' lang='lat' dir='ltr'><strong>tuis,</strong></span> <span class='ocrx_word' id='word_1_21' title='bbox 696 613 752 660; x_wconf 83' lang='lat' dir='ltr'><strong>et</strong></span> <span class='ocrx_word' id='word_1_22' title='bbox 774 619 869 674; x_wconf 87' lang='lat' dir='ltr'><strong>per</strong></span> <span class='ocrx_word' id='word_1_23' title='bbox 893 592 1344 658; x_wconf 60' lang='lat' dir='ltr'><strong>resurrectionem</strong></span> <span class='ocrx_word' id='word_1_24' title='bbox 1366 600 1423 655; x_wconf 93' lang='lat' dir='ltr'><strong>in</strong></span> <span class='ocrx_word' id='word_1_25' title='bbox 1451 615 1508 656; x_wconf 86' lang='lat' dir='ltr'><strong>se</strong></span> <span class='ocrx_word' id='word_1_26' title='bbox 1534 600 1785 654; x_wconf 85' lang='lat' dir='ltr'><strong>virtutem</strong></span> <span class='ocrx_word' id='word_1_27' title='bbox 1808 600 2105 667; x_wconf 56' lang='lat' dir='ltr'><strong>accepizset</strong></span> 
     </span>
    </p>
   </div>
   <div class='ocr_carea' id='block_1_5' title="bbox 2214 592 3803 674">
    <p class='ocr_par' dir='ltr' id='par_1_5' title="bbox 2218 595 3803 671">
     <span class='ocr_line' id='line_1_5' title="bbox 2218 595 3803 671; baseline 0.008 -23"><span class='ocrx_word' id='word_1_28' title='bbox 2218 597 2281 649; x_wconf 78' lang='grc' dir='ltr'><strong>ἐκ</strong></span> <span class='ocrx_word' id='word_1_29' title='bbox 2314 597 2545 667; x_wconf 77' lang='grc' dir='ltr'><strong>νεκρῶν,</strong></span> <span class='ocrx_word' id='word_1_30' title='bbox 2602 598 2695 650; x_wconf 71' lang='grc' dir='ltr'>καὶ</span> <span class='ocrx_word' id='word_1_31' title='bbox 2738 598 2803 649; x_wconf 77' lang='grc' dir='ltr'><strong>ἐκ</strong></span> <span class='ocrx_word' id='word_1_32' title='bbox 2841 595 3329 666; x_wconf 83' lang='grc' dir='ltr'>τῆςάναστάσεως</span> <span class='ocrx_word' id='word_1_33' title='bbox 3384 603 3689 671; x_wconf 73' lang='grc' dir='ltr'>προσέλαϐε</span> <span class='ocrx_word' id='word_1_34' title='bbox 3738 609 3803 663; x_wconf 75' lang='grc' dir='ltr'>τὸ</span> 
     </span>
    </p>
   </div>
   <div class='ocr_carea' id='block_1_6' title="bbox 543 686 2105 768">
    <p class='ocr_par' dir='ltr' id='par_1_6' title="bbox 543 689 2105 763">
     <span class='ocr_line' id='line_1_6' title="bbox 543 689 2105 763; baseline -0.005 -13"><span class='ocrx_word' id='word_1_35' title='bbox 543 695 801 763; x_wconf 84' lang='lat' dir='ltr'><strong>operandi</strong></span> <span class='ocrx_word' id='word_1_36' title='bbox 861 692 1136 748; x_wconf 83' lang='lat' dir='ltr'><strong>miracula.</strong></span> <span class='ocrx_word' id='word_1_37' title='bbox 1194 691 1430 747; x_wconf 79' lang='lat' dir='ltr'><strong>Joannes</strong></span> <span class='ocrx_word' id='word_1_38' title='bbox 1484 693 1626 747; x_wconf 87' lang='lat' dir='ltr'><strong>enim</strong></span> <span class='ocrx_word' id='word_1_39' title='bbox 1680 690 1832 760; x_wconf 89' lang='lat' dir='ltr'><strong>prius</strong></span> <span class='ocrx_word' id='word_1_40' title='bbox 1899 689 2105 745; x_wconf 89' lang='lat' dir='ltr'><strong>nullum</strong></span> 
     </span>
    </p>
   </div>
   <div class='ocr_carea' id='block_1_7' title="bbox 2214 686 3800 768">
    <p class='ocr_par' dir='ltr' id='par_1_7' title="bbox 2216 686 3800 768">
     <span class='ocr_line' id='line_1_7' title="bbox 2216 686 3800 768; baseline 0.006 -27"><span class='ocrx_word' id='word_1_41' title='bbox 2216 686 2677 759; x_wconf 83' lang='grc' dir='ltr'>θαυματουργετν.</span> <span class='ocrx_word' id='word_1_42' title='bbox 2704 691 2980 762; x_wconf 85' lang='grc' dir='ltr'><strong>Πρότερον</strong></span> <span class='ocrx_word' id='word_1_43' title='bbox 3008 691 3118 761; x_wconf 76' lang='grc' dir='ltr'>γὰρ</span> <span class='ocrx_word' id='word_1_44' title='bbox 3158 694 3186 745; x_wconf 95' lang='lat'><strong>6</strong></span> <span class='ocrx_word' id='word_1_45' title='bbox 3220 693 3473 764; x_wconf 78' lang='grc' dir='ltr'><strong>Ἰωάννης</strong></span> <span class='ocrx_word' id='word_1_46' title='bbox 3517 696 3667 749; x_wconf 79' lang='grc' dir='ltr'>οὐδὲν</span> <span class='ocrx_word' id='word_1_47' title='bbox 3695 714 3800 768; x_wconf 85' lang='grc' dir='ltr'><strong>ση-</strong></span> 
     </span>
    </p>
   </div>
   <div class='ocr_carea' id='block_1_8' title="bbox 548 781 2105 859">
    <p class='ocr_par' dir='ltr' id='par_1_8' title="bbox 548 781 2105 853">
     <span class='ocr_line' id='line_1_8' title="bbox 548 781 2105 853; baseline -0.002 -13"><span class='ocrx_word' id='word_1_48' title='bbox 548 786 861 849; x_wconf 75' lang='lat' dir='ltr'><strong>miraculum</strong></span> <span class='ocrx_word' id='word_1_49' title='bbox 896 783 1137 847; x_wconf 76' lang='lat' dir='ltr'><strong>fecerat;</strong></span> <span class='ocrx_word' id='word_1_50' title='bbox 1169 782 1413 838; x_wconf 84' lang='lat' dir='ltr'><strong>Herodes</strong></span> <span class='ocrx_word' id='word_1_51' title='bbox 1447 793 1623 837; x_wconf 83' lang='lat' dir='ltr'><strong>autem</strong></span> <span class='ocrx_word' id='word_1_52' title='bbox 1657 782 1881 853; x_wconf 83' lang='lat' dir='ltr'><strong>putabat</strong></span> <span class='ocrx_word' id='word_1_53' title='bbox 1923 781 2105 851; x_wconf 77' lang='lat' dir='ltr'><strong>signo-</strong></span> 
     </span>
    </p>
   </div>
   <div class='ocr_carea' id='block_1_9' title="bbox 2214 781 3799 859">
    <p class='ocr_par' dir='ltr' id='par_1_9' title="bbox 2218 781 3799 859">
     <span class='ocr_line' id='line_1_9' title="bbox 2218 781 3799 859; baseline 0.006 -26"><span class='ocrx_word' id='word_1_54' title='bbox 2218 783 2368 851; x_wconf 82' lang='grc' dir='ltr'>μεϊον</span> <span class='ocrx_word' id='word_1_55' title='bbox 2404 781 2658 851; x_wconf 74' lang='grc' dir='ltr'>ἐποίησεν</span> <span class='ocrx_word' id='word_1_56' title='bbox 2680 799 2693 813; x_wconf 89' lang='grc'><strong>·</strong></span> <span class='ocrx_word' id='word_1_57' title='bbox 2730 784 2836 836; x_wconf 81' lang='grc' dir='ltr'>άπὸ</span> <span class='ocrx_word' id='word_1_58' title='bbox 2866 782 2923 835; x_wconf 79' lang='grc' dir='ltr'>δὲ</span> <span class='ocrx_word' id='word_1_59' title='bbox 2976 784 3075 854; x_wconf 83' lang='grc' dir='ltr'><strong>τῆς</strong></span> <span class='ocrx_word' id='word_1_60' title='bbox 3107 784 3458 850; x_wconf 77' lang='grc' dir='ltr'><strong>ἀναστάσεως</strong></span> <span class='ocrx_word' id='word_1_61' title='bbox 3488 790 3740 859; x_wconf 74' lang='grc' dir='ltr'><strong>ἐνόμισεν</strong></span> <span class='ocrx_word' id='word_1_62' title='bbox 3766 791 3799 842; x_wconf 94' lang='lat'><strong>6</strong></span> 
     </span>
    </p>
   </div>
   <div class='ocr_carea' id='block_1_10' title="bbox 547 871 2105 952">
    <p class='ocr_par' dir='ltr' id='par_1_10' title="bbox 547 875 2105 945">
     <span class='ocr_line' id='line_1_10' title="bbox 547 875 2105 945; baseline -0.003 -12"><span class='ocrx_word' id='word_1_63' title='bbox 547 893 665 933; x_wconf 77' lang='lat' dir='ltr'><strong>rum</strong></span> <span class='ocrx_word' id='word_1_64' title='bbox 687 876 1051 945; x_wconf 77' lang='lat' dir='ltr'><strong>operationem</strong></span> <span class='ocrx_word' id='word_1_65' title='bbox 1085 877 1132 930; x_wconf 90' lang='lat' dir='ltr'><strong>ei</strong></span> <span class='ocrx_word' id='word_1_66' title='bbox 1164 890 1228 930; x_wconf 81' lang='lat' dir='ltr'><strong>ex</strong></span> <span class='ocrx_word' id='word_1_67' title='bbox 1267 875 1680 930; x_wconf 84' lang='lat' dir='ltr'><strong>resurrectionis</strong></span> <span class='ocrx_word' id='word_1_68' title='bbox 1710 876 1908 927; x_wconf 89' lang='lat' dir='ltr'><strong>virtute</strong></span> <span class='ocrx_word' id='word_1_69' title='bbox 1939 876 2105 928; x_wconf 83' lang='lat' dir='ltr'><strong>adve-</strong></span> 
     </span>
    </p>
   </div>
   <div class='ocr_carea' id='block_1_11' title="bbox 2214 871 3798 952">
    <p class='ocr_par' dir='ltr' id='par_1_11' title="bbox 2224 871 3798 952">
     <span class='ocr_line' id='line_1_11' title="bbox 2224 871 3798 952; baseline 0.004 -25"><span class='ocrx_word' id='word_1_70' title='bbox 2224 871 2470 943; x_wconf 83' lang='grc' dir='ltr'>Ἡρώδης</span> <span class='ocrx_word' id='word_1_71' title='bbox 2497 874 2831 943; x_wconf 81' lang='grc' dir='ltr'>προσλαϐεῖν</span> <span class='ocrx_word' id='word_1_72' title='bbox 2873 874 3037 929; x_wconf 83' lang='grc' dir='ltr'>αὑτὸν</span> <span class='ocrx_word' id='word_1_73' title='bbox 3067 875 3177 929; x_wconf 84' lang='grc' dir='ltr'>τῶν</span> <span class='ocrx_word' id='word_1_74' title='bbox 3212 878 3457 946; x_wconf 76' lang='grc' dir='ltr'><strong>σημείων</strong></span> <span class='ocrx_word' id='word_1_75' title='bbox 3492 880 3591 952; x_wconf 81' lang='grc' dir='ltr'><strong>τὴν</strong></span> <span class='ocrx_word' id='word_1_76' title='bbox 3623 882 3798 948; x_wconf 65' lang='grc' dir='ltr'>ἔργα·</span> 
     </span>
    </p>
   </div>
   <div class='ocr_carea' id='block_1_12' title="bbox 546 963 2105 1043">
    <p class='ocr_par' dir='ltr' id='par_1_12' title="bbox 546 966 2105 1037">
     <span class='ocr_line' id='line_1_12' title="bbox 546 966 2105 1037; baseline -0.004 -12"><span class='ocrx_word' id='word_1_77' title='bbox 546 972 708 1025; x_wconf 87' lang='lat' dir='ltr'><strong>nisse.</strong></span> <span class='ocrx_word' id='word_1_78' title='bbox 738 972 807 1024; x_wconf 82' lang='lat' dir='ltr'><strong>At</strong></span> <span class='ocrx_word' id='word_1_79' title='bbox 840 969 928 1023; x_wconf 84' lang='lat' dir='ltr'><strong>alii</strong></span> <span class='ocrx_word' id='word_1_80' title='bbox 958 970 1226 1031; x_wconf 85' lang='lat' dir='ltr'><strong>dicebant,</strong></span> <span class='ocrx_word' id='word_1_81' title='bbox 1263 968 1404 1021; x_wconf 80' lang='lat' dir='ltr'><strong>Elias</strong></span> <span class='ocrx_word' id='word_1_82' title='bbox 1428 977 1509 1023; x_wconf 85' lang='lat' dir='ltr'><strong>est</strong></span> <span class='ocrx_word' id='word_1_83' title='bbox 1537 984 1551 1023; x_wconf 90' lang='lat'><strong>:</strong></span> <span class='ocrx_word' id='word_1_84' title='bbox 1586 966 1933 1037; x_wconf 82' lang='lat' dir='ltr'><strong>reprehendit</strong></span> <span class='ocrx_word' id='word_1_85' title='bbox 1963 966 2105 1019; x_wconf 88' lang='lat' dir='ltr'><strong>enim</strong></span> 
     </span>
    </p>
   </div>
   <div class='ocr_carea' id='block_1_13' title="bbox 2214 963 3796 1043">
    <p class='ocr_par' dir='ltr' id='par_1_13' title="bbox 2216 963 3796 1043">
     <span class='ocr_line' id='line_1_13' title="bbox 2216 963 3796 1043; baseline 0.006 -27"><span class='ocrx_word' id='word_1_86' title='bbox 2216 964 2355 1017; x_wconf 84' lang='grc' dir='ltr'>σίαν.</span> <span class='ocrx_word' id='word_1_87' title='bbox 2382 963 2564 1017; x_wconf 77' lang='grc' dir='ltr'>Ἀλλοι</span> <span class='ocrx_word' id='word_1_88' title='bbox 2596 964 2653 1017; x_wconf 74' lang='grc' dir='ltr'>δὲ</span> <span class='ocrx_word' id='word_1_89' title='bbox 2688 965 2875 1032; x_wconf 73' lang='grc' dir='ltr'>ἔλεγον</span> <span class='ocrx_word' id='word_1_90' title='bbox 2904 967 2989 1019; x_wconf 80' lang='grc' dir='ltr'>ὅτι</span> <span class='ocrx_word' id='word_1_91' title='bbox 3037 966 3225 1030; x_wconf 84' lang='grc' dir='ltr'><strong>Ἠλίας</strong></span> <span class='ocrx_word' id='word_1_92' title='bbox 3253 969 3428 1021; x_wconf 77' lang='grc' dir='ltr'>ἐστίν’</span> <span class='ocrx_word' id='word_1_93' title='bbox 3453 972 3647 1041; x_wconf 80' lang='grc' dir='ltr'><strong>ἤλεγχε</strong></span> <span class='ocrx_word' id='word_1_94' title='bbox 3679 974 3796 1043; x_wconf 83' lang='grc' dir='ltr'>γὰρ</span> 
     </span>
    </p>
   </div>
   <div class='ocr_carea' id='block_1_14' title="bbox 545 1058 2104 1127">
    <p class='ocr_par' dir='ltr' id='par_1_14' title="bbox 545 1058 2104 1127">
     <span class='ocr_line' id='line_1_14' title="bbox 545 1058 2104 1127; baseline -0.002 -14"><span class='ocrx_word' id='word_1_95' title='bbox 545 1064 762 1127; x_wconf 86' lang='lat' dir='ltr'><strong>multos,</strong></span> <span class='ocrx_word' id='word_1_96' title='bbox 793 1072 849 1117; x_wconf 90' lang='lat' dir='ltr'><strong>ut</strong></span> <span class='ocrx_word' id='word_1_97' title='bbox 883 1079 1001 1115; x_wconf 89' lang='lat' dir='ltr'><strong>cum</strong></span> <span class='ocrx_word' id='word_1_98' title='bbox 1041 1061 1266 1122; x_wconf 86' lang='lat' dir='ltr'><strong>diceret,</strong></span> <span class='ocrx_word' id='word_1_99' title='bbox 1300 1058 1343 1115; x_wconf 92' lang='grc' dir='ltr'><strong>Ο</strong></span> <span class='ocrx_word' id='word_1_100' title='bbox 1375 1060 1645 1113; x_wconf 80' lang='lat' dir='ltr'><strong>incredula</strong></span> <span class='ocrx_word' id='word_1_101' title='bbox 1695 1059 1882 1113; x_wconf 89' lang='lat' dir='ltr'><strong>natio!</strong></span> <span class='ocrx_word' id='word_1_102' title='bbox 1927 1058 2104 1113; x_wconf 81' lang='lat' dir='ltr'><strong>Hero-</strong></span> 
     </span>
    </p>
   </div>
   <div class='ocr_carea' id='block_1_15' title="bbox 544 1152 2105 1218">
    <p class='ocr_par' dir='ltr' id='par_1_15' title="bbox 544 1152 2105 1218">
     <span class='ocr_line' id='line_1_15' title="bbox 544 1152 2105 1218; baseline -0.003 -11"><span class='ocrx_word' id='word_1_103' title='bbox 544 1155 637 1207; x_wconf 79' lang='lat' dir='ltr'><strong>dcs</strong></span> <span class='ocrx_word' id='word_1_104' title='bbox 662 1164 835 1207; x_wconf 78' lang='lat' dir='ltr'><strong>autem</strong></span> <span class='ocrx_word' id='word_1_105' title='bbox 863 1154 1079 1208; x_wconf 77' lang='lat' dir='ltr'><strong>timebat</strong></span> <span class='ocrx_word' id='word_1_106' title='bbox 1110 1168 1125 1206; x_wconf 91' lang='lat'><strong>:</strong></span> <span class='ocrx_word' id='word_1_107' title='bbox 1156 1152 1286 1207; x_wconf 85' lang='lat' dir='ltr'><strong>adeo</strong></span> <span class='ocrx_word' id='word_1_108' title='bbox 1314 1154 1475 1207; x_wconf 85' lang='lat' dir='ltr'><strong>miser</strong></span> <span class='ocrx_word' id='word_1_109' title='bbox 1500 1162 1634 1218; x_wconf 89' lang='lat' dir='ltr'><strong>erat,</strong></span> <span class='ocrx_word' id='word_1_110' title='bbox 1664 1161 1721 1206; x_wconf 91' lang='lat' dir='ltr'><strong>ut</strong></span> <span class='ocrx_word' id='word_1_111' title='bbox 1748 1162 1803 1207; x_wconf 92' lang='lat' dir='ltr'><strong>et</strong></span> <span class='ocrx_word' id='word_1_112' title='bbox 1837 1160 2105 1205; x_wconf 89' lang='lat' dir='ltr'><strong>mortuum</strong></span> 
     </span>
    </p>
   </div>
   <div class='ocr_carea' id='block_1_16' title="bbox 541 1248 774 1302">
    <p class='ocr_par' dir='ltr' id='par_1_16' title="bbox 541 1248 774 1302">
     <span class='ocr_line' id='line_1_16' title="bbox 541 1248 774 1302; baseline -0.004 0"><span class='ocrx_word' id='word_1_113' title='bbox 541 1248 774 1302; x_wconf 84' lang='lat' dir='ltr'><strong>timeret.</strong></span> 
     </span>
    </p>
   </div>
   <div class='ocr_carea' id='block_1_17' title="bbox 612 1332 2106 1406">
    <p class='ocr_par' dir='ltr' id='par_1_17' title="bbox 612 1332 2106 1406">
     <span class='ocr_line' id='line_1_17' title="bbox 612 1332 2106 1406; baseline -0.006 -11"><span class='ocrx_word' id='word_1_114' title='bbox 612 1339 778 1395; x_wconf 75' lang='lat' dir='ltr'><strong>Vsus.</strong></span> <span class='ocrx_word' id='word_1_115' title='bbox 817 1338 880 1392; x_wconf 78' lang='lat' dir='ltr'><strong>i7</strong></span> <span class='ocrx_word' id='word_1_116' title='bbox 912 1338 1000 1392; x_wconf 71' lang='lat'><strong>20.</strong></span> <span class='ocrx_word' id='word_1_117' title='bbox 1037 1337 1169 1391; x_wconf 86' lang='lat' dir='ltr'><strong>Nam</strong></span> <span class='ocrx_word' id='word_1_118' title='bbox 1202 1337 1314 1406; x_wconf 91' lang='lat' dir='ltr'><strong>ipse</strong></span> <span class='ocrx_word' id='word_1_119' title='bbox 1342 1336 1616 1400; x_wconf 78' lang='lat' dir='ltr'><strong>Herodes,</strong></span> <span class='ocrx_word' id='word_1_120' title='bbox 1649 1332 2106 1389; x_wconf 86' lang='lat' dir='ltr'><strong>missis-satelliti-</strong></span> 
     </span>
    </p>
   </div>
   <div class='ocr_carea' id='block_1_18' title="bbox 545 1428 2106 1501">
    <p class='ocr_par' dir='ltr' id='par_1_18' title="bbox 545 1428 2106 1501">
     <span class='ocr_line' id='line_1_18' title="bbox 545 1428 2106 1501; baseline -0.007 -12"><span class='ocrx_word' id='word_1_121' title='bbox 545 1433 663 1491; x_wconf 86' lang='lat' dir='ltr'><strong>bus.</strong></span> <span class='ocrx_word' id='word_1_122' title='bbox 698 1448 887 1489; x_wconf 86' lang='lat' dir='ltr'><strong>manus</strong></span> <span class='ocrx_word' id='word_1_123' title='bbox 919 1432 1170 1498; x_wconf 71' lang='lat' dir='ltr'><strong>iniecerat</strong></span> <span class='ocrx_word' id='word_1_124' title='bbox 1201 1432 1251 1483; x_wconf 92' lang='lat' dir='ltr'><strong>in</strong></span> <span class='ocrx_word' id='word_1_125' title='bbox 1285 1430 1440 1501; x_wconf 68' lang='lat'><strong>201</strong></span> <span class='ocrx_word' id='word_1_126' title='bbox 1472 1428 1754 1490; x_wconf 83' lang='lat' dir='ltr'><strong>Joannem,</strong></span> <span class='ocrx_word' id='word_1_127' title='bbox 1777 1434 1831 1481; x_wconf 88' lang='lat' dir='ltr'><strong>et</strong></span> <span class='ocrx_word' id='word_1_128' title='bbox 1859 1428 2106 1479; x_wconf 69' lang='lat' dir='ltr'><strong>vinxerat</strong></span> 
     </span>
    </p>
   </div>
   <div class='ocr_carea' id='block_1_19' title="bbox 544 1514 2105 1589">
    <p class='ocr_par' dir='ltr' id='par_1_19' title="bbox 544 1514 2105 1589">
     <span class='ocr_line' id='line_1_19' title="bbox 544 1514 2105 1589; baseline -0.003 -15"><span class='ocrx_word' id='word_1_129' title='bbox 544 1536 666 1575; x_wconf 87' lang='lat' dir='ltr'><strong>eum</strong></span> <span class='ocrx_word' id='word_1_130' title='bbox 702 1521 755 1574; x_wconf 88' lang='lat' dir='ltr'><strong>in</strong></span> <span class='ocrx_word' id='word_1_131' title='bbox 800 1534 1018 1574; x_wconf 60' lang='lat' dir='ltr'><strong>camare</strong></span> <span class='ocrx_word' id='word_1_132' title='bbox 1048 1529 1266 1589; x_wconf 88' lang='lat' dir='ltr'><strong>pr0pter</strong></span> <span class='ocrx_word' id='word_1_133' title='bbox 1303 1520 1662 1574; x_wconf 84' lang='lat' dir='ltr'><strong>Herodiadem</strong></span> <span class='ocrx_word' id='word_1_134' title='bbox 1698 1532 1921 1571; x_wconf 86' lang='lat' dir='ltr'><strong>uxorem</strong></span> <span class='ocrx_word' id='word_1_135' title='bbox 1974 1514 2105 1570; x_wconf 72' lang='lat' dir='ltr'><strong>Phi~</strong></span> 
     </span>
    </p>
   </div>
   <div class='ocr_carea' id='block_1_20' title="bbox 544 1609 2105 1683">
    <p class='ocr_par' dir='ltr' id='par_1_20' title="bbox 544 1609 2105 1683">
     <span class='ocr_line' id='line_1_20' title="bbox 544 1609 2105 1683; baseline -0.003 -16"><span class='ocrx_word' id='word_1_136' title='bbox 544 1613 671 1683; x_wconf 85' lang='lat' dir='ltr'><strong>lippi</strong></span> <span class='ocrx_word' id='word_1_137' title='bbox 710 1611 891 1666; x_wconf 77' lang='lat' dir='ltr'><strong>fratris</strong></span> <span class='ocrx_word' id='word_1_138' title='bbox 926 1612 1032 1676; x_wconf 89' lang='lat' dir='ltr'><strong>sui,</strong></span> <span class='ocrx_word' id='word_1_139' title='bbox 1065 1613 1189 1681; x_wconf 89' lang='lat' dir='ltr'><strong>quia</strong></span> <span class='ocrx_word' id='word_1_140' title='bbox 1219 1612 1442 1666; x_wconf 83' lang='lat' dir='ltr'><strong>duxerat</strong></span> <span class='ocrx_word' id='word_1_141' title='bbox 1467 1626 1583 1665; x_wconf 83' lang='lat' dir='ltr'><strong>eam</strong></span> <span class='ocrx_word' id='word_1_142' title='bbox 1608 1625 1851 1667; x_wconf 90' lang='lat' dir='ltr'><strong>uxorem.</strong></span> <span class='ocrx_word' id='word_1_143' title='bbox 1885 1609 2105 1663; x_wconf 82' lang='lat' dir='ltr'><strong>Dicebat</strong></span> 
     </span>
    </p>
   </div>
   <div class='ocr_carea' id='block_1_21' title="bbox 545 1701 2102 1761">
    <p class='ocr_par' dir='ltr' id='par_1_21' title="bbox 545 1701 2102 1761">
     <span class='ocr_line' id='line_1_21' title="bbox 545 1701 2102 1761; baseline -0.005 0"><span class='ocrx_word' id='word_1_144' title='bbox 545 1705 687 1761; x_wconf 89' lang='lat' dir='ltr'><strong>enim</strong></span> <span class='ocrx_word' id='word_1_145' title='bbox 714 1701 953 1759; x_wconf 80' lang='lat' dir='ltr'><strong>Joannes</strong></span> <span class='ocrx_word' id='word_1_146' title='bbox 980 1702 1174 1758; x_wconf 90' lang='lat' dir='ltr'><strong>Herodi</strong></span> <span class='ocrx_word' id='word_1_147' title='bbox 1201 1721 1214 1757; x_wconf 89' lang='lat'><strong>:</strong></span> <span class='ocrx_word' id='word_1_148' title='bbox 1248 1702 1363 1757; x_wconf 82' lang='lat' dir='ltr'><strong>Non</strong></span> <span class='ocrx_word' id='word_1_149' title='bbox 1391 1704 1515 1757; x_wconf 90' lang='lat' dir='ltr'><strong>licet</strong></span> <span class='ocrx_word' id='word_1_150' title='bbox 1537 1702 1630 1756; x_wconf 92' lang='lat' dir='ltr'><strong>tibi</strong></span> <span class='ocrx_word' id='word_1_151' title='bbox 1654 1701 1852 1756; x_wconf 90' lang='lat' dir='ltr'><strong>habere</strong></span> <span class='ocrx_word' id='word_1_152' title='bbox 1881 1715 2102 1754; x_wconf 84' lang='lat' dir='ltr'><strong>uxorem</strong></span> 
     </span>
    </p>
   </div>
   <div class='ocr_carea' id='block_1_22' title="bbox 545 1794 2106 1860">
    <p class='ocr_par' dir='ltr' id='par_1_22' title="bbox 545 1794 2106 1860">
     <span class='ocr_line' id='line_1_22' title="bbox 545 1794 2106 1860; baseline -0.003 -7"><span class='ocrx_word' id='word_1_153' title='bbox 545 1797 732 1853; x_wconf 78' lang='lat' dir='ltr'><strong>fratris</strong></span> <span class='ocrx_word' id='word_1_154' title='bbox 781 1798 879 1853; x_wconf 93' lang='lat' dir='ltr'><strong>tui.</strong></span> <span class='ocrx_word' id='word_1_155' title='bbox 934 1796 1195 1853; x_wconf 80' lang='lat' dir='ltr'><strong>llerodias</strong></span> <span class='ocrx_word' id='word_1_156' title='bbox 1228 1806 1405 1851; x_wconf 91' lang='lat' dir='ltr'><strong>autem</strong></span> <span class='ocrx_word' id='word_1_157' title='bbox 1438 1796 1794 1850; x_wconf 85' lang='lat' dir='ltr'><strong>insidiabatur</strong></span> <span class='ocrx_word' id='word_1_158' title='bbox 1826 1795 1921 1860; x_wconf 88' lang='lat' dir='ltr'><strong>illi,</strong></span> <span class='ocrx_word' id='word_1_159' title='bbox 1956 1794 2106 1848; x_wconf 90' lang='lat' dir='ltr'><strong>vole-</strong></span> 
     </span>
    </p>
   </div>
   <div class='ocr_carea' id='block_1_23' title="bbox 2212 1055 3794 1126">
    <p class='ocr_par' dir='ltr' id='par_1_23' title="bbox 2212 1055 3794 1126">
     <span class='ocr_line' id='line_1_23' title="bbox 2212 1055 3794 1126; baseline 0.007 -19"><span class='ocrx_word' id='word_1_160' title='bbox 2212 1056 2337 1118; x_wconf 79' lang='grc' dir='ltr'>τοὺς</span> <span class='ocrx_word' id='word_1_161' title='bbox 2374 1055 2623 1118; x_wconf 81' lang='grc' dir='ltr'>πολλοὺς,</span> <span class='ocrx_word' id='word_1_162' title='bbox 2666 1055 2741 1119; x_wconf 89' lang='grc' dir='ltr'>ώς</span> <span class='ocrx_word' id='word_1_163' title='bbox 2788 1057 2917 1110; x_wconf 86' lang='grc' dir='ltr'>ὅταν</span> <span class='ocrx_word' id='word_1_164' title='bbox 2958 1056 3167 1126; x_wconf 75' lang='grc' dir='ltr'>ἔλεγεν,</span> <span class='ocrx_word' id='word_1_165' title='bbox 3208 1058 3271 1110; x_wconf 85' lang='grc' dir='ltr'><strong>Ὢ</strong></span> <span class='ocrx_word' id='word_1_166' title='bbox 3326 1062 3485 1126; x_wconf 80' lang='grc' dir='ltr'>γενεὰ</span> <span class='ocrx_word' id='word_1_167' title='bbox 3524 1062 3794 1126; x_wconf 82' lang='grc' dir='ltr'>ἄπιστοςί</span> 
     </span>
    </p>
   </div>
   <div class='ocr_carea' id='block_1_24' title="bbox 2223 1146 3798 1217">
    <p class='ocr_par' dir='ltr' id='par_1_24' title="bbox 2223 1146 3798 1217">
     <span class='ocr_line' id='line_1_24' title="bbox 2223 1146 3798 1217; baseline 0.006 -18"><span class='ocrx_word' id='word_1_168' title='bbox 2223 1146 2469 1217; x_wconf 79' lang='grc' dir='ltr'><strong>Ἡρώδης</strong></span> <span class='ocrx_word' id='word_1_169' title='bbox 2511 1147 2567 1203; x_wconf 78' lang='grc' dir='ltr'>δὲ</span> <span class='ocrx_word' id='word_1_170' title='bbox 2610 1147 2846 1201; x_wconf 75' lang='grc' dir='ltr'><strong>δέδοικεν</strong></span> <span class='ocrx_word' id='word_1_171' title='bbox 2872 1163 2887 1179; x_wconf 87' lang='grc'><strong>·</strong></span> <span class='ocrx_word' id='word_1_172' title='bbox 2915 1149 3088 1213; x_wconf 74' lang='grc' dir='ltr'>οὕτως</span> <span class='ocrx_word' id='word_1_173' title='bbox 3105 1146 3199 1204; x_wconf 81' lang='grc' dir='ltr'><strong>οὖν</strong></span> <span class='ocrx_word' id='word_1_174' title='bbox 3238 1149 3491 1216; x_wconf 76' lang='grc' dir='ltr'>ἐλεεινὸς,</span> <span class='ocrx_word' id='word_1_175' title='bbox 3524 1153 3666 1207; x_wconf 83' lang='grc' dir='ltr'>ὥστε</span> <span class='ocrx_word' id='word_1_176' title='bbox 3696 1156 3798 1208; x_wconf 85' lang='grc' dir='ltr'><strong>τὸν</strong></span> 
     </span>
    </p>
   </div>
   <div class='ocr_carea' id='block_1_25' title="bbox 2213 1238 2738 1309">
    <p class='ocr_par' dir='ltr' id='par_1_25' title="bbox 2213 1238 2738 1309">
     <span class='ocr_line' id='line_1_25' title="bbox 2213 1238 2738 1309; baseline 0.004 -19"><span class='ocrx_word' id='word_1_177' title='bbox 2213 1238 2405 1308; x_wconf 78' lang='grc' dir='ltr'>νεκρὸν</span> <span class='ocrx_word' id='word_1_178' title='bbox 2434 1240 2738 1309; x_wconf 73' lang='grc' dir='ltr'>φοόεἰσθαι.</span> 
     </span>
    </p>
   </div>
   <div class='ocr_carea' id='block_1_26' title="bbox 2290 1330 3797 1405">
    <p class='ocr_par' dir='ltr' id='par_1_26' title="bbox 2290 1330 3797 1405">
     <span class='ocr_line' id='line_1_26' title="bbox 2290 1330 3797 1405; baseline 0.007 -25"><span class='ocrx_word' id='word_1_179' title='bbox 2290 1344 2307 1380; x_wconf 77' lang='grc' dir='ltr'><strong>ι</strong></span> <span class='ocrx_word' id='word_1_180' title='bbox 2340 1331 2511 1391; x_wconf 76' lang='grc' dir='ltr'>Αὐτὸς</span> <span class='ocrx_word' id='word_1_181' title='bbox 2542 1330 2651 1402; x_wconf 84' lang='grc' dir='ltr'>γὰρ</span> <span class='ocrx_word' id='word_1_182' title='bbox 2676 1334 2704 1385; x_wconf 90' lang='lat'><strong>6</strong></span> <span class='ocrx_word' id='word_1_183' title='bbox 2739 1332 3003 1404; x_wconf 80' lang='grc' dir='ltr'>Ἡρώδης,</span> <span class='ocrx_word' id='word_1_184' title='bbox 3028 1334 3357 1398; x_wconf 77' lang='grc' dir='ltr'><strong>ἀποστείλας</strong></span> <span class='ocrx_word' id='word_1_185' title='bbox 3393 1335 3667 1405; x_wconf 83' lang='grc' dir='ltr'>ἐκράτησε</span> <span class='ocrx_word' id='word_1_186' title='bbox 3697 1335 3797 1391; x_wconf 70' lang='grc' dir='ltr'>τὸν</span> 
     </span>
    </p>
   </div>
   <div class='ocr_carea' id='block_1_27' title="bbox 2226 1421 3795 1499">
    <p class='ocr_par' dir='ltr' id='par_1_27' title="bbox 2226 1421 3795 1499">
     <span class='ocr_line' id='line_1_27' title="bbox 2226 1421 3795 1499; baseline 0.005 -27"><span class='ocrx_word' id='word_1_187' title='bbox 2226 1421 2481 1492; x_wconf 82' lang='grc' dir='ltr'>Ἰωάννην</span> <span class='ocrx_word' id='word_1_188' title='bbox 2520 1462 2534 1486; x_wconf 92' lang='grc'>,</span> <span class='ocrx_word' id='word_1_189' title='bbox 2576 1426 2669 1478; x_wconf 79' lang='grc' dir='ltr'>καὶ</span> <span class='ocrx_word' id='word_1_190' title='bbox 2723 1425 2909 1495; x_wconf 79' lang='grc' dir='ltr'>ἔδησεν</span> <span class='ocrx_word' id='word_1_191' title='bbox 2947 1427 3108 1481; x_wconf 81' lang='grc' dir='ltr'>αὐτὸν</span> <span class='ocrx_word' id='word_1_192' title='bbox 3142 1430 3201 1481; x_wconf 86' lang='grc' dir='ltr'><strong>ὲν</strong></span> <span class='ocrx_word' id='word_1_193' title='bbox 3241 1429 3454 1498; x_wconf 80' lang='grc' dir='ltr'>φυλακῇ</span> <span class='ocrx_word' id='word_1_194' title='bbox 3486 1428 3572 1481; x_wconf 76' lang='grc' dir='ltr'>διὰ</span> <span class='ocrx_word' id='word_1_195' title='bbox 3610 1429 3795 1499; x_wconf 81' lang='grc' dir='ltr'><strong>Ἡρω-</strong></span> 
     </span>
    </p>
   </div>
   <div class='ocr_carea' id='block_1_28' title="bbox 2212 1511 3793 1589">
    <p class='ocr_par' dir='ltr' id='par_1_28' title="bbox 2212 1511 3793 1589">
     <span class='ocr_line' id='line_1_28' title="bbox 2212 1511 3793 1589; baseline 0.007 -25"><span class='ocrx_word' id='word_1_196' title='bbox 2212 1511 2367 1567; x_wconf 83' lang='grc' dir='ltr'>διάδα</span> <span class='ocrx_word' id='word_1_197' title='bbox 2393 1514 2495 1585; x_wconf 77' lang='grc' dir='ltr'>τὴν</span> <span class='ocrx_word' id='word_1_198' title='bbox 2522 1520 2755 1583; x_wconf 81' lang='grc' dir='ltr'>γυναῖκα</span> <span class='ocrx_word' id='word_1_199' title='bbox 2785 1519 3053 1572; x_wconf 82' lang='grc' dir='ltr'>Φιλίππου</span> <span class='ocrx_word' id='word_1_200' title='bbox 3094 1520 3186 1573; x_wconf 84' lang='grc' dir='ltr'>τοῦ</span> <span class='ocrx_word' id='word_1_201' title='bbox 3215 1520 3445 1589; x_wconf 78' lang='grc' dir='ltr'>ἀδελφοῦ</span> <span class='ocrx_word' id='word_1_202' title='bbox 3484 1520 3671 1584; x_wconf 77' lang='grc' dir='ltr'>αὑτοῦ,</span> <span class='ocrx_word' id='word_1_203' title='bbox 3703 1523 3793 1575; x_wconf 80' lang='grc' dir='ltr'><strong>ὅτι</strong></span> 
     </span>
    </p>
   </div>
   <div class='ocr_carea' id='block_1_29' title="bbox 2212 1608 3794 1687">
    <p class='ocr_par' dir='ltr' id='par_1_29' title="bbox 2212 1608 3794 1687">
     <span class='ocr_line' id='line_1_29' title="bbox 2212 1608 3794 1687; baseline 0.008 -30"><span class='ocrx_word' id='word_1_204' title='bbox 2212 1608 2383 1675; x_wconf 76' lang='grc' dir='ltr'>αὐτὴν</span> <span class='ocrx_word' id='word_1_205' title='bbox 2410 1610 2713 1680; x_wconf 73' lang='grc' dir='ltr'><strong>ἐγάμησεν.</strong></span> <span class='ocrx_word' id='word_1_206' title='bbox 2758 1613 2953 1683; x_wconf 84' lang='grc' dir='ltr'>Ἔλεγε</span> <span class='ocrx_word' id='word_1_207' title='bbox 2978 1615 3086 1683; x_wconf 76' lang='grc' dir='ltr'>γὰρ</span> <span class='ocrx_word' id='word_1_208' title='bbox 3112 1617 3141 1669; x_wconf 98' lang='lat'><strong>6</strong></span> <span class='ocrx_word' id='word_1_209' title='bbox 3176 1617 3429 1687; x_wconf 81' lang='grc' dir='ltr'>Ἰωάννης</span> <span class='ocrx_word' id='word_1_210' title='bbox 3460 1616 3537 1687; x_wconf 83' lang='grc' dir='ltr'>τῷ</span> <span class='ocrx_word' id='word_1_211' title='bbox 3572 1616 3794 1687; x_wconf 81' lang='grc' dir='ltr'><strong>Ἡρώδῃ</strong></span> 
     </span>
    </p>
   </div>
   <div class='ocr_carea' id='block_1_30' title="bbox 2211 1697 3791 1777">
    <p class='ocr_par' dir='ltr' id='par_1_30' title="bbox 2211 1697 3791 1777">
     <span class='ocr_line' id='line_1_30' title="bbox 2211 1697 3791 1777; baseline 0.009 -29"><span class='ocrx_word' id='word_1_212' title='bbox 2211 1697 2316 1765; x_wconf 85' lang='grc' dir='ltr'>ὅτι,</span> <span class='ocrx_word' id='word_1_213' title='bbox 2352 1700 2463 1753; x_wconf 81' lang='grc' dir='ltr'>Ούκ</span> <span class='ocrx_word' id='word_1_214' title='bbox 2492 1701 2667 1765; x_wconf 78' lang='grc' dir='ltr'>ἔξεστί</span> <span class='ocrx_word' id='word_1_215' title='bbox 2708 1720 2789 1756; x_wconf 93' lang='grc' dir='ltr'><strong>σοι</strong></span> <span class='ocrx_word' id='word_1_216' title='bbox 2819 1704 2962 1775; x_wconf 76' lang='grc' dir='ltr'>ἔχειν</span> <span class='ocrx_word' id='word_1_217' title='bbox 3001 1708 3102 1775; x_wconf 80' lang='grc' dir='ltr'>τὴν</span> <span class='ocrx_word' id='word_1_218' title='bbox 3132 1710 3364 1775; x_wconf 79' lang='grc' dir='ltr'>γυναῖκα</span> <span class='ocrx_word' id='word_1_219' title='bbox 3418 1709 3513 1761; x_wconf 84' lang='grc' dir='ltr'>τοῦ</span> <span class='ocrx_word' id='word_1_220' title='bbox 3553 1709 3791 1777; x_wconf 75' lang='grc' dir='ltr'>ἀδελφοῦ</span> 
     </span>
    </p>
   </div>
   <div class='ocr_carea' id='block_1_31' title="bbox 2216 1792 3793 1883">
    <p class='ocr_par' dir='ltr' id='par_1_31' title="bbox 2216 1792 3793 1883">
     <span class='ocr_line' id='line_1_31' title="bbox 2216 1792 3793 1883; baseline 0.008 -41"><span class='ocrx_word' id='word_1_221' title='bbox 2216 1807 2329 1843; x_wconf 90' lang='grc' dir='ltr'>σου.</span> <span class='ocrx_word' id='word_1_222' title='bbox 2367 1792 2429 1844; x_wconf 82' lang='grc' dir='ltr'><strong>Ἠ</strong></span> <span class='ocrx_word' id='word_1_223' title='bbox 2452 1792 2507 1844; x_wconf 87' lang='grc' dir='ltr'>δὲ</span> <span class='ocrx_word' id='word_1_224' title='bbox 2541 1794 2808 1864; x_wconf 79' lang='grc' dir='ltr'><strong>Ἡρωδιὰς</strong></span> <span class='ocrx_word' id='word_1_225' title='bbox 2844 1798 3049 1866; x_wconf 82' lang='grc' dir='ltr'>ἐνεῖχεν</span> <span class='ocrx_word' id='word_1_226' title='bbox 3076 1798 3247 1866; x_wconf 80' lang='grc' dir='ltr'>αὐτῷ,</span> <span class='ocrx_word' id='word_1_227' title='bbox 3274 1800 3368 1852; x_wconf 77' lang='grc' dir='ltr'>καὶ</span> <span class='ocrx_word' id='word_1_228' title='bbox 3406 1799 3595 1869; x_wconf 69' lang='grc' dir='ltr'>ἤθελεν</span> <span class='ocrx_word' id='word_1_229' title='bbox 3620 1802 3793 1883; x_wconf 79' lang='grc' dir='ltr'>αύτὸν</span> 
     </span>
    </p>
   </div>
   <div class='ocr_carea' id='block_1_32' title="bbox 546 1866 2105 1969">
    <p class='ocr_par' dir='ltr' id='par_1_32' title="bbox 546 1886 2105 1969">
     <span class='ocr_line' id='line_1_32' title="bbox 546 1886 2105 1969; baseline -0.004 -23"><span class='ocrx_word' id='word_1_230' title='bbox 546 1891 745 1969; x_wconf 75' lang='lat' dir='ltr'><strong>batque</strong></span> <span class='ocrx_word' id='word_1_231' title='bbox 774 1891 1023 1946; x_wconf 89' lang='lat' dir='ltr'><strong>occidere</strong></span> <span class='ocrx_word' id='word_1_232' title='bbox 1063 1906 1206 1955; x_wconf 91' lang='lat' dir='ltr'><strong>eum,</strong></span> <span class='ocrx_word' id='word_1_233' title='bbox 1256 1904 1357 1943; x_wconf 91' lang='lat' dir='ltr'><strong>nec</strong></span> <span class='ocrx_word' id='word_1_234' title='bbox 1404 1896 1636 1958; x_wconf 85' lang='lat' dir='ltr'><strong>poterat.</strong></span> <span class='ocrx_word' id='word_1_235' title='bbox 1690 1887 1929 1944; x_wconf 85' lang='lat' dir='ltr'><strong>Herodes</strong></span> <span class='ocrx_word' id='word_1_236' title='bbox 1962 1886 2105 1940; x_wconf 89' lang='lat' dir='ltr'><strong>enim</strong></span> 
     </span>
    </p>
   </div>
   <div class='ocr_carea' id='block_1_33' title="bbox 2214 1866 3795 1969">
    <p class='ocr_par' dir='ltr' id='par_1_33' title="bbox 2214 1866 3795 1958">
     <span class='ocr_line' id='line_1_33' title="bbox 2214 1866 3795 1958; baseline 0.014 -27"><span class='ocrx_word' id='word_1_237' title='bbox 2214 1883 2557 1948; x_wconf 64' lang='grc' dir='ltr'>ἀποκτεῖναι,</span> <span class='ocrx_word' id='word_1_238' title='bbox 2586 1886 2683 1937; x_wconf 79' lang='grc' dir='ltr'>καὶ</span> <span class='ocrx_word' id='word_1_239' title='bbox 2715 1885 2812 1938; x_wconf 79' lang='grc' dir='ltr'>οὐκ</span> <span class='ocrx_word' id='word_1_240' title='bbox 2850 1885 3091 1940; x_wconf 76' lang='grc' dir='ltr'>ἐδύνατο.</span> <span class='ocrx_word' id='word_1_241' title='bbox 3137 1888 3195 1940; x_wconf 89' lang='grc' dir='ltr'>Ὀ</span> <span class='ocrx_word' id='word_1_242' title='bbox 3233 1888 3343 1957; x_wconf 80' lang='grc' dir='ltr'>γὰρ</span> <span class='ocrx_word' id='word_1_243' title='bbox 3388 1866 3633 1958; x_wconf 72' lang='grc' dir='ltr'>Ἡρώδης</span> <span class='ocrx_word' id='word_1_244' title='bbox 3661 1875 3795 1957; x_wconf 51' lang='grc' dir='ltr'><strong>ὲφὼ</strong></span> 
     </span>
    </p>
   </div>
   <div class='ocr_carea' id='block_1_34' title="bbox 546 1980 2107 2047">
    <p class='ocr_par' dir='ltr' id='par_1_34' title="bbox 546 1980 2107 2047">
     <span class='ocr_line' id='line_1_34' title="bbox 546 1980 2107 2047; baseline -0.004 -8"><span class='ocrx_word' id='word_1_245' title='bbox 546 1985 824 2039; x_wconf 81' lang='lat' dir='ltr'><strong>metuebat</strong></span> <span class='ocrx_word' id='word_1_246' title='bbox 857 1983 1143 2047; x_wconf 86' lang='lat' dir='ltr'><strong>Joannem,</strong></span> <span class='ocrx_word' id='word_1_247' title='bbox 1179 1983 1359 2037; x_wconf 90' lang='lat' dir='ltr'><strong>sciens</strong></span> <span class='ocrx_word' id='word_1_248' title='bbox 1400 1997 1519 2036; x_wconf 88' lang='lat' dir='ltr'><strong>eum</strong></span> <span class='ocrx_word' id='word_1_249' title='bbox 1576 1982 1746 2035; x_wconf 79' lang='lat' dir='ltr'><strong>virum</strong></span> <span class='ocrx_word' id='word_1_250' title='bbox 1785 1980 1989 2046; x_wconf 89' lang='lat' dir='ltr'><strong>justum</strong></span> <span class='ocrx_word' id='word_1_251' title='bbox 2043 1993 2107 2033; x_wconf 88' lang='lat' dir='ltr'><strong>ae</strong></span> 
     </span>
    </p>
   </div>
   <div class='ocr_carea' id='block_1_35' title="bbox 547 2070 2105 2140">
    <p class='ocr_par' dir='ltr' id='par_1_35' title="bbox 547 2070 2105 2140">
     <span class='ocr_line' id='line_1_35' title="bbox 547 2070 2105 2140; baseline -0.003 -9"><span class='ocrx_word' id='word_1_252' title='bbox 547 2086 787 2131; x_wconf 88' lang='lat' dir='ltr'><strong>sanctum</strong></span> <span class='ocrx_word' id='word_1_253' title='bbox 810 2114 826 2140; x_wconf 91' lang='lat'><strong>,</strong></span> <span class='ocrx_word' id='word_1_254' title='bbox 878 2085 931 2130; x_wconf 91' lang='lat' dir='ltr'><strong>et</strong></span> <span class='ocrx_word' id='word_1_255' title='bbox 963 2076 1280 2130; x_wconf 75' lang='lat' dir='ltr'><strong>observabat</strong></span> <span class='ocrx_word' id='word_1_256' title='bbox 1314 2088 1461 2137; x_wconf 91' lang='lat' dir='ltr'><strong>eum,</strong></span> <span class='ocrx_word' id='word_1_257' title='bbox 1495 2072 1784 2138; x_wconf 80' lang='lat' dir='ltr'><strong>auditoque</strong></span> <span class='ocrx_word' id='word_1_258' title='bbox 1814 2086 1899 2136; x_wconf 88' lang='lat' dir='ltr'><strong>eo,</strong></span> <span class='ocrx_word' id='word_1_259' title='bbox 1936 2070 2105 2126; x_wconf 85' lang='lat' dir='ltr'><strong>multa</strong></span> 
     </span>
    </p>
   </div>
   <div class='ocr_carea' id='block_1_36' title="bbox 549 2160 2106 2233">
    <p class='ocr_par' dir='ltr' id='par_1_36' title="bbox 549 2160 2106 2233">
     <span class='ocr_line' id='line_1_36' title="bbox 549 2160 2106 2233; baseline -0.001 -14"><span class='ocrx_word' id='word_1_260' title='bbox 549 2167 806 2233; x_wconf 79' lang='lat' dir='ltr'><strong>faciebat,</strong></span> <span class='ocrx_word' id='word_1_261' title='bbox 839 2175 892 2223; x_wconf 88' lang='lat' dir='ltr'><strong>et</strong></span> <span class='ocrx_word' id='word_1_262' title='bbox 926 2166 1156 2220; x_wconf 89' lang='lat' dir='ltr'><strong>libenter</strong></span> <span class='ocrx_word' id='word_1_263' title='bbox 1186 2180 1310 2221; x_wconf 91' lang='lat' dir='ltr'><strong>eum</strong></span> <span class='ocrx_word' id='word_1_264' title='bbox 1342 2164 1613 2218; x_wconf 87' lang='lat' dir='ltr'><strong>audiebat.</strong></span> <span class='ocrx_word' id='word_1_265' title='bbox 1652 2180 1669 2213; x_wconf 77' lang='grc' dir='ltr'><strong>ι</strong></span> <span class='ocrx_word' id='word_1_266' title='bbox 1700 2160 1978 2216; x_wconf 87' lang='lat' dir='ltr'><strong>Interserit</strong></span> <span class='ocrx_word' id='word_1_267' title='bbox 2004 2163 2106 2217; x_wconf 89' lang='lat' dir='ltr'><strong>hoc</strong></span> 
     </span>
    </p>
   </div>
   <div class='ocr_carea' id='block_1_37' title="bbox 547 2250 2106 2322">
    <p class='ocr_par' dir='ltr' id='par_1_37' title="bbox 547 2250 2106 2322">
     <span class='ocr_line' id='line_1_37' title="bbox 547 2250 2106 2322; baseline -0.004 -9"><span class='ocrx_word' id='word_1_268' title='bbox 547 2259 665 2313; x_wconf 86' lang='lat' dir='ltr'><strong>loco</strong></span> <span class='ocrx_word' id='word_1_269' title='bbox 700 2258 911 2313; x_wconf 71' lang='lat' dir='ltr'><strong>Marcus</strong></span> <span class='ocrx_word' id='word_1_270' title='bbox 949 2258 1314 2312; x_wconf 86' lang='lat' dir='ltr'><strong>narrationem</strong></span> <span class='ocrx_word' id='word_1_271' title='bbox 1368 2256 1433 2310; x_wconf 91' lang='lat' dir='ltr'><strong>de</strong></span> <span class='ocrx_word' id='word_1_272' title='bbox 1466 2262 1638 2309; x_wconf 85' lang='lat' dir='ltr'><strong>morte</strong></span> <span class='ocrx_word' id='word_1_273' title='bbox 1668 2250 1890 2309; x_wconf 76' lang='lat' dir='ltr'><strong>Jodnttis</strong></span> <span class='ocrx_word' id='word_1_274' title='bbox 1918 2254 2106 2322; x_wconf 82' lang='lat' dir='ltr'><strong>Bapti-</strong></span> 
     </span>
    </p>
   </div>
   <div class='ocr_carea' id='block_1_38' title="bbox 548 2347 2105 2419">
    <p class='ocr_par' dir='ltr' id='par_1_38' title="bbox 548 2347 2105 2419">
     <span class='ocr_line' id='line_1_38' title="bbox 548 2347 2105 2419; baseline -0.002 -16"><span class='ocrx_word' id='word_1_275' title='bbox 548 2362 665 2415; x_wconf 87' lang='lat' dir='ltr'><strong>stae,</strong></span> <span class='ocrx_word' id='word_1_276' title='bbox 697 2350 982 2404; x_wconf 84' lang='lat' dir='ltr'><strong>occasione</strong></span> <span class='ocrx_word' id='word_1_277' title='bbox 1013 2359 1250 2419; x_wconf 89' lang='lat' dir='ltr'><strong>sumpta.</strong></span> <span class='ocrx_word' id='word_1_278' title='bbox 1286 2348 1482 2401; x_wconf 89' lang='lat' dir='ltr'><strong>Dicunt</strong></span> <span class='ocrx_word' id='word_1_279' title='bbox 1509 2357 1690 2402; x_wconf 90' lang='lat' dir='ltr'><strong>autem</strong></span> <span class='ocrx_word' id='word_1_280' title='bbox 1720 2347 1937 2416; x_wconf 88' lang='lat' dir='ltr'><strong>quidam</strong></span> <span class='ocrx_word' id='word_1_281' title='bbox 1965 2347 2105 2416; x_wconf 91' lang='lat' dir='ltr'><strong>quod</strong></span> 
     </span>
    </p>
   </div>
   <div class='ocr_carea' id='block_1_39' title="bbox 550 2438 2109 2511">
    <p class='ocr_par' dir='ltr' id='par_1_39' title="bbox 550 2438 2109 2511">
     <span class='ocr_line' id='line_1_39' title="bbox 550 2438 2109 2511; baseline -0.003 -15"><span class='ocrx_word' id='word_1_282' title='bbox 550 2442 787 2497; x_wconf 82' lang='lat' dir='ltr'><strong>Herodes</strong></span> <span class='ocrx_word' id='word_1_283' title='bbox 836 2442 1078 2511; x_wconf 87' lang='lat' dir='ltr'><strong>rapuerit</strong></span> <span class='ocrx_word' id='word_1_284' title='bbox 1107 2440 1462 2495; x_wconf 87' lang='lat' dir='ltr'><strong>Herodiadem</strong></span> <span class='ocrx_word' id='word_1_285' title='bbox 1482 2479 1494 2503; x_wconf 89' lang='lat'><strong>,</strong></span> <span class='ocrx_word' id='word_1_286' title='bbox 1524 2440 1734 2493; x_wconf 84' lang='lat' dir='ltr'><strong>vivente</strong></span> <span class='ocrx_word' id='word_1_287' title='bbox 1764 2438 2024 2507; x_wconf 84' lang='lat' dir='ltr'><strong>Philippo,</strong></span> <span class='ocrx_word' id='word_1_288' title='bbox 2055 2444 2109 2491; x_wconf 88' lang='lat' dir='ltr'><strong>et</strong></span> 
     </span>
    </p>
   </div>
   <div class='ocr_carea' id='block_1_40' title="bbox 548 2527 2108 2601">
    <p class='ocr_par' dir='ltr' id='par_1_40' title="bbox 548 2527 2108 2601">
     <span class='ocr_line' id='line_1_40' title="bbox 548 2527 2108 2601; baseline -0.003 -16"><span class='ocrx_word' id='word_1_289' title='bbox 548 2532 688 2601; x_wconf 91' lang='lat' dir='ltr'><strong>quod</strong></span> <span class='ocrx_word' id='word_1_290' title='bbox 721 2532 1080 2601; x_wconf 88' lang='lat' dir='ltr'><strong>reprehensus</strong></span> <span class='ocrx_word' id='word_1_291' title='bbox 1115 2530 1275 2584; x_wconf 87' lang='lat' dir='ltr'><strong>fuerit</strong></span> <span class='ocrx_word' id='word_1_292' title='bbox 1300 2537 1355 2582; x_wconf 87' lang='lat' dir='ltr'><strong>ut</strong></span> <span class='ocrx_word' id='word_1_293' title='bbox 1390 2528 1792 2599; x_wconf 66' lang='lat' dir='ltr'><strong>prmvaricator,</strong></span> <span class='ocrx_word' id='word_1_294' title='bbox 1816 2528 1904 2596; x_wconf 87' lang='lat' dir='ltr'><strong>qui</strong></span> <span class='ocrx_word' id='word_1_295' title='bbox 1939 2527 2108 2580; x_wconf 91' lang='lat' dir='ltr'><strong>abdu-</strong></span> 
     </span>
    </p>
   </div>
   <div class='ocr_carea' id='block_1_41' title="bbox 547 2620 2105 2688">
    <p class='ocr_par' dir='ltr' id='par_1_41' title="bbox 547 2620 2105 2688">
     <span class='ocr_line' id='line_1_41' title="bbox 547 2620 2105 2688; baseline -0.003 -11"><span class='ocrx_word' id='word_1_296' title='bbox 547 2625 687 2678; x_wconf 80' lang='lat' dir='ltr'><strong>xerit</strong></span> <span class='ocrx_word' id='word_1_297' title='bbox 742 2624 971 2678; x_wconf 83' lang='lat' dir='ltr'><strong>viventis</strong></span> <span class='ocrx_word' id='word_1_298' title='bbox 1027 2622 1209 2677; x_wconf 80' lang='lat' dir='ltr'><strong>fratris</strong></span> <span class='ocrx_word' id='word_1_299' title='bbox 1269 2634 1532 2686; x_wconf 72' lang='lat' dir='ltr'><strong>uxorem;</strong></span> <span class='ocrx_word' id='word_1_300' title='bbox 1594 2622 1681 2676; x_wconf 81' lang='lat' dir='ltr'><strong>alii</strong></span> <span class='ocrx_word' id='word_1_301' title='bbox 1738 2630 1916 2674; x_wconf 77' lang='lat' dir='ltr'><strong>autem</strong></span> <span class='ocrx_word' id='word_1_302' title='bbox 1965 2620 2105 2688; x_wconf 88' lang='lat' dir='ltr'><strong>quod</strong></span> 
     </span>
    </p>
   </div>
   <div class='ocr_carea' id='block_1_42' title="bbox 548 2695 2106 2783">
    <p class='ocr_par' dir='ltr' id='par_1_42' title="bbox 548 2695 2106 2783">
     <span class='ocr_line' id='line_1_42' title="bbox 548 2695 2106 2783; baseline -0.003 -16"><span class='ocrx_word' id='word_1_303' title='bbox 548 2723 791 2768; x_wconf 88' lang='lat' dir='ltr'><strong>mortuus</strong></span> <span class='ocrx_word' id='word_1_304' title='bbox 825 2695 1041 2783; x_wconf 82' lang='lat' dir='ltr'><strong>quidem</strong></span> <span class='ocrx_word' id='word_1_305' title='bbox 1090 2712 1252 2767; x_wconf 90' lang='lat' dir='ltr'><strong>fuerit</strong></span> <span class='ocrx_word' id='word_1_306' title='bbox 1283 2712 1584 2783; x_wconf 88' lang='lat' dir='ltr'><strong>Philippus,</strong></span> <span class='ocrx_word' id='word_1_307' title='bbox 1622 2711 1899 2779; x_wconf 86' lang='lat' dir='ltr'><strong>reliquerit</strong></span> <span class='ocrx_word' id='word_1_308' title='bbox 1928 2718 2106 2764; x_wconf 87' lang='lat' dir='ltr'><strong>autem</strong></span> 
     </span>
    </p>
   </div>
   <div class='ocr_carea' id='block_1_43' title="bbox 547 2802 2109 2873">
    <p class='ocr_par' dir='ltr' id='par_1_43' title="bbox 547 2802 2109 2873">
     <span class='ocr_line' id='line_1_43' title="bbox 547 2802 2109 2873; baseline -0.003 -14"><span class='ocrx_word' id='word_1_309' title='bbox 547 2802 800 2859; x_wconf 83' lang='lat' dir='ltr'><strong>ﬁliolam:</strong></span> <span class='ocrx_word' id='word_1_310' title='bbox 856 2812 908 2859; x_wconf 92' lang='lat' dir='ltr'><strong>et</strong></span> <span class='ocrx_word' id='word_1_311' title='bbox 959 2817 1078 2861; x_wconf 88' lang='lat' dir='ltr'><strong>cum</strong></span> <span class='ocrx_word' id='word_1_312' title='bbox 1132 2804 1296 2858; x_wconf 86' lang='lat' dir='ltr'><strong>tiliam</strong></span> <span class='ocrx_word' id='word_1_313' title='bbox 1355 2804 1669 2873; x_wconf 86' lang='lat' dir='ltr'><strong>reliquerit,</strong></span> <span class='ocrx_word' id='word_1_314' title='bbox 1727 2818 1834 2857; x_wconf 93' lang='lat' dir='ltr'><strong>non</strong></span> <span class='ocrx_word' id='word_1_315' title='bbox 1884 2802 2109 2856; x_wconf 86' lang='lat' dir='ltr'><strong>debebat</strong></span> 
     </span>
    </p>
   </div>
   <div class='ocr_carea' id='block_1_44' title="bbox 549 2894 2104 2963">
    <p class='ocr_par' dir='ltr' id='par_1_44' title="bbox 549 2894 2104 2963">
     <span class='ocr_line' id='line_1_44' title="bbox 549 2894 2104 2963; baseline -0.001 -15"><span class='ocrx_word' id='word_1_316' title='bbox 549 2894 788 2950; x_wconf 79' lang='lat' dir='ltr'><strong>Herodes</strong></span> <span class='ocrx_word' id='word_1_317' title='bbox 816 2909 1036 2950; x_wconf 83' lang='lat' dir='ltr'><strong>uxorem</strong></span> <span class='ocrx_word' id='word_1_318' title='bbox 1070 2894 1254 2951; x_wconf 79' lang='lat' dir='ltr'><strong>fratris</strong></span> <span class='ocrx_word' id='word_1_319' title='bbox 1287 2895 1489 2950; x_wconf 89' lang='lat' dir='ltr'><strong>ducere</strong></span> <span class='ocrx_word' id='word_1_320' title='bbox 1519 2896 1681 2949; x_wconf 86' lang='lat' dir='ltr'><strong>etiam</strong></span> <span class='ocrx_word' id='word_1_321' title='bbox 1706 2905 1825 2963; x_wconf 83' lang='lat' dir='ltr'><strong>post</strong></span> <span class='ocrx_word' id='word_1_322' title='bbox 1854 2901 2104 2948; x_wconf 88' lang='lat' dir='ltr'><strong>mortem.</strong></span> 
     </span>
    </p>
   </div>
   <div class='ocr_carea' id='block_1_45' title="bbox 550 2984 2105 3056">
    <p class='ocr_par' dir='ltr' id='par_1_45' title="bbox 550 2984 2105 3056">
     <span class='ocr_line' id='line_1_45' title="bbox 550 2984 2105 3056; baseline -0.004 -14"><span class='ocrx_word' id='word_1_323' title='bbox 550 2984 657 3042; x_wconf 83' lang='lat' dir='ltr'><strong>Lex</strong></span> <span class='ocrx_word' id='word_1_324' title='bbox 710 2986 854 3040; x_wconf 85' lang='lat' dir='ltr'><strong>enim</strong></span> <span class='ocrx_word' id='word_1_325' title='bbox 908 2996 1034 3041; x_wconf 92' lang='lat' dir='ltr'><strong>tunc</strong></span> <span class='ocrx_word' id='word_1_326' title='bbox 1090 2985 1316 3056; x_wconf 88' lang='lat' dir='ltr'><strong>jubebat</strong></span> <span class='ocrx_word' id='word_1_327' title='bbox 1369 2985 1591 3041; x_wconf 88' lang='lat' dir='ltr'><strong>fratrem</strong></span> <span class='ocrx_word' id='word_1_328' title='bbox 1646 2984 1830 3043; x_wconf 84' lang='lat' dir='ltr'><strong>fratris</strong></span> <span class='ocrx_word' id='word_1_329' title='bbox 1884 2999 2105 3039; x_wconf 84' lang='lat' dir='ltr'><strong>uxorem</strong></span> 
     </span>
    </p>
   </div>
   <div class='ocr_carea' id='block_1_46' title="bbox 549 3077 2109 3147">
    <p class='ocr_par' dir='ltr' id='par_1_46' title="bbox 549 3077 2109 3147">
     <span class='ocr_line' id='line_1_46' title="bbox 549 3077 2109 3147; baseline -0.001 -18"><span class='ocrx_word' id='word_1_330' title='bbox 549 3080 743 3132; x_wconf 85' lang='lat' dir='ltr'><strong>ducere</strong></span> <span class='ocrx_word' id='word_1_331' title='bbox 763 3077 831 3141; x_wconf 80' lang='lat'><strong>“,</strong></span> <span class='ocrx_word' id='word_1_332' title='bbox 869 3092 991 3130; x_wconf 88' lang='lat' dir='ltr'><strong>cum</strong></span> <span class='ocrx_word' id='word_1_333' title='bbox 1037 3092 1141 3131; x_wconf 93' lang='lat' dir='ltr'><strong>non</strong></span> <span class='ocrx_word' id='word_1_334' title='bbox 1198 3086 1503 3147; x_wconf 81' lang='lat' dir='ltr'><strong>superesset</strong></span> <span class='ocrx_word' id='word_1_335' title='bbox 1537 3089 1703 3145; x_wconf 88' lang='lat' dir='ltr'><strong>puer:</strong></span> <span class='ocrx_word' id='word_1_336' title='bbox 1756 3090 1897 3130; x_wconf 81' lang='lat' dir='ltr'><strong>nunc</strong></span> <span class='ocrx_word' id='word_1_337' title='bbox 1929 3085 2109 3128; x_wconf 86' lang='lat' dir='ltr'><strong>autem</strong></span> 
     </span>
    </p>
   </div>
   <div class='ocr_carea' id='block_1_47' title="bbox 2210 1972 3795 2049">
    <p class='ocr_par' dir='ltr' id='par_1_47' title="bbox 2210 1972 3795 2049">
     <span class='ocr_line' id='line_1_47' title="bbox 2210 1972 3795 2049; baseline 0.007 -26"><span class='ocrx_word' id='word_1_338' title='bbox 2210 1972 2356 2025; x_wconf 77' lang='grc' dir='ltr'>δεῖτο</span> <span class='ocrx_word' id='word_1_339' title='bbox 2406 1974 2497 2026; x_wconf 76' lang='grc' dir='ltr'>τὸν</span> <span class='ocrx_word' id='word_1_340' title='bbox 2538 1976 2814 2046; x_wconf 76' lang='grc' dir='ltr'>Ἰωάννην,</span> <span class='ocrx_word' id='word_1_341' title='bbox 2849 1976 3009 2041; x_wconf 77' lang='grc' dir='ltr'>εἰδὼς</span> <span class='ocrx_word' id='word_1_342' title='bbox 3051 1978 3213 2033; x_wconf 67' lang='grc' dir='ltr'>αὑτὸν</span> <span class='ocrx_word' id='word_1_343' title='bbox 3252 1979 3417 2049; x_wconf 82' lang='grc' dir='ltr'>ἄνδρα</span> <span class='ocrx_word' id='word_1_344' title='bbox 3452 1980 3658 2032; x_wconf 76' lang='grc' dir='ltr'>δῗκαιον</span> <span class='ocrx_word' id='word_1_345' title='bbox 3693 1982 3795 2035; x_wconf 79' lang='grc' dir='ltr'><strong>καὶ</strong></span> 
     </span>
    </p>
   </div>
   <div class='ocr_carea' id='block_1_48' title="bbox 2210 2064 3799 2137">
    <p class='ocr_par' dir='ltr' id='par_1_48' title="bbox 2210 2064 3799 2137">
     <span class='ocr_line' id='line_1_48' title="bbox 2210 2064 3799 2137; baseline 0.006 -20"><span class='ocrx_word' id='word_1_346' title='bbox 2210 2064 2383 2133; x_wconf 76' lang='grc' dir='ltr'>ἅγιον,</span> <span class='ocrx_word' id='word_1_347' title='bbox 2422 2067 2513 2119; x_wconf 73' lang='grc' dir='ltr'><strong>καὶ</strong></span> <span class='ocrx_word' id='word_1_348' title='bbox 2536 2069 2824 2137; x_wconf 81' lang='grc' dir='ltr'><strong>’συνετήρει</strong></span> <span class='ocrx_word' id='word_1_349' title='bbox 2846 2069 3025 2132; x_wconf 71' lang='grc' dir='ltr'>αὑτὸν,</span> <span class='ocrx_word' id='word_1_350' title='bbox 3056 2071 3148 2124; x_wconf 86' lang='lat' dir='ltr'><strong>xal</strong></span> <span class='ocrx_word' id='word_1_351' title='bbox 3177 2072 3414 2133; x_wconf 83' lang='grc' dir='ltr'>ἀκούσας</span> <span class='ocrx_word' id='word_1_352' title='bbox 3439 2073 3623 2134; x_wconf 77' lang='grc' dir='ltr'>αὐτοῦ,</span> <span class='ocrx_word' id='word_1_353' title='bbox 3660 2074 3799 2127; x_wconf 83' lang='grc' dir='ltr'>πολ-</span> 
     </span>
    </p>
   </div>
   <div class='ocr_carea' id='block_1_49' title="bbox 2208 2156 3794 2237">
    <p class='ocr_par' dir='ltr' id='par_1_49' title="bbox 2208 2156 3794 2237">
     <span class='ocr_line' id='line_1_49' title="bbox 2208 2156 3794 2237; baseline 0.008 -27"><span class='ocrx_word' id='word_1_354' title='bbox 2208 2156 2275 2210; x_wconf 73' lang='grc' dir='ltr'><strong>λὰ.</strong></span> <span class='ocrx_word' id='word_1_355' title='bbox 2304 2160 2500 2223; x_wconf 75' lang='grc' dir='ltr'>ἐποίει,</span> <span class='ocrx_word' id='word_1_356' title='bbox 2547 2162 2642 2212; x_wconf 79' lang='grc' dir='ltr'><strong>καὶ</strong></span> <span class='ocrx_word' id='word_1_357' title='bbox 2672 2162 2842 2231; x_wconf 76' lang='grc' dir='ltr'>ἡδέως</span> <span class='ocrx_word' id='word_1_358' title='bbox 2878 2162 3040 2216; x_wconf 81' lang='grc' dir='ltr'>αὑτοῦ</span> <span class='ocrx_word' id='word_1_359' title='bbox 3068 2163 3285 2234; x_wconf 70' lang='grc' dir='ltr'>ἤκουεν.</span> <span class='ocrx_word' id='word_1_360' title='bbox 3328 2183 3346 2215; x_wconf 72' lang='grc' dir='ltr'><strong>ι</strong></span> <span class='ocrx_word' id='word_1_361' title='bbox 3390 2167 3794 2237; x_wconf 80' lang='grc' dir='ltr'>Παρεντίθησιν</span> 
     </span>
    </p>
   </div>
   <div class='ocr_carea' id='block_1_50' title="bbox 2208 2247 3796 2319">
    <p class='ocr_par' dir='ltr' id='par_1_50' title="bbox 2208 2247 3796 2319">
     <span class='ocr_line' id='line_1_50' title="bbox 2208 2247 3796 2319; baseline 0.006 -20"><span class='ocrx_word' id='word_1_362' title='bbox 2208 2247 2446 2301; x_wconf 66' lang='grc' dir='ltr'>ενταῦθα</span> <span class='ocrx_word' id='word_1_363' title='bbox 2472 2249 2569 2317; x_wconf 82' lang='grc' dir='ltr'><strong>τὴν</strong></span> <span class='ocrx_word' id='word_1_364' title='bbox 2606 2250 2854 2319; x_wconf 70' lang='grc' dir='ltr'>περὶτοῦ</span> <span class='ocrx_word' id='word_1_365' title='bbox 2897 2250 3130 2304; x_wconf 77' lang='grc' dir='ltr'>θανάτου</span> <span class='ocrx_word' id='word_1_366' title='bbox 3198 2252 3291 2304; x_wconf 71' lang='grc' dir='ltr'>τοῦ</span> <span class='ocrx_word' id='word_1_367' title='bbox 3339 2254 3643 2307; x_wconf 75' lang='lat' dir='ltr'><strong>Barrus-:05</strong></span> <span class='ocrx_word' id='word_1_368' title='bbox 3708 2257 3796 2309; x_wconf 83' lang='grc' dir='ltr'>δι-</span> 
     </span>
    </p>
   </div>
   <div class='ocr_carea' id='block_1_51' title="bbox 2213 2340 3795 2420">
    <p class='ocr_par' dir='ltr' id='par_1_51' title="bbox 2213 2340 3795 2420">
     <span class='ocr_line' id='line_1_51' title="bbox 2213 2340 3795 2420; baseline 0.003 -27"><span class='ocrx_word' id='word_1_369' title='bbox 2213 2340 2412 2409; x_wconf 86' lang='grc' dir='ltr'>ήγησιν</span> <span class='ocrx_word' id='word_1_370' title='bbox 2470 2343 2496 2393; x_wconf 91' lang='lat'><strong>6</strong></span> <span class='ocrx_word' id='word_1_371' title='bbox 2540 2342 2765 2411; x_wconf 81' lang='grc' dir='ltr'>Μάρκος</span> <span class='ocrx_word' id='word_1_372' title='bbox 2794 2383 2808 2408; x_wconf 95' lang='grc'>,</span> <span class='ocrx_word' id='word_1_373' title='bbox 2842 2344 3099 2416; x_wconf 77' lang='grc' dir='ltr'><strong>ἀφορμῆς</strong></span> <span class='ocrx_word' id='word_1_374' title='bbox 3152 2345 3509 2417; x_wconf 81' lang='grc' dir='ltr'>δραξάμενος.</span> <span class='ocrx_word' id='word_1_375' title='bbox 3570 2350 3679 2420; x_wconf 77' lang='grc' dir='ltr'>Ἰὴν</span> <span class='ocrx_word' id='word_1_376' title='bbox 3728 2350 3795 2404; x_wconf 72' lang='grc' dir='ltr'>δὲ</span> 
     </span>
    </p>
   </div>
   <div class='ocr_carea' id='block_1_52' title="bbox 2223 2431 3793 2509">
    <p class='ocr_par' dir='ltr' id='par_1_52' title="bbox 2223 2431 3793 2509">
     <span class='ocr_line' id='line_1_52' title="bbox 2223 2431 3793 2509; baseline 0.006 -25"><span class='ocrx_word' id='word_1_377' title='bbox 2223 2431 2281 2484; x_wconf 84' lang='lat' dir='ltr'><strong>&#39;H</strong></span> <span class='ocrx_word' id='word_1_378' title='bbox 2295 2433 2547 2500; x_wconf 88' lang='grc' dir='ltr'>ρωδίαδα,</span> <span class='ocrx_word' id='word_1_379' title='bbox 2582 2436 2629 2486; x_wconf 83' lang='grc' dir='ltr'><strong>οἰ</strong></span> <span class='ocrx_word' id='word_1_380' title='bbox 2662 2436 2781 2503; x_wconf 82' lang='grc' dir='ltr'>μὲν,</span> <span class='ocrx_word' id='word_1_381' title='bbox 2814 2433 3015 2500; x_wconf 80' lang='grc' dir='ltr'>ζῶντος</span> <span class='ocrx_word' id='word_1_382' title='bbox 3040 2438 3131 2491; x_wconf 81' lang='grc' dir='ltr'>τοῦ</span> <span class='ocrx_word' id='word_1_383' title='bbox 3160 2440 3431 2492; x_wconf 81' lang='grc' dir='ltr'>Φιλίππου</span> <span class='ocrx_word' id='word_1_384' title='bbox 3461 2441 3625 2509; x_wconf 80' lang='grc' dir='ltr'>φασὶν</span> <span class='ocrx_word' id='word_1_385' title='bbox 3647 2443 3793 2494; x_wconf 81' lang='grc' dir='ltr'>ἁπο-</span> 
     </span>
    </p>
   </div>
   <div class='ocr_carea' id='block_1_53' title="bbox 2209 2526 3793 2604">
    <p class='ocr_par' dir='ltr' id='par_1_53' title="bbox 2209 2526 3793 2604">
     <span class='ocr_line' id='line_1_53' title="bbox 2209 2526 3793 2604; baseline 0.008 -28"><span class='ocrx_word' id='word_1_386' title='bbox 2209 2526 2415 2578; x_wconf 70' lang='grc' dir='ltr'>σπάσαι</span> <span class='ocrx_word' id='word_1_387' title='bbox 2466 2526 2557 2580; x_wconf 80' lang='grc' dir='ltr'>τὸν</span> <span class='ocrx_word' id='word_1_388' title='bbox 2598 2526 2889 2599; x_wconf 76' lang='grc' dir='ltr'><strong>⁹Ηρώδην,</strong></span> <span class='ocrx_word' id='word_1_389' title='bbox 2947 2531 3041 2589; x_wconf 75' lang='grc' dir='ltr'>καὶ</span> <span class='ocrx_word' id='word_1_390' title='bbox 3088 2531 3174 2587; x_wconf 83' lang='grc' dir='ltr'>διά</span> <span class='ocrx_word' id='word_1_391' title='bbox 3234 2534 3394 2595; x_wconf 84' lang='grc' dir='ltr'>τοῦτο</span> <span class='ocrx_word' id='word_1_392' title='bbox 3467 2534 3793 2604; x_wconf 76' lang='grc' dir='ltr'>ἐλέγχεσθαι</span> 
     </span>
    </p>
   </div>
   <div class='ocr_carea' id='block_1_54' title="bbox 2209 2617 3794 2693">
    <p class='ocr_par' dir='ltr' id='par_1_54' title="bbox 2209 2617 3794 2693">
     <span class='ocr_line' id='line_1_54' title="bbox 2209 2617 3794 2693; baseline 0.006 -24"><span class='ocrx_word' id='word_1_393' title='bbox 2209 2618 2369 2669; x_wconf 77' lang='grc' dir='ltr'>αὐτὸν</span> <span class='ocrx_word' id='word_1_394' title='bbox 2396 2617 2471 2680; x_wconf 85' lang='grc' dir='ltr'><strong>ὼς</strong></span> <span class='ocrx_word' id='word_1_395' title='bbox 2506 2621 2953 2691; x_wconf 80' lang='grc' dir='ltr'>παρανομοῦντα,</span> <span class='ocrx_word' id='word_1_396' title='bbox 2986 2622 3079 2675; x_wconf 83' lang='grc' dir='ltr'>τοῦ</span> <span class='ocrx_word' id='word_1_397' title='bbox 3127 2624 3327 2688; x_wconf 80' lang='grc' dir='ltr'>ζῶντος</span> <span class='ocrx_word' id='word_1_398' title='bbox 3370 2624 3599 2693; x_wconf 61' lang='grc' dir='ltr'>ἀδελφοῦ</span> <span class='ocrx_word' id='word_1_399' title='bbox 3632 2626 3794 2678; x_wconf 51' lang='grc' dir='ltr'>κάπο-</span> 
     </span>
    </p>
   </div>
   <div class='ocr_carea' id='block_1_55' title="bbox 2210 2707 3794 2787">
    <p class='ocr_par' dir='ltr' id='par_1_55' title="bbox 2210 2707 3794 2787">
     <span class='ocr_line' id='line_1_55' title="bbox 2210 2707 3794 2787; baseline 0.008 -28"><span class='ocrx_word' id='word_1_400' title='bbox 2210 2707 2517 2777; x_wconf 81' lang='grc' dir='ltr'>ζευγνύντα</span> <span class='ocrx_word' id='word_1_401' title='bbox 2542 2712 2641 2780; x_wconf 78' lang='grc' dir='ltr'>τὴν</span> <span class='ocrx_word' id='word_1_402' title='bbox 2676 2716 2910 2781; x_wconf 71' lang='grc' dir='ltr'>γυναῖκα</span> <span class='ocrx_word' id='word_1_403' title='bbox 2940 2730 2954 2745; x_wconf 77' lang='grc' dir='ltr'><strong>ο</strong></span> <span class='ocrx_word' id='word_1_404' title='bbox 3009 2717 3057 2767; x_wconf 88' lang='grc' dir='ltr'><strong>οἰ</strong></span> <span class='ocrx_word' id='word_1_405' title='bbox 3096 2715 3185 2780; x_wconf 79' lang='grc' dir='ltr'><strong>δὲ,</strong></span> <span class='ocrx_word' id='word_1_406' title='bbox 3214 2718 3295 2769; x_wconf 78' lang='grc' dir='ltr'>ὅτι</span> <span class='ocrx_word' id='word_1_407' title='bbox 3339 2717 3575 2771; x_wconf 73' lang='grc' dir='ltr'>ἀπέθανε</span> <span class='ocrx_word' id='word_1_408' title='bbox 3626 2717 3726 2787; x_wconf 74' lang='grc' dir='ltr'><strong>μὲν</strong></span> <span class='ocrx_word' id='word_1_409' title='bbox 3762 2720 3794 2771; x_wconf 92' lang='lat'><strong>6</strong></span> 
     </span>
    </p>
   </div>
   <div class='ocr_carea' id='block_1_56' title="bbox 2209 2801 3788 2887">
    <p class='ocr_par' dir='ltr' id='par_1_56' title="bbox 2209 2801 3788 2887">
     <span class='ocr_line' id='line_1_56' title="bbox 2209 2801 3788 2887; baseline 0.007 -35"><span class='ocrx_word' id='word_1_410' title='bbox 2209 2801 2493 2867; x_wconf 78' lang='grc' dir='ltr'>Φίλιππος,</span> <span class='ocrx_word' id='word_1_411' title='bbox 2551 2804 2691 2874; x_wconf 76' lang='grc' dir='ltr'>πλὴν</span> <span class='ocrx_word' id='word_1_412' title='bbox 2745 2806 2837 2857; x_wconf 76' lang='grc' dir='ltr'><strong>ἐπὶ</strong></span> <span class='ocrx_word' id='word_1_413' title='bbox 2871 2806 3143 2877; x_wconf 83' lang='grc' dir='ltr'>θυγατρί·</span> <span class='ocrx_word' id='word_1_414' title='bbox 3181 2807 3448 2887; x_wconf 75' lang='grc' dir='ltr'>θυγατρὸς</span> <span class='ocrx_word' id='word_1_415' title='bbox 3504 2808 3561 2861; x_wconf 85' lang='grc' dir='ltr'><strong>δὲ</strong></span> <span class='ocrx_word' id='word_1_416' title='bbox 3595 2809 3788 2879; x_wconf 71' lang='grc' dir='ltr'>οῦσης,</span> 
     </span>
    </p>
   </div>
   <div class='ocr_carea' id='block_1_57' title="bbox 2211 2894 3791 2969">
    <p class='ocr_par' dir='ltr' id='par_1_57' title="bbox 2211 2894 3791 2969">
     <span class='ocr_line' id='line_1_57' title="bbox 2211 2894 3791 2969; baseline 0.006 -24"><span class='ocrx_word' id='word_1_417' title='bbox 2211 2894 2312 2946; x_wconf 84' lang='grc' dir='ltr'><strong>ούκ</strong></span> <span class='ocrx_word' id='word_1_418' title='bbox 2360 2894 2470 2947; x_wconf 80' lang='grc' dir='ltr'>ἔδει</span> <span class='ocrx_word' id='word_1_419' title='bbox 2526 2894 2617 2949; x_wconf 83' lang='grc' dir='ltr'>τὸν</span> <span class='ocrx_word' id='word_1_420' title='bbox 2658 2896 2905 2966; x_wconf 82' lang='grc' dir='ltr'><strong>Ἡρώδην</strong></span> <span class='ocrx_word' id='word_1_421' title='bbox 2955 2899 3055 2969; x_wconf 84' lang='grc' dir='ltr'>τὴν</span> <span class='ocrx_word' id='word_1_422' title='bbox 3114 2904 3355 2967; x_wconf 87' lang='grc' dir='ltr'>γυναῖκα</span> <span class='ocrx_word' id='word_1_423' title='bbox 3407 2900 3503 2953; x_wconf 84' lang='grc' dir='ltr'>τοῦ</span> <span class='ocrx_word' id='word_1_424' title='bbox 3551 2900 3791 2969; x_wconf 80' lang='grc' dir='ltr'>ἀδελφοῦ</span> 
     </span>
    </p>
   </div>
   <div class='ocr_carea' id='block_1_58' title="bbox 2209 2985 3791 3064">
    <p class='ocr_par' dir='ltr' id='par_1_58' title="bbox 2209 2985 3791 3064">
     <span class='ocr_line' id='line_1_58' title="bbox 2209 2985 3791 3064; baseline 0.006 -27"><span class='ocrx_word' id='word_1_425' title='bbox 2209 2985 2482 3056; x_wconf 83' lang='grc' dir='ltr'>γαμῆσαι,</span> <span class='ocrx_word' id='word_1_426' title='bbox 2526 2988 2647 3041; x_wconf 82' lang='grc' dir='ltr'>οὐδὲ</span> <span class='ocrx_word' id='word_1_427' title='bbox 2709 2991 2846 3059; x_wconf 81' lang='grc' dir='ltr'>μετὰ</span> <span class='ocrx_word' id='word_1_428' title='bbox 2885 2990 3132 3049; x_wconf 84' lang='grc' dir='ltr'>θάνατον.</span> <span class='ocrx_word' id='word_1_429' title='bbox 3181 2992 3237 3045; x_wconf 88' lang='grc' dir='ltr'><strong>Ὀ</strong></span> <span class='ocrx_word' id='word_1_430' title='bbox 3282 2993 3390 3064; x_wconf 87' lang='grc' dir='ltr'>γὰρ</span> <span class='ocrx_word' id='word_1_431' title='bbox 3445 2994 3609 3063; x_wconf 90' lang='grc' dir='ltr'>νόμος</span> <span class='ocrx_word' id='word_1_432' title='bbox 3659 2994 3791 3047; x_wconf 80' lang='grc' dir='ltr'>τότε</span> 
     </span>
    </p>
   </div>
   <div class='ocr_carea' id='block_1_59' title="bbox 2211 3078 3795 3156">
    <p class='ocr_par' dir='ltr' id='par_1_59' title="bbox 2211 3078 3795 3156">
     <span class='ocr_line' id='line_1_59' title="bbox 2211 3078 3795 3156; baseline 0.004 -25"><span class='ocrx_word' id='word_1_433' title='bbox 2211 3078 2428 3131; x_wconf 68' lang='grc' dir='ltr'>ἐκέλευε</span> <span class='ocrx_word' id='word_1_434' title='bbox 2462 3079 2552 3132; x_wconf 84' lang='grc' dir='ltr'><strong>τὸν</strong></span> <span class='ocrx_word' id='word_1_435' title='bbox 2582 3079 2813 3149; x_wconf 83' lang='grc' dir='ltr'>ἀδελφὸν</span> <span class='ocrx_word' id='word_1_436' title='bbox 2848 3083 2946 3152; x_wconf 80' lang='grc' dir='ltr'>τὴν</span> <span class='ocrx_word' id='word_1_437' title='bbox 2977 3081 3070 3136; x_wconf 83' lang='grc' dir='ltr'>τοῦ</span> <span class='ocrx_word' id='word_1_438' title='bbox 3117 3082 3346 3155; x_wconf 81' lang='grc' dir='ltr'>ἀδελφοῦ</span> <span class='ocrx_word' id='word_1_439' title='bbox 3375 3088 3609 3153; x_wconf 81' lang='grc' dir='ltr'>γυναῖκα</span> <span class='ocrx_word' id='word_1_440' title='bbox 3648 3086 3795 3156; x_wconf 81' lang='grc' dir='ltr'>λαμ-</span> 
     </span>
    </p>
   </div>
   <div class='ocr_carea' id='block_1_60' title="bbox 550 3165 2105 3266">
    <p class='ocr_par' dir='ltr' id='par_1_60' title="bbox 550 3165 2105 3239">
     <span class='ocr_line' id='line_1_60' title="bbox 550 3165 2105 3239; baseline 0.001 -20"><span class='ocrx_word' id='word_1_441' title='bbox 550 3165 625 3219; x_wconf 89' lang='lat' dir='ltr'><strong>illi</strong></span> <span class='ocrx_word' id='word_1_442' title='bbox 655 3176 771 3220; x_wconf 90' lang='lat' dir='ltr'><strong>erat</strong></span> <span class='ocrx_word' id='word_1_443' title='bbox 803 3166 906 3220; x_wconf 76' lang='lat' dir='ltr'><strong>[illa</strong></span> <span class='ocrx_word' id='word_1_444' title='bbox 934 3185 948 3222; x_wconf 89' lang='lat'><strong>:</strong></span> <span class='ocrx_word' id='word_1_445' title='bbox 981 3167 1270 3237; x_wconf 72' lang='lat' dir='ltr'><strong>illegitima:</strong></span> <span class='ocrx_word' id='word_1_446' title='bbox 1320 3168 1489 3239; x_wconf 77' lang='lat' dir='ltr'><strong>igitur</strong></span> <span class='ocrx_word' id='word_1_447' title='bbox 1530 3176 1685 3222; x_wconf 89' lang='lat' dir='ltr'><strong>erant</strong></span> <span class='ocrx_word' id='word_1_448' title='bbox 1728 3168 1946 3238; x_wconf 73' lang='lat' dir='ltr'><strong>nuptiae.</strong></span> <span class='ocrx_word' id='word_1_449' title='bbox 1975 3167 2105 3222; x_wconf 73' lang='lat' dir='ltr'><strong>Vide</strong></span> 
     </span>
    </p>
   </div>
   <div class='ocr_carea' id='block_1_61' title="bbox 2214 3165 3790 3266">
    <p class='ocr_par' dir='ltr' id='par_1_61' title="bbox 2216 3169 3790 3249">
     <span class='ocr_line' id='line_1_61' title="bbox 2216 3169 3790 3249; baseline 0.006 -28"><span class='ocrx_word' id='word_1_450' title='bbox 2216 3169 2421 3236; x_wconf 79' lang='grc' dir='ltr'>ϐάνειν,</span> <span class='ocrx_word' id='word_1_451' title='bbox 2450 3172 2536 3225; x_wconf 85' lang='grc' dir='ltr'><strong>ὅτε</strong></span> <span class='ocrx_word' id='word_1_452' title='bbox 2577 3171 2651 3243; x_wconf 80' lang='grc' dir='ltr'>μὴ</span> <span class='ocrx_word' id='word_1_453' title='bbox 2681 3174 2824 3244; x_wconf 83' lang='grc' dir='ltr'>ὑπῆν</span> <span class='ocrx_word' id='word_1_454' title='bbox 2875 3175 3090 3228; x_wconf 81' lang='grc' dir='ltr'>παιδίον</span> <span class='ocrx_word' id='word_1_455' title='bbox 3140 3194 3154 3207; x_wconf 72' lang='grc' dir='ltr'><strong>ο</strong></span> <span class='ocrx_word' id='word_1_456' title='bbox 3194 3176 3427 3230; x_wconf 75' lang='grc' dir='ltr'>ἐνταῦθα</span> <span class='ocrx_word' id='word_1_457' title='bbox 3459 3177 3515 3231; x_wconf 78' lang='grc' dir='ltr'><strong>δὲ</strong></span> <span class='ocrx_word' id='word_1_458' title='bbox 3537 3178 3790 3249; x_wconf 77' lang='grc' dir='ltr'>ὑπῆρχεν</span> 
     </span>
    </p>
   </div>
   <div class='ocr_carea' id='block_1_62' title="bbox 551 3258 2103 3329">
    <p class='ocr_par' dir='ltr' id='par_1_62' title="bbox 551 3258 2103 3329">
     <span class='ocr_line' id='line_1_62' title="bbox 551 3258 2103 3329; baseline 0 -16"><span class='ocrx_word' id='word_1_459' title='bbox 551 3267 727 3313; x_wconf 88' lang='lat' dir='ltr'><strong>autem</strong></span> <span class='ocrx_word' id='word_1_460' title='bbox 755 3258 880 3328; x_wconf 89' lang='lat' dir='ltr'><strong>quid</strong></span> <span class='ocrx_word' id='word_1_461' title='bbox 907 3258 1068 3313; x_wconf 83' lang='lat' dir='ltr'><strong>faciat</strong></span> <span class='ocrx_word' id='word_1_462' title='bbox 1091 3260 1291 3314; x_wconf 82' lang='lat' dir='ltr'><strong>ameris</strong></span> <span class='ocrx_word' id='word_1_463' title='bbox 1316 3260 1516 3326; x_wconf 82' lang='lat' dir='ltr'><strong>rabies,</strong></span> <span class='ocrx_word' id='word_1_464' title='bbox 1541 3267 1592 3315; x_wconf 91' lang='lat' dir='ltr'><strong>et</strong></span> <span class='ocrx_word' id='word_1_465' title='bbox 1616 3268 1876 3329; x_wconf 87' lang='lat' dir='ltr'><strong>quantum</strong></span> <span class='ocrx_word' id='word_1_466' title='bbox 1908 3258 2103 3313; x_wconf 84' lang='lat' dir='ltr'><strong>valeat.</strong></span> 
     </span>
    </p>
   </div>
   <div class='ocr_carea' id='block_1_63' title="bbox 550 3349 2107 3421">
    <p class='ocr_par' dir='ltr' id='par_1_63' title="bbox 550 3349 2107 3421">
     <span class='ocr_line' id='line_1_63' title="bbox 550 3349 2107 3421; baseline 0.004 -19"><span class='ocrx_word' id='word_1_467' title='bbox 550 3349 687 3403; x_wconf 87' lang='lat' dir='ltr'><strong>Ecce</strong></span> <span class='ocrx_word' id='word_1_468' title='bbox 714 3351 854 3405; x_wconf 90' lang='lat' dir='ltr'><strong>enim</strong></span> <span class='ocrx_word' id='word_1_469' title='bbox 885 3350 1123 3407; x_wconf 84' lang='lat' dir='ltr'><strong>Herodes</strong></span> <span class='ocrx_word' id='word_1_470' title='bbox 1150 3349 1436 3416; x_wconf 81' lang='lat' dir='ltr'><strong>Joannem,</strong></span> <span class='ocrx_word' id='word_1_471' title='bbox 1459 3367 1616 3421; x_wconf 87' lang='lat' dir='ltr'><strong>quem</strong></span> <span class='ocrx_word' id='word_1_472' title='bbox 1644 3354 1695 3406; x_wconf 94' lang='lat' dir='ltr'><strong>in</strong></span> <span class='ocrx_word' id='word_1_473' title='bbox 1726 3362 1874 3406; x_wconf 91' lang='lat' dir='ltr'><strong>tanto</strong></span> <span class='ocrx_word' id='word_1_474' title='bbox 1902 3353 2107 3408; x_wconf 91' lang='lat' dir='ltr'><strong>honore</strong></span> 
     </span>
    </p>
   </div>
   <div class='ocr_carea' id='block_1_64' title="bbox 549 3441 2105 3511">
    <p class='ocr_par' dir='ltr' id='par_1_64' title="bbox 549 3441 2105 3511">
     <span class='ocr_line' id='line_1_64' title="bbox 549 3441 2105 3511; baseline 0.001 -18"><span class='ocrx_word' id='word_1_475' title='bbox 549 3449 604 3493; x_wconf 88' lang='lat' dir='ltr'><strong>et</strong></span> <span class='ocrx_word' id='word_1_476' title='bbox 662 3443 959 3496; x_wconf 90' lang='lat' dir='ltr'><strong>reverentia</strong></span> <span class='ocrx_word' id='word_1_477' title='bbox 1020 3441 1387 3511; x_wconf 84' lang='lat' dir='ltr'><strong>observabat,</strong></span> <span class='ocrx_word' id='word_1_478' title='bbox 1449 3452 1509 3498; x_wconf 90' lang='lat' dir='ltr'><strong>ut</strong></span> <span class='ocrx_word' id='word_1_479' title='bbox 1559 3442 1766 3498; x_wconf 89' lang='lat' dir='ltr'><strong>libidini</strong></span> <span class='ocrx_word' id='word_1_480' title='bbox 1850 3442 2105 3508; x_wconf 81' lang='lat' dir='ltr'><strong>satisﬁat,</strong></span> 
     </span>
    </p>
   </div>
   <div class='ocr_carea' id='block_1_65' title="bbox 548 3532 863 3587">
    <p class='ocr_par' dir='ltr' id='par_1_65' title="bbox 548 3532 863 3587">
     <span class='ocr_line' id='line_1_65' title="bbox 548 3532 863 3587; baseline 0.003 -1"><span class='ocrx_word' id='word_1_481' title='bbox 548 3532 863 3587; x_wconf 86' lang='lat' dir='ltr'><strong>contemnit.</strong></span> 
     </span>
    </p>
   </div>
   <div class='ocr_carea' id='block_1_66' title="bbox 619 3708 2105 3786">
    <p class='ocr_par' dir='ltr' id='par_1_66' title="bbox 619 3708 2105 3786">
     <span class='ocr_line' id='line_1_66' title="bbox 619 3708 2105 3786; baseline 0.005 -23"><span class='ocrx_word' id='word_1_482' title='bbox 619 3708 986 3765; x_wconf 56' lang='lat' dir='ltr'><strong>“assii-29.</strong></span> <span class='ocrx_word' id='word_1_483' title='bbox 1025 3727 1044 3762; x_wconf 79' lang='grc' dir='ltr'><strong>ι</strong></span> <span class='ocrx_word' id='word_1_484' title='bbox 1079 3708 1146 3764; x_wconf 83' lang='grc' dir='ltr'>Ει</span> <span class='ocrx_word' id='word_1_485' title='bbox 1171 3725 1289 3765; x_wconf 87' lang='lat' dir='ltr'><strong>cum</strong></span> <span class='ocrx_word' id='word_1_486' title='bbox 1317 3711 1428 3767; x_wconf 90' lang='lat' dir='ltr'><strong>dies</strong></span> <span class='ocrx_word' id='word_1_487' title='bbox 1445 3721 1775 3782; x_wconf 89' lang='lat' dir='ltr'><strong>opportunus</strong></span> <span class='ocrx_word' id='word_1_488' title='bbox 1802 3716 2105 3786; x_wconf 88' lang='lat' dir='ltr'><strong>accidisset,</strong></span> 
     </span>
    </p>
   </div>
   <div class='ocr_carea' id='block_1_67' title="bbox 548 3799 2111 3876">
    <p class='ocr_par' dir='ltr' id='par_1_67' title="bbox 548 3799 2111 3876">
     <span class='ocr_line' id='line_1_67' title="bbox 548 3799 2111 3876; baseline 0.004 -21"><span class='ocrx_word' id='word_1_489' title='bbox 548 3815 669 3855; x_wconf 90' lang='lat' dir='ltr'><strong>cum</strong></span> <span class='ocrx_word' id='word_1_490' title='bbox 707 3799 942 3857; x_wconf 84' lang='lat' dir='ltr'><strong>Herodes</strong></span> <span class='ocrx_word' id='word_1_491' title='bbox 971 3802 1024 3857; x_wconf 92' lang='lat' dir='ltr'><strong>in</strong></span> <span class='ocrx_word' id='word_1_492' title='bbox 1050 3804 1305 3859; x_wconf 87' lang='lat' dir='ltr'><strong>natalitiis</strong></span> <span class='ocrx_word' id='word_1_493' title='bbox 1332 3818 1536 3858; x_wconf 73' lang='lat' dir='ltr'><strong>ctenam</strong></span> <span class='ocrx_word' id='word_1_494' title='bbox 1566 3805 1764 3861; x_wconf 85' lang='lat' dir='ltr'><strong>faceret</strong></span> <span class='ocrx_word' id='word_1_495' title='bbox 1786 3808 2111 3876; x_wconf 87' lang='lat' dir='ltr'><strong>primatibus</strong></span> 
     </span>
    </p>
   </div>
   <div class='ocr_carea' id='block_1_68' title="bbox 549 3893 2111 3967">
    <p class='ocr_par' dir='ltr' id='par_1_68' title="bbox 549 3893 2111 3967">
     <span class='ocr_line' id='line_1_68' title="bbox 549 3893 2111 3967; baseline 0.005 -20"><span class='ocrx_word' id='word_1_496' title='bbox 549 3906 611 3947; x_wconf 89' lang='lat' dir='ltr'><strong>ac</strong></span> <span class='ocrx_word' id='word_1_497' title='bbox 653 3893 883 3948; x_wconf 89' lang='lat' dir='ltr'><strong>tribunis</strong></span> <span class='ocrx_word' id='word_1_498' title='bbox 910 3904 964 3948; x_wconf 90' lang='lat' dir='ltr'><strong>et</strong></span> <span class='ocrx_word' id='word_1_499' title='bbox 993 3896 1318 3964; x_wconf 81' lang='lat' dir='ltr'><strong>primo’ribus</strong></span> <span class='ocrx_word' id='word_1_500' title='bbox 1352 3895 1599 3964; x_wconf 65' lang='lat' dir='ltr'><strong>Galilaaae,</strong></span> <span class='ocrx_word' id='word_1_501' title='bbox 1639 3911 1868 3967; x_wconf 87' lang='lat' dir='ltr'><strong>cumque</strong></span> <span class='ocrx_word' id='word_1_502' title='bbox 1898 3901 2111 3955; x_wconf 87' lang='lat' dir='ltr'><strong>introis-</strong></span> 
     </span>
    </p>
   </div>
   <div class='ocr_carea' id='block_1_69' title="bbox 549 3968 2109 4057">
    <p class='ocr_par' dir='ltr' id='par_1_69' title="bbox 549 3968 2109 4057">
     <span class='ocr_line' id='line_1_69' title="bbox 549 3968 2109 4057; baseline 0.005 -19"><span class='ocrx_word' id='word_1_503' title='bbox 549 3994 632 4038; x_wconf 89' lang='lat' dir='ltr'><strong>set</strong></span> <span class='ocrx_word' id='word_1_504' title='bbox 662 3984 765 4036; x_wconf 88' lang='lat' dir='ltr'><strong>lilia</strong></span> <span class='ocrx_word' id='word_1_505' title='bbox 797 3968 1323 4052; x_wconf 43' lang='lat' dir='ltr'><strong>ipsius&#39;Herodiadis,</strong></span> <span class='ocrx_word' id='word_1_506' title='bbox 1364 4003 1427 4043; x_wconf 90' lang='lat' dir='ltr'><strong>ac</strong></span> <span class='ocrx_word' id='word_1_507' title='bbox 1466 3988 1735 4054; x_wconf 82' lang='lat' dir='ltr'><strong>saltasset,</strong></span> <span class='ocrx_word' id='word_1_508' title='bbox 1790 3990 2109 4057; x_wconf 90' lang='lat' dir='ltr'><strong>placuisset-</strong></span> 
     </span>
    </p>
   </div>
   <div class='ocr_carea' id='block_1_70' title="bbox 546 4075 2103 4153">
    <p class='ocr_par' dir='ltr' id='par_1_70' title="bbox 546 4075 2103 4153">
     <span class='ocr_line' id='line_1_70' title="bbox 546 4075 2103 4153; baseline 0.007 -25"><span class='ocrx_word' id='word_1_509' title='bbox 546 4090 649 4145; x_wconf 87' lang='lat' dir='ltr'><strong>que</strong></span> <span class='ocrx_word' id='word_1_510' title='bbox 680 4075 895 4141; x_wconf 82' lang='lat' dir='ltr'><strong>Herodi,</strong></span> <span class='ocrx_word' id='word_1_511' title='bbox 933 4093 995 4133; x_wconf 86' lang='lat' dir='ltr'><strong>ac</strong></span> <span class='ocrx_word' id='word_1_512' title='bbox 1016 4078 1171 4133; x_wconf 89' lang='lat' dir='ltr'><strong>simul</strong></span> <span class='ocrx_word' id='word_1_513' title='bbox 1199 4082 1656 4149; x_wconf 83' lang='lat' dir='ltr'><strong>accumbentibus,</strong></span> <span class='ocrx_word' id='word_1_514' title='bbox 1678 4098 1767 4137; x_wconf 88' lang='lat' dir='ltr'><strong>rex</strong></span> <span class='ocrx_word' id='word_1_515' title='bbox 1785 4084 1858 4137; x_wconf 90' lang='lat' dir='ltr'><strong>ait</strong></span> <span class='ocrx_word' id='word_1_516' title='bbox 1878 4084 2103 4153; x_wconf 72' lang='lat' dir='ltr'><strong>puellae:</strong></span> 
     </span>
    </p>
   </div>
   <div class='ocr_carea' id='block_1_71' title="bbox 548 4163 2106 4241">
    <p class='ocr_par' dir='ltr' id='par_1_71' title="bbox 548 4163 2106 4241">
     <span class='ocr_line' id='line_1_71' title="bbox 548 4163 2106 4241; baseline 0.006 -23"><span class='ocrx_word' id='word_1_517' title='bbox 548 4163 675 4219; x_wconf 86' lang='lat' dir='ltr'><strong>Pete</strong></span> <span class='ocrx_word' id='word_1_518' title='bbox 703 4182 731 4219; x_wconf 89' lang='lat' dir='ltr'><strong>a</strong></span> <span class='ocrx_word' id='word_1_519' title='bbox 765 4181 849 4221; x_wconf 92' lang='lat' dir='ltr'><strong>me</strong></span> <span class='ocrx_word' id='word_1_520' title='bbox 879 4168 1020 4236; x_wconf 83' lang='lat' dir='ltr'><strong>quod</strong></span> <span class='ocrx_word' id='word_1_521' title='bbox 1063 4169 1166 4234; x_wconf 90' lang='lat' dir='ltr'><strong>vis,</strong></span> <span class='ocrx_word' id='word_1_522' title='bbox 1199 4178 1254 4223; x_wconf 93' lang='lat' dir='ltr'><strong>et</strong></span> <span class='ocrx_word' id='word_1_523' title='bbox 1310 4171 1449 4225; x_wconf 80' lang='lat' dir='ltr'><strong>dabo</strong></span> <span class='ocrx_word' id='word_1_524' title='bbox 1501 4171 1615 4225; x_wconf 92' lang='lat' dir='ltr'><strong>tibi.</strong></span> <span class='ocrx_word' id='word_1_525' title='bbox 1660 4170 1726 4225; x_wconf 79' lang='lat' dir='ltr'><strong>Et</strong></span> <span class='ocrx_word' id='word_1_526' title='bbox 1768 4172 1969 4241; x_wconf 85' lang='lat' dir='ltr'><strong>juravit</strong></span> <span class='ocrx_word' id='word_1_527' title='bbox 2008 4174 2106 4239; x_wconf 91' lang='lat' dir='ltr'><strong>illi,</strong></span> 
     </span>
    </p>
   </div>
   <div class='ocr_carea' id='block_1_72' title="bbox 546 4253 2106 4331">
    <p class='ocr_par' dir='ltr' id='par_1_72' title="bbox 546 4253 2106 4331">
     <span class='ocr_line' id='line_1_72' title="bbox 546 4253 2106 4331; baseline 0.01 -28"><span class='ocrx_word' id='word_1_528' title='bbox 546 4253 815 4323; x_wconf 82' lang='lat' dir='ltr'><strong>Quidquid</strong></span> <span class='ocrx_word' id='word_1_529' title='bbox 839 4270 867 4307; x_wconf 89' lang='lat' dir='ltr'><strong>a</strong></span> <span class='ocrx_word' id='word_1_530' title='bbox 896 4270 980 4309; x_wconf 90' lang='lat' dir='ltr'><strong>me</strong></span> <span class='ocrx_word' id='word_1_531' title='bbox 1004 4258 1242 4325; x_wconf 87' lang='lat' dir='ltr'><strong>petieris,</strong></span> <span class='ocrx_word' id='word_1_532' title='bbox 1268 4259 1404 4313; x_wconf 88' lang='lat' dir='ltr'><strong>dabo</strong></span> <span class='ocrx_word' id='word_1_533' title='bbox 1433 4260 1524 4313; x_wconf 90' lang='lat' dir='ltr'><strong>tibi</strong></span> <span class='ocrx_word' id='word_1_534' title='bbox 1551 4276 1719 4331; x_wconf 89' lang='lat' dir='ltr'><strong>usque</strong></span> <span class='ocrx_word' id='word_1_535' title='bbox 1741 4263 1805 4315; x_wconf 89' lang='lat' dir='ltr'><strong>ad</strong></span> <span class='ocrx_word' id='word_1_536' title='bbox 1829 4263 2106 4318; x_wconf 86' lang='lat' dir='ltr'><strong>dimidium</strong></span> 
     </span>
    </p>
   </div>
   <div class='ocr_carea' id='block_1_73' title="bbox 543 4342 2108 4424">
    <p class='ocr_par' dir='ltr' id='par_1_73' title="bbox 543 4342 2108 4424">
     <span class='ocr_line' id='line_1_73' title="bbox 543 4342 2108 4424; baseline 0.005 -26"><span class='ocrx_word' id='word_1_537' title='bbox 543 4342 694 4413; x_wconf 76' lang='lat' dir='ltr'><strong>regni</strong></span> <span class='ocrx_word' id='word_1_538' title='bbox 746 4344 868 4400; x_wconf 90' lang='lat' dir='ltr'><strong>mei.</strong></span> <span class='ocrx_word' id='word_1_539' title='bbox 916 4344 985 4397; x_wconf 85' lang='lat' dir='ltr'><strong>At</strong></span> <span class='ocrx_word' id='word_1_540' title='bbox 1034 4344 1124 4399; x_wconf 83' lang='lat' dir='ltr'><strong>illa</strong></span> <span class='ocrx_word' id='word_1_541' title='bbox 1149 4361 1360 4415; x_wconf 75' lang='lat' dir='ltr'><strong>egressa</strong></span> <span class='ocrx_word' id='word_1_542' title='bbox 1405 4347 1540 4401; x_wconf 79' lang='lat' dir='ltr'><strong>dixit</strong></span> <span class='ocrx_word' id='word_1_543' title='bbox 1581 4348 1738 4405; x_wconf 91' lang='lat' dir='ltr'><strong>matri</strong></span> <span class='ocrx_word' id='word_1_544' title='bbox 1772 4362 1883 4404; x_wconf 65' lang='lat' dir='ltr'><strong>suae</strong></span> <span class='ocrx_word' id='word_1_545' title='bbox 1922 4366 1935 4404; x_wconf 88' lang='lat'><strong>:</strong></span> <span class='ocrx_word' id='word_1_546' title='bbox 1969 4349 2108 4424; x_wconf 80' lang='lat' dir='ltr'><strong>Quid</strong></span> 
     </span>
    </p>
   </div>
   <div class='ocr_carea' id='block_1_74' title="bbox 544 4434 2109 4511">
    <p class='ocr_par' dir='ltr' id='par_1_74' title="bbox 544 4434 2109 4511">
     <span class='ocr_line' id='line_1_74' title="bbox 544 4434 2109 4511; baseline 0.006 -24"><span class='ocrx_word' id='word_1_547' title='bbox 544 4435 757 4503; x_wconf 81' lang='lat' dir='ltr'><strong>petam?</strong></span> <span class='ocrx_word' id='word_1_548' title='bbox 794 4434 883 4489; x_wconf 86' lang='lat' dir='ltr'><strong>Illa</strong></span> <span class='ocrx_word' id='word_1_549' title='bbox 940 4450 1069 4493; x_wconf 78' lang='lat' dir='ltr'><strong>vero</strong></span> <span class='ocrx_word' id='word_1_550' title='bbox 1096 4438 1229 4491; x_wconf 79' lang='lat' dir='ltr'><strong>dixit</strong></span> <span class='ocrx_word' id='word_1_551' title='bbox 1258 4455 1271 4491; x_wconf 90' lang='lat'><strong>:</strong></span> <span class='ocrx_word' id='word_1_552' title='bbox 1298 4437 1469 4509; x_wconf 89' lang='lat' dir='ltr'><strong>Caput</strong></span> <span class='ocrx_word' id='word_1_553' title='bbox 1495 4437 1715 4501; x_wconf 80' lang='lat' dir='ltr'><strong>Joannis</strong></span> <span class='ocrx_word' id='word_1_554' title='bbox 1737 4439 2011 4511; x_wconf 60' lang='lat' dir='ltr'><strong>Baptista}.</strong></span> <span class='ocrx_word' id='word_1_555' title='bbox 2041 4439 2109 4501; x_wconf 87' lang='lat' dir='ltr'><strong>Et</strong></span> 
     </span>
    </p>
   </div>
   <div class='ocr_carea' id='block_1_75' title="bbox 2215 3262 3791 3339">
    <p class='ocr_par' dir='ltr' id='par_1_75' title="bbox 2215 3262 3791 3339">
     <span class='ocr_line' id='line_1_75' title="bbox 2215 3262 3791 3339; baseline 0.006 -25"><span class='ocrx_word' id='word_1_556' title='bbox 2215 3264 2247 3331; x_wconf 82' lang='grc' dir='ltr'><strong>ή</strong></span> <span class='ocrx_word' id='word_1_557' title='bbox 2278 3262 2543 3333; x_wconf 76' lang='grc' dir='ltr'>θυγάτηρ,</span> <span class='ocrx_word' id='word_1_558' title='bbox 2581 3266 2898 3336; x_wconf 85' lang='grc' dir='ltr'>παράνομος</span> <span class='ocrx_word' id='word_1_559' title='bbox 2926 3268 3033 3334; x_wconf 80' lang='grc' dir='ltr'>ἄρα</span> <span class='ocrx_word' id='word_1_560' title='bbox 3066 3269 3092 3319; x_wconf 90' lang='lat'><strong>6</strong></span> <span class='ocrx_word' id='word_1_561' title='bbox 3125 3268 3325 3337; x_wconf 79' lang='grc' dir='ltr'>γάμος.</span> <span class='ocrx_word' id='word_1_562' title='bbox 3366 3269 3505 3339; x_wconf 87' lang='grc' dir='ltr'><strong>Ὅρα</strong></span> <span class='ocrx_word' id='word_1_563' title='bbox 3533 3270 3590 3323; x_wconf 82' lang='grc' dir='ltr'>δὲ</span> <span class='ocrx_word' id='word_1_564' title='bbox 3618 3271 3791 3325; x_wconf 77' lang='grc' dir='ltr'>πόσον</span> 
     </span>
    </p>
   </div>
   <div class='ocr_carea' id='block_1_76' title="bbox 2218 3355 3790 3437">
    <p class='ocr_par' dir='ltr' id='par_1_76' title="bbox 2218 3355 3790 3437">
     <span class='ocr_line' id='line_1_76' title="bbox 2218 3355 3790 3437; baseline 0.008 -31"><span class='ocrx_word' id='word_1_565' title='bbox 2218 3355 2391 3425; x_wconf 76' lang='grc' dir='ltr'>ἰσχύει</span> <span class='ocrx_word' id='word_1_566' title='bbox 2421 3359 2454 3428; x_wconf 80' lang='grc' dir='ltr'>η</span> <span class='ocrx_word' id='word_1_567' title='bbox 2492 3358 2661 3413; x_wconf 89' lang='grc' dir='ltr'>λύσσα</span> <span class='ocrx_word' id='word_1_568' title='bbox 2705 3359 2801 3413; x_wconf 80' lang='grc' dir='ltr'>τοῦ</span> <span class='ocrx_word' id='word_1_569' title='bbox 2838 3362 3058 3430; x_wconf 73' lang='grc' dir='ltr'>ἔρωτος,</span> <span class='ocrx_word' id='word_1_570' title='bbox 3095 3359 3236 3413; x_wconf 80' lang='grc' dir='ltr'>ὥστε</span> <span class='ocrx_word' id='word_1_571' title='bbox 3278 3364 3372 3416; x_wconf 82' lang='grc' dir='ltr'><strong>καὶ</strong></span> <span class='ocrx_word' id='word_1_572' title='bbox 3400 3364 3491 3417; x_wconf 81' lang='grc' dir='ltr'>τὸν</span> <span class='ocrx_word' id='word_1_573' title='bbox 3535 3364 3790 3437; x_wconf 81' lang='grc' dir='ltr'><strong>Ἡρώδην</strong></span> 
     </span>
    </p>
   </div>
   <div class='ocr_carea' id='block_1_77' title="bbox 2210 3447 3788 3529">
    <p class='ocr_par' dir='ltr' id='par_1_77' title="bbox 2210 3447 3788 3529">
     <span class='ocr_line' id='line_1_77' title="bbox 2210 3447 3788 3529; baseline 0.009 -30"><span class='ocrx_word' id='word_1_574' title='bbox 2210 3447 2485 3517; x_wconf 77' lang='grc' dir='ltr'>τοσαύτην</span> <span class='ocrx_word' id='word_1_575' title='bbox 2504 3452 2637 3503; x_wconf 84' lang='grc' dir='ltr'>αἰδῶ</span> <span class='ocrx_word' id='word_1_576' title='bbox 2672 3454 2769 3506; x_wconf 63' lang='grc' dir='ltr'><strong>καὶ⁵</strong></span> <span class='ocrx_word' id='word_1_577' title='bbox 2802 3452 2968 3521; x_wconf 73' lang='grc' dir='ltr'>φόὸον</span> <span class='ocrx_word' id='word_1_578' title='bbox 2996 3454 3134 3523; x_wconf 80' lang='grc' dir='ltr'>πρὸς</span> <span class='ocrx_word' id='word_1_579' title='bbox 3150 3454 3244 3507; x_wconf 86' lang='grc' dir='ltr'><strong>τὸν</strong></span> <span class='ocrx_word' id='word_1_580' title='bbox 3283 3455 3540 3527; x_wconf 87' lang='grc' dir='ltr'>Ἰωάννην</span> <span class='ocrx_word' id='word_1_581' title='bbox 3561 3456 3788 3529; x_wconf 71' lang='grc' dir='ltr'>ἔχοντα,</span> 
     </span>
    </p>
   </div>
   <div class='ocr_carea' id='block_1_78' title="bbox 2208 3542 3791 3620">
    <p class='ocr_par' dir='ltr' id='par_1_78' title="bbox 2208 3542 3791 3620">
     <span class='ocr_line' id='line_1_78' title="bbox 2208 3542 3791 3620; baseline 0.009 -30"><span class='ocrx_word' id='word_1_582' title='bbox 2208 3542 2619 3613; x_wconf 77' lang='grc' dir='ltr'>καταφρονῆσαι</span> <span class='ocrx_word' id='word_1_583' title='bbox 2684 3543 2892 3610; x_wconf 74' lang='grc' dir='ltr'>τούτου,</span> <span class='ocrx_word' id='word_1_584' title='bbox 2956 3545 3095 3615; x_wconf 73' lang='grc' dir='ltr'>πρὸς</span> <span class='ocrx_word' id='word_1_585' title='bbox 3142 3544 3204 3599; x_wconf 84' lang='grc' dir='ltr'><strong>τὸ</strong></span> <span class='ocrx_word' id='word_1_586' title='bbox 3250 3545 3591 3616; x_wconf 82' lang='grc' dir='ltr'>θεραπεῦσαι</span> <span class='ocrx_word' id='word_1_587' title='bbox 3624 3551 3791 3620; x_wconf 83' lang='grc' dir='ltr'>μόνον</span> 
     </span>
    </p>
   </div>
   <div class='ocr_carea' id='block_1_79' title="bbox 2208 3627 2529 3686">
    <p class='ocr_par' dir='ltr' id='par_1_79' title="bbox 2208 3627 2529 3686">
     <span class='ocr_line' id='line_1_79' title="bbox 2208 3627 2529 3686; baseline 0.019 -6"><span class='ocrx_word' id='word_1_588' title='bbox 2208 3627 2529 3686; x_wconf 80' lang='grc' dir='ltr'>ἀκολασίαν.</span> 
     </span>
    </p>
   </div>
   <div class='ocr_carea' id='block_1_80' title="bbox 2288 3724 3786 3806">
    <p class='ocr_par' dir='ltr' id='par_1_80' title="bbox 2288 3724 3786 3806">
     <span class='ocr_line' id='line_1_80' title="bbox 2288 3724 3786 3806; baseline 0.013 -35"><span class='ocrx_word' id='word_1_589' title='bbox 2288 3738 2305 3771; x_wconf 78' lang='grc' dir='ltr'><strong>ι</strong></span> <span class='ocrx_word' id='word_1_590' title='bbox 2342 3724 2448 3775; x_wconf 76' lang='grc' dir='ltr'>Καὶ</span> <span class='ocrx_word' id='word_1_591' title='bbox 2475 3724 2772 3795; x_wconf 65' lang='grc' dir='ltr'>γενομένης</span> <span class='ocrx_word' id='word_1_592' title='bbox 2818 3726 3032 3797; x_wconf 77' lang='grc' dir='ltr'>ἡμέρας</span> <span class='ocrx_word' id='word_1_593' title='bbox 3083 3728 3365 3800; x_wconf 83' lang='grc' dir='ltr'>εὐκαίρου,</span> <span class='ocrx_word' id='word_1_594' title='bbox 3402 3730 3491 3784; x_wconf 84' lang='grc' dir='ltr'>ὅτε</span> <span class='ocrx_word' id='word_1_595' title='bbox 3531 3731 3786 3806; x_wconf 80' lang='grc' dir='ltr'>Ἡρώδης</span> 
     </span>
    </p>
   </div>
   <div class='ocr_carea' id='block_1_81' title="bbox 2210 3811 3792 3887">
    <p class='ocr_par' dir='ltr' id='par_1_81' title="bbox 2210 3811 3792 3887">
     <span class='ocr_line' id='line_1_81' title="bbox 2210 3811 3792 3887; baseline 0.009 -27"><span class='ocrx_word' id='word_1_596' title='bbox 2210 3811 2321 3870; x_wconf 82' lang='grc' dir='ltr'>τοῖς</span> <span class='ocrx_word' id='word_1_597' title='bbox 2350 3811 2614 3876; x_wconf 83' lang='grc' dir='ltr'>γενεσίοις</span> <span class='ocrx_word' id='word_1_598' title='bbox 2641 3812 2807 3865; x_wconf 80' lang='grc' dir='ltr'>αὑτοῦ</span> <span class='ocrx_word' id='word_1_599' title='bbox 2840 3814 3055 3868; x_wconf 86' lang='grc' dir='ltr'>δεῖπνον</span> <span class='ocrx_word' id='word_1_600' title='bbox 3099 3817 3273 3869; x_wconf 77' lang='grc' dir='ltr'>ἐποίει</span> <span class='ocrx_word' id='word_1_601' title='bbox 3310 3820 3421 3878; x_wconf 85' lang='grc' dir='ltr'>τοῖς</span> <span class='ocrx_word' id='word_1_602' title='bbox 3454 3822 3792 3887; x_wconf 78' lang='grc' dir='ltr'>μεγιστᾶσιν</span> 
     </span>
    </p>
   </div>
   <div class='ocr_carea' id='block_1_82' title="bbox 2211 3901 3794 3980">
    <p class='ocr_par' dir='ltr' id='par_1_82' title="bbox 2211 3901 3794 3980">
     <span class='ocr_line' id='line_1_82' title="bbox 2211 3901 3794 3980; baseline 0.007 -29"><span class='ocrx_word' id='word_1_603' title='bbox 2211 3901 2396 3966; x_wconf 80' lang='grc' dir='ltr'>αὐτοῦ,</span> <span class='ocrx_word' id='word_1_604' title='bbox 2428 3902 2521 3955; x_wconf 67' lang='grc' dir='ltr'>καὶ</span> <span class='ocrx_word' id='word_1_605' title='bbox 2552 3905 2665 3967; x_wconf 82' lang='grc' dir='ltr'>τοῖς</span> <span class='ocrx_word' id='word_1_606' title='bbox 2695 3904 2997 3976; x_wconf 84' lang='grc' dir='ltr'>χιλιάρχοις</span> <span class='ocrx_word' id='word_1_607' title='bbox 3030 3910 3123 3961; x_wconf 75' lang='grc' dir='ltr'><strong>καὶ</strong></span> <span class='ocrx_word' id='word_1_608' title='bbox 3150 3911 3262 3971; x_wconf 85' lang='grc' dir='ltr'>τοῖς</span> <span class='ocrx_word' id='word_1_609' title='bbox 3292 3909 3527 3977; x_wconf 86' lang='grc' dir='ltr'>πρώτοις</span> <span class='ocrx_word' id='word_1_610' title='bbox 3551 3910 3654 3980; x_wconf 83' lang='grc' dir='ltr'><strong>τῆς</strong></span> <span class='ocrx_word' id='word_1_611' title='bbox 3679 3912 3794 3966; x_wconf 67' lang='grc' dir='ltr'><strong>Γαφ</strong></span> 
     </span>
    </p>
   </div>
   <div class='ocr_carea' id='block_1_83' title="bbox 2215 3991 3794 4074">
    <p class='ocr_par' dir='ltr' id='par_1_83' title="bbox 2215 3991 3794 4074">
     <span class='ocr_line' id='line_1_83' title="bbox 2215 3991 3794 4074; baseline 0.009 -31"><span class='ocrx_word' id='word_1_612' title='bbox 2215 3991 2424 4054; x_wconf 88' lang='grc' dir='ltr'>λιλαίας</span> <span class='ocrx_word' id='word_1_613' title='bbox 2458 4012 2472 4025; x_wconf 78' lang='grc' dir='ltr'><strong><em>ο</em></strong></span> <span class='ocrx_word' id='word_1_614' title='bbox 2512 3996 2605 4047; x_wconf 77' lang='grc' dir='ltr'>καὶ</span> <span class='ocrx_word' id='word_1_615' title='bbox 2647 3996 2993 4068; x_wconf 85' lang='grc' dir='ltr'>εἰσελθούσης</span> <span class='ocrx_word' id='word_1_616' title='bbox 3022 3998 3121 4068; x_wconf 85' lang='grc' dir='ltr'><strong>τῆς</strong></span> <span class='ocrx_word' id='word_1_617' title='bbox 3154 4000 3422 4070; x_wconf 74' lang='grc' dir='ltr'>θυγατρὸς</span> <span class='ocrx_word' id='word_1_618' title='bbox 3482 4002 3652 4072; x_wconf 79' lang='grc' dir='ltr'>αὐτῆς</span> <span class='ocrx_word' id='word_1_619' title='bbox 3687 4004 3794 4074; x_wconf 87' lang='grc' dir='ltr'><strong>τῆς</strong></span> 
     </span>
    </p>
   </div>
   <div class='ocr_carea' id='block_1_84' title="bbox 2223 4081 3793 4168">
    <p class='ocr_par' dir='ltr' id='par_1_84' title="bbox 2223 4081 3793 4168">
     <span class='ocr_line' id='line_1_84' title="bbox 2223 4081 3793 4168; baseline 0.01 -34"><span class='ocrx_word' id='word_1_620' title='bbox 2223 4081 2572 4153; x_wconf 82' lang='grc' dir='ltr'>Ἡρωδιάδος,</span> <span class='ocrx_word' id='word_1_621' title='bbox 2624 4086 2719 4141; x_wconf 75' lang='grc' dir='ltr'>καὶ</span> <span class='ocrx_word' id='word_1_622' title='bbox 2776 4089 3161 4159; x_wconf 76' lang='grc' dir='ltr'>ὀρχησαμένης</span> <span class='ocrx_word' id='word_1_623' title='bbox 3226 4092 3318 4145; x_wconf 77' lang='grc' dir='ltr'><strong>καὶ</strong></span> <span class='ocrx_word' id='word_1_624' title='bbox 3369 4094 3647 4165; x_wconf 85' lang='grc' dir='ltr'>ἀρεσάσης</span> <span class='ocrx_word' id='word_1_625' title='bbox 3709 4095 3793 4168; x_wconf 81' lang='grc' dir='ltr'>τῷ</span> 
     </span>
    </p>
   </div>
   <div class='ocr_carea' id='block_1_85' title="bbox 2222 4174 3793 4256">
    <p class='ocr_par' dir='ltr' id='par_1_85' title="bbox 2222 4174 3793 4256">
     <span class='ocr_line' id='line_1_85' title="bbox 2222 4174 3793 4256; baseline 0.011 -29"><span class='ocrx_word' id='word_1_626' title='bbox 2222 4174 2456 4248; x_wconf 65' lang='grc' dir='ltr'>Ἡρώδῃ,</span> <span class='ocrx_word' id='word_1_627' title='bbox 2489 4178 2717 4242; x_wconf 79' lang='grc' dir='ltr'>καὶτοῖς</span> <span class='ocrx_word' id='word_1_628' title='bbox 2754 4183 3257 4252; x_wconf 69' lang='grc' dir='ltr'>συνανακειμένοις,</span> <span class='ocrx_word' id='word_1_629' title='bbox 3286 4180 3439 4237; x_wconf 76' lang='grc' dir='ltr'>εἴπεν</span> <span class='ocrx_word' id='word_1_630' title='bbox 3468 4186 3496 4237; x_wconf 94' lang='lat'><strong>6</strong></span> <span class='ocrx_word' id='word_1_631' title='bbox 3528 4186 3793 4256; x_wconf 82' lang='grc' dir='ltr'>βασιλεὺς</span> 
     </span>
    </p>
   </div>
   <div class='ocr_carea' id='block_1_86' title="bbox 2209 4266 3790 4349">
    <p class='ocr_par' dir='ltr' id='par_1_86' title="bbox 2209 4266 3790 4349">
     <span class='ocr_line' id='line_1_86' title="bbox 2209 4266 3790 4349; baseline 0.009 -29"><span class='ocrx_word' id='word_1_632' title='bbox 2209 4266 2286 4337; x_wconf 82' lang='grc' dir='ltr'>τῷ</span> <span class='ocrx_word' id='word_1_633' title='bbox 2317 4270 2587 4339; x_wconf 70' lang='grc' dir='ltr'><strong>κορασίῳ⁹</strong></span> <span class='ocrx_word' id='word_1_634' title='bbox 2624 4270 2858 4341; x_wconf 73' lang='grc' dir='ltr'>Αἴτησόν</span> <span class='ocrx_word' id='word_1_635' title='bbox 2896 4290 2963 4343; x_wconf 84' lang='grc' dir='ltr'>με</span> <span class='ocrx_word' id='word_1_636' title='bbox 3000 4274 3029 4327; x_wconf 82' lang='grc' dir='ltr'>ὃ</span> <span class='ocrx_word' id='word_1_637' title='bbox 3055 4276 3149 4329; x_wconf 69' lang='grc' dir='ltr'><strong>ἐὰν</strong></span> <span class='ocrx_word' id='word_1_638' title='bbox 3172 4276 3348 4349; x_wconf 83' lang='grc' dir='ltr'>θέλῃς,</span> <span class='ocrx_word' id='word_1_639' title='bbox 3369 4278 3461 4329; x_wconf 71' lang='grc' dir='ltr'>καὶ</span> <span class='ocrx_word' id='word_1_640' title='bbox 3491 4277 3646 4331; x_wconf 88' lang='grc' dir='ltr'>δώσω</span> <span class='ocrx_word' id='word_1_641' title='bbox 3678 4295 3790 4336; x_wconf 87' lang='grc' dir='ltr'>σοι.</span> 
     </span>
    </p>
   </div>
   <div class='ocr_carea' id='block_1_87' title="bbox 2208 4356 3792 4439">
    <p class='ocr_par' dir='ltr' id='par_1_87' title="bbox 2208 4356 3792 4439">
     <span class='ocr_line' id='line_1_87' title="bbox 2208 4356 3792 4439; baseline 0.011 -30"><span class='ocrx_word' id='word_1_642' title='bbox 2208 4357 2318 4410; x_wconf 79' lang='grc' dir='ltr'><strong>Καὶ</strong></span> <span class='ocrx_word' id='word_1_643' title='bbox 2344 4356 2556 4427; x_wconf 76' lang='grc' dir='ltr'>ὤμοσεν</span> <span class='ocrx_word' id='word_1_644' title='bbox 2586 4361 2721 4432; x_wconf 74' lang='grc' dir='ltr'>αὐτῇ</span> <span class='ocrx_word' id='word_1_645' title='bbox 2746 4362 2854 4426; x_wconf 81' lang='grc' dir='ltr'>ὅτι,</span> <span class='ocrx_word' id='word_1_646' title='bbox 2897 4364 2961 4417; x_wconf 87' lang='lat'><strong>&#39;0</strong></span> <span class='ocrx_word' id='word_1_647' title='bbox 2992 4366 3086 4419; x_wconf 74' lang='grc' dir='ltr'><strong>ἐάν</strong></span> <span class='ocrx_word' id='word_1_648' title='bbox 3123 4383 3192 4435; x_wconf 91' lang='grc' dir='ltr'>με</span> <span class='ocrx_word' id='word_1_649' title='bbox 3233 4368 3465 4439; x_wconf 80' lang='grc' dir='ltr'>αἰτήσῃς</span> <span class='ocrx_word' id='word_1_650' title='bbox 3494 4369 3653 4423; x_wconf 88' lang='grc' dir='ltr'>δώσω</span> <span class='ocrx_word' id='word_1_651' title='bbox 3676 4387 3792 4439; x_wconf 83' lang='grc' dir='ltr'>σοι,</span> 
     </span>
    </p>
   </div>
   <div class='ocr_carea' id='block_1_88' title="bbox 2214 4446 3794 4525">
    <p class='ocr_par' dir='ltr' id='par_1_88' title="bbox 2214 4446 3794 4525">
     <span class='ocr_line' id='line_1_88' title="bbox 2214 4446 3794 4525; baseline 0.011 -25"><span class='ocrx_word' id='word_1_652' title='bbox 2214 4446 2319 4511; x_wconf 75' lang='grc' dir='ltr'><strong>ἕως</strong></span> <span class='ocrx_word' id='word_1_653' title='bbox 2346 4450 2579 4519; x_wconf 82' lang='grc' dir='ltr'>ἡμίσους</span> <span class='ocrx_word' id='word_1_654' title='bbox 2602 4451 2699 4522; x_wconf 87' lang='grc' dir='ltr'><strong>τῆς</strong></span> <span class='ocrx_word' id='word_1_655' title='bbox 2725 4452 3004 4522; x_wconf 82' lang='grc' dir='ltr'>βασιλείας</span> <span class='ocrx_word' id='word_1_656' title='bbox 3030 4473 3155 4525; x_wconf 89' lang='grc' dir='ltr'>μου.</span> <span class='ocrx_word' id='word_1_657' title='bbox 3188 4457 3255 4511; x_wconf 84' lang='grc' dir='ltr'><strong>Ἠ</strong></span> <span class='ocrx_word' id='word_1_658' title='bbox 3283 4458 3359 4525; x_wconf 80' lang='grc' dir='ltr'>δὲ,</span> <span class='ocrx_word' id='word_1_659' title='bbox 3387 4459 3680 4524; x_wconf 78' lang='grc' dir='ltr'>ἐξελθοῦσα</span> <span class='ocrx_word' id='word_1_660' title='bbox 3709 4459 3794 4516; x_wconf 68' lang='lat' dir='ltr'><strong>el-</strong></span> 
     </span>
    </p>
   </div>
   <div class='ocr_carea' id='block_1_89' title="bbox 544 4526 2105 4626">
    <p class='ocr_par' dir='ltr' id='par_1_89' title="bbox 544 4526 2105 4605">
     <span class='ocr_line' id='line_1_89' title="bbox 544 4526 2105 4605; baseline 0.006 -25"><span class='ocrx_word' id='word_1_661' title='bbox 544 4526 782 4605; x_wconf 70' lang='lat' dir='ltr'><strong>ingrcssa</strong></span> <span class='ocrx_word' id='word_1_662' title='bbox 820 4528 999 4585; x_wconf 81' lang='lat' dir='ltr'><strong>statim</strong></span> <span class='ocrx_word' id='word_1_663' title='bbox 1033 4543 1154 4583; x_wconf 90' lang='lat' dir='ltr'><strong>cum</strong></span> <span class='ocrx_word' id='word_1_664' title='bbox 1182 4530 1524 4589; x_wconf 82' lang='lat' dir='ltr'><strong>festinatione</strong></span> <span class='ocrx_word' id='word_1_665' title='bbox 1555 4532 1620 4585; x_wconf 89' lang='lat' dir='ltr'><strong>ad</strong></span> <span class='ocrx_word' id='word_1_666' title='bbox 1668 4548 1868 4602; x_wconf 79' lang='lat' dir='ltr'><strong>regem,</strong></span> <span class='ocrx_word' id='word_1_667' title='bbox 1919 4536 2105 4605; x_wconf 83' lang='lat' dir='ltr'><strong>petivit</strong></span> 
     </span>
    </p>
   </div>
   <div class='ocr_carea' id='block_1_90' title="bbox 2214 4526 3793 4626">
    <p class='ocr_par' dir='ltr' id='par_1_90' title="bbox 2214 4543 3793 4626">
     <span class='ocr_line' id='line_1_90' title="bbox 2214 4543 3793 4626; baseline 0.011 -34"><span class='ocrx_word' id='word_1_668' title='bbox 2214 4557 2280 4593; x_wconf 90' lang='grc' dir='ltr'><strong>πε</strong></span> <span class='ocrx_word' id='word_1_669' title='bbox 2305 4544 2372 4613; x_wconf 76' lang='grc' dir='ltr'>τῇ</span> <span class='ocrx_word' id='word_1_670' title='bbox 2410 4543 2576 4613; x_wconf 82' lang='grc' dir='ltr'>μητρὶ</span> <span class='ocrx_word' id='word_1_671' title='bbox 2606 4544 2798 4615; x_wconf 83' lang='grc' dir='ltr'>αὐτῆς,</span> <span class='ocrx_word' id='word_1_672' title='bbox 2822 4545 2888 4601; x_wconf 85' lang='grc' dir='ltr'>Τί</span> <span class='ocrx_word' id='word_1_673' title='bbox 2918 4548 3249 4618; x_wconf 85' lang='grc' dir='ltr'>αἰτήσομαι;</span> <span class='ocrx_word' id='word_1_674' title='bbox 3293 4549 3358 4603; x_wconf 84' lang='grc' dir='ltr'><strong>Ἥ</strong></span> <span class='ocrx_word' id='word_1_675' title='bbox 3388 4550 3445 4603; x_wconf 79' lang='grc' dir='ltr'><strong>δὲ</strong></span> <span class='ocrx_word' id='word_1_676' title='bbox 3476 4546 3598 4605; x_wconf 83' lang='grc' dir='ltr'>εἰπε</span> <span class='ocrx_word' id='word_1_677' title='bbox 3619 4570 3635 4586; x_wconf 77' lang='grc' dir='ltr'><strong>ο</strong></span> <span class='ocrx_word' id='word_1_678' title='bbox 3671 4552 3793 4626; x_wconf 83' lang='grc' dir='ltr'><strong>Τὴν</strong></span> 
     </span>
    </p>
   </div>
   <div class='ocr_carea' id='block_1_91' title="bbox 543 4619 2102 4697">
    <p class='ocr_par' dir='ltr' id='par_1_91' title="bbox 543 4619 2102 4697">
     <span class='ocr_line' id='line_1_91' title="bbox 543 4619 2102 4697; baseline 0.008 -27"><span class='ocrx_word' id='word_1_679' title='bbox 543 4619 725 4671; x_wconf 87' lang='lat' dir='ltr'><strong>dicens</strong></span> <span class='ocrx_word' id='word_1_680' title='bbox 761 4635 775 4680; x_wconf 84' lang='lat'><strong>;</strong></span> <span class='ocrx_word' id='word_1_681' title='bbox 805 4620 933 4673; x_wconf 88' lang='lat' dir='ltr'><strong>Volo</strong></span> <span class='ocrx_word' id='word_1_682' title='bbox 986 4632 1043 4673; x_wconf 92' lang='lat' dir='ltr'><strong>ut</strong></span> <span class='ocrx_word' id='word_1_683' title='bbox 1097 4623 1341 4689; x_wconf 87' lang='lat' dir='ltr'><strong>protinus</strong></span> <span class='ocrx_word' id='word_1_684' title='bbox 1386 4625 1479 4677; x_wconf 86' lang='lat' dir='ltr'><strong>des</strong></span> <span class='ocrx_word' id='word_1_685' title='bbox 1502 4623 1633 4678; x_wconf 91' lang='lat' dir='ltr'><strong>mibi</strong></span> <span class='ocrx_word' id='word_1_686' title='bbox 1674 4625 1725 4679; x_wconf 92' lang='lat' dir='ltr'><strong>in</strong></span> <span class='ocrx_word' id='word_1_687' title='bbox 1759 4625 1912 4681; x_wconf 86' lang='lat' dir='ltr'><strong>lance</strong></span> <span class='ocrx_word' id='word_1_688' title='bbox 1939 4636 2102 4697; x_wconf 85' lang='lat' dir='ltr'><strong>caput</strong></span> 
     </span>
    </p>
   </div>
   <div class='ocr_carea' id='block_1_92' title="bbox 544 4704 2103 4785">
    <p class='ocr_par' dir='ltr' id='par_1_92' title="bbox 544 4704 2103 4785">
     <span class='ocr_line' id='line_1_92' title="bbox 544 4704 2103 4785; baseline 0.006 -25"><span class='ocrx_word' id='word_1_689' title='bbox 544 4704 767 4761; x_wconf 88' lang='lat' dir='ltr'><strong>Joannis</strong></span> <span class='ocrx_word' id='word_1_690' title='bbox 812 4705 1087 4774; x_wconf 64' lang='lat' dir='ltr'><strong>Baptistae.</strong></span> <span class='ocrx_word' id='word_1_691' title='bbox 1122 4708 1187 4759; x_wconf 88' lang='lat' dir='ltr'><strong>Et</strong></span> <span class='ocrx_word' id='word_1_692' title='bbox 1223 4710 1407 4764; x_wconf 90' lang='lat' dir='ltr'><strong>dolore</strong></span> <span class='ocrx_word' id='word_1_693' title='bbox 1460 4709 1680 4772; x_wconf 68' lang='lat' dir='ltr'><strong>allectus</strong></span> <span class='ocrx_word' id='word_1_694' title='bbox 1725 4729 1840 4780; x_wconf 81' lang='lat' dir='ltr'><strong>rex,</strong></span> <span class='ocrx_word' id='word_1_695' title='bbox 1887 4726 2103 4785; x_wconf 88' lang='lat' dir='ltr'><strong>propter</strong></span> 
     </span>
    </p>
   </div>
   <div class='ocr_carea' id='block_1_93' title="bbox 540 4796 2104 4873">
    <p class='ocr_par' dir='ltr' id='par_1_93' title="bbox 540 4796 2104 4873">
     <span class='ocr_line' id='line_1_93' title="bbox 540 4796 2104 4873; baseline 0.01 -25"><span class='ocrx_word' id='word_1_696' title='bbox 540 4796 936 4866; x_wconf 80' lang='lat' dir='ltr'><strong>jusjurandum,</strong></span> <span class='ocrx_word' id='word_1_697' title='bbox 968 4813 1165 4869; x_wconf 88' lang='lat' dir='ltr'><strong>eosque</strong></span> <span class='ocrx_word' id='word_1_698' title='bbox 1195 4801 1283 4868; x_wconf 87' lang='lat' dir='ltr'><strong>qui</strong></span> <span class='ocrx_word' id='word_1_699' title='bbox 1318 4802 1477 4855; x_wconf 88' lang='lat' dir='ltr'><strong>simul</strong></span> <span class='ocrx_word' id='word_1_700' title='bbox 1500 4806 1906 4873; x_wconf 87' lang='lat' dir='ltr'><strong>accumbebant,</strong></span> <span class='ocrx_word' id='word_1_701' title='bbox 1934 4810 2104 4865; x_wconf 91' lang='lat' dir='ltr'><strong>noluit</strong></span> 
     </span>
    </p>
   </div>
   <div class='ocr_carea' id='block_1_94' title="bbox 544 4887 2101 4965">
    <p class='ocr_par' dir='ltr' id='par_1_94' title="bbox 544 4887 2101 4965">
     <span class='ocr_line' id='line_1_94' title="bbox 544 4887 2101 4965; baseline 0.01 -26"><span class='ocrx_word' id='word_1_702' title='bbox 544 4899 661 4939; x_wconf 91' lang='lat' dir='ltr'><strong>eam</strong></span> <span class='ocrx_word' id='word_1_703' title='bbox 715 4887 963 4961; x_wconf 85' lang='lat' dir='ltr'><strong>rejicere.</strong></span> <span class='ocrx_word' id='word_1_704' title='bbox 998 4889 1064 4945; x_wconf 88' lang='lat' dir='ltr'><strong>Et</strong></span> <span class='ocrx_word' id='word_1_705' title='bbox 1088 4891 1371 4945; x_wconf 89' lang='lat' dir='ltr'><strong>confestim</strong></span> <span class='ocrx_word' id='word_1_706' title='bbox 1406 4907 1515 4959; x_wconf 81' lang='lat' dir='ltr'><strong>rex,</strong></span> <span class='ocrx_word' id='word_1_707' title='bbox 1550 4895 1713 4949; x_wconf 90' lang='lat' dir='ltr'><strong>misso</strong></span> <span class='ocrx_word' id='word_1_708' title='bbox 1756 4897 2101 4965; x_wconf 83' lang='lat' dir='ltr'><strong>spiculatore,</strong></span> 
     </span>
    </p>
   </div>
   <div class='ocr_carea' id='block_1_95' title="bbox 540 4976 2112 5053">
    <p class='ocr_par' dir='ltr' id='par_1_95' title="bbox 540 4976 2112 5053">
     <span class='ocr_line' id='line_1_95' title="bbox 540 4976 2112 5053; baseline 0.013 -28"><span class='ocrx_word' id='word_1_709' title='bbox 540 4976 699 5046; x_wconf 81' lang='lat' dir='ltr'><strong>jussit</strong></span> <span class='ocrx_word' id='word_1_710' title='bbox 732 4978 912 5033; x_wconf 86' lang='lat' dir='ltr'><strong>inferri</strong></span> <span class='ocrx_word' id='word_1_711' title='bbox 942 4991 1100 5051; x_wconf 91' lang='lat' dir='ltr'><strong>caput</strong></span> <span class='ocrx_word' id='word_1_712' title='bbox 1124 4982 1261 5051; x_wconf 84' lang='lat' dir='ltr'><strong>ejus.</strong></span> <span class='ocrx_word' id='word_1_713' title='bbox 1304 4984 1372 5037; x_wconf 83' lang='lat' dir='ltr'><strong>At</strong></span> <span class='ocrx_word' id='word_1_714' title='bbox 1401 4983 1485 5037; x_wconf 85' lang='lat' dir='ltr'><strong>ille</strong></span> <span class='ocrx_word' id='word_1_715' title='bbox 1526 4984 1677 5053; x_wconf 88' lang='lat' dir='ltr'><strong>abiit,</strong></span> <span class='ocrx_word' id='word_1_716' title='bbox 1707 5003 1768 5042; x_wconf 87' lang='lat' dir='ltr'><strong>ac</strong></span> <span class='ocrx_word' id='word_1_717' title='bbox 1828 4990 2112 5045; x_wconf 83' lang='lat' dir='ltr'><strong>deeollavit</strong></span> 
     </span>
    </p>
   </div>
   <div class='ocr_carea' id='block_1_96' title="bbox 543 5068 2110 5146">
    <p class='ocr_par' dir='ltr' id='par_1_96' title="bbox 543 5068 2110 5146">
     <span class='ocr_line' id='line_1_96' title="bbox 543 5068 2110 5146; baseline 0.008 -24"><span class='ocrx_word' id='word_1_718' title='bbox 543 5082 662 5122; x_wconf 90' lang='lat' dir='ltr'><strong>eum</strong></span> <span class='ocrx_word' id='word_1_719' title='bbox 713 5068 768 5122; x_wconf 90' lang='lat' dir='ltr'><strong>in</strong></span> <span class='ocrx_word' id='word_1_720' title='bbox 808 5085 1043 5136; x_wconf 89' lang='lat' dir='ltr'><strong>carcere,</strong></span> <span class='ocrx_word' id='word_1_721' title='bbox 1093 5081 1146 5127; x_wconf 92' lang='lat' dir='ltr'><strong>et</strong></span> <span class='ocrx_word' id='word_1_722' title='bbox 1203 5074 1380 5129; x_wconf 84' lang='lat' dir='ltr'><strong>attulit</strong></span> <span class='ocrx_word' id='word_1_723' title='bbox 1427 5089 1587 5145; x_wconf 89' lang='lat' dir='ltr'><strong>caput</strong></span> <span class='ocrx_word' id='word_1_724' title='bbox 1624 5078 1737 5146; x_wconf 82' lang='lat' dir='ltr'><strong>ejus</strong></span> <span class='ocrx_word' id='word_1_725' title='bbox 1764 5080 1815 5133; x_wconf 93' lang='lat' dir='ltr'><strong>in</strong></span> <span class='ocrx_word' id='word_1_726' title='bbox 1853 5080 2027 5145; x_wconf 58' lang='lat' dir='ltr'><strong>lance,</strong></span> <span class='ocrx_word' id='word_1_727' title='bbox 2057 5090 2110 5135; x_wconf 82' lang='lat' dir='ltr'><strong>et</strong></span> 
     </span>
    </p>
   </div>
   <div class='ocr_carea' id='block_1_97' title="bbox 544 5161 2103 5235">
    <p class='ocr_par' dir='ltr' id='par_1_97' title="bbox 544 5161 2103 5235">
     <span class='ocr_line' id='line_1_97' title="bbox 544 5161 2103 5235; baseline 0.009 -23"><span class='ocrx_word' id='word_1_728' title='bbox 544 5161 689 5213; x_wconf 86' lang='lat' dir='ltr'><strong>dedit</strong></span> <span class='ocrx_word' id='word_1_729' title='bbox 715 5162 841 5215; x_wconf 86' lang='lat' dir='ltr'><strong>illud</strong></span> <span class='ocrx_word' id='word_1_730' title='bbox 878 5165 1085 5232; x_wconf 66' lang='lat' dir='ltr'><strong>puellae,</strong></span> <span class='ocrx_word' id='word_1_731' title='bbox 1117 5175 1167 5217; x_wconf 90' lang='lat' dir='ltr'><strong>et</strong></span> <span class='ocrx_word' id='word_1_732' title='bbox 1197 5168 1366 5235; x_wconf 87' lang='lat' dir='ltr'><strong>puella</strong></span> <span class='ocrx_word' id='word_1_733' title='bbox 1421 5169 1565 5222; x_wconf 82' lang='lat' dir='ltr'><strong>dedit</strong></span> <span class='ocrx_word' id='word_1_734' title='bbox 1608 5168 1731 5221; x_wconf 74' lang='lat' dir='ltr'><strong>illud</strong></span> <span class='ocrx_word' id='word_1_735' title='bbox 1769 5172 1922 5223; x_wconf 75' lang='lat' dir='ltr'><strong>matri</strong></span> <span class='ocrx_word' id='word_1_736' title='bbox 1974 5188 2103 5226; x_wconf 67' lang='lat' dir='ltr'><strong>sum.</strong></span> 
     </span>
    </p>
   </div>
   <div class='ocr_carea' id='block_1_98' title="bbox 546 5250 2107 5326">
    <p class='ocr_par' dir='ltr' id='par_1_98' title="bbox 546 5250 2107 5326">
     <span class='ocr_line' id='line_1_98' title="bbox 546 5250 2107 5326; baseline 0.01 -24"><span class='ocrx_word' id='word_1_737' title='bbox 546 5250 662 5315; x_wconf 83' lang='lat' dir='ltr'><strong>Quo</strong></span> <span class='ocrx_word' id='word_1_738' title='bbox 715 5253 915 5321; x_wconf 90' lang='lat' dir='ltr'><strong>audito,</strong></span> <span class='ocrx_word' id='word_1_739' title='bbox 958 5256 1204 5324; x_wconf 87' lang='lat' dir='ltr'><strong>discipuli</strong></span> <span class='ocrx_word' id='word_1_740' title='bbox 1239 5259 1353 5326; x_wconf 87' lang='lat' dir='ltr'><strong>ejus</strong></span> <span class='ocrx_word' id='word_1_741' title='bbox 1390 5270 1646 5314; x_wconf 80' lang='lat' dir='ltr'><strong>venerunt</strong></span> <span class='ocrx_word' id='word_1_742' title='bbox 1696 5272 1746 5315; x_wconf 91' lang='lat' dir='ltr'><strong>et</strong></span> <span class='ocrx_word' id='word_1_743' title='bbox 1772 5265 2107 5317; x_wconf 84' lang='lat' dir='ltr'><strong>sustulerunt</strong></span> 
     </span>
    </p>
   </div>
   <div class='ocr_carea' id='block_1_99' title="bbox 546 5344 2100 5416">
    <p class='ocr_par' dir='ltr' id='par_1_99' title="bbox 546 5344 2100 5416">
     <span class='ocr_line' id='line_1_99' title="bbox 546 5344 2100 5416; baseline 0.007 -20"><span class='ocrx_word' id='word_1_744' title='bbox 546 5344 775 5397; x_wconf 86' lang='lat' dir='ltr'><strong>cadaver</strong></span> <span class='ocrx_word' id='word_1_745' title='bbox 814 5345 949 5411; x_wconf 87' lang='lat' dir='ltr'><strong>ejus,</strong></span> <span class='ocrx_word' id='word_1_746' title='bbox 1002 5351 1553 5416; x_wconf 86' lang='lat' dir='ltr'><strong>posueruntqueillud</strong></span> <span class='ocrx_word' id='word_1_747' title='bbox 1590 5354 1638 5405; x_wconf 92' lang='lat' dir='ltr'><strong>in</strong></span> <span class='ocrx_word' id='word_1_748' title='bbox 1673 5366 2035 5408; x_wconf 81' lang='lat' dir='ltr'><strong>monumento.</strong></span> <span class='ocrx_word' id='word_1_749' title='bbox 2082 5377 2100 5407; x_wconf 73' lang='grc' dir='ltr'><strong>ι</strong></span> 
     </span>
    </p>
   </div>
   <div class='ocr_carea' id='block_1_100' title="bbox 544 5430 2102 5512">
    <p class='ocr_par' dir='ltr' id='par_1_100' title="bbox 544 5430 2102 5512">
     <span class='ocr_line' id='line_1_100' title="bbox 544 5430 2102 5512; baseline 0.01 -28"><span class='ocrx_word' id='word_1_750' title='bbox 544 5430 857 5491; x_wconf 88' lang='lat' dir='ltr'><strong>Convivium</strong></span> <span class='ocrx_word' id='word_1_751' title='bbox 903 5435 1226 5490; x_wconf 88' lang='lat' dir='ltr'><strong>celebratur.</strong></span> <span class='ocrx_word' id='word_1_752' title='bbox 1274 5436 1445 5492; x_wconf 68' lang='grc' dir='ltr'>Ξειιίιι</span> <span class='ocrx_word' id='word_1_753' title='bbox 1475 5456 1568 5509; x_wconf 89' lang='lat' dir='ltr'><strong>per</strong></span> <span class='ocrx_word' id='word_1_754' title='bbox 1591 5443 1816 5511; x_wconf 89' lang='lat' dir='ltr'><strong>puellam</strong></span> <span class='ocrx_word' id='word_1_755' title='bbox 1840 5446 2102 5512; x_wconf 86' lang='lat' dir='ltr'><strong>diabolus,</strong></span> 
     </span>
    </p>
   </div>
   <div class='ocr_carea' id='block_1_101' title="bbox 545 5522 2101 5602">
    <p class='ocr_par' dir='ltr' id='par_1_101' title="bbox 545 5522 2101 5602">
     <span class='ocr_line' id='line_1_101' title="bbox 545 5522 2101 5602; baseline 0.012 -27"><span class='ocrx_word' id='word_1_756' title='bbox 545 5522 604 5576; x_wconf 81' lang='lat' dir='ltr'><strong>fit</strong></span> <span class='ocrx_word' id='word_1_757' title='bbox 640 5525 1016 5593; x_wconf 84' lang='lat' dir='ltr'><strong>jusjurandum</strong></span> <span class='ocrx_word' id='word_1_758' title='bbox 1066 5532 1286 5600; x_wconf 88' lang='lat' dir='ltr'><strong>impium</strong></span> <span class='ocrx_word' id='word_1_759' title='bbox 1316 5544 1368 5587; x_wconf 91' lang='lat' dir='ltr'><strong>et</strong></span> <span class='ocrx_word' id='word_1_760' title='bbox 1402 5533 1680 5602; x_wconf 85' lang='lat' dir='ltr'><strong>nefarium,</strong></span> <span class='ocrx_word' id='word_1_761' title='bbox 1717 5539 1821 5592; x_wconf 89' lang='lat' dir='ltr'><strong>imo</strong></span> <span class='ocrx_word' id='word_1_762' title='bbox 1862 5540 2101 5594; x_wconf 86' lang='lat' dir='ltr'><strong>stultum.</strong></span> 
     </span>
    </p>
   </div>
   <div class='ocr_carea' id='block_1_102' title="bbox 544 5613 2109 5701">
    <p class='ocr_par' dir='ltr' id='par_1_102' title="bbox 544 5613 2109 5701">
     <span class='ocr_line' id='line_1_102' title="bbox 544 5613 2109 5701; baseline 0.013 -34"><span class='ocrx_word' id='word_1_763' title='bbox 544 5613 784 5683; x_wconf 79' lang='lat' dir='ltr'><strong>Nequam</strong></span> <span class='ocrx_word' id='word_1_764' title='bbox 837 5627 1012 5673; x_wconf 89' lang='lat' dir='ltr'><strong>autem</strong></span> <span class='ocrx_word' id='word_1_765' title='bbox 1045 5622 1233 5678; x_wconf 88' lang='lat' dir='ltr'><strong>mulier</strong></span> <span class='ocrx_word' id='word_1_766' title='bbox 1277 5624 1426 5691; x_wconf 89' lang='lat' dir='ltr'><strong>dicit,</strong></span> <span class='ocrx_word' id='word_1_767' title='bbox 1460 5623 1534 5679; x_wconf 88' lang='lat' dir='ltr'><strong>Da</strong></span> <span class='ocrx_word' id='word_1_768' title='bbox 1556 5626 1680 5681; x_wconf 87' lang='lat' dir='ltr'><strong>mihi</strong></span> <span class='ocrx_word' id='word_1_769' title='bbox 1711 5630 1971 5701; x_wconf 84' lang='lat' dir='ltr'><strong>protinus,</strong></span> <span class='ocrx_word' id='word_1_770' title='bbox 2006 5630 2109 5687; x_wconf 88' lang='lat' dir='ltr'><strong>hoc</strong></span> 
     </span>
    </p>
   </div>
   <div class='ocr_carea' id='block_1_103' title="bbox 608 5796 1093 5867">
    <p class='ocr_par' dir='ltr' id='par_1_103' title="bbox 608 5796 1093 5867">
     <span class='ocr_line' id='line_1_103' title="bbox 608 5796 1093 5867; baseline 0.014 -15"><span class='ocrx_word' id='word_1_771' title='bbox 608 5796 650 5829; x_wconf 82' lang='lat'>“</span> <span class='ocrx_word' id='word_1_772' title='bbox 684 5797 835 5855; x_wconf 88' lang='lat' dir='ltr'><strong>Deut.</strong></span> <span class='ocrx_word' id='word_1_773' title='bbox 864 5815 987 5867; x_wconf 79' lang='lat' dir='ltr'><strong>xxv,</strong></span> <span class='ocrx_word' id='word_1_774' title='bbox 1040 5804 1093 5859; x_wconf 83' lang='lat'><strong>5.</strong></span> 
     </span>
    </p>
   </div>
   <div class='ocr_carea' id='block_1_104' title="bbox 2213 4632 3792 4702">
    <p class='ocr_par' dir='ltr' id='par_1_104' title="bbox 2213 4632 3792 4702">
     <span class='ocr_line' id='line_1_104' title="bbox 2213 4632 3792 4702; baseline 0.011 -19"><span class='ocrx_word' id='word_1_775' title='bbox 2213 4632 2458 4700; x_wconf 79' lang='grc' dir='ltr'>κεφαλὴν</span> <span class='ocrx_word' id='word_1_776' title='bbox 2496 4634 2744 4689; x_wconf 85' lang='grc' dir='ltr'>Ἰωάννου</span> <span class='ocrx_word' id='word_1_777' title='bbox 2796 4637 2890 4691; x_wconf 83' lang='grc' dir='ltr'>τοῦ</span> <span class='ocrx_word' id='word_1_778' title='bbox 2922 4638 3255 4696; x_wconf 79' lang='grc' dir='ltr'>Βαπτιστοῦ.</span> <span class='ocrx_word' id='word_1_779' title='bbox 3294 4642 3409 4695; x_wconf 80' lang='grc' dir='ltr'><strong>Καὶ</strong></span> <span class='ocrx_word' id='word_1_780' title='bbox 3459 4643 3792 4702; x_wconf 79' lang='grc' dir='ltr'>εἰσελθοῦσα</span> 
     </span>
    </p>
   </div>
   <div class='ocr_carea' id='block_1_105' title="bbox 2211 4724 3786 4805">
    <p class='ocr_par' dir='ltr' id='par_1_105' title="bbox 2211 4724 3786 4805">
     <span class='ocr_line' id='line_1_105' title="bbox 2211 4724 3786 4805; baseline 0.011 -31"><span class='ocrx_word' id='word_1_781' title='bbox 2211 4724 2411 4787; x_wconf 70' lang='grc' dir='ltr'>εὐθέως</span> <span class='ocrx_word' id='word_1_782' title='bbox 2462 4726 2598 4795; x_wconf 82' lang='grc' dir='ltr'>μετὰ</span> <span class='ocrx_word' id='word_1_783' title='bbox 2634 4728 2868 4798; x_wconf 76' lang='grc' dir='ltr'>σπουδῆς</span> <span class='ocrx_word' id='word_1_784' title='bbox 2906 4730 3041 4799; x_wconf 88' lang='grc' dir='ltr'>πρὸς</span> <span class='ocrx_word' id='word_1_785' title='bbox 3090 4732 3182 4784; x_wconf 83' lang='grc' dir='ltr'><strong>τὸν</strong></span> <span class='ocrx_word' id='word_1_786' title='bbox 3233 4732 3479 4802; x_wconf 81' lang='grc' dir='ltr'>βασιλέα.</span> <span class='ocrx_word' id='word_1_787' title='bbox 3514 4736 3786 4805; x_wconf 75' lang='grc' dir='ltr'>ᾐτήσατο,</span> 
     </span>
    </p>
   </div>
   <div class='ocr_carea' id='block_1_106' title="bbox 2211 4812 3791 4899">
    <p class='ocr_par' dir='ltr' id='par_1_106' title="bbox 2211 4812 3791 4899">
     <span class='ocr_line' id='line_1_106' title="bbox 2211 4812 3791 4899; baseline 0.013 -37"><span class='ocrx_word' id='word_1_788' title='bbox 2211 4812 2442 4879; x_wconf 80' lang='grc' dir='ltr'>λέγουσα</span> <span class='ocrx_word' id='word_1_789' title='bbox 2468 4830 2479 4841; x_wconf 92' lang='grc'><strong>·</strong></span> <span class='ocrx_word' id='word_1_790' title='bbox 2512 4816 2659 4868; x_wconf 83' lang='grc' dir='ltr'>Θέλω</span> <span class='ocrx_word' id='word_1_791' title='bbox 2684 4817 2771 4869; x_wconf 81' lang='grc' dir='ltr'><strong>ἵνα</strong></span> <span class='ocrx_word' id='word_1_792' title='bbox 2809 4836 2899 4885; x_wconf 85' lang='grc' dir='ltr'><strong>μοι</strong></span> <span class='ocrx_word' id='word_1_793' title='bbox 2928 4820 3030 4887; x_wconf 78' lang='grc' dir='ltr'>δῷς</span> <span class='ocrx_word' id='word_1_794' title='bbox 3054 4822 3111 4887; x_wconf 79' lang='grc' dir='ltr'>ἐξ</span> <span class='ocrx_word' id='word_1_795' title='bbox 3144 4823 3312 4891; x_wconf 83' lang='grc' dir='ltr'>αὐτῆς</span> <span class='ocrx_word' id='word_1_796' title='bbox 3347 4826 3437 4876; x_wconf 66' lang='grc' dir='ltr'><strong>ἐπὶ</strong></span> <span class='ocrx_word' id='word_1_797' title='bbox 3471 4826 3657 4879; x_wconf 82' lang='grc' dir='ltr'>πίνακι</span> <span class='ocrx_word' id='word_1_798' title='bbox 3682 4828 3791 4899; x_wconf 76' lang='grc' dir='ltr'><strong>τὴν</strong></span> 
     </span>
    </p>
   </div>
   <div class='ocr_carea' id='block_1_107' title="bbox 2212 4903 3791 4988">
    <p class='ocr_par' dir='ltr' id='par_1_107' title="bbox 2212 4903 3791 4988">
     <span class='ocr_line' id='line_1_107' title="bbox 2212 4903 3791 4988; baseline 0.013 -35"><span class='ocrx_word' id='word_1_799' title='bbox 2212 4903 2451 4972; x_wconf 80' lang='grc' dir='ltr'>κεφαλὴν</span> <span class='ocrx_word' id='word_1_800' title='bbox 2494 4904 2738 4961; x_wconf 89' lang='grc' dir='ltr'>Ἰωάννου</span> <span class='ocrx_word' id='word_1_801' title='bbox 2756 4907 2848 4960; x_wconf 84' lang='grc' dir='ltr'>τοῦ</span> <span class='ocrx_word' id='word_1_802' title='bbox 2878 4910 3205 4969; x_wconf 85' lang='grc' dir='ltr'>Βαπτιστοῦ.</span> <span class='ocrx_word' id='word_1_803' title='bbox 3240 4914 3348 4967; x_wconf 83' lang='grc' dir='ltr'><strong>Καὶ</strong></span> <span class='ocrx_word' id='word_1_804' title='bbox 3374 4916 3669 4987; x_wconf 86' lang='grc' dir='ltr'>περίλυπος</span> <span class='ocrx_word' id='word_1_805' title='bbox 3685 4936 3791 4988; x_wconf 77' lang='grc' dir='ltr'>γε-</span> 
     </span>
    </p>
   </div>
   <div class='ocr_carea' id='block_1_108' title="bbox 2213 4994 3787 5073">
    <p class='ocr_par' dir='ltr' id='par_1_108' title="bbox 2213 4994 3787 5073">
     <span class='ocr_line' id='line_1_108' title="bbox 2213 4994 3787 5073; baseline 0.014 -30"><span class='ocrx_word' id='word_1_806' title='bbox 2213 4994 2435 5063; x_wconf 75' lang='grc' dir='ltr'>νόμενος</span> <span class='ocrx_word' id='word_1_807' title='bbox 2464 4996 2491 5049; x_wconf 89' lang='lat'><strong>6</strong></span> <span class='ocrx_word' id='word_1_808' title='bbox 2518 4995 2791 5065; x_wconf 82' lang='grc' dir='ltr'>βασιλεὺς,</span> <span class='ocrx_word' id='word_1_809' title='bbox 2827 5000 2913 5057; x_wconf 83' lang='grc' dir='ltr'>διὰ</span> <span class='ocrx_word' id='word_1_810' title='bbox 2933 5002 3059 5066; x_wconf 82' lang='grc' dir='ltr'>τοὺς</span> <span class='ocrx_word' id='word_1_811' title='bbox 3085 5005 3282 5073; x_wconf 85' lang='grc' dir='ltr'>ὅρκους</span> <span class='ocrx_word' id='word_1_812' title='bbox 3315 5006 3410 5059; x_wconf 82' lang='grc' dir='ltr'>καὶ</span> <span class='ocrx_word' id='word_1_813' title='bbox 3457 5010 3582 5071; x_wconf 79' lang='grc' dir='ltr'>τοὺς</span> <span class='ocrx_word' id='word_1_814' title='bbox 3610 5027 3787 5066; x_wconf 82' lang='grc' dir='ltr'>συνα-</span> 
     </span>
    </p>
   </div>
   <div class='ocr_carea' id='block_1_109' title="bbox 2210 5088 3787 5168">
    <p class='ocr_par' dir='ltr' id='par_1_109' title="bbox 2210 5088 3787 5168">
     <span class='ocr_line' id='line_1_109' title="bbox 2210 5088 3787 5168; baseline 0.013 -31"><span class='ocrx_word' id='word_1_815' title='bbox 2210 5088 2585 5157; x_wconf 83' lang='grc' dir='ltr'>νακειμένους,</span> <span class='ocrx_word' id='word_1_816' title='bbox 2614 5091 2713 5143; x_wconf 80' lang='grc' dir='ltr'>οὐκ</span> <span class='ocrx_word' id='word_1_817' title='bbox 2742 5091 3010 5163; x_wconf 71' lang='grc' dir='ltr'>ἠθέλησεν</span> <span class='ocrx_word' id='word_1_818' title='bbox 3033 5096 3203 5164; x_wconf 81' lang='grc' dir='ltr'>αὐτὴν</span> <span class='ocrx_word' id='word_1_819' title='bbox 3230 5097 3517 5168; x_wconf 77' lang='grc' dir='ltr'>ἀθετῆσαι.</span> <span class='ocrx_word' id='word_1_820' title='bbox 3547 5102 3655 5155; x_wconf 86' lang='lat' dir='ltr'><strong>Kal</strong></span> <span class='ocrx_word' id='word_1_821' title='bbox 3682 5103 3787 5157; x_wconf 81' lang='grc' dir='ltr'><strong>εὐ-</strong></span> 
     </span>
    </p>
   </div>
   <div class='ocr_carea' id='block_1_110' title="bbox 2210 5176 3787 5262">
    <p class='ocr_par' dir='ltr' id='par_1_110' title="bbox 2210 5176 3787 5262">
     <span class='ocr_line' id='line_1_110' title="bbox 2210 5176 3787 5262; baseline 0.015 -34"><span class='ocrx_word' id='word_1_822' title='bbox 2210 5176 2345 5240; x_wconf 79' lang='grc' dir='ltr'>θέως</span> <span class='ocrx_word' id='word_1_823' title='bbox 2368 5180 2692 5245; x_wconf 82' lang='grc' dir='ltr'>ἀποστείλας</span> <span class='ocrx_word' id='word_1_824' title='bbox 2713 5184 2740 5235; x_wconf 93' lang='lat'><strong>6</strong></span> <span class='ocrx_word' id='word_1_825' title='bbox 2768 5184 3022 5254; x_wconf 83' lang='grc' dir='ltr'>βασιλεὺς</span> <span class='ocrx_word' id='word_1_826' title='bbox 3046 5190 3494 5262; x_wconf 78' lang='grc' dir='ltr'>σπεκουλάτωρα,</span> <span class='ocrx_word' id='word_1_827' title='bbox 3515 5193 3787 5260; x_wconf 70' lang='grc' dir='ltr'>ἐπέταξεν</span> 
     </span>
    </p>
   </div>
   <div class='ocr_carea' id='block_1_111' title="bbox 2208 5268 3787 5342">
    <p class='ocr_par' dir='ltr' id='par_1_111' title="bbox 2208 5268 3787 5342">
     <span class='ocr_line' id='line_1_111' title="bbox 2208 5268 3787 5342; baseline 0.011 -23"><span class='ocrx_word' id='word_1_828' title='bbox 2208 5268 2496 5337; x_wconf 84' lang='grc' dir='ltr'>ἀνεχθῆναι</span> <span class='ocrx_word' id='word_1_829' title='bbox 2524 5271 2621 5340; x_wconf 73' lang='grc' dir='ltr'><strong>τὴν</strong></span> <span class='ocrx_word' id='word_1_830' title='bbox 2673 5274 2913 5342; x_wconf 75' lang='grc' dir='ltr'>κεφαλὴν</span> <span class='ocrx_word' id='word_1_831' title='bbox 2945 5275 3126 5328; x_wconf 77' lang='grc' dir='ltr'>αὑτοῦ.</span> <span class='ocrx_word' id='word_1_832' title='bbox 3166 5279 3221 5332; x_wconf 86' lang='grc' dir='ltr'><strong>Ὀ</strong></span> <span class='ocrx_word' id='word_1_833' title='bbox 3251 5279 3345 5341; x_wconf 82' lang='grc' dir='ltr'>δὲ,</span> <span class='ocrx_word' id='word_1_834' title='bbox 3382 5281 3631 5335; x_wconf 83' lang='grc' dir='ltr'>ἀπελθὼν</span> <span class='ocrx_word' id='word_1_835' title='bbox 3674 5288 3787 5337; x_wconf 84' lang='grc' dir='ltr'>άπ-</span> 
     </span>
    </p>
   </div>
   <div class='ocr_carea' id='block_1_112' title="bbox 2224 5361 3785 5443">
    <p class='ocr_par' dir='ltr' id='par_1_112' title="bbox 2224 5361 3785 5443">
     <span class='ocr_line' id='line_1_112' title="bbox 2224 5361 3785 5443; baseline 0.013 -33"><span class='ocrx_word' id='word_1_836' title='bbox 2224 5361 2547 5428; x_wconf 70' lang='grc' dir='ltr'>εκεφάλισεν</span> <span class='ocrx_word' id='word_1_837' title='bbox 2582 5364 2743 5416; x_wconf 78' lang='grc' dir='ltr'>αὐτὸν</span> <span class='ocrx_word' id='word_1_838' title='bbox 2771 5366 2826 5419; x_wconf 84' lang='grc' dir='ltr'><strong>ἐν</strong></span> <span class='ocrx_word' id='word_1_839' title='bbox 2856 5369 2917 5436; x_wconf 81' lang='grc' dir='ltr'>τῇ</span> <span class='ocrx_word' id='word_1_840' title='bbox 2955 5368 3188 5439; x_wconf 76' lang='grc' dir='ltr'>φυλακῇ,</span> <span class='ocrx_word' id='word_1_841' title='bbox 3224 5372 3313 5423; x_wconf 68' lang='grc' dir='ltr'>καὶ</span> <span class='ocrx_word' id='word_1_842' title='bbox 3336 5374 3530 5443; x_wconf 78' lang='grc' dir='ltr'>ῆνεγκε</span> <span class='ocrx_word' id='word_1_843' title='bbox 3555 5376 3652 5443; x_wconf 66' lang='grc' dir='ltr'>τὴν</span> <span class='ocrx_word' id='word_1_844' title='bbox 3683 5394 3785 5431; x_wconf 84' lang='grc' dir='ltr'><strong>κε-</strong></span> 
     </span>
    </p>
   </div>
   <div class='ocr_carea' id='block_1_113' title="bbox 2210 5454 3783 5539">
    <p class='ocr_par' dir='ltr' id='par_1_113' title="bbox 2210 5454 3783 5539">
     <span class='ocr_line' id='line_1_113' title="bbox 2210 5454 3783 5539; baseline 0.016 -38"><span class='ocrx_word' id='word_1_845' title='bbox 2210 5454 2380 5521; x_wconf 82' lang='grc' dir='ltr'>φαλὴν</span> <span class='ocrx_word' id='word_1_846' title='bbox 2408 5455 2573 5507; x_wconf 81' lang='grc' dir='ltr'>αὑτοῦ</span> <span class='ocrx_word' id='word_1_847' title='bbox 2606 5458 2697 5509; x_wconf 73' lang='grc' dir='ltr'><strong>ἐπὶ</strong></span> <span class='ocrx_word' id='word_1_848' title='bbox 2733 5458 2919 5512; x_wconf 85' lang='grc' dir='ltr'>πίνακι</span> <span class='ocrx_word' id='word_1_849' title='bbox 2968 5461 3061 5515; x_wconf 68' lang='grc' dir='ltr'><strong>καὶ</strong></span> <span class='ocrx_word' id='word_1_850' title='bbox 3086 5463 3284 5517; x_wconf 81' lang='grc' dir='ltr'>ἔδωκεν</span> <span class='ocrx_word' id='word_1_851' title='bbox 3309 5467 3477 5535; x_wconf 72' lang='grc' dir='ltr'>αὐτὴν</span> <span class='ocrx_word' id='word_1_852' title='bbox 3500 5467 3576 5535; x_wconf 82' lang='grc' dir='ltr'>τῷ</span> <span class='ocrx_word' id='word_1_853' title='bbox 3608 5485 3783 5539; x_wconf 79' lang='grc' dir='ltr'>κορα-</span> 
     </span>
    </p>
   </div>
   <div class='ocr_carea' id='block_1_114' title="bbox 2210 5544 3775 5631">
    <p class='ocr_par' dir='ltr' id='par_1_114' title="bbox 2210 5544 3775 5631">
     <span class='ocr_line' id='line_1_114' title="bbox 2210 5544 3775 5631; baseline 0.015 -37"><span class='ocrx_word' id='word_1_854' title='bbox 2210 5544 2330 5612; x_wconf 84' lang='grc' dir='ltr'>σίῳ,</span> <span class='ocrx_word' id='word_1_855' title='bbox 2362 5547 2529 5599; x_wconf 79' lang='grc' dir='ltr'>καὶτὸ</span> <span class='ocrx_word' id='word_1_856' title='bbox 2558 5549 2816 5619; x_wconf 81' lang='grc' dir='ltr'>κοράσιον</span> <span class='ocrx_word' id='word_1_857' title='bbox 2850 5550 3050 5607; x_wconf 77' lang='grc' dir='ltr'>ἔδωκεν</span> <span class='ocrx_word' id='word_1_858' title='bbox 3081 5556 3249 5626; x_wconf 78' lang='grc' dir='ltr'>αὐτὴν</span> <span class='ocrx_word' id='word_1_859' title='bbox 3272 5560 3335 5625; x_wconf 78' lang='grc' dir='ltr'>τῇ</span> <span class='ocrx_word' id='word_1_860' title='bbox 3374 5562 3539 5631; x_wconf 70' lang='grc' dir='ltr'>μητρὶ</span> <span class='ocrx_word' id='word_1_861' title='bbox 3580 5562 3775 5631; x_wconf 83' lang='grc' dir='ltr'>αὐτῆς.</span> 
     </span>
    </p>
   </div>
   <div class='ocr_carea' id='block_1_115' title="bbox 2210 5639 3783 5729">
    <p class='ocr_par' dir='ltr' id='par_1_115' title="bbox 2210 5639 3783 5729">
     <span class='ocr_line' id='line_1_115' title="bbox 2210 5639 3783 5729; baseline 0.012 -39"><span class='ocrx_word' id='word_1_862' title='bbox 2210 5639 2315 5690; x_wconf 82' lang='lat' dir='ltr'><strong>Kal</strong></span> <span class='ocrx_word' id='word_1_863' title='bbox 2354 5640 2681 5705; x_wconf 73' lang='grc' dir='ltr'>ἀκούσαντες</span> <span class='ocrx_word' id='word_1_864' title='bbox 2715 5644 2763 5695; x_wconf 89' lang='grc' dir='ltr'>οἱ</span> <span class='ocrx_word' id='word_1_865' title='bbox 2800 5644 3037 5717; x_wconf 77' lang='grc' dir='ltr'>μαθηταὶ</span> <span class='ocrx_word' id='word_1_866' title='bbox 3077 5648 3264 5717; x_wconf 85' lang='grc' dir='ltr'>αὐτοῦ,</span> <span class='ocrx_word' id='word_1_867' title='bbox 3298 5645 3460 5721; x_wconf 78' lang='grc' dir='ltr'>ἦλθον</span> <span class='ocrx_word' id='word_1_868' title='bbox 3511 5653 3603 5706; x_wconf 70' lang='grc' dir='ltr'><strong>καὶ</strong></span> <span class='ocrx_word' id='word_1_869' title='bbox 3636 5648 3783 5729; x_wconf 79' lang='grc' dir='ltr'>ἦραν</span> 
     </span>
    </p>
   </div>
  </div>
