4010 6398
147 401 240 462 ῐδῖ

860 390 1312 456 ENARRATIO
1343 388 1426 452 ιΝ
1467 387 1972 455 EVANGELIUM
2015 388 2278 452 MARCI.
2329 413 2391 427 -
2425 387 2586 450 CAP.
2630 386 2733 451 VI.

3323 389 3432 456 533

143 510 454 574 τοσούτους,
513 506 652 563 ἀλλά
713 508 806 562 καὶ
842 506 1076 579 περιττὰ
1126 507 1470 560 καταλιπεῖν.
1525 504 1730 574 Μωσῆς

1837 505 2088 576 quamvis
2145 519 2342 558 manna
2395 502 2653 567 dcdissct,
2714 508 2892 556 tamen
2939 514 3040 570 pro
3093 501 3433 574 singulorum

148 605 243 674 μὲν
261 601 376 673 γὰρ
398 603 450 654 εί
475 599 654 654 καὶτὸ
689 597 866 669 μάννα
895 597 1089 661 ἐδίδου,
1120 597 1259 652 ἀλλά
1293 598 1434 669 πρὸς
1462 596 1562 667 τὴν
1597 599 1727 651 ἐκάο

146 709 269 747 στου
299 691 494 763 χρείαν
517 707 532 722 ο
563 689 627 741 τὸ
655 688 766 759 γὰρ
805 686 1147 759 περιττεῦον,
1196 687 1486 759 σκώληκας
1515 687 1724 754 ἐξεζεε.

146 785 250 840 κει
286 784 478 846 Ἠλίας
528 780 585 835 ει
615 779 716 852 τὴν
743 781 932 852 χήραν
963 779 1291 849 διατρέφων,
1333 778 1396 832 τὺ
1447 777 1727 849 αὔταρκες

148 878 424 949 ἐχορήγει.
447 873 658 945 Ἰησοῦς
688 872 768 940 δὲ,
823 871 898 936 ὡς
930 873 1230 941 Δεσπότης,
1260 872 1354 926 καὶ
1379 872 1728 943 περιττεύειν

147 971 311 1022 ποιεῖ.
337 966 526 1020 Ταῦτα
561 965 660 1036 μὲν
695 964 790 1019 οὖν
825 963 972 1018 κατά
1009 963 1109 1032 τὴν
1154 963 1419 1034 ίστορίαν.
1471 963 1631 1018 Κατὰ
1668 961 1726 1015 δὲ

146 1055 462 1126 ἀναγωγὴν,
497 1056 662 1108 πέντε
691 1054 868 1123 ἄρτοι,
922 1053 972 1104 oi
1003 1051 1290 1104 Μωσαῖκοὶ
1334 1051 1502 1118 λόγοι.
1557 1052 1726 1104 Πέντε

146 1150 249 1224 γάρ
277 1146 350 1198 τὰ
376 1144 474 1198 τοῦ
498 1143 743 1205 Μωσέως
784 1140 988 1215 βιϐλία,
1021 1141 1261 1206 Γένεσις,
1297 1140 1527 1207 Ἐξόδος,
1567 1141 1728 1194 Λευῖ-

143 1238 315 1300 τικδν,
359 1235 634 1307 Ἀριθμοὶ,
689 1231 1135 1302 Δευτερονόμιον.
1176 1228 1380 1300 Ἰχθύες
1420 1230 1478 1284 δὲ
1523 1229 1638 1294 δύο,
1674 1231 1724 1283 oi

143 1329 250 1382 τῶν
273 1327 476 1382 ἀλιέων
505 1327 672 1391 λόγοι,
711 1327 740 1378 6
789 1323 1112 1388 ’Δπόστολος
1159 1325 1253 1378 καὶ
1282 1324 1344 1378 τδ
1367 1323 1724 1394 Εὑαγγέλιον.

141 1421 369 1484 Τούτοις
405 1417 498 1472 οὖν
545 1419 838 1488 τρέφονται
877 1419 932 1471 αἱ
991 1417 1153 1470 πέντε
1205 1416 1365 1489 ἡμῶν
1419 1417 1724 1488 αἰσθήσεις,

143 1507 304 1566 αὗται
357 1512 468 1584 γάρ
526 1513 667 1565 είσιν
695 1512 745 1564 οί
785 1511 1239 1583 πεντακισχίλιοι.
1273 1511 1392 1582 Ούχ
1416 1510 1632 1566 ἅπαντα
1670 1512 1727 1565 δὲ

143 1602 420 1672 δυνάμεθα
456 1605 673 1669 φαγεῖν,
734 1599 869 1653 ἀλλὰ
899 1599 1072 1654 πολλά
1121 1600 1562 1670 περιττεύουσιν,
1608 1599 1644 1655 ἀ
1675 1602 1726 1654 oi

144 1694 436 1748 ἀπόστολοι
466 1691 726 1746 δύνανται
759 1690 1048 1760 βαστάσαι.
1087 1691 1172 1745 Τὰ
1202 1692 1313 1762 γὰρ
1343 1691 1727 1764 δυσκολώτερα

144 1786 247 1840 τῶν
280 1784 377 1838 τοῦ
411 1783 602 1854 Νόμου
641 1783 740 1838 καὶ
774 1782 883 1835 τῶν
916 1783 1010 1836 τοῦ
1039 1782 1384 1852 Εύαγγελίου¹
1409 1783 1722 1854 νοημάτων,

147 1879 300 1947 ἠμείς
335 1876 441 1947 μὲν
476 1851 523 1931 oi
547 1875 629 1929 ἐτι
656 1876 775 1936 ταῖς
811 1874 971 1928 πέντε
1012 1851 1309 1946 αἰσθήσεσι
1350 1851 1725 1942 δουλεύοντες,
1762 1851 1805 1908 Β

143 1969 200 2022 οὐ
232 1967 609 2038 βαστάζομεν,
652 1967 704 2019 oi
730 1965 1018 2020 ἀπόστολοι
1050 1965 1130 2020 δέ.

213 2078 232 2112 ι
271 2060 386 2115 Καὶ
437 2059 642 2123 εὐθέως
706 2060 992 2128 ἠνάγκασε
1063 2059 1192 2124 τοὺς
1249 2057 1501 2131 μαθητὰς
1565 2059 1731 2114 αὑτοῦ

142 2153 378 2224 ἐμϐῆναι
424 2155 506 2215 είς
543 2153 607 2205 τὸ
641 2151 849 2216 πλοῖον,
904 2152 1000 2206 καὶ
1032 2153 1301 2222 προάγειν
1343 2154 1427 2216 είς
1467 2154 1528 2206 τὸ
1555 2153 1732 2222 πέραν

143 2243 275 2312 πρὸς
297 2242 604 2314 Βηθσαϊδὰ,
645 2242 750 2306 ἕως
783 2242 944 2305 αὐτὸς
989 2242 1246 2315 ’ἀπολύσῃ
1282 2243 1374 2297 τὸν
1411 2244 1585 2314 ὄχλον.
1625 2247 1734 2298 Καὶ

141 2337 560 2406 ἀποταξάμενος
591 2334 801 2399 αὐτοῖς,
835 2335 1079 2404 ἀπῆλθεν
1123 2337 1204 2399 είς
1231 2336 1294 2389 τὸ
1335 2337 1463 2406 ὅρος
1487 2339 1729 2410 προσεύ-

144 2427 363 2492 ξασθαι.
407 2426 521 2480 Καὶ
545 2425 708 2495 ὀψίας
739 2426 1061 2496 γενομένης,
1097 2422 1166 2498 ἦν
1189 2427 1249 2480 τὸ
1283 2427 1468 2482 πλοῖον
1491 2430 1549 2482 ἐν
1578 2431 1732 2500 μέσῳ

140 2519 232 2587 τῆς
272 2519 583 2587 θαλάσσης.
635 2518 732 2572 καὶ
786 2518 948 2582 αὐτὸς
999 2519 1164 2587 μόνος
1194 2521 1288 2572 ἐπὶ
1323 2521 1423 2591 τῆς
1475 2522 1601 2594 γῆς,
1635 2528 1732 2578 καὶ

142 2603 275 2661 εἶδεν
337 2608 544 2671 αὐτοὺς
579 2605 1044 2678 βασανιζομένους
1085 2609 1144 2662 ἐν
1185 2609 1266 2680 τῷ
1307 2610 1556 2664 ἐλαύνειν
1599 2628 1615 2644 ο
1663 2610 1732 2685 ἦν

144 2699 246 2768 γάρ
277 2700 306 2750 6
361 2699 568 2768 ἄνεμος
601 2698 847 2760 ἐναντίος
889 2699 1094 2758 αὐτοῖς.
1132 2699 1244 2752 Καὶ
1291 2702 1423 2772 περὶ
1462 2704 1731 2773 τετάρτην

146 2784 534 2854 φυλακὴν,τῆς
565 2788 780 2849 νυκτὸς.
816 2786 1032 2856 ἔρχεται
1076 2788 1210 2858 πρὸς
1238 2789 1457 2856 αὐτοὺς,
1496 2809 1734 2862 περιπα-

143 2875 244 2928 τῶν
264 2878 362 2930 ἐπὶ
393 2876 494 2945 τῆς
523 2876 824 2947 Θαλάσσης,
871 2879 964 2931 καὶ
1004 2878 1161 2949 ἤθελε
1191 2881 1484 2949 παρελθεῖν
1511 2884 1728 2948 αὐτούς.

144 2967 200 3018 Οί
248 2966 305 3018 δὲ
356 2966 562 3029 ίδόντες
604 2967 766 3019 αὑτὸν
811 2968 1222 3036 περιπατοῦντα
1253 2954 1345 3024 ἐπὶ
1393 2972 1492 3041 τῆς
1527 2971 1726 3027 θαλάσ-

146 3073 262 3126 σης,
297 3057 497 3121 ἔδοξαν
532 3058 824 3128 φάντασμα
853 3057 1014 3121 εἶναι,
1041 3062 1136 3113 καὶ
1159 3061 1490 3134 ἀνέκραξαν.
1523 3065 1732 3130 Πάντες

1833 613 1932 652 usu
1984 597 2144 651 dabat
2180 614 2194 662 ;
2232 610 2358 651 nam
2409 597 2550 664 quod
2574 602 2877 665 supererat,
2905 596 3218 651 vermiculis
3248 609 3436 653 scatu-

1825 691 2028 745 q-iebat.
2070 689 2220 744 Elias
2259 702 2474 759 quoque
2521 686 2753 743 viduam
2777 701 3027 758 pascens,
3054 688 3436 759 suppeditabat

1828 790 2088 850 quantum
2114 780 2247 835 satis
2268 759 2406 834 erat.
2427 777 2588 835 Jesus
2612 785 2915 850 autem,ut
2941 776 3227 844 Dominus,
3247 779 3432 835 etiam

1829 872 2044 928 residua
2089 872 2247 944 facit.
2304 871 2370 926 Et
2402 873 2515 927 tunc
2542 869 2763 942 quidem
2786 869 2940 940 juxta
2973 867 3262 926 historiam
3293 884 3307 929 :
3343 886 3436 924 ve-

1833 979 1950 1017 rum
2017 951 2172 1033 jus-ta
2228 977 2526 1034 anagogen,
2581 963 2823 1032 quinque
2881 977 3048 1031 panes
3107 971 3236 1018 sunt
3311 963 3436 1018 libri

1830 1054 2015 1121 Musis,
2042 1056 2132 1126 qui
2155 1055 2395 1126 quinque
2417 1066 2565 1122 sunt,
2587 1054 2838 1122 Genesis,
2864 1054 3108 1121 Esodus,
3137 1054 3434 1121 Leviticus,

1829 1145 2052 1201 Numeri
2097 1157 2152 1202 et
2199 1145 2684 1202 Deuteronomium
2716 1163 2730 1212 ;
2762 1146 2870 1203 duo
2897 1157 3076 1202 autem
3123 1146 3321 1218 pisces,
3361 1149 3437 1218 pi-

1829 1248 2105 1294 scatorum
2138 1237 2284 1304 libri,
2318 1237 2612 1307 Apostolus
2651 1248 2710 1292 et
2737 1237 3116 1308 Evangelium.
3147 1237 3258 1294 illis
3286 1240 3433 1294 enim

1830 1343 2122 1402 pascuntur
2170 1334 2410 1402 qumque
2451 1332 2628 1387 nostri
2682 1347 2904 1400 sensus,
2939 1332 3032 1403 qui
3068 1348 3166 1402 per
3190 1334 3436 1404 quinque

1831 1422 1997 1477 millia
2053 1421 2356 1491 signantur.
2398 1420 2601 1478 Verum
2633 1437 2738 1478 non
2761 1432 2993 1491 possunt
3021 1425 3208 1480 omnia
3235 1426 3427 1492 edere,

1830 1516 1923 1570 sed
1949 1513 2116 1568 multa
2140 1513 2351 1569 residua
2379 1514 2714 1584 relinquunt,
2740 1529 2861 1586 qua?
2883 1514 3049 1588 205
3071 1516 3298 1587 apostoli
3343 1533 3439 1589 ge-

1830 1618 1976 1661 stare
1997 1614 2239 1675 possunt.
2271 1604 2406 1660 Nam
2430 1605 2761 1663 diiiiciliores
2779 1622 2969 1664 sensus
2993 1607 3151 1679 Logis
3177 1619 3230 1665 et
3258 1609 3438 1666 Evan-

1831 1699 2092 1769 geliorum
2132 1714 2229 1755 nos
2263 1699 2504 1769 quidem,
2537 1701 2781 1771 quinque
2821 1700 3068 1758 sensibus
3111 1704 3433 1773 servientes,

1833 1808 1938 1847 non
1966 1803 2269 1863 portamus,
2298 1793 2391 1849 sed
2422 1793 2671 1865 apostoli.

1911 2055 2075 2111 Vsus.
2109 2055 2296 2112 45-52.
2345 2077 2363 2110 ι
2409 2057 2474 2113 Et
2516 2059 2702 2113 statim
2745 2059 2923 2132 coegit
2956 2059 3251 2130 discipulos
3307 2080 3436 2121 suos

1835 2150 2202 2204 conscendere
2224 2152 2425 2217 navim,
2461 2151 2516 2204 ut
2542 2151 2914 2222 precedereut
2938 2156 3262 2211 transmisso
3296 2156 3436 2212 mari

1835 2242 2205 2310 Betltsaidatn,
2253 2243 2380 2298 dum
2431 2246 2542 2311 ipse
2595 2246 2892 2302 dimitteret
2929 2249 3161 2304 turbam.
3212 2251 3431 2306 Etcum

1836 2335 2133 2391 dimisisset
2162 2348 2278 2402 eos,
2320 2337 2452 2391 abiit
2503 2339 2555 2392 in
2613 2344 2851 2394 montem
2909 2339 2975 2394 ad
3028 2341 3315 2396 orandum.
3368 2342 3435 2398 Et

1836 2442 1958 2482 eum
2007 2429 2606 2497 vespera‘advenisset,
2665 2437 2785 2485 erat
2811 2432 3037 2486 navisin
3071 2434 3251 2488 medio
3276 2437 3432 2497 mari,

1835 2531 1890 2574 et
1937 2520 2050 2588 ipse
2099 2518 2247 2574 solus
2291 2520 2343 2573 in
2380 2529 2544 2585 terra,
2593 2520 2837 2591 viditque
2875 2537 2969 2578 eos
3014 2522 3331 2581 laborantes
3383 2529 3434 2580 in

1837 2614 2176 2683 remigando.
2226 2613 2359 2668 Erat
2401 2615 2547 2668 enim
2604 2627 2798 2672 ventus
2851 2614 3161 2673 contrarius
3217 2621 3318 2674 cis.
3374 2621 3439 2675 Et

1835 2703 1980 2756 circa
2034 2710 2284 2771 quartam
2331 2703 2569 2772 vigiliam
2604 2704 2781 2758 noctis
2821 2708 2970 2760 venit
3003 2709 3069 2761 ad
3113 2723 3206 2764 eos
3239 2711 3437 2764 ambu-

1837 2795 1954 2849 laus
2006 2809 2170 2865 Super
2191 2809 2362 2859 mare,
2392 2803 2449 2850 et
2475 2795 2687 2852 volebat
2714 2799 2991 2866 praeterire
3017 2815 3130 2856 eos.
3159 2802 3229 2856 At
3264 2804 3338 2858 illi
3377 2815 3438 2857 ttt

1835 2888 2087 2942 viderunt
2116 2902 2239 2942 eum
2270 2887 2638 2943 ambulantem
2681 2903 2847 2960 super
2879 2907 3051 2957 mare,
3105 2905 3436 2961 putaverunt

1835 2988 2112 3047 spectrpm
2165 2992 2288 3034 esse
2321 2987 2375 3033 et
2409 2978 2870 3036 exclamaverunt.
2926 2980 3127 3040 Omnes
3151 2988 3294 3040 enim
3355 2989 3436 3041 vi—

1838 3069 2037 3125 debant
2074 3083 2221 3136 eum,
2251 3078 2306 3124 et
2331 3071 2642 3127 couturbati
2693 3081 2842 3138 sunt,
2885 3084 2941 3129 et
2990 3076 3174 3130 statim
3227 3078 3437 3134 loeutus

145 3150 248 3220 γὰρ
289 3149 460 3202 αὑτὸν
489 3147 653 3214 εἶδον,
679 3151 774 3202 καὶ
808 3151 1219 3222 ἐταράχθησαν,
1244 3156 1342 3207 καὶ
1373 3157 1575 3220 εὐθέως
1609 3157 1730 3214 ἐλά-

1847 3171 1934 3216 est
1964 3176 2088 3217 cum
2128 3162 2231 3227 eis,
2265 3162 2512 3232 dixitque
2571 3164 2651 3219 eis
2686 3176 2701 3222 :
2733 3163 3022 3232 Conﬂdite,
3064 3185 3165 3240 ego
3188 3185 3332 3239 sum,
3368 3189 3436 3228 ne

144 3238 268 3306 λησε
308 3238 431 3308 μετ’
470 3239 674 3304 αὐτῶν,
726 3241 820 3294 καὶ
861 3240 1010 3309 λέγει
1056 3244 1271 3308 αὐτοῖς’
1306 3246 1597 3318 Θαρσεῖτε,
1623 3249 1730 3319 ἐγώ

1841 3251 2175 3308 terreamini.
2205 3253 2272 3308 Et
2311 3256 2559 3310 ascendit
2583 3259 2648 3310 ad
2687 3257 2807 3314 illos
2853 3259 2906 3313 in
2948 3238 3147 3324 navim.
3201 3273 3256 3318 et
3302 3279 3436 3321 con-

147 3332 276 3399 είμι,
313 3330 389 3400 μὴ
437 3330 714 3399 φοϐεῖσθε.
755 3333 865 3386 Καὶ
910 3335 1078 3405 ἀνέϐη
1132 3338 1268 3407 πρὸς
1316 3340 1516 3404 αὐτοὺς
1563 3343 1642 3404 εἰς
1672 3343 1734 3396 τὸ

148 3421 348 3486 πλοῖον,
382 3422 486 3477 καὶ
512 3424 784 3478 ἐκόπασεν
809 3427 836 3478 6
862 3425 1085 3497 ἄνεμος.
1113 3429 1225 3482 Καὶ
1248 3430 1367 3483 λίαν
1397 3433 1732 3504 ἐκπερισσοῦ

146 3513 200 3566 ἐν
221 3509 445 3576 ἑαυτοῖς
477 3513 782 3582 ἐξίσταντο,
825 3518 919 3569 καὶ
960 3517 1296 3590 ἐθαύμαζον.
1337 3524 1412 3575 Οὐ
1453 3524 1563 3594 γὰρ
1608 3541 1733 3578 συν⁸

146 3605 282 3675 ἧκαν
321 3609 417 3661 ἐπὶ
453 3611 566 3669 τοῖς
595 3609 804 3680 ἄρτοις.
843 3610 937 3663 Ἢν
966 3612 1073 3682 γὰρ
1107 3613 1286 3666 αὐτῶν
1316 3618 1346 3685 ἡ
1383 3615 1580 3686 καρδία
1633 3635 1731 3670 πε-

147 3699 463 3769 πωρωμένη
502 3712 514 3725 ·
558 3719 578 3750 ι
614 3701 892 3768 ἠνάγκασε
954 3702 1078 3765 τοὺς
1158 3705 1427 3773 μαθητάς.
1492 3707 1567 3759 Οὐ
1627 3708 1733 3776 γὰρ

150 3789 339 3858 ἤθελον
368 3790 797 3862 ἀποσπασθῆναι
842 3793 1033 3860 αὐτοῦ,
1073 3792 1210 3847 ἀλλὰ
1263 3796 1354 3867 βίᾳ
1381 3797 1731 3867 ἐχωρίζοντο,

151 3881 261 3949 ἄρα
286 3879 387 3952 μέν
417 3881 511 3935 διὰ
549 3881 649 3952 τὴν
692 3883 830 3953 πρὸς
879 3884 1042 3937 αὑτὸν
1091 3887 1334 3956 ἀγάπην,
1383 3889 1498 3958 ἅμα
1543 3890 1598 3941 δέ
1641 3892 1734 3942 καὶ

147 3964 231 4020 διὰ
252 3967 313 4020 τὸ
341 3968 572 4039 ἀπορεῖν
603 3968 722 4033 πῶς
759 3971 825 4025 ἂν
863 3971 1008 4025 ἔλθοι
1036 3975 1174 4044 πρὸς
1197 3977 1395 4039 αὐτοὺς
1436 3978 1621 4031 πλοίου
1651 3981 1728 4049 μὴ

147 4056 315 4122 ὄντος.
365 4059 677 4123 Ἀπολύσας
713 4060 804 4113 οὖν
866 4064 994 4128 τοὺς
1031 4065 1243 4135 ὔχλους,
1279 4069 1447 4138 ἀνέϐη
1493 4072 1699 4141 προσεύ

150 4148 341 4214 ξασθαι
367 4152 490 4212 κατ’
526 4152 687 4205 ίδίαν.
717 4154 918 4225 Σχολῆς
951 4158 1062 4227 γὰρ
1096 4159 1190 4210 καὶ
1224 4161 1531 4230 ἀταραξίας
1557 4163 1728 4217 δεῖται

148 4244 178 4304 ἡ
210 4245 518 4315 προσευχὴ.
555 4245 776 4316 Ἀφίησι
805 4247 860 4300 δὲ
888 4249 1014 4311 τοὺς
1051 4251 1298 4328 μαθητὰς
1337 4256 1724 4326 πειρασθῆναι,

153 4335 238 4389 ἵνα
279 4336 530 4406 μάθωσιν
556 4335 870 4406 ὑπομένειν.
901 4341 1001 4393 Διά
1039 4342 1198 4395 τοῦτο
1229 4346 1337 4416 γὰρ
1384 4347 1504 4399 ούδέ
1528 4349 1732 4412 εύθέως

149 4430 328 4493 αὐτοῖς
355 4431 670 4501 ἐφίσταται,
699 4431 834 4486 ἀλλά
855 4433 922 4486 δι’
954 4435 1083 4506 ὅλης
1113 4439 1214 4506 τῇς
1232 4439 1423 4502 νυκτὸς
1457 4444 1733 4512 συγχωρεῖ

1837 3345 2042 3414 quievit
2075 3355 2288 3401 ventus.
2319 3347 2387 3401 Et
2419 3349 2771 3404 vehementer
2811 3365 2976 3419 supra
3031 3353 3251 3408 modum
3290 3355 3432 3410 intra

1837 3451 1896 3490 se
1926 3436 2216 3505 stupebant
2278 3446 2332 3491 et
2387 3436 2814 3494 admirabantur.
2855 3439 2975 3495 Non
3026 3443 3168 3496 enim
3223 3445 3437 3501 intelle-

1840 3539 2034 3583 xerant
2079 3529 2145 3583 de
2197 3530 2425 3596 panibus
2456 3549 2469 3585 :
2507 3539 2626 3586 erat
2670 3531 2816 3586 enim
2851 3549 2945 3588 cor
2965 3549 3154 3590 eorum
3189 3536 3435 3593 obcaeca-

1843 3635 1973 3680 tum.
2017 3645 2034 3677 ι
2074 3625 2230 3693 Cogit
2252 3626 2565 3695 discipulos.
2590 3625 2855 3682 Nolebant
2884 3632 3028 3683 enim
3065 3633 3223 3685 avelli
3254 3632 3321 3686 ab
3348 3649 3434 3697 eo,

1839 3724 1933 3773 sed
1978 3718 2025 3771 vi
2055 3719 2468 3787 separabantur,
2527 3722 2723 3788 partim
2777 3732 2998 3791 propter
3030 3739 3271 3779 antorem
3306 3743 3434 3798 erga

1839 3809 2011 3874 illum,
2075 3812 2271 3880 partim
2333 3812 2476 3881 quod
2530 3812 2852 3868 dubitabant
2912 3816 3315 3883 quomodonam
3368 3821 3436 3872 ad

1838 3904 1984 3970 ipsos
2040 3904 2277 3967 rediret”
2311 3904 2681 3960 cumabessct
2721 3907 2892 3960 navis.
2956 3906 3204 3965 Dimissis
3251 3914 3436 3982 itaque

1839 3993 2010 4048 turbis
2038 3997 2350 4050 ascenditin
2376 4008 2611 4051 montem
2641 4007 2696 4052 ut
2721 4011 2902 4055 oraret
2925 4016 3195 4057 seorsum.
3245 4005 3437 4070 Quiete

1837 4085 1983 4138 enim
2023 4096 2076 4138 et
2109 4088 2499 4155 tranquillitate
2523 4105 2658 4157 opus
2685 4091 2883 4145 habent
2918 4109 3125 4162 preces.
3165 4096 3433 4149 Carterttut

1838 4176 2131 4244 discipulos
2181 4180 2378 4232 tentari
2438 4181 2725 4249 permittit,
2757 4193 2815 4236 ut
2849 4184 3061 4239 diseant
3091 4189 3434 4254 patientiam.

1837 4265 1969 4319 [\‘am
2004 4279 2284 4338 propterea
2344 4285 2449 4324 non
2512 4272 2694 4327 statim
2747 4275 2854 4331 illis
2911 4279 3138 4344 assistit,
3190 4283 3286 4336 sed
3323 4292 3432 4338 tota

1839 4368 2002 4413 nocte
2024 4360 2154 4413 sinit
2179 4360 2230 4413 in
2262 4369 2586 4431 tempestate
2611 4379 2751 4430 esse,
2786 4378 2845 4421 ut
2871 4370 3062 4424 doceat
3091 4371 3260 4427 fortes
3290 4391 3430 4442 esse,

1836 4461 1890 4502 et
1945 4467 2048 4505 nou
2117 4453 2173 4507 in
2230 4454 2498 4523 principio
2547 4460 2910 4513 tentationum
2958 4464 3278 4530 sperandam
3342 4485 3432 4521 re-

150 4522 593 4588 κλυδωνίζεσθαι,
657 4525 745 4577 ἵνα
794 4526 981 4596 διδάξῃ
1043 4534 1352 4600 καρτερεῖν,
1392 4535 1483 4585 καὶ
1543 4535 1617 4604 μὴ
1673 4537 1728 4586 ἐν

1839 4542 2041 4611 quiem.
2111 4542 2349 4597 Observa
2395 4555 2449 4598 et
2481 4547 2647 4610 aliud,
2691 4551 2833 4614 quod
2883 4553 3110 4608 daturus
3144 4555 3304 4609 tinctu
3341 4574 3430 4612 re-

149 4612 287 4682 ἀρχῇ
313 4612 423 4665 τῶν
450 4613 641 4666 δεινῶν
660 4613 900 4680 ἐλπίζειν
928 4616 1132 4672 ἄνεσιν.
1152 4620 1293 4690 Ὅρα
1323 4622 1379 4673 δέ
1411 4623 1606 4675 καὶὲτε
1620 4641 1728 4694 ρον,

149 4701 226 4754 ὅτι
270 4705 402 4756 ὅταν
452 4705 619 4776 μέλλῃ
661 4705 860 4760 παύειν
911 4708 980 4761 τὰ
1036 4709 1207 4776 δεινὰ,
1251 4713 1370 4765 τότε
1409 4714 1611 4783 μᾶλλον
1654 4721 1735 4780 είς

153 4793 372 4860 μείζονα
399 4795 567 4863 φόόον
588 4796 884 4866 ἐντίθησιν.
931 4797 1154 4863 Ἰδόντες
1204 4801 1313 4871 γὰρ
1349 4803 1531 4870 αὑτὸν,
1569 4805 1733 4877 ἔκρα-

155 4883 267 4950 ξαν,
297 4886 768 4956 ταραχθέντεςώς
806 4889 898 4941 ἐπὶ
949 4893 1336 4962 φαντάσματι·
1393 4897 1487 4948 καὶ
1531 4898 1733 4958 εὐθέως

151 4976 236 5029 διὰ
298 4977 398 5048 τῆς
433 4979 618 5050 φωνῆς
652 4979 945 5052 θεραπεύει
974 4984 1192 5051 αὐτοὺς,
1244 4985 1453 5054 λέγων·
1493 4991 1586 5062 Μὴ
1633 5008 1730 5055 φο-

152 5067 356 5144 ϐεῖσθε.
396 5069 531 5125 Εἶτα
559 5074 661 5125 καὶ
684 5073 773 5128 διὰ
800 5074 892 5128 τοῦ
927 5075 1164 5146 ἐμϐῆναι
1202 5079 1280 5140 εἰς
1313 5080 1370 5132 τὸ
1402 5081 1606 5145 πλοῖον,
1634 5083 1733 5154 τὴν

152 5160 487 5234 τελεωτέραν
524 5165 716 5226 αὐτοῖς
776 5166 1084 5237 ἀταραξίαν
1135 5174 1522 5240 περιποιεῖται.
1556 5173 1734 5236 Εὐθὺς

153 5254 255 5324 γὰρ
284 5255 555 5310 ἐκόπασεν
584 5258 614 5308 6
664 5255 886 5326 ἄνεμος.
916 5259 1075 5326 Μέγα
1102 5259 1157 5312 δὲ
1193 5261 1376 5330 θαῦμα
1415 5264 1477 5315 τὸ
1512 5265 1606 5316 ἐπὶ
1635 5265 1731 5317 θα-

156 5343 358 5414 λάσσης
394 5350 747 5416 περιπατεῖν,
780 5350 874 5402 καὶ
904 5352 1037 5404 Θεοῦ
1066 5353 1142 5421 τῷ
1168 5353 1304 5419 ὄντι,
1339 5357 1398 5408 τὸ
1418 5356 1474 5408 δὲ
1516 5360 1608 5410 καὶ
1639 5376 1734 5410 τα-

157 5441 319 5509 ραχῆς
346 5440 534 5509 οὔσης,
575 5441 671 5495 καὶ
700 5443 795 5496 τοῦ
839 5445 1043 5515 ἀνέμου
1081 5449 1517 5518 ἐναντιουμένου,
1541 5452 1731 5506 ἐπίτα-

160 5545 235 5592 σις
253 5531 344 5584 τοῦ
371 5531 679 5602 θαύματος.
708 5535 772 5588 Οί
800 5536 858 5588 δὲ
889 5538 1182 5592 ἀπόστολοι
1237 5542 1297 5593 ού
1338 5547 1614 5607 συνιέντες
1638 5545 1733 5598 ἐπὶ

157 5623 262 5684 τοῖς
299 5624 510 5693 ἄρτοις,
558 5625 669 5677 ἀπὸ
711 5626 903 5681 τούτου
933 5630 1029 5682 τοῦ
1076 5631 1354 5702 θαύματος
1388 5636 1481 5688 τοῦ
1530 5640 1623 5691 ἐπὶ
1662 5641 1730 5710 τῇ

159 5711 386 5789 θαλάσσῃ
412 5720 660 5789 συνῆκαν
683 5735 699 5750 ο
727 5719 905 5776 ἔοικεν
921 5719 1014 5776 οὖν
1042 5725 1069 5776 ὁ
1090 5725 1328 5794 Χριστὸς
1347 5732 1439 5780 καὶ
1466 5729 1555 5785 διὰ
1574 5732 1734 5785 τοῦτο

164 5812 504 5881 συγχωρῆσαι
560 5811 760 5876 αὐτοὺς
793 5817 1180 5886 πειρασθῆναι,
1217 5820 1302 5872 ἵνα
1342 5823 1464 5874 ἐπεὶ
1517 5824 1592 5894 μὴ
1627 5825 1735 5878 ἀπὸ

1841 4647 1958 4684 runt
2005 4631 2434 4700 diﬂicultatibus,
2500 4637 2550 4690 in
2600 4639 2860 4709 majorem
2888 4642 3010 4697 illus
3037 4655 3300 4701 terrorem
3337 4652 3430 4704 ad-

1838 4722 2010 4778 ducit.
2052 4723 2179 4780 Viso
2203 4727 2368 4796 igitur
2396 4729 2507 4795 illo,
2531 4733 2907 4790 elamaverunt
2943 4740 3138 4793 turbati
3171 4751 3426 4813 tanquam

1841 4816 1891 4868 in
1954 4816 2357 4884 phantasmate,
2385 4831 2436 4874 et
2456 4824 2638 4876 statim
2672 4840 2768 4892 per
2798 4842 2985 4882 vocem
3019 4835 3294 4887 succurrit
3327 4838 3427 4901 eis,

1839 4909 2064 4962 dicens:
2099 4909 2170 4964 Ne
2222 4916 2557 4970 terreamini.
2594 4918 2793 4972 Deinde
2828 4931 2881 4975 et
2906 4937 3002 4992 per
3035 4923 3343 4994 ingressum
3378 4934 3429 4985 itt

1839 5001 2039 5067 natim,
2091 5002 2351 5070 majorem
2398 5007 2503 5062 illis
2545 5011 2892 5067 securitatem
2920 5018 3080 5083 parit.
3130 5021 3430 5078 Confestim

1837 5092 1979 5145 enim
2014 5095 2559 5164 conquievitventus.
2595 5100 2845 5172 Magnum
2876 5119 3057 5162 autem
3084 5112 3429 5178 miraculum,

1839 5185 2120 5240 ambulare
2172 5203 2333 5257 super
2381 5207 2550 5255 mare,
2585 5205 2638 5248 et
2674 5209 2860 5250 revera
2886 5193 3129 5255 divinum
3172 5226 3180 5254 τ
3218 5218 3271 5258 et
3311 5223 3432 5260 cum

1837 5287 1982 5330 esset
2034 5288 2180 5332 tanta
2260 5292 2572 5352 tempestas,
2615 5297 2833 5356 tamque
2873 5297 3181 5350 contrarius
3214 5311 3431 5366 ventus,

1837 5367 2085 5422 miraculi
2146 5373 2539 5428 incrementum
2578 5389 2713 5431 crat.
2773 5385 3016 5448 Apostoli
3073 5398 3256 5443 autem
3308 5406 3429 5445 cum

1838 5474 1949 5512 non
2001 5463 2395 5520 intellexissent
2429 5469 2492 5521 de
2539 5473 2787 5536 panibus,
2827 5489 2908 5526 -εκ
2943 5475 3043 5530 ltoc
3075 5479 3343 5536 miraculo
3375 5485 3428 5535 in

1838 5554 1976 5607 mari
2024 5555 2425 5613 intellexerunt.
2481 5560 2708 5617 Videtur
2755 5581 2889 5620 sane
2922 5568 3177 5627 Christus
3209 5585 3434 5642 propter

1838 5644 1941 5699 hoc
1977 5649 2289 5712 permisisse
2341 5652 2459 5705 illos
2505 5659 2721 5722 tentari,
2760 5667 2817 5711 nt
2847 5662 3101 5728 quoniam
3137 5680 3164 5714 a
3199 5666 3434 5731 panibus

1839 5750 1960 5788 eum
1993 5752 2096 5791 non
2122 5742 2522 5810 cognovissent,
2558 5749 2806 5803 notitiam
2839 5767 2868 5804 a
2899 5754 3032 5807 mari
3065 5757 3433 5824 perciperent,

1838 5835 2002 5898 atque
2031 5832 2318 5886 utilitatem
2349 5851 2835 5907 consequerentur.

161 5899 258 5960 τῶν
285 5902 469 5972 ἄρτων
493 5901 661 5955 αὐτὸν
691 5904 1026 5974 ἐπέγνωσαν,
1066 5911 1359 5978 ἐπιγνῶσιν
1383 5913 1489 5966 ἀπο
1521 5917 1614 5986 τῆς
1649 5917 1942 5989 θαλάσσης,
1970 5923 2063 5974 καί
2084 5923 2461 5995 ὠφεληθείην.
