4010 6402
141 385 239 453 εει
832 380 1289 456 ENARRAJ‘IO
1327 380 1413 440 IN
1446 376 1949 439 EVANGELIUM
1992 376 2255 436 M‘ARCI.
2294 400 2359 411 -
2396 375 2555 436 CAP.
2584 374 2719 441 VII.
3316 374 3422 439 56!

144 500 364 569 ρήσητε.
400 495 610 565 Μωσῆς
633 493 742 567 γὰρ
771 488 894 548 εἷπε
916 511 929 525 ·
966 494 1115 566 Τίμα
1142 494 1233 547 τὸν
1256 492 1474 563 πατέρα
1502 507 1597 544 σου
1625 490 1731 543 καὶ.⁷

1851 498 2056 544 natrem
2098 498 2276 557 tuam;
2311 498 2368 547 et
2401 507 2415 545 :
2445 488 2549 556 Qui
2595 485 2943 545 maledixerit
2970 486 3112 555 patri
3168 485 3253 543 vel
3303 504 3420 542 ma-

268 562 493 660 tari-cepa.
675 562 795 653 καὶ,
848 587 906 641 '0
940 562 1258 655 κακολογῶν
1299 584 1512 655 πατέρα
1544 586 1578 658 ἢ
1625 601 1730 654 μη-

1851 582 1930 647 ;ri,
1958 589 2132 649 morte
2163 581 2448 637 moriatur.
2483 580 2593 636 Vos
2622 590 2813 637 autem
2853 577 3077 653 dicitis:
3121 578 3179 635 Si
3216 580 3418 665 dixerit

149 680 301 749 τέρα,
333 678 557 749 θανάτῳ
610 676 937 731 τελευτάτω.
984 676 1175 746 Ὑμεῖς
1223 675 1284 730 δέ
1312 675 1501 743 λέγετε
1528 691 1542 705 ο
1601 674 1730 728 Ἐὰν

1851 690 1996 749 nomo
2042 674 2182 744 patri
2221 683 2313 729 aut
2364 674 2543 751 matri.
2577 672 2818 738 Corban,
2870 671 3016 741 quod
3043 683 3149 735 est,
3188 671 3424 739 Donum,

145 772 267 840 είπῃ
295 767 591 841 ἄνθρωπος
639 766 719 837 τῷ
771 766 943 837 πατρὶ
982 766 1014 837 ἢ
1063 768 1130 837 τῇ
1181 767 1375 837 μητρὶ,
1424 764 1668 836 Κορϐάν,
1702 764 1731 817 6

1851 767 2204 838 quodcunque
2235 764 2299 822 ex
2339 773 2427 822 me
2487 765 2541 821 in
2572 776 2729 820 tuum
2769 765 2927 821 cedet
2950 764 3328 829 commodum,
3365 772 3421 818 et

151 838 265 915 ιστῐ
292 838 503 928 Δῶρον,
534 857 563 910 6
598 856 694 931 έάν
741 854 803 921 ἐξ
845 855 981 925 ἐμοῦ
1014 856 1325 927 ὠφεληθῇς,
1363 856 1459 909 καὶ
1497 855 1600 909 οὐκ
1648 853 1732 908 ἔτι

1851 864 2093 910 interea
2144 870 2253 910 non
2317 855 2639 912 slnitiseum
2684 851 2983 923 quidquam
3020 852 3224 919 iacere
3280 855 3421 922 patri

143 950 332 1020 ἀφίετε
364 948 531 1004 αὑτὸν
578 933 733 1000 οῦδὲν
759 946 987 1015 ποιῆσαι
1030 945 1110 1016 τῷ
1161 946 1330 1016 πατρῖ⁵
1370 943 1538 1000 αὑτοῦ
1579 944 1612 1015 ἢ
1661 946 1728 1015 τῇ

1851 962 1953 1012 suo,
1982 955 2076 1002 aut
2108 947 2270 1004 matri
2309 961 2447 1013 suae,
2476 955 2531 1001 ct
2567 945 2781 1003 irritum
2815 944 2995 1000 facitis
3045 944 3275 1021 mbula
3327 943 3421 1000 Dci

154 1039 321 1109 μητρὶ
373 1036 566 1101 αὐτοῦ,
625 1035 962 1105 ἀκυροῦντες
1014 1036 1107 1090 τὸν
1161 1036 1319 1105 λόγον
1364 1034 1461 1091 τοῦ
1487 1034 1624 1088 Θεοῦ
1659 1034 1726 1105 τῇ

1851 1054 1931 1093 ter
1961 1038 2410 1095 constitutionem
2469 1046 2708 1097 vestram
2770 1052 2933 1107 quam
2981 1035 3322 1101 tudidixtis,
3360 1048 3419 1092 et

146 1130 443 1200 παραδόσει
467 1122 673 1201 ὑμῶνῇ
696 1128 1050 1199 παρεδώκατε
1087 1167 1102 1192 ,
1135 1128 1231 1182 καὶ
1255 1128 1535 1202 παρόμοια
1551 1126 1731 1181 τοιαῦ-

1851 1130 1999 1203 hoc
2032 1131 2232 1186 similia
2266 1128 2769 1201 hujusmodimulta
2792 1128 3008 1186 .facitis’.
3047 1126 3426 1209 iUtgravius

146 1240 208 1276 τα
240 1221 417 1275 πολλά
474 1223 700 1275 ποιεῖτε.
737 1240 755 1273 ι
804 1220 1269 1297 Ἐμϐριθέστερον
1310 1220 1553 1289 ἐλέγχων
1600 1220 1728 1282 τοὺς

1851 1230 2031 1295 arguat
2085 1222 2349 1276 Dominus
2390 1219 2631 1287 ludatur,
2678 1221 2900 1278 adducit
2941 1231 2996 1277 et
3036 1208 3360 1291 prophetam
3392 1236 3422 1276 a

159 1312 453 1376 Ἰουδαίους
482 1313 511 1364 ὁ
564 1310 791 1382 Κύριος,
850 1312 1094 1383 παράγει
1145 1296 1269 1364 καὶν
1300 1310 1392 1364 τὸν
1442 1312 1732 1381 προφήτην

1851 1331 1943 1385 luo
1977 1299 2254 1372 taxantur.
2297 1313 2375 1369 Illi
2405 1315 2553 1375 enim
2590 1314 2887 1391 discipulos
2945 1314 3247 1384 arguebant
3280 1316 3417 1385 quot

149 1403 563 1476 κατηγοροῦντα
614 1402 814 1465 αὐτῶν.
867 1403 1098 1457 Ἐκεῖνοι
1138 1404 1236 1473 μὲν
1260 1401 1353 1460 οῦν
1382 1403 1493 1465 τοῖς
1548 1401 1727 1472 μαθη-

1851 1408 2114 1463 seniorum
2154 1408 2504 1477 traditionem
2532 1407 2887 1481 praevaricati
2928 1416 3132 1477 essent.
3160 1406 3398 1472 Dominn

146 1499 260 1559 ταῖς
286 1495 582 1567 ἐνεκάλουν
609 1494 691 1547 ὅτι
724 1493 823 1565 τὴν
850 1495 962 1547 τῶν
995 1494 1386 1565 πρεσϐυτέρων
1421 1494 1728 1565 παράδοσιν

1851 1509 2017 1555 tntem
2053 1500 2132 1554 eis
2154 1499 2402 1572 impingit
2419 1500 2629 1555 crimen
2654 1500 2813 1569 longe
2834 1498 3077 1568 gravius,
3102 1499 3245 1568 quod
3263 1497 3418 1557 Mosi:

147 1587 479 1657 παρέϐαινον
512 1627 527 1653 ,
552 1589 583 1641 6
616 1587 822 1660 Κύριος
879 1589 937 1642 δὲ
969 1590 1157 1653 αὐτοῖς
1203 1588 1561 1659 ἀντεπιφέρει
1594 1603 1729 1655 atpo-

1852 1608 2003 1663 egem
2035 1594 2544 1663 praevaricarentur.
2587 1591 2697 1648 Lex
2718 1594 2863 1647 enim
2898 1590 3153 1658 ait,,dicit
3177 1609 3189 1645 :
3212 1590 3429 1646 Honora

143 1679 403 1751 δρότερον
427 1678 703 1753 ιγκλημα,
737 1680 799 1735 τὸ
824 1681 917 1737 τὸν
938 1680 1032 1735 τοῦ
1060 1680 1310 1751 Μωσέως
1341 1682 1507 1750 νόμον
1546 1696 1729 1749 παραη

1851 1694 2049 1754 patrem
2067 1695 2213 1739 tuum
2232 1694 2285 1741 et
2304 1696 2535 1741 matrem
2552 1694 2698 1741 tuam
2723 1703 2736 1739 :
2757 1700 2851 1740 vos
2871 1693 3054 1739 autem
3072 1684 3280 1740 docetis
3296 1698 3434 1755 pue-

148 1759 379 1825 ϐαίνειν.
436 1770 495 1824 '0
530 1773 632 1842 μέν
663 1772 775 1844 γάρ
824 1773 989 1844 νόμος
1032 1774 1191 1843 φησι,
1241 1772 1423 1841 λέγει·
1460 1773 1609 1841 Τίμα
1641 1771 1733 1823 τὸν

1851 1791 1927 1831 ros
1945 1787 2003 1830 ut
2029 1777 2215 1831 dicant
2233 1778 2304 1831 ad
2318 1787 2593 1847 parentes,
2610 1775 2850 1845 Corban,
2875 1776 2980 1832 hoc
3005 1784 3110 1843 est,
3138 1775 3349 1840 Donum
3378 1785 3435 1831 et

148 1863 363 1934 πατέρα
397 1878 493 1914 σου
524 1864 619 1917 καὶ
646 1863 745 1934 τὴν
770 1864 983 1936 μητέρα
1016 1880 1111 1917 σου
1138 1878 1151 1891 ·
1190 1866 1352 1934 ὑμεῖς’
1377 1864 1434 1918 δὲ
1458 1862 1739 1918 διδάσκετε

1851 1869 2081 1924 oblatum
2145 1868 2258 1926 Deo
2308 1880 2415 1934 est,
2450 1870 2596 1938 quod
2659 1871 2863 1941 quieris
2900 1884 2967 1927 ex
3015 1886 3124 1925 me.
3169 1869 3428 1933 Pharisaei

148 1954 271 2017 τοὺς
318 1952 518 2016 παῖδας
565 1954 742 2023 λέγειν
782 1956 919 2027 πρὸς
962 1957 1089 2019 τοὺς
1145 1960 1343 2027 γονεῖς,
1379 1958 1460 2009 ὅτι
1491 1954 1739 2024 Κορϐάν,

1851 1961 1985 2014 cnim
2019 1960 2269 2025 volentes
2295 1961 2565 2018 devorare
2624 1976 2685 2017 ea
2730 1972 3041 2033 qumterant
3069 1962 3432 2034 plebeiorum,

146 2042 418 2107 τουτέστι,
444 2042 631 2113 Δῶρον
657 2045 750 2100 καὶ
783 2046 1208 2115 ἀνατεθειμένον
1256 2046 1334 2117 τῷ
1364 2045 1483 2116 Θεῷ
1512 2047 1683 2107 ἐστιν,
1709 2041 1739 2096 6

1851 2052 2111 2108 docebant
2144 2066 2369 2121 pueros,
2403 2053 2448 2108 si
2481 2053 2613 2123 quid
2644 2051 2910 2108 haberent
2944 2055 3093 2116 velut
3120 2052 3392 2123 peculium
3418 2092 3433 2118 ,

149 2126 333 2203 ζητεῖς
362 2131 424 2195 ἐξ
452 2133 609 2201 ἐμοῦ.
639 2135 703 2186 Ol
724 2133 833 2204 γὰρ
858 2135 1141 2205 Φαρισαῖοι
1166 2136 1410 2199 θέλοντες
1427 2134 1738 2189 κατεσθίειν

1851 2153 1896 2200 ει
1927 2145 2055 2199 illud
2100 2155 2409 2215 quaererent
2456 2158 2731 2217 parentes,
2759 2146 3050 2203 dicereut:
3085 2144 3205 2202 Iam
3241 2161 3437 2202 conse-

148 2223 217 2277 τὰ
244 2225 355 2276 τῶν
386 2223 796 2295 ἀφελεστέρων,
830 2219 1110 2281 ἐδίδασκον
1152 2230 1277 2291 τοὺς
1309 2229 1533 2291 παῖδας,
1566 2227 1661 2283 ἐάν
1684 2244 1736 2279 τι

1851 2238 1986 2291 cravi
2024 2238 2126 2292 hoc
2154 2238 2264 2294 Deo
2289 2256 2303 2306 ;
2331 2256 2399 2296 ne
2446 2240 2587 2303 ultra
2617 2254 2832 2308 quaras
2888 2240 3001 2310 iam
3047 2240 3293 2297 oblatum
3330 2240 3437 2294 Do-

150 2308 295 2384 εἶχον
320 2313 491 2365 οἱονεὶ
520 2313 833 2381 πεκούλιον,
863 2315 957 2368 καλ⁵
987 2316 1215 2388 ἐζήτουν
1246 2318 1405 2371 τοῦτο
1445 2319 1493 2371 οῖ
1524 2319 1735 2386 γονεῖς,

1851 2330 2010 2383 mino.
2041 2329 2214 2399 Igitur
2243 2332 2323 2388 sic
2355 2331 2704 2402 decipiebant
2742 2308 2961 2403 pueros.
2996 2342 3052 2388 et
3098 2332 3264 2388 simul
3299 2347 3437 2402 per-

72 2406 87 2413 '
150 2404 350 2472 λέγειν,
371 2404 455 2457 ὅτι
486 2403 629 2477 Ἤδη
653 2406 934 2477 ἀφιέρωσα
956 2406 1115 2461 τοῦτο
1139 2408 1216 2480 τῷ
1243 2408 1384 2479 Θεῷ,
1409 2410 1503 2463 καὶ
1539 2408 1738 2480 μηκέτι

1851 2424 2149 2477 suadebant
2185 2424 2267 2479 eis
2306 2432 2365 2483 ut
2404 2416 2801 2481 consecrarent
2840 2423 3072 2480 Domino
3103 2440 3226 2496 qua:
3260 2424 3435 2480 habe-

150 2498 328 2569 ζήτει,
353 2498 431 2561 ὡς
455 2499 719 2553 ἀνατεθὲν
744 2500 821 2574 τῷ
842 2502 1056 2574 Κυρίῳ.
1088 2503 1275 2568 Οὕτως
1297 2503 1391 2557 οὖν
1420 2503 1739 2566 ἀπατῶντες

1851 2520 1968 2566 rent
1998 2498 2010 2565 Ξ
2044 2528 2153 2581 quo
2183 2522 2440 2583 parentes
2468 2514 2741 2573 faciebant
2776 2515 3075 2582 contemni,
3103 2515 3206 2582 ipsi
3242 2515 3427 2569 autem

150 2590 275 2654 τοὺς
321 2591 542 2655 παῖδας,
613 2594 708 2647 καὶ
754 2594 1155 2664 συμπείθοντες
1207 2596 1406 2659 αὐτοὺς
1466 2594 1733 2667 ἀφιεροῦν

1851 2604 2176 2661 devorabam
2213 2609 2320 2672 Deo
2355 2619 2598 2662 sacrata.
2630 2601 2924 2677 Propterea
2965 2606 3148 2678 arguit
3192 2621 3287 2663 eos
3331 2606 3439 2661 Do-

149 2679 311 2752 δῆθεν
349 2682 431 2754 τῷ
471 2684 593 2754 Θεῷ
622 2683 659 2739 ἃ.
696 2681 863 2770 εἶχον,
920 2687 1046 2749 τοὺς
1094 2686 1195 2758 μὲν
1234 2687 1479 2759 πατέρας
1513 2687 1735 2740 ἐποίουν

1851 2696 2043 2765 minus,
2083 2700 2225 2771 quod
2259 2710 2484 2775 propter
2508 2700 2721 2756 lucrum
2752 2699 3232 2771 transgrediautur
3262 2697 3434 2770 legem

154 2778 533 2845 περιφρονεῖν,
590 2762 844 2833 αὐτοιδὲ
881 2778 951 2833 τά
996 2780 1377 2851 ἀφιερωθέντα
1415 2782 1733 2851 κατήσθιον.

155 2865 325 2921 τοῦτο
360 2867 457 2921 οὖν
486 2870 671 2934 αὐτοῖς
698 2872 728 2923 6
780 2870 984 2940 Κύριος
1014 2872 1262 2940 ἐγκαλεῖ,
1286 2872 1363 2936 ὡς
1395 2872 1485 2926 διά
1540 2874 1736 2943 κέρδος

155 2959 558 3028 παραϐαίνουσι
592 2962 687 3016 τὸν
713 2962 809 3016 τυῦ
839 2962 978 3017 Θεοῦ
1028 2964 1215 3035 νόμον.

230 3070 248 3103 ι
278 3053 947 3131 Καὶμπροσκαλεσάμενος
992 3057 1174 3110 πάντα
1216 3055 1308 3111 τὸν
1337 3056 1515 3128 ὄχλον,
1550 3057 1737 3126 ἔλεγεν

156 3143 377 3208 αὐτοῖς·
418 3145 667 3200 ’Δκούετέ
703 3165 825 3218 μου,
871 3151 1098 3213 πάντες,
1142 3150 1236 3203 καὶ
1261 3138 1505 3203 συνίετε·
1568 3150 1736 3217 Οὐδέν

156 3237 302 3290 ἐστιν
332 3235 537 3302 ἔξωθεν
572 3238 670 3291 τοῦ
707 3240 999 3314 ἀνθρώπου
1028 3240 1488 3313 είσπορευόμενον
1524 3242 1605 3305 είς
1643 3242 1741 3294 αύ-

156 3328 268 3393 τον,
300 3327 332 3381 6
359 3328 587 3384 δύναται
625 3331 792 3385 αὑτὸν
825 3332 1112 3398 κοινῶσαι,
1163 3331 1304 3386 ἀλλά
1348 3332 1418 3386 τά
1444 3332 1745 3406 ἐκπορευό-

159 3437 294 3489 μενα
320 3421 421 3475 ἀπ’
436 3422 845 3487 αὐτοῦ,’ἐκεῖνά
870 3427 988 3478 ἐστι
1011 3424 1084 3479 τὰ
1104 3424 1396 3479 κοινοῦντα
1413 3424 1504 3478 τὸν
1537 3423 1748 3495 ἄνθρω‹

156 3503 274 3568 λέον.
317 3514 390 3567 El
441 3531 523 3578 τις
576 3514 692 3585 ἔχει
721 3510 836 3569 ὦτα
890 3514 1134 3579 ἀκούειν,
1190 3514 1461 3569 ἀκουέτω.
1514 3514 1628 3569 Καὶ
1655 3515 1746 3568 ὅτε

156 3606 405 3677 είαῆλθεν
441 3609 521 3677 είς
547 3604 699 3663 οἷκον
728 3610 834 3663 ἀπὸ
867 3608 963 3662 τοῦ
993 3610 1174 3680 ὄχλου,
1234 3607 1541 3680 ἐπηρώτων
1575 3607 1741 3662 αὑτὸν

158 3697 203 3746 oi
240 3694 488 3767 μαθηταὶ
511 3695 682 3751 αὐτοῦ
734 3699 994 3769 περὶτῆς
1043 3698 1381 3770 παραϐολῆς.
1436 3699 1547 3752 Καὶ
1592 3698 1745 3766 λέγει

157 3784 376 3850 αὺτοῖς-ο
412 3785 575 3860 Οὕτω
636 3789 730 3842 καὶ
780 3789 940 3860 ὑμεῖς
973 3789 1226 3845 ἀσύνετοί
1261 3791 1420 3857 tota;
1460 3788 1539 3845 Οὐ
1572 3792 1746 3844 νοεῖτε

158 3875 238 3930 ὅτι
271 3879 387 3931 πᾶν
429 3877 493 3932 τὺ
517 3877 718 3943 ἔξωθεν
754 3880 1217 3952 εἰσπορευόμενον
1275 3882 1354 3944 είς
1385 3882 1479 3935 τὸν
1528 3879 1745 3951 ἀνθρω-

56 4000 61 4001 ί
159 3985 279 4048 πον,
312 3971 375 4024 οὐ
415 3969 641 4025 δύναται
663 3970 832 4045 αὑτὸν*
850 3972 1135 4035 κοινῶσαι,
1176 3973 1385 4027 ὅτιούκ
1421 3971 1747 4045 είσπορεύε-

157 4078 242 4114 ται
276 4061 454 4117 αὐτοῦ
476 4062 558 4125 είς
580 4062 958 4133 τῆν’καρδίαν,
989 4064 1110 4117 ἀλλ’
1137 4065 1219 4127 είς
1250 4065 1350 4135 τὴν
1387 4064 1621 4130 κοιλίαν,
1653 4066 1747 4118 καὶ

158 4155 351 4218 είςττδν
376 4151 671 4225 ἀφεδρῶνα
704 4139 1089 4225 ἐκπορεύεται,
1140 4154 1527 4226 ἐκκαθαρίςων
1566 4154 1746 4209 πάντα

155 4247 220 4299 τά
248 4243 553 4317 βρώματα;
584 4244 779 4314 Ἔλεγε
838 4245 914 4309 δέ,
954 4246 1038 4301 ὅτι
1081 4248 1156 4301 Τὸ
1194 4250 1281 4314 ἐκ¹
1314 4248 1412 4301 τοῦ
1451 4247 1745 4319 ἀνθρώπου

152 4336 622 4409 ἐκπορευόμενον,
637 4338 813 4390 ἐκεῖνο
832 4339 1006 4391 κοινοῖ
1048 4338 1143 4391 τὸν
1157 4338 1470 4410 ἄνθρωπον.
1493 4340 1741 4394 Ἐσωθεν

157 4432 262 4503 γὰρ
283 4436 355 4487 ἐκ
387 4430 494 4502 τῆς
516 4430 747 4499 καρδίας
770 4430 880 4485 τῶν
906 4431 1215 4503 ἀνθρώπων
1244 4433 1295 4485 οί
1323 4432 1669 4504 διαλογισμοὶ
1693 4437 1743 4488 οί

1842 2786 1959 2842 Dei.

1930 3056 2094 3117 Vsus.
2136 3059 2329 3137 “:23.
2369 3080 2388 3113 ι
2430 3060 2496 3113 Et
2537 3076 2658 3115 cum
2716 3062 3036 3118 advocssset
3068 3062 3242 3118 adse
3272 3072 3439 3119 totam

1847 3150 2081 3214 turbam,
2115 3151 2334 3206 dicebat
2357 3152 2461 3206 illis
2492 3171 2503 3205 :
2530 3152 2744 3234 Audite
2768 3167 2874 3217 me,
2898 3167 3114 3218 omnes,
3142 3164 3199 3211 et
3240 3154 3444 3209 intelli.

1848 3241 1959 3311 gite
1990 3260 2003 3295 :
2051 3242 2197 3298 Nihil
2248 3254 2332 3300 est
2361 3254 2519 3299 extra
2584 3242 2875 3301 hominem
2898 3246 3164 3302 introiens
3198 3247 3251 3305 in
3286 3262 3437 3310 eum,

1848 3334 1993 3403 quod
2016 3336 2343 3405 possiteum
2402 3336 2729 3405 inquinare:
2793 3338 2889 3392 :ed
2920 3330 3055 3408 quat
3094 3339 3161 3395 de
3217 3338 3444 3393 homine

1849 3427 2175 3495 procedunt,
2236 3427 2328 3482 illa
2380 3437 2508 3484 sunt
2539 3444 2660 3499 qua
2704 3428 2997 3503 inquinant
3037 3430 3337 3486 hominem.
3384 3429 3443 3485 Si

1848 3516 1972 3585 quis
2004 3516 2167 3572 habet
2200 3533 2364 3573 aures
2429 3518 2497 3573 ad
2547 3518 2904 3586 audiendum,
2953 3519 3165 3575 audiat.
3204 3518 3275 3590 Et
3318 3535 3441 3576 cum

1849 3607 2111 3664 intrasset
2152 3609 2207 3665 in
2240 3612 2462 3665 domum
2490 3622 2739 3678 semotus
2764 3626 2792 3664 a
2820 3611 3002 3678 turba,
3033 3615 3446 3685 interrogabant

1849 3713 1976 3754 eum
2008 3700 2261 3771 discipuli
2295 3700 2432 3790 ejus.
2455 3701 2522 3755 de
2554 3700 2837 3772 parabOla.
2875 3700 2941 3756 Et
2978 3704 3051 3756 ait
3088 3703 3196 3790 ειμι
3234 3722 3249 3758 :
3288 3702 3439 3757 Adeo

1850 3801 1906 3847 et
1949 3807 2047 3858 vos
2105 3788 2463 3864 intelligentia
2521 3794 2765 3848 caretis?
2816 3792 3069 3848 Nondum
3132 3788 3445 3871 intplligitis

1850 3886 1993 3954 quod
2031 3899 2197 3940 omne
2226 3883 2360 3941 foris
2403 3886 2669 3942 introiens
2694 3887 2749 3941 in
2775 3886 3077 3953 hominem,
3116 3893 3227 3944 non
3256 3898 3442 3961 potest

1849 3990 1971 4029 eum
2014 3976 2325 4045 inquinare,
2356 3976 2485 4046 quia
2519 3992 2627 4031 non
2680 3978 2850 4033 intrat
2883 3979 2935 4033 in
2968 3993 3065 4034 cor
3090 3981 3232 4049 ejus,
3261 3982 3358 4036 sed
3386 3982 3440 4037 in

1850 4074 2116 4131 ventrem,
2169 4078 2223 4121 et
2271 4069 2321 4121 in
2371 4083 2649 4123 secessum
2702 4071 2835 4138 exit,
2896 4085 3199 4143 repurgans
3252 4086 3444 4130 omnes

1849 4157 2039 4214 escas?
2067 4157 2292 4215 Dicebat
2324 4170 2548 4215 autem:
2585 4158 2739 4226 Quod
2794 4161 2863 4216 ab
2892 4162 3112 4218 homine
3148 4163 3280 4227 exit,
3314 4163 3445 4219 illud

1850 4254 2105 4322 inquinat
2148 4252 2452 4307 hominem.
2484 4251 2567 4306 Ab
2605 4252 2961 4307 interioribus
2993 4252 3139 4308 enim
3180 4254 3247 4323 de
3276 4255 3441 4309 corde

1851 4344 2134 4398 hominum
2164 4346 2319 4400 mal-.e
2355 4344 2719 4415 cogitationes
2766 4345 3093 4416 procedunt,
3142 4347 3438 4414 adulteria,

1849 4445 2060 4505 stupra,
2102 4432 2613 4504 ltomicidi'aJurta,
2658 4438 2928 4504 avaritiae,
2968 4439 3210 4505 fraudes,
3256 4440 3436 4504 dolus,

158 4530 318 4583 κακοὶ
350 4526 773 4597 ἐκπορεύονται,
812 4525 1074 4596 μοιχεῖαι,
1107 4527 1379 4596 πορνεῖαι,
1411 4527 1577 4595 φόνοι,
1618 4527 1744 4581 κλο-

1852 4528 2215 4597 impudicitia,
2270 4528 2446 4584 malus
2478 4529 2692 4597 oculus,
2748 4530 3111 4601 blasphemia,
3157 4533 3436 4603 superbia,

159 4621 275 4683 παὶ,
316 4615 652 4681 πλεονεξίαι,
683 4616 966 4685 πονηρίαι,
994 4615 1169 4679 δόλος,
1220 4614 1500 4685 ἀσέλγεια,
1538 4616 1742 4686 ὀφθαλ-

160 4713 255 4782 μὸς
286 4709 554 4782 πονηρὸς,
613 4706 956 4787 βλασφημία,
1008 4709 1383 4779 ὑπερηφανία,
1433 4710 1737 4783 ἀφροσύνη·

160 4808 336 4859 πάντα
364 4801 543 4856 ταῦτα
576 4801 647 4856 τά
695 4802 908 4881 πονηρά
962 4800 1168 4855 ἰσωθεν
1214 4802 1600 4874 ἐκπορεύεται,
1651 4806 1746 4857 καὶ

160 4895 329 4948 κοινοῖ
381 4893 476 4946 τὸν
515 4890 825 4963 ἄνθρωπον.
864 4909 885 4943 ε
938 4890 997 4944 '0
1042 4882 1249 4959 Κύριος
1298 4891 1570 4946 διδάσκων
1617 4895 1747 4959 τοὺς
1802 4888 1817 4910 ”

158 4987 479 5058 ἀνθρώπους
513 4985 597 5038 ὅτι
630 4985 699 5039 τὰ
724 4982 835 5038 τῶν
861 4982 1176 5054 βρωμάτων
1210 4987 1664 5057 παρατηρήματα
1709 4986 1745 5041 ἀ

157 5078 374 5150 ddito;
415 5075 753 5146 διαγορεύει,
797 5076 899 5128 οὐκ
930 5075 1224 5145 ὀφείλομεν
1289 5079 1433 5131 νοεῖν
1500 5094 1741 5147 σωματι-

159 5171 290 5237 κῶς,
341 5170 576 5241 ἄρχεται
626 5168 881 5223 ἐντεῦθεν
915 5168 1329 5223 ἀποκαλύπτειν
1377 5172 1622 5241 μετρίως
1678 5172 1743 5225 τὸ

157 5262 248 5316 τοῦ
279 5264 446 5333 νόμου
476 5260 745 5332 βούλημα.
784 5258 897 5314 Καί
923 5262 1089 5329 φησιν
1114 5259 1197 5316 ὅτι
1231 5260 1384 5315 οὐδὲν
1418 5261 1528 5314 τῶν
1553 5263 1743 5317 εἰσπο-

164 5354 467 5423 ρευομένων
488 5352 717 5405 δύναται
749 5352 1035 5420 κοινῶσαι,
1061 5356 1332 5423 τουτέστι,
1370 5358 1563 5426 μιᾶναί
1597 5377 1742 5427 τινα,

164 5441 294 5497 ἀλλά
324 5443 394 5498 τὰ
424 5443 842 5514 ἐκπορευόμενα
870 5445 933 5498 ἐκ
977 5445 1080 5515 τῆς
1128 5447 1380 5518 καρδίας,
1416 5434 1602 5504 ἐκεῖνά
1636 5454 1744 5505 είσι

166 5533 231 5585 τὰ
266 5536 576 5603 μιαίνοντα,
613 5534 710 5589 καὶ
756 5535 1047 5604 καταλέγει
1078 5537 1274 5593 ταῦτα.
1315 5539 1628 5612 Ὀφθαλμὸν
1688 5544 1743 5597 δὲ

170 5627 388 5695 πονηρόν
433 5643 628 5697 φησιν,
675 5627 709 5697 ἦ
770 5627 862 5682 τὸν
908 5628 1125 5697 φθόνον,
1183 5631 1216 5701 ἢ
1272 5632 1372 5700 τὴν
1412 5634 1740 5689 ἀκολασίανο

170 5719 254 5768 καὶ
301 5719 407 5790 γὰρ
464 5719 563 5772 καὶ
625 5720 654 5772 6
709 5719 943 5789 φθονῶν,
1002 5721 1285 5792 ὀφθαλμὸν
1344 5725 1583 5795 πονηρὸν
1648 5729 1743 5780 καὶ

176 5805 424 5867 Ξάσκανον
456 5810 745 5883 ἐπιϐάλλει
792 5811 869 5869 τῶ
892 5812 1244 5882 φθονουμένῳ
1272 5832 1284 5845 θ
1322 5816 1417 5871 καὶ
1442 5815 1742 5883 ἀκόλαστος

1850 4619 2079 4674 stultitia
2115 4638 2130 4675 :
2168 4620 2353 4675 omnia
2382 4621 2499 4679 haec
2531 4620 2675 4676 mala
2712 4621 2781 4678 ab
2817 4622 3067 4678 internis.
3111 4627 3435 4693 procedunt,

1849 4722 1905 4767 et
1934 4713 2607 4783 coinquinanthominem.
2644 4733 2663 4767 ι
2682 4716 2943 4771 Dominus
2958 4717 3159 4772 docens
3188 4718 3438 4774 homines

1849 4805 1994 4885 quod
2027 4805 2275 4859 ciborum
2307 4806 2725 4863 observationes
2754 4821 2894 4875 quas
2924 4806 3008 4861 lex
3030 4808 3299 4877 praecipit,
3328 4824 3435 4867 non

1850 4896 2149 4967 debeamus
2178 4897 2540 4969 corporaliter
2566 4897 2893 4968 intelligere,
2944 4897 3135 4970 incipit
3187 4901 3289 4954 hoc
3321 4901 3439 4956 loco

1849 4986 1985 5058 legis
2022 4999 2257 5045 mentem
2287 4990 2521 5059 aperire,
2574 4991 2762 5046 dicens
2797 5029 2812 5053 ,
2852 4989 2989 5045 nihil
3030 4991 3174 5060 quod
3201 4992 3441 5064 ingredi-

1851 5090 1963 5143 tur,
1998 5072 2157 5151 posse
2206 5095 2554 5137 communem
2608 5080 2809 5147 facere,
2860 5082 2964 5137 hoc
3016 5093 3102 5137 est
3148 5085 3439 5154 inquinare

1849 5174 2165 5251 quempiam
2194 5191 2209 5229 :
2242 5174 2337 5231 sed
2374 5190 2439 5229 ea
2463 5190 2583 5244 quae
2619 5174 2980 5245 egrediuntur
3003 5176 3069 5231 de
3099 5178 3287 5231 corde.
3344 5176 3437 5230 llla

1850 5264 1998 5321 enim
2021 5274 2148 5319 sunt
2181 5279 2302 5335 qua:
2334 5264 2645 5335 inquinant,
2672 5274 2727 5319 et
2754 5273 3039 5320 enumerat
3083 5280 3169 5320 ea.
3208 5265 3439 5323 Oculum

1850 5355 2051 5411 malum
2112 5356 2291 5426 inquit
2340 5356 2425 5412 vel
2464 5357 2744 5422 invidiam,
2784 5358 2868 5412 vel
2908 5357 3432 5427 intemperantiam:

1848 5448 2048 5504 etenim
2101 5447 2318 5503 invidus
2351 5446 2567 5502 oculum
2596 5448 2795 5501 malum
2822 5456 2877 5503 et
2917 5447 3189 5504 fascinum
3226 5449 3435 5504 immit-

1850 5541 1913 5594 tit
1939 5540 1991 5594 in
2024 5554 2147 5595 eum
2172 5541 2259 5606 cui
2288 5539 2499 5595 invidet
2530 5580 2545 5606 ,
2582 5548 2639 5595 et
2669 5540 3040 5609 intemperans
3090 5554 3186 5610 per
3218 5538 3436 5595 oculum

1849 5633 2061 5698 videns,
2106 5632 2309 5687 malum
2350 5634 2602 5689 accersit.
2654 5631 3055 5703 Blaspttemiam
3089 5643 3266 5686 autem
3306 5632 3437 5688 dicit

1850 5727 2151 5781 convicium
2210 5726 2264 5780 in
2326 5726 2516 5791 Deum,
2577 5736 2633 5780 ut
2690 5726 2735 5779 si
2813 5726 2937 5796 quis
3018 5726 3163 5780 dicat
3220 5744 3234 5779 :
3318 5724 3435 5780 Non

1848 5829 1929 5876 est
1956 5820 2317 5888 providentia,
2357 5820 2457 5876 hoc
2480 5818 2816 5888 blasphemia
2847 5828 2964 5886 est;
2993 5828 3046 5874 et
3076 5818 3198 5876 ideo
3246 5834 3438 5889 super-
