4010 6412
140 358 236 421 565

140 465 483 540 εὐεργεσίαν,
520 462 589 533 ἣν
611 462 730 525 τοῖς
780 457 1039 531 παιδίοις,
1086 459 1208 529 ἦτοι
1251 456 1365 519 τοῖς

139 557 417 627 ἀφώρισεν
444 554 472 607 ὁ
488 551 624 616 Θεός
658 567 672 579 ’
703 552 802 613 τὰς
817 548 927 619 γὰρ
950 548 1275 621 εὐεργεσίας
1296 548 1411 609 τοῖς
1451 544 1733 615 Ἐὄραίοις

142 645 444 701 ἀπέστειλε.
461 644 633 714 Φησὶν
652 641 749 695 οὖν
772 642 801 695 ὁ
831 640 1060 712 Κύριος,
1079 640 1191 702 ὅτι,
1209 637 1287 691 Οὐ
1314 637 1398 690 δεῖ
1419 638 1548 700 τοὺς
1584 635 1733 688 ἐθνι-

147 739 270 800 κοὺς
320 737 619 807 μετασχεῖν
676 734 778 803 τῆς
834 730 1160 802 εὐεργεσίας
1202 730 1237 800 ἢ
1290 731 1406 792 τοῖς
1452 727 1735 791 Ἰουδαίοις

145 830 493 900 ἀφώρισται-ο
528 826 654 879 ἰπεὶ
681 825 739 879 δὲ
798 824 1036 887 συνετῶς
1064 820 1343 893 ἀπεκρίθη
1384 823 1429 892 η’
1469 820 1609 889 γυνὴ
1638 821 1734 874 καὶ

144 922 372 987 πιστῶς,
411 919 572 989 ἔτυχε
625 917 725 988 τῆς
784 914 1102 985 ιπιθυμίας.
1146 914 1233 969 OE’
1272 912 1374 983 μὲν
1439 913 1550 983 γὰρ
1588 912 1725 966 ’1ου-

142 1016 304 1078 Sciet,
344 1011 506 1079 φησϊ,
540 1009 631 1062 τδν
660 1009 824 1078 ἄρτον
856 1005 1363 1077 ἕχουσι,τουτέστι,
1398 1004 1462 1057 σε
1495 1004 1736 1075 δλόκρη-

147 1125 254 1179 ρον,
297 1104 393 1157 τὸν
416 1102 480 1168 ἐξ
510 1100 745 1173 ούρανοῦ
777 1098 1114 1167 καταϐάντα,
1168 1099 1265 1151 καὶ
1307 1096 1408 1159 τὰς
1445 1095 1545 1160 σὰς
1575 1097 1737 1167 εὐερ-

141 1195 335 1263 γεσίας
358 1209 372 1223 ·
410 1191 524 1261 ἐγὼ
550 1192 608 1245 δὲ
636 1190 798 1262 ψιχία
820 1188 980 1253 αίτῶ,
1006 1187 1279 1252 τουτέστι,
1311 1186 1548 1259 μερικὴν
1577 1186 1737 1258 εὐερ-

144 1290 357 1356 γεσίαν.
391 1288 537 1357 Ὅρα
562 1286 621 1341 δι
648 1286 745 1339 καὶ
773 1284 867 1337 τὸν
897 1282 1103 1352 Κύριον
1122 1321 1136 1344 ,
1169 1280 1286 1344 πῶς
1312 1280 1416 1333 οὐκ
1437 1275 1596 1333 εἶπεν
1627 1280 1737 1345 ὅτι,

149 1376 215 1431 Ἠ
244 1376 478 1446 δύναμίς
521 1392 622 1443 μου
650 1373 824 1427 [cmi
856 1389 937 1427 σε.
956 1370 1117 1426 Ἀλλὰ
1148 1370 1200 1423 τί
1224 1370 1505 1439 φησι”;Διὰ
1533 1370 1625 1423 τὸν
1654 1369 1743 1421 λό-

142 1486 237 1537 γον
267 1467 484 1531 τοῦτον,
513 1466 786 1529 τουτέστι,
819 1463 909 1518 διὰ
970 1462 1070 1534 τὴν
1130 1460 1315 1515 πίστιν
1348 1478 1467 1524 σου,
1528 1460 1737 1529 ὕπαγε,

144 1556 491 1629 ἐκαθαρίσθη
548 1556 661 1627 γὰρ
718 1557 751 1626 ή
791 1554 1038 1623 Θυγάτηρ
1072 1570 1191 1607 σου.
1231 1551 1491 1607 Μάνθανε
1525 1546 1619 1607 οὖν
1647 1552 1744 1605 καὶ

146 1653 208 1706 σὺ
264 1648 524 1704 δντεῦθεν
577 1646 860 1717 επωφελὲς
923 1646 1179 1717 μάθημα,
1221 1643 1335 1699 Καὶ
1362 1642 1476 1714 γὰρ
1510 1642 1745 1706 ῐκαστος

145 1743 306 1814 ήμῶν
341 1743 475 1794 ὃταν
510 1738 829 1811 ἁμαρτάνῃ,
869 1739 1008 1808 γυνή
1057 1740 1197 1802 ἐστι,
1233 1737 1544 1802 τουτέστιν,
1576 1735 1743 1789 ἀσθε-

148 1800 236 1906 νής
257 1835 439 1905 ψυχή·
466 1800 893 1897 Φοινίκισσαῗδὲ,
1038 1830 1137 1900 τὴν
1170 1800 1740 1899 φοινεκὴνάμαρτίαν
1778 1800 1821 1855 Β

150 1932 243 1982 καὶ
273 1927 567 1998 αἱματώδη
597 1925 695 1979 καὶ⁵
749 1922 1074 1993 φονεύτριαν
1109 1922 1332 1994 ἔχουσα.
1368 1921 1657 1991 Θυγατέρα
1682 1920 1742 1973 δὲ

150 2022 266 2090 εχει
320 2020 354 2089 ή
398 2018 624 2087 τοιαύτη
662 2015 835 2086 ψυχὴ,
893 2016 991 2086 τὴν
1035 2014 1283 2085 πονηράν
1341 2013 1567 2085 πρᾶξιν,
1622 2013 1748 2083 ἥτις

150 2113 261 2183 ἔχει
292 2112 600 2181 δαιμόνιον.
651 2109 719 2163 Ai
768 2109 877 2179 γὰρ
907 2109 1146 2179 πονηραὶ
1178 2104 1429 2176 πράξεις,
1472 2104 1746 2175 δαιμόνων

149 2202 312 2255 είσίνο
373 2199 699 2271 ἁμαρτωλοὶ
745 2198 839 2253 οὖν
874 2198 1047 2263 ὄντες,
1089 2198 1184 2252 καὶ
1214 2197 1450 2269 κυνάρια
1478 2196 1746 2265 ὀνομαζό-

154 2293 318 2361 μεθα,
365 2292 713 2361 ἀκαθαρσίας
767 2290 1047 2361 γέμοντα·
1076 2288 1165 2343 διὰ
1212 2289 1374 2342 τοῦτο
1423 2287 1547 2342 οὐδὲ
1598 2286 1744 2353 ἄξιοί

153 2386 322 2454 ἐσμεν
374 2383 563 2437 λαϐεῖν
590 2382 683 2436 τδν
714 2383 880 2454 ἄρτον
910 2381 1004 2436 τοῦ
1055 2380 1217 2445 Θεοῦ,
1254 2382 1375 2451 ἦτοι
1412 2379 1742 2451 μεταλαϐεῖν

824 347 972 409 ENA
982 338 1275 407 RRATIO
1317 338 1413 403 IN
1447 337 1751 404 EVANGE

1859 336 1955 400 ΠΜ
1998 337 2271 399 ΜᾹΒΟῙ.
2314 360 2383 378 ε·-
2420 336 2584 399 CAP.
2613 335 2754 399 VII.

1456 451 1735 524 Εδραίοις,
1766 452 1815 512 Α
1842 448 1982 516 Quia
2015 464 2148 505 vero
2199 448 2506 519 prudenter
2539 447 2825 518 respondit
2856 446 3053 501 mulier
3097 456 3151 502 et
3181 448 3435 515 ﬁdeliter,

3323 334 3431 402 566

1840 540 2100 597 desiderii
2154 539 2307 596 facta
2356 547 2443 596 est
2483 553 2730 609 compos.
2789 537 2961 595 Judaei
3018 538 3188 604 enim,
3240 539 3437 609 inquit,

1839 643 2035 702 panem
2065 630 2292 695 habent,
2316 630 2417 686 hoc
2436 638 2523 686 est
2554 638 2609 685 te
2638 638 2835 694 totum,
2858 627 2955 698 qui
2972 642 3004 682 e
3027 628 3183 684 caelis
3214 630 3440 684 descen—

1839 723 1993 791 disti,
2018 736 2075 779 et
2108 723 2375 780 beneﬁcia
2410 733 2499 778 tua
2530 740 2545 777 :
2580 732 2637 778 at
2669 736 2772 791 ego
2802 722 2977 777 micas
3022 732 3177 791 peto,
3214 722 3321 778 hoc
3352 731 3441 776 est

1839 816 2171 872 beneficium
2250 813 2609 887 particulam.
2688 812 2829 869 Vide
2893 822 3075 867 autem
3155 814 3440 868 Dominum

1841 904 2117 973 quomodo
2143 917 2250 957 non
2288 904 2489 958 dixerit
2522 921 2537 958 :
2577 901 2770 958 Virtus
2804 916 2924 957 mea
2952 901 3189 957 saltavit
3228 912 3317 959 te:
3345 902 3440 957 sed

1843 994 1977 1064 quid
2025 994 2199 1050 dicit?
2261 992 2494 1064 Propter
2564 1008 2880 1051 sermonem
2943 995 3111 1060 hunc,
3170 994 3273 1049 hoc
3328 1004 3437 1059 est,

1840 1098 2070 1161 prepter
2106 1090 2272 1146 ﬁdem
2299 1100 2469 1157 tuam,
2510 1089 2654 1146 vade
2686 1109 2703 1145 :
2738 1088 3003 1144 mundata
3037 1089 3300 1165 enimgest
3330 1088 3443 1145 lilia

1844 1195 1961 1239 tua.
1997 1183 2155 1238 Disce
2192 1183 2359 1253 igitur
2382 1192 2436 1240 et
2474 1193 2529 1237 tu
2560 1182 2669 1238 hoc
2701 1182 2823 1239 loco
2855 1183 3047 1238 utilem
3104 1183 3439 1238 doctrinam.

1843 1276 2059 1331 Etenim
2103 1276 2486 1346 unusquisque
2511 1284 2763 1329 nostrum
2788 1274 2960 1345 208
2993 1274 3212 1346 quando
3231 1284 3443 1343 peccat,

1846 1368 2041 1424 mulier
2054 1369 2293 1434 est,.hoc
2314 1377 2398 1424 est
2424 1368 2639 1423 inllrma
2674 1369 2856 1423 anima
2884 1385 2899 1434 ;
2926 1367 3215 1424 Phtnnissa
3235 1377 3445 1428 autem,

1847 1472 2111 1534 tanquam
2168 1463 2393 1517 rubrum
2458 1470 2517 1517 et
2566 1462 2982 1532 sanguinarium
3044 1476 3109 1519 ac
3142 1470 3445 1519 ,crucntum

1847 1563 2134 1623 peccatum
2160 1553 2391 1607 habens.
2427 1552 2627 1608 Filiam
2657 1562 2847 1608 autem
2884 1553 3053 1607 habet
3077 1552 3204 1608 talis
3240 1552 3448 1618 anima,

1848 1651 2053 1706 malum
2089 1666 2249 1721 Opus,
2290 1650 2433 1721 quod
2478 1651 2649 1706 habet
2699 1650 3057 1707 dcentonium.
3115 1647 3255 1704 Mala
3303 1649 3449 1704 enim

1850 1758 2041 1813 opera,
2098 1742 2407 1798 daemonum
2466 1751 2599 1799 sunt
2651 1759 2665 1795 ε
2726 1750 3051 1812 peccatores
3092 1742 3275 1809 itaque
3326 1756 3448 1795 cum

1852 1837 2051 1900 simus,
2083 1850 2250 1891 canes
2285 1836 2659 1901 nominamur,
2712 1833 3064 1889 immunditia
3117 1832 3285 1902 pleni,
3322 1847 3454 1903 pro-

1853 1938 1972 1998 pter
2006 1928 2150 1998 quod
2182 1938 2237 1982 et
2264 1927 2474 1998 indigni
2538 1942 2732 1983 sumus
2761 1926 2852 1994 qui
2882 1925 3220 1994 accipiamus
3256 1938 3452 1995 panem

1848 2019 1966 2084 Dei,
1986 2020 2089 2073 hoc
2112 2028 2219 2082 est,
2240 2018 2724 2074 communicemus
2754 2015 3120 2073 immaculatis
3146 2016 3445 2087 mysteriis.

1846 2111 2003 2179 Quod
2046 2112 2091 2165 si
2152 2128 2249 2181 per
2295 2111 2659 2169 liumilitaletn
2731 2113 3102 2183 nosmetipsos
3157 2112 3453 2181 agnoveri-

1827 2210 2009 2269 imus,
2040 2212 2098 2259 ct
2136 2202 2377 2262 confessi
2417 2204 2687 2261 fuerimus
2714 2220 2817 2261 nos
2847 2219 2972 2259 esse
3002 2219 3193 2270 canes,
3232 2217 3454 2259 enarra-

1851 2293 2203 2361 verimusque
2265 2303 2485 2365 peccata
2536 2304 2749 2363 nostra,
2802 2304 2931 2350 tunc
2990 2294 3278 2350 sanabitur
3336 2292 3453 2347 illis

1856 2396 2069 2452 nostra,
2099 2387 2202 2443 hoc
2219 2398 2486 2460 est,,opus
2516 2389 2877 2445 diabolieum.

153 2476 260 2531 τῶν
310 2474 601 2545 ἁχράντων
654 2474 1007 2545 μυστηρίων·
1044 2473 1141 2527 ἐὰν
1186 2474 1372 2542 μέντοι
1421 2471 1743 2543 ἐπιγνῶμεν
1783 2475 2016 2541 ἑαυτοὺς
2081 2478 2172 2533 διὰ
2228 2480 2329 2551 τῆς
2375 2481 2920 2553 ταπεινοφροσύνης,
2956 2484 3053 2537 καὶ
3103 2482 3187 2536 ὃτι
3223 2481 3460 2551 κυνάριά

153 2570 324 2641 ἰσμεν
419 2568 874 2639 ὁμολογήσωμεν,
948 2568 1045 2621 καὶ
1104 2566 1564 2638 ἑξαγορεύσωμεν
1652 2567 1752 2632 τὰς
1793 2570 2073 2642 ἁμαρτίας
2112 2572 2294 2645 ήμῶν,
2359 2574 2485 2629 τότε
2535 2574 2823 2646 ἰαθήσεται
2858 2576 2893 2647 ﬁ
2945 2575 3216 2647 Θυγάτηρ,
3296 2592 3459 2631 τουτ-

156 2664 327 2729 έστιν,
353 2664 388 2732 ἡ
427 2664 627 2733 πρᾶξις
663 2665 697 2734 ή
728 2662 1111 2735 δαιμονιώδης.

229 2773 248 2805 ε
296 2753 412 2806 Καὶ
461 2753 625 2806 πάλιν
681 2753 915 2820 ἐξελθὼν
937 2754 1003 2807 ὲκ
1055 2753 1168 2807 τῶν
1200 2753 1366 2826 ὁρίων
1408 2752 1592 2826 Τύρου
1648 2755 1749 2809 καὶΙ

158 2847 414 2911 Σιδῶνος,
457 2842 590 2917 ἦλθε
641 2847 780 2917 πρὸς
810 2846 911 2919 τὴν
962 2846 1243 2901 θάλασσαν
1292 2848 1393 2919 τῆς
1433 2846 1747 2913 Γαλιλαίας,

161 2940 264 2993 άνὰ
326 2939 496 3009 μέσον
532 2938 642 2991 τῶν
700 2939 867 3008 ὁρίων
903 2938 1281 3002 Δεκαπόλεως,
1336 2938 1433 2993 καὶ
1490 2938 1752 3009 φέρουσιν

160 3030 313 3101 αὐτῷ
351 3030 539 3099 κωφὸν
609 3027 922 3098 μογιλάλον,
975 3031 1071 3083 καὶ
1117 3030 1537 3101 παρακαλοῦσιν
1588 3032 1753 3084 αὑτὸν

162 3125 245 3178 ἵνα
276 3122 443 3193 ἐπιθῇ
476 3123 627 3193 αὖτῴ
676 3109 774 3191 τὴν
802 3124 981 3192 χεῖρα,
1021 3121 1119 3175 καὶ
1146 3122 1559 3193 ἀπολαϐόμενος
1588 3122 1755 3177 αὑτὸν

160 3218 266 3272 ἀπὸ
319 3216 416 3270 τοῦ
474 3215 634 3286 ὄχλου
688 3215 808 3269 κατ’
842 3216 1004 3278 ίδίαν,
1054 3214 1217 3268 ῐσαλε
1266 3215 1395 3277 τοὺς
1449 3215 1758 3279 δακτύλους

163 3304 331 3361 αὑτοῦ
364 3308 448 3369 είς
494 3306 562 3359 τὰ
603 3298 720 3357 ὦτα
752 3305 918 3358 αὑτοῦ
954 3320 968 3333 ·
1014 3305 1113 3359 καὶ
1171 3304 1384 3367 πτύσας
1414 3298 1415 3301 “
1442 3304 1623 3375 ἥψατο
1654 3305 1756 3375 τῆς

164 3399 412 3467 γλώττης
472 3396 662 3461 αὑτοῦ,
711 3397 805 3451 καὶ
861 3396 1177 3467 ἀναϐλέψας
1243 3398 1323 3459 είς
1374 3397 1467 3450 τὸν
1524 3397 1755 3468 οὐρανὸν

165 3491 440 3556 ἐστέναξε,
464 3490 561 3544 καὶ
592 3489 742 3556 λέγει
767 3487 947 3559 αύτῷξ,
995 3487 1246 3558 Ἐφφαθά
1269 3505 1283 3519 °
1321 3492 1349 3544 ὃ
1370 3490 1514 3558 ἐστι,
1542 3491 1757 3545 Διανοίο

166 3583 347 3655 γιθητι·
380 3582 478 3635 καὶ
508 3580 710 3643 εὐθέως
741 3580 1126 3652 διηνοίχθησαν
1148 3580 1313 3635 αὑτοῦ
1346 3583 1404 3635 ai
1440 3583 1625 3649 ἀκοαὶ,
1661 3586 1759 3637 καὶ

166 3675 327 3745 tmen
386 3675 417 3727 6
476 3673 678 3741 δεσμὸς
734 3674 833 3741 τῆς
873 3672 1122 3742 γλώττης
1170 3673 1359 3738 αὐτοῦ,
1416 3676 1511 3728 καὶ
1570 3676 1759 3730 ἐλάλει

169 3762 363 3833 ὀρθῶς,
401 3760 501 3813 καὶ
543 3759 881 3813 διεστείλατο
931 3760 1117 3823 αὐτοῖς
1145 3760 1233 3814 ἵνα
1264 3759 1453 3830 μηδενὶ
1505 3764 1756 3819 εἴπωσιν.

173 3852 335 3906 Ὅσον
356 3852 416 3905 δὲ
446 3851 613 3911 αὐτὸς
631 3850 816 3912 αὐτοῖς
838 3850 1197 3917 διεστέλλετο,
1234 3852 1439 3920 μᾶλλον
1487 3855 1747 3923 aspicea-

174 3958 331 4013 τερον
372 3941 700 4011 ἐκήρυττον,
746 3939 845 3992 καὶ
880 3940 1309 4010 ὑπερπερισσῶς
1337 3940 1759 4014 ἐξεπλήσσοντο,

177 4032 429 4100 λέγοντες
450 4046 465 4060 ·
495 4028 692 4092 Καλῶς
714 4029 894 4082 πάντα
926 4030 1222 4098 πεποίηκε,
1242 4030 1340 4083 καὶ
1369 4033 1497 4095 τοὺς
1540 4035 1761 4102 κωφοὺς

173 4126 312 4176 ποιεῖ
337 4122 585 4187 ἀκούειν,
618 4121 858 4185 καὶτοὺς
878 4122 1110 4186 ἀλάλους
1129 4123 1334 4178 λαλεῖν.
1374 4142 1393 4177 ι
1420 4127 1535 4178 Οὐκ
1560 4126 1765 4197 ἐμϐρα-

170 4216 313 4269 δύνει
351 4220 466 4278 τοῖς
499 4215 608 4267 τῶν
641 4216 873 4268 ἰονικῶν
915 4216 1125 4281 τόποις,
1176 4218 1316 4271 άλλά
1357 4220 1572 4289 ταχέως
1625 4221 1762 4288 μεθ-

1932 2751 2102 2810 Vsns.
2155 2754 2349 2810 51-37.
2399 2773 2418 2808 t
2452 2754 2520 2811 Et
2577 2770 2795 2810 rursum
2833 2768 3092 2823 egressus
3141 2754 3210 2811 de
3255 2752 3459 2812 ﬁnibus

1862 2846 1993 2917 Tyri
2027 2861 2094 2901 ac
2122 2844 2525 2913 Sidonis,venit
2570 2848 2638 2901 ad
2666 2861 2819 2901 mare
2857 2845 3099 2904 Galiltete
3127 2859 3224 2917 per
3248 2848 3460 2903 medios

1777 2970 1822 3030 α
1864 2935 2003 2990 lines
2042 2934 2349 3005 Decapolis.
2398 2948 2455 2991 et
2516 2938 2795 2991 adducunt
2855 2938 2905 2992 ei
2979 2938 3206 2993 surdum
3272 2938 3459 3009 lingua

1859 3027 2228 3091 haesitantem,
2280 3035 2336 3082 et
2383 3029 2758 3099 deprecantur
2796 3039 3020 3083 eumut
3071 3030 3327 3098 imponat
3381 3031 3457 3085 illi

1860 3132 2109 3177 manum.
2130 3124 2333 3173 etcum
2363 3120 2823 3190 apprehendisset
2852 3135 2977 3177 eum
3012 3121 3080 3177 de
3110 3121 3272 3179 turba
3306 3136 3463 3180 seor-

1860 3224 2003 3275 sum,
2036 3208 2185 3264 misit
2218 3211 2419 3283 digitos
2449 3226 2581 3272 suos
2626 3215 2680 3267 in
2714 3212 2992 3269 auriculas
3018 3213 3160 3283 ejus,
3196 3223 3250 3271 et
3298 3224 3463 3287 sputo

1858 3304 2083 3370 emisso,
2109 3303 2289 3373 tetigit
2317 3303 2559 3374 linguam
2584 3306 2727 3375 ejus,
2754 3322 2819 3363 ac
2840 3307 3147 3377 suspiciens
3174 3309 3227 3363 in
3256 3308 3459 3364 callum

1861 3396 2149 3463 ingemuit,
2177 3404 2232 3451 et
2263 3398 2341 3451 alt
2374 3396 2447 3452 illi
2480 3414 2493 3451 :
2522 3397 2871 3468 Eplipltetlia,
2898 3399 3044 3469 quod
3073 3408 3178 3465 est,
3205 3400 3461 3470 Aperirc.

1861 3487 1929 3541 Et
1962 3488 2153 3553 statim
2189 3497 2395 3557 apertae
2421 3500 2555 3545 sunt
2600 3505 2765 3546 aures
2793 3491 2934 3562 ejus,
2983 3501 3039 3549 et
3090 3493 3334 3549 solutum
3375 3505 3462 3550 est

1860 3581 2138 3637 vinculum
2196 3582 2409 3654 linguae-
2458 3584 2607 3654 ejus,
2648 3593 2705 3639 et
2756 3583 3087 3655 loquebatur
3141 3596 3293 3644 recte
3350 3606 3365 3643 :
3409 3597 3467 3644 ct

1862 3673 2123 3743 praecepit
2147 3671 2255 3727 illis
2293 3687 2361 3728 ne
2396 3674 2485 3729 cui
2521 3674 2795 3732 dicerent.
2845 3675 2956 3733 Sed
3009 3692 3117 3747 qito
3170 3679 3345 3748 magis
3375 3680 3468 3736 illo

1864 3763 1944 3818 eis
1962 3764 2344 3835 praecipiebat,
2383 3766 2488 3821 hoc
2519 3768 2759 3837 amplius
2794 3769 3192 3839 przedicabant,
3222 3783 3278 3827 ct
3300 3787 3467 3842 supra

1864 3857 2088 3909 modum
2136 3856 2438 3925 stupebant
2473 3857 2721 3913 dicentes
2756 3877 2769 3913 :
2806 3858 2950 3917 Bene
3001 3862 3183 3915 omnia
3216 3861 3365 3929 fecit,
3412 3872 3477 3917 ct‘

1865 3946 2063 4001 surdos
2096 3945 2229 4002 facit
2263 3949 2453 4003 audire
2496 3956 2551 4003 et
2584 3960 2767 4005 mutos
2797 3950 2967 4020 loqui.
3007 3970 3025 4003 ι
3063 3952 3182 4007 Νοη
3224 3964 3471 4009 moratur

1866 4037 1953 4091 diu
1988 4039 2043 4091 in
2078 4040 2363 4107 gentilium
2397 4038 2557 4104 locis,
2594 4040 2690 4095 sed
2712 4044 2897 4095 statim
2932 4046 3150 4110 transit,
3192 4060 3285 4109 ne,
3320 4049 3465 4101 sicut

1868 4130 2140 4196 dicebam,
2157 4137 2314 4187 duret
2337 4134 2682 4187 occasionem
2705 4132 2905 4190 Judaeis
2927 4138 3137 4192 dicendi
3165 4140 3307 4208 quod
3327 4155 3469 4209 pra:-

1873 4224 2218 4277 varicarctur
2252 4225 2447 4295 legem,
2482 4228 2777 4294 gentilibus
2813 4245 2871 4281 se
2893 4229 3152 4284 miscens.
3192 4230 3471 4289 Seccdens

175 4307 405 4371 (σταται,
447 4306 558 4369 ἵνα,
586 4305 661 4368 ῶς
696 4305 853 4375 ἔφην,
889 4307 963 4378 μὴ
982 4306 1136 4379 δὼσῃ·
1156 4311 1269 4372 τοῖς
1298 4310 1573 4375 Ἰουδαίοις
1591 4312 1751 4379 λέγευ

1879 4318 2044 4387 igitur
2070 4334 2096 4369 a
2124 4318 2324 4373 ﬁnibus
2359 4318 2485 4388 Tyri
2519 4331 2572 4373 et
2605 4318 2853 4385 Sidonis;
2878 4323 3027 4375 vadit
3070 4324 3122 4376 in
3164 4324 3468 4382 Galilaeam.

173 4398 243 4461 ὡς
272 4400 607 4469 παρανομεῖ,
652 4396 985 4467 μιγνύμενος
1020 4402 1135 4463 τοῖς
1169 4398 1425 4463 ἐθνικοῖς.
1460 4402 1759 4467 Μεταστὰς

174 4489 261 4544 οὖν
282 4490 391 4543 τῶν
405 4490 569 4561 ὁρίων
586 4491 761 4561 Τύρου
780 4491 871 4545 καὶ
896 4491 1149 4558 Σιδῶνος,
1186 4495 1251 4563 τῇ
1287 4492 1551 4564 Γαλιλαίᾳ
1578 4496 1755 4564 πρόσ-

175 4600 292 4638 εισι.
331 4583 548 4652 Καὶίδὴ
579 4582 763 4652 κωφὸν
819 4584 1138 4652 μογιλάλον,
1176 4585 1286 4637 ἀπὸ
1325 4584 1581 4653 δαίμονος
1611 4587 1668 4639 δὲ
1699 4587 1759 4639 τὸ

177 4676 341 4739 πάθος
364 4672 456 4746 ἦν,
484 4676 649 4728 ίᾶται.
678 4676 815 4728 Κατ’
846 4676 981 4729 ίδίαν
1014 4676 1114 4747 μὲν
1144 4676 1308 4731 αὑτὸν
1338 4679 1628 4733 ἀπολαϐών
1652 4699 1664 4709 ·
1696 4683 1755 4733 ού

178 4769 279 4839 γὰρ
300 4764 368 4837 ἦν
396 4766 735 4837 φιλόκομπος
761 4768 791 4818 ὁ
836 4768 1183 4829 ταπεινώσας
1208 4771 1402 4823 ἑαυτὸν
1460 4772 1625 4841 μέχρι
1660 4773 1759 4840 τῆς

178 4862 454 4931 ήμετέρας
480 4861 779 4928 πτωχείας,
799 4860 921 4912 οίιδὲ
946 4860 1140 4929 ἢθελεν
1180 4862 1255 4925 ὡς
1289 4863 1382 4916 ἐπὶ
1411 4864 1473 4915 τὸ
1509 4847 1757 4919 πλεῖστον

179 4951 483 5019 ἔμπροσθεν
520 4951 731 5003 πολλῶν
785 4950 1251 5021 Θαυματουργεῖν,
1300 4956 1348 5006 εἰ
1410 4958 1485 5026 μὴ
1538 4958 1646 5026 ἄρα
1670 4960 1758 5013 διὰ

178 5044 268 5111 τὴν
291 5044 399 5096 τῶν
431 5043 687 5113 ὁρώντων
734 5044 1004 5113 ὠφέλειαν
1048 5046 1159 5115 (65)
1208 5064 1221 5077 ·
1252 5048 1464 5111 πτύσας
1499 5050 1555 5102 δὲ
1583 5052 1763 5121 ἥψατο

180 5139 275 5215 τῆς
324 5139 574 5209 γλώττης
628 5140 818 5201 αὐτοῦ,
862 5139 951 5193 ἵνα
978 5140 1127 5212 δείξῃ
1175 5143 1257 5195 ὅτι
1302 5144 1483 5197 πάντα
1510 5146 1580 5197 τὰ
1619 5149 1762 5218 μέρη

182 5233 273 5299 τῆς
305 5234 465 5301 ἁγίας
502 5231 670 5284 αὑτοῦ
702 5232 904 5301 σαρκὸς
944 5231 1067 5287 θεῖα
1101 5230 1242 5304 ἦσαν
1268 5234 1362 5287 καὶ
1392 5234 1547 5304 ἅγια,
1571 5236 1761 5311 ὥσπερ

182 5324 271 5377 καὶ
301 5324 358 5377 τὸ
390 5324 620 5394 πτύσμα
646 5323 805 5377 ἔλυσε
826 5323 923 5379 νῦν
944 5326 1039 5379 καὶ
1056 5324 1125 5378 τὰ
1148 5325 1246 5397 τῆς
1276 5326 1529 5398 γλώττης
1557 5330 1757 5402 δεσμὰ’

1872 4410 2042 4465 Porro
2106 4412 2331 4465 surdum
2392 4422 2446 4465 ct
2498 4413 2769 4481 impedita:
2828 4414 3026 4486 linguae
3088 4416 3240 4471 illum
3290 4428 3468 4473 sanat.

1874 4503 2238 4572 Erat‘autem
2291 4504 2515 4557 morbus
2556 4504 2645 4558 ille
2694 4520 2724 4558 a
2771 4508 3039 4561 dazmonc.
3065 4506 3185 4562 1am
3223 4512 3369 4578 quod
3405 4513 3468 4567 (ις

1872 4598 2028 4648 turba
2050 4604 2296 4658 seorsum
2321 4597 2683 4665 apprehendit
2716 4598 2887 4663 illum,
2916 4601 3036 4654 ideo
3064 4600 3294 4666 factum,
3323 4606 3469 4673 quod

1876 4703 1981 4742 non
2036 4694 2517 4760 erarxarrogantia:
2574 4704 2839 4758 sectator,
2902 4694 3091 4761 quise
3145 4697 3469 4755 humiliarat

1875 4796 2047 4850 usque
2088 4784 2153 4833 ad
2184 4787 2424 4836 nostrain
2468 4782 2708 4849 inepiam
2740 4793 2831 4836 :et
2873 4793 2933 4837 ut
2966 4785 3261 4852 plurimum
3294 4788 3473 4844 noluit

1873 4890 2057 4928 coram
2095 4875 2283 4928 multiat
2337 4876 2600 4929 miracula
2662 4874 2864 4941 facere,
2899 4877 3003 4930 nisi
3051 4877 3194 4933 forte
3248 4891 3473 4949 propter

1873 4968 2171 5022 videntium
2221 4958 2538 5024 utilitatem.
2595 4968 2731 5025 Cum
2770 4985 2903 5023 vero
2944 4972 3242 5041 expuisset,
3294 4975 3472 5043 tetigit

1872 5061 2110 5131 linguam
2149 5062 2315 5127 illius,
2355 5072 2412 5114 nt
2441 5064 2759 5116 ostenderet
2805 5080 2996 5119 omnes
3028 5078 3210 5134 partes
3262 5080 3472 5125 sancta:

1871 5155 2054 5207 carnis
2080 5170 2192 5209 sua:
2220 5166 2439 5210 sanet-..
2466 5172 2529 5209 ac
2560 5157 2774 5211 divinas
2798 5172 2942 5221 esse.
2996 5159 3132 5213 adeo
3158 5170 3218 5213 ut
3261 5172 3315 5215 et
3338 5179 3469 5230 spu-

1881 5256 1994 5296 tnm
2029 5262 2173 5299 nunc
2213 5247 2454 5303 solveret
2492 5248 2693 5318 lingua:
2746 5248 3066 5305 vinculum:
3113 5255 3328 5307 tametsi
3376 5270 3472 5307 su-

1868 5336 2151 5405 perﬂuitas
2194 5340 2265 5393 sit
2312 5355 2475 5395 omne
2510 5351 2755 5409 sputum,
2790 5342 2886 5397 sed
2939 5342 2993 5397 in
3032 5342 3269 5399 Domino
3299 5346 3472 5400 admi-

1118 5448 1209 5507 Ex
1243 5431 1592 5510 collatione
1624 5454 1816 5515 codd.
1856 5458 2088 5519 Venet.
2124 5458 2189 5518 S.
2225 5459 2467 5521 Marci-

249 5565 353 5691 (65g
386 5570 522 5653 Cod.
562 5569 634 5623 26
670 5587 683 5623 :
712 5568 908 5651 Act§div
946 5570 1041 5625 οὑν
1062 5571 1231 5658 αὑτὸν
1256 5576 1378 5628 κατ’
1417 5577 1579 5637 ἰδίαν,
1608 5579 1770 5633 ἔϐαλε

249 5654 299 5691 κ
356 5640 627 5691 ακτυλους
657 5640 823 5691 αὐτου
856 5642 935 5691 είς
962 5642 1031 5691 τὰ
1056 5660 1171 5691 mea
1198 5644 1383 5691 αὑτοῦ
1414 5648 1511 5691 Eva
1549 5649 1647 5691 ultu
1670 5650 1770 5691 ﬁl.-

186 5636 823 5719 εοξς-δακτύλουςούτού
856 5636 1171 5719 είς-τὰνῶτα
1198 5644 1386 5707 αὑτοῦ,
1414 5648 1513 5701 ἕνα
1548 5636 1647 5718 μὲν
1670 5650 1771 5719 τῆς

186 5703 351 5790 δεξιάς
374 5710 570 5790 lupi);
600 5710 683 5790 είς
721 5710 879 5790 τοῦτο
908 5703 969 5764 τὸ
989 5707 1228 5790 οὗςηὲνα
1261 5716 1316 5790 δὲ
1345 5703 1444 5790 τλῇς
1468 5703 1771 5790 ἀρίστεράς

187 5775 259 5835 είς
282 5775 625 5833 ἑκείνοξΚαὶ
676 5781 909 5849 πτύσας,
947 5800 1001 5835 κ.
1038 5775 1173 5838 τζλ.
1212 5802 1231 5837 t
1275 5775 1561 5857 Accipiens
1602 5775 1772 5861 igitur

1876 5586 2027 5641 illum
2064 5591 2293 5659 seorsim
2347 5588 2496 5641 misit
2547 5588 2744 5659 digitos
2776 5604 2907 5643 suos
2939 5589 2991 5641 in
3021 5586 3295 5659 auriculas
3326 5588 3465 5657 ejus.

1874 5672 2038 5709 unum
2073 5657 2326 5712 videlicet
2356 5661 2595 5713 dextera:
2613 5657 2816 5715 manus
2844 5660 2896 5712 in
2932 5660 3097 5711 aliam
3127 5658 3270 5727 ejus,
3297 5676 3463 5713 unum

1875 5743 2069 5783 manus
2096 5729 2397 5783 sinistricin
2420 5732 2669 5784 alteram.
2700 5730 2942 5798 Cumque
2973 5730 3274 5797 expuisset,
3306 5740 3410 5785 ctc.
3440 5749 3459 5783 ι
