4010 6416
573 372 679 441 567

1492 364 2073 427 THEOPHYLACTI
2110 363 2519 426 BULGARI/E
2560 359 2915 420 ARCHIEP.

3704 354 3821 422 568

570 490 763 545 rabilin
802 494 957 540 crant
1003 498 1065 536 ac
1094 481 1272 541 divina
1309 481 1514 535 omnia.
1552 480 1622 536 Ut
1664 490 1844 533 autem
1894 479 2136 547 suspexit

2249 478 2412 532 καίτοι
2441 473 2763 544 περίττωμα
2802 474 2918 524 ἐστι
2954 472 3061 523 πᾶν
3093 468 3337 537 πτύσμα,
3400 469 3517 522 ἀλλ’
3576 471 3671 526 ἐπὶ
3722 474 3823 526 τοῦ

575 581 628 633 lu
665 577 874 633 caelum,
932 574 1213 639 ingemuit,
1274 569 1518 624 fortassis
1579 578 1634 624 et
1694 582 1858 623 orans
1919 567 2135 621 Patrem

574 683 682 736 quo
717 661 1085 718 misericordia
1130 661 1445 731 dignaretur
1484 660 1780 721 hominem,
1831 667 1885 713 et
1912 673 2008 713 nos
2038 660 2137 713 do-

576 772 704 811 cens
737 754 953 821 quando
1006 752 1200 806 facturi
1266 768 1450 807 sumus
1497 752 1837 815 miraculum,
1871 750 1937 804 ad
1970 752 2136 805 Deum

574 845 947 913 respiciamus.
973 852 1025 896 et
1044 842 1168 897 inde
1188 853 1429 909 petamus
1447 842 1827 895 miraculorum
1842 842 2091 895 virtutem
2122 859 2136 906 ;

573 934 824 989 fortassis
858 933 1020 987 etiam
1060 931 1434 987 misericordia
1471 945 1598 999 erga
1650 931 1941 984 humanam
1984 939 2138 982 natu-

572 1041 689 1083 ram
724 1034 922 1087 tactus,
948 1038 1055 1092 quo
1092 1032 1248 1091 pacto
1266 1021 1343 1076 sic
1368 1020 1561 1075 tradita
1593 1029 1738 1075 esset
1779 1020 2015 1084 diabolo,
2046 1018 2137 1087 qui

574 1118 649 1171 illi
693 1116 772 1170 sic
806 1116 1075 1179 illuderet,
1119 1125 1172 1167 et
1197 1128 1225 1166 a
1252 1128 1359 1182 quo
1384 1121 1530 1166 tanta
1564 1121 1862 1181 pateretur.
1904 1108 2056 1166 Unde
2086 1119 2141 1164 et

572 1208 663 1276 qui
702 1216 942 1269 sauarat,
988 1221 1016 1259 a
1065 1206 1271 1260 sanatis
1304 1202 1629 1274 praedicatur
1661 1242 1676 1267 ,
1744 1202 1956 1256 tametsi
2030 1202 2138 1256 illis

575 1298 689 1367 ipse
722 1290 1069 1352 interdiceret
1129 1312 1193 1349 ac
1225 1297 1539 1365 prohiberet
1577 1310 1643 1349 ne
1682 1294 1812 1363 quid
1868 1293 2132 1347 dicerent.

574 1386 841 1442 Docemur
865 1396 918 1443 et
948 1387 1213 1441 item'hoc
1245 1387 1363 1441 loco
1381 1386 1523 1451 quod
1549 1386 1765 1455 quando
1801 1383 2138 1439 benefacturi

572 1495 780 1543 sumus,
811 1494 879 1533 ne
932 1479 1151 1548 plausus
1188 1463 1271 1533 t’ei
1322 1478 1670 1532 celebritates
1727 1492 1791 1530 ex
1866 1476 2140 1531 beneficiis

572 1582 883 1639 quaeramus
916 1586 929 1621 :
1170 1585 1291 1624 cum
1326 1580 1504 1623 autem
1546 1569 1806 1623 beneﬁcia
1864 1567 2139 1634 acceperi-

572 1679 713 1727 mus,
752 1674 809 1718 ut
842 1665 1237 1729 benefactores,
1266 1662 1391 1719 licet
1418 1663 1518 1733 ipsi
1552 1672 1828 1725 recusent,
1860 1660 2140 1717 laudemus

572 1766 624 1808 et
656 1757 1050 1824 praedicemus.-

1149 1946 1381 2009 CAPUT
1421 1950 1556 2006 Vill.

572 2056 652 2115 De
679 2072 883 2133 septem
902 2062 1142 2129 panibus.
1176 2063 1250 2116 Ds
1278 2062 1631 2133 quwrsntibus
1660 2062 1895 2131 signum.
1931 2057 2004 2111 De
2026 2057 2139 2133 [er-

646 2141 819 2185 menlo
854 2130 1266 2186 Pharisrrorum.
1290 2130 1379 2186 ὀε
1402 2148 1558 2186 meo.
1601 2132 1677 2185 De
1716 2130 2139 2199 interrogatione

644 2200 900 2256 Casam:
931 2202 1090 2269 facta.
1114 2200 1191 2255 De
1215 2204 1571 2270 increpatione
1601 2200 1771 2257 Petri.

646 2378 813 2436 Vsus.
844 2379 964 2436 1-9.
999 2399 1017 2433 ι
1061 2380 1116 2434 lu
1146 2379 1332 2437 diebus
1370 2383 1475 2437 illis
1502 2396 1625 2437 cum
1669 2382 1822 2436 turba
1852 2381 2137 2436 admodum

575 2472 741 2527 multa
804 2480 981 2537 esset,
1042 2486 1141 2528 nec
1201 2474 1463 2529 baberent
1514 2472 1655 2542 quod
1713 2473 2136 2537 mandhcarent,

574 2565 854 2620 accersitis
886 2566 951 2618 ad
987 2580 1047 2620 se
1092 2565 1250 2621 Iesus
1294 2564 1593 2635 discipulis,
1623 2565 1700 2619 ait
1729 2564 1879 2619 illis:
1924 2563 2138 2619 Miseri-

573 2660 760 2713 cordia
800 2668 991 2726 tangor
1019 2675 1142 2727 erga
1176 2664 1389 2713 turbam
1419 2676 1432 2712 :
1483 2660 1607 2728 quia
1639 2660 1750 2728 jam
1784 2658 1966 2713 triduo
1999 2660 2139 2728 apud

576 2762 662 2803 me
687 2760 925 2815 manent,
958 2764 1057 2804 nec
1086 2748 1284 2805 habent
1310 2750 1453 2819 quod
1480 2752 1680 2805 edant:
1715 2761 1770 2804 et
1794 2751 1837 2805 si
1870 2750 2140 2804 demisero

573 2854 669 2894 eos
695 2839 911 2909 jejunos
942 2840 993 2895 in
1029 2842 1247 2896 domum
1274 2856 1451 2905 suam,
1480 2842 1733 2897 deficient
1771 2843 1824 2897 in
1869 2844 1976 2899 via.
2005 2842 2138 2909 Qui-

574 2932 694 2983 dam
738 2933 879 2985 enim
910 2948 976 2988 ex
1006 2934 1085 2988 eis
1113 2948 1143 2988 e
1178 2932 1471 3011 longinquo
1505 2944 1788 2990 venerunt.
1822 2935 1889 2991 Et
1914 2951 2139 3005 respon-

575 3022 771 3077 derunt
798 3023 847 3076 ei
888 3024 1134 3092 discipuli
1164 3026 1243 3078 sui
1271 3045 1285 3079 :
1320 3022 1474 3081 Unde
1500 3026 1623 3081 illos
1652 3028 1772 3095 quis
1804 3027 2005 3095 poterit
2049 3025 2139 3083 hic

576 3114 777 3167 satiare
805 3115 1035 3183 panibus
1065 3115 1115 3168 iu
1145 3116 1482 3171 solitudine?
1517 3115 1583 3168 Et
1623 3116 1974 3187 interrogavit
2002 3132 2095 3173 eos
2120 3137 2132 3170 :

576 3205 717 3271 Quot
752 3219 915 3274 panes
963 3205 1211 3260 habetis?
1261 3206 1338 3260 Illi
1396 3221 1522 3261 vero
1559 3208 1833 3272 dixerunt,
1892 3206 2132 3279 Septem.

575 3292 645 3353 Et
681 3300 935 3367 prmeepit
979 3298 1146 3353 turba:
1196 3300 1540 3355 discumbere
1584 3315 1748 3369 super
1791 3308 2036 3356 terram:
2087 3310 2141 3355 et

578 3389 818 3457 acceptis
862 3399 1066 3458 septem
1126 3384 1391 3458 panibus,
1462 3406 1584 3445 cum
1644 3392 1843 3461 gratias
1898 3394 2136 3463 egisset,

577 3479 765 3548 fregit,
786 3516 789 3523 ι
814 3480 1064 3549 deditque
1111 3481 1390 3548 discipulis
1419 3482 1533 3536 suis
1554 3523 1568 3546 ,
1607 3492 1663 3536 ut
1697 3494 2058 3552 apponerent,
2089 3493 2143 3537 ct

578 3583 949 3640 apposuerunt
981 3573 1167 3627 turba.
1205 3571 1270 3627 Et
1294 3572 1566 3628 habebant
1588 3573 1872 3643 pisciculos
1906 3589 2137 3642 paucos:

578 3672 781 3717 etcum
815 3663 1197 3727 benedixlsset,
1223 3662 1386 3731 jussit
1412 3664 1611 3733 apponi
1649 3676 1704 3719 et
1734 3665 1854 3719 hos.
1888 3664 2144 3721 Comede-

579 3766 707 3808 runt
776 3766 954 3806 autem
1018 3761 1073 3807 et
1124 3755 1349 3808 saturati
1391 3764 1565 3820 sunt;
1640 3770 1703 3809 ac
1762 3756 2140 3820 sustulerunt,

580 3860 701 3915 qua:
766 3844 1143 3915 superfuerant
1200 3844 1623 3915 fragmentorum
1704 3857 1909 3915 septem
1987 3861 2143 3913 spor-

581 3948 683 3993 las.
719 3936 887 3992 Erant
926 3946 1101 3991 autem
1156 3939 1244 4007 qui
1298 3939 1680 4003 comederant,
1734 3938 1903 3994 ferme
1950 3950 2144 4007 quater

580 4028 764 4083 mille:
798 4036 852 4083 et
879 4029 1087 4083 dimisit
1116 4028 1255 4082 illos.
1292 4046 1310 4079 ι
1346 4028 1521 4082 Etiam
1553 4038 1709 4083 antea
1741 4030 1847 4082 tale
1874 4026 2139 4097 Quoddam

582 4118 899 4171 miraculum
956 4116 1086 4174 fecit
1138 4116 1428 4184 Dominus,
1478 4130 1535 4174 et
1584 4135 1726 4175 nunc
1781 4122 1919 4175 idem
1974 4124 2146 4175 denuo

580 4215 840 4276 operatur
868 4214 1086 4277 sumpta
1126 4209 1411 4264 occasione
1443 4208 1610 4279 justa,
1644 4225 1832 4279 nempe
1863 4214 2006 4279 quod
2039 4224 2147 4267 tres

579 4300 697 4354 dies
729 4310 1001 4354 manserat
1031 4301 1223 4367 turba;
1279 4312 1333 4356 et
1382 4303 1665 4371 absumpta
1712 4314 1867 4359 erant
1904 4306 2143 4358 omnium

578 4392 797 4445 viatica.
834 4392 948 4446 Non
985 4393 1127 4446 enim
1162 4408 1375 4463 semper
1404 4393 1722 4459 miraculum
1778 4395 1904 4450 facit
1954 4396 2003 4448 iu
2042 4396 2141 4448 ali-

2239 566 2445 636 Κυρίου
2478 564 2767 633 καινότερα
2808 562 2900 614 καὶ
2925 560 3044 613 θεῖα
3074 559 3252 612 πάντα
3284 557 3422 629 (6-1).
3465 558 3824 631 Ἀναϐλέψας

2239 661 2295 713 δέ
2327 662 2405 721 είς
2428 660 2519 712 τὸν
2550 658 2779 728 οὐρανὸν
2809 655 3076 718 στενάζει,
3110 654 3251 723 τάχα
3276 655 3376 722 μὲν
3408 657 3503 708 καὶ
3534 657 3610 719 ὡς
3631 675 3821 727 παρα-

2241 751 2420 804 καλῶν
2451 750 2540 803 τὸν
2571 750 2791 816 Πατέρα
2835 749 2921 801 ἵνα
2961 747 3159 818 ἐλεήσῃ
3209 745 3298 799 τὸν
3354 747 3659 817 ἄνθρωπον,
3720 752 3820 802 καὶ

2240 844 2387 913 ἡμᾶς
2419 842 2704 905 διδάσκων,
2761 839 2981 893 ἐπειδὰν
3034 838 3317 907 μέλλωμεν
3367 836 3553 905 θαῦμα
3614 843 3817 901 ποιεῖν,

2242 932 2383 1000 πρὸς
2413 930 2544 984 Θεὸν
2576 930 2729 1000 όρᾷν,
2756 927 3012 983 κάκεῖθεν
3043 925 3371 990 ἐξαιτεῖσθαι
3400 926 3497 994 τὴν
3530 926 3639 981 τῶν
3680 928 3822 981 θαυ-

2247 1022 2430 1089 μάτων
2450 1022 2697 1091 δύναμιν·
2723 1020 2862 1090 τάχα
2886 1019 2941 1072 δέ
2964 1018 3059 1072 καὶ
3077 1017 3267 1087 ὥσπερ
3299 1016 3466 1070 ἐλεῶν
3482 1016 3581 1087 τὴν
3602 1018 3699 1070 ἀνθ
3710 1037 3820 1088 ρω‹⁸

2244 1112 2405 1181 πίνην
2439 1110 2620 1181 φύσιν,
2652 1109 2769 1173 πῶς
2798 1108 2942 1163 οὕτω
2977 1107 3253 1177 παρεδόθη
3286 1107 3362 1177 τῷ
3383 1108 3634 1177 διαϐόλῳ,
3669 1109 3819 1162 ὥστε

2241 1202 2415 1264 οὕτως
2440 1199 2806 1271 ἐμπαίζεσθαι
2834 1199 2928 1252 καὶ
2955 1196 3183 1250 τοιαῦτα
3226 1197 3481 1267 πάσχειν.
3521 1197 3688 1250 Ὀθεν
3718 1200 3820 1251 καὶ

2243 1290 2613 1361 θεραπεύσας,
2647 1288 2977 1359 κηρύττεται
3012 1286 3164 1356 παρὰ
3190 1285 3300 1339 τῶν
3321 1286 3812 1356 θεραπευομένων,

2243 1383 2345 1437 κᾶν
2395 1383 2558 1445 αὐτὸς
2620 1382 2800 1443 αὐτοῖς
2858 1378 3239 1449 διαστέλληται
3278 1377 3373 1430 καὶ
3450 1376 3818 1447 παραγγέλλῃ

2247 1476 2415 1546 μηδὲν
2457 1475 2659 1543 λέγειν.
2707 1469 3084 1541 Διδασκόμεθα
3120 1471 3228 1539 γὰρ
3262 1467 3517 1521 ἐντεῦθεν
3545 1469 3621 1531 ὡς
3676 1470 3814 1522 ὅταν

2245 1566 2345 1637 μέν
2371 1564 2771 1637 εὐεργετῶμεν,
2812 1564 2911 1617 οὐκ
2954 1562 3245 1631 ὀφείλομεν
3294 1561 3548 1614 ἀπαιτεῖν
3578 1560 3823 1630 κρότους

2244 1661 2340 1714 καὶ
2374 1656 2785 1728 διαφημισμούς
2811 1672 2826 1687 ο
2875 1657 3005 1709 ὅταν
3032 1655 3089 1708 δέ
3116 1653 3557 1725 εὐεργετώμεθα,
3600 1650 3819 1722 κηρύσ-

2246 1769 2359 1806 σειν
2401 1751 2495 1805 καὶ
2520 1747 2787 1820 φημίζειν
2816 1747 2945 1811 τοὺς
2966 1746 3505 1816 ἀγαθοποιῆσαντας,
3534 1742 3641 1798 κᾶν
3666 1744 3821 1799 ἐκεῖ·

2248 1860 2326 1897 νοι
2360 1842 2434 1912 μὴ
2467 1840 2714 1895 θέλωσιν.

2840 1954 3091 2008 ΚΕΦΛΛ.
3132 1954 3214 2006 H'.

2242 2066 2384 2136 Περὶ
2416 2068 2535 2121 τῶν
2566 2064 2717 2122 ἑπτὰ
2752 2068 2963 2136 ἄρτων.
3000 2068 3139 2135 Περὶ
3177 2066 3296 2120 τῶν
3331 2064 3664 2133 ζητούντων
3699 2080 3822 2133 ση-

2308 2138 2511 2207 μεῖον.·
2544 2139 2683 2205 Περὶ
2726 2136 2837 2205 τῆς
2880 2136 3065 2205 ζύμης
3104 2136 3224 2189 τῶν
3265 2137 3623 2204 Φαρισαίων.
3670 2138 3822 2202 Περὶ

2309 2206 2419 2263 τοῦ
2456 2208 2713 2275 τυφλοῦ.
2744 2209 2885 2275 Περὶ
2918 2207 3029 2275 τῆς
3057 2207 3129 2277 ἐν
3160 2208 3485 2277 Καισαρείᾳ
3515 2206 3821 2277 ἐπερωτήο

2311 2292 2485 2343 σεως.
2519 2277 2659 2345 Περὶ
2688 2276 2801 2346 τῆς
2830 2275 3227 2346 ἐπιτιμήσεως
3262 2276 3514 2345 Πέτρου.

2317 2407 2336 2439 ι
2374 2388 2461 2440 Ἐν
2493 2386 2727 2449 ἐκείναις
2753 2390 2874 2449 ταῖς
2907 2386 3140 2457 ἡμέραις
3175 2386 3498 2457 παμπόλλου
3533 2387 3692 2456 δχλου
3724 2387 3823 2439 δν-

2240 2498 2353 2545 τος,
2388 2481 2481 2534 καὶ
2521 2481 2595 2550 μὴ
2632 2480 2861 2549 ἐχόντων
2888 2479 2940 2531 τί
2971 2480 3206 2547 φάγωσι,
3240 2477 3761 2547 προσκαλεσάμενος
3795 2479 3826 2530 ὁ

2253 2573 2459 2644 Ἰησοῦς
2494 2573 2620 2635 τοὺς
2664 2572 2910 2642 μαθητὰς
2952 2570 3138 2634 αὑτοῦ,
3178 2570 3327 2638 λέγει
3368 2570 3555 2632 αὐτοῖς
3579 2585 3591 2598 ·
3632 2568 3826 2621 Σπλα-

2241 2666 2526 2734 γχνίζομαι
2554 2664 2643 2717 ἐπὶ
2668 2662 2758 2715 τὸν
2780 2661 2955 2732 ὄχλον,
2986 2662 3066 2714 ὅτι
3093 2661 3192 2732 ήδη
3222 2662 3438 2732 ἡμέρας
3461 2662 3613 2730 τρεῖς
3645 2672 3827 2729 προσ-

2242 2755 2463 2824 μένουσί
2511 2771 2636 2821 μοι,
2678 2756 2774 2806 καὶ
2815 2754 2915 2804 οὐκ
2964 2752 3148 2821 ἔχουσι
3184 2752 3237 2804 τί
3284 2752 3519 2820 φάγωσι.
3566 2752 3678 2803 Καὶ
3723 2751 3829 2803 ἐὰν

2238 2845 2492 2899 ἀπολύσω
2515 2844 2714 2907 αὐτοὺς
2739 2846 2952 2911 νήστεις
2977 2846 3057 2907 είς
3081 2836 3231 2895 οἷκον
3255 2843 3457 2905 αὐτῶν,
3482 2841 3823 2910 ἐκλυθήσον-

2239 2953 2329 2989 ται
2358 2938 2414 2989 ἐν
2435 2939 2501 3002 τῇ
2528 2935 2650 3006 6δῷ-
2676 2934 2815 2997 τινές
2843 2935 2948 3007 γὰρ
2974 2934 3153 2987 αὐτῶν
3182 2934 3455 3003 μακρόθεν
3478 2934 3669 3004 ἧκασι.
3697 2936 3818 2987 Καὶ

2242 3029 2617 3099 ἀπεκρίθησαν
2641 3028 2790 3097 αὐτῷ
2816 3030 2864 3080 οῖ
2898 3027 3138 3097 μαθηταὶ
3164 3024 3331 3077 αὐτοῦ
3354 3042 3367 3055 ·
3398 3024 3569 3077 Πόθεν
3592 3023 3826 3078 τούτους

2242 3117 2534 3186 δυνήσεταί
2561 3133 2646 3178 τις
2675 3111 2776 3169 ὧδε
2807 3115 3069 3185 χορτάσαι
3098 3116 3276 3185 ἀρτων
3305 3116 3391 3167 ἐπ’
3413 3115 3684 3183 ἐρημίας;
3710 3114 3828 3168 Καὶ

2241 3207 2499 3277 ἐπηρώτα
2528 3208 2745 3270 αὐτούς·
2778 3207 2983 3270 Πόσους
3012 3207 3209 3277 ἄρτους
3236 3206 3422 3276 ἐχετες
3456 3207 3518 3258 οι
3545 3204 3603 3258 δὲ
3634 3200 3818 3269 εἶπον,

2253 3300 2446 3354 Ἑπτά.
2483 3300 2593 3352 Καὶ
2616 3298 2956 3369 παρήγγειλε
2989 3298 3066 3367 τῷ
3086 3297 3228 3368 ὄχλῳ
3267 3299 3561 3351 ἀναπεσεῖν
3595 3297 3687 3348 ἐπὶ
3720 3296 3829 3365 τῆς

2241 3391 2365 3461 γῆς,
2408 3393 2501 3445 καὶ
2542 3391 2725 3444 λαδὼν
2768 3392 2895 3454 τοὺς
2941 3389 3081 3443 ἑπτὰ
3126 3390 3347 3459 ἄρτους,
3392 3390 3827 3459 εὐχαριστήσας,

2240 3485 2470 3550 ἔκλασε,
2503 3484 2600 3543 καὶ
2634 3484 2802 3537 ἐδίδου
2835 3486 2945 3545 τοῖς
2981 3482 3248 3552 μαθηταῖς
3282 3481 3446 3534 αὐτοῦ
3468 3522 3482 3545 ,
3518 3481 3605 3533 ἴνα
3642 3497 3831 3548 παραυ

2242 3576 2409 3639 θῶσι,
2449 3576 2544 3629 καὶ⁵
2589 3576 2907 3646 παρέθηκαν
2950 3574 3026 3644 τῷ
3068 3574 3241 3643 ὄχλῳ,
3286 3574 3381 3625 καὶ
3420 3567 3567 3642 εἶχον
3612 3570 3831 3641 ἰχθύδια

2242 3668 2419 3733 ὀλίγα,
2464 3668 2559 3719 καὶ
2606 3666 2933 3733 εὐλογήσας,
2977 3663 3099 3717 εἷπε
3146 3664 3472 3732 παραθεῖναι
3518 3663 3615 3715 καὶ
3658 3664 3827 3717 αὐτά.

2245 3759 2491 3827 Ἐφαγον
2522 3758 2577 3811 δὲ
2614 3758 2707 3811 καὶ
2743 3756 3166 3825 ἐχορτάσθησαν.
3201 3757 3310 3809 Καὶ
3343 3751 3485 3826 ἦραν
3521 3755 3829 3823 περισσεύ-

2245 3866 2391 3919 ματα
2420 3849 2749 3917 κλασμάτων
2775 3847 2913 3900 ἐπτά
2944 3848 3231 3917 σπυρίδας.
3249 3842 3430 3901 τΗσαν
3456 3844 3513 3897 δὲ
3539 3847 3591 3898 οἱ
3624 3847 3835 3913 φαγόν-

2241 3958 2331 4003 τες
2358 3942 2431 4005 ὠς
2460 3942 2915 4011 τετρακισχίλιοι,
2949 3944 3044 3993 καὶ
3069 3938 3348 3993 ἀπέλυσαν
3376 3938 3594 4000 αὐτούς.
3632 3957 3649 3989 ι
3685 3938 3831 4009 Ἤδη

2245 4033 2339 4086 καὶ
2372 4033 2637 4101 πρότερον
2667 4031 3157 4100 ἐθαυματούργησε
3186 4048 3239 4082 τι
3268 4028 3509 4083 τοιοῦτον
3538 4030 3565 4082 ὁ
3596 4030 3829 4097 Κύριος,

2247 4125 2341 4177 καὶ
2375 4124 2467 4177 νῦν
2500 4124 2557 4175 δέ
2596 4123 3007 4193 θαυματουργεῐ
3028 4163 3042 4186 ,
3079 4122 3335 4193 ἀφορμῆς
3367 4122 3591 4189 εὐλόγου
3624 4122 3837 4191 δραξά-

2250 4232 2429 4284 μενος.
2466 4216 2529 4267 Ἡ
2571 4215 2628 4267 δέ
2668 4211 2756 4285 ἦν,
2798 4213 2859 4266 τὸ
2898 4216 3049 4284 τρεῖς
3094 4216 3310 4284 ἡμέρας
3352 4216 3693 4283 παραμεῖναι
3738 4214 3835 4266 τὸν

2245 4306 2417 4375 ὄχλον,
2455 4308 2546 4356 καὶ
2577 4304 2645 4357 τὰ
2681 4305 2865 4374 ἐφόδια
2898 4305 3131 4358 ἑκάστου
3166 4304 3536 4375 ἀναλωθῆναι.
3572 4306 3649 4358 Οὐ
3690 4305 3835 4359 πάν-

2246 4415 2362 4450 τοτε
2404 4398 2512 4467 γὰρ
2553 4396 2986 4468 ἐθαυματούργει
3024 4398 3119 4450 ἐπὶ¹
3160 4399 3283 4460 ταῖς
3318 4400 3571 4468 τροφαῖς.
3617 4397 3710 4451 ἴνα
3757 4400 3837 4470 μὴ

580 4483 797 4551 mentis,
827 4493 884 4538 ut
923 4499 988 4539 ne
1017 4492 1225 4554 putent,
1257 4485 1399 4554 quod
1448 4497 1668 4555 propter
1711 4487 1861 4542 cibos
1911 4488 2138 4556 populus

2249 4487 2485 4554 δόξωσιν,
2523 4491 2605 4543 ὅτι
2646 4490 2733 4543 διὰ
2776 4489 2874 4561 τὴν
2914 4490 3120 4562 τροφὴν
3159 4489 3546 4544 ἀκολουθοῦσιν
3589 4492 3744 4562 αὐτῷ
3784 4494 3837 4547 οι

1529 4646 1621 4705 Εἰ
1651 4643 1994 4706 collatione
2032 4646 2215 4706 codd.
2262 4649 2488 4708 Venet.
2520 4649 2582 4708 S.
2618 4646 2839 4708 Marci.

653 4795 765 4863 (64)
810 4795 946 4851 Cod.
978 4793 1063 4863 _52
1114 4795 1294 4851 addit:
1342 4796 1501 4849 ’Δλλὰ
1545 4798 1639 4850 καὶ
1683 4799 1810 4855 τοὺς
1852 4798 2143 4859 δακτύλους

582 4860 755 4937 αὐτού
782 4868 861 4937 είς
883 4860 1083 4937 τάᾼῷτα
1114 4863 1276 4918 αὐτοῦ
1311 4865 1491 4928 ἔϐαλε,
1535 4867 1830 4933 δυνάμενος
1874 4869 1967 4920 καὶ
2002 4867 2144 4937 λόγῳ

583 4934 892 4989 ἐπιτελέσαι
908 4934 1079 5006 τδθαῧ
1090 4949 1182 5000 μα·
1208 4936 1417 4998 δεικνὺς
1437 4937 1509 4997 ὠς
1526 4938 1743 4989 πλουτεῖ
1757 4936 1853 5004 τὴν
1878 4939 1973 5006 τῆς
1995 4934 2145 4997 θείας

582 5006 864 5077 δυνάμεως
891 5004 1219 5077 ἐνέργειαν,
1268 5006 1388 5077 καὶ-
1410 5006 1471 5077 τὸ
1516 5006 1713 5077 ἐνωθέν
1764 5004 2141 5077 αὐτῷσῶμα.

599 5072 815 5143 Ἐπειδὴ
842 5074 951 5142 γὰρ
981 5073 1069 5143 διὰ
1090 5074 1187 5142 τὴν
1209 5076 1267 5126 ἐν
1310 5074 1476 5140 Ἀδὰμ
1505 5076 1817 5143 παράόασιν
1866 5072 2140 5143 πολλά’τῇ

588 5142 905 5217 ἀνθρωπεία
933 5142 1091 5217 φύσει
1124 5144 1415 5217 ἐπισυνέϐη
1443 5145 1510 5217 τά
1543 5142 1691 5217 πάθη
1715 5164 1728 5177 ·
1761 5149 2008 5217 πήρωσις
2031 5142 2143 5198 ἐσθ⁵

586 5212 904 5295 δτειμελῷνί,
932 5214 1024 5295 κα).
1045 5212 1206 5295 los-tria.
1225 5214 1389 5295 ἔτερα
1404 5214 1569 5295 πάθη,
1590 5212 1865 5295 δηλοῦντα.
1882 5219 1959 5277 είς
1988 5217 2147 5269 ποίαν

590 5282 906 5356 ἀρρωστίαν
934 5282 1023 5356 διὰ
1054 5282 1153 5343 τὰς
1184 5282 1653 5356 ἀμαρτίαςητοῦ
1698 5286 1983 5356 ἀνθρώπου
2023 5304 2149 5337 κατ-

584 5350 872 5432 ενήνεκται
920 5351 1109 5432 φύσις
1138 5350 1411 5432 ἐίσελθιξξν
1450 5355 1479 5404 ὀ
1511 5350 1767 5432 ζΧριστδς
1794 5350 1887 5432 καὶ
1903 5356 2148 5432 *τελείαν

588 5420 797 5493 ταύτην
818 5420 1102 5485 ἀποδείξας
1134 5422 1413 5493 ὲνᾼέαυτῷ,
1443 5424 1533 5476 καὶ
1562 5420 1679 5475 οῖαν
1710 5424 1767 5488 ἐξ
1793 5427 1964 5493 ἀρχῆς
1988 5428 2150 5485 αὐτὸς

588 5489 759 5562 αὐτῂν
786 5494 1171 5562 κατεσκεύασε,
1191 5491 1255 5543 δι’
1276 5489 1445 5559 αὐτῆς
1466 5496 1533 5562 τὰ
1556 5493 1662 5543 τῶν
1687 5489 1985 5559 amasium;
2010 5498 2147 5562 αὐτῇ

590 5561 869 5631 νοσήματα
910 5561 1266 5631 ἐθεράπευσεν·
1298 5562 1383 5613 διὰ
1421 5561 1579 5615 τοῦτο
1612 5566 1702 5614 καὶ
1725 5564 2008 5624 δακτύλοις
2048 5561 2145 5631 μὲν

592 5628 662 5703 τά
701 5628 814 5703 dita
843 5630 1101 5703 διήνοιγε,
1150 5630 1429 5703 πτύσματι
1459 5633 1514 5683 δὲ
1542 5632 1783 5703 ἐπεδίδου
1818 5637 1880 5702 τῇ
1930 5628 2146 5703 γλώττῃ

589 5698 651 5749 ’τὸ
670 5693 1016 5771 φθέγγεσθαι.
1043 5693 1371 5770 Ἀναϐλέψας
1393 5702 1449 5754 δέ
1472 5704 1549 5761 εἰς
1573 5701 1661 5753 τὸν
1678 5693 1998 5771 οὐρανδνά.
2020 5721 2069 5755 τ.
2094 5693 2145 5756 λ’.

594 5778 615 5817 ι
661 5769 923 5823 (laterum
977 5781 1032 5820 et
1068 5769 1360 5839 digitos'in
1412 5786 1568 5825 aures
1619 5769 1963 5839 ejusmisit,
2024 5788 2146 5826 cum

2251 4799 2466 4853 aliunde
2485 4808 2667 4866 posset
2688 4812 2938 4853 sermone
2952 4809 3068 4851 solo
3089 4796 3411 4851 miraculum
3436 4795 3565 4848 illud
3587 4802 3831 4866 patrare:

2252 4879 2309 4920 ut
2334 4865 2582 4923 videlicet
2627 4870 2726 4923 hac
2767 4869 2974 4922 ratione
3018 4870 3351 4929 ostenderet,
3388 4876 3587 4933 quanta
3628 4865 3833 4917 divinae

2250 4938 2466 4993 virtutis
2484 4937 2717 4993 efﬁcacia
2743 4938 3217 4991 abundaretetiam
3236 4937 3443 4993 unitum
3472 4933 3573 5001 ipsi
3604 4948 3832 5003 corpus.

2250 5006 2509 5077 Quoniam
2529 5010 2673 5063 enim
2702 5017 2923 5077 propter
2953 5006 3081 5059 Adae
3108 5003 3610 5077 praevaricationem
3647 5005 3835 5077 multa:

2251 5076 2495 5131 humana!
2540 5070 2745 5132 natura:
2780 5070 3452 5144 a'cciderunt'passiones‘,
3496 5070 3833 5144 quandoque

2250 5148 2411 5200 etiam
2446 5150 2689 5202 defectus
2712 5148 3097 5208 membrorum,
3129 5143 3183 5199 et
3214 5156 3425 5199 δίεισι-ιθ
3458 5143 3831 5205 infirmitates,

2246 5230 2362 5282 quae
2390 5220 2699 5279 ostendunt,
2724 5219 2774 5269 iu
2807 5225 3062 5283 quautam
3090 5214 3486 5268 imbecilliatem
3515 5226 3609 5283 per
3634 5226 3835 5278 pecca-

2250 5294 2356 5355 tum
2401 5288 2727 5355 praecipitata
2767 5282 2927 5339 fuerit
2972 5288 3205 5338 humana
3255 5294 3488 5355 natura:
3531 5282 3837 5355 adveniens

2246 5351 2511 5417 Christus.
2544 5351 2769 5423 eamque
2789 5357 2840 5408 in
2861 5355 3150 5423 semetipso
3184 5354 3497 5420 perfectam,
3522 5363 3578 5405 et
3605 5351 3827 5423 qualem

2248 5427 2362 5489 ipse
2393 5441 2421 5477 a
2457 5421 2717 5493 principio
2740 5440 2857 5478 eam
2892 5421 3112 5485 fecerat,
3155 5423 3419 5488 reddens;
3456 5436 3550 5493 per
3579 5421 3830 5472 eamdem

2251 5492 2481 5551 illorum.
2515 5497 2603 5561 qui
2635 5495 2869 5559 ejusdem
2895 5492 3207 5547 substantiae
3227 5502 3375 5554 sunt,
3409 5492 3627 5545 morbos
3659 5504 3829 5561 sana-

2257 5565 2352 5620 \‘il.
2386 5558 2593 5620 Idcirco
2633 5558 2815 5631 digitis
2865 5579 3026 5617 aures
3066 5562 3298 5627 aperuit.
3336 5577 3397 5615 ac
3432 5564 3627 5629 lingua:
3658 5558 3831 5631 facul-

2258 5641 2416 5705 lnlem
2451 5630 2713 5705 loquendi
2733 5644 2894 5701 sputo
2925 5633 3237 5701 impertivit.
3272 5632 3344 5686 Ut
3376 5640 3553 5683 autem
3581 5630 3832 5698 suspexit

2256 5702 2306 5756 ill
2332 5702 2548 5771 cmlum',
2580 5723 2600 5757 ι
2632 5713 2736 5759 etc.
