4010 6408
198 378 311 445 539

878 378 1324 447 ENARBATIO
1363 379 1450 444 IN
1488 376 1999 443 EVANGELIUM
2036 382 2278 443 MARCI
2337 404 2407 418 --
2440 380 2608 444 CAP.
2647 381 2817 447 VIII.

3381 386 3489 451 570

197 495 375 565 θχλοι.
402 494 515 547 Καὶ
542 490 639 548 νῦν
663 488 759 546 οὖν
784 491 835 544 εί
867 491 941 562 μή
972 488 1041 562 ἦν
1067 490 1313 553 κίνδυνος
1340 491 1699 561 ὲλπιζόμενος
1724 494 1787 548 ἐκ

1894 491 2045 549 illum
2073 500 2362 562 sequatur,
2390 500 2446 547 et
2480 508 2623 547 nunc
2655 488 3109 562 nisi-periculum
3139 506 3208 547 ex
3241 490 3489 548 ciborum

200 587 304 657 τῆς
337 586 607 658 ἁτροφίας
642 580 1040 653 προσγενέσθαι
1071 582 1150 648 τῷ
1183 581 1361 651 δχλῳ,
1395 583 1498 635 οὐκ
1534 581 1601 635 ἃν
1634 582 1795 636 ὲθαυ-

204 677 613 750 ματούργησεν.
635 677 779 746 Ὅρα
803 674 861 727 δὲ
892 673 987 728 καὶ
1014 672 1143 736 τοὺς
1176 673 1450 745 μαθητὰς,
1482 673 1603 739 πῶς
1632 674 1797 744 ἀνοή⁴

200 786 311 833 τως
338 769 424 820 ἔτι
453 767 691 838 ἔχουσιν,
719 766 932 819 οὐδέπω
959 763 1312 827 πιστεύοντες
1340 766 1407 834 τῇ
1436 764 1667 833 δυνάμει
1688 763 1795 816 αύ-

197 859 295 914 τοῦ
322 859 434 912 ἀπὸ
459 858 568 911 τῶν
593 858 898 929 προτέρων.
924 855 1094 919 Αὐτὸς
1121 855 1179 908 δὲ
1205 854 1359 908 οὐδὲν
1386 855 1791 923 ἐπιμέμφεται,

195 951 469 1005 διδάσκων
495 948 596 1003 καὶ
622 950 770 1019 ἡμᾶς
804 946 881 1017 μὴ
907 947 1265 1017 ὶπιπλήττειν
1291 947 1655 1017 σφοδρότερον
1680 948 1794 1010 τοῖς

196 1043 495 1113 ἀμαθέσιν,
529 1040 645 1095 ἀλλ’
667 1042 818 1094 ἐστιν
850 1038 888 1094 ἃ
921 1041 1014 1093 καὶ
1050 1041 1462 1109 συγγνωμονεῖν
1493 1040 1684 1100 αὐτοῖς
1716 1038 1793 1100 ὡς

194 1135 469 1204 ἀνοήτοις.
508 1130 861 1199 ’Δναλογίζου
902 1130 959 1184 δὲ
1002 1130 1098 1184 καὶ
1138 1128 1319 1195 τοῦτο,
1366 1129 1449 1181 ὅτι
1492 1129 1520 1181 6
1559 1126 1793 1197 Χριστὸς

194 1226 391 1280 οὐδένα
424 1225 675 1294 βούλεται
708 1224 901 1292 νῆστιν
931 1219 1224 1275 ἀπολῦσαι.
1257 1220 1473 1283 Πάντας
1504 1220 1615 1291 γὰρ
1645 1219 1790 1273 θέλει

194 1316 557 1386 κατατρυφᾷν
600 1314 711 1367 τῶν
756 1311 922 1366 αὐτοῦ
973 1311 1364 1381 χαρισμάτων,
1414 1311 1507 1363 καὶ
1555 1309 1793 1380 μάλιστα

191 1409 322 1466 τοὺς
351 1409 503 1474 τρεῖς
534 1406 751 1476 ἡμέρας
784 1403 951 1457 αὑτοῦ
985 1402 1436 1473 παραμείναντας
1456 1440 1472 1465 ,
1504 1399 1788 1471 τουτέστι,

191 1501 321 1563 τοὺς
366 1498 785 1569 βαπτισθέντας.
819 1495 972 1549 Ἐπεὶ
1014 1497 1122 1567 γὰρ
1167 1493 1428 1564 φώτισμα
1470 1493 1689 1559 λέγεται
1729 1490 1792 1543 τὸ

193 1590 516 1659 βάπτισμα,
550 1590 612 1641 τὸ
643 1589 697 1641 δὲ
733 1588 1021 1658 βάπτισμα
1060 1589 1117 1640 ὲν
1148 1588 1295 1658 τρισὶ
1336 1584 1667 1640 καταδύσεσι
1703 1600 1791 1636 τε·

190 1681 491 1743 λεῖται,,ὲν
532 1682 710 1751 τρισίν
748 1679 983 1748 ἡμέραις
1026 1678 1165 1730 είσὶν
1205 1679 1254 1730 σί
1297 1674 1662 1745 φωτιξόμενοι
1700 1675 1791 1728 διὰ

190 1770 285 1823 τοῦ
316 1769 717 1840 βαπτίσματος.
744 1767 1027 1837 Λαμϐάνει
1050 1766 1233 1821 τοίνυν
1254 1766 1378 1828 τοὺς
1401 1765 1543 1818 ἑπτὰ
1567 1766 1787 1834 ἄρτους,

1902 582 2130 653 penuria
2186 582 2420 646 fuisset,
2475 583 2790 650 neutiquam
2852 580 3081 636 fecisset
3137 582 3482 669 mirt‘culum.

1902 674 2035 730 Vide
2053 682 2233 739 autem
2255 684 2308 732 et
2327 672 2622 742 discipulos
2640 686 2803 742 quam
2823 671 3145 741 insipienter
3160 687 3219 726 se
3234 672 3491 739 habeant,

1898 764 2139 819 nondum
2160 764 2451 821 credentes
2476 764 2705 818 virtutes
2727 762 2875 818 illius
2898 777 2964 816 ex
2990 762 3271 833 prioribus
3296 763 3491 833 signis.

1895 857 2021 927 Ipse
2080 865 2260 911 autem
2310 872 2424 913 non
2474 855 2866 926 reprehendit,
2921 855 3123 909 docens
3175 863 3231 910 et
3286 871 3383 909 nos
3425 870 3494 910 ne

1892 951 2233 1011 morosiores
2265 958 2321 1006 et
2348 950 2683 1006 austeriores
2712 964 2842 1021 erga
2873 949 3138 1004 indociles
3169 950 3364 1015 simus,
3396 948 3492 1004 sed

1896 1055 2026 1099 sunt
2070 1058 2191 1112 quas
2244 1043 2355 1098 illis
2403 1052 2623 1114 oportet
2669 1043 2958 1114 ignoscere
2989 1053 3048 1097 ut
3081 1043 3489 1111 insipientibus.

1895 1134 2191 1191 Considera
2247 1144 2431 1189 autem
2474 1144 2528 1189 et
2584 1135 2727 1203 hoc,
2774 1135 2917 1203 quod
2967 1134 3225 1190 Christus
3283 1134 3491 1188 nullum

1894 1227 2009 1281 vult
2041 1226 2314 1281 dimittere
2357 1226 2627 1296 jejunum.
2668 1224 2873 1280 Omnes
2911 1226 3057 1281 enim
3102 1226 3220 1280 vult
3274 1227 3489 1282 deliciis

1894 1333 2116 1374 suorum
2148 1319 2420 1374 donorum
2454 1319 2636 1385 alere,
2673 1327 2731 1373 et
2762 1320 2998 1373 maxime
3024 1333 3121 1374 eos
3163 1320 3252 1389 qui
3312 1320 3492 1375 triduo

1886 1412 2035 1481 apud
2075 1426 2135 1467 se
2166 1419 2431 1476 manent,
2483 1410 2588 1466 hoc
2636 1419 2725 1467 est
2774 1410 3105 1480 baptizatos.
3159 1410 3494 1467 llluminatio

1893 1506 2038 1559 enim
2087 1505 2291 1559 dicitur
2342 1504 2635 1573 baptisma.
2668 1502 2810 1571 Quia
2858 1510 3044 1562 autem
3085 1504 3393 1572 baptisnus
3437 1505 3489 1557 in

1896 1598 2071 1652 tribus
2104 1592 2477 1652 mersionibus
2504 1596 2587 1664 ﬁt,
2614 1598 2688 1653 ita
2723 1607 2780 1652 et
2808 1597 2987 1652 triduo
3021 1607 3246 1653 manent
3277 1581 3368 1667 qui
3394 1612 3493 1666 per

1894 1690 2225 1761 baptismum
2285 1690 2695 1748 illuminantnr.
2747 1688 2975 1758 Accepit
3026 1698 3236 1759 septem
3298 1703 3488 1759 panes,

1891 1782 2206 1851 spirituales
2236 1781 2459 1850 inquam
2484 1795 2801 1837 sermones.
2826 1778 3103 1839 Numerus
3122 1783 3274 1835 enim
3308 1788 3491 1850 septe-

190 1828 328 1925 τοὺς⁸
362 1828 918 1932 πνευματικωτέρους
964 1860 1154 1927 λόγους
1196 1858 1361 1928 φημί.
1401 1858 1459 1911 Ὀ
1498 1828 1620 1927 γὰρ.
1647 1828 1787 1911 έπτᾷ

1896 1828 2081 1929 uarius
2130 1828 2374 1943 Spiritus
2420 1873 2598 1929 sancti
2645 1871 2959 1945 symbolum
2995 1882 3111 1938 est,
3142 1872 3234 1941 qui
3270 1828 3487 1942 perﬁcit

194 1955 451 2026 ἀριθμὸς,
484 1954 579 2009 τοῦ
616 1953 937 2022 Πνεύματός
969 1953 1085 2005 ἑστι
1122 1951 1416 2023 σύμδολον.
1451 1950 1525 2006 Τὸ
1560 1949 1788 2018 Πνεῦμα

192 2048 301 2118 γάρ
331 2050 450 2101 ἐστι
479 2047 541 2099 τὸ
571 2044 812 2098 τελειοῦν
841 2045 909 2098 τὰ
941 2044 1141 2107 πάντα,
1170 2044 1264 2095 καὶ
1295 2044 1353 2096 ὲν
1382 2040 1463 2110 τῷ
1494 2041 1635 2094 ἑπτὰ
1665 2038 1787 2107 ἀρι-

194 2141 318 2211 θμῷ
346 2140 653 2194 τελειοῦται
680 2141 709 2192 6
738 2137 851 2209 βίος
879 2138 1060 2208 ήμῶν,
1088 2138 1185 2191 καὶ
1209 2138 1237 2190 6
1267 2134 1404 2191 αίὼν
1429 2128 1607 2197 οὗτος.
1634 2131 1793 2204 Τρώ-

194 2251 351 2303 γουσι
384 2234 447 2287 δὲ
483 2236 535 2287 oi
571 2231 977 2301 πεφωτισμένοι
1014 2232 1110 2284 καὶ
1146 2228 1526 2300 χορτάζονται,
1560 2229 1657 2281 καὶ
1693 2244 1791 2280 πε-

200 2327 545 2399 ρισσεύματα
569 2325 754 2378 ὲῶσιν.
780 2326 854 2378 Οὐ
880 2326 988 2395 γὰρ
1013 2325 1191 2379 πάντα
1218 2323 1472 2377 δύνανται
1500 2323 1696 2391 φαγεῖν
1718 2321 1791 2375 τὰ

196 2420 312 2473 θεῖα
341 2421 618 2489 νοήματα.
668 2418 812 2470 Ἀλλ’
832 2419 947 2469 ἐκεῖ
976 2416 1075 2486 μὲν
1101 2417 1159 2469 ὲν
1182 2416 1248 2484 τῇ
1278 2414 1386 2466 τῶν
1412 2412 1578 2466 πέντε
1606 2412 1789 2483 ἄρτων

197 2510 635 2582 θαυματουργία,
681 2508 891 2563 δώδεκα
938 2509 1171 2577 κόφινοι,
1201 2507 1271 2559 τὰ
1317 2504 1739 2575 περισσεύματα
1769 2521 1784 2535 ι

196 2603 629 2672 πεντακισχίλιοι
677 2602 788 2671 γὰρ
832 2596 993 2671 ἦσαν,
1038 2614 1287 2652 τουτέστι
1336 2601 1455 2661 ταῖς
1502 2597 1788 2667 αἰσθήσεσι

195 2698 313 2759 ταῖς
344 2695 509 2747 πέντε
540 2693 909 2756 δουλεύοντες.
938 2693 1048 2745 Καὶ
1077 2692 1167 2744 διὰ
1194 2690 1354 2743 τοῦτο
1383 2691 1483 2744 οὐκ
1512 2690 1789 2760 ἠδυνήθη-

199 2803 295 2840 σαν
325 2786 501 2840 πολλὰ
534 2788 751 2854 φαγεῖν,
781 2784 897 2837 ἀλλ’
923 2784 1126 2851 ὀλίγοις
1158 2782 1534 2853 ἠρκέσθησαν.
1568 2782 1661 2834 Διὸ
1692 2782 1788 2834 καὶ

198 2878 366 2932 πολλὰ
397 2878 470 2932 τὰ
500 2876 958 2949 περιττεύσαντα·
996 2875 1232 2931 ἐνταῦθα
1264 2874 1321 2928 δὲ
1354 2875 1614 2946 σπυρίδες
1645 2873 1789 2927 ἑπτὰ

200 2973 290 3025 καὶ
307 2971 470 3040 ὀλίγα
488 2972 559 3026 τὰ
580 2970 829 3041 λείψανα,
847 2970 983 3024 διότι
998 2969 1430 3041 τετρακισχίλιοι
1454 2964 1615 3039 ἦσαν,
1634 2984 1787 3021 τουτ-

198 3066 349 3129 έστι,
386 3067 511 3127 ταῖς
553 3064 851 3134 τέσσαρσιν
897 3066 1121 3134 ἀρεταῖς
1163 3061 1646 3132 γεγυμνασμένοι,
1691 3059 1787 3112 καὶ

1888 1966 2101 2023 omnia.
2160 1964 2489 2034 Septenario
2538 1963 2687 2021 enim
2746 1979 2979 2021 numero
3036 1963 3320 2034 perﬁcitur
3376 1966 3491 2019 vita

1893 2060 2009 2112 bu-c
2054 2067 2111 2111 et
2154 2057 2258 2111 hoc
2283 2056 2922 2114 saeculum..Comedunt
2964 2066 3143 2111 autem
3172 2056 3491 2124 illuminati,

1891 2159 1947 2203 et
1973 2158 2319 2216 saturantur,
2349 2159 2407 2205 et
2434 2148 2686 2220 rdiquite
2721 2158 3038 2219 supersunt.
3078 2146 3270 2218 Neque
3294 2163 3491 2207 omnes

1890 2254 2090 2297 sensus
2120 2239 2338 2295 divinos
2365 2240 2531 2296 edere
2564 2239 2771 2295 valent.
2810 2238 3011 2309 Verum
3053 2239 3105 2294 in
3156 2239 3248 2295 illo
3273 2240 3491 2310 quidem

1890 2332 2137 2402 quinque
2168 2348 2371 2400 panum
2410 2330 2698 2395 miraculo,
2734 2330 2901 2400 κιο
2922 2328 3218 2385 duodecim
3270 2327 3493 2397 eophini

1892 2432 2041 2485 sunt,
2069 2431 2125 2476 et
2156 2424 2344 2489 plures
2366 2420 2616 2489 reliquiae
2641 2436 2657 2475 :
2680 2428 2847 2474 erant
2863 2419 3011 2481 enim
3037 2421 3277 2491 quinque
3300 2418 3491 2485 millia,

1892 2518 1993 2572 hoc
2020 2528 2126 2579 est,
2174 2518 2415 2587 quinque
2456 2516 2713 2571 sensibus
2757 2514 3076 2570 serviebant
3110 2522 3163 2565 et
3199 2516 3490 2580 propterea

1892 2626 1998 2665 non
2038 2619 2332 2678 potuerunt
2392 2609 2561 2662 multa
2613 2609 2801 2670 edere,
2852 2609 2948 2662 sed
2997 2605 3191 2675 paucis
3244 2601 3491 2659 contenti

1892 2702 2131 2766 fuerunt,
2159 2702 2363 2756 et’ideo
2388 2701 2570 2769 plures
2592 2708 2723 2755 sunt
2754 2697 3002 2769 reliquias
3035 2716 3049 2753 :
3085 2697 3174 2752 hic
3198 2711 3328 2751 vero
3359 2707 3490 2763 sep-

1892 2801 2001 2847 tem
2062 2801 2191 2846 sunt
2248 2802 2484 2859 spartae,
2527 2799 2581 2845 et
2632 2790 2892 2859 pauciora
2926 2789 3171 2851 residua,
3225 2801 3291 2840 eo
3342 2783 3487 2855 quod

1888 2894 2130 2955 quatuor
2159 2882 2331 2939 millia
2372 2882 2612 2946 fuerunt,
2646 2882 2749 2936 hoc
2788 2889 2895 2946 est,
2929 2889 3166 2949 quatuor
3195 2877 3493 2931 virtutibus

1890 2977 2199 3043 exercitati,
2224 2986 2283 3032 et
2309 2986 2599 3047 prepterca
2628 2982 2900 3044 'lanquam
2932 2972 3272 3041 potentiores
3295 3010 3310 3036 ,
3336 2969 3495 3041 plura

1890 3072 2247 3128 comederunt
2286 3078 2343 3123 et
2382 3071 2639 3139 pauciora
2682 3066 3042 3136 reliquerunt.
3074 3063 3166 3118 Illa
3199 3064 3347 3117 enim
3377 3060 3496 3118 sola

197 3157 281 3211 διὰ
308 3156 471 3210 τοῦτο
501 3158 578 3219 ῶς
607 3155 998 3227 δυνατώτεροι,
1034 3155 1238 3223 ἔφαγον
1268 3154 1468 3216 πολλὰ,
1502 3152 1598 3207 καὶ
1626 3152 1786 3220 ὀλίγα

1892 3175 1998 3215 non
2037 3168 2339 3230 potuerunt
2370 3160 2680 3219 comedere.
2709 3172 2831 3227 qua:
2863 3155 3092 3212 fuerunt
3123 3156 3300 3225 magis
3329 3153 3496 3223 spiri-

199 3250 546 3319 κατέλειψαν.
581 3250 797 3302 Ἐκεῖνα
833 3247 940 3319 γὰρ
980 3249 1117 3319 μόνα
1156 3248 1258 3301 οὐκ
1294 3247 1643 3317 ἠδυνήθησαν
1679 3263 1787 3314 φα-

199 3346 331 3409 γεῖν,
366 3342 469 3395 ὅσα
507 3334 577 3410 ἦν
611 3338 1105 3409 πνευματικώτερα
1145 3340 1239 3391 καὶ
1279 3335 1554 3407 βαθύτερα
1575 3352 1590 3368 ο
1626 3333 1786 3388 τοῦτο

202 3437 305 3507 γὰρ
340 3437 400 3491 αἱ
437 3433 579 3488 ἑπτὰ
622 3432 890 3503 στυρίδες.
929 3431 1186 3486 Μάνθανε
1222 3429 1281 3483 δὲ
1320 3430 1413 3482 καὶ
1448 3426 1608 3481 τοῦτο
1643 3425 1787 3481 κατὰ

202 3528 292 3599 τὴν
319 3526 586 3597 ἱστορίαν,
613 3525 698 3578 δτι
725 3524 806 3577 δεῖ
830 3525 977 3593 ἡμᾶς
1003 3522 1133 3593 ἄχρι
1158 3521 1258 3591 τῆς
1285 3520 1475 3591 χρείας
1504 3518 1782 3583 ἵστασθαι,

202 3619 289 3671 καὶ
318 3616 490 3686 μηδὲν
514 3614 679 3667 πλέον
703 3615 907 3684 ζητεῖν.
946 3613 1081 3667 Ἰδοὺ
1114 3612 1221 3683 γὰρ
1247 3613 1296 3665 σί
1322 3611 1495 3681 δχλοι,
1520 3610 1788 3679 φαγόντες

203 3710 291 3763 καὶ
330 3707 761 3779 χορτασθέντες,
799 3706 900 3759 οὐκ
924 3704 1137 3765 κέλαδον
1175 3702 1294 3773 μεθ’
1320 3702 1530 3757 ἑαυτῶν
1565 3702 1637 3755 τὰ
1677 3702 1789 3755 λεί-

202 3801 338 3872 ψινα
362 3801 473 3855 τῶν
498 3802 702 3870 ἀρτων,
726 3797 841 3853 ἀλλ’
859 3800 907 3851 oi
941 3796 1181 3868 μαθηταὶ
1208 3791 1349 3867 ἦραν
1374 3795 1571 3862 ταῦτα,
1594 3795 1745 3849 ὥσπε
1754 3814 1787 3867 ρ

204 3895 291 3949 καὶ
325 3892 421 3947 ἐπὶ
453 3891 563 3946 τῶν
599 3890 840 3959 κοφίνων
865 3906 880 3919 ·
918 3889 1093 3953 οὕτως
1125 3884 1219 3943 οὖν
1253 3889 1338 3941 δεῖ
1373 3889 1467 3943 καὶ
1503 3890 1654 3960 ἡμᾶς
1688 3890 1789 3960 ἁρ-

205 3986 409 4040 κεῖσθαι
439 3987 506 4056 τῇ
540 3982 856 4055 συμμετρίᾳ
883 3983 982 4051 τῆς
1012 3981 1224 4054 χρείας.

276 4098 295 4131 ι
328 4078 442 4133 Καὶ
468 4077 672 4140 εὐθέως
697 4076 872 4147 ἐμϐὰς
898 4078 979 4139 είς
1002 4075 1064 4128 τὸ
1091 4074 1276 4128 πλοῖον
1304 4072 1444 4145 μετὰ
1468 4072 1578 4127 τῶν
1608 4074 1786 4144 μαθη-

204 4170 307 4225 τῶν
354 4168 553 4231 αὐτοῦ,
595 4164 761 4240 ἦλθεν
811 4168 891 4231 είς
939 4166 1009 4221 τὰ
1057 4167 1200 4237 μέρτ,
1251 4166 1631 4237 Δαλμανουθά.
1678 4168 1789 4222 Καὶ

204 4263 419 4337 ἐξῆλθον
465 4265 516 4315 οἱ
560 4264 846 4331 Φαρισαῖοι
888 4260 985 4314 καὶ
1029 4258 1267 4331 ἧρξαντο
1308 4258 1564 4329 συζητεῖν
1604 4260 1784 4329 αύτῷ,

205 4357 493 4430 ζητοῦντες
520 4354 652 4426 παρ’
688 4354 853 4408 αὐτοῦ
884 4356 1110 4424 σημεῖον
1133 4353 1241 4407 ἀπὸ
1262 4353 1357 4407 τοῦ
1384 4349 1641 4425 ούρανοῦ,
1667 4371 1789 4407 πει-

208 4451 460 4523 ράζοντες
494 4447 680 4502 αὐτόν.
715 4446 829 4502 Καὶ
867 4444 1240 4510 ἀναστενάξας
1270 4446 1347 4516 τῷ
1380 4446 1657 4516 πνεύματι
1690 4447 1788 4500 αύ-

1890 3253 2057 3307 tualia
2100 3260 2154 3307 et
2200 3252 2587 3322 profundiora,
2611 3251 2764 3306 unde
2795 3258 2853 3305 et
2884 3264 2983 3320 per
3022 3257 3231 3318 septem
3279 3256 3498 3316 sportas

1889 3343 2266 3413 designantur.
2306 3342 2465 3397 Disce
2516 3352 2569 3396 et
2606 3344 2710 3396 hoc
2753 3341 2917 3410 juxta
2975 3339 3293 3404 historiam,
3352 3338 3497 3406 quod

1890 3434 2145 3489 debemus
2180 3434 2267 3489 his
2297 3433 2495 3504 quibus
2526 3433 2871 3503 indigemus,
2929 3430 3173 3487 contenti
3228 3442 3370 3496 esse,
3440 3438 3499 3485 et

1890 3525 2023 3579 nihil
2076 3524 2316 3594 amplius
2376 3540 2643 3594 quaerere.
2706 3521 2848 3583 Ecce
2898 3521 3046 3576 enim
3109 3522 3323 3587 turbat,
3373 3534 3497 3591 qua

1883 3618 2281 3684 comederunt;
2303 3626 2359 3673 et
2392 3625 2659 3672 saturata:
2690 3615 2939 3680 fuerunt,
2996 3628 3103 3669 non
3161 3620 3496 3683 acceperunt

1891 3725 2077 3767 secqu
2112 3711 2375 3780 reliquias
2403 3724 2628 3779 panum,
2657 3709 2750 3762 sed
2784 3705 3033 3776 discipuli
3062 3707 3162 3761 has
3185 3714 3495 3777 gestarunt,

1891 3803 2349 3876 quemadmodum
2397 3812 2453 3857 et
2510 3803 2563 3855 in
2619 3800 2870 3870 cophinis
2921 3798 3123 3854 factum
3160 3798 3360 3861 fuerat,
3414 3797 3497 3851 sic

1893 3900 2059 3970 igitur
2106 3907 2169 3953 et
2214 3911 2315 3952 nos
2368 3909 2468 3954 usu
2522 3893 2680 3951 nobis
2727 3906 2973 3963 congruo
3030 3906 3152 3950 esse
3202 3898 3496 3947 contentos

1892 3991 2076 4047 decet.

1970 4080 2133 4138 Vens.
2171 4081 2353 4137 l0-i‘2’.
2397 4097 2417 4132 ι
2455 4079 2519 4133 Ει
2564 4094 2689 4133 mox
2732 4078 3013 4147 ingressus
3048 4075 3103 4128 in
3154 4075 3337 4128 navim
3368 4088 3493 4127 cum

1895 4176 2178 4246 discipulis
2230 4174 2385 4238 suis,
2443 4172 2593 4225 venit
2643 4171 2694 4224 in
2750 4179 2933 4239 partes
2980 4166 3497 4232 Dalmanutltaziet

1893 4272 2099 4343 egressi
2132 4278 2262 4327 sunt
2294 4268 2582 4332 Pharisaai,
2610 4276 3009 4338 coeperuntque
3040 4263 3327 4332 disputare
3361 4274 3489 4323 cum

1890 4364 2011 4429 illo,
2029 4373 2336 4434 quaerentes
2361 4361 2428 4415 ab
2456 4374 2523 4413 eo
2550 4359 2765 4429 signum
2789 4373 2819 4412 e
2846 4356 3009 4421 caelo,
3037 4360 3314 4409 tentantes
3344 4366 3490 4414 eum.

1889 4455 1961 4511 Et
1990 4471 2113 4511 cum
2144 4454 2506 4526 ingemuisset
2533 4453 2729 4522 spiritu
2760 4464 2883 4513 suo,
2920 4448 3092 4503 dicit:
3127 4446 3236 4500 Cur
3265 4457 3494 4514 genera-

203 4540 309 4607 τοῦ,
335 4541 487 4609 λέγει
505 4555 519 4569 ο
548 4537 613 4590 Τί
636 4538 670 4608 ή
694 4538 861 4604 γενεὰ
886 4535 1025 4605 αὕτη
1053 4538 1279 4606 σημεῖον
1305 4536 1585 4607 ὲπιζητεῖ;
1617 4538 1787 4609 Ἀμήν

1902 4551 1975 4605 tio
1996 4549 2112 4604 haec
2135 4549 2349 4618 signum
2378 4544 2619 4615 quaerit?
2645 4543 2817 4597 Amen
2844 4542 2965 4596 dico
2988 4539 3163 4602 vobis,
3200 4536 3244 4591 si
3276 4534 3496 4589 dabitur

204 4631 341 4701 λέγω
375 4631 541 4701 ύμῖν,
574 4630 623 4682 εί
652 4628 943 4698 δοθήσεται
971 4630 1038 4698 τῇ
1070 4630 1236 4699 γενεᾷ
1267 4628 1441 4702 ταύτῃ
1474 4632 1722 4698 σημεῖον.
1761 4650 1781 4684 ι

204 4724 351 4778 Μετὰ
378 4724 442 4777 τὸ
479 4720 667 4791 θαῦμα
695 4720 756 4773 τὸ
785 4720 878 4774 ἐπὶ
909 4723 1021 4783 τοῖς
1057 4720 1244 4791 ἄρτοις
1264 4762 1279 4787 ,
1310 4720 1474 4786 εὐθὺς
1509 4724 1790 4795 ἀναχωρεῖ

204 4816 277 4879 είς
308 4813 470 4868 ἄλλον
503 4812 706 4877 τόπον,
742 4811 1078 4882 φοϐούμενος
1117 4813 1317 4883 μήπως
1352 4813 1381 4865 6
1415 4813 1572 4884 δχλος
1608 4815 1697 4868 διὰ
1728 4814 1789 4867 τὺ

203 4905 440 4960 τοιοῦτον
466 4899 683 4973 θαῦμα.
715 4904 1010 4975 νεωτερίσῃ
1031 4943 1044 4968 ,
1077 4906 1173 4956 καὶ
1204 4907 1407 4979 ποιήσῃ
1436 4906 1600 4960 αὐτὸν
1628 4906 1787 4977 βασι-

203 4995 311 5050 λέα.
346 4998 412 5050 Oi
446 4995 505 5050 δὲ
539 4996 827 5064 Φαρισαῖοι
862 4999 1090 5066 σημεῖον
1124 4997 1378 5069 ζητοῦσιν
1412 4999 1473 5064 ἐξ
1517 5000 1747 5071 ούρανοῦ
1769 5045 1783 5069 ,

204 5081 307 5141 οἷον
334 5087 486 5158 ήλιον
519 5086 745 5156 στῆσαι,
779 5088 1042 5159 σελήνην,
1074 5091 1373 5161 κεραυνοὺς
1421 5095 1783 5160 καταγαγεῖν,

204 5180 333 5251 ἀέρα.
365 5179 687 5233 ἀλλοιῶσαι.
726 5180 1004 5249 Ἐνόμιζον
1034 5180 1165 5253 γὰρ,
1197 5183 1278 5235 ὅτι
1312 5184 1371 5235 ού
1405 5184 1691 5255 δυνήσεται
1727 5185 1785 5252 ἐξ

203 5269 421 5342 ούρανοῦ
458 5270 687 5340 ποιῆσαι
723 5272 948 5341 σημεῖον
970 5311 984 5335 ,
1019 5266 1107 5326 οἷα
1139 5272 1205 5341 δή
1240 5275 1299 5327 ἐν
1331 5272 1407 5343 τῷ
1442 5276 1779 5341 Βεελζεδοῦλ

203 5364 489 5433 δυνάμενος
520 5363 696 5415 ποιεῖν
720 5363 789 5416 τὰ
815 5362 873 5415 ιν
900 5366 968 5434 τῇ
999 5367 1069 5436 γῇ
1106 5365 1245 5435 μόνα
1274 5369 1498 5437 σημεῖα.
1527 5368 1699 5434 Δύτδς
1726 5368 1783 5422 δὲ

204 5461 258 5512 οὐ
287 5460 535 5513 πείθεται
562 5457 792 5522 τούτοις.
821 5459 1015 5521 Ἀλλος
1044 5459 1154 5531 γὰρ
1180 5462 1209 5513 6
1239 5462 1432 5531 καιρὸς
1458 5461 1567 5515 τῶν
1605 5462 1664 5529 ἐξ
1693 5463 1784 5516 ούο

210 5553 357 5622 ρανοῦ
390 5550 657 5621 σημείων,
690 5552 717 5603 6
744 5550 843 5621 τῆς
872 5551 1141 5623 δευτέρας
1163 5553 1307 5621 λέγω
1333 5555 1661 5627 παρουσίας,
1692 5556 1781 5609 ὅτε

207 5648 254 5696 σί
284 5644 543 5713 δυνάμεις
587 5642 696 5695 τῶν
725 5643 973 5712 οὐρανῶν
1005 5644 1459 5716 σαλευθήσονται,
1491 5648 1588 5701 καὶ
1621 5649 1653 5718 ή
1692 5664 1781 5700 σε-

208 5733 327 5806 λήνη
366 5736 430 5789 οὐ
467 5733 629 5789 δώσει
660 5732 722 5787 τδ
762 5735 965 5803 φέγγος
1005 5737 1195 5807 αὐτῆς.
1226 5737 1284 5792 '0
1324 5739 1381 5791 δὲ
1412 5741 1512 5809 τῆς
1552 5741 1779 5811 πρώτης

208 5827 518 5897 παρουσίας,
547 5825 699 5880 οὐδὲν
726 5826 965 5881 τοιοῦτον
991 5828 1127 5899 ἔχει,
1157 5829 1293 5883 ἀλλὰ
1325 5830 1504 5886 πάντα
1538 5832 1777 5904 πραότη-

1895 4639 2235 4710 generationi
2290 4638 2417 4692 huic
2451 4638 2689 4706 signum.
2728 4652 2753 4685 ι
2804 4632 2935 4687 Post
2991 4631 3204 4701 signum
3251 4636 3355 4686 hoc
3406 4641 3496 4681 εει

1893 4742 2040 4802 ptem
2058 4746 2263 4801 panum
2299 4729 2483 4784 statim
2518 4727 2726 4787 secedit
2753 4726 2811 4783 in
2840 4723 3013 4783 alium
3057 4721 3258 4787 locum,
3298 4720 3497 4775 timens

1894 4838 1963 4877 ne
1990 4837 2099 4891 quo
2126 4829 2293 4892 pacto
2325 4820 2483 4880 turba
2542 4825 2697 4881 tanto
2730 4813 3003 4873 miraculo
3043 4813 3283 4868 excitata
3305 4852 3320 4877 ,
3363 4809 3493 4879 quid

1894 4930 2155 4970 novarum
2207 4928 2392 4974 rerum
2427 4911 2749 4977 moliretur,
2800 4920 3095 4978 regemque
3150 4920 3208 4959 se
3267 4902 3491 4957 faceret.

1892 5005 2155 5061 Pharisati
2188 5006 2405 5077 signum
2463 5008 2717 5073 quarunt
2760 5000 2832 5057 de
2875 4998 3039 5064 caelo,
3104 5004 3291 5067 utpote
3346 4998 3491 5064 quod

1888 5100 2059 5157 solem
2110 5097 2271 5157 sistat
2333 5105 2392 5152 et
2441 5096 2653 5161 lunam.
2712 5093 2944 5156 fulmina
2992 5092 3255 5152 deducat.
3300 5103 3487 5147 aerem

1884 5190 2161 5251 imulutet.
2184 5190 2612 5253 Arbitrabantur
2641 5186 2789 5248 enim
2814 5201 2943 5251 eum
2970 5199 3081 5249 non
3112 5196 3274 5254 posse
3304 5180 3492 5235 facere

1888 5284 2099 5356 signum
2124 5281 2193 5342 de
2223 5282 2364 5343 cmlo
2392 5291 2659 5351 tauquam
2712 5278 2807 5349 qui
2851 5278 2906 5345 iu
2955 5276 3252 5335 Beelzebut
3303 5274 3488 5330 facere

1886 5372 2064 5427 solum
2095 5379 2278 5441 posset
2308 5371 2462 5440 signa
2490 5370 2544 5429 in
2576 5366 2905 5441 terraJpse
2940 5374 3126 5424 autem
3167 5378 3377 5421 morem
3408 5364 3489 5418 eis

1887 5478 1995 5518 non
2023 5461 2180 5531 gerit.
2212 5461 2374 5515 Aliud
2398 5461 2547 5517 enim
2572 5468 2657 5516 est
2683 5469 2900 5529 tempus
2919 5456 3200 5528 signorum
3224 5457 3292 5513 de
3319 5455 3486 5518 coelo,

1886 5572 2081 5626 nempe
2126 5554 2350 5610 secundi
2402 5555 2671 5610 adventus
2722 5560 2959 5621 tempus,
2996 5553 3218 5621 quando
3252 5550 3485 5602 virtutes

1884 5650 2148 5705 caelorum
2184 5646 2703 5711 commovebuntur,
2728 5653 2783 5702 et
2817 5644 2947 5701 luna
2978 5657 3086 5703 non
3118 5643 3271 5698 dabit
3302 5641 3483 5709 splen-

1883 5743 2069 5795 dorem
2116 5755 2297 5794 suum.
2340 5737 2511 5793 Primi
2550 5746 2729 5793 autem
2765 5734 3035 5791 adventus
3075 5744 3289 5803 tempus
3344 5730 3477 5785 nihil

1884 5833 1993 5890 tale
2024 5832 2205 5901 habet,
2241 5832 2337 5888 sed
2371 5829 2555 5887 omnia
2590 5826 3012 5885 mansuetudine
3052 5824 3208 5896 plena
3242 5833 3387 5889 sunt,
3424 5831 3478 5878 et
