4010 6416
504 356 628 426 ’ξἹῙ

1444 351 2031 415 THEOPHYLACTI
2065 348 2479 414 BULGARIIE
2510 350 2874 414 ARCHIEP.

3668 312 3775 410 572

522 470 597 524 ita
630 455 735 524 non
770 460 983 521 dabitur
1008 464 1342 536 generationi
1390 464 1517 519 huic
1564 464 1775 534 signum
1819 462 1950 528 tale,
1984 462 2086 518 hoc

2198 478 2280 527 τος
2309 463 2572 534 γέμοντα.
2594 463 2756 517 Ὥστε
2784 460 2846 516 οὐ
2874 459 3163 532 δοθήσεται
3194 458 3261 531 τῇ
3294 456 3457 529 γενεᾷ
3480 455 3656 529 ταύτῃ
3684 475 3781 529 ση-

521 566 635 623 est,
662 558 727 612 de
754 556 915 611 cceio.

590 649 751 703 Vsus.
785 648 978 703 15-21.
1017 667 1036 701 ι
1074 647 1140 701 Ει
1177 646 1379 701 relictis
1424 644 1549 708 illis,
1584 645 1867 716 ingressus
1890 660 2088 702 rursus

520 737 697 793 navim
730 738 865 792 abiit
901 738 1124 811 trajecta
1162 736 1299 789 iacit.
1349 734 1413 789 Et
1442 734 1592 791 obliti
1628 735 1841 790 fuerant
1874 748 2089 791 sumere

520 843 714 896 panes,
747 842 845 882 nec
879 838 1265 896 praeter‘ouum
1297 841 1491 896 panem
1526 824 1795 882 habebant
1826 840 2007 881 secum
2033 826 2089 880 in

522 918 667 975 navi.
717 920 793 972 Ac
839 917 1093 987 praecepit
1148 917 1257 972 illis
1292 918 1513 973 dicens:
1568 914 1776 981 Videte,
1804 922 2009 974 cavete
2057 931 2090 972 a

523 1008 790 1065 fermento
828 1006 1249 1073 Pharisaeorum,
1282 1017 1337 1062 et
1365 1022 1394 1061 a
1424 1001 1692 1063 fermento
1726 1007 1974 1063 Herodis.
2025 1006 2093 1062 Et

520 1099 868 1167 disputabant
913 1098 1052 1153 inter
1079 1088 1221 1163 sese,
1253 1098 1536 1152 dicentes:
1574 1096 1752 1153 Panes
1786 1112 1890 1153 non
1910 1097 2092 1175 babe-

520 1205 662 1243 mus.
692 1189 756 1243 Et
779 1202 847 1245 eo
870 1189 1101 1259 cognito,
1127 1187 1285 1243 Jesus
1299 1181 1432 1242 dicit
1460 1186 1570 1241 illis
1594 1204 1609 1243 :
1638 1187 1777 1255 Quid
1801 1187 2090 1258 disputatis

521 1282 667 1351 quod
715 1294 880 1350 panes
932 1294 1038 1333 non
1088 1278 1342 1334 habetis?
1379 1276 1625 1335 Nondum
1662 1279 2091 1337 animadvertitis

526 1385 627 1425 nec
690 1367 1273 1438 intelligitis'z'adhuc
1330 1369 1662 1424 obcaecatum
1724 1368 1937 1427 habetis
1972 1384 2092 1425 ‘cor

523 1457 802 1512 vestrum?
832 1451 1021 1512 oculos
1064 1458 1325 1513 habentes
1372 1472 1478 1512 non
1519 1458 1766 1525 cernitis,
1820 1466 1875 1513 et
1931 1474 2092 1516 aures

521 1546 786 1605 habentes
835 1563 941 1604 non
999 1550 1239 1603 auditis?
1312 1556 1367 1603 ct
1416 1564 1525 1605 non
1574 1550 1939 1618 meministis,
1968 1564 2091 1606 cum

523 1642 761 1709 quinque
785 1638 1249 1711 panesifregissem
1270 1642 1325 1719 in
1346 1639 1624 1698 hominum
1646 1642 1884 1713 quinque
1904 1642 2089 1709 millia,

527 1739 657 1799 quot
685 1730 946 1798 cophinos
975 1729 1295 1799 fragmentis
1318 1731 1508 1802 plenos
1528 1733 1825 1789 sustulistis
1848 1732 1872 1787 l
1896 1732 2092 1789 Dicunt

2191 556 2347 625 μεῖον
2371 554 2637 621 τοιοῦτον,
2666 552 2949 607 τουτέστιν
2976 550 3293 622 οὐρανόθεν.

2182 690 2185 691 ν
2268 662 2287 697 ι
2327 644 2440 700 Καὶ
2473 642 2634 713 ἀφεὶς
2666 642 2900 707 αὐτοὺς,
2936 640 3113 710 ἐμϐὰς
3147 639 3311 693 πάλιν
3345 639 3427 703 είς
3458 637 3520 692 τδ
3554 637 3782 705 πλοῖον,

2188 732 2433 804 ἀπῆλθεν
2470 734 2551 797 είς
2586 732 2647 785 τδ
2688 731 2882 803 πέραν.
2924 730 3036 784 Kal
3074 725 3402 783 ἐπελάθοντο
3440 728 3491 781 oi
3542 728 3785 798 μαθηταὶ

2189 824 2353 879 αὑτοῦ
2386 823 2573 878 λαϐεῖν
2601 824 2821 891 ἄρτους,
2851 821 2949 876 καὶ
2992 822 3040 875 εί
3074 821 3149 892 μὴ
3178 820 3273 874 ενα
3306 820 3473 891 ἄρτον
3498 819 3601 873 οὐκ
3637 814 3785 890 εἶχον

2194 914 2545 986 μιθίαυτῶν
2585 915 2644 967 ἑν
2686 912 2766 984 τῷ
2811 912 3003 983 πλοίῳ.
3044 912 3155 967 Kal
3199 909 3537 964 διεστέλλετο
3579 910 3787 979 αὐτοῖς,

2188 1005 2401 1076 λέγων’
2440 1005 2657 1076 Ὁρᾶτε,
2687 1003 2919 1076 βλέπετε
2959 1002 3070 1058 ἀπὸ
3104 992 3204 1072 τῆς
3250 1001 3431 1072 ζύμης
3468 1001 3579 1056 τῶν
3616 1003 3791 1075 Φαρι-

2193 1095 2397 1165 σαίων,
2443 1097 2542 1151 καὶ
2583 1096 2683 1166 τῆς
2729 1094 2909 1167 ζύμης
2946 1093 3214 1165 Ἡρώδου.
3261 1093 3375 1149 Kal
3425 1092 3793 1162 διελογίζοντο

2192 1186 2328 1258 πρὸς
2371 1185 2655 1256 ἀλλήλους,
2698 1184 2981 1253 λέγοντες,
3008 1181 3093 1238 ὅτι
3133 1184 3368 1254 Ἀρτους
3416 1178 3516 1236 ούκ
3563 1183 3788 1254 ἔχομεν.

2191 1278 2302 1331 Kal
2330 1278 2492 1345 γνοὺς
2518 1278 2549 1331 δ
2582 1275 2810 1344 Ἰησοῦς,
2840 1276 2988 1344 λέγει
3018 1274 3203 1335 αὐτοῖς
3226 1291 3246 1323 .·
3282 1274 3349 1327 Τί
3381 1274 3787 1342 διαλογίζεσθε.

2190 1366 2274 1420 ὅτι
2297 1364 2493 1438 ἄρτους
2520 1366 2621 1419 οὐκ
2645 1364 2833 1436 εχετις
2860 1363 3027 1420 Οὖπω
3052 1368 3246 1431 νοεῖτε,
3276 1364 3401 1418 οὐδὲ
3430 1364 3676 1428 συνίετες
3705 1364 3791 1417 έτι

2193 1461 2612 1527 πεπωρωμένην
2645 1456 2799 1528 ἔχετε
2834 1458 2933 1517 τὴν
2966 1456 3197 1527 καρδίαν
3232 1456 3425 1528 ύμῶν;
3462 1454 3787 1524 ὀφθαλμοὺς

2192 1544 2407 1615 ῑχοντες
2446 1546 2509 1599 ού
2547 1545 2797 1617 βλέπετε,
2833 1548 2927 1602 καὶ
2964 1541 3081 1602 ὦτα
3120 1548 3336 1618 ἔχοντες
3375 1548 3479 1601 οὐκ
3517 1545 3785 1610 ἁκούετες

2192 1636 2289 1689 καὶ
2310 1638 2381 1691 οὐ
2419 1637 2790 1708 μνημονεύετε
2812 1678 2828 1704 ,
2860 1640 2947 1692 ὅτε
2983 1640 3109 1702 τοὺς
3142 1640 3305 1693 πέντε
3338 1640 3549 1708 ἄρτους
3578 1637 3791 1691 ἔκλασα

2194 1726 2275 1789 είς
2311 1726 2441 1791 τοὺς
2479 1727 2975 1797 πεντακισχιλίους,
3017 1730 3216 1792 πόσους
3260 1728 3514 1797 κοφίνους
3552 1728 3790 1798 πλήρεις

526 1820 576 1875 ei
603 1837 617 1874 :
649 1820 961 1877 Duodecim.
984 1820 1116 1875 Cum
1138 1832 1315 1876 autem
1339 1832 1543 1891 septem
1569 1823 1624 1879 in
1647 1832 1880 1894 quatuor
1900 1823 2087 1889 millia,

2198 1816 2519 1887 κλασμάτων
2547 1818 2752 1888 ἧρατε;
2782 1819 3048 1887 Λέγουσιν
3075 1820 3224 1892 αύτῷ
3248 1836 3263 1853 ο
3296 1819 3537 1875 Δώδεκα.
3566 1822 3695 1873 Ὀτε
3727 1820 3789 1873 δὲ

525 1920 657 1980 quot
713 1920 927 1980 sportas
978 1926 1044 1966 ex
1102 1912 1350 1983 reliquiis
1394 1912 1818 1984 fragmentorum
1852 1913 2091 1971 tulistis?

524 2001 605 2056 Illi
638 2016 764 2057 vero
797 2002 1063 2067 dixerunt,
1094 2004 1251 2072 211
1280 2002 1518 2070 Septem.
1552 2002 1619 2059 Et
1646 2004 1783 2058 dixit
1814 2004 1953 2060 illis:
1990 2004 2091 2073 Qui

526 2090 589 2145 lit
615 2102 673 2146 ut
700 2107 805 2148 non
832 2090 1186 2161 intelligetis?
1214 2092 1452 2163 Reliquit
1475 2090 1780 2149 Pharisaeos
1809 2093 2091 2166 Dominus,

525 2191 587 2237 ut
618 2183 1035 2253 incorrigibiles.
1071 2183 1171 2238 Ubi
1205 2184 1353 2239 enim
1410 2198 1537 2253 spes
1583 2193 1669 2240 est
1714 2185 2085 2252 correctionis,

528 2274 602 2329 ibi
634 2274 1031 2329 immorandum
1064 2286 1190 2331 est:
1229 2276 1319 2332 ubi
1342 2286 1523 2331 autem
1555 2275 1647 2330 illa
1677 2275 1935 2343 defuerit,
1971 2277 2096 2333 inde

526 2366 936 2419 transeundum.
971 2365 1242 2435 Singulari
1285 2372 1466 2421 autem
1501 2364 1913 2437 dispensatione
1952 2365 2014 2421 fit
2036 2374 2097 2422 ut

525 2455 775 2523 discipuli
801 2455 1194 2512 obliviscantur
1214 2472 1432 2526 panum,
1456 2473 1564 2527 quo
1587 2457 1840 2514 meliores
1857 2458 2092 2515 evadant

525 2547 819 2616 objurgati,
852 2556 907 2603 et
930 2549 1233 2621 intelligant
1264 2550 1477 2605 Domini
1503 2553 1782 2605 virtutem.
1805 2548 1941 2603 Nam
1970 2564 2095 2603 eum

524 2638 750 2695 dixisset
783 2640 1083 2694 cavendum
1131 2655 1160 2693 a
1214 2639 1480 2694 fermento
1528 2638 1965 2703 Pharias-orum,
1997 2642 2099 2694 boc

527 2740 632 2793 est,
672 2732 940 2797 doctrina,
970 2732 1045 2785 illi
1078 2748 1201 2787 eum
1233 2732 1496 2801 putabant
1517 2732 1582 2787 de
1604 2746 1803 2802 panum
1832 2730 2099 2789 fermento

524 2818 785 2875 locutum.
846 2819 1002 2876 Unde
1062 2821 1260 2875 merito
1324 2820 1765 2892 perstringuntur
1842 2832 2096 2891 tanquam

524 2911 760 2980 stupidi,
808 2923 865 2966 et
895 2926 1002 2964 non
1048 2910 1409 2981 intelligentes
1452 2914 1706 2967 virtutem
1740 2910 1977 2978 Christi,
2004 2912 2098 2982 qui

522 3001 699 3069 possit
735 3014 801 3054 ex
850 3000 1028 3056 nihilo
1073 2999 1258 3056 facere
1306 3015 1491 3070 panes.
1527 2999 1880 3058 Fermeatum
1917 3012 2098 3058 autem

526 3092 648 3145 ideo
677 3091 920 3144 nominat
959 3092 1260 3145 doctrinam
1289 3089 1687 3147 Pharisaorum
1739 3103 1795 3149 et
1837 3091 2102 3149 Herodia-

527 3194 742 3246 norum,
765 3181 892 3247 quia
918 3195 1101 3235 amara
1150 3191 1255 3245 est,
1301 3181 1630 3251 malitiatque
1674 3186 1877 3243 veteris
1917 3184 2096 3256 plena.

528 3270 846 3338 Quicunque
890 3272 1035 3325 enim
1082 3270 1285 3325 malitia
1336 3272 1671 3329 inveteratus
1711 3288 1821 3341 est,
1865 3284 1921 3329 et
1962 3275 2096 3330 nihil

526 3360 809 3428 spirituale
855 3369 1029 3430 potest
1073 3362 1255 3417 dicere
1306 3364 1450 3433 quod
1497 3364 1779 3421 auditoris-
1803 3366 1983 3435 palato
2028 3367 2099 3422 sit

529 3452 704 3514 dulce,
736 3452 821 3505 ille
853 3452 1173 3511 fermentum
1205 3453 1365 3507 habet
1385 3495 1400 3518 ,
1452 3468 1517 3509 ac
1550 3455 1863 3511 mordacem
1894 3458 2097 3511 veteris

528 3541 750 3595 malitiae
793 3542 1116 3607 doctrinam,
1152 3559 1274 3613 quae
1317 3544 1390 3600 illi
1429 3545 1771 3601 obedientem
1818 3547 1884 3600 ad
1925 3547 2100 3615 paeni-

528 3632 764 3687 tudinem
786 3634 995 3689 tandem
1019 3634 1199 3689 ducat.
1224 3634 1513 3690 Herodiani
1541 3643 1719 3689 autem
1741 3645 1897 3689 erant
1915 3636 2101 3691 docto-

529 3738 617 3777 res
666 3724 885 3792 quidam
938 3740 1108 3793 nuper
1164 3726 1307 3790 orti,
1362 3726 1606 3781 dicentes
1657 3724 1927 3781 Herodem
1980 3740 2102 3783 esse

529 3814 824 3877 Christum,
856 3824 911 3869 et
941 3814 1018 3869 illi
1045 3830 1165 3881 esse
1188 3817 1537 3871 credendum.

527 3905 699 3960 διανοί
720 3923 735 3972 ς
765 3907 1084 3962 Διδάσκαλοί
1128 3924 1271 3973 τινες
1298 3911 1598 3978 νεοφανεῖς,
1624 3909 1821 3973 οἵτινες
1850 3907 2057 3980 ἔλεγον,
2083 3909 2163 3965 ὅτι

527 3997 762 4053 στεύειν.

600 4091 767 4147 Vens.
798 4091 993 4148 22-26.
1030 4112 1050 4147 ι
1085 4094 1153 4148 Ει
1174 4094 1321 4150 venit
1352 4095 1717 4163 Betbsaidam,
1744 4107 1800 4152 et
1827 4097 2102 4157 adducunt

532 4187 605 4241 illi
641 4202 838 4242 mecum
865 4194 974 4245 :"et
1000 4188 1362 4244 obsecrabant
1392 4176 1513 4244 eum
1552 4201 1610 4245 ut
1647 4191 1797 4245 illum
1832 4199 2099 4261 tangeret.

532 4275 599 4329 Et
632 4276 967 4343 apprehensa
1004 4268 1165 4330 manu
1194 4278 1341 4343 czeci,
1369 4280 1557 4333 eduxit
1608 4280 1758 4335 illum
1810 4291 1964 4336 extra
2015 4282 2101 4335 vi-

529 4382 690 4421 cum:
727 4377 779 4422 et
810 4383 932 4423 cum
963 4370 1241 4436 expuisset
1272 4371 1323 4425 in
1356 4374 1541 4427 oculos
1589 4374 1759 4440 illius,
1806 4376 2098 4445 imposuis-

531 4470 721 4527 setque
748 4460 820 4513 illi
859 4476 1073 4525 manus,
1099 4462 1595 4532 interrogavitcum
1624 4466 1667 4519 si
1695 4465 1823 4533 quid
1848 4465 2097 4530 videret:

531 4558 584 4602 et
617 4560 827 4618 reiepto
858 4552 978 4604 visu
1016 4552 1266 4607 dicebat:
1309 4553 1483 4609 Video
1532 4557 1779 4610 homines
1801 4597 1814 4622 ,
1846 4558 2098 4625 quoniam
2126 4545 2179 4603 D

537 4643 677 4694 velut
723 4644 948 4695 arbores
999 4658 1163 4697 cerno
1219 4647 1579 4699 ambulantes.
1628 4648 1830 4701 Deinde
1882 4664 2101 4704 rursum

534 4734 786 4800 imposuit
812 4748 1005 4787 manus
1027 4749 1191 4803 super
1208 4737 1395 4791 oculos
1419 4738 1586 4804 illius,
1608 4748 1660 4791 et
1690 4738 1821 4793 fecit
1848 4749 1905 4792 ut
1926 4740 2103 4794 visum

534 4823 819 4889 reciperet,
874 4833 927 4875 et
984 4824 1267 4879 restitutus
1314 4837 1429 4881 est:
1486 4844 1547 4883 ac
1608 4830 1823 4883 videbat
1873 4830 2107 4885 dilucide

533 4926 716 4965 OtlllleS
744 4930 755 4965 :
788 4923 841 4966 et
874 4914 1078 4968 dimisit
1112 4917 1260 4991 illum
1317 4919 1367 4971 in
1398 4919 1613 4973 domum
1650 4936 1827 4984 suam,
1877 4922 2061 4976 dicens
2090 4940 2106 4978 :

535 5003 718 5071 Neque
744 4998 797 5058 in
830 5007 1011 5060 vicum
1036 5009 1381 5077 ingrediaris,
1421 5027 1595 5080 neque
1620 5012 1821 5067 dixeris
1848 5014 2101 5082 cuiquam

537 5096 589 5148 in
630 5098 765 5150 vico.
802 5117 820 5149 ι
860 5100 1096 5167 Apparet
1146 5102 1486 5157 Betbsaidam
1522 5106 1899 5161 incredulitate
1934 5106 2101 5161 multa

534 5186 851 5243 laborasse:
912 5192 1030 5245 ideo
1080 5204 1133 5245 et
1181 5195 1431 5249 miseram
1483 5212 1601 5250 eam
1654 5198 1783 5251 dicit
1830 5198 2099 5264 Christus,

537 5281 676 5333 sicut
715 5280 995 5337 Mattbams
1028 5284 1233 5351 inquit:
1280 5304 1297 5336 ι
1332 5286 1419 5341 Vua
1448 5288 1540 5341 tibi
1569 5290 1858 5356 Chorazin,
1894 5306 1971 5345 va:
2006 5291 2099 5345 tibi

538 5369 860 5425 Betbsaida:
896 5374 1018 5441 quia
1054 5374 1099 5427 si
1130 5375 1179 5427 in
1205 5374 1349 5445 Tyro
1374 5386 1426 5428 et
1458 5376 1653 5433 Sidone
1692 5380 1844 5434 facta:
1875 5381 2103 5436 fuissent

538 5462 784 5525 virtutes,
814 5478 929 5530 quae
954 5463 1108 5519 facta:
1135 5478 1261 5521 sunt
1300 5470 1350 5521 in
1384 5470 1553 5536 vobis,
1600 5472 1803 5540 pridem
1849 5474 2102 5543 resipuis-

541 5555 740 5605 sent".
786 5574 803 5605 ι
840 5554 954 5611 lluc
998 5558 1165 5626 igitur
1193 5574 1314 5614 cum
1358 5564 1588 5617 venisset
1620 5561 1795 5630 Iesus,
1830 5564 2103 5622 adducunt

616 5727 659 5756 ⁸⁵
704 5728 883 5783 Matth.
923 5750 996 5785 ιι.

2193 1907 2318 1969 τοὺς
2345 1906 2486 1960 ἑπτὰ
2512 1909 2591 1971 είς
2614 1908 2740 1971 τοὺς
2770 1910 3266 1979 τετρακισχιλίους,
3294 1912 3479 1964 πόσων
3506 1910 3789 1982 σπυρίδων

2194 1996 2538 2069 πληρώματα
2578 1999 2909 2070 κλασμάτων
2929 2001 3129 2071 ἦρατες
3154 1996 3218 2055 Ol
3253 2002 3311 2055 δὲ
3346 1998 3529 2056 εἷπον·
3581 2001 3784 2055 Ἑπτά.

2194 2088 2305 2142 Kal
2327 2088 2511 2157 ἔλεγεν
2529 2089 2716 2152 αὐτοῖς
2735 2106 2750 2121 ·
2774 2089 2901 2152 Πῶς
2919 2089 3074 2143 οῦπω
3097 2091 3341 2155 συνίετες
3372 2111 3391 2144 ›
3420 2092 3636 2162 ’Δφίησι
3659 2092 3791 2153 τοὺς

2193 2180 2521 2253 Φαρισαίους
2565 2182 2593 2235 6
2641 2180 2871 2251 Κύριος,
2922 2182 2997 2246 ὡς
3044 2182 3431 2254 ἁδιορθὼτους.
3462 2184 3633 2237 Ἔνθα
3681 2170 3790 2253 μὲν

2194 2273 2302 2343 γὰρ
2345 2272 2493 2326 ἔστιν
2533 2273 2686 2336 ἐλπὶς
2710 2272 3069 2343 διορθώσεως,
3111 2275 3231 2327 εκεῖ
3271 2274 3353 2327 δεῖ
3398 2274 3738 2346 ἐγχρονίζειν
3767 2290 3783 2305 ’

2196 2362 2324 2417 ινθα
2379 2363 2438 2417 δὲ
2499 2362 2825 2434 ἀδιόρθωτον
2888 2364 3189 2432 τὺικακὸν,
3233 2365 3445 2421 ἐκεῖθεν
3489 2367 3787 2437 ἀποπηδᾷν

2195 2452 2295 2507 δεῖ.
2328 2452 2703 2523 Οἰκονομικῶς
2739 2452 2796 2507 δὲ
2833 2454 2884 2507 οἱ
2924 2455 3167 2525 μαθηταὶ
3199 2456 3648 2511 ἐπιλανθάνονται
3682 2458 3787 2511 λα-

2198 2542 2312 2596 ϐεῖν
2360 2545 2579 2613 ἄρτους,
2629 2545 2716 2599 ἵνα
2764 2546 3150 2611 ὁνειδισθέντες
3201 2547 3443 2617 βελτίους
3486 2548 3785 2616 γένωνται,

2197 2634 2293 2685 καὶ
2322 2634 2402 2695 είς
2432 2632 2686 2703 αῐσθησιν
2714 2633 2911 2687 ἔλθωσι
2941 2634 3043 2703 τῆς
3074 2634 3171 2688 τοῦ
3202 2635 3441 2706 Χριστοῦ
3469 2637 3785 2706 δυνάμεως.

2199 2724 2463 2789 Εἰπόντος
2496 2727 2606 2795 γὰρ
2634 2724 2728 2779 τοῦ
2764 2727 2971 2797 Κυρίου
3002 2727 3291 2798 προσέχειν
3318 2728 3428 2783 ἀπὸ
3460 2729 3563 2798 τῆς
3601 2730 3791 2802 ζύμης

2198 2816 2308 2869 τῶν
2352 2816 2684 2886 Φαρισαίων,
2727 2818 2846 2889 ἦτοι
2887 2819 2986 2886 τῆς
3031 2818 3398 2885 διδασκαλίας,
3444 2821 3641 2875 ἑκείνοι
3684 2822 3792 2891 τὴν

2198 2906 2307 2960 τῶν
2344 2906 2527 2979 ἄρτων
2561 2906 2744 2979 ζύμην
2772 2909 3032 2979 ἐνόμισαν
3063 2910 3435 2981 ἀπαγορεύειν
3471 2901 3657 2976 αὐτοῖς
3691 2913 3791 2970 τὸν

2200 3001 2425 3073 Κύριον.
2452 3000 2614 3055 Ὅθεν
2639 3001 2865 3077 εἰκότως
2896 3001 3326 3073 έπιπλήσσονται
3355 3004 3431 3067 ὡς
3462 3004 3538 3075 μὴ
3570 3006 3788 3059 συνιέν-

2202 3110 2294 3156 τες
2320 3092 2420 3163 τὴν
2445 3091 2675 3162 δύναμιν
2698 3084 2797 3145 τοῦ
2829 3092 3093 3166 Χριστοῦ,
3122 3094 3205 3147 ὅτι
3232 3093 3458 3149 δύναται
3488 3095 3687 3166 ἄρτους
3715 3099 3791 3151 ἐκ

2207 3185 2281 3257 μὴ
2310 3184 2479 3237 ὄντων
2534 3183 2777 3253 ποιῆσαι.
2817 3184 3005 3255 Ζύμην
3032 3186 3088 3238 δὲ
3119 3184 3373 3256 ὀνομάζει
3398 3187 3497 3258 τὴν
3522 3187 3790 3243 διδασκα-

2200 3273 2322 3326 λίαν
2349 3273 2458 3327 τῶν
2487 3272 2797 3342 Φαρισαίων
2826 3274 2919 3327 καὶ
2948 3274 3059 3326 τῶν
3096 3273 3469 3345 Ἦρωδιανῶν,
3498 3277 3575 3340 ὼς
3606 3277 3789 3350 ὀξώδη

2168 3418 2175 3425 ,
2199 3360 2363 3419 οὖσαν
2388 3364 2483 3417 καὶ
2512 3364 2748 3426 παλαιᾶς
2780 3362 2979 3426 κακίας
3010 3364 3307 3434 γέμουσαν.
3341 3366 3452 3430 Πᾶς
3484 3368 3592 3439 γὰρ
3621 3370 3649 3423 ὁ
3674 3385 3791 3423 πα-

2198 3454 2451 3517 λαιωθεὶς
2484 3456 2541 3508 ὲν
2567 3456 2634 3525 τῇ
2665 3454 2863 3523 κακίᾳ,
2897 3456 2992 3507 καὶ
3026 3454 3193 3525 μηδὲν
3222 3458 3595 3527 πνευματικὸν
3622 3459 3791 3514 δυνά-

2205 3563 2364 3616 μενος
2418 3546 2619 3614 λέγειν,
2672 3545 2813 3599 ὥστε
2869 3547 3182 3614 γλυκαίνειν
3234 3550 3326 3605 τὸν
3380 3551 3633 3621 λάρυγγα
3684 3553 3785 3606 τοῦ

2144 3710 2147 3711 ν
2202 3637 2514 3701 ἀκούοντος,
2554 3638 2582 3688 6
2621 3637 2864 3701 τοιοῦτος
2908 3638 3089 3709 ζύμην
3130 3640 3265 3711 ἔχει,
3304 3643 3541 3707 παλαιᾶς
3584 3646 3789 3710 κακίας

2203 3725 2552 3779 διδασκαλίαν
2584 3726 2921 3791 δὰκνουσαν,
2959 3730 3054 3781 καὶ
3099 3731 3177 3792 είς
3222 3732 3586 3801 μεταμέλειαν
3624 3732 3789 3785 ῦστε-

2208 3834 2300 3887 ρον
2332 3818 2571 3885 ἄγουσαν
2601 3818 2692 3873 τδν
2726 3819 3039 3875 πεισθέντα.
3074 3822 3229 3886 Τίνες
3266 3823 3321 3876 δὲ
3352 3821 3491 3895 ἦσαν
3522 3826 3571 3877 οἱ
3597 3824 3790 3895 Ἥρω-

2203 3910 2233 3962 6
2265 3910 2510 3983 Ἡρώδης
2554 3912 2698 3967 ἐστὶν
2735 3914 2763 3965 6
2792 3913 3047 3983 Χριστὸς,
3075 3914 3183 3985 ξκαὶ
3248 3915 3327 3968 ὅτι
3352 3916 3537 3987 ρτούτῳ
3573 3918 3655 3971 δεῖ
3697 3936 3789 3972 πι-

2281 4115 2302 4148 ι
2344 4096 2455 4150 Kal
2493 4095 2714 4167 ἔρχεται
2749 4098 2828 4159 εἰς
2866 4097 3173 4166 Βηθσαϊδὰ,
3208 4101 3305 4153 καὶ
3339 4100 3597 4170 φέρουσιν
3633 4102 3787 4172 αύτῷ

2203 4190 2425 4258 τυφλὸν,
2459 4192 2552 4243 καὶ
2584 4190 2997 4259 παρακαλοῦσιν
3026 4192 3210 4257 αὑτὸν,
3245 4193 3333 4246 ἵνα
3360 4194 3524 4246 αὑτοῦ
3553 4194 3784 4265 ἅψηται.

2202 4283 2312 4334 Kal
2343 4282 2735 4351 ἐπιλαϐόμενος
2767 4283 2866 4350 τῆς
2902 4284 3086 4353 χειρὸς
3115 4284 3211 4337 τοῦ
3242 4284 3477 4354 τυφλοῦ,
3512 4286 3789 4356 ἐξήγαγεν

2202 4374 2364 4427 αὑτὸν
2403 4374 2507 4436 ἔξω
2544 4375 2640 4444 τῆς
2679 4374 2893 4442 κώμης.
2936 4377 3045 4428 Kal
3083 4376 3296 4440 πτύσας
3338 4380 3420 4440 είς
3453 4380 3519 4431 τὰ
3556 4378 3790 4448 ὄμματα

2203 4464 2365 4518 αὐτοῦ
2386 4505 2400 4528 ,
2436 4466 2643 4529 ἐπιθεὶς
2672 4467 2771 4528 τὰς
2803 4470 2991 4536 χεῖρας
3019 4465 3213 4533 αὑτοῦ,
3246 4471 3508 4539 ἐπηρώτα
3538 4472 3706 4524 αὐτὸν
3737 4474 3793 4524 ετ

2204 4574 2256 4609 τι
2299 4558 2506 4624 βλέπει.
2546 4558 2653 4609 Kal
2694 4559 3031 4627 ἀναϐλέψας,
3068 4560 3220 4627 ἔλεγε
3247 4576 3261 4590 °
3300 4560 3493 4613 Βλέπω
3524 4564 3649 4625 τοὺς
3691 4564 3790 4615 ἀν-

2202 4649 2479 4718 θρώπους,
2516 4651 2596 4701 ὃτι
2636 4648 2711 4711 ὡς
2755 4651 2944 4719 δένδρα
2996 4652 3108 4721 ὁρῶ
3151 4653 3611 4723 περιπατοῦντας.
3649 4650 3789 4709 Εἶτα

2202 4742 2363 4793 πάλιν
2398 4741 2638 4809 ἐπέθηκε
2672 4743 2769 4805 τὰς
2813 4746 3002 4812 χεῖρας
3044 4745 3134 4816 ἐπὶ
3168 4746 3295 4807 τοὺς
3334 4746 3651 4815 ὀφθαλμοὺς
3689 4748 3790 4799 αύ-

2204 4832 2333 4897 τοῦ,
2376 4832 2471 4884 καὶ
2512 4833 2768 4903 εποίησεν
2813 4836 2973 4887 αὑτὸν
3016 4836 3337 4905 ἀναϐλέψαι.
3387 4833 3497 4889 Kal
3541 4838 3789 4892 ἀποκατ-

2204 4926 2402 4996 εστάθη
2426 4968 2438 4990 ,
2480 4926 2575 4978 xal
2614 4926 2864 4995 ἐνέϐλεψε
2901 4928 3188 4997 τηλαυγῶς
3227 4929 3507 4995 ἅπαντας,
3544 4930 3638 4982 καὶ
3676 4934 3789 4984 ἁπ-

2207 5016 2442 5069 έστειλεν
2472 5017 2634 5070 αὐτὸν
2665 5020 2743 5080 εἰς
2776 5018 2865 5072 τὸν
2894 5017 3041 5072 οἷκον
3072 5019 3259 5082 αὑτοῦ,
3287 5020 3492 5087 λέγων’
3519 5020 3671 5089 Μηδὲ
3706 5024 3787 5084 είς

2209 5109 2305 5177 τὴν
2336 5109 2526 5178 κώμην
2555 5108 2831 5179 εἰσέλθῃς,
2868 5111 3001 5180 μηδὲ
3036 5111 3192 5181 εἴπῃς
3222 5113 3330 5164 τινὶ
3358 5114 3413 5164 ὲν
3439 5115 3502 5181 τῇ
3536 5112 3721 5182 κώμῃ.
3762 5132 3781 5163 ι

2208 5199 2459 5252 Φαίνεται
2489 5200 2521 5269 ἡ
2552 5198 2827 5270 Βηθσαϊδὰ
2857 5202 3058 5271 πολλὴν
3085 5202 3346 5255 ἀπιστίαν
3375 5205 3674 5271 νοσήσασα,
3704 5204 3788 5256 διὸ

2210 5289 2303 5341 καὶ
2334 5290 2606 5354 ταλανίζει
2641 5290 2811 5360 αὐτὴν
2840 5292 2868 5343 ό
2900 5291 3162 5361 Χριστὸς,
3195 5292 3271 5354 ὡς
3303 5294 3330 5345 6
3364 5293 3641 5355 Martiale;
3679 5312 3788 5364 φη-

2210 5396 2320 5432 σιν’
2352 5400 2367 5431 ι
2397 5381 2531 5434 Οὐαί
2560 5398 2661 5447 σοι,
2689 5380 2952 5450 Χοραξίνσ
2976 5382 3093 5434 οὐαί
3113 5399 3213 5444 σοι,
3240 5382 3532 5452 Βηθσαϊδὰ,
3556 5384 3637 5435 ὅτι
3659 5387 3707 5436 εἰ
3728 5386 3787 5437 έν

2209 5472 2369 5543 Τύρῳ
2400 5474 2493 5526 καὶ
2522 5472 2712 5525 Σιδῶνι
2742 5475 2985 5541 ἐγένοντο
3015 5477 3068 5526 ai
3097 5474 3375 5543 δυνάμεις,
3405 5478 3461 5528 αἱ
3492 5476 3787 5545 γενόμεναι

2208 5566 2264 5619 ἐν
2290 5565 2439 5634 ὑμῖν,
2470 5563 2638 5620 πάλαι
2673 5564 2737 5618 ἂν
2775 5565 3125 5635 μετενόησαν.
3153 5584 3169 5616 ι
3213 5566 3475 5618 Ἐνταῦθα
3491 5566 3666 5620 τοίνυν
3699 5567 3788 5619 ἑλ-
