4010 6424
545 376 652 439 575

1466 379 2047 443 THEOPHYLACTI
2091 381 2499 443 BULGARLE
2538 380 2897 441 ARCHIEP.

3676 377 3788 443 576

545 501 760 542 tnonem
803 484 1140 555 loquebatur,
1192 485 1260 540 Et
1292 486 1650 556 apprehendit
1692 486 1843 541 illum
1889 486 2105 555 Petrus,

2219 486 2526 559 ἀναστῆναι.
2579 485 2690 540 Καὶ
2737 484 3023 559 παρρησίᾳ
3070 479 3163 537 τδν
3210 478 3370 551 λόγον
3421 480 3637 548 ἐλάλει,
3691 486 3790 536 καὶ

544 576 818 645 εωρίιῳιο
870 575 1149 643 increpare
1210 580 1352 630 eum.
1396 577 1463 630 At
1518 574 1610 631 ille
1665 590 1994 640 conversus,
2049 585 2106 632 et

546 668 771 722 intuitus
792 667 1084 736 discipulos
1113 682 1257 733 suos,
1285 668 1584 735 increpavit
1610 664 1852 732 Petrum,
1881 669 2103 724 dicens:

541 760 642 814 Abi
688 768 812 829 post
843 774 949 825 me,
986 758 1203 825 Satana,
1237 760 1494 827 quoniam
1542 759 1833 827 non_sapis
1858 774 1980 830 quae
2008 758 2105 814 Dei

544 838 689 915 sunt,
718 851 812 903 sed
833 865 952 917 qua:
979 859 1105 903 sunt
1130 850 1430 903 hominum.
1469 867 1487 902 ι
1517 836 1740 916 Quando
1755 849 2110 919 deprehendit

542 957 637 997 eos
680 941 961 996 confessos
1000 956 1060 997 se
1092 956 1213 996 esse
1250 955 1438 996 verum
1471 942 1620 995 illum
1642 940 1940 1005 Christum,
1983 952 2109 997 tunc

544 1032 759 1088 tandem
816 1040 872 1086 et
924 1032 1130 1087 crucis-
1162 1041 1559 1089 sacramentum
1612 1032 1693 1087 eis
1760 1031 2106 1103 manifestat,

545 1122 758 1177 tametsi
788 1118 899 1176 ‘non
929 1124 1150 1179 omnino
1194 1124 1367 1177 nude:
1421 1136 1599 1191 neque
1651 1124 1795 1178 enim
1846 1125 1925 1179 sic
1978 1123 2111 1192 quid

540 1211 748 1271 diceret
778 1212 1189 1279 intellexissent,
1215 1227 1389 1283 neque
1423 1214 1791 1285 intelligebant
1817 1215 1943 1285 quid
1966 1226 2111 1271 esset

542 1315 852 1372 resurgere.
891 1300 994 1359 Sed
1024 1303 1285 1371 putabant
1341 1300 1536 1379 melius
1578 1312 1699 1359 esse
1747 1294 1970 1363 omnino
2000 1318 2108 1360 non

540 1394 675 1465 pati.
703 1392 884 1461 Quare
903 1403 962 1459 ,ει
988 1390 1182 1452 Petrus
1214 1388 1437 1466 incmpit
1473 1410 1595 1451 eum
1640 1396 1940 1469 increpare,
1966 1395 2108 1464 quod

542 1494 747 1540 temere
780 1485 833 1539 in
864 1496 1093 1543 mortem
1125 1502 1185 1543 se
1212 1472 1471 1543 “oder-ret:
1520 1489 1784 1557 potuisset
1807 1488 1950 1543 enim
1978 1503 2106 1547 non

541 1572 671 1645 pati.
706 1575 868 1653 213
896 1577 964 1631 At
988 1576 1253 1635 Dominus
1272 1587 1577 1640 monstrans
1605 1580 1671 1634 ad
1698 1580 1929 1635 salutem
1954 1594 2107 1635 suam

540 1666 848 1736 passionem
878 1671 1184 1738 pertinere,
1220 1680 1275 1724 et
1305 1670 1765 1727 solum-Satanam
1809 1687 1932 1727 eum
1970 1672 2111 1728 nolle

542 1756 694 1827 pati,
746 1772 815 1814 ne
868 1757 1148 1819 salventur
1200 1759 1481 1819 homines:
1549 1758 1807 1816 Satanam
1867 1761 2109 1816 nominat

2209 577 2647 648 προσλαϐόμενος
2692 577 2858 631 αὑτὸν
2907 578 2936 631 ὁ
2987 575 3217 645 Πέτρος,
3270 574 3474 645 ἧρξατο
3524 575 3792 644 ἐπιτιμᾷν

2209 668 2376 738 αὐτῷ.
2404 668 2464 722 Ὀ
2491 669 2546 722 δέ
2576 664 2935 741 ἐπιστραφεὶς
2966 667 3068 723 καὶ
3095 667 3218 721 ἰδὼν
3251 668 3377 729 τοὺς
3409 666 3657 738 μαθητὰς
3688 667 3792 721 αῦ-

2207 759 2323 827 τοῦ,
2370 759 2671 833 ἐπετίμησε
2715 761 2801 831 τῷ
2841 762 3056 832 Πέτρῳ,
3105 759 3315 828 λέγων·
3346 758 3564 827 ’Υπατε
3615 759 3795 811 όπίσω

2212 865 2346 920 μου,
2376 850 2611 916 Σατανᾶ,
2658 848 2743 904 ὅτι
2777 851 2845 904 οῦ
2879 852 3097 921 φρονεῖς
3125 838 3195 905 τά
3223 848 3318 905 τοῦ
3355 847 3522 914 Θεοῦ,
3555 847 3696 903 ἀλλὰ
3726 848 3798 903 τά

2208 944 2318 998 τῶν
2358 942 2679 1015 ἀνθρώπων.
2730 962 2757 996 ε
2787 944 2916 997 Ὅτε
2962 942 3231 1014 κατέσχεν
3274 941 3477 1004 αὐτοὺς
3516 939 3797 1011 όμολογήυ

2212 1047 2430 1107 σαντας,
2457 1036 2537 1088 ὅτι
2562 1034 2725 1098 αὐτός
2750 1035 2899 1089 ἐστιν
2922 1033 3227 1098 όάληθινδς
3256 1033 3515 1107 Χριστὸς,
3541 1032 3664 1085 τότε
3697 1030 3798 1085 αὐ-

2209 1128 2322 1191 τοῖς
2362 1124 2691 1179 ἐκκαλύπτει
2734 1126 2826 1178 καὶ
2861 1124 2925 1179 τὺ
2961 1123 3057 1178 τοῦ
3100 1121 3339 1195 σταυροῦ
3382 1124 3705 1198 μυστήριον,
3746 1120 3797 1174 ει

2211 1216 2305 1268 καὶ
2328 1213 2402 1286 μὴ
2429 1213 2649 1287 γυμνῶς
2680 1214 2857 1285 πάντη
2878 1230 2893 1245 ο
2921 1214 3204 1284 οὐδὲγὰρ,
3221 1211 3507 1267 οὑδέοῦτω
3536 1212 3799 1267 συνίεσαν

2196 1306 2263 1360 ’τί
2291 1306 2464 1375 λέγει,
2495 1306 2617 1362 οὐδὲ
2645 1306 2831 1363 ἐνόουν
2858 1307 2911 1360 τί
2942 1306 3059 1377 ἐστι
3088 1306 3148 1361 τὸ
3177 1307 3500 1377 ἀναστῆναι,
3532 1303 3650 1359 ἀλλ’
3670 1303 3797 1360 ἐνό-

2214 1395 2368 1465 μιζον
2399 1389 2813 1473 κρεῖττονλεῐναι
2843 1396 2906 1451 τδ
2944 1395 3067 1467 μηδ’
3091 1394 3228 1460 ὅλως
3261 1395 3490 1450 παθεῖν.
3509 1393 3603 1473 Διο
3636 1393 3737 1449 καὶ
3767 1394 3801 1448 ό

2212 1473 2418 1557 Πέτρος
2438 1470 2667 1556 ἄρχεται
2696 1484 3195 1556 μέμφεσθαιαὺτῷ,
3230 1483 3308 1548 ὡς
3338 1487 3418 1547 είς
3448 1470 3679 1538 θάνατον
3708 1482 3799 1552 ῥί-

2210 1592 2399 1630 πτοντι
2433 1576 2647 1642 ἐαυτὸν,
2675 1576 2793 1645 ἐξὸν
2825 1574 2992 1646 μηδὲν
3022 1576 3237 1629 παθεῖν.
3263 1574 3323 1629 Ὀ
3357 1574 3413 1628 δέ
3447 1573 3652 1645 Κύριος
3685 1574 3805 1630 δειό

2212 1665 2410 1730 κνύωνη,
2447 1667 2534 1720 ὅτι
2564 1667 2657 1720 ἐπὶ
2693 1666 2937 1749 σωτηρίᾳ
2970 1650 3037 1749 ea
3066 1665 3231 1720 αὐτοῦ
3268 1664 3441 1728 πάθος
3472 1665 3797 1735 γενήσεται,

2213 1758 2308 1813 καὶ
2339 1760 2483 1828 ὅτιρὸ,
2508 1748 2759 1823 Σατανᾶς
2790 1746 2951 1831 μόνος
2980 1746 3043 1812 οὗ
3074 1756 3232 1811 θέλει.
3248 1757 3413 1812 αὑτὸν
3441 1756 3671 1821 παθεῖν,
3706 1757 3801 1816 ἵνα

540 1842 791 1912 Petrum,
843 1855 1095 1917 tanquam
1150 1848 1293 1904 idem
1340 1863 1461 1903 cum
1512 1847 1713 1904 Satana
1764 1851 2109 1917 sentientem,

2219 1847 2294 1918 μὴ
2342 1846 2493 1919 σώσῃ
2531 1848 2658 1911 τοὺς
2704 1836 3359 1917 ἀνθρώπους,.Σατανᾶν
3399 1845 3659 1916 ὀνομάζει
3700 1846 3803 1901 τὸν

540 1938 923 2007 nolentemque
965 1952 1089 1993 eum
1120 1940 1263 2013 pati,
1299 1946 1395 1996 sed
1429 1940 1600 2010 magis
1634 1955 1693 1996 se
1720 1934 2103 2012 opponentem.

2219 1940 2449 2008 Πέτρον,
2484 1926 2559 2003 ὡς
2586 1939 2656 1993 τά
2686 1939 2781 1992 τοῦ
2816 1938 3034 1993 Σατανᾶ
3072 1938 3411 2009 φρονοῦντα,
3447 1938 3545 1992 καὶ
3586 1936 3663 2009 μὴ
3702 1936 3801 1991 θέ-

545 2025 782 2088 Satanas
832 2033 975 2111 enim
1026 2033 1165 2095 idem
1216 2039 1299 2088 est
1347 2031 1490 2102 quod
1543 2033 1905 2089 adversarius.
1959 2031 2109 2091 Vade

2219 2032 2370 2084 λοντα
2390 2029 2554 2083 αὑτὸν
2576 2029 2793 2095 παθεῖν,
2814 2028 2935 2083 ἀλλ’
2945 2030 3322 2100 ἀντικείμενον
3340 2028 3539 2098 αὑτῷ.(
3548 2030 3805 2094 Σατανᾶς

543 2132 722 2183 autem
749 2108 871 2199 post
896 2139 1001 2189 me,
1021 2125 1216 2195 inquit,
1246 2126 1348 2180 hoc
1374 2132 1475 2191 est,
1508 2123 1750 2197 Sequere
1775 2126 2106 2183 voluntatem

2219 2117 2338 2189 γὰρ,
2378 2118 2788 2189 ἀντικείμενος
2828 2118 3238 2191 ἑρμηνεύεται.)
3275 2118 3496 2186 ’Υπαγε
3532 2117 3589 2171 δὲ
3619 2117 3805 2171 ὀπίσω

543 2218 746 2284 meum,
774 2225 830 2271 et
868 2230 974 2270 non
1021 2216 1367 2279 oblucteris,"
1391 2231 1566 2288 neque
1601 2219 1669 2272 ex"
1715 2208 1942 2275 adverso
1975 2219 2105 2274 mihi

2219 2224 2337 2294 μου,
2358 2206 2512 2279 φησί,
2531 2210 2830 2272 τουτέστιν,
2859 2207 3165 2263 ’Δκολούθει
3179 2207 3257 2279 τῷ
3272 2207 3537 2281 θελήματι
3559 2224 3680 2278 μου,
3702 2208 3800 2262 καὶ

545 2315 678 2372 stes,
714 2300 808 2362 sed
836 2315 956 2375 post
983 2321 1068 2363 me
1097 2308 1365 2377 sequaris.
1401 2304 1647 2364 Humana
1676 2310 1892 2367 dicebat
1918 2326 2110 2382 sapere

2219 2301 2289 2372 μὴ
2316 2300 2663 2365 ἀντιτάττου,
2692 2300 2828 2371 μηδὲ
2857 2300 3107 2378 ἐναντίος.
3127 2300 3287 2371 ἐρχου
3305 2302 3451 2370 ἐμοὶ,
3478 2299 3595 2355 ἀλλ’
3618 2298 3802 2354 ὀπίσω

544 2395 790 2465 Petrum,
817 2411 884 2452 eo
915 2398 1056 2467 quod
1097 2399 1315 2454 humilia
1345 2399 1587 2470 quaedam
1640 2411 1697 2459 et
1740 2402 1974 2459 carnalia
2022 2418 2114 2459 sa-

2219 2412 2317 2466 μου
2354 2393 2662 2449 ἀκολούθει.
2694 2393 2777 2448 Τά
2804 2393 2914 2457 τῶν
2944 2391 3246 2464 ἀνθρώπων
3276 2392 3334 2445 δέ
3366 2392 3536 2462 ἐφησε
3572 2393 3799 2461 φρονεῖν

545 2482 771 2557 ρίοῑιοι,
807 2492 999 2546 volens
1026 2490 1210 2560 quiete
1238 2505 1419 2561 agere,
1457 2501 1514 2548 et
1550 2507 1656 2548 non
1685 2493 1966 2563 cruciﬁgi,
2014 2510 2114 2550 nec

2219 2487 2306 2541 τον
2326 2487 2551 2556 Πέτρον,
2579 2485 2713 2540 καθὸ
2738 2484 2971 2539 ταπεινά
3000 2500 3122 2538 τινα
3150 2484 3365 2553 φρονῶν
3395 2484 3491 2538 καὶ
3522 2483 3793 2556 σαρκικὰ,

544 2579 599 2633 in
650 2580 976 2637 tentationes
1032 2581 1275 2639 incidere
1322 2582 1607 2639 Dominum
1660 2593 1881 2655 propter
1925 2585 2115 2640 mundi

2219 2576 2406 2648 ἢθελεν
2434 2579 2492 2630 ἐν
2521 2577 2706 2630 ἀνέσει
2744 2570 2883 2631 εἶναι
2911 2576 3005 2630 τὸν
3032 2574 3269 2649 Κύριον,
3299 2577 3414 2647 καῖ
3436 2577 3510 2648 μὴ
3550 2593 3804 2648 σταυρω-

544 2672 794 2737 salutem,
2217 2668 2374 2737 θῆναι
2407 2668 2502 2721 καὶ
2536 2668 2826 2739 πειρασμῷ
2860 2669 3119 2738 ἐμπεσεῖν
3150 2666 3425 2739 ῦπέρετῆς
3455 2667 3550 2725 τοῦ
3583 2669 3799 2739 κόσμου

864 2840 871 2841 7
996 2806 999 2807 ν
2220 2765 2516 2835 σωτηρίας.

618 2852 780 2909 Vsus.
800 2849 997 2908 34.57.
1034 2872 1052 2906 ι
1084 2854 1295 2909 Etcum
1325 2853 1391 2910 ad
1417 2870 1477 2911 se
1501 2862 1750 2911 vocasset
1776 2856 1988 2912 turbam
2013 2872 2118 2912 una

2297 2874 2315 2909 ι
2358 2857 2467 2915 Καὶ
2514 2855 3026 2928 προσκαλεσάμενος
3054 2855 3147 2909 τὸν
3192 2844 3346 2926 ὄχλον
3385 2855 3483 2910 σὺν
3511 2858 3627 2921 τοῖς
3680 2873 3797 2926 μα-

544 2960 685 3023 cum
727 2944 1006 3023 discipulis
1055 2947 1187 3012 suis,
1244 2946 1383 3001 dixit
1438 2946 1594 3001 illis:
1633 2945 1951 3017 Quicunque
2008 2948 2122 3004 vult

2222 2947 2413 3019 θηταῖς
2444 2946 2630 3012 αὑτοῦ,
2665 2944 2818 3000 εἴπεν
2848 2948 3062 3011 αὐτοῖς’·
3093 2946 3284 3011 Ὅστις
3317 2946 3461 3001 θέλει
3488 2947 3663 3013 ὀπίσω
3693 2937 3803 3018 μου

548 3035 706 3105 sequi
752 3022 860 3109 me,
911 3038 1140 3104 abneget
1188 3038 1558 3107 semetipsum,
1608 3047 1664 3095 et
1717 3037 1868 3093 tollat
1905 3053 2120 3098 crucem

2221 3036 2556 3103 ἀκολουθεῖν,
2603 3037 3015 3109 ἀπαρνησάσθω
3060 3037 3273 3106 ἐαυτὸν,
3331 3040 3425 3093 καὶ
3473 3040 3661 3111 ἀράτω
3706 3041 3805 3093 τὸν

549 3139 728 3191 suam,
762 3133 818 3180 et
856 3115 1114 3196 'sequatur
1160 3141 1266 3182 me.
1301 3124 1435 3180 Nam
1466 3125 1711 3197 quisquis
1743 3127 1968 3184 voluerit
2002 3130 2122 3185 ani-

2225 3118 2459 3203 σταυρδν
2496 3129 2691 3219 αὑτοῦ,
2744 3131 2840 3183 καὶ
2886 3129 3251 3184 ἀκολουθείτω
3309 3148 3421 3201 μοι.
3469 3130 3565 3195 Ὃς
3596 3131 3704 3199 γάρ
3731 3130 3806 3184 ἂν

549 3232 695 3273 mam
751 3233 903 3273 suam
957 3232 1194 3284 servare,
1231 3218 1422 3290 perdet
1451 3233 1592 3275 eam.
1636 3217 1893 3288 Quisquis
1942 3229 2122 3276 autem

2227 3223 2359 3296 θέλῃ
2386 3203 2695 3294 τὴν’ψυχὴν
2751 3220 2916 3277 αὐτοῦ
2965 3222 3159 3287 σῶσαι,
3200 3222 3455 3276 ἀπολέσει
3507 3221 3807 3296 αὐτήνγδς

546 3308 843 3379 perdiderit
888 3310 1122 3368 animam
1172 3326 1323 3366 suam
1366 3326 1527 3368 causa
1561 3326 1681 3368 mea
1710 3322 1764 3367 et
1814 3312 2121 3385 Evangelii,

545 3401 639 3464 hic
680 3403 919 3458 servabit
951 3417 1093 3463 eam.
1116 3467 1119 3471 ς
1146 3402 1286 3471 Quid
1318 3416 1500 3460 autem
1534 3406 1801 3475 profuerit
1836 3407 2040 3462 homini
2078 3406 2125 3462 si

550 3494 799 3552 lucratus.
818 3494 990 3552 fuerit
1031 3496 1288 3552 mundum
1340 3497 1658 3554 universum
1682 3506 1742 3554 et
1785 3500 1982 3555 animae
2014 3513 2127 3561 sum

547 3586 815 3658 iacturam
861 3587 1091 3643 fecerit?
1137 3589 1245 3645 Aut
1282 3590 1410 3660 quid
1448 3589 1671 3645 daturus
1716 3591 1799 3648 est
1829 3591 1991 3647 homo
2019 3605 2127 3661 quo

555 3688 807 3748 repenset
840 3680 1075 3737 animam
1126 3695 1303 3742 suam.
1335 3698 1353 3734 ι
1401 3680 1691 3751 Postquam
1730 3680 1924 3737 Petrus
1948 3681 2128 3739 incre-

555 3781 710 3842 parat
752 3787 873 3826 eum
919 3771 1481 3849 volentem_cruciiigi,
1513 3775 1738 3849 advocat
1769 3776 1981 3829 turbam
2018 3811 2036 3841 ,
2071 3781 2127 3829 et

554 3840 903 3923 audientibus
930 3840 1203 3929 omnibus:
1225 3840 1439 3917 Petrum
1462 3840 1644 3919 acrius
1674 3846 1962 3935 alloquitur
1992 3840 2123 3921 :rTu

553 3969 660 4019 me,
700 3954 896 4024 inquit,
926 3954 1296 4024 reprehendis,
1328 3953 1510 4021 Petre,
1541 3956 1684 4025 quod
1713 3962 1928 4013 crucem
1960 3957 2128 4017 tollo?

554 4062 652 4117 ego
684 4055 862 4107 autem
889 4047 1010 4101 dico
1039 4046 1155 4119 tibi,
1187 4047 1328 4120 quod
1360 4061 1533 4117 neque
1555 4055 1611 4101 tu
1636 4062 1813 4117 neque
1839 4048 2125 4119 quisquam

548 4137 875 4198 salvabitur.
909 4136 1012 4190 nisi
1038 4136 1304 4205 moriatur
1339 4151 1435 4206 pro
1460 4136 1603 4195 bono
1634 4144 1689 4203 et
1732 4138 1977 4197 veritate.
2009 4137 2126 4193 Ca-

550 4240 728 4284 terum
764 4227 887 4283 vide
913 4228 1053 4297 quod
1076 4241 1188 4283 non
1221 4228 1378 4293 dixit,
1414 4229 1635 4284 Etiamsi
1683 4230 1795 4287 non‘
1819 4229 2120 4299 velitjquis,

554 4322 833 4387 moriatur,
856 4322 970 4387 sed,
986 4314 1308 4389 Quicunque
1328 4319 1460 4374 vult.
1487 4317 1699 4375 Nullum
1726 4320 1892 4389 enim,
1919 4321 2121 4392 inquit,

551 4428 706 4483 cogo.
735 4412 812 4467 Ad
833 4413 972 4467 bona
1004 4426 1158 4478 voco,
1181 4426 1286 4468 non
1320 4412 1385 4465 ad
1409 4412 1569 4477 mala,
1589 4419 1647 4466 ut
1668 4421 1722 4467 et
1753 4413 2066 4483 centpellam
2104 4432 2121 4470 :

2226 3313 2270 3368 δ’
2301 3314 2369 3368 ἂν
2397 3314 2636 3385 ἀπολέσῃ
2663 3314 2762 3381 τὴν
2784 3312 2967 3384 ψυχὴν
3010 3306 3175 3368 αὐτοῦ
3206 3313 3393 3366 ἐνεκεν
3421 3312 3556 3383 ἐμοῦ
3587 3313 3805 3379 καὶτοῦ

2225 3404 2583 3475 Εὐαγγελίου,
2617 3399 2770 3467 οὗτος
2809 3404 2972 3458 σώσει
3020 3405 3213 3474 αὑτήν.
3267 3402 3334 3455 Τί
3380 3404 3489 3476 γὰρ
3530 3403 3805 3476 ὠφελήσει

2226 3495 2511 3563 ἄνθρωπον
2534 3495 2629 3550 ἐὰν
2657 3497 2898 3568 κερδήσῃ
2918 3496 3011 3550 τὸν
3029 3496 3233 3564 κόσμον
3260 3494 3398 3559 ὅλον,
3426 3498 3521 3550 καὶ
3548 3495 3803 3570 ζημιωθῇ

2225 3586 2324 3657 τὴν
2372 3585 2549 3657 ψυχὴν
2605 3583 2769 3640 αὐτοῦ
2822 3588 2896 3657 ςῆ
2932 3586 2991 3640 τί
3050 3586 3210 3640 δώσει
3276 3586 3561 3657 ἄνθρωπος
3604 3572 3809 3644 ἀντάλο

2208 3680 2419 3749 ,λαγμα
2450 3679 2551 3749 τῆς
2596 3679 2776 3749 ψυχῆς
2811 3678 3014 3746 αὐτοῦς
3061 3698 3081 3731 ι
3146 3680 3474 3751 Ἐπειδήπερ
3522 3681 3551 3732 ό
3598 3681 3809 3751 Πέτρος

2210 3768 2560 3839 ,ἐπετίμησεν
2592 3767 2739 3839 αὐτῷ
2768 3770 2845 3831 ὠς
2885 3768 3091 3822 θέλοντι
3122 3768 3525 3841 σταυρωθῆναι,
3564 3786 3812 3841 προσκαι-

2229 3862 2402 3916 λεῖται
2440 3862 2530 3914 τὸν
2574 3860 2748 3930 ὄχλον,
2782 3861 2878 3915 καὶ
2910 3863 2966 3913 ἐν
3001 3862 3224 3931 ἐπηκόῳ
3260 3861 3501 3927 πάντων,
3550 3860 3688 3931 πρὸς
3715 3860 3810 3915 τὸν

2232 3954 2440 4029 Πέτρον
2460 3953 2523 4007 τὸ
2541 3954 2699 4007 πλέον
2721 3955 3160 4023 ἀποτεινόμενος,
3186 3953 3339 4024 φησι·
3372 3951 3443 4005 Σύ
3468 3968 3559 4023 μοι
3586 3953 3803 4026 μέμφῃ.

2228 4038 2273 4100 ὧ
2302 4047 2498 4116 Πέτρε,
2518 4047 2597 4099 ὄτι
2619 4046 2713 4097 τὸν
2735 4043 2966 4111 σταυρὸν
2986 4044 3283 4115 αἱροῦμαις
3309 4043 3420 4112 ἐγὼ
3445 4043 3503 4096 δέ
3530 4060 3614 4097 σοι
3642 4044 3808 4114 λέγω,

2226 4139 2308 4192 ὅτι
2336 4138 2457 4191 οὐδὲ
2502 4138 2567 4191 σὺ
2598 4138 2718 4192 οὐδέ
2750 4136 2907 4199 ἀλλος
2938 4152 3023 4202 τις
3062 4135 3391 4203 σωθήσεται,
3436 4135 3531 4189 ἐὰν
3561 4135 3641 4208 μὴ
3669 4136 3812 4190 ἀπο-

2227 4230 2361 4303 θάνῃ
2394 4230 2534 4301 ὺπέρ
2561 4228 2655 4284 τοῦ
2686 4228 2855 4283 καλοῦ
2887 4228 2983 4283 καὶ
3011 4228 3108 4300 τῆς
3157 4228 3435 4298 ἀληθείας.
3473 4229 3696 4303 Ὅρα»δέ
3726 4230 3810 4284 ὅτι

2225 4300 2505 4377 obit-isIer
2533 4320 2629 4391 ὡς,
2660 4319 2776 4374 Κάν
2810 4320 2885 4391 μὴ
2920 4319 3048 4393 θέλῃ
3083 4338 3185 4386 τις,
3220 4300 3643 4391 ἀποθνησκέτω,
3666 4322 3806 4387 ἀλλ’,

2228 4414 2416 4477 Ὅστις
2444 4414 2607 4469 θέλει.
2638 4412 2841 4467 Οὐδένα
2872 4413 3001 4481 γὰρ,
3032 4412 3187 4489 φησὶ,
3222 4410 3498 4482 βιάζομαι.
3544 4412 3670 4465 Ἐπὶ
3700 4414 3809 4485 γὰρ

547 4515 604 4559 et
636 4504 707 4559 ita
730 4505 776 4561 si
808 4504 927 4571 quis
980 4517 1083 4558 non
1107 4502 1239 4568 vult,
1267 4517 1374 4558 non
1404 4513 1490 4560 est
1512 4504 1597 4558 bis
1634 4504 1851 4573 dignus.
1885 4503 2022 4570 Quid
2056 4504 2127 4560 sit

2227 4506 2406 4577 ἀγαθά
2428 4496 2601 4572 καλῶ,
2630 4507 2732 4559 οὐκ
2757 4506 2847 4559 ἐπὶ⁵
2882 4504 3049 4570 κακὰ,
3075 4504 3164 4557 ῖνα
3186 4504 3281 4559 καὶ
3316 4504 3637 4573 ἀναγκάσω·
3664 4502 3808 4561 ὥστε

550 4608 729 4654 autem
760 4598 1032 4664 abnegare
1079 4597 1450 4665 semetipsum,
1492 4596 1782 4662 discemus,
1824 4597 1867 4651 si
1909 4596 2113 4654 didice-

554 4691 722 4744 rimus
746 4689 873 4758 quid
913 4689 984 4743 sit
1017 4688 1288 4757 abnegare
1332 4688 1517 4747 alium.
1568 4686 1668 4754 Qui
1702 4688 1845 4741 enim
1885 4688 2117 4758 abnegat

552 4781 738 4847 alium,
769 4781 984 4836 fratrem
1043 4778 1311 4840 fortassis,
1364 4777 1445 4832 vel
1500 4777 1845 4845 familiarem,
1889 4780 1969 4831 vel
2018 4794 2115 4849 pa-

556 4881 715 4935 trem,
745 4872 951 4929 etiamsi
1010 4870 1268 4941 ﬂagellari
1300 4870 1446 4923 illum
1475 4868 1668 4924 viderit
1697 4877 1752 4923 ct
1783 4869 1977 4933 occidi,
2013 4884 2117 4925 non

552 4961 806 5025 advertit,
854 4978 961 5017 non
1010 4963 1169 5026 dolet,
1218 4976 1322 5017 non
1370 4961 1696 5035 compatitur
1743 4960 1910 5020 semel
1958 4960 2028 5015 ab
2056 4976 2121 5015 eo

553 5055 823 5109 alienatus
858 5072 871 5108 :
904 5055 982 5111 sic
1030 5068 1243 5123 quoque
1265 5063 1324 5106 et
1366 5067 1465 5108 nos
1496 5051 1608 5105 vult
1655 5067 1851 5121 corpus
1880 5060 2121 5105 nostrum

550 5146 853 5213 despicere,
888 5153 941 5201 ut
975 5145 1090 5215 siye
1121 5143 1350 5213 ﬂagella,
1386 5144 1499 5203 sive
1536 5142 1680 5198 aliud
1704 5142 1831 5211 quid
1866 5141 2121 5213 patiatur.

562 5252 629 5291 ne
659 5236 733 5293 illi
768 5250 1081 5307 parcamus.
1135 5234 1307 5293 Tollat
1355 5244 1529 5289 autem
1561 5248 1815 5311 erucem,
1866 5233 1968 5286 hoc
2018 5242 2120 5297 est,

560 5328 969 5398 ignominiosam
1008 5335 1265 5391 mortem.
1301 5325 1657 5395 lgnominiosa
1704 5326 1847 5380 enim
1882 5334 2009 5379 tunc
2039 5324 2124 5375 vi-

553 5419 790 5471 debatur
816 5432 968 5471 crux.
1007 5416 1272 5472 Praeterea
1306 5417 1433 5486 quia
1471 5417 1619 5469 multi
1653 5416 1707 5469 in
1752 5430 1966 5470 crucem
2004 5429 2128 5485 age-

573 5511 773 5564 bantur
802 5509 1060 5575 latrones,
1090 5510 1237 5566 addit
1260 5512 1408 5579 quod
1443 5523 1561 5563 cum
1592 5507 1938 5565 cruciﬁxione
1962 5507 2125 5571 etiam

560 5616 781 5654 omnem
818 5602 980 5656 aliam
1030 5602 1275 5655 virtutem
1334 5601 1546 5658 habeat.
1609 5598 1721 5661 Hoc
1754 5600 1894 5654 enim
1924 5606 2026 5665 est,
2060 5597 2130 5667 Et

563 5704 821 5760 sequatur
849 5708 956 5749 me.
991 5694 1059 5746 At
1088 5689 1336 5762 quoniam
1370 5708 1530 5763 grave
1561 5692 1661 5747 hoc
1694 5705 1812 5745 esse
1854 5691 2129 5747 videbatur

567 5790 623 5835 et
647 5784 859 5846 crudele
882 5786 1027 5857 quod
1059 5786 1286 5863 imperat
1317 5793 1373 5838 ut
1404 5798 1499 5839 nos
1533 5783 1686 5837 morti
1718 5779 2125 5851 esponcremus,

2216 4598 2273 4652 εῐ
2294 4615 2378 4662 τις
2410 4597 2471 4652 οὐ
2495 4597 2662 4663 θέλει,
2687 4586 2806 4650 οὺδέ
2828 4595 2991 4663 ἄξιός,
3010 4599 3126 4649 ἐστι
3163 4594 3390 4649 τούτων.
3419 4590 3484 4647 Τί
3512 4594 3570 4648 δέ
3600 4598 3725 4651 ἐστι
3750 4596 3813 4653 τδ

3826 1553 3901 1692 1

2216 4687 2635 4761 ἀπαρνήσασθαι
2658 4686 2869 4750 ἐαυτὸν,
2887 4686 3057 4759 οὕτως
3080 4685 3145 4739 ἂν
3164 4675 3452 4759 ῖεάθοιμεν,
3473 4685 3566 4738 ἐάν
3588 4685 3811 4755 γνῶμεν
3841 4738 3845 4745 ,

2218 4780 2271 4834 τί
2301 4781 2415 4833 ἐστι
2449 4778 2509 4831 τὸ
2537 4776 2879 4848 ἀρνήσασθαι
2907 4775 3115 4846 ἕτερον.
3159 4774 3216 4828 '0
3232 4770 3567 4844 ἀρνούμενος
3596 4776 3808 4849 ἕτερον,

2220 4870 2444 4936 ἀδελφὸν
2467 4868 2646 4937 τυχὸν,
2675 4865 3013 4937 ἤοίκέτην,ἢ
3035 4863 3388 4934 πατέρα,κάν
3407 4865 3813 4937 μαστιζόμενον

2223 4958 2452 5021 ῐδοι,κάν
2470 4955 2953 5026 φονευόμενον,οῦκ
2966 4954 3375 5022 ἐπιστρέφεται,
3392 4956 3453 5006 οὑ
3469 4971 3533 5006 συ
3540 4955 3808 5026 μπάσχει,

2226 5047 2320 5103 ἆτε
2352 5046 2500 5111 ἅπαξ
2529 5043 2929 5116 ἀλλοτριωθείς.
2967 5043 3154 5109 Οὕτως
3193 5040 3286 5098 οὖν
3311 5045 3407 5115 καὶ
3432 5046 3578 5116 ἡμᾶς
3615 5044 3812 5116 βούλε-

2225 5155 2313 5191 ται
2342 5139 2435 5191 τοῦ
2479 5138 2749 5208 ἡμετέρου
2784 5138 3036 5207 σώματος
3064 5137 3327 5206 ἀφειδεῖν,
3358 5136 3445 5190 ἵνα
3472 5137 3577 5191 κᾶν
3612 5140 3811 5208 μαστίο

2226 5229 2383 5295 ζωσι,
2414 5230 2531 5285 ’κᾶν
2557 5228 2736 5283 ὁτιοῦν
2767 5229 2983 5293 ποιῶσι,
3019 5228 3096 5300 μὴ
3118 5228 3453 5299 φειδώμεθα.
3508 5230 3725 5297 ’Δράτω
3751 5230 3809 5283 δὲ

2226 5318 2315 5373 τὸν
2371 5319 2624 5393 σταυρὸν,
2676 5318 2946 5383 τουτέστι,
2991 5318 3083 5371 τὸν
3121 5318 3479 5372 ἐπονείδιστον
3535 5318 3799 5372 θάνατον·

2226 5409 2587 5471 ἐπονείδιστος
2636 5408 2745 5478 γὰρ
2792 5408 2969 5462 ἐδόκει
3042 5408 3161 5462 τότε
3207 5409 3516 5480 όσταυρός.
3568 5408 3723 5462 Ἐπεὶ
3752 5409 3811 5464 δέ

2228 5501 2414 5561 πολλοὶ
2449 5503 2813 5572 σταυροῦνται
2838 5504 2928 5556 διὰ
2947 5503 3007 5556 τὸ
3034 5504 3229 5575 λῃσταὶ
3258 5500 3419 5571 εἶναι,
3449 5501 3809 5574 προστίθησιν

2229 5595 2310 5647 ὅτι
2341 5595 2479 5663 μετὰ
2502 5594 2596 5647 τοῦ
2634 5595 3035 5667 σταυρωθῆναι.
3058 5597 3154 5649 καὶ
3176 5596 3276 5665 τὴν
3301 5592 3694 5665 ἅλλην’ἀρετὴν
3723 5594 3810 5647 δεῖ

2222 5668 2398 5756 ἔχειν.
2457 5687 2627 5742 Τοῦτο
2676 5666 2781 5760 γάρ
2833 5690 2949 5742 ἐστι
2993 5689 3076 5751 τὺ,
3142 5689 3253 5742 Καὶ
3290 5686 3650 5741 ἀκολουθείτω
3686 5700 3803 5753 μοι.

2246 5780 2397 5833 Ἐπεὶ
2424 5780 2478 5833 δὲ
2504 5780 2672 5835 ἐδόκει
2699 5782 2834 5852 βαρὺ
2861 5780 2996 5836 εἶναι
3022 5779 3176 5833 τοῦτο
3204 5781 3296 5837 καὶ
3325 5780 3551 5849 ἀπηνὲς,
3582 5777 3610 5831 ὃ
3636 5791 3805 5846 προσ-
