  <div class='ocr_page' id='page_1' title='image "/cluster/home/n/w/nwhite01/storage/ocr_20150623/123/ien.35556001659978/303.png"; bbox 0 0 4028 6452; ppageno 0'>
   <div class='ocr_carea' id='block_1_1' title="bbox 619 442 717 507">
    <p class='ocr_par' dir='ltr' id='par_1_1' title="bbox 619 442 717 507">
     <span class='ocr_line' id='line_1_1' title="bbox 619 442 717 507; baseline 0.02 -3"><span class='ocrx_word' id='word_1_1' title='bbox 619 442 717 507; x_wconf 75' lang='grc' dir='ltr'>ίι91</span> 
     </span>
    </p>
   </div>
   <div class='ocr_carea' id='block_1_2' title="bbox 1525 414 2953 498">
    <p class='ocr_par' dir='ltr' id='par_1_2' title="bbox 1525 414 2953 498">
     <span class='ocr_line' id='line_1_2' title="bbox 1525 414 2953 498; baseline -0.004 0"><span class='ocrx_word' id='word_1_2' title='bbox 1525 429 2105 498; x_wconf 82' lang='lat' dir='ltr'><strong>THEOPHYLACTI</strong></span> <span class='ocrx_word' id='word_1_3' title='bbox 2145 427 2556 494; x_wconf 67' lang='lat' dir='ltr'><strong>BULGARUE</strong></span> <span class='ocrx_word' id='word_1_4' title='bbox 2596 414 2953 494; x_wconf 20' lang='lat' dir='ltr'><strong>ARCH&#39;IEP.</strong></span> 
     </span>
    </p>
   </div>
   <div class='ocr_carea' id='block_1_3' title="bbox 3742 429 3842 495">
    <p class='ocr_par' dir='ltr' id='par_1_3' title="bbox 3742 429 3842 495">
     <span class='ocr_line' id='line_1_3' title="bbox 3742 429 3842 495; baseline -0.04 1"><span class='ocrx_word' id='word_1_5' title='bbox 3742 429 3842 495; x_wconf 76' lang='lat'><strong>592</strong></span> 
     </span>
    </p>
   </div>
   <div class='ocr_carea' id='block_1_4' title="bbox 617 538 2166 620">
    <p class='ocr_par' dir='ltr' id='par_1_4' title="bbox 617 540 2166 620">
     <span class='ocr_line' id='line_1_4' title="bbox 617 540 2166 620; baseline -0.009 -9"><span class='ocrx_word' id='word_1_6' title='bbox 617 556 836 611; x_wconf 85' lang='lat' dir='ltr'><strong>nomine</strong></span> <span class='ocrx_word' id='word_1_7' title='bbox 866 569 1005 618; x_wconf 89' lang='lat' dir='ltr'><strong>meo,</strong></span> <span class='ocrx_word' id='word_1_8' title='bbox 1034 553 1215 608; x_wconf 83' lang='lat' dir='ltr'><strong>statim</strong></span> <span class='ocrx_word' id='word_1_9' title='bbox 1249 549 1445 620; x_wconf 83' lang='lat' dir='ltr'><strong>poterit</strong></span> <span class='ocrx_word' id='word_1_10' title='bbox 1475 551 1545 605; x_wconf 83' lang='lat' dir='ltr'><strong>de</strong></span> <span class='ocrx_word' id='word_1_11' title='bbox 1575 564 1662 604; x_wconf 89' lang='lat' dir='ltr'><strong>me</strong></span> <span class='ocrx_word' id='word_1_12' title='bbox 1685 548 1826 604; x_wconf 85' lang='lat' dir='ltr'><strong>male</strong></span> <span class='ocrx_word' id='word_1_13' title='bbox 1855 545 2021 615; x_wconf 82' lang='lat' dir='ltr'><strong>loqui.</strong></span> <span class='ocrx_word' id='word_1_14' title='bbox 2048 540 2166 597; x_wconf 81' lang='lat' dir='ltr'><strong>Nan</strong></span> 
     </span>
    </p>
   </div>
   <div class='ocr_carea' id='block_1_5' title="bbox 2271 538 3857 620">
    <p class='ocr_par' dir='ltr' id='par_1_5' title="bbox 2283 538 3857 612">
     <span class='ocr_line' id='line_1_5' title="bbox 2283 538 3857 612; baseline 0.002 -21"><span class='ocrx_word' id='word_1_15' title='bbox 2283 538 2413 609; x_wconf 82' lang='grc' dir='ltr'><strong>γὰρ.</strong></span> <span class='ocrx_word' id='word_1_16' title='bbox 2442 538 2625 606; x_wconf 80' lang='grc' dir='ltr'>φησὶν,</span> <span class='ocrx_word' id='word_1_17' title='bbox 2650 538 2828 602; x_wconf 77' lang='grc' dir='ltr'><strong>οὐδεὶς</strong></span> <span class='ocrx_word' id='word_1_18' title='bbox 2855 539 2963 611; x_wconf 81' lang='grc' dir='ltr'>γὰρ</span> <span class='ocrx_word' id='word_1_19' title='bbox 2988 538 3281 611; x_wconf 79' lang='grc' dir='ltr'>δυνήσεται</span> <span class='ocrx_word' id='word_1_20' title='bbox 3316 542 3450 611; x_wconf 72' lang='grc' dir='ltr'>ταχὺ</span> <span class='ocrx_word' id='word_1_21' title='bbox 3493 541 3857 612; x_wconf 72' lang='grc' dir='ltr'>κακολογῆσαί</span> 
     </span>
    </p>
   </div>
   <div class='ocr_carea' id='block_1_6' title="bbox 615 640 2178 718">
    <p class='ocr_par' dir='ltr' id='par_1_6' title="bbox 615 640 2178 718">
     <span class='ocr_line' id='line_1_6' title="bbox 615 640 2178 718; baseline -0.008 -16"><span class='ocrx_word' id='word_1_22' title='bbox 615 664 724 718; x_wconf 91' lang='lat' dir='ltr'><strong>quo</strong></span> <span class='ocrx_word' id='word_1_23' title='bbox 745 657 898 718; x_wconf 88' lang='lat' dir='ltr'><strong>pacto</strong></span> <span class='ocrx_word' id='word_1_24' title='bbox 925 644 1060 701; x_wconf 90' lang='lat' dir='ltr'><strong>male</strong></span> <span class='ocrx_word' id='word_1_25' title='bbox 1088 644 1396 712; x_wconf 77' lang='lat' dir='ltr'><strong>loqueretur</strong></span> <span class='ocrx_word' id='word_1_26' title='bbox 1416 642 1482 697; x_wconf 90' lang='lat' dir='ltr'><strong>de</strong></span> <span class='ocrx_word' id='word_1_27' title='bbox 1514 655 1617 707; x_wconf 89' lang='lat' dir='ltr'><strong>me,</strong></span> <span class='ocrx_word' id='word_1_28' title='bbox 1654 640 1741 709; x_wconf 91' lang='lat' dir='ltr'><strong>qui</strong></span> <span class='ocrx_word' id='word_1_29' title='bbox 1771 650 1963 693; x_wconf 86' lang='lat' dir='ltr'><strong>nomen</strong></span> <span class='ocrx_word' id='word_1_30' title='bbox 2001 648 2178 689; x_wconf 88' lang='lat' dir='ltr'><strong>meum</strong></span> 
     </span>
    </p>
   </div>
   <div class='ocr_carea' id='block_1_7' title="bbox 616 721 2179 805">
    <p class='ocr_par' dir='ltr' id='par_1_7' title="bbox 616 721 2179 805">
     <span class='ocr_line' id='line_1_7' title="bbox 616 721 2179 805; baseline -0.012 -9"><span class='ocrx_word' id='word_1_31' title='bbox 616 744 668 796; x_wconf 92' lang='lat' dir='ltr'><strong>in</strong></span> <span class='ocrx_word' id='word_1_32' title='bbox 705 740 1042 797; x_wconf 78' lang='lat' dir='ltr'><strong>occasionem</strong></span> <span class='ocrx_word' id='word_1_33' title='bbox 1084 736 1267 805; x_wconf 73' lang='lat' dir='ltr'><strong>glorize</strong></span> <span class='ocrx_word' id='word_1_34' title='bbox 1311 733 1578 804; x_wconf 68' lang='lat' dir='ltr'><strong>praetexit,</strong></span> <span class='ocrx_word' id='word_1_35' title='bbox 1615 740 1670 785; x_wconf 89' lang='lat' dir='ltr'><strong>et</strong></span> <span class='ocrx_word' id='word_1_36' title='bbox 1711 725 2011 783; x_wconf 85' lang='lat' dir='ltr'><strong>lnvocando</strong></span> <span class='ocrx_word' id='word_1_37' title='bbox 2050 721 2179 777; x_wconf 90' lang='lat' dir='ltr'><strong>illud</strong></span> 
     </span>
    </p>
   </div>
   <div class='ocr_carea' id='block_1_8' title="bbox 615 815 2180 900">
    <p class='ocr_par' dir='ltr' id='par_1_8' title="bbox 615 815 2180 900">
     <span class='ocr_line' id='line_1_8' title="bbox 615 815 2180 900; baseline -0.014 -14"><span class='ocrx_word' id='word_1_38' title='bbox 615 839 873 900; x_wconf 86' lang='lat' dir='ltr'><strong>operatur</strong></span> <span class='ocrx_word' id='word_1_39' title='bbox 913 828 1081 883; x_wconf 78' lang='lat' dir='ltr'><strong>mira?</strong></span> <span class='ocrx_word' id='word_1_40' title='bbox 1127 824 1355 881; x_wconf 76' lang='lat' dir='ltr'><strong>Videtur</strong></span> <span class='ocrx_word' id='word_1_41' title='bbox 1403 834 1580 878; x_wconf 83' lang='lat' dir='ltr'><strong>autem</strong></span> <span class='ocrx_word' id='word_1_42' title='bbox 1633 818 1889 874; x_wconf 77' lang='lat' dir='ltr'><strong>Dominus</strong></span> <span class='ocrx_word' id='word_1_43' title='bbox 1920 815 2019 870; x_wconf 87' lang='lat' dir='ltr'><strong>sibi</strong></span> <span class='ocrx_word' id='word_1_44' title='bbox 2053 829 2180 867; x_wconf 86' lang='lat' dir='ltr'><strong>con-</strong></span> 
     </span>
    </p>
   </div>
   <div class='ocr_carea' id='block_1_9' title="bbox 614 910 2177 978">
    <p class='ocr_par' dir='ltr' id='par_1_9' title="bbox 614 910 2177 978">
     <span class='ocr_line' id='line_1_9' title="bbox 614 910 2177 978; baseline -0.016 -1"><span class='ocrx_word' id='word_1_45' title='bbox 614 919 902 977; x_wconf 76' lang='lat' dir='ltr'><strong>tradicere.</strong></span> <span class='ocrx_word' id='word_1_46' title='bbox 932 919 1145 973; x_wconf 83' lang='lat' dir='ltr'><strong>Dixerat</strong></span> <span class='ocrx_word' id='word_1_47' title='bbox 1163 918 1306 972; x_wconf 88' lang='lat' dir='ltr'><strong>enim</strong></span> <span class='ocrx_word' id='word_1_48' title='bbox 1329 915 1485 968; x_wconf 87' lang='lat' dir='ltr'><strong>alibi:</strong></span> <span class='ocrx_word' id='word_1_49' title='bbox 1516 930 1533 962; x_wconf 87' lang='grc'><em>‹</em></span> <span class='ocrx_word' id='word_1_50' title='bbox 1566 910 1668 978; x_wconf 88' lang='lat' dir='ltr'><strong>Qui</strong></span> <span class='ocrx_word' id='word_1_51' title='bbox 1698 922 1804 963; x_wconf 88' lang='lat' dir='ltr'><strong>non</strong></span> <span class='ocrx_word' id='word_1_52' title='bbox 1834 915 1917 961; x_wconf 88' lang='lat' dir='ltr'><strong>est</strong></span> <span class='ocrx_word' id='word_1_53' title='bbox 1942 918 2177 967; x_wconf 87' lang='lat' dir='ltr'><strong>mecum,</strong></span> 
     </span>
    </p>
   </div>
   <div class='ocr_carea' id='block_1_10' title="bbox 613 1002 2175 1069">
    <p class='ocr_par' dir='ltr' id='par_1_10' title="bbox 613 1002 2175 1069">
     <span class='ocr_line' id='line_1_10' title="bbox 613 1002 2175 1069; baseline -0.014 -2"><span class='ocrx_word' id='word_1_54' title='bbox 613 1024 799 1067; x_wconf 86' lang='lat' dir='ltr'><strong>contra</strong></span> <span class='ocrx_word' id='word_1_55' title='bbox 851 1026 936 1064; x_wconf 88' lang='lat' dir='ltr'><strong>me</strong></span> <span class='ocrx_word' id='word_1_56' title='bbox 965 1020 1045 1065; x_wconf 90' lang='lat' dir='ltr'><strong>est</strong></span> <span class='ocrx_word' id='word_1_57' title='bbox 1078 1028 1091 1065; x_wconf 90' lang='lat'><strong>:</strong></span> <span class='ocrx_word' id='word_1_58' title='bbox 1131 1029 1149 1061; x_wconf 71' lang='grc' dir='ltr'><strong>ο</strong></span> <span class='ocrx_word' id='word_1_59' title='bbox 1187 1024 1327 1063; x_wconf 91' lang='lat' dir='ltr'><strong>nunc</strong></span> <span class='ocrx_word' id='word_1_60' title='bbox 1351 1006 1478 1059; x_wconf 80' lang='lat' dir='ltr'><strong>dicit</strong></span> <span class='ocrx_word' id='word_1_61' title='bbox 1510 1023 1522 1057; x_wconf 91' lang='lat'><strong>:</strong></span> <span class='ocrx_word' id='word_1_62' title='bbox 1561 1022 1580 1055; x_wconf 82' lang='grc' dir='ltr'><strong>ι</strong></span> <span class='ocrx_word' id='word_1_63' title='bbox 1619 1002 1719 1069; x_wconf 86' lang='lat' dir='ltr'><strong>Qui</strong></span> <span class='ocrx_word' id='word_1_64' title='bbox 1747 1016 1852 1055; x_wconf 90' lang='lat' dir='ltr'><strong>non</strong></span> <span class='ocrx_word' id='word_1_65' title='bbox 1880 1008 1960 1054; x_wconf 87' lang='lat' dir='ltr'><strong>est</strong></span> <span class='ocrx_word' id='word_1_66' title='bbox 1988 1004 2175 1051; x_wconf 86' lang='lat' dir='ltr'><strong>contra</strong></span> 
     </span>
    </p>
   </div>
   <div class='ocr_carea' id='block_1_11' title="bbox 613 1090 2173 1174">
    <p class='ocr_par' dir='ltr' id='par_1_11' title="bbox 613 1090 2173 1174">
     <span class='ocr_line' id='line_1_11' title="bbox 613 1090 2173 1174; baseline -0.015 -14"><span class='ocrx_word' id='word_1_67' title='bbox 613 1120 733 1170; x_wconf 91' lang='lat' dir='ltr'><strong>nos,</strong></span> <span class='ocrx_word' id='word_1_68' title='bbox 760 1119 856 1174; x_wconf 91' lang='lat' dir='ltr'><strong>pro</strong></span> <span class='ocrx_word' id='word_1_69' title='bbox 890 1104 1043 1158; x_wconf 88' lang='lat' dir='ltr'><strong>nobis</strong></span> <span class='ocrx_word' id='word_1_70' title='bbox 1072 1110 1172 1156; x_wconf 86' lang='lat' dir='ltr'><strong>est.</strong></span> <span class='ocrx_word' id='word_1_71' title='bbox 1199 1119 1217 1150; x_wconf 76' lang='grc' dir='ltr'><strong>ι</strong></span> <span class='ocrx_word' id='word_1_72' title='bbox 1256 1098 1516 1152; x_wconf 81' lang='lat' dir='ltr'><strong>Videntur</strong></span> <span class='ocrx_word' id='word_1_73' title='bbox 1550 1096 1766 1163; x_wconf 89' lang='lat' dir='ltr'><strong>quidem</strong></span> <span class='ocrx_word' id='word_1_74' title='bbox 1796 1093 1911 1147; x_wconf 80' lang='lat' dir='ltr'><strong>haec</strong></span> <span class='ocrx_word' id='word_1_75' title='bbox 1941 1090 2173 1150; x_wconf 81' lang='lat' dir='ltr'><strong>diversa,</strong></span> 
     </span>
    </p>
   </div>
   <div class='ocr_carea' id='block_1_12' title="bbox 612 1187 2175 1253">
    <p class='ocr_par' dir='ltr' id='par_1_12' title="bbox 612 1187 2175 1253">
     <span class='ocr_line' id='line_1_12' title="bbox 612 1187 2175 1253; baseline -0.013 -1"><span class='ocrx_word' id='word_1_76' title='bbox 612 1212 720 1251; x_wconf 91' lang='lat' dir='ltr'><strong>non</strong></span> <span class='ocrx_word' id='word_1_77' title='bbox 745 1204 871 1250; x_wconf 89' lang='lat' dir='ltr'><strong>sunt</strong></span> <span class='ocrx_word' id='word_1_78' title='bbox 899 1204 1096 1249; x_wconf 88' lang='lat' dir='ltr'><strong>autem.</strong></span> <span class='ocrx_word' id='word_1_79' title='bbox 1130 1192 1259 1245; x_wconf 77' lang='lat' dir='ltr'><strong>Nam</strong></span> <span class='ocrx_word' id='word_1_80' title='bbox 1294 1206 1413 1243; x_wconf 90' lang='lat' dir='ltr'><strong>cunt</strong></span> <span class='ocrx_word' id='word_1_81' title='bbox 1447 1189 1600 1253; x_wconf 84' lang='lat' dir='ltr'><strong>dicit,</strong></span> <span class='ocrx_word' id='word_1_82' title='bbox 1637 1205 1654 1238; x_wconf 85' lang='grc'>‹</span> <span class='ocrx_word' id='word_1_83' title='bbox 1693 1187 1790 1251; x_wconf 86' lang='lat' dir='ltr'><strong>Qui</strong></span> <span class='ocrx_word' id='word_1_84' title='bbox 1819 1200 1921 1239; x_wconf 91' lang='lat' dir='ltr'><strong>non</strong></span> <span class='ocrx_word' id='word_1_85' title='bbox 1957 1189 2039 1236; x_wconf 89' lang='lat' dir='ltr'><strong>est</strong></span> <span class='ocrx_word' id='word_1_86' title='bbox 2061 1193 2175 1233; x_wconf 87' lang='lat' dir='ltr'><strong>me-</strong></span> 
     </span>
    </p>
   </div>
   <div class='ocr_carea' id='block_1_13' title="bbox 612 1271 2177 1354">
    <p class='ocr_par' dir='ltr' id='par_1_13' title="bbox 612 1271 2177 1354">
     <span class='ocr_line' id='line_1_13' title="bbox 612 1271 2177 1354; baseline -0.013 -12"><span class='ocrx_word' id='word_1_87' title='bbox 612 1303 733 1344; x_wconf 89' lang='lat' dir='ltr'><strong>cum</strong></span> <span class='ocrx_word' id='word_1_88' title='bbox 764 1327 781 1354; x_wconf 92' lang='lat'><strong>,</strong></span> <span class='ocrx_word' id='word_1_89' title='bbox 823 1298 1007 1342; x_wconf 84' lang='lat' dir='ltr'><strong>contra</strong></span> <span class='ocrx_word' id='word_1_90' title='bbox 1061 1300 1144 1339; x_wconf 87' lang='lat' dir='ltr'><strong>me</strong></span> <span class='ocrx_word' id='word_1_91' title='bbox 1197 1296 1278 1338; x_wconf 89' lang='lat' dir='ltr'><strong>est</strong></span> <span class='ocrx_word' id='word_1_92' title='bbox 1307 1284 1353 1314; x_wconf 68' lang='lat'><strong>&#39;7</strong></span> <span class='ocrx_word' id='word_1_93' title='bbox 1387 1324 1399 1347; x_wconf 91' lang='lat'><strong>,</strong></span> <span class='ocrx_word' id='word_1_94' title='bbox 1444 1282 1507 1333; x_wconf 80' lang='lat' dir='ltr'><strong>de</strong></span> <span class='ocrx_word' id='word_1_95' title='bbox 1556 1278 1887 1332; x_wconf 66' lang='lat' dir='ltr'><strong>daemonibus</strong></span> <span class='ocrx_word' id='word_1_96' title='bbox 1955 1282 2037 1329; x_wconf 90' lang='lat' dir='ltr'><strong>est</strong></span> <span class='ocrx_word' id='word_1_97' title='bbox 2098 1271 2177 1323; x_wconf 84' lang='lat' dir='ltr'><strong>di-</strong></span> 
     </span>
    </p>
   </div>
   <div class='ocr_carea' id='block_1_14' title="bbox 615 1362 2173 1447">
    <p class='ocr_par' dir='ltr' id='par_1_14' title="bbox 615 1362 2173 1447">
     <span class='ocr_line' id='line_1_14' title="bbox 615 1362 2173 1447; baseline -0.013 -13"><span class='ocrx_word' id='word_1_98' title='bbox 615 1388 788 1444; x_wconf 84' lang='lat' dir='ltr'><strong>ctum,</strong></span> <span class='ocrx_word' id='word_1_99' title='bbox 823 1379 913 1447; x_wconf 90' lang='lat' dir='ltr'><strong>qui</strong></span> <span class='ocrx_word' id='word_1_100' title='bbox 951 1378 1167 1431; x_wconf 87' lang='lat' dir='ltr'><strong>student</strong></span> <span class='ocrx_word' id='word_1_101' title='bbox 1197 1391 1223 1427; x_wconf 89' lang='lat' dir='ltr'><strong>a</strong></span> <span class='ocrx_word' id='word_1_102' title='bbox 1258 1373 1452 1427; x_wconf 74' lang='lat' dir='ltr'><strong>divinis</strong></span> <span class='ocrx_word' id='word_1_103' title='bbox 1473 1370 1784 1424; x_wconf 83' lang='lat' dir='ltr'><strong>abstrahere</strong></span> <span class='ocrx_word' id='word_1_104' title='bbox 1807 1406 1821 1429; x_wconf 85' lang='lat'><strong>,</strong></span> <span class='ocrx_word' id='word_1_105' title='bbox 1852 1374 1904 1419; x_wconf 87' lang='lat' dir='ltr'><strong>et</strong></span> <span class='ocrx_word' id='word_1_106' title='bbox 1937 1379 2054 1433; x_wconf 85' lang='lat' dir='ltr'><strong>quae</strong></span> <span class='ocrx_word' id='word_1_107' title='bbox 2079 1362 2173 1415; x_wconf 82' lang='lat' dir='ltr'><strong>Dei</strong></span> 
     </span>
    </p>
   </div>
   <div class='ocr_carea' id='block_1_15' title="bbox 610 1457 2175 1538">
    <p class='ocr_par' dir='ltr' id='par_1_15' title="bbox 610 1457 2175 1538">
     <span class='ocr_line' id='line_1_15' title="bbox 610 1457 2175 1538; baseline -0.013 -12"><span class='ocrx_word' id='word_1_108' title='bbox 610 1482 757 1531; x_wconf 85' lang='lat' dir='ltr'><strong>sunt,</strong></span> <span class='ocrx_word' id='word_1_109' title='bbox 790 1470 1118 1538; x_wconf 79' lang='lat' dir='ltr'><strong>dispergere.</strong></span> <span class='ocrx_word' id='word_1_110' title='bbox 1144 1466 1297 1531; x_wconf 87' lang='lat' dir='ltr'><strong>Quod</strong></span> <span class='ocrx_word' id='word_1_111' title='bbox 1330 1472 1507 1517; x_wconf 87' lang='lat' dir='ltr'><strong>autent</strong></span> <span class='ocrx_word' id='word_1_112' title='bbox 1543 1475 1704 1525; x_wconf 88' lang='lat' dir='ltr'><strong>nunc,</strong></span> <span class='ocrx_word' id='word_1_113' title='bbox 1744 1459 1942 1513; x_wconf 87' lang='lat' dir='ltr'><strong>dictmn</strong></span> <span class='ocrx_word' id='word_1_114' title='bbox 1977 1458 2043 1510; x_wconf 59' lang='lat' dir='ltr'><strong>de</strong></span> <span class='ocrx_word' id='word_1_115' title='bbox 2080 1457 2175 1507; x_wconf 82' lang='lat' dir='ltr'><strong>bo—</strong></span> 
     </span>
    </p>
   </div>
   <div class='ocr_carea' id='block_1_16' title="bbox 611 1547 2173 1631">
    <p class='ocr_par' dir='ltr' id='par_1_16' title="bbox 611 1547 2173 1631">
     <span class='ocr_line' id='line_1_16' title="bbox 611 1547 2173 1631; baseline -0.012 -14"><span class='ocrx_word' id='word_1_116' title='bbox 611 1562 865 1624; x_wconf 87' lang='lat' dir='ltr'><strong>minibus,</strong></span> <span class='ocrx_word' id='word_1_117' title='bbox 897 1560 986 1631; x_wconf 90' lang='lat' dir='ltr'><strong>qui</strong></span> <span class='ocrx_word' id='word_1_118' title='bbox 1036 1560 1101 1612; x_wconf 88' lang='lat' dir='ltr'><strong>ad</strong></span> <span class='ocrx_word' id='word_1_119' title='bbox 1129 1558 1294 1611; x_wconf 89' lang='lat' dir='ltr'><strong>Deum</strong></span> <span class='ocrx_word' id='word_1_120' title='bbox 1335 1555 1591 1624; x_wconf 88' lang='lat' dir='ltr'><strong>quosdam</strong></span> <span class='ocrx_word' id='word_1_121' title='bbox 1637 1551 1911 1606; x_wconf 87' lang='lat' dir='ltr'><strong>adducunt</strong></span> <span class='ocrx_word' id='word_1_122' title='bbox 1940 1563 2038 1619; x_wconf 85' lang='lat' dir='ltr'><strong>per</strong></span> <span class='ocrx_word' id='word_1_123' title='bbox 2074 1547 2173 1600; x_wconf 83' lang='grc' dir='ltr'>ιιιί-</span> 
     </span>
    </p>
   </div>
   <div class='ocr_carea' id='block_1_17' title="bbox 608 1636 1841 1720">
    <p class='ocr_par' dir='ltr' id='par_1_17' title="bbox 608 1636 1841 1720">
     <span class='ocr_line' id='line_1_17' title="bbox 608 1636 1841 1720; baseline -0.011 -9"><span class='ocrx_word' id='word_1_124' title='bbox 608 1656 910 1711; x_wconf 78' lang='lat' dir='ltr'><strong>raculoruni</strong></span> <span class='ocrx_word' id='word_1_125' title='bbox 940 1650 1329 1720; x_wconf 81' lang='lat' dir='ltr'><strong>operationem.</strong></span> <span class='ocrx_word' id='word_1_126' title='bbox 1836 1636 1841 1639; x_wconf 66' lang='grc'><strong>’</strong></span> 
     </span>
    </p>
   </div>
   <div class='ocr_carea' id='block_1_18' title="bbox 675 1735 2175 1811">
    <p class='ocr_par' dir='ltr' id='par_1_18' title="bbox 675 1735 2175 1811">
     <span class='ocr_line' id='line_1_18' title="bbox 675 1735 2175 1811; baseline -0.009 -10"><span class='ocrx_word' id='word_1_127' title='bbox 675 1746 842 1801; x_wconf 70' lang='lat' dir='ltr'><strong>Vnus.</strong></span> <span class='ocrx_word' id='word_1_128' title='bbox 874 1745 1069 1807; x_wconf 67' lang='lat'><strong>40,“.</strong></span> <span class='ocrx_word' id='word_1_129' title='bbox 1096 1760 1113 1795; x_wconf 83' lang='grc' dir='ltr'><strong>ι</strong></span> <span class='ocrx_word' id='word_1_130' title='bbox 1150 1741 1400 1811; x_wconf 86' lang='lat' dir='ltr'><strong>Quisquis</strong></span> <span class='ocrx_word' id='word_1_131' title='bbox 1430 1741 1572 1795; x_wconf 88' lang='lat' dir='ltr'><strong>enim</strong></span> <span class='ocrx_word' id='word_1_132' title='bbox 1605 1740 1670 1793; x_wconf 90' lang='lat' dir='ltr'><strong>ad</strong></span> <span class='ocrx_word' id='word_1_133' title='bbox 1700 1736 1992 1793; x_wconf 86' lang='lat' dir='ltr'><strong>bibendum</strong></span> <span class='ocrx_word' id='word_1_134' title='bbox 2017 1735 2080 1785; x_wconf 73' lang='lat' dir='ltr'><strong>de</strong></span> <span class='ocrx_word' id='word_1_135' title='bbox 2102 1736 2175 1787; x_wconf 82' lang='grc' dir='ltr'><strong>ὀ-</strong></span> 
     </span>
    </p>
   </div>
   <div class='ocr_carea' id='block_1_19' title="bbox 607 1827 2173 1904">
    <p class='ocr_par' dir='ltr' id='par_1_19' title="bbox 607 1827 2173 1904">
     <span class='ocr_line' id='line_1_19' title="bbox 607 1827 2173 1904; baseline -0.01 -10"><span class='ocrx_word' id='word_1_136' title='bbox 607 1840 679 1894; x_wconf 88' lang='lat' dir='ltr'><strong>rit</strong></span> <span class='ocrx_word' id='word_1_137' title='bbox 710 1839 863 1893; x_wconf 86' lang='lat' dir='ltr'><strong>vobis</strong></span> <span class='ocrx_word' id='word_1_138' title='bbox 900 1838 1124 1893; x_wconf 84' lang='lat' dir='ltr'><strong>calicem</strong></span> <span class='ocrx_word' id='word_1_139' title='bbox 1171 1849 1320 1904; x_wconf 60' lang='lat' dir='ltr'><strong>aqua:</strong></span> <span class='ocrx_word' id='word_1_140' title='bbox 1364 1835 1417 1887; x_wconf 91' lang='lat' dir='ltr'><strong>in</strong></span> <span class='ocrx_word' id='word_1_141' title='bbox 1450 1832 1670 1888; x_wconf 89' lang='lat' dir='ltr'><strong>nomine</strong></span> <span class='ocrx_word' id='word_1_142' title='bbox 1706 1844 1844 1896; x_wconf 88' lang='lat' dir='ltr'><strong>meo,</strong></span> <span class='ocrx_word' id='word_1_143' title='bbox 1880 1844 2019 1898; x_wconf 64' lang='lat' dir='ltr'><strong>quoa</strong></span> <span class='ocrx_word' id='word_1_144' title='bbox 2056 1827 2173 1882; x_wconf 87' lang='lat' dir='ltr'><strong>sitis</strong></span> 
     </span>
    </p>
   </div>
   <div class='ocr_carea' id='block_1_20' title="bbox 606 1919 2173 1993">
    <p class='ocr_par' dir='ltr' id='par_1_20' title="bbox 606 1919 2173 1993">
     <span class='ocr_line' id='line_1_20' title="bbox 606 1919 2173 1993; baseline -0.007 -10"><span class='ocrx_word' id='word_1_145' title='bbox 606 1929 807 1983; x_wconf 76' lang='lat' dir='ltr'><strong>Christi</strong></span> <span class='ocrx_word' id='word_1_146' title='bbox 848 1946 862 1982; x_wconf 90' lang='lat'>:</span> <span class='ocrx_word' id='word_1_147' title='bbox 900 1941 1055 1981; x_wconf 87' lang='lat' dir='ltr'><strong>amen</strong></span> <span class='ocrx_word' id='word_1_148' title='bbox 1108 1926 1231 1979; x_wconf 88' lang='lat' dir='ltr'><strong>dico</strong></span> <span class='ocrx_word' id='word_1_149' title='bbox 1270 1925 1441 1987; x_wconf 85' lang='lat' dir='ltr'><strong>vobis,</strong></span> <span class='ocrx_word' id='word_1_150' title='bbox 1475 1936 1816 1993; x_wconf 83' lang='lat' dir='ltr'><strong>nequaquam</strong></span> <span class='ocrx_word' id='word_1_151' title='bbox 1869 1919 2173 1989; x_wconf 88' lang='lat' dir='ltr'><strong>perditurus</strong></span> 
     </span>
    </p>
   </div>
   <div class='ocr_carea' id='block_1_21' title="bbox 604 2010 2171 2084">
    <p class='ocr_par' dir='ltr' id='par_1_21' title="bbox 604 2010 2171 2084">
     <span class='ocr_line' id='line_1_21' title="bbox 604 2010 2171 2084; baseline -0.009 -9"><span class='ocrx_word' id='word_1_152' title='bbox 604 2031 683 2075; x_wconf 79' lang='lat' dir='ltr'><strong>est</strong></span> <span class='ocrx_word' id='word_1_153' title='bbox 722 2018 1021 2073; x_wconf 85' lang='lat' dir='ltr'><strong>mercedem</strong></span> <span class='ocrx_word' id='word_1_154' title='bbox 1063 2032 1235 2070; x_wconf 88' lang='lat' dir='ltr'><strong>suam.</strong></span> <span class='ocrx_word' id='word_1_155' title='bbox 1291 2014 1352 2068; x_wconf 88' lang='lat' dir='ltr'><strong>Et</strong></span> <span class='ocrx_word' id='word_1_156' title='bbox 1391 2015 1636 2084; x_wconf 84' lang='lat' dir='ltr'><strong>quisquis</strong></span> <span class='ocrx_word' id='word_1_157' title='bbox 1683 2010 1967 2067; x_wconf 76' lang='lat' dir='ltr'><strong>oﬂ&#39;enderit</strong></span> <span class='ocrx_word' id='word_1_158' title='bbox 2008 2024 2171 2063; x_wconf 88' lang='lat' dir='ltr'><strong>unum</strong></span> 
     </span>
    </p>
   </div>
   <div class='ocr_carea' id='block_1_22' title="bbox 605 2102 2169 2182">
    <p class='ocr_par' dir='ltr' id='par_1_22' title="bbox 605 2102 2169 2182">
     <span class='ocr_line' id='line_1_22' title="bbox 605 2102 2169 2182; baseline -0.007 -16"><span class='ocrx_word' id='word_1_159' title='bbox 605 2128 670 2166; x_wconf 80' lang='lat' dir='ltr'><strong>ex</strong></span> <span class='ocrx_word' id='word_1_160' title='bbox 712 2110 919 2182; x_wconf 82' lang='lat' dir='ltr'><strong>pusillis</strong></span> <span class='ocrx_word' id='word_1_161' title='bbox 946 2111 1034 2179; x_wconf 84' lang='lat' dir='ltr'><strong>qui</strong></span> <span class='ocrx_word' id='word_1_162' title='bbox 1068 2108 1346 2162; x_wconf 74' lang='lat' dir='ltr'><strong>confidunt</strong></span> <span class='ocrx_word' id='word_1_163' title='bbox 1388 2108 1437 2160; x_wconf 92' lang='lat' dir='ltr'><strong>in</strong></span> <span class='ocrx_word' id='word_1_164' title='bbox 1476 2120 1581 2171; x_wconf 89' lang='lat' dir='ltr'><strong>me,</strong></span> <span class='ocrx_word' id='word_1_165' title='bbox 1614 2104 1809 2159; x_wconf 89' lang='lat' dir='ltr'><strong>melius</strong></span> <span class='ocrx_word' id='word_1_166' title='bbox 1844 2102 1982 2157; x_wconf 74' lang='lat' dir='ltr'><strong>foret</strong></span> <span class='ocrx_word' id='word_1_167' title='bbox 2012 2102 2088 2156; x_wconf 86' lang='lat' dir='ltr'><strong>illi</strong></span> <span class='ocrx_word' id='word_1_168' title='bbox 2126 2102 2169 2156; x_wconf 90' lang='lat' dir='ltr'><strong>si</strong></span> 
     </span>
    </p>
   </div>
   <div class='ocr_carea' id='block_1_23' title="bbox 602 2196 2170 2265">
    <p class='ocr_par' dir='ltr' id='par_1_23' title="bbox 602 2196 2170 2265">
     <span class='ocr_line' id='line_1_23' title="bbox 602 2196 2170 2265; baseline -0.004 -9"><span class='ocrx_word' id='word_1_169' title='bbox 602 2202 1029 2258; x_wconf 88' lang='lat' dir='ltr'><strong>circumdaretur</strong></span> <span class='ocrx_word' id='word_1_170' title='bbox 1064 2215 1254 2255; x_wconf 80' lang='lat' dir='ltr'><strong>saxum</strong></span> <span class='ocrx_word' id='word_1_171' title='bbox 1287 2200 1490 2253; x_wconf 85' lang='lat' dir='ltr'><strong>mulare</strong></span> <span class='ocrx_word' id='word_1_172' title='bbox 1539 2198 1685 2252; x_wconf 84' lang='lat' dir='ltr'><strong>circa</strong></span> <span class='ocrx_word' id='word_1_173' title='bbox 1737 2196 2000 2251; x_wconf 83' lang='lat' dir='ltr'><strong>cervicem</strong></span> <span class='ocrx_word' id='word_1_174' title='bbox 2032 2196 2170 2265; x_wconf 87' lang='lat' dir='ltr'><strong>ejus,</strong></span> 
     </span>
    </p>
   </div>
   <div class='ocr_carea' id='block_1_24' title="bbox 602 2285 2172 2363">
    <p class='ocr_par' dir='ltr' id='par_1_24' title="bbox 602 2285 2172 2363">
     <span class='ocr_line' id='line_1_24' title="bbox 602 2285 2172 2363; baseline -0.006 -15"><span class='ocrx_word' id='word_1_175' title='bbox 602 2306 656 2350; x_wconf 88' lang='lat' dir='ltr'><strong>et</strong></span> <span class='ocrx_word' id='word_1_176' title='bbox 689 2293 1015 2363; x_wconf 80' lang='lat' dir='ltr'><strong>abjiceretur</strong></span> <span class='ocrx_word' id='word_1_177' title='bbox 1059 2294 1111 2346; x_wconf 95' lang='lat' dir='ltr'><strong>in</strong></span> <span class='ocrx_word' id='word_1_178' title='bbox 1160 2306 1327 2345; x_wconf 88' lang='lat' dir='ltr'><strong>mare.</strong></span> <span class='ocrx_word' id='word_1_179' title='bbox 1376 2309 1392 2341; x_wconf 76' lang='grc' dir='ltr'><strong>ι</strong></span> <span class='ocrx_word' id='word_1_180' title='bbox 1435 2289 1547 2343; x_wconf 84' lang='grc' dir='ltr'>Νοιι</span> <span class='ocrx_word' id='word_1_181' title='bbox 1588 2288 1785 2352; x_wconf 79' lang='lat' dir='ltr'><strong>solum,</strong></span> <span class='ocrx_word' id='word_1_182' title='bbox 1841 2287 2036 2356; x_wconf 88' lang='lat' dir='ltr'><strong>inquit,</strong></span> <span class='ocrx_word' id='word_1_183' title='bbox 2090 2285 2172 2339; x_wconf 78' lang='lat' dir='ltr'><strong>fn-</strong></span> 
     </span>
    </p>
   </div>
   <div class='ocr_carea' id='block_1_25' title="bbox 602 2376 2170 2447">
    <p class='ocr_par' dir='ltr' id='par_1_25' title="bbox 602 2376 2170 2447">
     <span class='ocr_line' id='line_1_25' title="bbox 602 2376 2170 2447; baseline -0.005 -10"><span class='ocrx_word' id='word_1_184' title='bbox 602 2385 803 2437; x_wconf 86' lang='lat' dir='ltr'><strong>cientes</strong></span> <span class='ocrx_word' id='word_1_185' title='bbox 825 2381 1073 2435; x_wconf 82' lang='lat' dir='ltr'><strong>virtutem</strong></span> <span class='ocrx_word' id='word_1_186' title='bbox 1099 2381 1152 2433; x_wconf 90' lang='lat' dir='ltr'><strong>in</strong></span> <span class='ocrx_word' id='word_1_187' title='bbox 1175 2382 1391 2434; x_wconf 73' lang='lat' dir='ltr'><strong>nozninc</strong></span> <span class='ocrx_word' id='word_1_188' title='bbox 1426 2394 1565 2446; x_wconf 85' lang='lat' dir='ltr'><strong>meo,</strong></span> <span class='ocrx_word' id='word_1_189' title='bbox 1603 2394 1707 2431; x_wconf 89' lang='lat' dir='ltr'><strong>non</strong></span> <span class='ocrx_word' id='word_1_190' title='bbox 1741 2378 2001 2447; x_wconf 88' lang='lat' dir='ltr'><strong>prohibeo</strong></span> <span class='ocrx_word' id='word_1_191' title='bbox 2032 2395 2044 2429; x_wconf 92' lang='lat'><strong>:</strong></span> <span class='ocrx_word' id='word_1_192' title='bbox 2077 2376 2170 2431; x_wconf 85' lang='lat' dir='ltr'><strong>sed</strong></span> 
     </span>
    </p>
   </div>
   <div class='ocr_carea' id='block_1_26' title="bbox 602 2454 2172 2542">
    <p class='ocr_par' dir='ltr' id='par_1_26' title="bbox 602 2454 2172 2542">
     <span class='ocr_line' id='line_1_26' title="bbox 602 2454 2172 2542; baseline -0.006 -16"><span class='ocrx_word' id='word_1_193' title='bbox 602 2474 644 2526; x_wconf 87' lang='lat' dir='ltr'><strong>si</strong></span> <span class='ocrx_word' id='word_1_194' title='bbox 691 2472 813 2542; x_wconf 91' lang='lat' dir='ltr'><strong>quis</strong></span> <span class='ocrx_word' id='word_1_195' title='bbox 861 2472 1143 2525; x_wconf 88' lang='lat' dir='ltr'><strong>minimum</strong></span> <span class='ocrx_word' id='word_1_196' title='bbox 1192 2469 1445 2539; x_wconf 85' lang='lat' dir='ltr'><strong>quiddam</strong></span> <span class='ocrx_word' id='word_1_197' title='bbox 1498 2454 1706 2522; x_wconf 83' lang='lat' dir='ltr'><strong>dederit</strong></span> <span class='ocrx_word' id='word_1_198' title='bbox 1761 2465 1911 2520; x_wconf 84' lang='lat' dir='ltr'><strong>vobis</strong></span> <span class='ocrx_word' id='word_1_199' title='bbox 1954 2461 2172 2534; x_wconf 73' lang='lat' dir='ltr'><strong>promer</strong></span> 
     </span>
    </p>
   </div>
   <div class='ocr_carea' id='block_1_27' title="bbox 600 2561 2165 2628">
    <p class='ocr_par' dir='ltr' id='par_1_27' title="bbox 600 2561 2165 2628">
     <span class='ocr_line' id='line_1_27' title="bbox 600 2561 2165 2628; baseline -0.004 -10"><span class='ocrx_word' id='word_1_200' title='bbox 600 2578 797 2618; x_wconf 79' lang='lat' dir='ltr'><strong>nomen</strong></span> <span class='ocrx_word' id='word_1_201' title='bbox 830 2576 1030 2627; x_wconf 89' lang='lat' dir='ltr'><strong>meum,</strong></span> <span class='ocrx_word' id='word_1_202' title='bbox 1082 2571 1136 2616; x_wconf 88' lang='lat' dir='ltr'><strong>et</strong></span> <span class='ocrx_word' id='word_1_203' title='bbox 1171 2561 1471 2628; x_wconf 85' lang='lat' dir='ltr'><strong>susceperit</strong></span> <span class='ocrx_word' id='word_1_204' title='bbox 1513 2573 1605 2613; x_wconf 85' lang='lat' dir='ltr'><strong>vos</strong></span> <span class='ocrx_word' id='word_1_205' title='bbox 1644 2567 1863 2627; x_wconf 85' lang='lat' dir='ltr'><strong>propter</strong></span> <span class='ocrx_word' id='word_1_206' title='bbox 1894 2570 1999 2623; x_wconf 87' lang='lat' dir='ltr'><strong>me,</strong></span> <span class='ocrx_word' id='word_1_207' title='bbox 2059 2570 2165 2611; x_wconf 94' lang='lat' dir='ltr'><strong>non</strong></span> 
     </span>
    </p>
   </div>
   <div class='ocr_carea' id='block_1_28' title="bbox 600 2647 2169 2723">
    <p class='ocr_par' dir='ltr' id='par_1_28' title="bbox 600 2647 2169 2723">
     <span class='ocr_line' id='line_1_28' title="bbox 600 2647 2169 2723; baseline -0.004 -16"><span class='ocrx_word' id='word_1_208' title='bbox 600 2662 816 2722; x_wconf 83' lang='lat' dir='ltr'><strong>propter</strong></span> <span class='ocrx_word' id='word_1_209' title='bbox 850 2653 1142 2708; x_wconf 89' lang='lat' dir='ltr'><strong>humanam</strong></span> <span class='ocrx_word' id='word_1_210' title='bbox 1177 2652 1432 2723; x_wconf 76' lang='lat' dir='ltr'><strong>gratiam.</strong></span> <span class='ocrx_word' id='word_1_211' title='bbox 1482 2651 1564 2705; x_wconf 85' lang='lat' dir='ltr'><strong>vel</strong></span> <span class='ocrx_word' id='word_1_212' title='bbox 1603 2649 1957 2711; x_wconf 83' lang='lat' dir='ltr'><strong>mundanam,</strong></span> <span class='ocrx_word' id='word_1_213' title='bbox 1992 2647 2169 2703; x_wconf 86' lang='lat' dir='ltr'><strong>neuti-</strong></span> 
     </span>
    </p>
   </div>
   <div class='ocr_carea' id='block_1_29' title="bbox 598 2738 2170 2813">
    <p class='ocr_par' dir='ltr' id='par_1_29' title="bbox 598 2738 2170 2813">
     <span class='ocr_line' id='line_1_29' title="bbox 598 2738 2170 2813; baseline 0 -20"><span class='ocrx_word' id='word_1_214' title='bbox 598 2759 760 2813; x_wconf 89' lang='lat' dir='ltr'><strong>quam</strong></span> <span class='ocrx_word' id='word_1_215' title='bbox 806 2744 995 2813; x_wconf 87' lang='lat' dir='ltr'><strong>perdet</strong></span> <span class='ocrx_word' id='word_1_216' title='bbox 1025 2742 1329 2797; x_wconf 76' lang='lat' dir='ltr'><strong>mercedem</strong></span> <span class='ocrx_word' id='word_1_217' title='bbox 1353 2756 1528 2795; x_wconf 83' lang='lat' dir='ltr'><strong>Suam.</strong></span> <span class='ocrx_word' id='word_1_218' title='bbox 1564 2739 1707 2793; x_wconf 80' lang='lat' dir='ltr'><strong>Dixit</strong></span> <span class='ocrx_word' id='word_1_219' title='bbox 1736 2748 1913 2794; x_wconf 87' lang='lat' dir='ltr'><strong>autem</strong></span> <span class='ocrx_word' id='word_1_220' title='bbox 1945 2738 2170 2793; x_wconf 84' lang='lat' dir='ltr'><strong>calicem</strong></span> 
     </span>
    </p>
   </div>
   <div class='ocr_carea' id='block_1_30' title="bbox 598 2834 2170 2906">
    <p class='ocr_par' dir='ltr' id='par_1_30' title="bbox 598 2834 2170 2906">
     <span class='ocr_line' id='line_1_30' title="bbox 598 2834 2170 2906; baseline -0.004 -15"><span class='ocrx_word' id='word_1_221' title='bbox 598 2853 774 2902; x_wconf 70' lang='lat' dir='ltr'><strong>aquas,</strong></span> <span class='ocrx_word' id='word_1_222' title='bbox 832 2845 1052 2906; x_wconf 87' lang='lat' dir='ltr'><strong>propter</strong></span> <span class='ocrx_word' id='word_1_223' title='bbox 1106 2849 1201 2890; x_wconf 86' lang='lat' dir='ltr'><strong>eos</strong></span> <span class='ocrx_word' id='word_1_224' title='bbox 1271 2834 1360 2903; x_wconf 91' lang='lat' dir='ltr'><strong>qui</strong></span> <span class='ocrx_word' id='word_1_225' title='bbox 1422 2842 1791 2901; x_wconf 88' lang='lat' dir='ltr'><strong>paupertatem</strong></span> <span class='ocrx_word' id='word_1_226' title='bbox 1844 2838 2170 2901; x_wconf 68' lang='lat' dir='ltr'><strong>praetexunt.</strong></span> 
     </span>
    </p>
   </div>
   <div class='ocr_carea' id='block_1_31' title="bbox 600 2918 2173 2992">
    <p class='ocr_par' dir='ltr' id='par_1_31' title="bbox 600 2918 2173 2992">
     <span class='ocr_line' id='line_1_31' title="bbox 600 2918 2173 2992; baseline -0.004 -13"><span class='ocrx_word' id='word_1_227' title='bbox 600 2925 778 2981; x_wconf 86' lang='lat' dir='ltr'><strong>Etiam</strong></span> <span class='ocrx_word' id='word_1_228' title='bbox 806 2926 851 2982; x_wconf 89' lang='lat' dir='ltr'><strong>si</strong></span> <span class='ocrx_word' id='word_1_229' title='bbox 877 2925 1122 2988; x_wconf 86' lang='lat' dir='ltr'><strong>calicem,</strong></span> <span class='ocrx_word' id='word_1_230' title='bbox 1166 2925 1361 2991; x_wconf 76' lang='lat' dir='ltr'><strong>inquit,</strong></span> <span class='ocrx_word' id='word_1_231' title='bbox 1410 2936 1561 2992; x_wconf 69' lang='lat' dir='ltr'><strong>aqua:</strong></span> <span class='ocrx_word' id='word_1_232' title='bbox 1593 2920 1807 2976; x_wconf 90' lang='lat' dir='ltr'><strong>dederis</strong></span> <span class='ocrx_word' id='word_1_233' title='bbox 1850 2918 2173 2989; x_wconf 89' lang='lat' dir='ltr'><strong>contempti-</strong></span> 
     </span>
    </p>
   </div>
   <div class='ocr_carea' id='block_1_32' title="bbox 598 3012 2172 3087">
    <p class='ocr_par' dir='ltr' id='par_1_32' title="bbox 598 3012 2172 3087">
     <span class='ocr_line' id='line_1_32' title="bbox 598 3012 2172 3087; baseline -0.003 -18"><span class='ocrx_word' id='word_1_234' title='bbox 598 3017 781 3082; x_wconf 84' lang='lat' dir='ltr'><strong>bilem,</strong></span> <span class='ocrx_word' id='word_1_235' title='bbox 826 3031 1002 3087; x_wconf 86' lang='lat' dir='ltr'><strong>neque</strong></span> <span class='ocrx_word' id='word_1_236' title='bbox 1040 3017 1187 3071; x_wconf 85' lang='lat' dir='ltr'><strong>illum</strong></span> <span class='ocrx_word' id='word_1_237' title='bbox 1224 3018 1436 3085; x_wconf 86' lang='lat' dir='ltr'><strong>perdes.</strong></span> <span class='ocrx_word' id='word_1_238' title='bbox 1474 3012 1940 3081; x_wconf 84' lang='lat' dir='ltr'><strong>Quemadmodum</strong></span> <span class='ocrx_word' id='word_1_239' title='bbox 1989 3023 2172 3067; x_wconf 85' lang='lat' dir='ltr'><strong>autem</strong></span> 
     </span>
    </p>
   </div>
   <div class='ocr_carea' id='block_1_33' title="bbox 598 3105 2166 3176">
    <p class='ocr_par' dir='ltr' id='par_1_33' title="bbox 598 3105 2166 3176">
     <span class='ocr_line' id='line_1_33' title="bbox 598 3105 2166 3176; baseline -0.001 -16"><span class='ocrx_word' id='word_1_240' title='bbox 598 3108 642 3160; x_wconf 86' lang='lat' dir='ltr'><strong>si</strong></span> <span class='ocrx_word' id='word_1_241' title='bbox 678 3123 842 3160; x_wconf 87' lang='lat' dir='ltr'><strong>unum</strong></span> <span class='ocrx_word' id='word_1_242' title='bbox 896 3122 958 3160; x_wconf 79' lang='lat' dir='ltr'><strong>ex</strong></span> <span class='ocrx_word' id='word_1_243' title='bbox 1013 3107 1189 3176; x_wconf 80' lang='lat' dir='ltr'><strong>parvis</strong></span> <span class='ocrx_word' id='word_1_244' title='bbox 1227 3106 1601 3171; x_wconf 81' lang='lat' dir='ltr'><strong>lt0noravcris,</strong></span> <span class='ocrx_word' id='word_1_245' title='bbox 1647 3114 1833 3174; x_wconf 86' lang='lat' dir='ltr'><strong>gratus</strong></span> <span class='ocrx_word' id='word_1_246' title='bbox 1865 3105 1974 3159; x_wconf 88' lang='lat' dir='ltr'><strong>eris</strong></span> <span class='ocrx_word' id='word_1_247' title='bbox 2007 3105 2120 3159; x_wconf 91' lang='lat' dir='ltr'><strong>Deo</strong></span> <span class='ocrx_word' id='word_1_248' title='bbox 2150 3140 2166 3167; x_wconf 89' lang='lat'><strong>,</strong></span> 
     </span>
    </p>
   </div>
   <div class='ocr_carea' id='block_1_34' title="bbox 602 3194 2167 3264">
    <p class='ocr_par' dir='ltr' id='par_1_34' title="bbox 602 3194 2167 3264">
     <span class='ocr_line' id='line_1_34' title="bbox 602 3194 2167 3264; baseline -0.001 -14"><span class='ocrx_word' id='word_1_249' title='bbox 602 3200 679 3251; x_wconf 88' lang='lat' dir='ltr'><strong>sic</strong></span> <span class='ocrx_word' id='word_1_250' title='bbox 699 3199 742 3251; x_wconf 87' lang='lat' dir='ltr'><strong>si</strong></span> <span class='ocrx_word' id='word_1_251' title='bbox 770 3211 935 3251; x_wconf 88' lang='lat' dir='ltr'><strong>unum</strong></span> <span class='ocrx_word' id='word_1_252' title='bbox 967 3212 1034 3249; x_wconf 84' lang='lat' dir='ltr'><strong>ex</strong></span> <span class='ocrx_word' id='word_1_253' title='bbox 1065 3196 1244 3264; x_wconf 81' lang='lat' dir='ltr'><strong>parvis</strong></span> <span class='ocrx_word' id='word_1_254' title='bbox 1287 3194 1762 3261; x_wconf 80' lang='lat' dir='ltr'><strong>scandalizaveris,</strong></span> <span class='ocrx_word' id='word_1_255' title='bbox 1792 3196 1895 3251; x_wconf 90' lang='lat' dir='ltr'><strong>hoc</strong></span> <span class='ocrx_word' id='word_1_256' title='bbox 1922 3204 2027 3261; x_wconf 88' lang='lat' dir='ltr'><strong>est,</strong></span> <span class='ocrx_word' id='word_1_257' title='bbox 2070 3194 2167 3249; x_wconf 86' lang='lat' dir='ltr'><strong>de-</strong></span> 
     </span>
    </p>
   </div>
   <div class='ocr_carea' id='block_1_35' title="bbox 599 3276 2166 3357">
    <p class='ocr_par' dir='ltr' id='par_1_35' title="bbox 599 3276 2166 3357">
     <span class='ocr_line' id='line_1_35' title="bbox 599 3276 2166 3357; baseline -0.001 -15"><span class='ocrx_word' id='word_1_258' title='bbox 599 3289 864 3357; x_wconf 78' lang='lat' dir='ltr'><strong>spexeris,</strong></span> <span class='ocrx_word' id='word_1_259' title='bbox 912 3287 1220 3351; x_wconf 80' lang='lat' dir='ltr'><strong>oﬂ‘enderis,</strong></span> <span class='ocrx_word' id='word_1_260' title='bbox 1250 3276 1651 3357; x_wconf 50' lang='lat' dir='ltr'><strong>expediret&#39;tibi</strong></span> <span class='ocrx_word' id='word_1_261' title='bbox 1678 3290 1724 3343; x_wconf 88' lang='lat' dir='ltr'><strong>si</strong></span> <span class='ocrx_word' id='word_1_262' title='bbox 1758 3287 1899 3344; x_wconf 82' lang='lat' dir='ltr'><strong>mola</strong></span> <span class='ocrx_word' id='word_1_263' title='bbox 1932 3288 2166 3343; x_wconf 86' lang='lat' dir='ltr'><strong>asinaria</strong></span> 
     </span>
    </p>
   </div>
   <div class='ocr_carea' id='block_1_36' title="bbox 597 3380 2162 3451">
    <p class='ocr_par' dir='ltr' id='par_1_36' title="bbox 597 3380 2162 3451">
     <span class='ocr_line' id='line_1_36' title="bbox 597 3380 2162 3451; baseline -0.001 -16"><span class='ocrx_word' id='word_1_264' title='bbox 597 3383 665 3435; x_wconf 89' lang='lat' dir='ltr'><strong>de</strong></span> <span class='ocrx_word' id='word_1_265' title='bbox 688 3382 828 3435; x_wconf 89' lang='lat' dir='ltr'><strong>collo</strong></span> <span class='ocrx_word' id='word_1_266' title='bbox 851 3390 941 3435; x_wconf 93' lang='lat' dir='ltr'><strong>tuo</strong></span> <span class='ocrx_word' id='word_1_267' title='bbox 964 3384 1411 3450; x_wconf 82' lang='lat' dir='ltr'><strong>suspenderetnr,</strong></span> <span class='ocrx_word' id='word_1_268' title='bbox 1445 3381 1748 3450; x_wconf 82' lang='lat' dir='ltr'><strong>graviorem</strong></span> <span class='ocrx_word' id='word_1_269' title='bbox 1775 3380 1919 3435; x_wconf 88' lang='lat' dir='ltr'><strong>enim</strong></span> <span class='ocrx_word' id='word_1_270' title='bbox 1948 3393 2162 3451; x_wconf 67' lang='lat' dir='ltr'><strong>pinnam</strong></span> 
     </span>
    </p>
   </div>
   <div class='ocr_carea' id='block_1_37' title="bbox 599 3469 2163 3540">
    <p class='ocr_par' dir='ltr' id='par_1_37' title="bbox 599 3469 2163 3540">
     <span class='ocr_line' id='line_1_37' title="bbox 599 3469 2163 3540; baseline 0 -16"><span class='ocrx_word' id='word_1_271' title='bbox 599 3470 1003 3526; x_wconf 84' lang='lat' dir='ltr'><strong>sustinebimus.</strong></span> <span class='ocrx_word' id='word_1_272' title='bbox 1070 3470 1335 3524; x_wconf 82' lang='lat' dir='ltr'><strong>Sensibile</strong></span> <span class='ocrx_word' id='word_1_273' title='bbox 1385 3482 1565 3523; x_wconf 83' lang='lat' dir='ltr'><strong>autem</strong></span> <span class='ocrx_word' id='word_1_274' title='bbox 1636 3471 1959 3540; x_wconf 71' lang='lat' dir='ltr'><strong>supplicium</strong></span> <span class='ocrx_word' id='word_1_275' title='bbox 2003 3469 2163 3534; x_wconf 78' lang='lat' dir='ltr'><strong>dixit,</strong></span> 
     </span>
    </p>
   </div>
   <div class='ocr_carea' id='block_1_38' title="bbox 600 3561 1812 3632">
    <p class='ocr_par' dir='ltr' id='par_1_38' title="bbox 600 3561 1812 3632">
     <span class='ocr_line' id='line_1_38' title="bbox 600 3561 1812 3632; baseline -0.001 -15"><span class='ocrx_word' id='word_1_276' title='bbox 600 3573 807 3617; x_wconf 91' lang='lat' dir='ltr'><strong>terrens</strong></span> <span class='ocrx_word' id='word_1_277' title='bbox 834 3577 932 3617; x_wconf 90' lang='lat' dir='ltr'><strong>nos</strong></span> <span class='ocrx_word' id='word_1_278' title='bbox 958 3578 1054 3632; x_wconf 90' lang='lat' dir='ltr'><strong>per</strong></span> <span class='ocrx_word' id='word_1_279' title='bbox 1087 3563 1188 3617; x_wconf 86' lang='lat' dir='ltr'><strong>hoc</strong></span> <span class='ocrx_word' id='word_1_280' title='bbox 1233 3562 1488 3617; x_wconf 85' lang='lat' dir='ltr'><strong>sensibile</strong></span> <span class='ocrx_word' id='word_1_281' title='bbox 1517 3561 1812 3630; x_wconf 80' lang='lat' dir='ltr'><strong>exetnplar.</strong></span> 
     </span>
    </p>
   </div>
   <div class='ocr_carea' id='block_1_39' title="bbox 670 3653 2165 3710">
    <p class='ocr_par' dir='ltr' id='par_1_39' title="bbox 670 3653 2165 3710">
     <span class='ocr_line' id='line_1_39' title="bbox 670 3653 2165 3710; baseline 0.001 -3"><span class='ocrx_word' id='word_1_282' title='bbox 670 3653 832 3710; x_wconf 66' lang='lat' dir='ltr'><strong>Vens.</strong></span> <span class='ocrx_word' id='word_1_283' title='bbox 863 3653 1050 3709; x_wconf 64' lang='lat'><strong>62-69.</strong></span> <span class='ocrx_word' id='word_1_284' title='bbox 1095 3672 1113 3705; x_wconf 79' lang='grc' dir='ltr'><strong>ι</strong></span> <span class='ocrx_word' id='word_1_285' title='bbox 1160 3654 1292 3708; x_wconf 87' lang='lat' dir='ltr'><strong>Etsi</strong></span> <span class='ocrx_word' id='word_1_286' title='bbox 1326 3656 1418 3708; x_wconf 88' lang='lat' dir='ltr'><strong>tibi</strong></span> <span class='ocrx_word' id='word_1_287' title='bbox 1460 3655 1620 3708; x_wconf 82' lang='lat' dir='ltr'><strong>fuerit</strong></span> <span class='ocrx_word' id='word_1_288' title='bbox 1657 3655 1941 3709; x_wconf 83' lang='lat' dir='ltr'><strong>obstaculo</strong></span> <span class='ocrx_word' id='word_1_289' title='bbox 1972 3670 2165 3710; x_wconf 85' lang='lat' dir='ltr'><strong>manus</strong></span> 
     </span>
    </p>
   </div>
   <div class='ocr_carea' id='block_1_40' title="bbox 596 3745 2167 3815">
    <p class='ocr_par' dir='ltr' id='par_1_40' title="bbox 596 3745 2167 3815">
     <span class='ocr_line' id='line_1_40' title="bbox 596 3745 2167 3815; baseline 0 -18"><span class='ocrx_word' id='word_1_290' title='bbox 596 3754 711 3813; x_wconf 85' lang='lat' dir='ltr'><strong>tua,</strong></span> <span class='ocrx_word' id='word_1_291' title='bbox 741 3756 957 3815; x_wconf 80' lang='lat' dir='ltr'><strong>amputa</strong></span> <span class='ocrx_word' id='word_1_292' title='bbox 1002 3746 1169 3799; x_wconf 83' lang='lat' dir='ltr'><strong>illam.</strong></span> <span class='ocrx_word' id='word_1_293' title='bbox 1215 3745 1421 3799; x_wconf 83' lang='lat' dir='ltr'><strong>Bonum</strong></span> <span class='ocrx_word' id='word_1_294' title='bbox 1451 3758 1533 3801; x_wconf 87' lang='lat' dir='ltr'><strong>est</strong></span> <span class='ocrx_word' id='word_1_295' title='bbox 1562 3746 1656 3800; x_wconf 88' lang='lat' dir='ltr'><strong>tibi</strong></span> <span class='ocrx_word' id='word_1_296' title='bbox 1694 3748 1939 3799; x_wconf 87' lang='lat' dir='ltr'><strong>mutilum</strong></span> <span class='ocrx_word' id='word_1_297' title='bbox 1978 3748 2044 3799; x_wconf 88' lang='lat' dir='ltr'><strong>ad</strong></span> <span class='ocrx_word' id='word_1_298' title='bbox 2083 3748 2167 3798; x_wconf 79' lang='lat' dir='ltr'><strong>vi-</strong></span> 
     </span>
    </p>
   </div>
   <div class='ocr_carea' id='block_1_41' title="bbox 597 3839 2162 3909">
    <p class='ocr_par' dir='ltr' id='par_1_41' title="bbox 597 3839 2162 3909">
     <span class='ocr_line' id='line_1_41' title="bbox 597 3839 2162 3909; baseline 0 -17"><span class='ocrx_word' id='word_1_299' title='bbox 597 3851 709 3893; x_wconf 87' lang='lat' dir='ltr'><strong>tam</strong></span> <span class='ocrx_word' id='word_1_300' title='bbox 759 3839 985 3909; x_wconf 90' lang='lat' dir='ltr'><strong>ingredi,</strong></span> <span class='ocrx_word' id='word_1_301' title='bbox 1021 3840 1201 3909; x_wconf 87' lang='lat' dir='ltr'><strong>potius</strong></span> <span class='ocrx_word' id='word_1_302' title='bbox 1236 3855 1395 3909; x_wconf 90' lang='lat' dir='ltr'><strong>quam</strong></span> <span class='ocrx_word' id='word_1_303' title='bbox 1445 3840 1583 3893; x_wconf 80' lang='lat' dir='ltr'><strong>duas</strong></span> <span class='ocrx_word' id='word_1_304' title='bbox 1627 3856 1819 3894; x_wconf 85' lang='lat' dir='ltr'><strong>manus</strong></span> <span class='ocrx_word' id='word_1_305' title='bbox 1874 3840 2162 3893; x_wconf 78' lang='lat' dir='ltr'><strong>habentem</strong></span> 
     </span>
    </p>
   </div>
   <div class='ocr_carea' id='block_1_42' title="bbox 597 3930 2160 4001">
    <p class='ocr_par' dir='ltr' id='par_1_42' title="bbox 597 3930 2160 4001">
     <span class='ocr_line' id='line_1_42' title="bbox 597 3930 2160 4001; baseline -0.001 -18"><span class='ocrx_word' id='word_1_306' title='bbox 597 3930 749 3984; x_wconf 83' lang='lat' dir='ltr'><strong>abire</strong></span> <span class='ocrx_word' id='word_1_307' title='bbox 794 3931 848 3985; x_wconf 88' lang='lat' dir='ltr'><strong>in</strong></span> <span class='ocrx_word' id='word_1_308' title='bbox 900 3932 1222 4000; x_wconf 74' lang='lat' dir='ltr'><strong>gehennam.</strong></span> <span class='ocrx_word' id='word_1_309' title='bbox 1292 3932 1344 3984; x_wconf 83' lang='lat' dir='ltr'><strong>in</strong></span> <span class='ocrx_word' id='word_1_310' title='bbox 1400 3933 1579 4001; x_wconf 88' lang='lat' dir='ltr'><strong>ignem</strong></span> <span class='ocrx_word' id='word_1_311' title='bbox 1648 3931 2160 4001; x_wconf 84' lang='lat' dir='ltr'><strong>inexstiuguibilem,</strong></span> 
     </span>
    </p>
   </div>
   <div class='ocr_carea' id='block_1_43' title="bbox 597 4021 2157 4092">
    <p class='ocr_par' dir='ltr' id='par_1_43' title="bbox 597 4021 2157 4092">
     <span class='ocr_line' id='line_1_43' title="bbox 597 4021 2157 4092; baseline 0.003 -20"><span class='ocrx_word' id='word_1_312' title='bbox 597 4021 683 4075; x_wconf 89' lang='lat' dir='ltr'><strong>ubi</strong></span> <span class='ocrx_word' id='word_1_313' title='bbox 715 4023 915 4076; x_wconf 83' lang='lat' dir='ltr'><strong>verutis</strong></span> <span class='ocrx_word' id='word_1_314' title='bbox 943 4022 1154 4074; x_wconf 84' lang='lat' dir='ltr'><strong>illorum</strong></span> <span class='ocrx_word' id='word_1_315' title='bbox 1182 4036 1284 4076; x_wconf 90' lang='lat' dir='ltr'><strong>non</strong></span> <span class='ocrx_word' id='word_1_316' title='bbox 1311 4023 1562 4086; x_wconf 86' lang='lat' dir='ltr'><strong>moritur,</strong></span> <span class='ocrx_word' id='word_1_317' title='bbox 1584 4033 1639 4076; x_wconf 92' lang='lat' dir='ltr'><strong>et</strong></span> <span class='ocrx_word' id='word_1_318' title='bbox 1661 4024 1798 4092; x_wconf 90' lang='lat' dir='ltr'><strong>ignis</strong></span> <span class='ocrx_word' id='word_1_319' title='bbox 1826 4037 1931 4077; x_wconf 85' lang='lat' dir='ltr'><strong>non</strong></span> <span class='ocrx_word' id='word_1_320' title='bbox 1956 4024 2157 4077; x_wconf 81' lang='lat' dir='ltr'><strong>exstin—</strong></span> 
     </span>
    </p>
   </div>
   <div class='ocr_carea' id='block_1_44' title="bbox 595 4113 2159 4185">
    <p class='ocr_par' dir='ltr' id='par_1_44' title="bbox 595 4113 2159 4185">
     <span class='ocr_line' id='line_1_44' title="bbox 595 4113 2159 4185; baseline 0.001 -19"><span class='ocrx_word' id='word_1_321' title='bbox 595 4116 797 4183; x_wconf 86' lang='lat' dir='ltr'><strong>guitur.</strong></span> <span class='ocrx_word' id='word_1_322' title='bbox 834 4114 895 4167; x_wconf 84' lang='lat' dir='ltr'><strong>Et</strong></span> <span class='ocrx_word' id='word_1_323' title='bbox 929 4115 973 4170; x_wconf 89' lang='lat' dir='ltr'><strong>si</strong></span> <span class='ocrx_word' id='word_1_324' title='bbox 1002 4130 1096 4185; x_wconf 89' lang='lat' dir='ltr'><strong>pcs</strong></span> <span class='ocrx_word' id='word_1_325' title='bbox 1129 4124 1252 4169; x_wconf 88' lang='lat' dir='ltr'><strong>tuus</strong></span> <span class='ocrx_word' id='word_1_326' title='bbox 1287 4113 1446 4170; x_wconf 81' lang='lat' dir='ltr'><strong>luerit</strong></span> <span class='ocrx_word' id='word_1_327' title='bbox 1483 4116 1577 4170; x_wconf 91' lang='lat' dir='ltr'><strong>tibi</strong></span> <span class='ocrx_word' id='word_1_328' title='bbox 1604 4116 1904 4181; x_wconf 86' lang='lat' dir='ltr'><strong>obstaculo,</strong></span> <span class='ocrx_word' id='word_1_329' title='bbox 1944 4125 2159 4184; x_wconf 85' lang='lat' dir='ltr'><strong>amputa</strong></span> 
     </span>
    </p>
   </div>
   <div class='ocr_carea' id='block_1_45' title="bbox 596 4204 2164 4275">
    <p class='ocr_par' dir='ltr' id='par_1_45' title="bbox 596 4204 2164 4275">
     <span class='ocr_line' id='line_1_45' title="bbox 596 4204 2164 4275; baseline -0.001 -16"><span class='ocrx_word' id='word_1_330' title='bbox 596 4206 746 4259; x_wconf 86' lang='lat' dir='ltr'><strong>illum</strong></span> <span class='ocrx_word' id='word_1_331' title='bbox 778 4222 792 4257; x_wconf 88' lang='lat'><strong>:</strong></span> <span class='ocrx_word' id='word_1_332' title='bbox 826 4205 1022 4260; x_wconf 89' lang='lat' dir='ltr'><strong>bonum</strong></span> <span class='ocrx_word' id='word_1_333' title='bbox 1054 4204 1256 4259; x_wconf 71' lang='lat' dir='ltr'><strong>esttibi</strong></span> <span class='ocrx_word' id='word_1_334' title='bbox 1283 4214 1341 4258; x_wconf 94' lang='lat' dir='ltr'><strong>ut</strong></span> <span class='ocrx_word' id='word_1_335' title='bbox 1371 4206 1691 4275; x_wconf 81' lang='lat' dir='ltr'><strong>ingrediaris</strong></span> <span class='ocrx_word' id='word_1_336' title='bbox 1722 4206 1787 4259; x_wconf 90' lang='lat' dir='ltr'><strong>ad</strong></span> <span class='ocrx_word' id='word_1_337' title='bbox 1830 4206 1991 4259; x_wconf 76' lang='lat' dir='ltr'><strong>vitam</strong></span> <span class='ocrx_word' id='word_1_338' title='bbox 2022 4206 2164 4259; x_wconf 84' lang='lat' dir='ltr'><strong>clau-</strong></span> 
     </span>
    </p>
   </div>
   <div class='ocr_carea' id='block_1_46' title="bbox 593 4292 2163 4365">
    <p class='ocr_par' dir='ltr' id='par_1_46' title="bbox 593 4292 2163 4365">
     <span class='ocr_line' id='line_1_46' title="bbox 593 4292 2163 4365; baseline 0.003 -20"><span class='ocrx_word' id='word_1_339' title='bbox 593 4293 719 4356; x_wconf 84' lang='lat' dir='ltr'><strong>dus,</strong></span> <span class='ocrx_word' id='word_1_340' title='bbox 744 4294 920 4362; x_wconf 89' lang='lat' dir='ltr'><strong>potius</strong></span> <span class='ocrx_word' id='word_1_341' title='bbox 961 4293 1119 4365; x_wconf 72' lang='grc'><strong>22],</strong></span> <span class='ocrx_word' id='word_1_342' title='bbox 1156 4308 1317 4362; x_wconf 89' lang='lat' dir='ltr'><strong>quam</strong></span> <span class='ocrx_word' id='word_1_343' title='bbox 1364 4292 1500 4346; x_wconf 89' lang='lat' dir='ltr'><strong>duos</strong></span> <span class='ocrx_word' id='word_1_344' title='bbox 1536 4294 1699 4360; x_wconf 88' lang='lat' dir='ltr'><strong>pedes</strong></span> <span class='ocrx_word' id='word_1_345' title='bbox 1731 4293 1934 4347; x_wconf 86' lang='lat' dir='ltr'><strong>habens</strong></span> <span class='ocrx_word' id='word_1_346' title='bbox 1981 4296 2163 4349; x_wconf 89' lang='lat' dir='ltr'><strong>mitta-</strong></span> 
     </span>
    </p>
   </div>
   <div class='ocr_carea' id='block_1_47' title="bbox 592 4380 2160 4453">
    <p class='ocr_par' dir='ltr' id='par_1_47' title="bbox 592 4380 2160 4453">
     <span class='ocr_line' id='line_1_47' title="bbox 592 4380 2160 4453; baseline 0.003 -18"><span class='ocrx_word' id='word_1_347' title='bbox 592 4382 671 4435; x_wconf 87' lang='lat' dir='ltr'><strong>ris</strong></span> <span class='ocrx_word' id='word_1_348' title='bbox 727 4382 777 4434; x_wconf 92' lang='lat' dir='ltr'><strong>in</strong></span> <span class='ocrx_word' id='word_1_349' title='bbox 828 4380 1148 4450; x_wconf 75' lang='lat' dir='ltr'><strong>gehennam,</strong></span> <span class='ocrx_word' id='word_1_350' title='bbox 1201 4382 1251 4433; x_wconf 94' lang='lat' dir='ltr'><strong>in</strong></span> <span class='ocrx_word' id='word_1_351' title='bbox 1296 4380 1469 4450; x_wconf 89' lang='lat' dir='ltr'><strong>ignem</strong></span> <span class='ocrx_word' id='word_1_352' title='bbox 1525 4383 2036 4453; x_wconf 77' lang='lat' dir='ltr'><strong>inexstinguibilem,</strong></span> <span class='ocrx_word' id='word_1_353' title='bbox 2072 4387 2160 4440; x_wconf 89' lang='lat' dir='ltr'><strong>ubi</strong></span> 
     </span>
    </p>
   </div>
   <div class='ocr_carea' id='block_1_48' title="bbox 594 4468 2159 4545">
    <p class='ocr_par' dir='ltr' id='par_1_48' title="bbox 594 4468 2159 4545">
     <span class='ocr_line' id='line_1_48' title="bbox 594 4468 2159 4545; baseline 0.006 -25"><span class='ocrx_word' id='word_1_354' title='bbox 594 4471 791 4525; x_wconf 73' lang='lat' dir='ltr'><strong>vermis</strong></span> <span class='ocrx_word' id='word_1_355' title='bbox 830 4470 1037 4523; x_wconf 85' lang='lat' dir='ltr'><strong>illorum</strong></span> <span class='ocrx_word' id='word_1_356' title='bbox 1080 4483 1182 4524; x_wconf 90' lang='lat' dir='ltr'><strong>non</strong></span> <span class='ocrx_word' id='word_1_357' title='bbox 1218 4471 1462 4533; x_wconf 84' lang='lat' dir='ltr'><strong>moritur.</strong></span> <span class='ocrx_word' id='word_1_358' title='bbox 1482 4480 1533 4524; x_wconf 91' lang='lat' dir='ltr'><strong>et</strong></span> <span class='ocrx_word' id='word_1_359' title='bbox 1563 4468 1699 4542; x_wconf 85' lang='lat' dir='ltr'><strong>ignis</strong></span> <span class='ocrx_word' id='word_1_360' title='bbox 1729 4489 1831 4528; x_wconf 89' lang='lat' dir='ltr'><strong>non</strong></span> <span class='ocrx_word' id='word_1_361' title='bbox 1858 4478 2159 4545; x_wconf 82' lang='lat' dir='ltr'><strong>exstingui-</strong></span> 
     </span>
    </p>
   </div>
   <div class='ocr_carea' id='block_1_49' title="bbox 2286 629 3855 706">
    <p class='ocr_par' dir='ltr' id='par_1_49' title="bbox 2286 629 3855 706">
     <span class='ocr_line' id='line_1_49' title="bbox 2286 629 3855 706; baseline 0.005 -25"><span class='ocrx_word' id='word_1_362' title='bbox 2286 646 2373 701; x_wconf 82' lang='grc' dir='ltr'><strong>με,</strong></span> <span class='ocrx_word' id='word_1_363' title='bbox 2400 630 2456 692; x_wconf 81' lang='grc' dir='ltr'><strong>ὃς</strong></span> <span class='ocrx_word' id='word_1_364' title='bbox 2480 630 2696 699; x_wconf 84' lang='grc' dir='ltr'>ποιήσει</span> <span class='ocrx_word' id='word_1_365' title='bbox 2721 630 2949 701; x_wconf 86' lang='grc' dir='ltr'>δύναμιν</span> <span class='ocrx_word' id='word_1_366' title='bbox 2980 634 3071 687; x_wconf 72' lang='grc' dir='ltr'>ἐπὶ</span> <span class='ocrx_word' id='word_1_367' title='bbox 3100 634 3176 702; x_wconf 80' lang='grc' dir='ltr'>τῷ</span> <span class='ocrx_word' id='word_1_368' title='bbox 3200 632 3423 704; x_wconf 81' lang='grc' dir='ltr'>ὀνόματί</span> <span class='ocrx_word' id='word_1_369' title='bbox 3451 651 3579 705; x_wconf 78' lang='grc' dir='ltr'>μου,</span> <span class='ocrx_word' id='word_1_370' title='bbox 3608 629 3731 696; x_wconf 71' lang='grc' dir='ltr'><strong>Πῶς</strong></span> <span class='ocrx_word' id='word_1_371' title='bbox 3754 637 3855 706; x_wconf 76' lang='grc' dir='ltr'>γὰρ</span> 
     </span>
    </p>
   </div>
   <div class='ocr_carea' id='block_1_50' title="bbox 2282 721 3853 799">
    <p class='ocr_par' dir='ltr' id='par_1_50' title="bbox 2282 721 3853 799">
     <span class='ocr_line' id='line_1_50' title="bbox 2282 721 3853 799; baseline 0.007 -24"><span class='ocrx_word' id='word_1_372' title='bbox 2282 721 2347 775; x_wconf 78' lang='grc' dir='ltr'><strong>ἃν</strong></span> <span class='ocrx_word' id='word_1_373' title='bbox 2378 722 2764 793; x_wconf 76' lang='grc' dir='ltr'>κακολογήσειέ</span> <span class='ocrx_word' id='word_1_374' title='bbox 2801 722 2867 793; x_wconf 73' lang='grc' dir='ltr'>μὲ</span> <span class='ocrx_word' id='word_1_375' title='bbox 2900 727 2927 777; x_wconf 92' lang='lat'><strong>6</strong></span> <span class='ocrx_word' id='word_1_376' title='bbox 2950 726 3009 778; x_wconf 80' lang='grc' dir='ltr'>τδ</span> <span class='ocrx_word' id='word_1_377' title='bbox 3056 725 3231 795; x_wconf 76' lang='grc' dir='ltr'>ὄνομα</span> <span class='ocrx_word' id='word_1_378' title='bbox 3266 744 3367 796; x_wconf 92' lang='grc' dir='ltr'><strong>μου</strong></span> <span class='ocrx_word' id='word_1_379' title='bbox 3410 726 3667 799; x_wconf 69' lang='grc' dir='ltr'>ἀφορμὴν</span> <span class='ocrx_word' id='word_1_380' title='bbox 3702 727 3853 796; x_wconf 71' lang='grc' dir='ltr'>δόξης</span> 
     </span>
    </p>
   </div>
   <div class='ocr_carea' id='block_1_51' title="bbox 2282 814 3853 885">
    <p class='ocr_par' dir='ltr' id='par_1_51' title="bbox 2282 814 3853 885">
     <span class='ocr_line' id='line_1_51' title="bbox 2282 814 3853 885; baseline 0.004 -21"><span class='ocrx_word' id='word_1_381' title='bbox 2282 814 2451 885; x_wconf 70' lang='grc' dir='ltr'>ἔχων,</span> <span class='ocrx_word' id='word_1_382' title='bbox 2516 814 2611 868; x_wconf 84' lang='grc' dir='ltr'><strong>καὶ</strong></span> <span class='ocrx_word' id='word_1_383' title='bbox 2672 814 2758 867; x_wconf 83' lang='grc' dir='ltr'>διὰ</span> <span class='ocrx_word' id='word_1_384' title='bbox 2812 814 2911 867; x_wconf 83' lang='grc' dir='ltr'><strong>τοῦ</strong></span> <span class='ocrx_word' id='word_1_385' title='bbox 2950 816 3327 871; x_wconf 79' lang='grc' dir='ltr'>ἐπικαλεῖσθαι</span> <span class='ocrx_word' id='word_1_386' title='bbox 3388 817 3543 870; x_wconf 81' lang='grc' dir='ltr'>τοῦτο</span> <span class='ocrx_word' id='word_1_387' title='bbox 3609 818 3853 885; x_wconf 70' lang='grc' dir='ltr'>θαυματ-</span> 
     </span>
    </p>
   </div>
   <div class='ocr_carea' id='block_1_52' title="bbox 2279 902 3856 980">
    <p class='ocr_par' dir='ltr' id='par_1_52' title="bbox 2279 902 3856 980">
     <span class='ocr_line' id='line_1_52' title="bbox 2279 902 3856 980; baseline 0.004 -26"><span class='ocrx_word' id='word_1_388' title='bbox 2279 902 2491 979; x_wconf 73' lang='grc' dir='ltr'>ουργῶν</span> <span class='ocrx_word' id='word_1_389' title='bbox 2540 902 2692 974; x_wconf 87' lang='grc'>(70);</span> <span class='ocrx_word' id='word_1_390' title='bbox 2740 905 2897 959; x_wconf 85' lang='grc' dir='ltr'>Δοκεῖ</span> <span class='ocrx_word' id='word_1_391' title='bbox 2959 906 3016 959; x_wconf 77' lang='grc' dir='ltr'>δὲ</span> <span class='ocrx_word' id='word_1_392' title='bbox 3068 908 3286 960; x_wconf 80' lang='grc' dir='ltr'><strong>ἐναντία</strong></span> <span class='ocrx_word' id='word_1_393' title='bbox 3335 908 3516 976; x_wconf 77' lang='grc' dir='ltr'>λέγειν</span> <span class='ocrx_word' id='word_1_394' title='bbox 3571 910 3598 961; x_wconf 93' lang='lat'><strong>6</strong></span> <span class='ocrx_word' id='word_1_395' title='bbox 3663 908 3856 980; x_wconf 71' lang='grc' dir='ltr'>Κύριος</span> 
     </span>
    </p>
   </div>
   <div class='ocr_carea' id='block_1_53' title="bbox 2282 980 3854 1072">
    <p class='ocr_par' dir='ltr' id='par_1_53' title="bbox 2282 980 3854 1072">
     <span class='ocr_line' id='line_1_53' title="bbox 2282 980 3854 1072; baseline 0.004 -26"><span class='ocrx_word' id='word_1_396' title='bbox 2282 995 2479 1065; x_wconf 78' lang='grc' dir='ltr'>ἑαυτῷ.</span> <span class='ocrx_word' id='word_1_397' title='bbox 2530 980 2789 1066; x_wconf 79' lang='grc' dir='ltr'>Ἀλλαχοῦ</span> <span class='ocrx_word' id='word_1_398' title='bbox 2820 998 2928 1067; x_wconf 73' lang='grc' dir='ltr'>γὰρ</span> <span class='ocrx_word' id='word_1_399' title='bbox 2956 998 3147 1064; x_wconf 77' lang='grc' dir='ltr'>εἰπὼν,</span> <span class='ocrx_word' id='word_1_400' title='bbox 3177 1021 3193 1051; x_wconf 88' lang='grc'><em>‹</em></span> <span class='ocrx_word' id='word_1_401' title='bbox 3237 1001 3298 1053; x_wconf 90' lang='lat'><strong>&#39;0</strong></span> <span class='ocrx_word' id='word_1_402' title='bbox 3331 1002 3404 1070; x_wconf 79' lang='grc' dir='ltr'><strong>μὴ</strong></span> <span class='ocrx_word' id='word_1_403' title='bbox 3434 1000 3511 1054; x_wconf 82' lang='grc' dir='ltr'>ὢν</span> <span class='ocrx_word' id='word_1_404' title='bbox 3551 1002 3668 1072; x_wconf 86' lang='grc' dir='ltr'>μετ’</span> <span class='ocrx_word' id='word_1_405' title='bbox 3704 1000 3854 1072; x_wconf 74' lang='grc' dir='ltr'>ἐμοῦ,</span> 
     </span>
    </p>
   </div>
   <div class='ocr_carea' id='block_1_54' title="bbox 2281 1089 3853 1163">
    <p class='ocr_par' dir='ltr' id='par_1_54' title="bbox 2281 1089 3853 1163">
     <span class='ocr_line' id='line_1_54' title="bbox 2281 1089 3853 1163; baseline 0.001 -22"><span class='ocrx_word' id='word_1_406' title='bbox 2281 1089 2402 1141; x_wconf 84' lang='grc' dir='ltr'>κατ’</span> <span class='ocrx_word' id='word_1_407' title='bbox 2425 1089 2555 1159; x_wconf 73' lang='grc' dir='ltr'>ἐμοῦ</span> <span class='ocrx_word' id='word_1_408' title='bbox 2579 1090 2715 1153; x_wconf 74' lang='grc' dir='ltr'>ἐστι,</span> <span class='ocrx_word' id='word_1_409' title='bbox 2750 1109 2768 1141; x_wconf 76' lang='grc' dir='ltr'><strong>ι</strong></span> <span class='ocrx_word' id='word_1_410' title='bbox 2791 1090 2883 1141; x_wconf 88' lang='grc' dir='ltr'>νῦν</span> <span class='ocrx_word' id='word_1_411' title='bbox 2906 1090 3084 1158; x_wconf 82' lang='grc' dir='ltr'><strong>λέγει,</strong></span> <span class='ocrx_word' id='word_1_412' title='bbox 3111 1111 3127 1142; x_wconf 81' lang='grc' dir='ltr'><strong>ι</strong></span> <span class='ocrx_word' id='word_1_413' title='bbox 3159 1094 3253 1154; x_wconf 76' lang='grc' dir='ltr'><strong>Ὃς</strong></span> <span class='ocrx_word' id='word_1_414' title='bbox 3277 1093 3374 1144; x_wconf 81' lang='grc' dir='ltr'><strong>οῦκ</strong></span> <span class='ocrx_word' id='word_1_415' title='bbox 3400 1092 3515 1145; x_wconf 78' lang='grc' dir='ltr'>ἔστι</span> <span class='ocrx_word' id='word_1_416' title='bbox 3540 1093 3661 1147; x_wconf 80' lang='grc' dir='ltr'>καθ’</span> <span class='ocrx_word' id='word_1_417' title='bbox 3681 1093 3853 1163; x_wconf 70' lang='grc' dir='ltr'>ἡμῶν,</span> 
     </span>
    </p>
   </div>
   <div class='ocr_carea' id='block_1_55' title="bbox 2281 1184 3856 1255">
    <p class='ocr_par' dir='ltr' id='par_1_55' title="bbox 2281 1184 3856 1255">
     <span class='ocr_line' id='line_1_55' title="bbox 2281 1184 3856 1255; baseline 0.003 -19"><span class='ocrx_word' id='word_1_418' title='bbox 2281 1184 2421 1255; x_wconf 82' lang='grc' dir='ltr'>ὑπὲρ</span> <span class='ocrx_word' id='word_1_419' title='bbox 2448 1184 2602 1254; x_wconf 81' lang='grc' dir='ltr'>ἡμῶν</span> <span class='ocrx_word' id='word_1_420' title='bbox 2636 1186 2772 1239; x_wconf 77' lang='grc' dir='ltr'>ἐστι.</span> <span class='ocrx_word' id='word_1_421' title='bbox 2808 1203 2825 1236; x_wconf 72' lang='grc' dir='ltr'><strong>ι</strong></span> <span class='ocrx_word' id='word_1_422' title='bbox 2862 1187 3121 1239; x_wconf 87' lang='grc' dir='ltr'>Δοκοῦσιν</span> <span class='ocrx_word' id='word_1_423' title='bbox 3147 1187 3239 1241; x_wconf 82' lang='grc' dir='ltr'>οῦν</span> <span class='ocrx_word' id='word_1_424' title='bbox 3266 1188 3440 1241; x_wconf 82' lang='grc' dir='ltr'>ταῦτα</span> <span class='ocrx_word' id='word_1_425' title='bbox 3468 1189 3715 1242; x_wconf 68' lang='grc' dir='ltr'><strong>ἐναντία·</strong></span> <span class='ocrx_word' id='word_1_426' title='bbox 3753 1190 3856 1241; x_wconf 79' lang='grc' dir='ltr'>οὐκ</span> 
     </span>
    </p>
   </div>
   <div class='ocr_carea' id='block_1_56' title="bbox 2278 1274 3855 1349">
    <p class='ocr_par' dir='ltr' id='par_1_56' title="bbox 2278 1274 3855 1349">
     <span class='ocr_line' id='line_1_56' title="bbox 2278 1274 3855 1349; baseline 0.004 -23"><span class='ocrx_word' id='word_1_427' title='bbox 2278 1274 2389 1327; x_wconf 77' lang='grc' dir='ltr'>εἰσὶ</span> <span class='ocrx_word' id='word_1_428' title='bbox 2415 1275 2491 1329; x_wconf 86' lang='grc' dir='ltr'>δέ.</span> <span class='ocrx_word' id='word_1_429' title='bbox 2526 1275 2598 1328; x_wconf 80' lang='grc' dir='ltr'><strong>Τὸ</strong></span> <span class='ocrx_word' id='word_1_430' title='bbox 2626 1276 2726 1345; x_wconf 82' lang='grc' dir='ltr'>μὲν</span> <span class='ocrx_word' id='word_1_431' title='bbox 2757 1277 2915 1347; x_wconf 74' lang='grc' dir='ltr'>γὰρ,ι</span> <span class='ocrx_word' id='word_1_432' title='bbox 2948 1278 3010 1330; x_wconf 89' lang='lat'><strong>&#39;0</strong></span> <span class='ocrx_word' id='word_1_433' title='bbox 3036 1278 3108 1348; x_wconf 82' lang='grc' dir='ltr'><strong>μὴ</strong></span> <span class='ocrx_word' id='word_1_434' title='bbox 3129 1278 3201 1329; x_wconf 82' lang='grc' dir='ltr'>ὢν</span> <span class='ocrx_word' id='word_1_435' title='bbox 3234 1280 3350 1349; x_wconf 82' lang='grc' dir='ltr'>μετ’</span> <span class='ocrx_word' id='word_1_436' title='bbox 3382 1281 3541 1349; x_wconf 76' lang='grc' dir='ltr'>ἐμοῦ,</span> <span class='ocrx_word' id='word_1_437' title='bbox 3576 1279 3697 1332; x_wconf 87' lang='grc' dir='ltr'>κατ’</span> <span class='ocrx_word' id='word_1_438' title='bbox 3725 1279 3855 1349; x_wconf 77' lang='grc' dir='ltr'>ἐμοῦ</span> 
     </span>
    </p>
   </div>
   <div class='ocr_carea' id='block_1_57' title="bbox 2278 1367 3856 1439">
    <p class='ocr_par' dir='ltr' id='par_1_57' title="bbox 2278 1367 3856 1439">
     <span class='ocr_line' id='line_1_57' title="bbox 2278 1367 3856 1439; baseline 0.003 -22"><span class='ocrx_word' id='word_1_439' title='bbox 2278 1367 2414 1431; x_wconf 74' lang='grc' dir='ltr'>ἐστι,</span> <span class='ocrx_word' id='word_1_440' title='bbox 2454 1384 2472 1418; x_wconf 71' lang='grc' dir='ltr'><strong>ι</strong></span> <span class='ocrx_word' id='word_1_441' title='bbox 2518 1368 2646 1437; x_wconf 70' lang='grc' dir='ltr'>περὶ</span> <span class='ocrx_word' id='word_1_442' title='bbox 2672 1368 2945 1437; x_wconf 83' lang='grc' dir='ltr'>δαιμόνων</span> <span class='ocrx_word' id='word_1_443' title='bbox 2988 1370 3227 1439; x_wconf 75' lang='grc' dir='ltr'>εἴρηται,</span> <span class='ocrx_word' id='word_1_444' title='bbox 3252 1369 3360 1423; x_wconf 87' lang='grc' dir='ltr'><strong>τῶν</strong></span> <span class='ocrx_word' id='word_1_445' title='bbox 3388 1369 3494 1422; x_wconf 83' lang='grc' dir='ltr'>ἀπὸ</span> <span class='ocrx_word' id='word_1_446' title='bbox 3521 1370 3658 1423; x_wconf 80' lang='grc' dir='ltr'>Θεοῦ</span> <span class='ocrx_word' id='word_1_447' title='bbox 3695 1370 3856 1438; x_wconf 73' lang='grc' dir='ltr'><strong>ἀφέλο</strong></span> 
     </span>
    </p>
   </div>
   <div class='ocr_carea' id='block_1_58' title="bbox 2278 1458 3851 1531">
    <p class='ocr_par' dir='ltr' id='par_1_58' title="bbox 2278 1458 3851 1531">
     <span class='ocr_line' id='line_1_58' title="bbox 2278 1458 3851 1531; baseline 0.003 -19"><span class='ocrx_word' id='word_1_448' title='bbox 2278 1474 2394 1512; x_wconf 84' lang='grc' dir='ltr'>κειν</span> <span class='ocrx_word' id='word_1_449' title='bbox 2425 1458 2835 1523; x_wconf 76' lang='grc' dir='ltr'><strong>σπουδαζόντων</strong></span> <span class='ocrx_word' id='word_1_450' title='bbox 2880 1464 2975 1514; x_wconf 70' lang='grc' dir='ltr'><strong>καὶ</strong></span> <span class='ocrx_word' id='word_1_451' title='bbox 3027 1460 3429 1531; x_wconf 77' lang='grc' dir='ltr'>σκορπιζόντων</span> <span class='ocrx_word' id='word_1_452' title='bbox 3478 1463 3547 1515; x_wconf 70' lang='grc' dir='ltr'><strong>τὰ</strong></span> <span class='ocrx_word' id='word_1_453' title='bbox 3572 1463 3665 1515; x_wconf 86' lang='grc' dir='ltr'>τοῦ</span> <span class='ocrx_word' id='word_1_454' title='bbox 3696 1461 3851 1518; x_wconf 87' lang='grc' dir='ltr'>Θεοῦ.</span> 
     </span>
    </p>
   </div>
   <div class='ocr_carea' id='block_1_59' title="bbox 2278 1550 3855 1625">
    <p class='ocr_par' dir='ltr' id='par_1_59' title="bbox 2278 1550 3855 1625">
     <span class='ocr_line' id='line_1_59' title="bbox 2278 1550 3855 1625; baseline 0.003 -22"><span class='ocrx_word' id='word_1_455' title='bbox 2278 1550 2350 1603; x_wconf 79' lang='lat' dir='ltr'>T6</span> <span class='ocrx_word' id='word_1_456' title='bbox 2368 1550 2425 1603; x_wconf 83' lang='grc' dir='ltr'>δὲ</span> <span class='ocrx_word' id='word_1_457' title='bbox 2455 1551 2550 1604; x_wconf 88' lang='grc' dir='ltr'>νῦν</span> <span class='ocrx_word' id='word_1_458' title='bbox 2582 1552 2746 1623; x_wconf 78' lang='grc' dir='ltr'>ῥηθὲν</span> <span class='ocrx_word' id='word_1_459' title='bbox 2806 1555 2933 1623; x_wconf 69' lang='grc' dir='ltr'>περὶ</span> <span class='ocrx_word' id='word_1_460' title='bbox 2963 1553 3286 1625; x_wconf 82' lang='grc' dir='ltr'>ἀνθρώπων,</span> <span class='ocrx_word' id='word_1_461' title='bbox 3319 1554 3427 1607; x_wconf 88' lang='grc' dir='ltr'><strong>τῶν</strong></span> <span class='ocrx_word' id='word_1_462' title='bbox 3461 1554 3663 1625; x_wconf 76' lang='grc' dir='ltr'>μᾶλλον</span> <span class='ocrx_word' id='word_1_463' title='bbox 3690 1571 3855 1625; x_wconf 80' lang='grc' dir='ltr'>προσ·</span> 
     </span>
    </p>
   </div>
   <div class='ocr_carea' id='block_1_60' title="bbox 2232 1640 3854 1717">
    <p class='ocr_par' dir='ltr' id='par_1_60' title="bbox 2232 1640 3854 1717">
     <span class='ocr_line' id='line_1_60' title="bbox 2232 1640 3854 1717; baseline 0.003 -24"><span class='ocrx_word' id='word_1_464' title='bbox 2232 1666 2235 1669; x_wconf 48' lang='grc'><strong>&lt;</strong></span> <span class='ocrx_word' id='word_1_465' title='bbox 2278 1640 2517 1710; x_wconf 86' lang='grc' dir='ltr'>αγόντων</span> <span class='ocrx_word' id='word_1_466' title='bbox 2565 1643 2717 1705; x_wconf 80' lang='grc' dir='ltr'>τινὰς</span> <span class='ocrx_word' id='word_1_467' title='bbox 2753 1644 2830 1713; x_wconf 82' lang='grc' dir='ltr'>τῷ</span> <span class='ocrx_word' id='word_1_468' title='bbox 2875 1644 2992 1714; x_wconf 83' lang='grc' dir='ltr'><strong>Θεῷ</strong></span> <span class='ocrx_word' id='word_1_469' title='bbox 3025 1646 3113 1698; x_wconf 82' lang='grc' dir='ltr'>διὰ</span> <span class='ocrx_word' id='word_1_470' title='bbox 3147 1645 3243 1698; x_wconf 89' lang='grc' dir='ltr'><strong>τοῦ</strong></span> <span class='ocrx_word' id='word_1_471' title='bbox 3277 1645 3530 1717; x_wconf 89' lang='grc' dir='ltr'>θαύματα</span> <span class='ocrx_word' id='word_1_472' title='bbox 3568 1645 3854 1699; x_wconf 73' lang='grc' dir='ltr'>ἐπιτελεῖν.</span> 
     </span>
    </p>
   </div>
   <div class='ocr_carea' id='block_1_61' title="bbox 2351 1736 3857 1809">
    <p class='ocr_par' dir='ltr' id='par_1_61' title="bbox 2351 1736 3857 1809">
     <span class='ocr_line' id='line_1_61' title="bbox 2351 1736 3857 1809; baseline 0.001 -22"><span class='ocrx_word' id='word_1_473' title='bbox 2351 1753 2369 1787; x_wconf 82' lang='grc' dir='ltr'><strong>ι</strong></span> <span class='ocrx_word' id='word_1_474' title='bbox 2410 1737 2505 1799; x_wconf 83' lang='grc' dir='ltr'><em>Ὃς</em></span> <span class='ocrx_word' id='word_1_475' title='bbox 2552 1736 2661 1807; x_wconf 86' lang='grc' dir='ltr'>γὰρ</span> <span class='ocrx_word' id='word_1_476' title='bbox 2702 1737 2769 1791; x_wconf 80' lang='grc' dir='ltr'>ἂν</span> <span class='ocrx_word' id='word_1_477' title='bbox 2804 1740 2998 1809; x_wconf 78' lang='grc' dir='ltr'><strong>ποτίσῃ</strong></span> <span class='ocrx_word' id='word_1_478' title='bbox 3050 1738 3195 1806; x_wconf 74' lang='grc' dir='ltr'>ὑμᾶς</span> <span class='ocrx_word' id='word_1_479' title='bbox 3248 1741 3508 1809; x_wconf 86' lang='grc' dir='ltr'>ποτήριον</span> <span class='ocrx_word' id='word_1_480' title='bbox 3560 1738 3752 1801; x_wconf 72' lang='grc' dir='ltr'>ὓδατος</span> <span class='ocrx_word' id='word_1_481' title='bbox 3798 1739 3857 1790; x_wconf 73' lang='grc' dir='ltr'><strong>ὲν</strong></span> 
     </span>
    </p>
   </div>
   <div class='ocr_carea' id='block_1_62' title="bbox 2276 1825 3856 1899">
    <p class='ocr_par' dir='ltr' id='par_1_62' title="bbox 2276 1825 3856 1899">
     <span class='ocr_line' id='line_1_62' title="bbox 2276 1825 3856 1899; baseline 0.002 -21"><span class='ocrx_word' id='word_1_482' title='bbox 2276 1825 2352 1896; x_wconf 85' lang='grc' dir='ltr'><strong>τῷ</strong></span> <span class='ocrx_word' id='word_1_483' title='bbox 2382 1826 2604 1896; x_wconf 82' lang='grc' dir='ltr'>ὀνόματί</span> <span class='ocrx_word' id='word_1_484' title='bbox 2633 1844 2758 1897; x_wconf 89' lang='grc' dir='ltr'>μου,</span> <span class='ocrx_word' id='word_1_485' title='bbox 2792 1828 2875 1881; x_wconf 85' lang='grc' dir='ltr'><strong>ὃτι</strong></span> <span class='ocrx_word' id='word_1_486' title='bbox 2906 1829 3144 1897; x_wconf 76' lang='grc' dir='ltr'><strong>Χριστοῦ</strong></span> <span class='ocrx_word' id='word_1_487' title='bbox 3171 1830 3313 1895; x_wconf 77' lang='grc' dir='ltr'>ἐστε,</span> <span class='ocrx_word' id='word_1_488' title='bbox 3350 1830 3497 1899; x_wconf 78' lang='grc' dir='ltr'>ἀμὴν</span> <span class='ocrx_word' id='word_1_489' title='bbox 3524 1830 3673 1896; x_wconf 83' lang='grc' dir='ltr'>λέγω</span> <span class='ocrx_word' id='word_1_490' title='bbox 3703 1830 3856 1899; x_wconf 81' lang='grc' dir='ltr'>ὑμῖν,</span> 
     </span>
    </p>
   </div>
   <div class='ocr_carea' id='block_1_63' title="bbox 2202 1884 3855 1991">
    <p class='ocr_par' dir='ltr' id='par_1_63' title="bbox 2202 1884 3855 1991">
     <span class='ocr_line' id='line_1_63' title="bbox 2202 1884 3855 1991; baseline 0.001 -20"><span class='ocrx_word' id='word_1_491' title='bbox 2202 1884 2248 1942; x_wconf 76' lang='grc' dir='ltr'><strong>Β</strong></span> <span class='ocrx_word' id='word_1_492' title='bbox 2274 1884 2336 1971; x_wconf 78' lang='grc' dir='ltr'><strong>ού</strong></span> <span class='ocrx_word' id='word_1_493' title='bbox 2366 1920 2440 1991; x_wconf 79' lang='grc' dir='ltr'>μὴ</span> <span class='ocrx_word' id='word_1_494' title='bbox 2462 1884 2701 1991; x_wconf 59' lang='grc' dir='ltr'>ἀπολέσῃ</span> <span class='ocrx_word' id='word_1_495' title='bbox 2725 1884 2816 1972; x_wconf 77' lang='grc' dir='ltr'>τὸν</span> <span class='ocrx_word' id='word_1_496' title='bbox 2852 1884 3045 1990; x_wconf 82' lang='grc' dir='ltr'>μισθὸν</span> <span class='ocrx_word' id='word_1_497' title='bbox 3094 1920 3280 1973; x_wconf 74' lang='grc' dir='ltr'>αὑτοῦ.</span> <span class='ocrx_word' id='word_1_498' title='bbox 3300 1884 3431 1974; x_wconf 66' lang='grc' dir='ltr'>ἰιᾶι</span> <span class='ocrx_word' id='word_1_499' title='bbox 3454 1884 3518 1984; x_wconf 63' lang='grc' dir='ltr'>ῦς</span> <span class='ocrx_word' id='word_1_500' title='bbox 3557 1884 3653 1974; x_wconf 67' lang='grc' dir='ltr'><strong>ὲαν</strong></span> <span class='ocrx_word' id='word_1_501' title='bbox 3688 1884 3855 1974; x_wconf 45' lang='grc' dir='ltr'>σκανί</span> 
     </span>
    </p>
   </div>
   <div class='ocr_carea' id='block_1_64' title="bbox 2271 2010 3857 2083">
    <p class='ocr_par' dir='ltr' id='par_1_64' title="bbox 2271 2010 3857 2083">
     <span class='ocr_line' id='line_1_64' title="bbox 2271 2010 3857 2083; baseline 0.001 -20"><span class='ocrx_word' id='word_1_502' title='bbox 2271 2010 2461 2081; x_wconf 80' lang='grc' dir='ltr'>δαλίσῃ</span> <span class='ocrx_word' id='word_1_503' title='bbox 2504 2011 2602 2065; x_wconf 70' lang='grc' dir='ltr'><strong>ἕνα</strong></span> <span class='ocrx_word' id='word_1_504' title='bbox 2646 2011 2756 2065; x_wconf 89' lang='grc' dir='ltr'><strong>τῶν</strong></span> <span class='ocrx_word' id='word_1_505' title='bbox 2800 2012 3021 2081; x_wconf 79' lang='grc' dir='ltr'>μικρῶν</span> <span class='ocrx_word' id='word_1_506' title='bbox 3050 2011 3161 2064; x_wconf 89' lang='grc' dir='ltr'><strong>τῶν</strong></span> <span class='ocrx_word' id='word_1_507' title='bbox 3210 2013 3577 2066; x_wconf 82' lang='grc' dir='ltr'><strong>πιστευόντων</strong></span> <span class='ocrx_word' id='word_1_508' title='bbox 3628 2016 3707 2075; x_wconf 85' lang='grc' dir='ltr'><strong>είς</strong></span> <span class='ocrx_word' id='word_1_509' title='bbox 3735 2013 3857 2083; x_wconf 67' lang='grc' dir='ltr'>ἐμὲ,</span> 
     </span>
    </p>
   </div>
   <div class='ocr_carea' id='block_1_65' title="bbox 2273 2102 3858 2175">
    <p class='ocr_par' dir='ltr' id='par_1_65' title="bbox 2273 2102 3858 2175">
     <span class='ocr_line' id='line_1_65' title="bbox 2273 2102 3858 2175; baseline 0.002 -21"><span class='ocrx_word' id='word_1_510' title='bbox 2273 2102 2437 2155; x_wconf 81' lang='grc' dir='ltr'>καλόν</span> <span class='ocrx_word' id='word_1_511' title='bbox 2467 2103 2616 2155; x_wconf 74' lang='grc' dir='ltr'>ἐστιν</span> <span class='ocrx_word' id='word_1_512' title='bbox 2640 2102 2788 2173; x_wconf 82' lang='grc' dir='ltr'>αὐτῷ</span> <span class='ocrx_word' id='word_1_513' title='bbox 2827 2103 3049 2172; x_wconf 70' lang='grc' dir='ltr'>μᾶλλον,</span> <span class='ocrx_word' id='word_1_514' title='bbox 3100 2103 3147 2155; x_wconf 90' lang='grc' dir='ltr'>εί</span> <span class='ocrx_word' id='word_1_515' title='bbox 3185 2104 3493 2171; x_wconf 85' lang='grc' dir='ltr'>περίκειται</span> <span class='ocrx_word' id='word_1_516' title='bbox 3521 2103 3669 2168; x_wconf 88' lang='grc' dir='ltr'>λίθος</span> <span class='ocrx_word' id='word_1_517' title='bbox 3696 2105 3858 2175; x_wconf 82' lang='grc' dir='ltr'>μυλι-</span> 
     </span>
    </p>
   </div>
   <div class='ocr_carea' id='block_1_66' title="bbox 2272 2193 3858 2273">
    <p class='ocr_par' dir='ltr' id='par_1_66' title="bbox 2272 2193 3858 2273">
     <span class='ocr_line' id='line_1_66' title="bbox 2272 2193 3858 2273; baseline 0.002 -27"><span class='ocrx_word' id='word_1_518' title='bbox 2272 2194 2366 2257; x_wconf 76' lang='grc' dir='ltr'>κὸς</span> <span class='ocrx_word' id='word_1_519' title='bbox 2400 2196 2527 2264; x_wconf 73' lang='grc' dir='ltr'>περὶ</span> <span class='ocrx_word' id='word_1_520' title='bbox 2554 2193 2646 2247; x_wconf 85' lang='grc' dir='ltr'>τδν</span> <span class='ocrx_word' id='word_1_521' title='bbox 2693 2194 2965 2264; x_wconf 80' lang='grc' dir='ltr'><strong>τράχηλον</strong></span> <span class='ocrx_word' id='word_1_522' title='bbox 2993 2195 3182 2259; x_wconf 81' lang='grc' dir='ltr'>αὑτοῦ,</span> <span class='ocrx_word' id='word_1_523' title='bbox 3209 2196 3302 2248; x_wconf 81' lang='grc' dir='ltr'>καὶ</span> <span class='ocrx_word' id='word_1_524' title='bbox 3334 2195 3596 2266; x_wconf 83' lang='grc' dir='ltr'>βέϐληται</span> <span class='ocrx_word' id='word_1_525' title='bbox 3642 2197 3724 2260; x_wconf 83' lang='grc' dir='ltr'><strong>είς</strong></span> <span class='ocrx_word' id='word_1_526' title='bbox 3756 2197 3858 2273; x_wconf 71' lang='grc' dir='ltr'><strong>τὴν</strong></span> 
     </span>
    </p>
   </div>
   <div class='ocr_carea' id='block_1_67' title="bbox 2273 2284 3860 2356">
    <p class='ocr_par' dir='ltr' id='par_1_67' title="bbox 2273 2284 3860 2356">
     <span class='ocr_line' id='line_1_67' title="bbox 2273 2284 3860 2356; baseline 0.001 -18"><span class='ocrx_word' id='word_1_527' title='bbox 2273 2285 2567 2353; x_wconf 63' lang='grc' dir='ltr'>θάλασσαν.</span> <span class='ocrx_word' id='word_1_528' title='bbox 2607 2305 2625 2337; x_wconf 72' lang='grc' dir='ltr'><strong>ι</strong></span> <span class='ocrx_word' id='word_1_529' title='bbox 2650 2286 2725 2339; x_wconf 80' lang='grc' dir='ltr'><strong>Οὐ</strong></span> <span class='ocrx_word' id='word_1_530' title='bbox 2760 2286 2917 2356; x_wconf 84' lang='grc' dir='ltr'>μόνον</span> <span class='ocrx_word' id='word_1_531' title='bbox 2988 2288 3142 2356; x_wconf 62' lang='grc' dir='ltr'>φησδ,</span> <span class='ocrx_word' id='word_1_532' title='bbox 3175 2287 3265 2339; x_wconf 84' lang='grc' dir='ltr'><strong>τὸν</strong></span> <span class='ocrx_word' id='word_1_533' title='bbox 3298 2287 3555 2355; x_wconf 84' lang='grc' dir='ltr'>δυνάμεις</span> <span class='ocrx_word' id='word_1_534' title='bbox 3600 2284 3860 2341; x_wconf 78' lang='grc' dir='ltr'><strong>ποιοῦντι</strong></span> 
     </span>
    </p>
   </div>
   <div class='ocr_carea' id='block_1_68' title="bbox 2270 2374 3857 2447">
    <p class='ocr_par' dir='ltr' id='par_1_68' title="bbox 2270 2374 3857 2447">
     <span class='ocr_line' id='line_1_68' title="bbox 2270 2374 3857 2447; baseline 0.001 -19"><span class='ocrx_word' id='word_1_535' title='bbox 2270 2378 2329 2428; x_wconf 79' lang='grc' dir='ltr'><strong>ὲν</strong></span> <span class='ocrx_word' id='word_1_536' title='bbox 2362 2375 2437 2443; x_wconf 84' lang='grc' dir='ltr'>τῷ</span> <span class='ocrx_word' id='word_1_537' title='bbox 2464 2375 2691 2445; x_wconf 80' lang='grc' dir='ltr'>ὀνόματί</span> <span class='ocrx_word' id='word_1_538' title='bbox 2726 2393 2828 2445; x_wconf 89' lang='grc' dir='ltr'><strong>μου</strong></span> <span class='ocrx_word' id='word_1_539' title='bbox 2859 2376 2921 2428; x_wconf 86' lang='grc' dir='ltr'>ού</span> <span class='ocrx_word' id='word_1_540' title='bbox 2974 2376 3193 2436; x_wconf 80' lang='grc' dir='ltr'>κωλύω,</span> <span class='ocrx_word' id='word_1_541' title='bbox 3242 2376 3378 2429; x_wconf 84' lang='grc' dir='ltr'>ἀλλὰ</span> <span class='ocrx_word' id='word_1_542' title='bbox 3405 2374 3509 2430; x_wconf 69' lang='grc' dir='ltr'><strong>κᾶν</strong></span> <span class='ocrx_word' id='word_1_543' title='bbox 3540 2392 3625 2439; x_wconf 86' lang='grc' dir='ltr'>τις</span> <span class='ocrx_word' id='word_1_544' title='bbox 3666 2376 3857 2447; x_wconf 65' lang='grc' dir='ltr'>ἐλάχι-</span> 
     </span>
    </p>
   </div>
   <div class='ocr_carea' id='block_1_69' title="bbox 2283 2465 3858 2538">
    <p class='ocr_par' dir='ltr' id='par_1_69' title="bbox 2283 2465 3858 2538">
     <span class='ocr_line' id='line_1_69' title="bbox 2283 2465 3858 2538; baseline 0.001 -20"><span class='ocrx_word' id='word_1_545' title='bbox 2283 2465 2407 2518; x_wconf 89' lang='grc' dir='ltr'>στόν</span> <span class='ocrx_word' id='word_1_546' title='bbox 2426 2482 2477 2519; x_wconf 90' lang='grc' dir='ltr'><strong>τι</strong></span> <span class='ocrx_word' id='word_1_547' title='bbox 2498 2465 2662 2519; x_wconf 81' lang='grc' dir='ltr'>δώσει</span> <span class='ocrx_word' id='word_1_548' title='bbox 2688 2467 2816 2536; x_wconf 82' lang='grc' dir='ltr'>ὑμῖν</span> <span class='ocrx_word' id='word_1_549' title='bbox 2846 2466 2933 2520; x_wconf 79' lang='grc' dir='ltr'>διὰ</span> <span class='ocrx_word' id='word_1_550' title='bbox 2948 2467 3008 2519; x_wconf 70' lang='grc' dir='ltr'><strong>τὸ</strong></span> <span class='ocrx_word' id='word_1_551' title='bbox 3031 2466 3162 2535; x_wconf 75' lang='grc' dir='ltr'>ἐμὸν</span> <span class='ocrx_word' id='word_1_552' title='bbox 3183 2465 3376 2536; x_wconf 75' lang='grc' dir='ltr'>ὄνομα,</span> <span class='ocrx_word' id='word_1_553' title='bbox 3403 2467 3497 2520; x_wconf 83' lang='grc' dir='ltr'><strong>καὶ</strong></span> <span class='ocrx_word' id='word_1_554' title='bbox 3514 2465 3858 2538; x_wconf 76' lang='grc' dir='ltr'><strong>ἀποδέξηται</strong></span> 
     </span>
    </p>
   </div>
   <div class='ocr_carea' id='block_1_70' title="bbox 2272 2556 3858 2629">
    <p class='ocr_par' dir='ltr' id='par_1_70' title="bbox 2272 2556 3858 2629">
     <span class='ocr_line' id='line_1_70' title="bbox 2272 2556 3858 2629; baseline 0.001 -20"><span class='ocrx_word' id='word_1_555' title='bbox 2272 2556 2415 2627; x_wconf 78' lang='grc' dir='ltr'>ὑμᾶς</span> <span class='ocrx_word' id='word_1_556' title='bbox 2447 2556 2514 2609; x_wconf 80' lang='grc' dir='ltr'><strong>δι’</strong></span> <span class='ocrx_word' id='word_1_557' title='bbox 2546 2556 2669 2626; x_wconf 65' lang='grc' dir='ltr'>ἐμὲ,</span> <span class='ocrx_word' id='word_1_558' title='bbox 2702 2557 2764 2610; x_wconf 82' lang='grc' dir='ltr'>ού</span> <span class='ocrx_word' id='word_1_559' title='bbox 2797 2556 2864 2610; x_wconf 88' lang='grc' dir='ltr'><strong>δι’</strong></span> <span class='ocrx_word' id='word_1_560' title='bbox 2896 2557 3247 2627; x_wconf 80' lang='grc' dir='ltr'><strong>ἀνθρωπίνην</strong></span> <span class='ocrx_word' id='word_1_561' title='bbox 3292 2558 3452 2629; x_wconf 83' lang='grc' dir='ltr'>χάριν</span> <span class='ocrx_word' id='word_1_562' title='bbox 3482 2557 3514 2629; x_wconf 82' lang='grc' dir='ltr'>ἢ</span> <span class='ocrx_word' id='word_1_563' title='bbox 3553 2558 3858 2629; x_wconf 73' lang='grc' dir='ltr'>κοσμικὴν,</span> 
     </span>
    </p>
   </div>
   <div class='ocr_carea' id='block_1_71' title="bbox 2269 2644 3863 2720">
    <p class='ocr_par' dir='ltr' id='par_1_71' title="bbox 2269 2644 3863 2720">
     <span class='ocr_line' id='line_1_71' title="bbox 2269 2644 3863 2720; baseline 0 -18"><span class='ocrx_word' id='word_1_564' title='bbox 2269 2648 2334 2704; x_wconf 84' lang='grc' dir='ltr'>οὐ</span> <span class='ocrx_word' id='word_1_565' title='bbox 2367 2648 2442 2720; x_wconf 80' lang='grc' dir='ltr'>μὴ</span> <span class='ocrx_word' id='word_1_566' title='bbox 2473 2648 2718 2719; x_wconf 78' lang='grc' dir='ltr'><strong>ἀπολέσῃ</strong></span> <span class='ocrx_word' id='word_1_567' title='bbox 2761 2649 2850 2701; x_wconf 74' lang='grc' dir='ltr'><strong>τὸν</strong></span> <span class='ocrx_word' id='word_1_568' title='bbox 2892 2648 3083 2718; x_wconf 75' lang='grc' dir='ltr'>μισθὸν</span> <span class='ocrx_word' id='word_1_569' title='bbox 3109 2648 3295 2703; x_wconf 79' lang='grc' dir='ltr'>αὐτοῦ.</span> <span class='ocrx_word' id='word_1_570' title='bbox 3334 2644 3470 2702; x_wconf 73' lang='lat' dir='ltr'><strong>Eine</strong></span> <span class='ocrx_word' id='word_1_571' title='bbox 3502 2648 3559 2702; x_wconf 78' lang='grc' dir='ltr'>δὲ</span> <span class='ocrx_word' id='word_1_572' title='bbox 3592 2648 3652 2701; x_wconf 78' lang='grc' dir='ltr'><strong>τὸ</strong></span> <span class='ocrx_word' id='word_1_573' title='bbox 3686 2651 3863 2719; x_wconf 65' lang='grc' dir='ltr'>ποτήη</span> 
     </span>
    </p>
   </div>
   <div class='ocr_carea' id='block_1_72' title="bbox 2275 2738 3868 2812">
    <p class='ocr_par' dir='ltr' id='par_1_72' title="bbox 2275 2738 3868 2812">
     <span class='ocr_line' id='line_1_72' title="bbox 2275 2738 3868 2812; baseline 0.002 -19"><span class='ocrx_word' id='word_1_574' title='bbox 2275 2757 2389 2812; x_wconf 90' lang='grc' dir='ltr'>ριον</span> <span class='ocrx_word' id='word_1_575' title='bbox 2428 2739 2521 2794; x_wconf 85' lang='grc' dir='ltr'><strong>τοῦ</strong></span> <span class='ocrx_word' id='word_1_576' title='bbox 2569 2738 2780 2807; x_wconf 74' lang='grc' dir='ltr'>ὓδατος,</span> <span class='ocrx_word' id='word_1_577' title='bbox 2816 2741 2903 2794; x_wconf 85' lang='grc' dir='ltr'>διὰ</span> <span class='ocrx_word' id='word_1_578' title='bbox 2938 2742 3064 2804; x_wconf 79' lang='grc' dir='ltr'>τοὺς</span> <span class='ocrx_word' id='word_1_579' title='bbox 3098 2740 3603 2812; x_wconf 79' lang='grc' dir='ltr'>προφασιζομένους</span> <span class='ocrx_word' id='word_1_580' title='bbox 3630 2741 3733 2812; x_wconf 78' lang='grc' dir='ltr'>τὴν</span> <span class='ocrx_word' id='word_1_581' title='bbox 3764 2758 3868 2796; x_wconf 75' lang='grc' dir='ltr'>πε-</span> 
     </span>
    </p>
   </div>
   <div class='ocr_carea' id='block_1_73' title="bbox 2271 2830 3863 2903">
    <p class='ocr_par' dir='ltr' id='par_1_73' title="bbox 2271 2830 3863 2903">
     <span class='ocr_line' id='line_1_73' title="bbox 2271 2830 3863 2903; baseline 0.001 -19"><span class='ocrx_word' id='word_1_582' title='bbox 2271 2830 2411 2884; x_wconf 90' lang='grc' dir='ltr'>νίαν.</span> <span class='ocrx_word' id='word_1_583' title='bbox 2429 2830 2549 2885; x_wconf 82' lang='grc' dir='ltr'><strong>Κᾶν</strong></span> <span class='ocrx_word' id='word_1_584' title='bbox 2577 2830 2706 2901; x_wconf 83' lang='grc' dir='ltr'>γὰρ,</span> <span class='ocrx_word' id='word_1_585' title='bbox 2734 2833 2888 2901; x_wconf 77' lang='grc' dir='ltr'>φησὶ,</span> <span class='ocrx_word' id='word_1_586' title='bbox 2916 2834 3170 2903; x_wconf 82' lang='grc' dir='ltr'>ποτήριον</span> <span class='ocrx_word' id='word_1_587' title='bbox 3187 2830 3375 2892; x_wconf 79' lang='grc' dir='ltr'>ὕδατος</span> <span class='ocrx_word' id='word_1_588' title='bbox 3397 2830 3685 2894; x_wconf 82' lang='grc' dir='ltr'>δώσεις,τδ</span> <span class='ocrx_word' id='word_1_589' title='bbox 3706 2832 3863 2885; x_wconf 80' lang='grc' dir='ltr'>εὐτε-</span> 
     </span>
    </p>
   </div>
   <div class='ocr_carea' id='block_1_74' title="bbox 2270 2920 3860 2994">
    <p class='ocr_par' dir='ltr' id='par_1_74' title="bbox 2270 2920 3860 2994">
     <span class='ocr_line' id='line_1_74' title="bbox 2270 2920 3860 2994; baseline 0.003 -20"><span class='ocrx_word' id='word_1_590' title='bbox 2270 2920 2547 2987; x_wconf 82' lang='grc' dir='ltr'>λέστατον,</span> <span class='ocrx_word' id='word_1_591' title='bbox 2582 2922 2702 2975; x_wconf 81' lang='grc' dir='ltr'>οὐδὲ</span> <span class='ocrx_word' id='word_1_592' title='bbox 2731 2923 2889 2975; x_wconf 87' lang='grc' dir='ltr'>τοῦτο</span> <span class='ocrx_word' id='word_1_593' title='bbox 2937 2924 3250 2985; x_wconf 81' lang='grc' dir='ltr'>ἁπολέσεις.</span> <span class='ocrx_word' id='word_1_594' title='bbox 3291 2923 3503 2994; x_wconf 82' lang='grc' dir='ltr'>Ὠσπερ</span> <span class='ocrx_word' id='word_1_595' title='bbox 3538 2924 3596 2977; x_wconf 80' lang='grc' dir='ltr'>δὲ</span> <span class='ocrx_word' id='word_1_596' title='bbox 3626 2923 3723 2977; x_wconf 68' lang='grc' dir='ltr'><strong>ἐὰν</strong></span> <span class='ocrx_word' id='word_1_597' title='bbox 3754 2924 3860 2978; x_wconf 74' lang='grc' dir='ltr'>ἕνα</span> 
     </span>
    </p>
   </div>
   <div class='ocr_carea' id='block_1_75' title="bbox 2271 3014 3861 3087">
    <p class='ocr_par' dir='ltr' id='par_1_75' title="bbox 2271 3014 3861 3087">
     <span class='ocr_line' id='line_1_75' title="bbox 2271 3014 3861 3087; baseline 0.003 -20"><span class='ocrx_word' id='word_1_598' title='bbox 2271 3014 2378 3068; x_wconf 86' lang='grc' dir='ltr'><strong>τῶν</strong></span> <span class='ocrx_word' id='word_1_599' title='bbox 2419 3014 2632 3085; x_wconf 78' lang='grc' dir='ltr'><strong>μικρῶν</strong></span> <span class='ocrx_word' id='word_1_600' title='bbox 2681 3018 2943 3087; x_wconf 80' lang='grc' dir='ltr'><strong>τιμήσῃς,</strong></span> <span class='ocrx_word' id='word_1_601' title='bbox 2996 3016 3314 3084; x_wconf 77' lang='grc' dir='ltr'>εύαρεστεῖς</span> <span class='ocrx_word' id='word_1_602' title='bbox 3345 3015 3424 3085; x_wconf 80' lang='grc' dir='ltr'>τῷ</span> <span class='ocrx_word' id='word_1_603' title='bbox 3477 3015 3618 3087; x_wconf 82' lang='grc' dir='ltr'>Θεῷ,</span> <span class='ocrx_word' id='word_1_604' title='bbox 3679 3017 3861 3082; x_wconf 79' lang='grc' dir='ltr'>οῦτως</span> 
     </span>
    </p>
   </div>
   <div class='ocr_carea' id='block_1_76' title="bbox 2272 3106 3864 3180">
    <p class='ocr_par' dir='ltr' id='par_1_76' title="bbox 2272 3106 3864 3180">
     <span class='ocr_line' id='line_1_76' title="bbox 2272 3106 3864 3180; baseline 0.005 -22"><span class='ocrx_word' id='word_1_605' title='bbox 2272 3106 2367 3160; x_wconf 66' lang='grc' dir='ltr'><strong>ἐὰν</strong></span> <span class='ocrx_word' id='word_1_606' title='bbox 2416 3106 2513 3160; x_wconf 73' lang='grc' dir='ltr'><strong>ἕνα</strong></span> <span class='ocrx_word' id='word_1_607' title='bbox 2540 3106 2647 3159; x_wconf 86' lang='grc' dir='ltr'><strong>τῶν</strong></span> <span class='ocrx_word' id='word_1_608' title='bbox 2681 3107 2891 3178; x_wconf 77' lang='grc' dir='ltr'>μικρῶν</span> <span class='ocrx_word' id='word_1_609' title='bbox 2940 3107 3319 3179; x_wconf 47' lang='grc' dir='ltr'>σκανδαλίσω,</span> <span class='ocrx_word' id='word_1_610' title='bbox 3352 3107 3630 3163; x_wconf 81' lang='grc' dir='ltr'>τουτέστιν</span> <span class='ocrx_word' id='word_1_611' title='bbox 3659 3111 3864 3180; x_wconf 69' lang='grc' dir='ltr'>ἀτιμάυ</span> 
     </span>
    </p>
   </div>
   <div class='ocr_carea' id='block_1_77' title="bbox 2274 3199 3863 3273">
    <p class='ocr_par' dir='ltr' id='par_1_77' title="bbox 2274 3199 3863 3273">
     <span class='ocr_line' id='line_1_77' title="bbox 2274 3199 3863 3273; baseline 0.004 -23"><span class='ocrx_word' id='word_1_612' title='bbox 2274 3215 2392 3269; x_wconf 80' lang='grc' dir='ltr'>σῃς,</span> <span class='ocrx_word' id='word_1_613' title='bbox 2442 3199 2833 3272; x_wconf 78' lang='grc' dir='ltr'>ύποσκελίσῃς,</span> <span class='ocrx_word' id='word_1_614' title='bbox 2881 3201 3154 3273; x_wconf 82' lang='grc' dir='ltr'>συμφέρει</span> <span class='ocrx_word' id='word_1_615' title='bbox 3203 3219 3306 3268; x_wconf 91' lang='grc' dir='ltr'>σοι,</span> <span class='ocrx_word' id='word_1_616' title='bbox 3358 3204 3407 3256; x_wconf 85' lang='grc' dir='ltr'>εί</span> <span class='ocrx_word' id='word_1_617' title='bbox 3458 3201 3624 3272; x_wconf 79' lang='grc' dir='ltr'>μύλος</span> <span class='ocrx_word' id='word_1_618' title='bbox 3676 3202 3863 3268; x_wconf 51' lang='lat' dir='ltr'><strong>dum</strong></span> 
     </span>
    </p>
   </div>
   <div class='ocr_carea' id='block_1_78' title="bbox 2271 3289 3861 3365">
    <p class='ocr_par' dir='ltr' id='par_1_78' title="bbox 2271 3289 3861 3365">
     <span class='ocr_line' id='line_1_78' title="bbox 2271 3289 3861 3365; baseline 0.004 -23"><span class='ocrx_word' id='word_1_619' title='bbox 2271 3289 2586 3361; x_wconf 66' lang='grc' dir='ltr'>ἐκρεμάσθη</span> <span class='ocrx_word' id='word_1_620' title='bbox 2613 3308 2705 3344; x_wconf 84' lang='grc' dir='ltr'><strong>σου</strong></span> <span class='ocrx_word' id='word_1_621' title='bbox 2722 3293 2778 3344; x_wconf 81' lang='grc' dir='ltr'>ὲν</span> <span class='ocrx_word' id='word_1_622' title='bbox 2796 3292 2875 3362; x_wconf 82' lang='grc' dir='ltr'>τῷ</span> <span class='ocrx_word' id='word_1_623' title='bbox 2892 3293 3166 3365; x_wconf 84' lang='grc' dir='ltr'><strong>τραχήλῳ·</strong></span> <span class='ocrx_word' id='word_1_624' title='bbox 3192 3292 3408 3364; x_wconf 79' lang='grc' dir='ltr'>χείρονα</span> <span class='ocrx_word' id='word_1_625' title='bbox 3434 3294 3564 3363; x_wconf 82' lang='grc' dir='ltr'>γὰρ,</span> <span class='ocrx_word' id='word_1_626' title='bbox 3583 3294 3659 3356; x_wconf 80' lang='grc' dir='ltr'><strong>ὡς</strong></span> <span class='ocrx_word' id='word_1_627' title='bbox 3684 3294 3861 3359; x_wconf 72' lang='grc' dir='ltr'>ἔοικε,</span> 
     </span>
    </p>
   </div>
   <div class='ocr_carea' id='block_1_79' title="bbox 2269 3381 3862 3459">
    <p class='ocr_par' dir='ltr' id='par_1_79' title="bbox 2269 3381 3862 3459">
     <span class='ocr_line' id='line_1_79' title="bbox 2269 3381 3862 3459; baseline 0.005 -26"><span class='ocrx_word' id='word_1_628' title='bbox 2269 3381 2539 3451; x_wconf 78' lang='grc' dir='ltr'>τιμωρίαν</span> <span class='ocrx_word' id='word_1_629' title='bbox 2575 3383 3016 3454; x_wconf 83' lang='grc' dir='ltr'>ὑποστησόμεθα.</span> <span class='ocrx_word' id='word_1_630' title='bbox 3061 3385 3335 3457; x_wconf 80' lang='grc' dir='ltr'>Αίσθητὴν</span> <span class='ocrx_word' id='word_1_631' title='bbox 3372 3385 3433 3441; x_wconf 80' lang='grc' dir='ltr'>δὲ</span> <span class='ocrx_word' id='word_1_632' title='bbox 3468 3386 3746 3459; x_wconf 83' lang='grc' dir='ltr'>τιμωρίαν</span> <span class='ocrx_word' id='word_1_633' title='bbox 3776 3384 3862 3441; x_wconf 75' lang='grc' dir='ltr'><strong>εἶ-</strong></span> 
     </span>
    </p>
   </div>
   <div class='ocr_carea' id='block_1_80' title="bbox 2271 3474 3861 3549">
    <p class='ocr_par' dir='ltr' id='par_1_80' title="bbox 2271 3474 3861 3549">
     <span class='ocr_line' id='line_1_80' title="bbox 2271 3474 3861 3549; baseline 0.004 -24"><span class='ocrx_word' id='word_1_634' title='bbox 2271 3491 2393 3539; x_wconf 86' lang='grc' dir='ltr'>πεν,</span> <span class='ocrx_word' id='word_1_635' title='bbox 2436 3474 2685 3543; x_wconf 78' lang='grc' dir='ltr'>ἐκφοϐῶν</span> <span class='ocrx_word' id='word_1_636' title='bbox 2715 3476 2858 3546; x_wconf 81' lang='grc' dir='ltr'>ἡμᾶς</span> <span class='ocrx_word' id='word_1_637' title='bbox 2906 3476 2994 3531; x_wconf 82' lang='grc' dir='ltr'><strong>διὰ</strong></span> <span class='ocrx_word' id='word_1_638' title='bbox 3025 3476 3217 3531; x_wconf 84' lang='grc' dir='ltr'>τούτου</span> <span class='ocrx_word' id='word_1_639' title='bbox 3272 3475 3365 3531; x_wconf 80' lang='grc' dir='ltr'><strong>τοῦ</strong></span> <span class='ocrx_word' id='word_1_640' title='bbox 3415 3476 3677 3549; x_wconf 75' lang='grc' dir='ltr'><strong>αἰσθητοῦ</strong></span> <span class='ocrx_word' id='word_1_641' title='bbox 3718 3477 3861 3531; x_wconf 81' lang='grc' dir='ltr'>ὑπο-</span> 
     </span>
    </p>
   </div>
   <div class='ocr_carea' id='block_1_81' title="bbox 2267 3564 2582 3633">
    <p class='ocr_par' dir='ltr' id='par_1_81' title="bbox 2267 3564 2582 3633">
     <span class='ocr_line' id='line_1_81' title="bbox 2267 3564 2582 3633; baseline 0.006 -17"><span class='ocrx_word' id='word_1_642' title='bbox 2267 3564 2582 3633; x_wconf 73' lang='grc' dir='ltr'><strong>δείγματος.</strong></span> 
     </span>
    </p>
   </div>
   <div class='ocr_carea' id='block_1_82' title="bbox 2347 3655 3862 3727">
    <p class='ocr_par' dir='ltr' id='par_1_82' title="bbox 2347 3655 3862 3727">
     <span class='ocr_line' id='line_1_82' title="bbox 2347 3655 3862 3727; baseline 0.003 -20"><span class='ocrx_word' id='word_1_643' title='bbox 2347 3675 2364 3707; x_wconf 84' lang='grc' dir='ltr'><strong>ι</strong></span> <span class='ocrx_word' id='word_1_644' title='bbox 2403 3656 2511 3708; x_wconf 74' lang='grc' dir='ltr'><strong>Καὶ</strong></span> <span class='ocrx_word' id='word_1_645' title='bbox 2553 3655 2648 3709; x_wconf 74' lang='grc' dir='ltr'><strong>ἐὰν</strong></span> <span class='ocrx_word' id='word_1_646' title='bbox 2679 3655 3010 3726; x_wconf 79' lang='grc' dir='ltr'>σκανδαλίζῃ</span> <span class='ocrx_word' id='word_1_647' title='bbox 3055 3672 3117 3708; x_wconf 81' lang='grc' dir='ltr'><strong>σε</strong></span> <span class='ocrx_word' id='word_1_648' title='bbox 3161 3657 3193 3725; x_wconf 79' lang='grc' dir='ltr'>ἡ</span> <span class='ocrx_word' id='word_1_649' title='bbox 3239 3656 3363 3726; x_wconf 84' lang='grc' dir='ltr'>χείρ</span> <span class='ocrx_word' id='word_1_650' title='bbox 3410 3673 3526 3719; x_wconf 89' lang='grc' dir='ltr'>σου,</span> <span class='ocrx_word' id='word_1_651' title='bbox 3574 3657 3862 3727; x_wconf 74' lang='grc' dir='ltr'>ἀπόκοψον</span> 
     </span>
    </p>
   </div>
   <div class='ocr_carea' id='block_1_83' title="bbox 2268 3747 3860 3820">
    <p class='ocr_par' dir='ltr' id='par_1_83' title="bbox 2268 3747 3860 3820">
     <span class='ocr_line' id='line_1_83' title="bbox 2268 3747 3860 3820; baseline 0.004 -21"><span class='ocrx_word' id='word_1_652' title='bbox 2268 3749 2456 3819; x_wconf 85' lang='grc' dir='ltr'>αὑτήν.</span> <span class='ocrx_word' id='word_1_653' title='bbox 2482 3748 2661 3802; x_wconf 84' lang='grc' dir='ltr'>Καλόν</span> <span class='ocrx_word' id='word_1_654' title='bbox 2686 3748 2767 3800; x_wconf 89' lang='grc' dir='ltr'>σοί</span> <span class='ocrx_word' id='word_1_655' title='bbox 2800 3751 2915 3800; x_wconf 73' lang='grc' dir='ltr'>ἔστι</span> <span class='ocrx_word' id='word_1_656' title='bbox 2941 3747 3135 3802; x_wconf 80' lang='grc' dir='ltr'>κυλλὸν</span> <span class='ocrx_word' id='word_1_657' title='bbox 3164 3750 3243 3811; x_wconf 87' lang='grc' dir='ltr'><strong>είς</strong></span> <span class='ocrx_word' id='word_1_658' title='bbox 3269 3749 3367 3820; x_wconf 77' lang='grc' dir='ltr'>τὴν</span> <span class='ocrx_word' id='word_1_659' title='bbox 3397 3749 3543 3819; x_wconf 78' lang='grc' dir='ltr'>ζωὴν</span> <span class='ocrx_word' id='word_1_660' title='bbox 3566 3751 3860 3816; x_wconf 74' lang='grc' dir='ltr'><strong>εἰσελθεῖν,</strong></span> 
     </span>
    </p>
   </div>
   <div class='ocr_carea' id='block_1_84' title="bbox 2269 3836 3861 3907">
    <p class='ocr_par' dir='ltr' id='par_1_84' title="bbox 2269 3836 3861 3907">
     <span class='ocr_line' id='line_1_84' title="bbox 2269 3836 3861 3907; baseline 0.001 -18"><span class='ocrx_word' id='word_1_661' title='bbox 2269 3838 2299 3905; x_wconf 80' lang='grc' dir='ltr'>ἢ</span> <span class='ocrx_word' id='word_1_662' title='bbox 2329 3836 2543 3901; x_wconf 82' lang='grc' dir='ltr'>τὰςδύο</span> <span class='ocrx_word' id='word_1_663' title='bbox 2572 3840 2764 3907; x_wconf 78' lang='grc' dir='ltr'>χεῖρας</span> <span class='ocrx_word' id='word_1_664' title='bbox 2800 3838 3014 3907; x_wconf 77' lang='grc' dir='ltr'>ἔχοντα,</span> <span class='ocrx_word' id='word_1_665' title='bbox 3053 3837 3309 3890; x_wconf 80' lang='grc' dir='ltr'>ἀπελθεῖν</span> <span class='ocrx_word' id='word_1_666' title='bbox 3338 3838 3418 3900; x_wconf 87' lang='grc' dir='ltr'>είς</span> <span class='ocrx_word' id='word_1_667' title='bbox 3456 3838 3556 3907; x_wconf 79' lang='grc' dir='ltr'><strong>τὴν</strong></span> <span class='ocrx_word' id='word_1_668' title='bbox 3599 3838 3861 3904; x_wconf 83' lang='grc' dir='ltr'>γέενναν,</span> 
     </span>
    </p>
   </div>
   <div class='ocr_carea' id='block_1_85' title="bbox 2266 3926 3859 3999">
    <p class='ocr_par' dir='ltr' id='par_1_85' title="bbox 2266 3926 3859 3999">
     <span class='ocr_line' id='line_1_85' title="bbox 2266 3926 3859 3999; baseline 0.002 -20"><span class='ocrx_word' id='word_1_669' title='bbox 2266 3929 2345 3991; x_wconf 82' lang='grc' dir='ltr'><strong>είς</strong></span> <span class='ocrx_word' id='word_1_670' title='bbox 2392 3930 2451 3980; x_wconf 82' lang='grc' dir='ltr'><strong>τὸ</strong></span> <span class='ocrx_word' id='word_1_671' title='bbox 2479 3926 2590 3998; x_wconf 87' lang='grc' dir='ltr'><strong>πῦρ</strong></span> <span class='ocrx_word' id='word_1_672' title='bbox 2620 3928 2679 3981; x_wconf 83' lang='grc' dir='ltr'><strong>τὸ</strong></span> <span class='ocrx_word' id='word_1_673' title='bbox 2709 3928 2993 3993; x_wconf 75' lang='grc' dir='ltr'>ἄσϐεστον,</span> <span class='ocrx_word' id='word_1_674' title='bbox 3035 3929 3170 3981; x_wconf 82' lang='grc' dir='ltr'>ὅπου</span> <span class='ocrx_word' id='word_1_675' title='bbox 3211 3930 3238 3980; x_wconf 97' lang='lat'><strong>6</strong></span> <span class='ocrx_word' id='word_1_676' title='bbox 3273 3927 3489 3999; x_wconf 82' lang='grc' dir='ltr'>σκώληξ</span> <span class='ocrx_word' id='word_1_677' title='bbox 3552 3929 3738 3982; x_wconf 67' lang='grc' dir='ltr'>αὐτῶν</span> <span class='ocrx_word' id='word_1_678' title='bbox 3792 3932 3859 3982; x_wconf 79' lang='grc' dir='ltr'>ού</span> 
     </span>
    </p>
   </div>
   <div class='ocr_carea' id='block_1_86' title="bbox 2264 4019 3863 4089">
    <p class='ocr_par' dir='ltr' id='par_1_86' title="bbox 2264 4019 3863 4089">
     <span class='ocr_line' id='line_1_86' title="bbox 2264 4019 3863 4089; baseline 0.003 -18"><span class='ocrx_word' id='word_1_679' title='bbox 2264 4020 2509 4089; x_wconf 81' lang='grc' dir='ltr'>τελευτᾷ,</span> <span class='ocrx_word' id='word_1_680' title='bbox 2551 4021 2646 4073; x_wconf 72' lang='grc' dir='ltr'><strong>καὶ</strong></span> <span class='ocrx_word' id='word_1_681' title='bbox 2677 4019 2736 4072; x_wconf 82' lang='grc' dir='ltr'>τὸ</span> <span class='ocrx_word' id='word_1_682' title='bbox 2788 4020 2901 4088; x_wconf 85' lang='grc' dir='ltr'><strong>πῦρ</strong></span> <span class='ocrx_word' id='word_1_683' title='bbox 2933 4021 2993 4072; x_wconf 82' lang='grc' dir='ltr'><strong>οὐ</strong></span> <span class='ocrx_word' id='word_1_684' title='bbox 3039 4020 3345 4074; x_wconf 85' lang='grc' dir='ltr'>σϐέννυται.</span> <span class='ocrx_word' id='word_1_685' title='bbox 3372 4021 3483 4073; x_wconf 82' lang='grc' dir='ltr'><strong>Καὶ</strong></span> <span class='ocrx_word' id='word_1_686' title='bbox 3536 4020 3680 4074; x_wconf 71' lang='grc' dir='ltr'><strong>ἑὰνὸ</strong></span> <span class='ocrx_word' id='word_1_687' title='bbox 3720 4022 3863 4087; x_wconf 85' lang='grc' dir='ltr'>ποῦς</span> 
     </span>
    </p>
   </div>
   <div class='ocr_carea' id='block_1_87' title="bbox 2269 4110 3866 4183">
    <p class='ocr_par' dir='ltr' id='par_1_87' title="bbox 2269 4110 3866 4183">
     <span class='ocr_line' id='line_1_87' title="bbox 2269 4110 3866 4183; baseline 0.004 -22"><span class='ocrx_word' id='word_1_688' title='bbox 2269 4127 2361 4162; x_wconf 85' lang='grc' dir='ltr'><strong>σου</strong></span> <span class='ocrx_word' id='word_1_689' title='bbox 2405 4110 2735 4183; x_wconf 76' lang='grc' dir='ltr'><strong>σκανδαλίζῃ</strong></span> <span class='ocrx_word' id='word_1_690' title='bbox 2762 4128 2842 4171; x_wconf 85' lang='grc' dir='ltr'><strong>σε,</strong></span> <span class='ocrx_word' id='word_1_691' title='bbox 2868 4112 3143 4180; x_wconf 77' lang='grc' dir='ltr'>ἀπόκοψον</span> <span class='ocrx_word' id='word_1_692' title='bbox 3173 4112 3360 4175; x_wconf 74' lang='grc' dir='ltr'>αὐτὸν,</span> <span class='ocrx_word' id='word_1_693' title='bbox 3396 4113 3559 4165; x_wconf 85' lang='grc' dir='ltr'>καλόν</span> <span class='ocrx_word' id='word_1_694' title='bbox 3591 4115 3674 4166; x_wconf 82' lang='grc' dir='ltr'>σοί</span> <span class='ocrx_word' id='word_1_695' title='bbox 3700 4116 3866 4169; x_wconf 78' lang='grc' dir='ltr'>ἐστιν</span> 
     </span>
    </p>
   </div>
   <div class='ocr_carea' id='block_1_88' title="bbox 2264 4201 3866 4275">
    <p class='ocr_par' dir='ltr' id='par_1_88' title="bbox 2264 4201 3866 4275">
     <span class='ocr_line' id='line_1_88' title="bbox 2264 4201 3866 4275; baseline 0.003 -22"><span class='ocrx_word' id='word_1_696' title='bbox 2264 4201 2525 4254; x_wconf 85' lang='grc' dir='ltr'>είσελθεῖν</span> <span class='ocrx_word' id='word_1_697' title='bbox 2564 4203 2644 4265; x_wconf 83' lang='grc' dir='ltr'><strong>είς</strong></span> <span class='ocrx_word' id='word_1_698' title='bbox 2688 4202 2785 4271; x_wconf 76' lang='grc' dir='ltr'><strong>τὴν</strong></span> <span class='ocrx_word' id='word_1_699' title='bbox 2843 4202 2988 4273; x_wconf 80' lang='grc' dir='ltr'>ζωὴν</span> <span class='ocrx_word' id='word_1_700' title='bbox 3036 4204 3230 4271; x_wconf 83' lang='grc' dir='ltr'>χωλὸν,</span> <span class='ocrx_word' id='word_1_701' title='bbox 3278 4203 3309 4275; x_wconf 79' lang='grc' dir='ltr'>ἢ</span> <span class='ocrx_word' id='word_1_702' title='bbox 3358 4204 3486 4265; x_wconf 75' lang='grc' dir='ltr'>τοὺς</span> <span class='ocrx_word' id='word_1_703' title='bbox 3538 4204 3631 4256; x_wconf 84' lang='grc' dir='ltr'>δύο</span> <span class='ocrx_word' id='word_1_704' title='bbox 3684 4206 3866 4269; x_wconf 79' lang='grc' dir='ltr'>πόδας</span> 
     </span>
    </p>
   </div>
   <div class='ocr_carea' id='block_1_89' title="bbox 2266 4292 3868 4366">
    <p class='ocr_par' dir='ltr' id='par_1_89' title="bbox 2266 4292 3868 4366">
     <span class='ocr_line' id='line_1_89' title="bbox 2266 4292 3868 4366; baseline 0.003 -23"><span class='ocrx_word' id='word_1_705' title='bbox 2266 4292 2477 4363; x_wconf 84' lang='grc' dir='ltr'>ἔχοντα,</span> <span class='ocrx_word' id='word_1_706' title='bbox 2516 4294 2780 4364; x_wconf 81' lang='grc' dir='ltr'>βληθῆναι</span> <span class='ocrx_word' id='word_1_707' title='bbox 2810 4295 2888 4357; x_wconf 85' lang='grc' dir='ltr'><strong>εἰς</strong></span> <span class='ocrx_word' id='word_1_708' title='bbox 2935 4294 3029 4364; x_wconf 81' lang='grc' dir='ltr'>τὴν</span> <span class='ocrx_word' id='word_1_709' title='bbox 3083 4294 3331 4361; x_wconf 81' lang='grc' dir='ltr'>γέενναν,</span> <span class='ocrx_word' id='word_1_710' title='bbox 3390 4297 3471 4359; x_wconf 88' lang='grc' dir='ltr'><strong>είς</strong></span> <span class='ocrx_word' id='word_1_711' title='bbox 3524 4296 3585 4348; x_wconf 82' lang='grc' dir='ltr'><strong>τὸ</strong></span> <span class='ocrx_word' id='word_1_712' title='bbox 3626 4296 3742 4366; x_wconf 88' lang='grc' dir='ltr'><strong>πῦρ</strong></span> <span class='ocrx_word' id='word_1_713' title='bbox 3800 4299 3868 4348; x_wconf 77' lang='grc' dir='ltr'>τὸ</span> 
     </span>
    </p>
   </div>
   <div class='ocr_carea' id='block_1_90' title="bbox 2265 4384 3866 4457">
    <p class='ocr_par' dir='ltr' id='par_1_90' title="bbox 2265 4384 3866 4457">
     <span class='ocr_line' id='line_1_90' title="bbox 2265 4384 3866 4457; baseline 0.002 -21"><span class='ocrx_word' id='word_1_714' title='bbox 2265 4385 2548 4447; x_wconf 81' lang='grc' dir='ltr'>ἄσϐεστον,</span> <span class='ocrx_word' id='word_1_715' title='bbox 2578 4386 2713 4439; x_wconf 79' lang='grc' dir='ltr'>ὅπου</span> <span class='ocrx_word' id='word_1_716' title='bbox 2743 4387 2769 4437; x_wconf 91' lang='lat'><strong>6</strong></span> <span class='ocrx_word' id='word_1_717' title='bbox 2799 4384 3017 4454; x_wconf 77' lang='grc' dir='ltr'>σκώληξ</span> <span class='ocrx_word' id='word_1_718' title='bbox 3047 4384 3227 4437; x_wconf 83' lang='grc' dir='ltr'>αὐτῶν</span> <span class='ocrx_word' id='word_1_719' title='bbox 3278 4387 3338 4437; x_wconf 85' lang='grc' dir='ltr'>ού</span> <span class='ocrx_word' id='word_1_720' title='bbox 3369 4386 3619 4457; x_wconf 80' lang='grc' dir='ltr'>τελευτᾷ,</span> <span class='ocrx_word' id='word_1_721' title='bbox 3667 4388 3766 4439; x_wconf 80' lang='grc' dir='ltr'>καὶ</span> <span class='ocrx_word' id='word_1_722' title='bbox 3798 4389 3866 4439; x_wconf 71' lang='grc' dir='ltr'>τὸ</span> 
     </span>
    </p>
   </div>
   <div class='ocr_carea' id='block_1_91' title="bbox 2267 4475 3867 4547">
    <p class='ocr_par' dir='ltr' id='par_1_91' title="bbox 2267 4475 3867 4547">
     <span class='ocr_line' id='line_1_91' title="bbox 2267 4475 3867 4547; baseline 0.001 -19"><span class='ocrx_word' id='word_1_723' title='bbox 2267 4477 2374 4547; x_wconf 90' lang='grc' dir='ltr'><strong>πῦρ</strong></span> <span class='ocrx_word' id='word_1_724' title='bbox 2406 4477 2465 4528; x_wconf 88' lang='grc' dir='ltr'><strong>ού</strong></span> <span class='ocrx_word' id='word_1_725' title='bbox 2497 4475 2804 4531; x_wconf 77' lang='grc' dir='ltr'>σϐέννυται.</span> <span class='ocrx_word' id='word_1_726' title='bbox 2851 4476 2959 4529; x_wconf 68' lang='grc' dir='ltr'><strong>Καὶ</strong></span> <span class='ocrx_word' id='word_1_727' title='bbox 2985 4479 3083 4530; x_wconf 72' lang='grc' dir='ltr'><strong>ἐὰν</strong></span> <span class='ocrx_word' id='word_1_728' title='bbox 3117 4478 3144 4529; x_wconf 86' lang='lat'><strong>6</strong></span> <span class='ocrx_word' id='word_1_729' title='bbox 3179 4476 3456 4547; x_wconf 85' lang='grc' dir='ltr'>ὀφθαλμός</span> <span class='ocrx_word' id='word_1_730' title='bbox 3495 4494 3586 4530; x_wconf 91' lang='grc' dir='ltr'><strong>σου</strong></span> <span class='ocrx_word' id='word_1_731' title='bbox 3614 4478 3867 4531; x_wconf 86' lang='grc' dir='ltr'>σκανδα-</span> 
     </span>
    </p>
   </div>
   <div class='ocr_carea' id='block_1_92' title="bbox 594 4561 2166 4640">
    <p class='ocr_par' dir='ltr' id='par_1_92' title="bbox 594 4561 2153 4629">
     <span class='ocr_line' id='line_1_92' title="bbox 594 4561 2153 4629; baseline 0.004 -14"><span class='ocrx_word' id='word_1_732' title='bbox 594 4572 698 4615; x_wconf 85' lang='lat' dir='ltr'><strong>tnr.</strong></span> <span class='ocrx_word' id='word_1_733' title='bbox 723 4561 788 4615; x_wconf 88' lang='lat' dir='ltr'><strong>Et</strong></span> <span class='ocrx_word' id='word_1_734' title='bbox 816 4563 859 4616; x_wconf 86' lang='lat' dir='ltr'><strong>si</strong></span> <span class='ocrx_word' id='word_1_735' title='bbox 883 4561 1068 4616; x_wconf 81' lang='lat' dir='ltr'><strong>oculus</strong></span> <span class='ocrx_word' id='word_1_736' title='bbox 1100 4571 1219 4615; x_wconf 89' lang='lat' dir='ltr'><strong>tuus</strong></span> <span class='ocrx_word' id='word_1_737' title='bbox 1245 4562 1338 4615; x_wconf 91' lang='lat' dir='ltr'><strong>tibi</strong></span> <span class='ocrx_word' id='word_1_738' title='bbox 1368 4561 1645 4617; x_wconf 87' lang='lat' dir='ltr'><strong>obstaculo</strong></span> <span class='ocrx_word' id='word_1_739' title='bbox 1674 4576 1777 4629; x_wconf 88' lang='lat' dir='ltr'><strong>est,</strong></span> <span class='ocrx_word' id='word_1_740' title='bbox 1807 4580 1937 4619; x_wconf 88' lang='lat' dir='ltr'><strong>erue</strong></span> <span class='ocrx_word' id='word_1_741' title='bbox 1960 4567 2107 4621; x_wconf 90' lang='lat' dir='ltr'><strong>illum</strong></span> <span class='ocrx_word' id='word_1_742' title='bbox 2138 4583 2153 4621; x_wconf 91' lang='lat'><strong>:</strong></span> 
     </span>
    </p>
   </div>
   <div class='ocr_carea' id='block_1_93' title="bbox 2271 4561 3865 4640">
    <p class='ocr_par' dir='ltr' id='par_1_93' title="bbox 2271 4568 3865 4640">
     <span class='ocr_line' id='line_1_93' title="bbox 2271 4568 3865 4640; baseline 0.001 -20"><span class='ocrx_word' id='word_1_743' title='bbox 2271 4569 2383 4639; x_wconf 76' lang='grc' dir='ltr'>λίζῃ</span> <span class='ocrx_word' id='word_1_744' title='bbox 2421 4586 2500 4631; x_wconf 90' lang='grc' dir='ltr'><strong>σε,</strong></span> <span class='ocrx_word' id='word_1_745' title='bbox 2532 4568 2726 4622; x_wconf 64' lang='grc' dir='ltr'>ἔκϐαλε</span> <span class='ocrx_word' id='word_1_746' title='bbox 2764 4569 2963 4622; x_wconf 69' lang='grc' dir='ltr'>αὐτόν*</span> <span class='ocrx_word' id='word_1_747' title='bbox 3000 4569 3163 4622; x_wconf 79' lang='grc' dir='ltr'>καλόν</span> <span class='ocrx_word' id='word_1_748' title='bbox 3199 4570 3281 4622; x_wconf 91' lang='grc' dir='ltr'>σοί</span> <span class='ocrx_word' id='word_1_749' title='bbox 3314 4571 3434 4623; x_wconf 72' lang='grc' dir='ltr'>ἔστι</span> <span class='ocrx_word' id='word_1_750' title='bbox 3470 4570 3865 4640; x_wconf 80' lang='grc' dir='ltr'>μονόφθαλμον</span> 
     </span>
    </p>
   </div>
   <div class='ocr_carea' id='block_1_94' title="bbox 591 4654 2157 4725">
    <p class='ocr_par' dir='ltr' id='par_1_94' title="bbox 591 4654 2157 4725">
     <span class='ocr_line' id='line_1_94' title="bbox 591 4654 2157 4725; baseline 0.002 -17"><span class='ocrx_word' id='word_1_751' title='bbox 591 4655 791 4708; x_wconf 83' lang='lat' dir='ltr'><strong>bonum</strong></span> <span class='ocrx_word' id='word_1_752' title='bbox 826 4664 905 4709; x_wconf 82' lang='lat' dir='ltr'><strong>est</strong></span> <span class='ocrx_word' id='word_1_753' title='bbox 954 4655 1048 4707; x_wconf 88' lang='lat' dir='ltr'><strong>tibi</strong></span> <span class='ocrx_word' id='word_1_754' title='bbox 1085 4664 1143 4707; x_wconf 92' lang='lat' dir='ltr'><strong>ut</strong></span> <span class='ocrx_word' id='word_1_755' title='bbox 1189 4654 1370 4707; x_wconf 78' lang='lat' dir='ltr'><strong>luscus</strong></span> <span class='ocrx_word' id='word_1_756' title='bbox 1418 4657 1652 4708; x_wconf 78' lang='lat' dir='ltr'><strong>introeas</strong></span> <span class='ocrx_word' id='word_1_757' title='bbox 1686 4656 1735 4706; x_wconf 91' lang='lat' dir='ltr'><strong>iu</strong></span> <span class='ocrx_word' id='word_1_758' title='bbox 1788 4671 2006 4725; x_wconf 91' lang='lat' dir='ltr'><strong>regnum</strong></span> <span class='ocrx_word' id='word_1_759' title='bbox 2044 4659 2157 4723; x_wconf 71' lang='lat' dir='ltr'><strong>Dei,</strong></span> 
     </span>
    </p>
   </div>
   <div class='ocr_carea' id='block_1_95' title="bbox 596 4743 2161 4812">
    <p class='ocr_par' dir='ltr' id='par_1_95' title="bbox 596 4743 2161 4812">
     <span class='ocr_line' id='line_1_95' title="bbox 596 4743 2161 4812; baseline 0.003 -15"><span class='ocrx_word' id='word_1_760' title='bbox 596 4746 772 4812; x_wconf 80' lang='lat' dir='ltr'><strong>potius</strong></span> <span class='ocrx_word' id='word_1_761' title='bbox 822 4760 981 4810; x_wconf 80' lang='lat' dir='ltr'><strong>quam</strong></span> <span class='ocrx_word' id='word_1_762' title='bbox 1019 4755 1077 4797; x_wconf 92' lang='lat' dir='ltr'><strong>ut</strong></span> <span class='ocrx_word' id='word_1_763' title='bbox 1130 4743 1267 4797; x_wconf 87' lang='lat' dir='ltr'><strong>duos</strong></span> <span class='ocrx_word' id='word_1_764' title='bbox 1317 4745 1504 4797; x_wconf 86' lang='lat' dir='ltr'><strong>oculos</strong></span> <span class='ocrx_word' id='word_1_765' title='bbox 1560 4745 1762 4799; x_wconf 82' lang='lat' dir='ltr'><strong>habens</strong></span> <span class='ocrx_word' id='word_1_766' title='bbox 1822 4748 2055 4801; x_wconf 79' lang='lat' dir='ltr'><strong>mittaris</strong></span> <span class='ocrx_word' id='word_1_767' title='bbox 2109 4750 2161 4802; x_wconf 89' lang='lat' dir='ltr'><strong>in</strong></span> 
     </span>
    </p>
   </div>
   <div class='ocr_carea' id='block_1_96' title="bbox 594 4839 2163 4909">
    <p class='ocr_par' dir='ltr' id='par_1_96' title="bbox 594 4839 2163 4909">
     <span class='ocr_line' id='line_1_96' title="bbox 594 4839 2163 4909; baseline -0.001 -16"><span class='ocrx_word' id='word_1_768' title='bbox 594 4842 892 4907; x_wconf 85' lang='lat' dir='ltr'><strong>gehennam</strong></span> <span class='ocrx_word' id='word_1_769' title='bbox 928 4841 1081 4909; x_wconf 86' lang='lat' dir='ltr'><strong>ignis,</strong></span> <span class='ocrx_word' id='word_1_770' title='bbox 1113 4839 1199 4892; x_wconf 86' lang='lat' dir='ltr'><strong>ubi</strong></span> <span class='ocrx_word' id='word_1_771' title='bbox 1236 4840 1432 4892; x_wconf 86' lang='lat' dir='ltr'><strong>vermis</strong></span> <span class='ocrx_word' id='word_1_772' title='bbox 1458 4855 1642 4893; x_wconf 88' lang='lat' dir='ltr'><strong>eorum</strong></span> <span class='ocrx_word' id='word_1_773' title='bbox 1682 4856 1785 4893; x_wconf 89' lang='lat' dir='ltr'><strong>non</strong></span> <span class='ocrx_word' id='word_1_774' title='bbox 1816 4843 2063 4906; x_wconf 83' lang='lat' dir='ltr'><strong>moritur,</strong></span> <span class='ocrx_word' id='word_1_775' title='bbox 2111 4856 2163 4898; x_wconf 72' lang='lat' dir='ltr'><strong>et</strong></span> 
     </span>
    </p>
   </div>
   <div class='ocr_carea' id='block_1_97' title="bbox 594 4930 2160 5001">
    <p class='ocr_par' dir='ltr' id='par_1_97' title="bbox 594 4930 2160 5001">
     <span class='ocr_line' id='line_1_97' title="bbox 594 4930 2160 5001; baseline 0.001 -16"><span class='ocrx_word' id='word_1_776' title='bbox 594 4933 731 5000; x_wconf 86' lang='lat' dir='ltr'><strong>ignis</strong></span> <span class='ocrx_word' id='word_1_777' title='bbox 758 4948 863 4984; x_wconf 70' lang='lat' dir='ltr'><strong>nan</strong></span> <span class='ocrx_word' id='word_1_778' title='bbox 898 4931 1276 5001; x_wconf 77' lang='lat' dir='ltr'><strong>exstinguitur.</strong></span> <span class='ocrx_word' id='word_1_779' title='bbox 1305 4930 1434 4985; x_wconf 86' lang='lat' dir='ltr'><strong>Nam</strong></span> <span class='ocrx_word' id='word_1_780' title='bbox 1467 4932 1642 4985; x_wconf 85' lang='lat' dir='ltr'><strong>omnis</strong></span> <span class='ocrx_word' id='word_1_781' title='bbox 1671 4934 1832 4985; x_wconf 89' lang='lat' dir='ltr'><strong>homo</strong></span> <span class='ocrx_word' id='word_1_782' title='bbox 1857 4934 1973 5001; x_wconf 89' lang='lat' dir='ltr'><strong>igne</strong></span> <span class='ocrx_word' id='word_1_783' title='bbox 1997 4933 2160 4988; x_wconf 85' lang='lat' dir='ltr'><strong>salie-</strong></span> 
     </span>
    </p>
   </div>
   <div class='ocr_carea' id='block_1_98' title="bbox 594 5021 2156 5084">
    <p class='ocr_par' dir='ltr' id='par_1_98' title="bbox 594 5021 2156 5084">
     <span class='ocr_line' id='line_1_98' title="bbox 594 5021 2156 5084; baseline 0.003 -9"><span class='ocrx_word' id='word_1_784' title='bbox 594 5033 699 5084; x_wconf 83' lang='lat' dir='ltr'><strong>tur,</strong></span> <span class='ocrx_word' id='word_1_785' title='bbox 747 5030 801 5074; x_wconf 89' lang='lat' dir='ltr'><strong>et</strong></span> <span class='ocrx_word' id='word_1_786' title='bbox 846 5022 1019 5075; x_wconf 84' lang='lat' dir='ltr'><strong>omnis</strong></span> <span class='ocrx_word' id='word_1_787' title='bbox 1063 5023 1278 5076; x_wconf 86' lang='lat' dir='ltr'><strong>victima</strong></span> <span class='ocrx_word' id='word_1_788' title='bbox 1328 5022 1440 5077; x_wconf 87' lang='lat' dir='ltr'><strong>sale</strong></span> <span class='ocrx_word' id='word_1_789' title='bbox 1472 5022 1716 5076; x_wconf 87' lang='lat' dir='ltr'><strong>salietur.</strong></span> <span class='ocrx_word' id='word_1_790' title='bbox 1774 5021 1914 5076; x_wconf 84' lang='lat' dir='ltr'><strong>Bona</strong></span> <span class='ocrx_word' id='word_1_791' title='bbox 1961 5040 2045 5078; x_wconf 85' lang='lat' dir='ltr'><strong>res</strong></span> <span class='ocrx_word' id='word_1_792' title='bbox 2074 5036 2156 5079; x_wconf 86' lang='lat' dir='ltr'><strong>est</strong></span> 
     </span>
    </p>
   </div>
   <div class='ocr_carea' id='block_1_99' title="bbox 592 5112 2150 5182">
    <p class='ocr_par' dir='ltr' id='par_1_99' title="bbox 592 5112 2150 5182">
     <span class='ocr_line' id='line_1_99' title="bbox 592 5112 2150 5182; baseline 0.003 -17"><span class='ocrx_word' id='word_1_793' title='bbox 592 5112 668 5166; x_wconf 81' lang='lat' dir='ltr'><strong>sal</strong></span> <span class='ocrx_word' id='word_1_794' title='bbox 699 5131 711 5165; x_wconf 90' lang='lat'><strong>:</strong></span> <span class='ocrx_word' id='word_1_795' title='bbox 749 5119 999 5165; x_wconf 58' lang='lat' dir='ltr'><strong>celerum</strong></span> <span class='ocrx_word' id='word_1_796' title='bbox 1028 5112 1071 5165; x_wconf 86' lang='lat' dir='ltr'><strong>si</strong></span> <span class='ocrx_word' id='word_1_797' title='bbox 1102 5112 1181 5167; x_wconf 82' lang='lat' dir='ltr'><strong>sal</strong></span> <span class='ocrx_word' id='word_1_798' title='bbox 1212 5113 1445 5167; x_wconf 88' lang='lat' dir='ltr'><strong>insulsus</strong></span> <span class='ocrx_word' id='word_1_799' title='bbox 1476 5114 1656 5177; x_wconf 79' lang='lat' dir='ltr'><strong>fuerit,</strong></span> <span class='ocrx_word' id='word_1_800' title='bbox 1701 5128 1795 5180; x_wconf 87' lang='lat' dir='ltr'><strong>per</strong></span> <span class='ocrx_word' id='word_1_801' title='bbox 1824 5114 1949 5181; x_wconf 86' lang='lat' dir='ltr'><strong>quid</strong></span> <span class='ocrx_word' id='word_1_802' title='bbox 1980 5115 2150 5182; x_wconf 91' lang='lat' dir='ltr'><strong>ipsum</strong></span> 
     </span>
    </p>
   </div>
   <div class='ocr_carea' id='block_1_100' title="bbox 591 5203 2150 5277">
    <p class='ocr_par' dir='ltr' id='par_1_100' title="bbox 591 5203 2150 5277">
     <span class='ocr_line' id='line_1_100' title="bbox 591 5203 2150 5277; baseline 0.003 -20"><span class='ocrx_word' id='word_1_803' title='bbox 591 5204 889 5258; x_wconf 83' lang='lat' dir='ltr'><strong>condietis?</strong></span> <span class='ocrx_word' id='word_1_804' title='bbox 933 5203 1133 5259; x_wconf 83' lang='lat' dir='ltr'><strong>liabete</strong></span> <span class='ocrx_word' id='word_1_805' title='bbox 1194 5208 1245 5258; x_wconf 88' lang='lat' dir='ltr'><strong>in</strong></span> <span class='ocrx_word' id='word_1_806' title='bbox 1298 5206 1588 5273; x_wconf 86' lang='lat' dir='ltr'><strong>vobisipsis</strong></span> <span class='ocrx_word' id='word_1_807' title='bbox 1638 5207 1827 5271; x_wconf 84' lang='lat' dir='ltr'><strong>salem,</strong></span> <span class='ocrx_word' id='word_1_808' title='bbox 1877 5216 1929 5261; x_wconf 91' lang='lat' dir='ltr'><strong>et</strong></span> <span class='ocrx_word' id='word_1_809' title='bbox 1968 5223 2150 5277; x_wconf 86' lang='lat' dir='ltr'><strong>pacem</strong></span> 
     </span>
    </p>
   </div>
   <div class='ocr_carea' id='block_1_101' title="bbox 673 5361 1115 5425">
    <p class='ocr_par' dir='ltr' id='par_1_101' title="bbox 673 5361 1115 5425">
     <span class='ocr_line' id='line_1_101' title="bbox 673 5361 1115 5425; baseline 0.005 -10"><span class='ocrx_word' id='word_1_810' title='bbox 673 5363 716 5393; x_wconf 87' lang='grc'><strong><em>⁸⁷</em></strong></span> <span class='ocrx_word' id='word_1_811' title='bbox 746 5361 877 5421; x_wconf 85' lang='lat' dir='ltr'><strong>Luc.</strong></span> <span class='ocrx_word' id='word_1_812' title='bbox 913 5381 988 5425; x_wconf 74' lang='grc' dir='ltr'>ιι,</span> <span class='ocrx_word' id='word_1_813' title='bbox 1025 5365 1115 5419; x_wconf 74' lang='grc'><strong>25.</strong></span> 
     </span>
    </p>
   </div>
   <div class='ocr_carea' id='block_1_102' title="bbox 2263 4660 3867 4731">
    <p class='ocr_par' dir='ltr' id='par_1_102' title="bbox 2263 4660 3867 4731">
     <span class='ocr_line' id='line_1_102' title="bbox 2263 4660 3867 4731; baseline 0.001 -18"><span class='ocrx_word' id='word_1_814' title='bbox 2263 4661 2524 4714; x_wconf 79' lang='grc' dir='ltr'>εἰσελθεῖν</span> <span class='ocrx_word' id='word_1_815' title='bbox 2570 4661 2649 4724; x_wconf 81' lang='grc' dir='ltr'><strong>είς</strong></span> <span class='ocrx_word' id='word_1_816' title='bbox 2686 4661 2780 4731; x_wconf 82' lang='grc' dir='ltr'>τὴν</span> <span class='ocrx_word' id='word_1_817' title='bbox 2820 4660 3099 4730; x_wconf 86' lang='grc' dir='ltr'>βασιλείαν</span> <span class='ocrx_word' id='word_1_818' title='bbox 3133 4661 3227 4716; x_wconf 77' lang='grc' dir='ltr'>τοῦ</span> <span class='ocrx_word' id='word_1_819' title='bbox 3260 4661 3418 4726; x_wconf 88' lang='grc' dir='ltr'>Θεοῦ,</span> <span class='ocrx_word' id='word_1_820' title='bbox 3459 4662 3491 4731; x_wconf 84' lang='grc' dir='ltr'><strong>ἦ</strong></span> <span class='ocrx_word' id='word_1_821' title='bbox 3524 4663 3615 4715; x_wconf 84' lang='grc' dir='ltr'>δύο</span> <span class='ocrx_word' id='word_1_822' title='bbox 3641 4662 3867 4731; x_wconf 77' lang='grc' dir='ltr'>ὀφθαλ-</span> 
     </span>
    </p>
   </div>
   <div class='ocr_carea' id='block_1_103' title="bbox 2266 4751 3865 4822">
    <p class='ocr_par' dir='ltr' id='par_1_103' title="bbox 2266 4751 3865 4822">
     <span class='ocr_line' id='line_1_103' title="bbox 2266 4751 3865 4822; baseline 0 -18"><span class='ocrx_word' id='word_1_823' title='bbox 2266 4754 2396 4819; x_wconf 79' lang='grc' dir='ltr'>μοὺς</span> <span class='ocrx_word' id='word_1_824' title='bbox 2446 4752 2659 4821; x_wconf 72' lang='grc' dir='ltr'>ἔχοντα,</span> <span class='ocrx_word' id='word_1_825' title='bbox 2695 4751 2958 4821; x_wconf 81' lang='grc' dir='ltr'>βληθῆναι</span> <span class='ocrx_word' id='word_1_826' title='bbox 3002 4755 3081 4815; x_wconf 84' lang='grc' dir='ltr'><strong>εἰς</strong></span> <span class='ocrx_word' id='word_1_827' title='bbox 3122 4752 3228 4822; x_wconf 78' lang='grc' dir='ltr'><strong>τὴν</strong></span> <span class='ocrx_word' id='word_1_828' title='bbox 3260 4753 3485 4821; x_wconf 85' lang='grc' dir='ltr'>γέενναν</span> <span class='ocrx_word' id='word_1_829' title='bbox 3529 4752 3620 4805; x_wconf 87' lang='grc' dir='ltr'><strong>τοῦ</strong></span> <span class='ocrx_word' id='word_1_830' title='bbox 3654 4754 3865 4821; x_wconf 78' lang='grc' dir='ltr'>πυρὸς,</span> 
     </span>
    </p>
   </div>
   <div class='ocr_carea' id='block_1_104' title="bbox 2260 4843 3860 4914">
    <p class='ocr_par' dir='ltr' id='par_1_104' title="bbox 2260 4843 3860 4914">
     <span class='ocr_line' id='line_1_104' title="bbox 2260 4843 3860 4914; baseline 0.002 -20"><span class='ocrx_word' id='word_1_831' title='bbox 2260 4843 2394 4895; x_wconf 78' lang='grc' dir='ltr'>ὅπου</span> <span class='ocrx_word' id='word_1_832' title='bbox 2426 4845 2453 4894; x_wconf 90' lang='lat'><strong>6</strong></span> <span class='ocrx_word' id='word_1_833' title='bbox 2507 4844 2723 4912; x_wconf 79' lang='grc' dir='ltr'>σκώληξ</span> <span class='ocrx_word' id='word_1_834' title='bbox 2771 4844 2951 4897; x_wconf 78' lang='grc' dir='ltr'>αὐτῶν</span> <span class='ocrx_word' id='word_1_835' title='bbox 3001 4845 3062 4896; x_wconf 66' lang='grc' dir='ltr'><strong>οὔ</strong></span> <span class='ocrx_word' id='word_1_836' title='bbox 3099 4845 3346 4914; x_wconf 76' lang='grc' dir='ltr'>τελευτᾷ,</span> <span class='ocrx_word' id='word_1_837' title='bbox 3391 4847 3484 4897; x_wconf 73' lang='grc' dir='ltr'><strong>καὶ</strong></span> <span class='ocrx_word' id='word_1_838' title='bbox 3533 4844 3594 4896; x_wconf 76' lang='grc' dir='ltr'><strong>τὸ</strong></span> <span class='ocrx_word' id='word_1_839' title='bbox 3626 4843 3743 4913; x_wconf 87' lang='grc' dir='ltr'><strong>πῦρ</strong></span> <span class='ocrx_word' id='word_1_840' title='bbox 3792 4848 3860 4897; x_wconf 76' lang='grc' dir='ltr'>οὐ</span> 
     </span>
    </p>
   </div>
   <div class='ocr_carea' id='block_1_105' title="bbox 2264 4932 3867 5005">
    <p class='ocr_par' dir='ltr' id='par_1_105' title="bbox 2264 4932 3867 5005">
     <span class='ocr_line' id='line_1_105' title="bbox 2264 4932 3867 5005; baseline 0.002 -19"><span class='ocrx_word' id='word_1_841' title='bbox 2264 4932 2568 4987; x_wconf 79' lang='grc' dir='ltr'>σϐέννυται.</span> <span class='ocrx_word' id='word_1_842' title='bbox 2608 4936 2720 4997; x_wconf 79' lang='grc' dir='ltr'><strong>Πᾶς</strong></span> <span class='ocrx_word' id='word_1_843' title='bbox 2769 4936 2876 5005; x_wconf 87' lang='grc' dir='ltr'><strong>γὰρ</strong></span> <span class='ocrx_word' id='word_1_844' title='bbox 2911 4936 3046 5005; x_wconf 75' lang='grc' dir='ltr'>πυρὶ</span> <span class='ocrx_word' id='word_1_845' title='bbox 3095 4935 3468 5005; x_wconf 79' lang='grc' dir='ltr'>ἁλισθήσεται.</span> <span class='ocrx_word' id='word_1_846' title='bbox 3536 4936 3646 4987; x_wconf 75' lang='grc' dir='ltr'><strong>Καὶ</strong></span> <span class='ocrx_word' id='word_1_847' title='bbox 3697 4939 3867 4989; x_wconf 68' lang='grc' dir='ltr'>πᾶσι</span> 
     </span>
    </p>
   </div>
   <div class='ocr_carea' id='block_1_106' title="bbox 2263 5010 3861 5095">
    <p class='ocr_par' dir='ltr' id='par_1_106' title="bbox 2263 5010 3861 5095">
     <span class='ocr_line' id='line_1_106' title="bbox 2263 5010 3861 5095; baseline 0.001 -18"><span class='ocrx_word' id='word_1_848' title='bbox 2263 5024 2421 5077; x_wconf 89' lang='grc' dir='ltr'>θυσία</span> <span class='ocrx_word' id='word_1_849' title='bbox 2453 5010 2540 5078; x_wconf 78' lang='grc' dir='ltr'><strong>ἁλῖ</strong></span> <span class='ocrx_word' id='word_1_850' title='bbox 2581 5026 2956 5095; x_wconf 80' lang='grc' dir='ltr'>ἁλισθήσεται.</span> <span class='ocrx_word' id='word_1_851' title='bbox 3005 5026 3183 5079; x_wconf 73' lang='grc' dir='ltr'>καλὸν</span> <span class='ocrx_word' id='word_1_852' title='bbox 3224 5029 3283 5079; x_wconf 81' lang='grc' dir='ltr'><strong>τὸ</strong></span> <span class='ocrx_word' id='word_1_853' title='bbox 3324 5026 3477 5089; x_wconf 74' lang='grc' dir='ltr'>ἃλας.</span> <span class='ocrx_word' id='word_1_854' title='bbox 3522 5026 3653 5080; x_wconf 70' lang='grc' dir='ltr'>Ἐὰν</span> <span class='ocrx_word' id='word_1_855' title='bbox 3685 5027 3747 5078; x_wconf 72' lang='grc' dir='ltr'>δὲ</span> <span class='ocrx_word' id='word_1_856' title='bbox 3793 5028 3861 5079; x_wconf 66' lang='grc' dir='ltr'><strong>τὸ</strong></span> 
     </span>
    </p>
   </div>
   <div class='ocr_carea' id='block_1_107' title="bbox 2262 5115 3866 5189">
    <p class='ocr_par' dir='ltr' id='par_1_107' title="bbox 2262 5115 3866 5189">
     <span class='ocr_line' id='line_1_107' title="bbox 2262 5115 3866 5189; baseline 0.002 -21"><span class='ocrx_word' id='word_1_857' title='bbox 2262 5115 2394 5178; x_wconf 75' lang='grc' dir='ltr'>ἃλας</span> <span class='ocrx_word' id='word_1_858' title='bbox 2429 5116 2622 5170; x_wconf 75' lang='grc' dir='ltr'>ἄναλον</span> <span class='ocrx_word' id='word_1_859' title='bbox 2657 5118 2904 5187; x_wconf 83' lang='grc' dir='ltr'>γένηται,</span> <span class='ocrx_word' id='word_1_860' title='bbox 2941 5119 2998 5170; x_wconf 83' lang='grc' dir='ltr'><strong>ὲν</strong></span> <span class='ocrx_word' id='word_1_861' title='bbox 3019 5119 3125 5170; x_wconf 82' lang='grc' dir='ltr'>τίνι</span> <span class='ocrx_word' id='word_1_862' title='bbox 3161 5118 3292 5170; x_wconf 81' lang='grc' dir='ltr'>αὐτὸ</span> <span class='ocrx_word' id='word_1_863' title='bbox 3316 5117 3582 5189; x_wconf 82' lang='grc' dir='ltr'>ἀρτύσετε</span> <span class='ocrx_word' id='word_1_864' title='bbox 3607 5134 3622 5182; x_wconf 87' lang='lat'><strong>;</strong></span> <span class='ocrx_word' id='word_1_865' title='bbox 3649 5120 3866 5188; x_wconf 82' lang='grc' dir='ltr'>Ἔχετε</span> 
     </span>
    </p>
   </div>
   <div class='ocr_carea' id='block_1_108' title="bbox 2263 5212 3860 5283">
    <p class='ocr_par' dir='ltr' id='par_1_108' title="bbox 2263 5212 3860 5283">
     <span class='ocr_line' id='line_1_108' title="bbox 2263 5212 3860 5283; baseline 0.002 -22"><span class='ocrx_word' id='word_1_866' title='bbox 2263 5212 2320 5261; x_wconf 82' lang='grc' dir='ltr'><strong>ὲν</strong></span> <span class='ocrx_word' id='word_1_867' title='bbox 2373 5212 2585 5274; x_wconf 80' lang='grc' dir='ltr'>ἑαυτοῖς</span> <span class='ocrx_word' id='word_1_868' title='bbox 2651 5212 2806 5277; x_wconf 75' lang='grc' dir='ltr'>ἃλας,</span> <span class='ocrx_word' id='word_1_869' title='bbox 2871 5212 2966 5264; x_wconf 74' lang='grc' dir='ltr'>καὶ</span> <span class='ocrx_word' id='word_1_870' title='bbox 3025 5212 3337 5283; x_wconf 73' lang='grc' dir='ltr'>εἰρηνεύετε</span> <span class='ocrx_word' id='word_1_871' title='bbox 3387 5214 3444 5265; x_wconf 74' lang='grc' dir='ltr'><strong>ἐν</strong></span> <span class='ocrx_word' id='word_1_872' title='bbox 3493 5212 3776 5282; x_wconf 72' lang='grc' dir='ltr'>ἀλλήλοις.</span> <span class='ocrx_word' id='word_1_873' title='bbox 3841 5235 3860 5264; x_wconf 75' lang='grc' dir='ltr'><strong>ι</strong></span> 
     </span>
    </p>
   </div>
   <div class='ocr_carea' id='block_1_109' title="bbox 1541 5454 2866 5521">
    <p class='ocr_par' dir='ltr' id='par_1_109' title="bbox 1541 5454 2866 5521">
     <span class='ocr_line' id='line_1_109' title="bbox 1541 5454 2866 5521; baseline 0.006 -9"><span class='ocrx_word' id='word_1_874' title='bbox 1541 5456 1629 5512; x_wconf 79' lang='lat' dir='ltr'><strong>Ex</strong></span> <span class='ocrx_word' id='word_1_875' title='bbox 1677 5454 2017 5515; x_wconf 84' lang='lat' dir='ltr'><strong>collatione</strong></span> <span class='ocrx_word' id='word_1_876' title='bbox 2056 5457 2244 5517; x_wconf 89' lang='lat' dir='ltr'><strong>codd.</strong></span> <span class='ocrx_word' id='word_1_877' title='bbox 2286 5459 2505 5518; x_wconf 73' lang='lat' dir='ltr'><strong>Venet.</strong></span> <span class='ocrx_word' id='word_1_878' title='bbox 2544 5462 2607 5520; x_wconf 86' lang='lat' dir='ltr'><strong>S.</strong></span> <span class='ocrx_word' id='word_1_879' title='bbox 2645 5462 2866 5521; x_wconf 85' lang='lat' dir='ltr'><strong>Marci.</strong></span> 
     </span>
    </p>
   </div>
   <div class='ocr_carea' id='block_1_110' title="bbox 661 5574 2159 5644">
    <p class='ocr_par' dir='ltr' id='par_1_110' title="bbox 661 5574 2159 5644">
     <span class='ocr_line' id='line_1_110' title="bbox 661 5574 2159 5644; baseline -0.001 -17"><span class='ocrx_word' id='word_1_880' title='bbox 661 5576 774 5640; x_wconf 86' lang='lat'><strong>(70)</strong></span> <span class='ocrx_word' id='word_1_881' title='bbox 833 5575 978 5630; x_wconf 81' lang='lat' dir='ltr'><strong>Idem</strong></span> <span class='ocrx_word' id='word_1_882' title='bbox 1033 5575 1149 5627; x_wconf 81' lang='lat' dir='ltr'><strong>rod.</strong></span> <span class='ocrx_word' id='word_1_883' title='bbox 1198 5576 1382 5628; x_wconf 83' lang='lat' dir='ltr'><strong>addit:</strong></span> <span class='ocrx_word' id='word_1_884' title='bbox 1433 5574 1735 5644; x_wconf 85' lang='grc' dir='ltr'>Συνεχὼρει</span> <span class='ocrx_word' id='word_1_885' title='bbox 1791 5574 1884 5627; x_wconf 72' lang='grc' dir='ltr'>καὶ</span> <span class='ocrx_word' id='word_1_886' title='bbox 1943 5575 2159 5636; x_wconf 74' lang='grc' dir='ltr'>τούτοις</span> 
     </span>
    </p>
   </div>
   <div class='ocr_carea' id='block_1_111' title="bbox 590 5644 2159 5725">
    <p class='ocr_par' dir='ltr' id='par_1_111' title="bbox 590 5644 2159 5725">
     <span class='ocr_line' id='line_1_111' title="bbox 590 5644 2159 5725; baseline 0.001 -27"><span class='ocrx_word' id='word_1_887' title='bbox 590 5647 1057 5725; x_wconf 41' lang='grc' dir='ltr'>θαυματουργεζνζ</span> <span class='ocrx_word' id='word_1_888' title='bbox 1075 5645 1187 5725; x_wconf 72' lang='grc' dir='ltr'>ὅιμα</span> <span class='ocrx_word' id='word_1_889' title='bbox 1204 5646 1314 5725; x_wconf 63' lang='grc' dir='ltr'><strong>μὲν</strong></span> <span class='ocrx_word' id='word_1_890' title='bbox 1332 5644 1730 5725; x_wconf 33' lang='grc' dir='ltr'>ἐἰς-βεϐαίωσιν</span> <span class='ocrx_word' id='word_1_891' title='bbox 1750 5647 1840 5725; x_wconf 66' lang='grc' dir='ltr'><strong>τοῦ</strong></span> <span class='ocrx_word' id='word_1_892' title='bbox 1868 5646 2159 5725; x_wconf 75' lang='grc' dir='ltr'>κηρύγμα-</span> 
     </span>
    </p>
   </div>
   <div class='ocr_carea' id='block_1_112' title="bbox 590 5714 2156 5783">
    <p class='ocr_par' dir='ltr' id='par_1_112' title="bbox 590 5714 2156 5783">
     <span class='ocr_line' id='line_1_112' title="bbox 590 5714 2156 5783; baseline 0.002 -19"><span class='ocrx_word' id='word_1_893' title='bbox 590 5714 707 5778; x_wconf 63' lang='grc' dir='ltr'>τος,</span> <span class='ocrx_word' id='word_1_894' title='bbox 737 5714 1000 5769; x_wconf 75' lang='grc' dir='ltr'>ὥστεκαὶ</span> <span class='ocrx_word' id='word_1_895' title='bbox 1031 5716 1118 5767; x_wconf 81' lang='grc' dir='ltr'>διὰ</span> <span class='ocrx_word' id='word_1_896' title='bbox 1162 5714 1269 5767; x_wconf 86' lang='grc' dir='ltr'><strong>τῶν</strong></span> <span class='ocrx_word' id='word_1_897' title='bbox 1320 5716 1548 5783; x_wconf 74' lang='grc' dir='ltr'>ᾁναξίων</span> <span class='ocrx_word' id='word_1_898' title='bbox 1582 5714 1737 5767; x_wconf 85' lang='grc' dir='ltr'>τοῦτο</span> <span class='ocrx_word' id='word_1_899' title='bbox 1773 5716 2156 5777; x_wconf 86' lang='grc' dir='ltr'>πλατύνεσθαι,</span> 
     </span>
    </p>
   </div>
   <div class='ocr_carea' id='block_1_113' title="bbox 588 5785 2157 5855">
    <p class='ocr_par' dir='ltr' id='par_1_113' title="bbox 588 5785 2157 5855">
     <span class='ocr_line' id='line_1_113' title="bbox 588 5785 2157 5855; baseline -0.004 -16"><span class='ocrx_word' id='word_1_900' title='bbox 588 5788 707 5853; x_wconf 72' lang='grc' dir='ltr'><strong>ἅμα</strong></span> <span class='ocrx_word' id='word_1_901' title='bbox 737 5786 791 5838; x_wconf 78' lang='grc' dir='ltr'>δὲ</span> <span class='ocrx_word' id='word_1_902' title='bbox 819 5788 911 5838; x_wconf 74' lang='grc' dir='ltr'>καὶ</span> <span class='ocrx_word' id='word_1_903' title='bbox 956 5788 1033 5847; x_wconf 85' lang='grc' dir='ltr'>είς</span> <span class='ocrx_word' id='word_1_904' title='bbox 1070 5785 1348 5854; x_wconf 86' lang='grc' dir='ltr'>βελτίωσιν</span> <span class='ocrx_word' id='word_1_905' title='bbox 1377 5785 1553 5836; x_wconf 73' lang='grc' dir='ltr'>αὐτῶν</span> <span class='ocrx_word' id='word_1_906' title='bbox 1584 5786 1646 5854; x_wconf 83' lang='grc' dir='ltr'>δὴ</span> <span class='ocrx_word' id='word_1_907' title='bbox 1674 5787 1779 5836; x_wconf 85' lang='grc' dir='ltr'><strong>τῶν</strong></span> <span class='ocrx_word' id='word_1_908' title='bbox 1815 5785 2157 5855; x_wconf 58' lang='grc' dir='ltr'>θαυματουρ-</span> 
     </span>
    </p>
   </div>
   <div class='ocr_carea' id='block_1_114' title="bbox 590 5855 2155 5923">
    <p class='ocr_par' dir='ltr' id='par_1_114' title="bbox 590 5855 2155 5923">
     <span class='ocr_line' id='line_1_114' title="bbox 590 5855 2155 5923; baseline 0.002 -15"><span class='ocrx_word' id='word_1_909' title='bbox 590 5856 845 5923; x_wconf 65' lang='grc' dir='ltr'>γούντων.</span> <span class='ocrx_word' id='word_1_910' title='bbox 876 5859 1030 5908; x_wconf 83' lang='grc' dir='ltr'>Δοκεῖ</span> <span class='ocrx_word' id='word_1_911' title='bbox 1052 5857 1125 5923; x_wconf 82' lang='grc' dir='ltr'><strong>δὲ,</strong></span> <span class='ocrx_word' id='word_1_912' title='bbox 1158 5874 1208 5910; x_wconf 88' lang='grc' dir='ltr'><strong>κ.</strong></span> <span class='ocrx_word' id='word_1_913' title='bbox 1242 5874 1289 5909; x_wconf 90' lang='grc' dir='ltr'><strong>τ.</strong></span> <span class='ocrx_word' id='word_1_914' title='bbox 1331 5856 1379 5907; x_wconf 79' lang='grc' dir='ltr'><strong>λ.</strong></span> <span class='ocrx_word' id='word_1_915' title='bbox 1416 5874 1433 5905; x_wconf 79' lang='grc' dir='ltr'><strong>ι</strong></span> <span class='ocrx_word' id='word_1_916' title='bbox 1474 5855 1818 5910; x_wconf 80' lang='lat' dir='ltr'><strong>l’crnnttebat</strong></span> <span class='ocrx_word' id='word_1_917' title='bbox 1847 5862 2005 5909; x_wconf 81' lang='lat' dir='ltr'><strong>etiam</strong></span> <span class='ocrx_word' id='word_1_918' title='bbox 2051 5859 2155 5911; x_wconf 84' lang='lat' dir='ltr'><strong>llllS</strong></span> 
     </span>
    </p>
   </div>
   <div class='ocr_carea' id='block_1_115' title="bbox 2274 5579 3860 5651">
    <p class='ocr_par' dir='ltr' id='par_1_115' title="bbox 2274 5579 3860 5651">
     <span class='ocr_line' id='line_1_115' title="bbox 2274 5579 3860 5651; baseline 0.007 -20"><span class='ocrx_word' id='word_1_919' title='bbox 2274 5581 2529 5634; x_wconf 85' lang='lat' dir='ltr'><strong>miracula</strong></span> <span class='ocrx_word' id='word_1_920' title='bbox 2561 5579 2763 5641; x_wconf 76' lang='lat' dir='ltr'><strong>facere,</strong></span> <span class='ocrx_word' id='word_1_921' title='bbox 2802 5592 2911 5633; x_wconf 89' lang='lat' dir='ltr'><strong>tum</strong></span> <span class='ocrx_word' id='word_1_922' title='bbox 2964 5582 3027 5636; x_wconf 87' lang='lat' dir='ltr'><strong>ad</strong></span> <span class='ocrx_word' id='word_1_923' title='bbox 3062 5583 3524 5637; x_wconf 75' lang='lat' dir='ltr'><strong>confirmationem</strong></span> <span class='ocrx_word' id='word_1_924' title='bbox 3575 5584 3860 5651; x_wconf 64' lang='lat' dir='ltr'><strong>pradica-</strong></span> 
     </span>
    </p>
   </div>
   <div class='ocr_carea' id='block_1_116' title="bbox 2275 5652 3861 5732">
    <p class='ocr_par' dir='ltr' id='par_1_116' title="bbox 2275 5652 3861 5732">
     <span class='ocr_line' id='line_1_116' title="bbox 2275 5652 3861 5732; baseline 0.007 -32"><span class='ocrx_word' id='word_1_925' title='bbox 2275 5652 2435 5732; x_wconf 73' lang='lat' dir='ltr'><strong>tionis</strong></span> <span class='ocrx_word' id='word_1_926' title='bbox 2463 5690 2476 5712; x_wconf 92' lang='lat'><strong>,</strong></span> <span class='ocrx_word' id='word_1_927' title='bbox 2513 5662 2569 5702; x_wconf 90' lang='lat' dir='ltr'><strong>ut</strong></span> <span class='ocrx_word' id='word_1_928' title='bbox 2593 5652 2709 5729; x_wconf 75' lang='lat' dir='ltr'><strong>lucc</strong></span> <span class='ocrx_word' id='word_1_929' title='bbox 2744 5653 2904 5732; x_wconf 76' lang='lat' dir='ltr'><strong>etiam</strong></span> <span class='ocrx_word' id='word_1_930' title='bbox 2951 5668 3043 5720; x_wconf 77' lang='lat' dir='ltr'><strong>per</strong></span> <span class='ocrx_word' id='word_1_931' title='bbox 3075 5652 3702 5732; x_wconf 68' lang='lat' dir='ltr'><strong>indignosdilatart-tnr:</strong></span> <span class='ocrx_word' id='word_1_932' title='bbox 3736 5668 3861 5711; x_wconf 81' lang='lat' dir='ltr'><strong>tum</strong></span> 
     </span>
    </p>
   </div>
   <div class='ocr_carea' id='block_1_117' title="bbox 2270 5721 3854 5794">
    <p class='ocr_par' dir='ltr' id='par_1_117' title="bbox 2270 5721 3854 5794">
     <span class='ocr_line' id='line_1_117' title="bbox 2270 5721 3854 5794; baseline 0.006 -25"><span class='ocrx_word' id='word_1_933' title='bbox 2270 5721 2769 5794; x_wconf 50' lang='lat' dir='ltr'><strong>adporrectionem</strong></span> <span class='ocrx_word' id='word_1_934' title='bbox 2826 5724 3088 5788; x_wconf 87' lang='lat' dir='ltr'><strong>ipsorum,</strong></span> <span class='ocrx_word' id='word_1_935' title='bbox 3122 5721 3210 5790; x_wconf 86' lang='lat' dir='ltr'><strong>qui</strong></span> <span class='ocrx_word' id='word_1_936' title='bbox 3273 5723 3405 5775; x_wconf 77' lang='lat' dir='ltr'><strong>mira</strong></span> <span class='ocrx_word' id='word_1_937' title='bbox 3452 5728 3854 5792; x_wconf 85' lang='lat' dir='ltr'><strong>operabantur.</strong></span> 
     </span>
    </p>
   </div>
   <div class='ocr_carea' id='block_1_118' title="bbox 2277 5787 2939 5855">
    <p class='ocr_par' dir='ltr' id='par_1_118' title="bbox 2277 5787 2939 5855">
     <span class='ocr_line' id='line_1_118' title="bbox 2277 5787 2939 5855; baseline 0.005 -15"><span class='ocrx_word' id='word_1_938' title='bbox 2277 5787 2493 5844; x_wconf 72' lang='lat' dir='ltr'><strong>Videtur</strong></span> <span class='ocrx_word' id='word_1_939' title='bbox 2530 5800 2732 5855; x_wconf 86' lang='lat' dir='ltr'><strong>autem,</strong></span> <span class='ocrx_word' id='word_1_940' title='bbox 2768 5787 2872 5845; x_wconf 79' lang='lat' dir='ltr'><strong>etc.</strong></span> <span class='ocrx_word' id='word_1_941' title='bbox 2922 5811 2939 5843; x_wconf 86' lang='grc'>›</span> 
     </span>
    </p>
   </div>
  </div>
