  <div class='ocr_page' id='page_1' title='image "/cluster/home/n/w/nwhite01/storage/ocr_20150623/123/ien.35556001659978/305.png"; bbox 0 0 4028 6410; ppageno 0'>
   <div class='ocr_carea' id='block_1_1' title="bbox 549 344 653 411">
    <p class='ocr_par' dir='ltr' id='par_1_1' title="bbox 549 344 653 411">
     <span class='ocr_line' id='line_1_1' title="bbox 549 344 653 411; baseline -0.048 0"><span class='ocrx_word' id='word_1_1' title='bbox 549 344 653 411; x_wconf 62' lang='grc'><strong>565</strong></span> 
     </span>
    </p>
   </div>
   <div class='ocr_carea' id='block_1_2' title="bbox 1466 334 2872 401">
    <p class='ocr_par' dir='ltr' id='par_1_2' title="bbox 1466 334 2872 401">
     <span class='ocr_line' id='line_1_2' title="bbox 1466 334 2872 401; baseline -0.002 -1"><span class='ocrx_word' id='word_1_2' title='bbox 1466 338 2038 401; x_wconf 71' lang='grc' dir='ltr'><strong>τΗΕοΡΠΥιΑε-[Ι</strong></span> <span class='ocrx_word' id='word_1_3' title='bbox 2069 337 2478 400; x_wconf 64' lang='grc' dir='ltr'><strong>ΒΠΙΒΑΒῙΕ</strong></span> <span class='ocrx_word' id='word_1_4' title='bbox 2515 334 2872 398; x_wconf 81' lang='lat' dir='ltr'><strong>ARCHIEP.</strong></span> 
     </span>
    </p>
   </div>
   <div class='ocr_carea' id='block_1_3' title="bbox 3694 331 3806 397">
    <p class='ocr_par' dir='ltr' id='par_1_3' title="bbox 3694 331 3806 397">
     <span class='ocr_line' id='line_1_3' title="bbox 3694 331 3806 397; baseline 0.018 -1"><span class='ocrx_word' id='word_1_5' title='bbox 3694 331 3806 397; x_wconf 58' lang='lat'><strong>5%</strong></span> 
     </span>
    </p>
   </div>
   <div class='ocr_carea' id='block_1_4' title="bbox 548 420 2114 527">
    <p class='ocr_par' dir='ltr' id='par_1_4' title="bbox 548 442 2114 527">
     <span class='ocr_line' id='line_1_4' title="bbox 548 442 2114 527; baseline -0.006 -10"><span class='ocrx_word' id='word_1_6' title='bbox 548 478 677 526; x_wconf 65' lang='lat' dir='ltr'><strong>sum,</strong></span> <span class='ocrx_word' id='word_1_7' title='bbox 725 468 781 516; x_wconf 86' lang='lat' dir='ltr'><strong>et</strong></span> <span class='ocrx_word' id='word_1_8' title='bbox 830 458 957 515; x_wconf 84' lang='lat' dir='ltr'><strong>flent</strong></span> <span class='ocrx_word' id='word_1_9' title='bbox 998 458 1105 514; x_wconf 90' lang='lat' dir='ltr'><strong>duo</strong></span> <span class='ocrx_word' id='word_1_10' title='bbox 1131 471 1266 527; x_wconf 79' lang='lat' dir='ltr'><strong>caro</strong></span> <span class='ocrx_word' id='word_1_11' title='bbox 1304 471 1433 512; x_wconf 83' lang='lat' dir='ltr'><strong>una.</strong></span> <span class='ocrx_word' id='word_1_12' title='bbox 1483 442 1807 527; x_wconf 64' lang='lat' dir='ltr'><strong>Itaquenon</strong></span> <span class='ocrx_word' id='word_1_13' title='bbox 1831 458 1943 527; x_wconf 83' lang='lat' dir='ltr'><strong>jam</strong></span> <span class='ocrx_word' id='word_1_14' title='bbox 1990 464 2114 510; x_wconf 85' lang='lat' dir='ltr'><strong>sunt</strong></span> 
     </span>
    </p>
   </div>
   <div class='ocr_carea' id='block_1_5' title="bbox 2213 420 3813 527">
    <p class='ocr_par' dir='ltr' id='par_1_5' title="bbox 2216 447 3813 524">
     <span class='ocr_line' id='line_1_5' title="bbox 2216 447 3813 524; baseline -0.006 -16"><span class='ocrx_word' id='word_1_15' title='bbox 2216 454 2311 508; x_wconf 75' lang='grc' dir='ltr'><strong>καὶ</strong></span> <span class='ocrx_word' id='word_1_16' title='bbox 2344 453 2443 523; x_wconf 78' lang='grc' dir='ltr'>τὴν</span> <span class='ocrx_word' id='word_1_17' title='bbox 2498 452 2734 524; x_wconf 80' lang='grc' dir='ltr'>μητέρα.</span> <span class='ocrx_word' id='word_1_18' title='bbox 2772 450 2884 504; x_wconf 73' lang='grc' dir='ltr'>Καὶ</span> <span class='ocrx_word' id='word_1_19' title='bbox 2929 447 3470 520; x_wconf 73' lang='grc' dir='ltr'><strong>προσκολληθήσεται</strong></span> <span class='ocrx_word' id='word_1_20' title='bbox 3514 447 3655 519; x_wconf 80' lang='grc' dir='ltr'>πρὸς</span> <span class='ocrx_word' id='word_1_21' title='bbox 3703 447 3813 516; x_wconf 75' lang='grc' dir='ltr'>τὴν</span> 
     </span>
    </p>
   </div>
   <div class='ocr_carea' id='block_1_6' title="bbox 546 546 2110 620">
    <p class='ocr_par' dir='ltr' id='par_1_6' title="bbox 546 546 2110 620">
     <span class='ocr_line' id='line_1_6' title="bbox 546 546 2110 620; baseline -0.004 -11"><span class='ocrx_word' id='word_1_22' title='bbox 546 556 674 617; x_wconf 89' lang='lat' dir='ltr'><strong>duo,</strong></span> <span class='ocrx_word' id='word_1_23' title='bbox 719 552 812 608; x_wconf 88' lang='lat' dir='ltr'><strong>sed</strong></span> <span class='ocrx_word' id='word_1_24' title='bbox 869 566 972 605; x_wconf 88' lang='lat' dir='ltr'><strong>una</strong></span> <span class='ocrx_word' id='word_1_25' title='bbox 1032 564 1180 607; x_wconf 87' lang='lat' dir='ltr'><strong>caro.</strong></span> <span class='ocrx_word' id='word_1_26' title='bbox 1224 548 1377 615; x_wconf 86' lang='lat' dir='ltr'><strong>Quod</strong></span> <span class='ocrx_word' id='word_1_27' title='bbox 1424 549 1588 620; x_wconf 89' lang='lat' dir='ltr'><strong>igitur</strong></span> <span class='ocrx_word' id='word_1_28' title='bbox 1641 550 1784 603; x_wconf 88' lang='lat' dir='ltr'><strong>Deus</strong></span> <span class='ocrx_word' id='word_1_29' title='bbox 1816 546 2110 617; x_wconf 82' lang='lat' dir='ltr'><strong>copulavit,</strong></span> 
     </span>
    </p>
   </div>
   <div class='ocr_carea' id='block_1_7' title="bbox 547 639 2113 710">
    <p class='ocr_par' dir='ltr' id='par_1_7' title="bbox 547 639 2113 710">
     <span class='ocr_line' id='line_1_7' title="bbox 547 639 2113 710; baseline -0.004 -12"><span class='ocrx_word' id='word_1_30' title='bbox 547 655 705 698; x_wconf 85' lang='lat' dir='ltr'><strong>homo</strong></span> <span class='ocrx_word' id='word_1_31' title='bbox 743 658 814 697; x_wconf 90' lang='lat' dir='ltr'><strong>ne</strong></span> <span class='ocrx_word' id='word_1_32' title='bbox 862 651 1091 710; x_wconf 75' lang='lat' dir='ltr'><strong>separet.</strong></span> <span class='ocrx_word' id='word_1_33' title='bbox 1144 660 1164 693; x_wconf 76' lang='grc' dir='ltr'>ι</span> <span class='ocrx_word' id='word_1_34' title='bbox 1204 640 1586 709; x_wconf 66' lang='lat' dir='ltr'><strong>Saepenumero</strong></span> <span class='ocrx_word' id='word_1_35' title='bbox 1636 639 1971 706; x_wconf 79' lang='lat' dir='ltr'><strong>relinquebat</strong></span> <span class='ocrx_word' id='word_1_36' title='bbox 2005 639 2113 692; x_wconf 86' lang='lat' dir='ltr'><strong>Do-</strong></span> 
     </span>
    </p>
   </div>
   <div class='ocr_carea' id='block_1_8' title="bbox 547 728 2112 802">
    <p class='ocr_par' dir='ltr' id='par_1_8' title="bbox 547 728 2112 802">
     <span class='ocr_line' id='line_1_8' title="bbox 547 728 2112 802; baseline -0.004 -15"><span class='ocrx_word' id='word_1_37' title='bbox 547 731 968 787; x_wconf 62' lang='lat' dir='ltr'><strong>minus-Iudaeos</strong></span> <span class='ocrx_word' id='word_1_38' title='bbox 997 742 1217 802; x_wconf 73' lang='lat' dir='ltr'><strong>propter</strong></span> <span class='ocrx_word' id='word_1_39' title='bbox 1249 731 1504 784; x_wconf 75' lang='lat' dir='ltr'><strong>invidiam</strong></span> <span class='ocrx_word' id='word_1_40' title='bbox 1555 728 1791 793; x_wconf 90' lang='lat' dir='ltr'><strong>illorum,</strong></span> <span class='ocrx_word' id='word_1_41' title='bbox 1836 744 1983 784; x_wconf 87' lang='lat' dir='ltr'><strong>nunc</strong></span> <span class='ocrx_word' id='word_1_42' title='bbox 2012 744 2112 781; x_wconf 85' lang='lat' dir='ltr'><strong>au-</strong></span> 
     </span>
    </p>
   </div>
   <div class='ocr_carea' id='block_1_9' title="bbox 546 822 2114 893">
    <p class='ocr_par' dir='ltr' id='par_1_9' title="bbox 546 822 2114 893">
     <span class='ocr_line' id='line_1_9' title="bbox 546 822 2114 893; baseline -0.002 -14"><span class='ocrx_word' id='word_1_43' title='bbox 546 835 650 879; x_wconf 88' lang='lat' dir='ltr'><strong>tem</strong></span> <span class='ocrx_word' id='word_1_44' title='bbox 681 825 875 878; x_wconf 88' lang='lat' dir='ltr'><strong>iterum</strong></span> <span class='ocrx_word' id='word_1_45' title='bbox 908 825 960 878; x_wconf 93' lang='lat' dir='ltr'><strong>in</strong></span> <span class='ocrx_word' id='word_1_46' title='bbox 988 839 1174 878; x_wconf 88' lang='lat' dir='ltr'><strong>eorum</strong></span> <span class='ocrx_word' id='word_1_47' title='bbox 1212 824 1483 893; x_wconf 78' lang='lat' dir='ltr'><strong>regionem</strong></span> <span class='ocrx_word' id='word_1_48' title='bbox 1508 822 1723 886; x_wconf 89' lang='lat' dir='ltr'><strong>transit,</strong></span> <span class='ocrx_word' id='word_1_49' title='bbox 1753 824 1877 891; x_wconf 83' lang='lat' dir='ltr'><strong>quia</strong></span> <span class='ocrx_word' id='word_1_50' title='bbox 1904 823 2114 890; x_wconf 87' lang='lat' dir='ltr'><strong>passio-</strong></span> 
     </span>
    </p>
   </div>
   <div class='ocr_carea' id='block_1_10' title="bbox 544 911 2109 985">
    <p class='ocr_par' dir='ltr' id='par_1_10' title="bbox 544 911 2109 985">
     <span class='ocr_line' id='line_1_10' title="bbox 544 911 2109 985; baseline -0.001 -16"><span class='ocrx_word' id='word_1_51' title='bbox 544 918 628 969; x_wconf 91' lang='lat' dir='ltr'><strong>nis</strong></span> <span class='ocrx_word' id='word_1_52' title='bbox 659 927 870 985; x_wconf 84' lang='lat' dir='ltr'><strong>tempus</strong></span> <span class='ocrx_word' id='word_1_53' title='bbox 902 914 1384 984; x_wconf 79' lang='lat' dir='ltr'><strong>appmpiuquabat.</strong></span> <span class='ocrx_word' id='word_1_54' title='bbox 1434 911 1542 968; x_wconf 86' lang='lat' dir='ltr'><strong>Nec</strong></span> <span class='ocrx_word' id='word_1_55' title='bbox 1572 927 1701 967; x_wconf 91' lang='lat' dir='ltr'><strong>vero</strong></span> <span class='ocrx_word' id='word_1_56' title='bbox 1739 913 2109 983; x_wconf 83' lang='lat' dir='ltr'><strong>Hierosolyma</strong></span> 
     </span>
    </p>
   </div>
   <div class='ocr_carea' id='block_1_11' title="bbox 543 1003 2115 1076">
    <p class='ocr_par' dir='ltr' id='par_1_11' title="bbox 543 1003 2115 1076">
     <span class='ocr_line' id='line_1_11' title="bbox 543 1003 2115 1076; baseline -0.001 -16"><span class='ocrx_word' id='word_1_57' title='bbox 543 1021 687 1063; x_wconf 74' lang='lat' dir='ltr'><strong>nunc</strong></span> <span class='ocrx_word' id='word_1_58' title='bbox 712 1010 976 1072; x_wconf 79' lang='lat' dir='ltr'><strong>ascendit,</strong></span> <span class='ocrx_word' id='word_1_59' title='bbox 1026 1008 1119 1060; x_wconf 80' lang='lat' dir='ltr'><strong>sed</strong></span> <span class='ocrx_word' id='word_1_60' title='bbox 1164 1006 1215 1059; x_wconf 92' lang='lat' dir='ltr'><strong>in</strong></span> <span class='ocrx_word' id='word_1_61' title='bbox 1253 1006 1385 1059; x_wconf 84' lang='lat' dir='ltr'><strong>ﬁnes</strong></span> <span class='ocrx_word' id='word_1_62' title='bbox 1408 1004 1629 1071; x_wconf 68' lang='lat' dir='ltr'><strong>Judzeae,</strong></span> <span class='ocrx_word' id='word_1_63' title='bbox 1672 1016 1725 1060; x_wconf 91' lang='lat' dir='ltr'><strong>ut</strong></span> <span class='ocrx_word' id='word_1_64' title='bbox 1758 1006 1953 1076; x_wconf 91' lang='lat' dir='ltr'><strong>populo</strong></span> <span class='ocrx_word' id='word_1_65' title='bbox 1982 1003 2115 1059; x_wconf 85' lang='lat' dir='ltr'><strong>sim-</strong></span> 
     </span>
    </p>
   </div>
   <div class='ocr_carea' id='block_1_12' title="bbox 542 1097 2111 1170">
    <p class='ocr_par' dir='ltr' id='par_1_12' title="bbox 542 1097 2111 1170">
     <span class='ocr_line' id='line_1_12' title="bbox 542 1097 2111 1170; baseline 0 -16"><span class='ocrx_word' id='word_1_66' title='bbox 542 1097 669 1168; x_wconf 85' lang='lat' dir='ltr'><strong>plici</strong></span> <span class='ocrx_word' id='word_1_67' title='bbox 704 1099 1014 1167; x_wconf 75' lang='lat' dir='ltr'><strong>prodesset.</strong></span> <span class='ocrx_word' id='word_1_68' title='bbox 1068 1098 1438 1170; x_wconf 86' lang='lat' dir='ltr'><strong>Hierosolyma</strong></span> <span class='ocrx_word' id='word_1_69' title='bbox 1470 1100 1613 1153; x_wconf 90' lang='lat' dir='ltr'><strong>enim</strong></span> <span class='ocrx_word' id='word_1_70' title='bbox 1664 1099 1844 1153; x_wconf 75' lang='lat' dir='ltr'><strong>omnis</strong></span> <span class='ocrx_word' id='word_1_71' title='bbox 1895 1100 2111 1154; x_wconf 65' lang='lat' dir='ltr'><strong>malitiae</strong></span> 
     </span>
    </p>
   </div>
   <div class='ocr_carea' id='block_1_13' title="bbox 541 1190 2110 1261">
    <p class='ocr_par' dir='ltr' id='par_1_13' title="bbox 541 1190 2110 1261">
     <span class='ocr_line' id='line_1_13' title="bbox 541 1190 2110 1261; baseline -0.001 -16"><span class='ocrx_word' id='word_1_72' title='bbox 541 1192 753 1245; x_wconf 82' lang='lat' dir='ltr'><strong>oﬂicina</strong></span> <span class='ocrx_word' id='word_1_73' title='bbox 784 1201 961 1256; x_wconf 90' lang='lat' dir='ltr'><strong>erant,</strong></span> <span class='ocrx_word' id='word_1_74' title='bbox 984 1201 1205 1261; x_wconf 87' lang='lat' dir='ltr'><strong>propter</strong></span> <span class='ocrx_word' id='word_1_75' title='bbox 1232 1192 1624 1245; x_wconf 61' lang='lat' dir='ltr'><strong>Pharisaeorum</strong></span> <span class='ocrx_word' id='word_1_76' title='bbox 1658 1194 1938 1246; x_wconf 84' lang='lat' dir='ltr'><strong>malitiam.</strong></span> <span class='ocrx_word' id='word_1_77' title='bbox 1975 1190 2110 1246; x_wconf 91' lang='lat' dir='ltr'><strong>Vide</strong></span> 
     </span>
    </p>
   </div>
   <div class='ocr_carea' id='block_1_14' title="bbox 541 1283 2109 1354">
    <p class='ocr_par' dir='ltr' id='par_1_14' title="bbox 541 1283 2109 1354">
     <span class='ocr_line' id='line_1_14' title="bbox 541 1283 2109 1354; baseline -0.001 -17"><span class='ocrx_word' id='word_1_78' title='bbox 541 1299 671 1354; x_wconf 80' lang='lat' dir='ltr'><strong>ergo</strong></span> <span class='ocrx_word' id='word_1_79' title='bbox 702 1283 960 1337; x_wconf 79' lang='lat' dir='ltr'><strong>malitiam</strong></span> <span class='ocrx_word' id='word_1_80' title='bbox 989 1283 1229 1347; x_wconf 90' lang='lat' dir='ltr'><strong>illorum,</strong></span> <span class='ocrx_word' id='word_1_81' title='bbox 1269 1284 1539 1353; x_wconf 90' lang='lat' dir='ltr'><strong>quomodo</strong></span> <span class='ocrx_word' id='word_1_82' title='bbox 1565 1293 1771 1339; x_wconf 89' lang='lat' dir='ltr'><strong>tentent</strong></span> <span class='ocrx_word' id='word_1_83' title='bbox 1794 1284 2109 1349; x_wconf 88' lang='lat' dir='ltr'><strong>Dominum,</strong></span> 
     </span>
    </p>
   </div>
   <div class='ocr_carea' id='block_1_15' title="bbox 542 1373 2110 1449">
    <p class='ocr_par' dir='ltr' id='par_1_15' title="bbox 542 1373 2110 1449">
     <span class='ocr_line' id='line_1_15' title="bbox 542 1373 2110 1449; baseline 0.001 -21"><span class='ocrx_word' id='word_1_84' title='bbox 542 1390 650 1428; x_wconf 87' lang='lat' dir='ltr'><strong>non</strong></span> <span class='ocrx_word' id='word_1_85' title='bbox 682 1373 1055 1449; x_wconf 70' lang='lat' dir='ltr'><strong>relinquentes</strong></span> <span class='ocrx_word' id='word_1_86' title='bbox 1092 1373 1263 1437; x_wconf 91' lang='lat' dir='ltr'><strong>illum,</strong></span> <span class='ocrx_word' id='word_1_87' title='bbox 1314 1390 1380 1428; x_wconf 90' lang='lat' dir='ltr'><strong>ne</strong></span> <span class='ocrx_word' id='word_1_88' title='bbox 1419 1375 1643 1429; x_wconf 86' lang='lat' dir='ltr'><strong>credant</strong></span> <span class='ocrx_word' id='word_1_89' title='bbox 1685 1376 1732 1429; x_wconf 92' lang='lat' dir='ltr'><strong>ei</strong></span> <span class='ocrx_word' id='word_1_90' title='bbox 1770 1376 1981 1441; x_wconf 66' lang='lat' dir='ltr'><strong>turbae;</strong></span> <span class='ocrx_word' id='word_1_91' title='bbox 2015 1376 2110 1430; x_wconf 83' lang='lat' dir='ltr'><strong>sed</strong></span> 
     </span>
    </p>
   </div>
   <div class='ocr_carea' id='block_1_16' title="bbox 538 1466 2102 1534">
    <p class='ocr_par' dir='ltr' id='par_1_16' title="bbox 538 1466 2102 1534">
     <span class='ocr_line' id='line_1_16' title="bbox 538 1466 2102 1534; baseline -0.001 -13"><span class='ocrx_word' id='word_1_92' title='bbox 538 1481 753 1533; x_wconf 82' lang='lat' dir='ltr'><strong>semper</strong></span> <span class='ocrx_word' id='word_1_93' title='bbox 782 1466 1064 1529; x_wconf 88' lang='lat' dir='ltr'><strong>accedunt,</strong></span> <span class='ocrx_word' id='word_1_94' title='bbox 1093 1474 1146 1518; x_wconf 92' lang='lat' dir='ltr'><strong>et</strong></span> <span class='ocrx_word' id='word_1_95' title='bbox 1179 1473 1403 1533; x_wconf 81' lang='lat' dir='ltr'><strong>sperant</strong></span> <span class='ocrx_word' id='word_1_96' title='bbox 1445 1480 1504 1520; x_wconf 92' lang='lat' dir='ltr'><strong>se</strong></span> <span class='ocrx_word' id='word_1_97' title='bbox 1532 1466 1924 1534; x_wconf 62' lang='lat' dir='ltr'><strong>quastionibus</strong></span> <span class='ocrx_word' id='word_1_98' title='bbox 1953 1467 2102 1521; x_wconf 89' lang='lat' dir='ltr'><strong>illum</strong></span> 
     </span>
    </p>
   </div>
   <div class='ocr_carea' id='block_1_17' title="bbox 539 1557 2110 1628">
    <p class='ocr_par' dir='ltr' id='par_1_17' title="bbox 539 1557 2110 1628">
     <span class='ocr_line' id='line_1_17' title="bbox 539 1557 2110 1628; baseline 0.001 -17"><span class='ocrx_word' id='word_1_99' title='bbox 539 1559 780 1614; x_wconf 87' lang='lat' dir='ltr'><strong>facturos</strong></span> <span class='ocrx_word' id='word_1_100' title='bbox 810 1558 1119 1628; x_wconf 76' lang='lat' dir='ltr'><strong>perplexum</strong></span> <span class='ocrx_word' id='word_1_101' title='bbox 1182 1558 1363 1613; x_wconf 83' lang='lat' dir='ltr'><strong>animo</strong></span> <span class='ocrx_word' id='word_1_102' title='bbox 1386 1567 1439 1612; x_wconf 92' lang='lat' dir='ltr'><strong>et</strong></span> <span class='ocrx_word' id='word_1_103' title='bbox 1492 1557 1883 1613; x_wconf 88' lang='lat' dir='ltr'><strong>confutaturos.</strong></span> <span class='ocrx_word' id='word_1_104' title='bbox 1932 1560 2110 1627; x_wconf 79' lang='lat' dir='ltr'><strong>Roga-</strong></span> 
     </span>
    </p>
   </div>
   <div class='ocr_carea' id='block_1_18' title="bbox 540 1648 2111 1719">
    <p class='ocr_par' dir='ltr' id='par_1_18' title="bbox 540 1648 2111 1719">
     <span class='ocr_line' id='line_1_18' title="bbox 540 1648 2111 1719; baseline 0.002 -16"><span class='ocrx_word' id='word_1_105' title='bbox 540 1649 671 1703; x_wconf 87' lang='lat' dir='ltr'><strong>bant</strong></span> <span class='ocrx_word' id='word_1_106' title='bbox 695 1648 837 1704; x_wconf 89' lang='lat' dir='ltr'><strong>enim</strong></span> <span class='ocrx_word' id='word_1_107' title='bbox 870 1648 1217 1718; x_wconf 65' lang='lat' dir='ltr'><strong>quiestimiem</strong></span> <span class='ocrx_word' id='word_1_108' title='bbox 1243 1664 1367 1718; x_wconf 73' lang='lat' dir='ltr'><strong>qua:</strong></span> <span class='ocrx_word' id='word_1_109' title='bbox 1398 1649 1657 1719; x_wconf 89' lang='lat' dir='ltr'><strong>utrinque</strong></span> <span class='ocrx_word' id='word_1_110' title='bbox 1683 1650 1983 1719; x_wconf 70' lang='lat' dir='ltr'><strong>praecipitia</strong></span> <span class='ocrx_word' id='word_1_111' title='bbox 2018 1651 2111 1706; x_wconf 86' lang='lat' dir='ltr'><strong>ba-</strong></span> 
     </span>
    </p>
   </div>
   <div class='ocr_carea' id='block_1_19' title="bbox 539 1739 2109 1797">
    <p class='ocr_par' dir='ltr' id='par_1_19' title="bbox 539 1739 2109 1797">
     <span class='ocr_line' id='line_1_19' title="bbox 539 1739 2109 1797; baseline 0.002 -3"><span class='ocrx_word' id='word_1_112' title='bbox 539 1739 740 1795; x_wconf 88' lang='lat' dir='ltr'><strong>bebat:</strong></span> <span class='ocrx_word' id='word_1_113' title='bbox 778 1756 845 1793; x_wconf 89' lang='lat' dir='ltr'><strong>an</strong></span> <span class='ocrx_word' id='word_1_114' title='bbox 879 1740 1039 1795; x_wconf 83' lang='lat' dir='ltr'><strong>liceat</strong></span> <span class='ocrx_word' id='word_1_115' title='bbox 1080 1740 1285 1794; x_wconf 85' lang='lat' dir='ltr'><strong>homini</strong></span> <span class='ocrx_word' id='word_1_116' title='bbox 1314 1756 1534 1796; x_wconf 82' lang='lat' dir='ltr'><strong>uxorem</strong></span> <span class='ocrx_word' id='word_1_117' title='bbox 1560 1742 1875 1797; x_wconf 83' lang='lat' dir='ltr'><strong>dimittere?</strong></span> <span class='ocrx_word' id='word_1_118' title='bbox 1901 1741 2029 1796; x_wconf 81' lang='lat' dir='ltr'><strong>Nam</strong></span> <span class='ocrx_word' id='word_1_119' title='bbox 2062 1742 2109 1797; x_wconf 88' lang='lat' dir='ltr'><strong>si</strong></span> 
     </span>
    </p>
   </div>
   <div class='ocr_carea' id='block_1_20' title="bbox 543 1828 2111 1899">
    <p class='ocr_par' dir='ltr' id='par_1_20' title="bbox 543 1828 2111 1899">
     <span class='ocr_line' id='line_1_20' title="bbox 543 1828 2111 1899; baseline 0.004 -18"><span class='ocrx_word' id='word_1_120' title='bbox 543 1832 751 1883; x_wconf 76' lang='lat' dir='ltr'><strong>diceret</strong></span> <span class='ocrx_word' id='word_1_121' title='bbox 782 1829 925 1898; x_wconf 88' lang='lat' dir='ltr'><strong>quod</strong></span> <span class='ocrx_word' id='word_1_122' title='bbox 969 1828 1157 1883; x_wconf 86' lang='lat' dir='ltr'><strong>liceret</strong></span> <span class='ocrx_word' id='word_1_123' title='bbox 1187 1828 1488 1893; x_wconf 81' lang='lat' dir='ltr'><strong>absolvere,</strong></span> <span class='ocrx_word' id='word_1_124' title='bbox 1521 1829 1849 1899; x_wconf 72' lang='lat' dir='ltr'><strong>obiecissent</strong></span> <span class='ocrx_word' id='word_1_125' title='bbox 1883 1832 1930 1886; x_wconf 89' lang='lat' dir='ltr'><strong>ei</strong></span> <span class='ocrx_word' id='word_1_126' title='bbox 1967 1831 2111 1899; x_wconf 88' lang='lat' dir='ltr'><strong>quod</strong></span> 
     </span>
    </p>
   </div>
   <div class='ocr_carea' id='block_1_21' title="bbox 540 1920 2109 1977">
    <p class='ocr_par' dir='ltr' id='par_1_21' title="bbox 540 1920 2109 1977">
     <span class='ocr_line' id='line_1_21' title="bbox 540 1920 2109 1977; baseline 0.001 -2"><span class='ocrx_word' id='word_1_127' title='bbox 540 1920 770 1975; x_wconf 81' lang='lat' dir='ltr'><strong>dixisset</strong></span> <span class='ocrx_word' id='word_1_128' title='bbox 802 1930 954 1975; x_wconf 84' lang='lat' dir='ltr'><strong>extra</strong></span> <span class='ocrx_word' id='word_1_129' title='bbox 995 1936 1215 1976; x_wconf 82' lang='lat' dir='ltr'><strong>causam</strong></span> <span class='ocrx_word' id='word_1_130' title='bbox 1257 1920 1633 1975; x_wconf 78' lang='lat' dir='ltr'><strong>fornicationis</strong></span> <span class='ocrx_word' id='word_1_131' title='bbox 1667 1938 1773 1977; x_wconf 92' lang='lat' dir='ltr'><strong>non</strong></span> <span class='ocrx_word' id='word_1_132' title='bbox 1818 1922 1983 1977; x_wconf 89' lang='lat' dir='ltr'><strong>licere</strong></span> <span class='ocrx_word' id='word_1_133' title='bbox 2010 1925 2109 1977; x_wconf 57' lang='lat' dir='ltr'><strong>ab.</strong></span> 
     </span>
    </p>
   </div>
   <div class='ocr_carea' id='block_1_22' title="bbox 540 2012 2111 2082">
    <p class='ocr_par' dir='ltr' id='par_1_22' title="bbox 540 2012 2111 2082">
     <span class='ocr_line' id='line_1_22' title="bbox 540 2012 2111 2082; baseline -0.001 -14"><span class='ocrx_word' id='word_1_134' title='bbox 540 2013 772 2068; x_wconf 73' lang='lat' dir='ltr'><strong>solvere.</strong></span> <span class='ocrx_word' id='word_1_135' title='bbox 809 2013 865 2066; x_wconf 84' lang='lat' dir='ltr'><strong>Si</strong></span> <span class='ocrx_word' id='word_1_136' title='bbox 900 2021 1078 2066; x_wconf 72' lang='lat' dir='ltr'><strong>autem</strong></span> <span class='ocrx_word' id='word_1_137' title='bbox 1124 2012 1329 2066; x_wconf 83' lang='lat' dir='ltr'><strong>diceret</strong></span> <span class='ocrx_word' id='word_1_138' title='bbox 1361 2014 1504 2082; x_wconf 84' lang='lat' dir='ltr'><strong>quod</strong></span> <span class='ocrx_word' id='word_1_139' title='bbox 1554 2027 1658 2064; x_wconf 89' lang='lat' dir='ltr'><strong>non</strong></span> <span class='ocrx_word' id='word_1_140' title='bbox 1697 2012 1906 2077; x_wconf 86' lang='lat' dir='ltr'><strong>liceret,</strong></span> <span class='ocrx_word' id='word_1_141' title='bbox 1943 2022 2111 2067; x_wconf 83' lang='lat' dir='ltr'><strong>taxa-</strong></span> 
     </span>
    </p>
   </div>
   <div class='ocr_carea' id='block_1_23' title="bbox 544 2102 2111 2161">
    <p class='ocr_par' dir='ltr' id='par_1_23' title="bbox 544 2102 2111 2161">
     <span class='ocr_line' id='line_1_23' title="bbox 544 2102 2111 2161; baseline 0.003 -5"><span class='ocrx_word' id='word_1_142' title='bbox 544 2113 665 2158; x_wconf 85' lang='lat' dir='ltr'><strong>rent</strong></span> <span class='ocrx_word' id='word_1_143' title='bbox 687 2119 808 2159; x_wconf 88' lang='lat' dir='ltr'><strong>eum</strong></span> <span class='ocrx_word' id='word_1_144' title='bbox 844 2113 902 2158; x_wconf 91' lang='lat' dir='ltr'><strong>ut</strong></span> <span class='ocrx_word' id='word_1_145' title='bbox 933 2104 1302 2156; x_wconf 85' lang='lat' dir='ltr'><strong>adversarium</strong></span> <span class='ocrx_word' id='word_1_146' title='bbox 1340 2102 1605 2157; x_wconf 83' lang='lat' dir='ltr'><strong>doctrinis</strong></span> <span class='ocrx_word' id='word_1_147' title='bbox 1656 2104 1820 2158; x_wconf 88' lang='lat' dir='ltr'><strong>Mosi.</strong></span> <span class='ocrx_word' id='word_1_148' title='bbox 1862 2104 2111 2161; x_wconf 85' lang='lat' dir='ltr'><strong>Christus</strong></span> 
     </span>
    </p>
   </div>
   <div class='ocr_carea' id='block_1_24' title="bbox 530 2182 2113 2267">
    <p class='ocr_par' dir='ltr' id='par_1_24' title="bbox 530 2182 2113 2267">
     <span class='ocr_line' id='line_1_24' title="bbox 530 2182 2113 2267; baseline 0.003 -20"><span class='ocrx_word' id='word_1_149' title='bbox 530 2198 728 2267; x_wconf 69' lang='lat' dir='ltr'><strong>igitur,</strong></span> <span class='ocrx_word' id='word_1_150' title='bbox 757 2197 847 2265; x_wconf 87' lang='lat' dir='ltr'><strong>qui</strong></span> <span class='ocrx_word' id='word_1_151' title='bbox 872 2206 953 2251; x_wconf 91' lang='lat' dir='ltr'><strong>est</strong></span> <span class='ocrx_word' id='word_1_152' title='bbox 978 2196 1237 2264; x_wconf 83' lang='lat' dir='ltr'><strong>sapientia</strong></span> <span class='ocrx_word' id='word_1_153' title='bbox 1270 2195 1407 2265; x_wconf 86' lang='lat' dir='ltr'><strong>ipsa,</strong></span> <span class='ocrx_word' id='word_1_154' title='bbox 1431 2195 1723 2264; x_wconf 88' lang='lat' dir='ltr'><strong>respondet</strong></span> <span class='ocrx_word' id='word_1_155' title='bbox 1746 2182 1835 2250; x_wconf 68' lang='lat' dir='ltr'><strong>eis</strong></span> <span class='ocrx_word' id='word_1_156' title='bbox 1850 2211 2113 2266; x_wconf 87' lang='lat' dir='ltr'><strong>responso</strong></span> 
     </span>
    </p>
   </div>
   <div class='ocr_carea' id='block_1_25' title="bbox 542 2285 2111 2356">
    <p class='ocr_par' dir='ltr' id='par_1_25' title="bbox 542 2285 2111 2356">
     <span class='ocr_line' id='line_1_25' title="bbox 542 2285 2111 2356; baseline 0.002 -20"><span class='ocrx_word' id='word_1_157' title='bbox 542 2302 653 2356; x_wconf 88' lang='lat' dir='ltr'><strong>quo</strong></span> <span class='ocrx_word' id='word_1_158' title='bbox 680 2287 900 2355; x_wconf 81' lang='lat' dir='ltr'><strong>laqueos</strong></span> <span class='ocrx_word' id='word_1_159' title='bbox 938 2286 1151 2340; x_wconf 89' lang='lat' dir='ltr'><strong>illorum</strong></span> <span class='ocrx_word' id='word_1_160' title='bbox 1200 2285 1411 2355; x_wconf 58' lang='lat' dir='ltr'><strong>eﬂ‘ugit,</strong></span> <span class='ocrx_word' id='word_1_161' title='bbox 1442 2286 1615 2355; x_wconf 82' lang='lat' dir='ltr'><strong>Rogat</strong></span> <span class='ocrx_word' id='word_1_162' title='bbox 1642 2289 1787 2339; x_wconf 87' lang='lat' dir='ltr'><strong>enim</strong></span> <span class='ocrx_word' id='word_1_163' title='bbox 1832 2285 1954 2340; x_wconf 93' lang='lat' dir='ltr'><strong>illos</strong></span> <span class='ocrx_word' id='word_1_164' title='bbox 1981 2287 2111 2355; x_wconf 86' lang='lat' dir='ltr'><strong>quid</strong></span> 
     </span>
    </p>
   </div>
   <div class='ocr_carea' id='block_1_26' title="bbox 540 2379 2116 2448">
    <p class='ocr_par' dir='ltr' id='par_1_26' title="bbox 540 2379 2116 2448">
     <span class='ocr_line' id='line_1_26' title="bbox 540 2379 2116 2448; baseline 0 -15"><span class='ocrx_word' id='word_1_165' title='bbox 540 2380 623 2435; x_wconf 86' lang='lat' dir='ltr'><strong>eis</strong></span> <span class='ocrx_word' id='word_1_166' title='bbox 654 2379 967 2448; x_wconf 67' lang='lat' dir='ltr'><strong>pra&#39;ceperit</strong></span> <span class='ocrx_word' id='word_1_167' title='bbox 994 2379 1192 2433; x_wconf 80' lang='lat' dir='ltr'><strong>Moses.</strong></span> <span class='ocrx_word' id='word_1_168' title='bbox 1222 2379 1355 2433; x_wconf 86' lang='lat' dir='ltr'><strong>Cum</strong></span> <span class='ocrx_word' id='word_1_169' title='bbox 1379 2387 1554 2433; x_wconf 88' lang='lat' dir='ltr'><strong>autem</strong></span> <span class='ocrx_word' id='word_1_170' title='bbox 1587 2379 1658 2432; x_wconf 84' lang='lat' dir='ltr'><strong>illi</strong></span> <span class='ocrx_word' id='word_1_171' title='bbox 1686 2380 1949 2433; x_wconf 77' lang='lat' dir='ltr'><strong>dixissent</strong></span> <span class='ocrx_word' id='word_1_172' title='bbox 1979 2394 2116 2448; x_wconf 69' lang='lat' dir='ltr'><strong>prae-</strong></span> 
     </span>
    </p>
   </div>
   <div class='ocr_carea' id='block_1_27' title="bbox 542 2471 2107 2541">
    <p class='ocr_par' dir='ltr' id='par_1_27' title="bbox 542 2471 2107 2541">
     <span class='ocr_line' id='line_1_27' title="bbox 542 2471 2107 2541; baseline -0.001 -13"><span class='ocrx_word' id='word_1_173' title='bbox 542 2484 755 2541; x_wconf 85' lang='lat' dir='ltr'><strong>ceptum</strong></span> <span class='ocrx_word' id='word_1_174' title='bbox 785 2487 905 2527; x_wconf 89' lang='lat' dir='ltr'><strong>esse</strong></span> <span class='ocrx_word' id='word_1_175' title='bbox 939 2472 1336 2533; x_wconf 83' lang='lat' dir='ltr'><strong>dimittendam,</strong></span> <span class='ocrx_word' id='word_1_176' title='bbox 1371 2471 1759 2541; x_wconf 80' lang='lat' dir='ltr'><strong>interpretatur</strong></span> <span class='ocrx_word' id='word_1_177' title='bbox 1800 2473 1879 2526; x_wconf 83' lang='lat' dir='ltr'><strong>eis</strong></span> <span class='ocrx_word' id='word_1_178' title='bbox 1915 2473 2107 2540; x_wconf 79' lang='lat' dir='ltr'><strong>legem.</strong></span> 
     </span>
    </p>
   </div>
   <div class='ocr_carea' id='block_1_28' title="bbox 544 2564 2114 2634">
    <p class='ocr_par' dir='ltr' id='par_1_28' title="bbox 544 2564 2114 2634">
     <span class='ocr_line' id='line_1_28' title="bbox 544 2564 2114 2634; baseline 0.001 -15"><span class='ocrx_word' id='word_1_179' title='bbox 544 2564 659 2619; x_wconf 79' lang='lat' dir='ltr'><strong>Non</strong></span> <span class='ocrx_word' id='word_1_180' title='bbox 701 2567 835 2621; x_wconf 88' lang='lat' dir='ltr'><strong>adeo</strong></span> <span class='ocrx_word' id='word_1_181' title='bbox 870 2566 1107 2621; x_wconf 90' lang='lat' dir='ltr'><strong>crudelis</strong></span> <span class='ocrx_word' id='word_1_182' title='bbox 1132 2574 1251 2620; x_wconf 90' lang='lat' dir='ltr'><strong>erat</strong></span> <span class='ocrx_word' id='word_1_183' title='bbox 1283 2564 1484 2629; x_wconf 74' lang='lat' dir='ltr'><strong>Moses,</strong></span> <span class='ocrx_word' id='word_1_184' title='bbox 1517 2566 1711 2634; x_wconf 88' lang='lat' dir='ltr'><strong>inquit,</strong></span> <span class='ocrx_word' id='word_1_185' title='bbox 1745 2573 1800 2619; x_wconf 88' lang='lat' dir='ltr'><strong>ut</strong></span> <span class='ocrx_word' id='word_1_186' title='bbox 1844 2566 2002 2618; x_wconf 84' lang='lat' dir='ltr'><strong>talem</strong></span> <span class='ocrx_word' id='word_1_187' title='bbox 2032 2566 2114 2620; x_wconf 85' lang='lat' dir='ltr'><strong>in-</strong></span> 
     </span>
    </p>
   </div>
   <div class='ocr_carea' id='block_1_29' title="bbox 545 2654 2111 2725">
    <p class='ocr_par' dir='ltr' id='par_1_29' title="bbox 545 2654 2111 2725">
     <span class='ocr_line' id='line_1_29' title="bbox 545 2654 2111 2725; baseline 0.004 -18"><span class='ocrx_word' id='word_1_188' title='bbox 545 2654 854 2709; x_wconf 88' lang='lat' dir='ltr'><strong>troduceret</strong></span> <span class='ocrx_word' id='word_1_189' title='bbox 909 2654 1103 2725; x_wconf 86' lang='lat' dir='ltr'><strong>legem,</strong></span> <span class='ocrx_word' id='word_1_190' title='bbox 1151 2655 1243 2710; x_wconf 87' lang='lat' dir='ltr'><strong>sed</strong></span> <span class='ocrx_word' id='word_1_191' title='bbox 1297 2657 1361 2709; x_wconf 89' lang='lat' dir='ltr'><strong>ad</strong></span> <span class='ocrx_word' id='word_1_192' title='bbox 1410 2657 1576 2710; x_wconf 84' lang='lat' dir='ltr'><strong>vestri</strong></span> <span class='ocrx_word' id='word_1_193' title='bbox 1630 2657 1811 2711; x_wconf 85' lang='lat' dir='ltr'><strong>cordis</strong></span> <span class='ocrx_word' id='word_1_194' title='bbox 1857 2658 2111 2713; x_wconf 87' lang='lat' dir='ltr'><strong>duritiam</strong></span> 
     </span>
    </p>
   </div>
   <div class='ocr_carea' id='block_1_30' title="bbox 542 2746 2115 2816">
    <p class='ocr_par' dir='ltr' id='par_1_30' title="bbox 542 2746 2115 2816">
     <span class='ocr_line' id='line_1_30' title="bbox 542 2746 2115 2816; baseline 0.002 -15"><span class='ocrx_word' id='word_1_195' title='bbox 542 2748 763 2816; x_wconf 85' lang='lat' dir='ltr'><strong>scripsit</strong></span> <span class='ocrx_word' id='word_1_196' title='bbox 785 2747 908 2802; x_wconf 89' lang='lat' dir='ltr'><strong>hoc.</strong></span> <span class='ocrx_word' id='word_1_197' title='bbox 955 2749 1096 2803; x_wconf 79' lang='lat' dir='ltr'><strong>Deus</strong></span> <span class='ocrx_word' id='word_1_198' title='bbox 1126 2748 1271 2802; x_wconf 88' lang='lat' dir='ltr'><strong>enim</strong></span> <span class='ocrx_word' id='word_1_199' title='bbox 1306 2749 1485 2811; x_wconf 83' lang='lat' dir='ltr'><strong>sciens</strong></span> <span class='ocrx_word' id='word_1_200' title='bbox 1510 2746 1814 2802; x_wconf 73' lang='lat' dir='ltr'><strong>Judazorum</strong></span> <span class='ocrx_word' id='word_1_201' title='bbox 1851 2749 2115 2804; x_wconf 88' lang='lat' dir='ltr'><strong>inhuma-</strong></span> 
     </span>
    </p>
   </div>
   <div class='ocr_carea' id='block_1_31' title="bbox 542 2836 2116 2908">
    <p class='ocr_par' dir='ltr' id='par_1_31' title="bbox 542 2836 2116 2908">
     <span class='ocr_line' id='line_1_31' title="bbox 542 2836 2116 2908; baseline 0.001 -17"><span class='ocrx_word' id='word_1_202' title='bbox 542 2838 793 2903; x_wconf 89' lang='lat' dir='ltr'><strong>nitatem,</strong></span> <span class='ocrx_word' id='word_1_203' title='bbox 822 2838 965 2905; x_wconf 83' lang='lat' dir='ltr'><strong>quod</strong></span> <span class='ocrx_word' id='word_1_204' title='bbox 996 2838 1087 2906; x_wconf 91' lang='lat' dir='ltr'><strong>qui</strong></span> <span class='ocrx_word' id='word_1_205' title='bbox 1117 2836 1282 2891; x_wconf 87' lang='lat' dir='ltr'><strong>semel</strong></span> <span class='ocrx_word' id='word_1_206' title='bbox 1328 2852 1393 2891; x_wconf 76' lang='lat' dir='ltr'><strong>ex</strong></span> <span class='ocrx_word' id='word_1_207' title='bbox 1423 2838 1503 2891; x_wconf 91' lang='lat' dir='ltr'><strong>eis</strong></span> <span class='ocrx_word' id='word_1_208' title='bbox 1528 2837 1655 2892; x_wconf 89' lang='lat' dir='ltr'><strong>odio</strong></span> <span class='ocrx_word' id='word_1_209' title='bbox 1682 2837 1880 2893; x_wconf 90' lang='lat' dir='ltr'><strong>habere</strong></span> <span class='ocrx_word' id='word_1_210' title='bbox 1912 2838 2116 2908; x_wconf 64' lang='lat' dir='ltr'><strong>cuspis-</strong></span> 
     </span>
    </p>
   </div>
   <div class='ocr_carea' id='block_1_32' title="bbox 543 2927 2113 2992">
    <p class='ocr_par' dir='ltr' id='par_1_32' title="bbox 543 2927 2113 2992">
     <span class='ocr_line' id='line_1_32' title="bbox 543 2927 2113 2992; baseline 0.001 -11"><span class='ocrx_word' id='word_1_211' title='bbox 543 2936 628 2981; x_wconf 84' lang='lat' dir='ltr'><strong>set</strong></span> <span class='ocrx_word' id='word_1_212' title='bbox 658 2927 959 2992; x_wconf 89' lang='lat' dir='ltr'><strong>mulierem,</strong></span> <span class='ocrx_word' id='word_1_213' title='bbox 991 2928 1281 2982; x_wconf 85' lang='lat' dir='ltr'><strong>occidisset</strong></span> <span class='ocrx_word' id='word_1_214' title='bbox 1327 2944 1469 2990; x_wconf 83' lang='lat' dir='ltr'><strong>eam,</strong></span> <span class='ocrx_word' id='word_1_215' title='bbox 1499 2928 1771 2982; x_wconf 86' lang='lat' dir='ltr'><strong>concessit</strong></span> <span class='ocrx_word' id='word_1_216' title='bbox 1816 2929 1896 2983; x_wconf 88' lang='lat' dir='ltr'><strong>eis</strong></span> <span class='ocrx_word' id='word_1_217' title='bbox 1924 2928 2113 2983; x_wconf 89' lang='lat' dir='ltr'><strong>dimit-</strong></span> 
     </span>
    </p>
   </div>
   <div class='ocr_carea' id='block_1_33' title="bbox 544 3002 2107 3089">
    <p class='ocr_par' dir='ltr' id='par_1_33' title="bbox 544 3002 2107 3089">
     <span class='ocr_line' id='line_1_33' title="bbox 544 3002 2107 3089; baseline 0.006 -20"><span class='ocrx_word' id='word_1_218' title='bbox 544 3028 661 3072; x_wconf 87' lang='lat' dir='ltr'><strong>tere</strong></span> <span class='ocrx_word' id='word_1_219' title='bbox 693 3033 940 3082; x_wconf 74' lang='lat' dir='ltr'><strong>uxorcm,</strong></span> <span class='ocrx_word' id='word_1_220' title='bbox 977 3034 1079 3073; x_wconf 91' lang='lat' dir='ltr'><strong>non</strong></span> <span class='ocrx_word' id='word_1_221' title='bbox 1112 3019 1213 3073; x_wconf 86' lang='lat' dir='ltr'><strong>sibi</strong></span> <span class='ocrx_word' id='word_1_222' title='bbox 1257 3002 1579 3089; x_wconf 79' lang='lat' dir='ltr'><strong>placentem.</strong></span> <span class='ocrx_word' id='word_1_223' title='bbox 1629 3021 1711 3075; x_wconf 83' lang='lat' dir='ltr'><strong>Ab</strong></span> <span class='ocrx_word' id='word_1_224' title='bbox 1740 3021 1896 3077; x_wconf 91' lang='lat' dir='ltr'><strong>initio</strong></span> <span class='ocrx_word' id='word_1_225' title='bbox 1925 3034 2107 3078; x_wconf 91' lang='lat' dir='ltr'><strong>autem</strong></span> 
     </span>
    </p>
   </div>
   <div class='ocr_carea' id='block_1_34' title="bbox 546 3109 2182 3196">
    <p class='ocr_par' dir='ltr' id='par_1_34' title="bbox 546 3109 2182 3196">
     <span class='ocr_line' id='line_1_34' title="bbox 546 3109 2182 3196; baseline 0.004 -33"><span class='ocrx_word' id='word_1_226' title='bbox 546 3125 651 3164; x_wconf 87' lang='lat' dir='ltr'><strong>non</strong></span> <span class='ocrx_word' id='word_1_227' title='bbox 681 3110 761 3163; x_wconf 88' lang='lat' dir='ltr'><strong>sic</strong></span> <span class='ocrx_word' id='word_1_228' title='bbox 786 3119 923 3173; x_wconf 88' lang='lat' dir='ltr'><strong>erat,</strong></span> <span class='ocrx_word' id='word_1_229' title='bbox 956 3111 1045 3163; x_wconf 91' lang='lat' dir='ltr'><strong>sed</strong></span> <span class='ocrx_word' id='word_1_230' title='bbox 1065 3109 1157 3163; x_wconf 88' lang='lat' dir='ltr'><strong>Dei</strong></span> <span class='ocrx_word' id='word_1_231' title='bbox 1187 3110 1469 3164; x_wconf 87' lang='lat' dir='ltr'><strong>consilium</strong></span> <span class='ocrx_word' id='word_1_232' title='bbox 1501 3112 1757 3182; x_wconf 84' lang='lat' dir='ltr'><strong>conjuges</strong></span> <span class='ocrx_word' id='word_1_233' title='bbox 1782 3115 1847 3167; x_wconf 86' lang='lat' dir='ltr'><strong>ad</strong></span> <span class='ocrx_word' id='word_1_234' title='bbox 1880 3116 2107 3169; x_wconf 82' lang='lat' dir='ltr'><strong>invicem</strong></span> <span class='ocrx_word' id='word_1_235' title='bbox 2137 3138 2182 3196; x_wconf 72' lang='grc' dir='ltr'>ο</span> 
     </span>
    </p>
   </div>
   <div class='ocr_carea' id='block_1_35' title="bbox 545 3201 2115 3271">
    <p class='ocr_par' dir='ltr' id='par_1_35' title="bbox 545 3201 2115 3271">
     <span class='ocr_line' id='line_1_35' title="bbox 545 3201 2115 3271; baseline 0.006 -17"><span class='ocrx_word' id='word_1_236' title='bbox 545 3201 844 3270; x_wconf 81' lang='lat' dir='ltr'><strong>conjungit,</strong></span> <span class='ocrx_word' id='word_1_237' title='bbox 879 3212 932 3255; x_wconf 90' lang='lat' dir='ltr'><strong>et</strong></span> <span class='ocrx_word' id='word_1_238' title='bbox 979 3201 1182 3255; x_wconf 84' lang='lat' dir='ltr'><strong>relictis</strong></span> <span class='ocrx_word' id='word_1_239' title='bbox 1227 3205 1539 3271; x_wconf 81' lang='lat' dir='ltr'><strong>parentibus</strong></span> <span class='ocrx_word' id='word_1_240' title='bbox 1587 3220 1749 3257; x_wconf 89' lang='lat' dir='ltr'><strong>unum</strong></span> <span class='ocrx_word' id='word_1_241' title='bbox 1784 3204 1932 3260; x_wconf 83' lang='lat' dir='ltr'><strong>facit.</strong></span> <span class='ocrx_word' id='word_1_242' title='bbox 1981 3206 2115 3263; x_wconf 83' lang='lat' dir='ltr'><strong>Vide</strong></span> 
     </span>
    </p>
   </div>
   <div class='ocr_carea' id='block_1_36' title="bbox 546 3290 2111 3365">
    <p class='ocr_par' dir='ltr' id='par_1_36' title="bbox 546 3290 2111 3365">
     <span class='ocr_line' id='line_1_36' title="bbox 546 3290 2111 3365; baseline 0.005 -25"><span class='ocrx_word' id='word_1_243' title='bbox 546 3299 725 3343; x_wconf 87' lang='lat' dir='ltr'><strong>autem</strong></span> <span class='ocrx_word' id='word_1_244' title='bbox 754 3291 881 3360; x_wconf 86' lang='lat' dir='ltr'><strong>quid</strong></span> <span class='ocrx_word' id='word_1_245' title='bbox 914 3290 1079 3353; x_wconf 80' lang='lat' dir='ltr'><strong>dicat,</strong></span> <span class='ocrx_word' id='word_1_246' title='bbox 1137 3293 1278 3359; x_wconf 91' lang='lat' dir='ltr'><strong>quod</strong></span> <span class='ocrx_word' id='word_1_247' title='bbox 1328 3293 1467 3344; x_wconf 84' lang='lat' dir='ltr'><strong>Deus</strong></span> <span class='ocrx_word' id='word_1_248' title='bbox 1515 3292 1686 3346; x_wconf 85' lang='lat' dir='ltr'><strong>noluit</strong></span> <span class='ocrx_word' id='word_1_249' title='bbox 1730 3294 2111 3365; x_wconf 81' lang='lat' dir='ltr'><strong>polygamiam,</strong></span> 
     </span>
    </p>
   </div>
   <div class='ocr_carea' id='block_1_37' title="bbox 546 3382 2115 3451">
    <p class='ocr_par' dir='ltr' id='par_1_37' title="bbox 546 3382 2115 3451">
     <span class='ocr_line' id='line_1_37' title="bbox 546 3382 2115 3451; baseline 0.003 -15"><span class='ocrx_word' id='word_1_250' title='bbox 546 3392 602 3436; x_wconf 88' lang='lat' dir='ltr'><strong>ut</strong></span> <span class='ocrx_word' id='word_1_251' title='bbox 628 3382 743 3436; x_wconf 75' lang='lat' dir='ltr'><strong>lucc</strong></span> <span class='ocrx_word' id='word_1_252' title='bbox 774 3382 1194 3451; x_wconf 89' lang='lat' dir='ltr'><strong>relinqueretur,</strong></span> <span class='ocrx_word' id='word_1_253' title='bbox 1228 3394 1281 3437; x_wconf 88' lang='lat' dir='ltr'><strong>et</strong></span> <span class='ocrx_word' id='word_1_254' title='bbox 1314 3384 1484 3437; x_wconf 84' lang='lat' dir='ltr'><strong>altera</strong></span> <span class='ocrx_word' id='word_1_255' title='bbox 1515 3384 1808 3440; x_wconf 89' lang='lat' dir='ltr'><strong>duceretur</strong></span> <span class='ocrx_word' id='word_1_256' title='bbox 1848 3402 2024 3440; x_wconf 76' lang='lat' dir='ltr'><strong>uxor:</strong></span> <span class='ocrx_word' id='word_1_257' title='bbox 2060 3397 2115 3441; x_wconf 92' lang='lat' dir='ltr'><strong>et</strong></span> 
     </span>
    </p>
   </div>
   <div class='ocr_carea' id='block_1_38' title="bbox 547 3471 2113 3542">
    <p class='ocr_par' dir='ltr' id='par_1_38' title="bbox 547 3471 2113 3542">
     <span class='ocr_line' id='line_1_38' title="bbox 547 3471 2113 3542; baseline 0.006 -18"><span class='ocrx_word' id='word_1_258' title='bbox 547 3471 744 3525; x_wconf 90' lang='lat' dir='ltr'><strong>iterum</strong></span> <span class='ocrx_word' id='word_1_259' title='bbox 775 3472 1168 3542; x_wconf 83' lang='lat' dir='ltr'><strong>relinqueretur</strong></span> <span class='ocrx_word' id='word_1_260' title='bbox 1190 3475 1313 3538; x_wconf 83' lang='lat' dir='ltr'><strong>ista,</strong></span> <span class='ocrx_word' id='word_1_261' title='bbox 1348 3486 1401 3527; x_wconf 87' lang='lat' dir='ltr'><strong>et</strong></span> <span class='ocrx_word' id='word_1_262' title='bbox 1426 3486 1794 3531; x_wconf 87' lang='lat' dir='ltr'><strong>assumeretur</strong></span> <span class='ocrx_word' id='word_1_263' title='bbox 1824 3478 1947 3532; x_wconf 90' lang='lat' dir='ltr'><strong>alia.</strong></span> <span class='ocrx_word' id='word_1_264' title='bbox 1978 3476 2113 3533; x_wconf 80' lang='lat' dir='ltr'><strong>Nam</strong></span> 
     </span>
    </p>
   </div>
   <div class='ocr_carea' id='block_1_39' title="bbox 546 3564 2112 3638">
    <p class='ocr_par' dir='ltr' id='par_1_39' title="bbox 546 3564 2112 3638">
     <span class='ocr_line' id='line_1_39' title="bbox 546 3564 2112 3638; baseline 0.004 -20"><span class='ocrx_word' id='word_1_265' title='bbox 546 3565 591 3618; x_wconf 84' lang='lat' dir='ltr'><strong>si</strong></span> <span class='ocrx_word' id='word_1_266' title='bbox 641 3564 748 3619; x_wconf 85' lang='lat' dir='ltr'><strong>hoc</strong></span> <span class='ocrx_word' id='word_1_267' title='bbox 791 3574 956 3628; x_wconf 90' lang='lat' dir='ltr'><strong>esset,</strong></span> <span class='ocrx_word' id='word_1_268' title='bbox 1012 3567 1231 3623; x_wconf 90' lang='lat' dir='ltr'><strong>fecisset</strong></span> <span class='ocrx_word' id='word_1_269' title='bbox 1282 3566 1421 3621; x_wconf 88' lang='lat' dir='ltr'><strong>Deus</strong></span> <span class='ocrx_word' id='word_1_270' title='bbox 1458 3585 1617 3622; x_wconf 91' lang='lat' dir='ltr'><strong>unum</strong></span> <span class='ocrx_word' id='word_1_271' title='bbox 1665 3571 1881 3638; x_wconf 89' lang='lat' dir='ltr'><strong>quidem</strong></span> <span class='ocrx_word' id='word_1_272' title='bbox 1915 3574 2112 3633; x_wconf 82' lang='lat' dir='ltr'><strong>virum.</strong></span> 
     </span>
    </p>
   </div>
   <div class='ocr_carea' id='block_1_40' title="bbox 553 3658 2113 3731">
    <p class='ocr_par' dir='ltr' id='par_1_40' title="bbox 553 3658 2113 3731">
     <span class='ocr_line' id='line_1_40' title="bbox 553 3658 2113 3731; baseline 0.003 -22"><span class='ocrx_word' id='word_1_273' title='bbox 553 3658 746 3712; x_wconf 73' lang='lat' dir='ltr'><strong>niultas</strong></span> <span class='ocrx_word' id='word_1_274' title='bbox 778 3668 955 3713; x_wconf 91' lang='lat' dir='ltr'><strong>autem</strong></span> <span class='ocrx_word' id='word_1_275' title='bbox 994 3660 1247 3713; x_wconf 89' lang='lat' dir='ltr'><strong>mulieres</strong></span> <span class='ocrx_word' id='word_1_276' title='bbox 1272 3676 1287 3723; x_wconf 86' lang='lat'><strong>;</strong></span> <span class='ocrx_word' id='word_1_277' title='bbox 1312 3676 1456 3715; x_wconf 90' lang='lat' dir='ltr'><strong>nunc</strong></span> <span class='ocrx_word' id='word_1_278' title='bbox 1486 3673 1661 3717; x_wconf 89' lang='lat' dir='ltr'><strong>autem</strong></span> <span class='ocrx_word' id='word_1_279' title='bbox 1699 3666 1798 3717; x_wconf 89' lang='lat' dir='ltr'><strong>hoc</strong></span> <span class='ocrx_word' id='word_1_280' title='bbox 1828 3680 1932 3717; x_wconf 86' lang='lat' dir='ltr'><strong>non</strong></span> <span class='ocrx_word' id='word_1_281' title='bbox 1966 3663 2113 3731; x_wconf 80' lang='lat' dir='ltr'><strong>fecit,</strong></span> 
     </span>
    </p>
   </div>
   <div class='ocr_carea' id='block_1_41' title="bbox 545 3750 2116 3824">
    <p class='ocr_par' dir='ltr' id='par_1_41' title="bbox 545 3750 2116 3824">
     <span class='ocr_line' id='line_1_41' title="bbox 545 3750 2116 3824; baseline 0.005 -23"><span class='ocrx_word' id='word_1_282' title='bbox 545 3751 641 3803; x_wconf 86' lang='lat' dir='ltr'><strong>sed</strong></span> <span class='ocrx_word' id='word_1_283' title='bbox 676 3750 972 3803; x_wconf 87' lang='lat' dir='ltr'><strong>masculum</strong></span> <span class='ocrx_word' id='word_1_284' title='bbox 1007 3759 1060 3804; x_wconf 92' lang='lat' dir='ltr'><strong>et</strong></span> <span class='ocrx_word' id='word_1_285' title='bbox 1096 3750 1353 3805; x_wconf 76' lang='lat' dir='ltr'><strong>feminam</strong></span> <span class='ocrx_word' id='word_1_286' title='bbox 1386 3752 1534 3818; x_wconf 86' lang='lat' dir='ltr'><strong>fecit,</strong></span> <span class='ocrx_word' id='word_1_287' title='bbox 1561 3770 1725 3808; x_wconf 90' lang='lat' dir='ltr'><strong>unum</strong></span> <span class='ocrx_word' id='word_1_288' title='bbox 1760 3756 1849 3808; x_wconf 89' lang='lat' dir='ltr'><strong>uni</strong></span> <span class='ocrx_word' id='word_1_289' title='bbox 1878 3756 2116 3824; x_wconf 84' lang='lat' dir='ltr'><strong>copulari</strong></span> 
     </span>
    </p>
   </div>
   <div class='ocr_carea' id='block_1_42' title="bbox 540 3840 2120 3905">
    <p class='ocr_par' dir='ltr' id='par_1_42' title="bbox 540 3840 2120 3905">
     <span class='ocr_line' id='line_1_42' title="bbox 540 3840 2120 3905; baseline 0.004 -12"><span class='ocrx_word' id='word_1_290' title='bbox 540 3841 757 3905; x_wconf 81' lang='lat' dir='ltr'><strong>jubcns.</strong></span> <span class='ocrx_word' id='word_1_291' title='bbox 810 3840 1095 3896; x_wconf 87' lang='lat' dir='ltr'><strong>Possemus</strong></span> <span class='ocrx_word' id='word_1_292' title='bbox 1125 3841 1262 3897; x_wconf 87' lang='lat' dir='ltr'><strong>lorte</strong></span> <span class='ocrx_word' id='word_1_293' title='bbox 1298 3852 1355 3898; x_wconf 91' lang='lat' dir='ltr'><strong>et</strong></span> <span class='ocrx_word' id='word_1_294' title='bbox 1384 3846 1462 3899; x_wconf 90' lang='lat' dir='ltr'><strong>sic</strong></span> <span class='ocrx_word' id='word_1_295' title='bbox 1505 3846 1647 3899; x_wconf 89' lang='lat' dir='ltr'><strong>hunc</strong></span> <span class='ocrx_word' id='word_1_296' title='bbox 1695 3845 1872 3900; x_wconf 91' lang='lat' dir='ltr'><strong>locum</strong></span> <span class='ocrx_word' id='word_1_297' title='bbox 1924 3846 2120 3901; x_wconf 81' lang='lat' dir='ltr'><strong>intelli-</strong></span> 
     </span>
    </p>
   </div>
   <div class='ocr_carea' id='block_1_43' title="bbox 546 3931 2116 4003">
    <p class='ocr_par' dir='ltr' id='par_1_43' title="bbox 546 3931 2116 4003">
     <span class='ocr_line' id='line_1_43' title="bbox 546 3931 2116 4003; baseline 0.007 -22"><span class='ocrx_word' id='word_1_298' title='bbox 546 3948 714 4002; x_wconf 74' lang='lat' dir='ltr'><strong>gere:</strong></span> <span class='ocrx_word' id='word_1_299' title='bbox 751 3931 943 3987; x_wconf 88' lang='lat' dir='ltr'><strong>Sermo</strong></span> <span class='ocrx_word' id='word_1_300' title='bbox 970 3935 1229 4001; x_wconf 79' lang='lat' dir='ltr'><strong>doctoris,</strong></span> <span class='ocrx_word' id='word_1_301' title='bbox 1282 3936 1372 4003; x_wconf 91' lang='lat' dir='ltr'><strong>qui</strong></span> <span class='ocrx_word' id='word_1_302' title='bbox 1422 3950 1605 3991; x_wconf 87' lang='lat' dir='ltr'><strong>semen</strong></span> <span class='ocrx_word' id='word_1_303' title='bbox 1632 3937 1832 3991; x_wconf 92' lang='lat' dir='ltr'><strong>bonum</strong></span> <span class='ocrx_word' id='word_1_304' title='bbox 1866 3940 2031 3991; x_wconf 89' lang='lat' dir='ltr'><strong>mittit</strong></span> <span class='ocrx_word' id='word_1_305' title='bbox 2063 3941 2116 3992; x_wconf 91' lang='lat' dir='ltr'><strong>in</strong></span> 
     </span>
    </p>
   </div>
   <div class='ocr_carea' id='block_1_44' title="bbox 547 4023 2118 4099">
    <p class='ocr_par' dir='ltr' id='par_1_44' title="bbox 547 4023 2118 4099">
     <span class='ocr_line' id='line_1_44' title="bbox 547 4023 2118 4099; baseline 0.005 -24"><span class='ocrx_word' id='word_1_306' title='bbox 547 4025 602 4076; x_wconf 89' lang='lat' dir='ltr'><strong>in</strong></span> <span class='ocrx_word' id='word_1_307' title='bbox 634 4024 871 4077; x_wconf 89' lang='lat' dir='ltr'><strong>animam</strong></span> <span class='ocrx_word' id='word_1_308' title='bbox 896 4023 1066 4080; x_wconf 79' lang='lat' dir='ltr'><strong>ﬁdelis</strong></span> <span class='ocrx_word' id='word_1_309' title='bbox 1087 4025 1349 4091; x_wconf 85' lang='lat' dir='ltr'><strong>hominis,</strong></span> <span class='ocrx_word' id='word_1_310' title='bbox 1371 4026 1533 4081; x_wconf 85' lang='lat' dir='ltr'><strong>habet</strong></span> <span class='ocrx_word' id='word_1_311' title='bbox 1564 4028 1827 4082; x_wconf 89' lang='lat' dir='ltr'><strong>rationem</strong></span> <span class='ocrx_word' id='word_1_312' title='bbox 1858 4030 1957 4081; x_wconf 86' lang='lat' dir='ltr'><strong>viri</strong></span> <span class='ocrx_word' id='word_1_313' title='bbox 1992 4045 2118 4099; x_wconf 89' lang='lat' dir='ltr'><strong>erga</strong></span> 
     </span>
    </p>
   </div>
   <div class='ocr_carea' id='block_1_45' title="bbox 548 4115 2121 4191">
    <p class='ocr_par' dir='ltr' id='par_1_45' title="bbox 548 4115 2121 4191">
     <span class='ocr_line' id='line_1_45' title="bbox 548 4115 2121 4191; baseline 0.008 -25"><span class='ocrx_word' id='word_1_314' title='bbox 548 4115 784 4168; x_wconf 80' lang='lat' dir='ltr'><strong>animam</strong></span> <span class='ocrx_word' id='word_1_315' title='bbox 818 4133 937 4185; x_wconf 79' lang='lat' dir='ltr'><strong>quae</strong></span> <span class='ocrx_word' id='word_1_316' title='bbox 967 4116 1117 4171; x_wconf 91' lang='lat' dir='ltr'><strong>illum</strong></span> <span class='ocrx_word' id='word_1_317' title='bbox 1154 4118 1403 4187; x_wconf 88' lang='lat' dir='ltr'><strong>suscipit.</strong></span> <span class='ocrx_word' id='word_1_318' title='bbox 1444 4119 1599 4189; x_wconf 56' lang='lat' dir='ltr'><strong>Saepe</strong></span> <span class='ocrx_word' id='word_1_319' title='bbox 1635 4123 1797 4190; x_wconf 83' lang='lat' dir='ltr'><strong>igitur</strong></span> <span class='ocrx_word' id='word_1_320' title='bbox 1832 4123 1971 4177; x_wconf 82' lang='lat' dir='ltr'><strong>ratio</strong></span> <span class='ocrx_word' id='word_1_321' title='bbox 2002 4138 2121 4191; x_wconf 66' lang='lat' dir='ltr'><strong>qua</strong></span> 
     </span>
    </p>
   </div>
   <div class='ocr_carea' id='block_1_46' title="bbox 546 4209 2117 4285">
    <p class='ocr_par' dir='ltr' id='par_1_46' title="bbox 546 4209 2117 4285">
     <span class='ocr_line' id='line_1_46' title="bbox 546 4209 2117 4285; baseline 0.004 -22"><span class='ocrx_word' id='word_1_322' title='bbox 546 4209 693 4276; x_wconf 79' lang='lat' dir='ltr'><strong>Cupit</strong></span> <span class='ocrx_word' id='word_1_323' title='bbox 726 4213 983 4277; x_wconf 85' lang='lat' dir='ltr'><strong>prodesse</strong></span> <span class='ocrx_word' id='word_1_324' title='bbox 1010 4211 1224 4274; x_wconf 68' lang='lat' dir='ltr'><strong>animae,</strong></span> <span class='ocrx_word' id='word_1_325' title='bbox 1259 4226 1377 4279; x_wconf 76' lang='lat' dir='ltr'><strong>qua:</strong></span> <span class='ocrx_word' id='word_1_326' title='bbox 1404 4214 1625 4266; x_wconf 85' lang='lat' dir='ltr'><strong>verbum</strong></span> <span class='ocrx_word' id='word_1_327' title='bbox 1672 4216 1920 4285; x_wconf 88' lang='lat' dir='ltr'><strong>suscipit,</strong></span> <span class='ocrx_word' id='word_1_328' title='bbox 1954 4216 2117 4270; x_wconf 85' lang='lat' dir='ltr'><strong>relin-</strong></span> 
     </span>
    </p>
   </div>
   <div class='ocr_carea' id='block_1_47' title="bbox 2212 538 3808 615">
    <p class='ocr_par' dir='ltr' id='par_1_47' title="bbox 2212 538 3808 615">
     <span class='ocr_line' id='line_1_47' title="bbox 2212 538 3808 615; baseline -0.006 -16"><span class='ocrx_word' id='word_1_329' title='bbox 2212 547 2445 615; x_wconf 80' lang='grc' dir='ltr'>γυναῖκα</span> <span class='ocrx_word' id='word_1_330' title='bbox 2474 544 2667 611; x_wconf 81' lang='grc' dir='ltr'>αὐτοῦ,</span> <span class='ocrx_word' id='word_1_331' title='bbox 2717 545 2813 596; x_wconf 81' lang='grc' dir='ltr'><strong>καὶ</strong></span> <span class='ocrx_word' id='word_1_332' title='bbox 2840 541 3056 597; x_wconf 81' lang='grc' dir='ltr'>ἔσονται</span> <span class='ocrx_word' id='word_1_333' title='bbox 3084 543 3135 594; x_wconf 84' lang='grc' dir='ltr'>οι</span> <span class='ocrx_word' id='word_1_334' title='bbox 3156 540 3253 595; x_wconf 86' lang='grc' dir='ltr'><strong>δύο</strong></span> <span class='ocrx_word' id='word_1_335' title='bbox 3290 541 3370 603; x_wconf 85' lang='grc' dir='ltr'><strong>είς</strong></span> <span class='ocrx_word' id='word_1_336' title='bbox 3413 540 3594 611; x_wconf 90' lang='grc' dir='ltr'>σάρκα</span> <span class='ocrx_word' id='word_1_337' title='bbox 3626 538 3759 609; x_wconf 87' lang='grc' dir='ltr'>μίαν</span> <span class='ocrx_word' id='word_1_338' title='bbox 3788 552 3808 571; x_wconf 74' lang='grc'><strong><em>⁸</em></strong></span> 
     </span>
    </p>
   </div>
   <div class='ocr_carea' id='block_1_48' title="bbox 2212 627 3810 704">
    <p class='ocr_par' dir='ltr' id='par_1_48' title="bbox 2212 627 3810 704">
     <span class='ocr_line' id='line_1_48' title="bbox 2212 627 3810 704; baseline -0.007 -12"><span class='ocrx_word' id='word_1_339' title='bbox 2212 639 2352 693; x_wconf 84' lang='grc' dir='ltr'>ὥστε</span> <span class='ocrx_word' id='word_1_340' title='bbox 2381 637 2565 691; x_wconf 82' lang='grc' dir='ltr'>οὐκέτι</span> <span class='ocrx_word' id='word_1_341' title='bbox 2602 635 2709 689; x_wconf 79' lang='grc' dir='ltr'><strong>είσὶ</strong></span> <span class='ocrx_word' id='word_1_342' title='bbox 2733 634 2848 698; x_wconf 88' lang='grc' dir='ltr'>δύο,</span> <span class='ocrx_word' id='word_1_343' title='bbox 2872 634 3010 689; x_wconf 85' lang='grc' dir='ltr'><strong>ἀλλά</strong></span> <span class='ocrx_word' id='word_1_344' title='bbox 3044 634 3143 704; x_wconf 89' lang='grc' dir='ltr'><strong>μία</strong></span> <span class='ocrx_word' id='word_1_345' title='bbox 3173 631 3332 702; x_wconf 82' lang='grc' dir='ltr'>σάρξ.</span> <span class='ocrx_word' id='word_1_346' title='bbox 3375 633 3443 685; x_wconf 90' lang='grc' dir='ltr'>Ὅ</span> <span class='ocrx_word' id='word_1_347' title='bbox 3481 627 3575 684; x_wconf 71' lang='grc' dir='ltr'><strong>οὖν</strong></span> <span class='ocrx_word' id='word_1_348' title='bbox 3602 633 3628 684; x_wconf 99' lang='lat'><strong>6</strong></span> <span class='ocrx_word' id='word_1_349' title='bbox 3666 630 3810 694; x_wconf 68' lang='lat'><strong>826;</strong></span> 
     </span>
    </p>
   </div>
   <div class='ocr_carea' id='block_1_49' title="bbox 2214 721 3805 797">
    <p class='ocr_par' dir='ltr' id='par_1_49' title="bbox 2214 721 3805 797">
     <span class='ocr_line' id='line_1_49' title="bbox 2214 721 3805 797; baseline -0.006 -14"><span class='ocrx_word' id='word_1_350' title='bbox 2214 729 2554 794; x_wconf 80' lang='grc' dir='ltr'><strong>συνέζευξεν,</strong></span> <span class='ocrx_word' id='word_1_351' title='bbox 2587 726 2876 797; x_wconf 78' lang='grc' dir='ltr'>ἄνθρωπος</span> <span class='ocrx_word' id='word_1_352' title='bbox 2918 726 2992 795; x_wconf 82' lang='grc' dir='ltr'>μὴ</span> <span class='ocrx_word' id='word_1_353' title='bbox 3026 722 3328 796; x_wconf 79' lang='grc' dir='ltr'><strong>χωριζέτω.</strong></span> <span class='ocrx_word' id='word_1_354' title='bbox 3362 741 3381 774; x_wconf 74' lang='grc' dir='ltr'>ι</span> <span class='ocrx_word' id='word_1_355' title='bbox 3420 723 3665 791; x_wconf 84' lang='grc' dir='ltr'>Συνεχῶς</span> <span class='ocrx_word' id='word_1_356' title='bbox 3695 721 3805 793; x_wconf 76' lang='grc' dir='ltr'>τὴν</span> 
     </span>
    </p>
   </div>
   <div class='ocr_carea' id='block_1_50' title="bbox 2224 810 3807 883">
    <p class='ocr_par' dir='ltr' id='par_1_50' title="bbox 2224 810 3807 883">
     <span class='ocr_line' id='line_1_50' title="bbox 2224 810 3807 883; baseline -0.004 -14"><span class='ocrx_word' id='word_1_357' title='bbox 2224 814 2484 871; x_wconf 75' lang='grc' dir='ltr'><strong>Ἰουδαίαν</strong></span> <span class='ocrx_word' id='word_1_358' title='bbox 2518 814 2667 883; x_wconf 86' lang='grc' dir='ltr'>ἀφίει</span> <span class='ocrx_word' id='word_1_359' title='bbox 2694 818 2722 865; x_wconf 90' lang='lat'><strong>6</strong></span> <span class='ocrx_word' id='word_1_360' title='bbox 2756 814 2959 883; x_wconf 82' lang='grc' dir='ltr'>Κύριος</span> <span class='ocrx_word' id='word_1_361' title='bbox 2982 813 3071 865; x_wconf 83' lang='grc' dir='ltr'>διὰ</span> <span class='ocrx_word' id='word_1_362' title='bbox 3097 812 3196 882; x_wconf 80' lang='grc' dir='ltr'>τὴν</span> <span class='ocrx_word' id='word_1_363' title='bbox 3219 810 3521 880; x_wconf 71' lang='grc' dir='ltr'><strong>βασκανίαν</strong></span> <span class='ocrx_word' id='word_1_364' title='bbox 3550 810 3807 874; x_wconf 81' lang='grc' dir='ltr'>ἐκείνων,</span> 
     </span>
    </p>
   </div>
   <div class='ocr_carea' id='block_1_51' title="bbox 2218 899 3809 976">
    <p class='ocr_par' dir='ltr' id='par_1_51' title="bbox 2218 899 3809 976">
     <span class='ocr_line' id='line_1_51' title="bbox 2218 899 3809 976; baseline -0.005 -17"><span class='ocrx_word' id='word_1_365' title='bbox 2218 907 2307 959; x_wconf 72' lang='grc' dir='ltr'><strong>νῦν</strong></span> <span class='ocrx_word' id='word_1_366' title='bbox 2335 902 2427 959; x_wconf 80' lang='grc' dir='ltr'>οὖν</span> <span class='ocrx_word' id='word_1_367' title='bbox 2454 906 2833 976; x_wconf 72' lang='grc' dir='ltr'><strong>ἐπιχωριάζει,</strong></span> <span class='ocrx_word' id='word_1_368' title='bbox 2865 904 3053 973; x_wconf 79' lang='grc' dir='ltr'>ἐπειδὴ</span> <span class='ocrx_word' id='word_1_369' title='bbox 3080 905 3141 957; x_wconf 83' lang='grc' dir='ltr'>τὸ</span> <span class='ocrx_word' id='word_1_370' title='bbox 3165 903 3338 965; x_wconf 86' lang='grc' dir='ltr'>πάθος</span> <span class='ocrx_word' id='word_1_371' title='bbox 3371 904 3542 969; x_wconf 85' lang='grc' dir='ltr'>ἐγγὺς</span> <span class='ocrx_word' id='word_1_372' title='bbox 3574 899 3809 970; x_wconf 72' lang='grc' dir='ltr'>ἔμελλεν</span> 
     </span>
    </p>
   </div>
   <div class='ocr_carea' id='block_1_52' title="bbox 2212 988 3809 1069">
    <p class='ocr_par' dir='ltr' id='par_1_52' title="bbox 2212 988 3809 1069">
     <span class='ocr_line' id='line_1_52' title="bbox 2212 988 3809 1069; baseline -0.006 -17"><span class='ocrx_word' id='word_1_373' title='bbox 2212 996 2374 1063; x_wconf 85' lang='grc' dir='ltr'>εἶναι.</span> <span class='ocrx_word' id='word_1_374' title='bbox 2410 1000 2485 1052; x_wconf 84' lang='grc' dir='ltr'><strong>Οὐ</strong></span> <span class='ocrx_word' id='word_1_375' title='bbox 2674 1002 2754 1061; x_wconf 82' lang='grc' dir='ltr'>εἰς</span> <span class='ocrx_word' id='word_1_376' title='bbox 2784 997 2854 1049; x_wconf 88' lang='grc' dir='ltr'><strong>τά</strong></span> <span class='ocrx_word' id='word_1_377' title='bbox 2889 997 3239 1065; x_wconf 83' lang='grc' dir='ltr'>Ἱεροσόλυμα</span> <span class='ocrx_word' id='word_1_378' title='bbox 3269 994 3443 1047; x_wconf 78' lang='grc' dir='ltr'>ἄνεισι</span> <span class='ocrx_word' id='word_1_379' title='bbox 3486 995 3650 1056; x_wconf 79' lang='grc' dir='ltr'>τέως,</span> <span class='ocrx_word' id='word_1_380' title='bbox 3682 992 3809 1044; x_wconf 84' lang='grc' dir='ltr'><strong>ἀλλ⁹</strong></span> 
     </span>
    </p>
   </div>
   <div class='ocr_carea' id='block_1_53' title="bbox 2211 1082 3809 1155">
    <p class='ocr_par' dir='ltr' id='par_1_53' title="bbox 2211 1082 3809 1155">
     <span class='ocr_line' id='line_1_53' title="bbox 2211 1082 3809 1155; baseline -0.003 -16"><span class='ocrx_word' id='word_1_381' title='bbox 2211 1088 2291 1150; x_wconf 83' lang='grc' dir='ltr'><strong>είς</strong></span> <span class='ocrx_word' id='word_1_382' title='bbox 2347 1088 2416 1139; x_wconf 84' lang='grc' dir='ltr'>τὰ</span> <span class='ocrx_word' id='word_1_383' title='bbox 2469 1089 2570 1155; x_wconf 86' lang='grc' dir='ltr'><strong>τῆς</strong></span> <span class='ocrx_word' id='word_1_384' title='bbox 2629 1087 2889 1149; x_wconf 81' lang='grc' dir='ltr'><strong>Ἰουδαίας</strong></span> <span class='ocrx_word' id='word_1_385' title='bbox 2923 1088 3071 1155; x_wconf 82' lang='grc' dir='ltr'>ὅρια.</span> <span class='ocrx_word' id='word_1_386' title='bbox 3118 1086 3204 1138; x_wconf 84' lang='grc' dir='ltr'>ἵνα</span> <span class='ocrx_word' id='word_1_387' title='bbox 3251 1085 3343 1138; x_wconf 82' lang='grc' dir='ltr'><strong>τδν</strong></span> <span class='ocrx_word' id='word_1_388' title='bbox 3389 1084 3600 1137; x_wconf 80' lang='grc' dir='ltr'>ἄκακον</span> <span class='ocrx_word' id='word_1_389' title='bbox 3638 1082 3809 1151; x_wconf 71' lang='grc' dir='ltr'>ὄχλον</span> 
     </span>
    </p>
   </div>
   <div class='ocr_carea' id='block_1_54' title="bbox 2210 1178 3805 1250">
    <p class='ocr_par' dir='ltr' id='par_1_54' title="bbox 2210 1178 3805 1250">
     <span class='ocr_line' id='line_1_54' title="bbox 2210 1178 3805 1250; baseline -0.003 -19"><span class='ocrx_word' id='word_1_390' title='bbox 2210 1178 2489 1250; x_wconf 80' lang='grc' dir='ltr'><strong>ὠφελήσῃ.</strong></span> <span class='ocrx_word' id='word_1_391' title='bbox 2530 1179 2610 1231; x_wconf 75' lang='grc' dir='ltr'><strong>Τὰ</strong></span> <span class='ocrx_word' id='word_1_392' title='bbox 2636 1180 2746 1248; x_wconf 80' lang='grc' dir='ltr'><strong>γὰρ</strong></span> <span class='ocrx_word' id='word_1_393' title='bbox 2786 1178 3134 1248; x_wconf 80' lang='grc' dir='ltr'>Ἱεροσόλυμα</span> <span class='ocrx_word' id='word_1_394' title='bbox 3164 1178 3345 1245; x_wconf 79' lang='grc' dir='ltr'>πάσης</span> <span class='ocrx_word' id='word_1_395' title='bbox 3398 1178 3599 1238; x_wconf 79' lang='grc' dir='ltr'>κακίας</span> <span class='ocrx_word' id='word_1_396' title='bbox 3625 1179 3805 1243; x_wconf 85' lang='grc' dir='ltr'>ἐργα-</span> 
     </span>
    </p>
   </div>
   <div class='ocr_carea' id='block_1_55' title="bbox 2212 1265 3811 1341">
    <p class='ocr_par' dir='ltr' id='par_1_55' title="bbox 2212 1265 3811 1341">
     <span class='ocr_line' id='line_1_55' title="bbox 2212 1265 3811 1341; baseline -0.002 -18"><span class='ocrx_word' id='word_1_397' title='bbox 2212 1272 2434 1340; x_wconf 77' lang='grc' dir='ltr'>στήριον</span> <span class='ocrx_word' id='word_1_398' title='bbox 2485 1267 2646 1340; x_wconf 78' lang='grc' dir='ltr'>ἦσαν,</span> <span class='ocrx_word' id='word_1_399' title='bbox 2699 1272 2786 1323; x_wconf 68' lang='grc' dir='ltr'>διὰ</span> <span class='ocrx_word' id='word_1_400' title='bbox 2845 1271 2943 1341; x_wconf 84' lang='grc' dir='ltr'>τὴν</span> <span class='ocrx_word' id='word_1_401' title='bbox 2984 1270 3094 1322; x_wconf 84' lang='grc' dir='ltr'><strong>τῶν</strong></span> <span class='ocrx_word' id='word_1_402' title='bbox 3141 1269 3455 1339; x_wconf 75' lang='grc' dir='ltr'>Φαρισαίων</span> <span class='ocrx_word' id='word_1_403' title='bbox 3516 1265 3811 1337; x_wconf 77' lang='grc' dir='ltr'>πονηρίαν.</span> 
     </span>
    </p>
   </div>
   <div class='ocr_carea' id='block_1_56' title="bbox 2214 1347 3806 1431">
    <p class='ocr_par' dir='ltr' id='par_1_56' title="bbox 2214 1347 3806 1431">
     <span class='ocr_line' id='line_1_56' title="bbox 2214 1347 3806 1431; baseline -0.003 -18"><span class='ocrx_word' id='word_1_404' title='bbox 2214 1362 2321 1414; x_wconf 83' lang='grc' dir='ltr'>Ἴδε</span> <span class='ocrx_word' id='word_1_405' title='bbox 2364 1361 2494 1428; x_wconf 87' lang='grc' dir='ltr'>γοῦν</span> <span class='ocrx_word' id='word_1_406' title='bbox 2532 1362 2631 1431; x_wconf 79' lang='grc' dir='ltr'>τὴν</span> <span class='ocrx_word' id='word_1_407' title='bbox 2677 1361 2877 1414; x_wconf 61' lang='grc' dir='ltr'>κῖκίαν</span> <span class='ocrx_word' id='word_1_408' title='bbox 2924 1360 3125 1425; x_wconf 79' lang='grc' dir='ltr'>αὐτῶν,</span> <span class='ocrx_word' id='word_1_409' title='bbox 3160 1360 3277 1422; x_wconf 86' lang='grc' dir='ltr'><strong>πῶς</strong></span> <span class='ocrx_word' id='word_1_410' title='bbox 3326 1359 3652 1429; x_wconf 77' lang='grc' dir='ltr'>πειράζουσι</span> <span class='ocrx_word' id='word_1_411' title='bbox 3700 1347 3806 1411; x_wconf 62' lang='grc' dir='ltr'><strong>ττὸν</strong></span> 
     </span>
    </p>
   </div>
   <div class='ocr_carea' id='block_1_57' title="bbox 2211 1450 3809 1523">
    <p class='ocr_par' dir='ltr' id='par_1_57' title="bbox 2211 1450 3809 1523">
     <span class='ocr_line' id='line_1_57' title="bbox 2211 1450 3809 1523; baseline -0.001 -17"><span class='ocrx_word' id='word_1_412' title='bbox 2211 1453 2437 1519; x_wconf 70' lang='grc' dir='ltr'>Κύριον,</span> <span class='ocrx_word' id='word_1_413' title='bbox 2475 1453 2552 1523; x_wconf 82' lang='grc' dir='ltr'>μὴ</span> <span class='ocrx_word' id='word_1_414' title='bbox 2582 1453 2777 1516; x_wconf 77' lang='grc' dir='ltr'>ἐῶντες</span> <span class='ocrx_word' id='word_1_415' title='bbox 2820 1454 3003 1517; x_wconf 80' lang='grc' dir='ltr'>αὑτὸν,</span> <span class='ocrx_word' id='word_1_416' title='bbox 3052 1454 3139 1506; x_wconf 83' lang='grc' dir='ltr'><strong>ἵνα</strong></span> <span class='ocrx_word' id='word_1_417' title='bbox 3162 1452 3530 1505; x_wconf 75' lang='grc' dir='ltr'><strong>πιστεύσωσιν</strong></span> <span class='ocrx_word' id='word_1_418' title='bbox 3559 1450 3713 1522; x_wconf 81' lang='grc' dir='ltr'>αὐτῷ</span> <span class='ocrx_word' id='word_1_419' title='bbox 3752 1452 3809 1505; x_wconf 81' lang='grc' dir='ltr'><strong>οί</strong></span> 
     </span>
    </p>
   </div>
   <div class='ocr_carea' id='block_1_58' title="bbox 2210 1548 3811 1619">
    <p class='ocr_par' dir='ltr' id='par_1_58' title="bbox 2210 1548 3811 1619">
     <span class='ocr_line' id='line_1_58' title="bbox 2210 1548 3811 1619; baseline -0.001 -17"><span class='ocrx_word' id='word_1_420' title='bbox 2210 1548 2381 1619; x_wconf 75' lang='grc' dir='ltr'>ὄχλοι,</span> <span class='ocrx_word' id='word_1_421' title='bbox 2438 1549 2551 1600; x_wconf 81' lang='grc' dir='ltr'>ἀλλ’</span> <span class='ocrx_word' id='word_1_422' title='bbox 2606 1549 2695 1601; x_wconf 73' lang='grc' dir='ltr'>ἀεὶ</span> <span class='ocrx_word' id='word_1_423' title='bbox 2746 1551 3181 1619; x_wconf 71' lang='grc' dir='ltr'>προσερχόμενοι</span> <span class='ocrx_word' id='word_1_424' title='bbox 3234 1550 3328 1601; x_wconf 78' lang='grc' dir='ltr'>καὶ</span> <span class='ocrx_word' id='word_1_425' title='bbox 3374 1548 3662 1610; x_wconf 80' lang='grc' dir='ltr'>δοκοῦντες</span> <span class='ocrx_word' id='word_1_426' title='bbox 3721 1549 3811 1612; x_wconf 85' lang='grc' dir='ltr'><strong>είς</strong></span> 
     </span>
    </p>
   </div>
   <div class='ocr_carea' id='block_1_59' title="bbox 2211 1638 3807 1711">
    <p class='ocr_par' dir='ltr' id='par_1_59' title="bbox 2211 1638 3807 1711">
     <span class='ocr_line' id='line_1_59' title="bbox 2211 1638 3807 1711; baseline -0.001 -18"><span class='ocrx_word' id='word_1_427' title='bbox 2211 1639 2447 1711; x_wconf 81' lang='grc' dir='ltr'>ἀπορίαν</span> <span class='ocrx_word' id='word_1_428' title='bbox 2480 1638 2774 1708; x_wconf 81' lang='grc' dir='ltr'>ἐμὸάλλειν</span> <span class='ocrx_word' id='word_1_429' title='bbox 2807 1642 2901 1691; x_wconf 84' lang='grc' dir='ltr'><strong>καὶ</strong></span> <span class='ocrx_word' id='word_1_430' title='bbox 2948 1640 3326 1709; x_wconf 76' lang='grc' dir='ltr'>ἐπιστομίζειν</span> <span class='ocrx_word' id='word_1_431' title='bbox 3354 1639 3443 1692; x_wconf 77' lang='grc' dir='ltr'>διὰ</span> <span class='ocrx_word' id='word_1_432' title='bbox 3474 1640 3583 1692; x_wconf 83' lang='grc' dir='ltr'>τῶν</span> <span class='ocrx_word' id='word_1_433' title='bbox 3628 1639 3807 1709; x_wconf 79' lang='grc' dir='ltr'>ζητη-</span> 
     </span>
    </p>
   </div>
   <div class='ocr_carea' id='block_1_60' title="bbox 2215 1729 3805 1801">
    <p class='ocr_par' dir='ltr' id='par_1_60' title="bbox 2215 1729 3805 1801">
     <span class='ocr_line' id='line_1_60' title="bbox 2215 1729 3805 1801; baseline -0.002 -16"><span class='ocrx_word' id='word_1_434' title='bbox 2215 1731 2423 1801; x_wconf 80' lang='grc' dir='ltr'><strong>μάτων.</strong></span> <span class='ocrx_word' id='word_1_435' title='bbox 2470 1729 2796 1800; x_wconf 85' lang='grc' dir='ltr'>Ἦρώτησαν</span> <span class='ocrx_word' id='word_1_436' title='bbox 2829 1732 2940 1801; x_wconf 80' lang='grc' dir='ltr'>γὰρ</span> <span class='ocrx_word' id='word_1_437' title='bbox 2973 1731 3136 1783; x_wconf 77' lang='grc' dir='ltr'>αὑτὸν</span> <span class='ocrx_word' id='word_1_438' title='bbox 3169 1731 3436 1801; x_wconf 87' lang='grc' dir='ltr'>ἐρώτημα</span> <span class='ocrx_word' id='word_1_439' title='bbox 3467 1732 3805 1801; x_wconf 84' lang='grc' dir='ltr'>ἀμφοτέρω-</span> 
     </span>
    </p>
   </div>
   <div class='ocr_carea' id='block_1_61' title="bbox 2141 1802 3803 1891">
    <p class='ocr_par' dir='ltr' id='par_1_61' title="bbox 2141 1802 3803 1891">
     <span class='ocr_line' id='line_1_61' title="bbox 2141 1802 3803 1891; baseline 0.001 -18"><span class='ocrx_word' id='word_1_440' title='bbox 2141 1802 2185 1857; x_wconf 76' lang='lat' dir='ltr'><strong>B</strong></span> <span class='ocrx_word' id='word_1_441' title='bbox 2212 1821 2305 1875; x_wconf 84' lang='grc' dir='ltr'><strong>θεν</strong></span> <span class='ocrx_word' id='word_1_442' title='bbox 2345 1820 2465 1891; x_wconf 78' lang='grc' dir='ltr'>ἔχον</span> <span class='ocrx_word' id='word_1_443' title='bbox 2504 1820 2814 1890; x_wconf 75' lang='grc' dir='ltr'>κρημνούςο</span> <span class='ocrx_word' id='word_1_444' title='bbox 2850 1820 2909 1872; x_wconf 82' lang='grc' dir='ltr'>Εί</span> <span class='ocrx_word' id='word_1_445' title='bbox 2954 1819 3165 1882; x_wconf 68' lang='grc' dir='ltr'>ἔξεστιν</span> <span class='ocrx_word' id='word_1_446' title='bbox 3208 1820 3483 1890; x_wconf 81' lang='grc' dir='ltr'>ἀνθρώπῳ</span> <span class='ocrx_word' id='word_1_447' title='bbox 3522 1820 3803 1875; x_wconf 83' lang='grc' dir='ltr'>ἀπολῦσαι</span> 
     </span>
    </p>
   </div>
   <div class='ocr_carea' id='block_1_62' title="bbox 2211 1911 3809 1984">
    <p class='ocr_par' dir='ltr' id='par_1_62' title="bbox 2211 1911 3809 1984">
     <span class='ocr_line' id='line_1_62' title="bbox 2211 1911 3809 1984; baseline 0 -18"><span class='ocrx_word' id='word_1_448' title='bbox 2211 1915 2313 1983; x_wconf 80' lang='grc' dir='ltr'><strong>τὴν</strong></span> <span class='ocrx_word' id='word_1_449' title='bbox 2332 1916 2565 1981; x_wconf 90' lang='grc' dir='ltr'>γυναῖκα</span> <span class='ocrx_word' id='word_1_450' title='bbox 2585 1929 2599 1978; x_wconf 91' lang='grc'><strong>;</strong></span> <span class='ocrx_word' id='word_1_451' title='bbox 2623 1913 2739 1964; x_wconf 85' lang='grc' dir='ltr'>Ἵνα</span> <span class='ocrx_word' id='word_1_452' title='bbox 2768 1912 2863 1964; x_wconf 82' lang='grc' dir='ltr'>ἐὰν</span> <span class='ocrx_word' id='word_1_453' title='bbox 2888 1912 2989 1980; x_wconf 78' lang='grc' dir='ltr'><strong>μὲν</strong></span> <span class='ocrx_word' id='word_1_454' title='bbox 3008 1912 3137 1983; x_wconf 77' lang='grc' dir='ltr'>εἴπῃ</span> <span class='ocrx_word' id='word_1_455' title='bbox 3168 1911 3485 1984; x_wconf 11' lang='grc' dir='ltr'>ὅτιξέξεστιν</span> <span class='ocrx_word' id='word_1_456' title='bbox 3516 1912 3809 1981; x_wconf 68' lang='grc' dir='ltr'>ἀπ&gt;λύειν,</span> 
     </span>
    </p>
   </div>
   <div class='ocr_carea' id='block_1_63' title="bbox 2212 2005 3806 2080">
    <p class='ocr_par' dir='ltr' id='par_1_63' title="bbox 2212 2005 3806 2080">
     <span class='ocr_line' id='line_1_63' title="bbox 2212 2005 3806 2080; baseline 0.001 -18"><span class='ocrx_word' id='word_1_457' title='bbox 2212 2010 2601 2080; x_wconf 80' lang='grc' dir='ltr'>ἁπαντήσωσιν</span> <span class='ocrx_word' id='word_1_458' title='bbox 2626 2008 2775 2074; x_wconf 78' lang='grc' dir='ltr'>αὐτῷ</span> <span class='ocrx_word' id='word_1_459' title='bbox 2806 2026 2819 2038; x_wconf 90' lang='grc'><strong>·</strong></span> <span class='ocrx_word' id='word_1_460' title='bbox 2864 2008 2988 2071; x_wconf 85' lang='grc' dir='ltr'><strong>Πῶς</strong></span> <span class='ocrx_word' id='word_1_461' title='bbox 3017 2005 3109 2061; x_wconf 85' lang='grc' dir='ltr'>οὖν</span> <span class='ocrx_word' id='word_1_462' title='bbox 3140 2005 3300 2072; x_wconf 75' lang='grc' dir='ltr'>εἶπας</span> <span class='ocrx_word' id='word_1_463' title='bbox 3334 2010 3418 2063; x_wconf 80' lang='grc' dir='ltr'>ὅτι</span> <span class='ocrx_word' id='word_1_464' title='bbox 3452 2011 3609 2072; x_wconf 69' lang='grc' dir='ltr'>ἐκτῦς</span> <span class='ocrx_word' id='word_1_465' title='bbox 3638 2011 3806 2080; x_wconf 80' lang='grc' dir='ltr'>λόγου</span> 
     </span>
    </p>
   </div>
   <div class='ocr_carea' id='block_1_64' title="bbox 2212 2086 3807 2173">
    <p class='ocr_par' dir='ltr' id='par_1_64' title="bbox 2212 2086 3807 2173">
     <span class='ocr_line' id='line_1_64' title="bbox 2212 2086 3807 2173; baseline 0.001 -19"><span class='ocrx_word' id='word_1_466' title='bbox 2212 2101 2495 2172; x_wconf 82' lang='grc' dir='ltr'>πορνείας,</span> <span class='ocrx_word' id='word_1_467' title='bbox 2546 2102 2647 2154; x_wconf 79' lang='grc' dir='ltr'><strong>οὐκ</strong></span> <span class='ocrx_word' id='word_1_468' title='bbox 2698 2100 2909 2165; x_wconf 77' lang='grc' dir='ltr'>ἔξεστιν</span> <span class='ocrx_word' id='word_1_469' title='bbox 2958 2086 3263 2168; x_wconf 78' lang='grc' dir='ltr'>ἀπολύειν;</span> <span class='ocrx_word' id='word_1_470' title='bbox 3311 2102 3516 2155; x_wconf 83' lang='grc' dir='ltr'>Ἐάνδέ</span> <span class='ocrx_word' id='word_1_471' title='bbox 3556 2102 3686 2173; x_wconf 78' lang='grc' dir='ltr'>είπῃ</span> <span class='ocrx_word' id='word_1_472' title='bbox 3720 2102 3807 2155; x_wconf 83' lang='grc' dir='ltr'><strong>ὅτι</strong></span> 
     </span>
    </p>
   </div>
   <div class='ocr_carea' id='block_1_65' title="bbox 2211 2189 3810 2262">
    <p class='ocr_par' dir='ltr' id='par_1_65' title="bbox 2211 2189 3810 2262">
     <span class='ocr_line' id='line_1_65' title="bbox 2211 2189 3810 2262; baseline 0.003 -21"><span class='ocrx_word' id='word_1_473' title='bbox 2211 2190 2312 2242; x_wconf 86' lang='grc' dir='ltr'><strong>οὐκ</strong></span> <span class='ocrx_word' id='word_1_474' title='bbox 2361 2189 2593 2254; x_wconf 77' lang='grc' dir='ltr'>ἔξεστιν,</span> <span class='ocrx_word' id='word_1_475' title='bbox 2648 2189 3021 2258; x_wconf 80' lang='grc' dir='ltr'>ἐγκαλέσωσιν</span> <span class='ocrx_word' id='word_1_476' title='bbox 3075 2189 3224 2261; x_wconf 85' lang='grc' dir='ltr'><strong>αὑτῷ</strong></span> <span class='ocrx_word' id='word_1_477' title='bbox 3275 2191 3355 2255; x_wconf 87' lang='grc' dir='ltr'>ὡς</span> <span class='ocrx_word' id='word_1_478' title='bbox 3402 2191 3810 2262; x_wconf 63' lang='grc' dir='ltr'>ἐναντιουμένην</span> 
     </span>
    </p>
   </div>
   <div class='ocr_carea' id='block_1_66' title="bbox 2212 2280 3810 2354">
    <p class='ocr_par' dir='ltr' id='par_1_66' title="bbox 2212 2280 3810 2354">
     <span class='ocr_line' id='line_1_66' title="bbox 2212 2280 3810 2354; baseline 0 -17"><span class='ocrx_word' id='word_1_479' title='bbox 2212 2286 2326 2347; x_wconf 77' lang='grc' dir='ltr'>τοῖς</span> <span class='ocrx_word' id='word_1_480' title='bbox 2356 2284 2450 2337; x_wconf 90' lang='grc' dir='ltr'><strong>τοῦ</strong></span> <span class='ocrx_word' id='word_1_481' title='bbox 2502 2283 2748 2345; x_wconf 78' lang='grc' dir='ltr'>Μωσέως</span> <span class='ocrx_word' id='word_1_482' title='bbox 2777 2282 3071 2353; x_wconf 88' lang='grc' dir='ltr'>δόγμασιν.</span> <span class='ocrx_word' id='word_1_483' title='bbox 3124 2283 3185 2336; x_wconf 89' lang='lat'><strong>&#39;0</strong></span> <span class='ocrx_word' id='word_1_484' title='bbox 3216 2280 3311 2336; x_wconf 75' lang='grc' dir='ltr'><strong>οὖν</strong></span> <span class='ocrx_word' id='word_1_485' title='bbox 3348 2284 3603 2354; x_wconf 81' lang='grc' dir='ltr'>Χριστὸς,</span> <span class='ocrx_word' id='word_1_486' title='bbox 3634 2286 3668 2353; x_wconf 82' lang='grc' dir='ltr'><strong>ή</strong></span> <span class='ocrx_word' id='word_1_487' title='bbox 3702 2284 3810 2337; x_wconf 77' lang='grc' dir='ltr'><strong>αὖ·</strong></span> 
     </span>
    </p>
   </div>
   <div class='ocr_carea' id='block_1_67' title="bbox 2213 2368 3809 2444">
    <p class='ocr_par' dir='ltr' id='par_1_67' title="bbox 2213 2368 3809 2444">
     <span class='ocr_line' id='line_1_67' title="bbox 2213 2368 3809 2444; baseline 0.001 -18"><span class='ocrx_word' id='word_1_488' title='bbox 2213 2373 2461 2442; x_wconf 84' lang='grc' dir='ltr'>τοσοφία,</span> <span class='ocrx_word' id='word_1_489' title='bbox 2487 2373 2848 2443; x_wconf 79' lang='grc' dir='ltr'>ἀποκρίνεται</span> <span class='ocrx_word' id='word_1_490' title='bbox 2872 2372 3055 2435; x_wconf 67' lang='grc' dir='ltr'>αὐτοῖς</span> <span class='ocrx_word' id='word_1_491' title='bbox 3084 2372 3377 2444; x_wconf 85' lang='grc' dir='ltr'>ἀπόκρισιν</span> <span class='ocrx_word' id='word_1_492' title='bbox 3398 2368 3809 2443; x_wconf 73' lang='grc' dir='ltr'>διαφεύγουσαν</span> 
     </span>
    </p>
   </div>
   <div class='ocr_carea' id='block_1_68' title="bbox 2211 2463 3809 2537">
    <p class='ocr_par' dir='ltr' id='par_1_68' title="bbox 2211 2463 3809 2537">
     <span class='ocr_line' id='line_1_68' title="bbox 2211 2463 3809 2537; baseline 0.003 -22"><span class='ocrx_word' id='word_1_493' title='bbox 2211 2464 2311 2526; x_wconf 78' lang='grc' dir='ltr'>τὰς</span> <span class='ocrx_word' id='word_1_494' title='bbox 2348 2464 2529 2516; x_wconf 76' lang='grc' dir='ltr'>αὐτῶν</span> <span class='ocrx_word' id='word_1_495' title='bbox 2561 2463 2816 2532; x_wconf 78' lang='grc' dir='ltr'>παγίδας.</span> <span class='ocrx_word' id='word_1_496' title='bbox 2873 2464 3091 2536; x_wconf 76' lang='grc' dir='ltr'>Ἑρωτᾷ</span> <span class='ocrx_word' id='word_1_497' title='bbox 3133 2465 3242 2537; x_wconf 86' lang='grc' dir='ltr'>γὰρ</span> <span class='ocrx_word' id='word_1_498' title='bbox 3269 2468 3489 2532; x_wconf 80' lang='grc' dir='ltr'>αὐτοὺς,</span> <span class='ocrx_word' id='word_1_499' title='bbox 3521 2467 3575 2519; x_wconf 90' lang='grc' dir='ltr'><strong>τί</strong></span> <span class='ocrx_word' id='word_1_500' title='bbox 3614 2468 3809 2531; x_wconf 65' lang='lat' dir='ltr'><strong>aii-col;</strong></span> 
     </span>
    </p>
   </div>
   <div class='ocr_carea' id='block_1_69' title="bbox 2213 2554 3808 2623">
    <p class='ocr_par' dir='ltr' id='par_1_69' title="bbox 2213 2554 3808 2623">
     <span class='ocr_line' id='line_1_69' title="bbox 2213 2554 3808 2623; baseline 0.004 -17"><span class='ocrx_word' id='word_1_501' title='bbox 2213 2555 2518 2608; x_wconf 82' lang='grc' dir='ltr'>ἐνετείλατο</span> <span class='ocrx_word' id='word_1_502' title='bbox 2559 2554 2788 2623; x_wconf 84' lang='grc' dir='ltr'>Μωσῆς.</span> <span class='ocrx_word' id='word_1_503' title='bbox 2834 2554 2956 2607; x_wconf 83' lang='grc' dir='ltr'>Τῶν</span> <span class='ocrx_word' id='word_1_504' title='bbox 3000 2556 3057 2608; x_wconf 87' lang='grc' dir='ltr'><strong>δέ</strong></span> <span class='ocrx_word' id='word_1_505' title='bbox 3104 2558 3370 2611; x_wconf 78' lang='grc' dir='ltr'>εἰπόντων</span> <span class='ocrx_word' id='word_1_506' title='bbox 3415 2560 3498 2611; x_wconf 82' lang='grc' dir='ltr'>ὅτι</span> <span class='ocrx_word' id='word_1_507' title='bbox 3540 2556 3808 2613; x_wconf 75' lang='grc' dir='ltr'>ἀπολύειν</span> 
     </span>
    </p>
   </div>
   <div class='ocr_carea' id='block_1_70' title="bbox 2214 2644 3810 2721">
    <p class='ocr_par' dir='ltr' id='par_1_70' title="bbox 2214 2644 3810 2721">
     <span class='ocr_line' id='line_1_70' title="bbox 2214 2644 3810 2721; baseline 0.003 -24"><span class='ocrx_word' id='word_1_508' title='bbox 2214 2644 2541 2708; x_wconf 82' lang='grc' dir='ltr'>ἐνετείλατο,</span> <span class='ocrx_word' id='word_1_509' title='bbox 2588 2646 2883 2716; x_wconf 77' lang='grc' dir='ltr'>ὲρμηνεύει</span> <span class='ocrx_word' id='word_1_510' title='bbox 2934 2646 3120 2709; x_wconf 84' lang='grc' dir='ltr'>αὐτοῖς</span> <span class='ocrx_word' id='word_1_511' title='bbox 3172 2648 3263 2700; x_wconf 68' lang='grc' dir='ltr'><strong>τὴν</strong></span> <span class='ocrx_word' id='word_1_512' title='bbox 3322 2648 3505 2717; x_wconf 83' lang='grc' dir='ltr'>νόμον.</span> <span class='ocrx_word' id='word_1_513' title='bbox 3560 2651 3638 2702; x_wconf 81' lang='grc' dir='ltr'><strong>Οὐ</strong></span> <span class='ocrx_word' id='word_1_514' title='bbox 3692 2649 3810 2721; x_wconf 69' lang='grc' dir='ltr'>γὰρ</span> 
     </span>
    </p>
   </div>
   <div class='ocr_carea' id='block_1_71' title="bbox 2214 2734 3810 2811">
    <p class='ocr_par' dir='ltr' id='par_1_71' title="bbox 2214 2734 3810 2811">
     <span class='ocr_line' id='line_1_71' title="bbox 2214 2734 3810 2811; baseline 0.005 -22"><span class='ocrx_word' id='word_1_515' title='bbox 2214 2736 2387 2800; x_wconf 72' lang='grc' dir='ltr'>οὕτως</span> <span class='ocrx_word' id='word_1_516' title='bbox 2425 2738 2643 2807; x_wconf 79' lang='grc' dir='ltr'>ἀπηνὴς</span> <span class='ocrx_word' id='word_1_517' title='bbox 2675 2734 2743 2809; x_wconf 80' lang='grc' dir='ltr'>ἦν</span> <span class='ocrx_word' id='word_1_518' title='bbox 2786 2738 2816 2789; x_wconf 97' lang='lat'><strong>6</strong></span> <span class='ocrx_word' id='word_1_519' title='bbox 2859 2738 3088 2808; x_wconf 82' lang='grc' dir='ltr'>Μωσῆς,</span> <span class='ocrx_word' id='word_1_520' title='bbox 3133 2741 3316 2811; x_wconf 75' lang='grc' dir='ltr'>φησὶν,</span> <span class='ocrx_word' id='word_1_521' title='bbox 3358 2741 3500 2794; x_wconf 83' lang='grc' dir='ltr'>ὥστε</span> <span class='ocrx_word' id='word_1_522' title='bbox 3555 2742 3810 2797; x_wconf 85' lang='grc' dir='ltr'>τοιοῦτον</span> 
     </span>
    </p>
   </div>
   <div class='ocr_carea' id='block_1_72' title="bbox 2215 2827 3805 2903">
    <p class='ocr_par' dir='ltr' id='par_1_72' title="bbox 2215 2827 3805 2903">
     <span class='ocr_line' id='line_1_72' title="bbox 2215 2827 3805 2903; baseline 0.004 -24"><span class='ocrx_word' id='word_1_523' title='bbox 2215 2827 2552 2895; x_wconf 71' lang='grc' dir='ltr'>εἰσενεγκεῖν</span> <span class='ocrx_word' id='word_1_524' title='bbox 2579 2829 2765 2897; x_wconf 83' lang='grc' dir='ltr'>νόμον,</span> <span class='ocrx_word' id='word_1_525' title='bbox 2794 2829 2932 2883; x_wconf 85' lang='grc' dir='ltr'>ἀλλὰ</span> <span class='ocrx_word' id='word_1_526' title='bbox 2961 2832 3100 2898; x_wconf 80' lang='grc' dir='ltr'>πρὸς</span> <span class='ocrx_word' id='word_1_527' title='bbox 3128 2832 3227 2902; x_wconf 83' lang='grc' dir='ltr'>τὴν</span> <span class='ocrx_word' id='word_1_528' title='bbox 3258 2832 3531 2902; x_wconf 77' lang='grc' dir='ltr'>ὑμετέραν</span> <span class='ocrx_word' id='word_1_529' title='bbox 3564 2834 3805 2903; x_wconf 83' lang='grc' dir='ltr'>σκληρο-</span> 
     </span>
    </p>
   </div>
   <div class='ocr_carea' id='block_1_73' title="bbox 2214 2920 3811 2993">
    <p class='ocr_par' dir='ltr' id='par_1_73' title="bbox 2214 2920 3811 2993">
     <span class='ocr_line' id='line_1_73' title="bbox 2214 2920 3811 2993; baseline 0.004 -20"><span class='ocrx_word' id='word_1_530' title='bbox 2214 2920 2441 2990; x_wconf 82' lang='grc' dir='ltr'>καρδίαν</span> <span class='ocrx_word' id='word_1_531' title='bbox 2472 2920 2629 2973; x_wconf 87' lang='grc' dir='ltr'>τοῦτο</span> <span class='ocrx_word' id='word_1_532' title='bbox 2670 2921 2931 2991; x_wconf 72' lang='grc' dir='ltr'>ἔγραψεν.</span> <span class='ocrx_word' id='word_1_533' title='bbox 2966 2924 3025 2977; x_wconf 86' lang='grc' dir='ltr'><strong>Ὀ</strong></span> <span class='ocrx_word' id='word_1_534' title='bbox 3055 2926 3163 2993; x_wconf 78' lang='grc' dir='ltr'>γὰρ</span> <span class='ocrx_word' id='word_1_535' title='bbox 3193 2925 3345 2991; x_wconf 71' lang='grc' dir='ltr'>Θεὸς,</span> <span class='ocrx_word' id='word_1_536' title='bbox 3386 2925 3676 2993; x_wconf 79' lang='grc' dir='ltr'>γινώσκων</span> <span class='ocrx_word' id='word_1_537' title='bbox 3702 2926 3811 2991; x_wconf 80' lang='grc' dir='ltr'>τὴν</span> 
     </span>
    </p>
   </div>
   <div class='ocr_carea' id='block_1_74' title="bbox 2213 3011 3814 3089">
    <p class='ocr_par' dir='ltr' id='par_1_74' title="bbox 2213 3011 3814 3089">
     <span class='ocr_line' id='line_1_74' title="bbox 2213 3011 3814 3089; baseline 0.005 -25"><span class='ocrx_word' id='word_1_538' title='bbox 2213 3011 2324 3064; x_wconf 86' lang='grc' dir='ltr'><strong>τῶν</strong></span> <span class='ocrx_word' id='word_1_539' title='bbox 2356 3011 2626 3082; x_wconf 73' lang='grc' dir='ltr'>Ἐϐραίων</span> <span class='ocrx_word' id='word_1_540' title='bbox 2652 3014 3075 3083; x_wconf 83' lang='grc' dir='ltr'>ἀπανθρωπίαν,</span> <span class='ocrx_word' id='word_1_541' title='bbox 3126 3019 3219 3069; x_wconf 77' lang='grc' dir='ltr'>καὶ</span> <span class='ocrx_word' id='word_1_542' title='bbox 3260 3018 3344 3069; x_wconf 84' lang='grc' dir='ltr'>ὅτι</span> <span class='ocrx_word' id='word_1_543' title='bbox 3397 3016 3593 3089; x_wconf 76' lang='grc' dir='ltr'>ῥᾳδίως</span> <span class='ocrx_word' id='word_1_544' title='bbox 3621 3019 3650 3071; x_wconf 87' lang='lat'><strong>6</strong></span> <span class='ocrx_word' id='word_1_545' title='bbox 3678 3017 3814 3088; x_wconf 85' lang='grc' dir='ltr'>βου-</span> 
     </span>
    </p>
   </div>
   <div class='ocr_carea' id='block_1_75' title="bbox 2214 3099 3811 3177">
    <p class='ocr_par' dir='ltr' id='par_1_75' title="bbox 2214 3099 3811 3177">
     <span class='ocr_line' id='line_1_75' title="bbox 2214 3099 3811 3177; baseline 0.008 -27"><span class='ocrx_word' id='word_1_546' title='bbox 2214 3099 2439 3167; x_wconf 85' lang='grc' dir='ltr'>λόμενος</span> <span class='ocrx_word' id='word_1_547' title='bbox 2464 3100 2677 3168; x_wconf 85' lang='grc' dir='ltr'>φονεύοι</span> <span class='ocrx_word' id='word_1_548' title='bbox 2703 3101 2771 3154; x_wconf 81' lang='grc' dir='ltr'><strong>ἂν</strong></span> <span class='ocrx_word' id='word_1_549' title='bbox 2793 3103 2889 3173; x_wconf 79' lang='grc' dir='ltr'>τὴν</span> <span class='ocrx_word' id='word_1_550' title='bbox 2915 3104 3111 3157; x_wconf 81' lang='grc' dir='ltr'>ἑαυτοῦ</span> <span class='ocrx_word' id='word_1_551' title='bbox 3129 3107 3362 3173; x_wconf 88' lang='grc' dir='ltr'>γυναῖκα</span> <span class='ocrx_word' id='word_1_552' title='bbox 3389 3110 3625 3177; x_wconf 84' lang='grc' dir='ltr'>μισήσας</span> <span class='ocrx_word' id='word_1_553' title='bbox 3653 3107 3811 3177; x_wconf 73' lang='grc' dir='ltr'>ἆπαξ</span> 
     </span>
    </p>
   </div>
   <div class='ocr_carea' id='block_1_76' title="bbox 2218 3192 3811 3273">
    <p class='ocr_par' dir='ltr' id='par_1_76' title="bbox 2218 3192 3811 3273">
     <span class='ocr_line' id='line_1_76' title="bbox 2218 3192 3811 3273; baseline 0.005 -28"><span class='ocrx_word' id='word_1_554' title='bbox 2218 3192 2407 3262; x_wconf 76' lang='grc' dir='ltr'>αὐτὴν,</span> <span class='ocrx_word' id='word_1_555' title='bbox 2443 3193 2826 3264; x_wconf 86' lang='grc' dir='ltr'>συνεχώρησεν</span> <span class='ocrx_word' id='word_1_556' title='bbox 2858 3194 3118 3249; x_wconf 84' lang='grc' dir='ltr'>ἀπολύειν</span> <span class='ocrx_word' id='word_1_557' title='bbox 3158 3196 3255 3268; x_wconf 77' lang='grc' dir='ltr'>τὴν</span> <span class='ocrx_word' id='word_1_558' title='bbox 3297 3201 3553 3267; x_wconf 84' lang='grc' dir='ltr'>γυναῖκα,</span> <span class='ocrx_word' id='word_1_559' title='bbox 3600 3200 3693 3253; x_wconf 73' lang='grc' dir='ltr'>τὸν</span> <span class='ocrx_word' id='word_1_560' title='bbox 3728 3201 3811 3273; x_wconf 71' lang='grc' dir='ltr'>μὴ</span> 
     </span>
    </p>
   </div>
   <div class='ocr_carea' id='block_1_77' title="bbox 2217 3285 3810 3365">
    <p class='ocr_par' dir='ltr' id='par_1_77' title="bbox 2217 3285 3810 3365">
     <span class='ocr_line' id='line_1_77' title="bbox 2217 3285 3810 3365; baseline 0.006 -28"><span class='ocrx_word' id='word_1_561' title='bbox 2217 3285 2588 3356; x_wconf 83' lang='grc' dir='ltr'>ἀρεσκόμενον</span> <span class='ocrx_word' id='word_1_562' title='bbox 2638 3287 2803 3357; x_wconf 79' lang='grc' dir='ltr'>αὐτῇ.</span> <span class='ocrx_word' id='word_1_563' title='bbox 2849 3286 2971 3339; x_wconf 82' lang='grc' dir='ltr'><strong>Ἀπ’</strong></span> <span class='ocrx_word' id='word_1_564' title='bbox 3021 3288 3199 3358; x_wconf 83' lang='grc' dir='ltr'>ἀρχῆς</span> <span class='ocrx_word' id='word_1_565' title='bbox 3253 3290 3309 3342; x_wconf 82' lang='grc' dir='ltr'>δὲ</span> <span class='ocrx_word' id='word_1_566' title='bbox 3356 3292 3455 3361; x_wconf 79' lang='grc' dir='ltr'><strong>οὐχ</strong></span> <span class='ocrx_word' id='word_1_567' title='bbox 3507 3292 3679 3356; x_wconf 75' lang='grc' dir='ltr'>οὕτως</span> <span class='ocrx_word' id='word_1_568' title='bbox 3712 3288 3810 3365; x_wconf 86' lang='grc' dir='ltr'>ἦν,</span> 
     </span>
    </p>
   </div>
   <div class='ocr_carea' id='block_1_78' title="bbox 2216 3376 3813 3451">
    <p class='ocr_par' dir='ltr' id='par_1_78' title="bbox 2216 3376 3813 3451">
     <span class='ocr_line' id='line_1_78' title="bbox 2216 3376 3813 3451; baseline 0.007 -24"><span class='ocrx_word' id='word_1_569' title='bbox 2216 3376 2336 3427; x_wconf 86' lang='grc' dir='ltr'>ἀλλ’</span> <span class='ocrx_word' id='word_1_570' title='bbox 2364 3378 2397 3447; x_wconf 73' lang='grc' dir='ltr'><strong>ἡ</strong></span> <span class='ocrx_word' id='word_1_571' title='bbox 2436 3376 2527 3428; x_wconf 72' lang='grc' dir='ltr'><strong>τοῦ</strong></span> <span class='ocrx_word' id='word_1_572' title='bbox 2574 3378 2709 3429; x_wconf 84' lang='grc' dir='ltr'>Θεοῦ</span> <span class='ocrx_word' id='word_1_573' title='bbox 2745 3377 2912 3449; x_wconf 83' lang='grc' dir='ltr'>βουλὴ</span> <span class='ocrx_word' id='word_1_574' title='bbox 2938 3381 3216 3451; x_wconf 78' lang='grc' dir='ltr'>συγκολλᾷ</span> <span class='ocrx_word' id='word_1_575' title='bbox 3250 3382 3502 3451; x_wconf 80' lang='grc' dir='ltr'>ἀλλήλοις</span> <span class='ocrx_word' id='word_1_576' title='bbox 3546 3387 3672 3448; x_wconf 86' lang='grc' dir='ltr'>τοὺς</span> <span class='ocrx_word' id='word_1_577' title='bbox 3707 3402 3813 3438; x_wconf 81' lang='grc' dir='ltr'>συ-</span> 
     </span>
    </p>
   </div>
   <div class='ocr_carea' id='block_1_79' title="bbox 2218 3467 3806 3546">
    <p class='ocr_par' dir='ltr' id='par_1_79' title="bbox 2218 3467 3806 3546">
     <span class='ocr_line' id='line_1_79' title="bbox 2218 3467 3806 3546; baseline 0.008 -25"><span class='ocrx_word' id='word_1_578' title='bbox 2218 3467 2440 3535; x_wconf 79' lang='grc' dir='ltr'>ζύγους,</span> <span class='ocrx_word' id='word_1_579' title='bbox 2472 3470 2568 3521; x_wconf 76' lang='grc' dir='ltr'><strong>καὶ</strong></span> <span class='ocrx_word' id='word_1_580' title='bbox 2614 3469 2673 3522; x_wconf 85' lang='grc' dir='ltr'>ἓν</span> <span class='ocrx_word' id='word_1_581' title='bbox 2720 3474 2883 3532; x_wconf 81' lang='grc' dir='ltr'>ποιεῖ,</span> <span class='ocrx_word' id='word_1_582' title='bbox 2921 3471 3062 3525; x_wconf 84' lang='grc' dir='ltr'>ὥστε</span> <span class='ocrx_word' id='word_1_583' title='bbox 3096 3477 3188 3526; x_wconf 82' lang='grc' dir='ltr'><strong>καὶ</strong></span> <span class='ocrx_word' id='word_1_584' title='bbox 3217 3475 3420 3542; x_wconf 82' lang='grc' dir='ltr'>γονέων</span> <span class='ocrx_word' id='word_1_585' title='bbox 3446 3477 3806 3546; x_wconf 78' lang='grc' dir='ltr'>καταμελιῐν.</span> 
     </span>
    </p>
   </div>
   <div class='ocr_carea' id='block_1_80' title="bbox 2220 3560 3810 3637">
    <p class='ocr_par' dir='ltr' id='par_1_80' title="bbox 2220 3560 3810 3637">
     <span class='ocr_line' id='line_1_80' title="bbox 2220 3560 3810 3637; baseline 0.006 -24"><span class='ocrx_word' id='word_1_586' title='bbox 2220 3561 2362 3631; x_wconf 89' lang='grc' dir='ltr'><strong>Ὅρα</strong></span> <span class='ocrx_word' id='word_1_587' title='bbox 2391 3560 2448 3612; x_wconf 88' lang='grc' dir='ltr'><strong>δέ</strong></span> <span class='ocrx_word' id='word_1_588' title='bbox 2477 3561 2530 3612; x_wconf 89' lang='grc' dir='ltr'><strong>τί</strong></span> <span class='ocrx_word' id='word_1_589' title='bbox 2579 3561 2749 3629; x_wconf 81' lang='grc' dir='ltr'>λέγει,</span> <span class='ocrx_word' id='word_1_590' title='bbox 2785 3562 2867 3615; x_wconf 83' lang='grc' dir='ltr'><strong>ὅτι</strong></span> <span class='ocrx_word' id='word_1_591' title='bbox 2901 3565 2929 3616; x_wconf 87' lang='lat'><strong>6</strong></span> <span class='ocrx_word' id='word_1_592' title='bbox 2971 3563 3107 3628; x_wconf 81' lang='grc' dir='ltr'>Θεὸς</span> <span class='ocrx_word' id='word_1_593' title='bbox 3148 3566 3209 3617; x_wconf 85' lang='grc' dir='ltr'><strong>οὐ</strong></span> <span class='ocrx_word' id='word_1_594' title='bbox 3244 3565 3388 3619; x_wconf 79' lang='grc' dir='ltr'>θέλει</span> <span class='ocrx_word' id='word_1_595' title='bbox 3434 3568 3810 3637; x_wconf 72' lang='grc' dir='ltr'>πολυγαμίαν,</span> 
     </span>
    </p>
   </div>
   <div class='ocr_carea' id='block_1_81' title="bbox 2220 3652 3811 3730">
    <p class='ocr_par' dir='ltr' id='par_1_81' title="bbox 2220 3652 3811 3730">
     <span class='ocr_line' id='line_1_81' title="bbox 2220 3652 3811 3730; baseline 0.006 -24"><span class='ocrx_word' id='word_1_596' title='bbox 2220 3652 2360 3706; x_wconf 84' lang='grc' dir='ltr'>ὥστε</span> <span class='ocrx_word' id='word_1_597' title='bbox 2393 3654 2596 3723; x_wconf 86' lang='grc' dir='ltr'>ταύτην</span> <span class='ocrx_word' id='word_1_598' title='bbox 2636 3656 2734 3724; x_wconf 80' lang='grc' dir='ltr'>μὲν</span> <span class='ocrx_word' id='word_1_599' title='bbox 2765 3656 3225 3726; x_wconf 84' lang='grc' dir='ltr'>καταλιμπάνειν,</span> <span class='ocrx_word' id='word_1_600' title='bbox 3258 3659 3451 3730; x_wconf 80' lang='grc' dir='ltr'>ἐτέραν</span> <span class='ocrx_word' id='word_1_601' title='bbox 3484 3661 3540 3712; x_wconf 81' lang='grc' dir='ltr'><strong>δέ</strong></span> <span class='ocrx_word' id='word_1_602' title='bbox 3572 3660 3811 3729; x_wconf 76' lang='grc' dir='ltr'>ἄγεσθαι</span> 
     </span>
    </p>
   </div>
   <div class='ocr_carea' id='block_1_82' title="bbox 2221 3747 3815 3822">
    <p class='ocr_par' dir='ltr' id='par_1_82' title="bbox 2221 3747 3815 3822">
     <span class='ocr_line' id='line_1_82' title="bbox 2221 3747 3815 3822; baseline 0.007 -26"><span class='ocrx_word' id='word_1_603' title='bbox 2221 3747 2481 3813; x_wconf 86' lang='grc' dir='ltr'>γυναῖκα,</span> <span class='ocrx_word' id='word_1_604' title='bbox 2543 3747 2639 3799; x_wconf 71' lang='grc' dir='ltr'><strong>καὶ</strong></span> <span class='ocrx_word' id='word_1_605' title='bbox 2704 3747 2867 3801; x_wconf 88' lang='grc' dir='ltr'>πάλιν</span> <span class='ocrx_word' id='word_1_606' title='bbox 2922 3748 3132 3820; x_wconf 88' lang='grc' dir='ltr'>ταύτην</span> <span class='ocrx_word' id='word_1_607' title='bbox 3185 3752 3643 3822; x_wconf 84' lang='grc' dir='ltr'>καταλιμπάνειν,</span> <span class='ocrx_word' id='word_1_608' title='bbox 3711 3754 3815 3807; x_wconf 79' lang='grc' dir='ltr'>καὶ</span> 
     </span>
    </p>
   </div>
   <div class='ocr_carea' id='block_1_83' title="bbox 2221 3837 3814 3913">
    <p class='ocr_par' dir='ltr' id='par_1_83' title="bbox 2221 3837 3814 3913">
     <span class='ocr_line' id='line_1_83' title="bbox 2221 3837 3814 3913; baseline 0.005 -22"><span class='ocrx_word' id='word_1_609' title='bbox 2221 3838 2385 3909; x_wconf 76' lang='grc' dir='ltr'>ἑτέρα</span> <span class='ocrx_word' id='word_1_610' title='bbox 2426 3838 2739 3895; x_wconf 83' lang='grc' dir='ltr'>κολλᾶσθαι.</span> <span class='ocrx_word' id='word_1_611' title='bbox 2776 3841 2837 3893; x_wconf 80' lang='lat' dir='ltr'><strong>El</strong></span> <span class='ocrx_word' id='word_1_612' title='bbox 2864 3841 2975 3913; x_wconf 77' lang='grc' dir='ltr'>γὰρ</span> <span class='ocrx_word' id='word_1_613' title='bbox 2998 3841 3162 3895; x_wconf 83' lang='grc' dir='ltr'>τοῦτο</span> <span class='ocrx_word' id='word_1_614' title='bbox 3196 3837 3287 3913; x_wconf 85' lang='grc' dir='ltr'>ἦν,</span> <span class='ocrx_word' id='word_1_615' title='bbox 3317 3844 3577 3913; x_wconf 84' lang='grc' dir='ltr'>ἐποίησεν</span> <span class='ocrx_word' id='word_1_616' title='bbox 3607 3844 3674 3898; x_wconf 77' lang='grc' dir='ltr'>ἂν</span> <span class='ocrx_word' id='word_1_617' title='bbox 3708 3845 3814 3899; x_wconf 66' lang='lat' dir='ltr'><strong>Eva</strong></span> 
     </span>
    </p>
   </div>
   <div class='ocr_carea' id='block_1_84' title="bbox 2222 3930 3815 4003">
    <p class='ocr_par' dir='ltr' id='par_1_84' title="bbox 2222 3930 3815 4003">
     <span class='ocr_line' id='line_1_84' title="bbox 2222 3930 3815 4003; baseline 0.005 -21"><span class='ocrx_word' id='word_1_618' title='bbox 2222 3930 2320 3998; x_wconf 83' lang='grc' dir='ltr'><strong>μὲν</strong></span> <span class='ocrx_word' id='word_1_619' title='bbox 2361 3930 2551 3996; x_wconf 76' lang='grc' dir='ltr'>ἄνδρα,</span> <span class='ocrx_word' id='word_1_620' title='bbox 2602 3931 2803 3993; x_wconf 78' lang='grc' dir='ltr'>πολλὰς</span> <span class='ocrx_word' id='word_1_621' title='bbox 2846 3932 2904 3985; x_wconf 87' lang='grc' dir='ltr'>δὲ</span> <span class='ocrx_word' id='word_1_622' title='bbox 2951 3936 3239 4003; x_wconf 83' lang='grc' dir='ltr'>γυναῖκας.</span> <span class='ocrx_word' id='word_1_623' title='bbox 3273 3934 3391 3987; x_wconf 87' lang='grc' dir='ltr'>Νῦν</span> <span class='ocrx_word' id='word_1_624' title='bbox 3425 3935 3482 3988; x_wconf 88' lang='grc' dir='ltr'><strong>δέ</strong></span> <span class='ocrx_word' id='word_1_625' title='bbox 3538 3936 3601 3989; x_wconf 83' lang='grc' dir='ltr'><strong>οὐ</strong></span> <span class='ocrx_word' id='word_1_626' title='bbox 3646 3935 3815 3992; x_wconf 88' lang='grc' dir='ltr'>τοῦτο</span> 
     </span>
    </p>
   </div>
   <div class='ocr_carea' id='block_1_85' title="bbox 2220 4021 3815 4100">
    <p class='ocr_par' dir='ltr' id='par_1_85' title="bbox 2220 4021 3815 4100">
     <span class='ocr_line' id='line_1_85' title="bbox 2220 4021 3815 4100; baseline 0.005 -27"><span class='ocrx_word' id='word_1_627' title='bbox 2220 4021 2465 4089; x_wconf 88' lang='grc' dir='ltr'>γέγονεν,</span> <span class='ocrx_word' id='word_1_628' title='bbox 2520 4021 2635 4075; x_wconf 82' lang='grc' dir='ltr'>ἀλλ’</span> <span class='ocrx_word' id='word_1_629' title='bbox 2682 4024 2850 4092; x_wconf 84' lang='grc' dir='ltr'>άρσεν</span> <span class='ocrx_word' id='word_1_630' title='bbox 2891 4025 2986 4078; x_wconf 68' lang='grc' dir='ltr'><strong>καὶ</strong></span> <span class='ocrx_word' id='word_1_631' title='bbox 3036 4025 3170 4094; x_wconf 81' lang='grc' dir='ltr'>θῆλυ</span> <span class='ocrx_word' id='word_1_632' title='bbox 3218 4026 3496 4096; x_wconf 82' lang='grc' dir='ltr'>ἐποίησεν,</span> <span class='ocrx_word' id='word_1_633' title='bbox 3548 4028 3644 4080; x_wconf 84' lang='grc' dir='ltr'><strong>ἐνα</strong></span> <span class='ocrx_word' id='word_1_634' title='bbox 3707 4030 3815 4100; x_wconf 75' lang='grc' dir='ltr'>μιᾷ</span> 
     </span>
    </p>
   </div>
   <div class='ocr_carea' id='block_1_86' title="bbox 2222 4114 3816 4188">
    <p class='ocr_par' dir='ltr' id='par_1_86' title="bbox 2222 4114 3816 4188">
     <span class='ocr_line' id='line_1_86' title="bbox 2222 4114 3816 4188; baseline 0.005 -20"><span class='ocrx_word' id='word_1_635' title='bbox 2222 4114 2488 4177; x_wconf 88' lang='grc' dir='ltr'>κελεύσας</span> <span class='ocrx_word' id='word_1_636' title='bbox 2535 4116 2927 4171; x_wconf 82' lang='grc' dir='ltr'>συνάπτεσθαι.</span> <span class='ocrx_word' id='word_1_637' title='bbox 2994 4119 3225 4188; x_wconf 86' lang='grc' dir='ltr'>Μήποτε</span> <span class='ocrx_word' id='word_1_638' title='bbox 3255 4119 3311 4172; x_wconf 83' lang='grc' dir='ltr'>δὲ</span> <span class='ocrx_word' id='word_1_639' title='bbox 3357 4121 3449 4172; x_wconf 77' lang='grc' dir='ltr'>καὶ</span> <span class='ocrx_word' id='word_1_640' title='bbox 3475 4118 3618 4172; x_wconf 78' lang='grc' dir='ltr'>οὓτω</span> <span class='ocrx_word' id='word_1_641' title='bbox 3644 4120 3816 4175; x_wconf 80' lang='grc' dir='ltr'>δυνά-</span> 
     </span>
    </p>
   </div>
   <div class='ocr_carea' id='block_1_87' title="bbox 2232 4207 3813 4280">
    <p class='ocr_par' dir='ltr' id='par_1_87' title="bbox 2232 4207 3813 4280">
     <span class='ocr_line' id='line_1_87' title="bbox 2232 4207 3813 4280; baseline 0.004 -21"><span class='ocrx_word' id='word_1_642' title='bbox 2232 4207 2372 4277; x_wconf 84' lang='grc' dir='ltr'>μεθα</span> <span class='ocrx_word' id='word_1_643' title='bbox 2398 4208 2592 4277; x_wconf 81' lang='grc' dir='ltr'>νοῆσαι</span> <span class='ocrx_word' id='word_1_644' title='bbox 2622 4208 2683 4261; x_wconf 84' lang='grc' dir='ltr'><strong>τὸ</strong></span> <span class='ocrx_word' id='word_1_645' title='bbox 2716 4209 2891 4278; x_wconf 81' lang='grc' dir='ltr'>παρὸν</span> <span class='ocrx_word' id='word_1_646' title='bbox 2931 4211 3151 4280; x_wconf 82' lang='grc' dir='ltr'>χωρίον.</span> <span class='ocrx_word' id='word_1_647' title='bbox 3216 4212 3275 4264; x_wconf 86' lang='lat'><strong>&#39;0</strong></span> <span class='ocrx_word' id='word_1_648' title='bbox 3308 4211 3464 4280; x_wconf 76' lang='grc' dir='ltr'>λόγος</span> <span class='ocrx_word' id='word_1_649' title='bbox 3494 4214 3522 4264; x_wconf 85' lang='grc' dir='ltr'>ὁ</span> <span class='ocrx_word' id='word_1_650' title='bbox 3548 4212 3813 4267; x_wconf 78' lang='grc' dir='ltr'>διδασκα-</span> 
     </span>
    </p>
   </div>
   <div class='ocr_carea' id='block_1_88' title="bbox 545 4299 2114 4378">
    <p class='ocr_par' dir='ltr' id='par_1_88' title="bbox 545 4299 2114 4373">
     <span class='ocr_line' id='line_1_88' title="bbox 545 4299 2114 4373; baseline 0.007 -23"><span class='ocrx_word' id='word_1_651' title='bbox 545 4299 665 4367; x_wconf 91' lang='lat' dir='ltr'><strong>quit</strong></span> <span class='ocrx_word' id='word_1_652' title='bbox 706 4311 912 4368; x_wconf 85' lang='lat' dir='ltr'><strong>patrem</strong></span> <span class='ocrx_word' id='word_1_653' title='bbox 942 4317 1121 4368; x_wconf 88' lang='lat' dir='ltr'><strong>suum,</strong></span> <span class='ocrx_word' id='word_1_654' title='bbox 1151 4303 1313 4373; x_wconf 69' lang='lat'><strong>223</strong></span> <span class='ocrx_word' id='word_1_655' title='bbox 1356 4304 1461 4358; x_wconf 92' lang='lat' dir='ltr'><strong>hoc</strong></span> <span class='ocrx_word' id='word_1_656' title='bbox 1517 4313 1601 4359; x_wconf 89' lang='lat' dir='ltr'><strong>est</strong></span> <span class='ocrx_word' id='word_1_657' title='bbox 1655 4317 1889 4361; x_wconf 87' lang='lat' dir='ltr'><strong>mentem</strong></span> <span class='ocrx_word' id='word_1_658' title='bbox 1946 4308 2114 4362; x_wconf 70' lang='lat' dir='ltr'><strong>subli-</strong></span> 
     </span>
    </p>
   </div>
   <div class='ocr_carea' id='block_1_89' title="bbox 2213 4299 3815 4378">
    <p class='ocr_par' dir='ltr' id='par_1_89' title="bbox 2223 4299 3815 4378">
     <span class='ocr_line' id='line_1_89' title="bbox 2223 4299 3815 4378; baseline 0.006 -27"><span class='ocrx_word' id='word_1_659' title='bbox 2223 4299 2394 4362; x_wconf 82' lang='grc' dir='ltr'>λικδς,</span> <span class='ocrx_word' id='word_1_660' title='bbox 2448 4300 2741 4370; x_wconf 87' lang='grc' dir='ltr'>σπέρματα</span> <span class='ocrx_word' id='word_1_661' title='bbox 2794 4301 2976 4368; x_wconf 77' lang='grc' dir='ltr'>ἀγαθὰ</span> <span class='ocrx_word' id='word_1_662' title='bbox 3020 4302 3308 4371; x_wconf 74' lang='grc' dir='ltr'>ἐμϐάλλων</span> <span class='ocrx_word' id='word_1_663' title='bbox 3357 4306 3439 4367; x_wconf 86' lang='grc' dir='ltr'><strong>είς</strong></span> <span class='ocrx_word' id='word_1_664' title='bbox 3480 4305 3581 4374; x_wconf 82' lang='grc' dir='ltr'>τὴν</span> <span class='ocrx_word' id='word_1_665' title='bbox 3627 4304 3815 4378; x_wconf 72' lang='grc' dir='ltr'>ψυχὴν</span> 
     </span>
    </p>
   </div>
   <div class='ocr_carea' id='block_1_90' title="bbox 548 4391 2114 4468">
    <p class='ocr_par' dir='ltr' id='par_1_90' title="bbox 548 4398 2114 4461">
     <span class='ocr_line' id='line_1_90' title="bbox 548 4398 2114 4461; baseline 0.009 -18"><span class='ocrx_word' id='word_1_666' title='bbox 548 4406 687 4446; x_wconf 90' lang='lat' dir='ltr'><strong>mem</strong></span> <span class='ocrx_word' id='word_1_667' title='bbox 724 4410 739 4445; x_wconf 93' lang='lat'><strong>:</strong></span> <span class='ocrx_word' id='word_1_668' title='bbox 769 4402 822 4445; x_wconf 89' lang='lat' dir='ltr'><strong>et</strong></span> <span class='ocrx_word' id='word_1_669' title='bbox 852 4408 1077 4448; x_wconf 90' lang='lat' dir='ltr'><strong>matrem</strong></span> <span class='ocrx_word' id='word_1_670' title='bbox 1106 4412 1278 4461; x_wconf 88' lang='lat' dir='ltr'><strong>suam,</strong></span> <span class='ocrx_word' id='word_1_671' title='bbox 1312 4398 1412 4453; x_wconf 89' lang='lat' dir='ltr'><strong>hoc</strong></span> <span class='ocrx_word' id='word_1_672' title='bbox 1438 4408 1541 4460; x_wconf 90' lang='lat' dir='ltr'><strong>est,</strong></span> <span class='ocrx_word' id='word_1_673' title='bbox 1573 4400 1792 4452; x_wconf 77' lang='lat' dir='ltr'><strong>vcrhum</strong></span> <span class='ocrx_word' id='word_1_674' title='bbox 1819 4414 2069 4456; x_wconf 84' lang='lat' dir='ltr'><strong>ornatum</strong></span> <span class='ocrx_word' id='word_1_675' title='bbox 2104 4420 2114 4457; x_wconf 87' lang='lat'><strong>:</strong></span> 
     </span>
    </p>
   </div>
   <div class='ocr_carea' id='block_1_91' title="bbox 2213 4391 3816 4468">
    <p class='ocr_par' dir='ltr' id='par_1_91' title="bbox 2222 4391 3816 4468">
     <span class='ocr_line' id='line_1_91' title="bbox 2222 4391 3816 4468; baseline 0.003 -24"><span class='ocrx_word' id='word_1_676' title='bbox 2222 4392 2316 4444; x_wconf 90' lang='grc' dir='ltr'><strong>τοῦ</strong></span> <span class='ocrx_word' id='word_1_677' title='bbox 2348 4392 2538 4445; x_wconf 77' lang='grc' dir='ltr'>πιστοῦ</span> <span class='ocrx_word' id='word_1_678' title='bbox 2572 4391 2886 4459; x_wconf 85' lang='grc' dir='ltr'>ἀνθρώπου,</span> <span class='ocrx_word' id='word_1_679' title='bbox 2916 4394 3109 4465; x_wconf 84' lang='grc' dir='ltr'>ἀνδρὸς</span> <span class='ocrx_word' id='word_1_680' title='bbox 3140 4394 3298 4464; x_wconf 74' lang='grc' dir='ltr'>λόγον</span> <span class='ocrx_word' id='word_1_681' title='bbox 3326 4397 3515 4467; x_wconf 83' lang='grc' dir='ltr'>ἐπέχει</span> <span class='ocrx_word' id='word_1_682' title='bbox 3538 4396 3677 4465; x_wconf 84' lang='grc' dir='ltr'>πρὸς</span> <span class='ocrx_word' id='word_1_683' title='bbox 3708 4398 3816 4468; x_wconf 72' lang='grc' dir='ltr'>τὴν</span> 
     </span>
    </p>
   </div>
   <div class='ocr_carea' id='block_1_92' title="bbox 548 4483 2114 4562">
    <p class='ocr_par' dir='ltr' id='par_1_92' title="bbox 548 4485 2114 4562">
     <span class='ocr_line' id='line_1_92' title="bbox 548 4485 2114 4562; baseline 0.008 -27"><span class='ocrx_word' id='word_1_684' title='bbox 548 4492 603 4536; x_wconf 89' lang='lat' dir='ltr'><strong>et</strong></span> <span class='ocrx_word' id='word_1_685' title='bbox 652 4485 888 4539; x_wconf 80' lang='lat' dir='ltr'><strong>adhaeret</strong></span> <span class='ocrx_word' id='word_1_686' title='bbox 929 4488 1082 4542; x_wconf 83' lang='lat' dir='ltr'><strong>uxori</strong></span> <span class='ocrx_word' id='word_1_687' title='bbox 1139 4504 1271 4554; x_wconf 63' lang='lat' dir='ltr'><strong>suae,</strong></span> <span class='ocrx_word' id='word_1_688' title='bbox 1307 4491 1720 4559; x_wconf 87' lang='lat' dir='ltr'><strong>attemperando</strong></span> <span class='ocrx_word' id='word_1_689' title='bbox 1758 4506 1815 4545; x_wconf 89' lang='lat' dir='ltr'><strong>se</strong></span> <span class='ocrx_word' id='word_1_690' title='bbox 1864 4494 1960 4557; x_wconf 85' lang='lat' dir='ltr'><strong>illi,</strong></span> <span class='ocrx_word' id='word_1_691' title='bbox 1998 4509 2114 4562; x_wconf 67' lang='lat' dir='ltr'><strong>qua:</strong></span> 
     </span>
    </p>
   </div>
   <div class='ocr_carea' id='block_1_93' title="bbox 2213 4483 3813 4562">
    <p class='ocr_par' dir='ltr' id='par_1_93' title="bbox 2222 4483 3813 4555">
     <span class='ocr_line' id='line_1_93' title="bbox 2222 4483 3813 4555; baseline 0.001 -18"><span class='ocrx_word' id='word_1_692' title='bbox 2222 4483 2629 4554; x_wconf 80' lang='grc' dir='ltr'>ὑποδεχομένην</span> <span class='ocrx_word' id='word_1_693' title='bbox 2663 4484 2828 4538; x_wconf 81' lang='grc' dir='ltr'>αὑτὸν</span> <span class='ocrx_word' id='word_1_694' title='bbox 2868 4484 3072 4555; x_wconf 80' lang='grc' dir='ltr'>ψυχήν.</span> <span class='ocrx_word' id='word_1_695' title='bbox 3132 4485 3400 4549; x_wconf 82' lang='grc' dir='ltr'>Πολλάκις</span> <span class='ocrx_word' id='word_1_696' title='bbox 3438 4483 3531 4540; x_wconf 74' lang='grc' dir='ltr'><strong>οὖν</strong></span> <span class='ocrx_word' id='word_1_697' title='bbox 3580 4489 3608 4538; x_wconf 90' lang='lat'><strong>6</strong></span> <span class='ocrx_word' id='word_1_698' title='bbox 3645 4486 3813 4555; x_wconf 82' lang='grc' dir='ltr'>λόγος</span> 
     </span>
    </p>
   </div>
   <div class='ocr_carea' id='block_1_94' title="bbox 550 4575 2114 4652">
    <p class='ocr_par' dir='ltr' id='par_1_94' title="bbox 550 4575 2114 4652">
     <span class='ocr_line' id='line_1_94' title="bbox 550 4575 2114 4652; baseline 0.008 -25"><span class='ocrx_word' id='word_1_699' title='bbox 550 4575 623 4627; x_wconf 91' lang='lat' dir='ltr'><strong>illi</strong></span> <span class='ocrx_word' id='word_1_700' title='bbox 655 4578 941 4645; x_wconf 84' lang='lat' dir='ltr'><strong>expediant</strong></span> <span class='ocrx_word' id='word_1_701' title='bbox 973 4580 1196 4644; x_wconf 81' lang='lat' dir='ltr'><strong>docens,</strong></span> <span class='ocrx_word' id='word_1_702' title='bbox 1228 4590 1279 4633; x_wconf 89' lang='lat' dir='ltr'><strong>et</strong></span> <span class='ocrx_word' id='word_1_703' title='bbox 1315 4596 1455 4648; x_wconf 67' lang='lat' dir='ltr'><strong>smpe</strong></span> <span class='ocrx_word' id='word_1_704' title='bbox 1490 4598 1705 4637; x_wconf 88' lang='lat' dir='ltr'><strong>sensum</strong></span> <span class='ocrx_word' id='word_1_705' title='bbox 1746 4584 2114 4652; x_wconf 83' lang='lat' dir='ltr'><strong>imperfectum</strong></span> 
     </span>
    </p>
   </div>
   <div class='ocr_carea' id='block_1_95' title="bbox 2213 4575 3799 4652">
    <p class='ocr_par' dir='ltr' id='par_1_95' title="bbox 2220 4578 3799 4652">
     <span class='ocr_line' id='line_1_95' title="bbox 2220 4578 3799 4652; baseline 0.001 -21"><span class='ocrx_word' id='word_1_706' title='bbox 2220 4578 2391 4632; x_wconf 80' lang='grc' dir='ltr'>Θέλων</span> <span class='ocrx_word' id='word_1_707' title='bbox 2423 4578 2703 4649; x_wconf 86' lang='grc' dir='ltr'>ὠφελῆσαι</span> <span class='ocrx_word' id='word_1_708' title='bbox 2736 4579 2835 4649; x_wconf 81' lang='grc' dir='ltr'><strong>τὴν</strong></span> <span class='ocrx_word' id='word_1_709' title='bbox 2865 4580 3267 4650; x_wconf 85' lang='grc' dir='ltr'>ὑποδεχομένην</span> <span class='ocrx_word' id='word_1_710' title='bbox 3310 4581 3512 4652; x_wconf 78' lang='grc' dir='ltr'>ψυχὴν,</span> <span class='ocrx_word' id='word_1_711' title='bbox 3540 4582 3799 4651; x_wconf 81' lang='grc' dir='ltr'>καταλιμ-</span> 
     </span>
    </p>
   </div>
   <div class='ocr_carea' id='block_1_96' title="bbox 554 4670 2114 4742">
    <p class='ocr_par' dir='ltr' id='par_1_96' title="bbox 554 4672 2114 4741">
     <span class='ocr_line' id='line_1_96' title="bbox 554 4672 2114 4741; baseline 0.008 -21"><span class='ocrx_word' id='word_1_712' title='bbox 554 4685 615 4722; x_wconf 83' lang='lat' dir='ltr'><strong>ac</strong></span> <span class='ocrx_word' id='word_1_713' title='bbox 650 4673 813 4724; x_wconf 85' lang='lat' dir='ltr'><strong>verba</strong></span> <span class='ocrx_word' id='word_1_714' title='bbox 844 4672 1108 4740; x_wconf 85' lang='lat' dir='ltr'><strong>simplicia</strong></span> <span class='ocrx_word' id='word_1_715' title='bbox 1142 4684 1192 4725; x_wconf 80' lang='lat' dir='ltr'><strong>et</strong></span> <span class='ocrx_word' id='word_1_716' title='bbox 1228 4673 1515 4725; x_wconf 78' lang='lat' dir='ltr'><strong>idiotarum</strong></span> <span class='ocrx_word' id='word_1_717' title='bbox 1557 4673 1835 4741; x_wconf 82' lang='lat' dir='ltr'><strong>proferens</strong></span> <span class='ocrx_word' id='word_1_718' title='bbox 1867 4693 1879 4727; x_wconf 90' lang='lat'>:</span> <span class='ocrx_word' id='word_1_719' title='bbox 1913 4685 1967 4730; x_wconf 92' lang='lat' dir='ltr'><strong>et</strong></span> <span class='ocrx_word' id='word_1_720' title='bbox 1997 4687 2114 4732; x_wconf 80' lang='lat' dir='ltr'><strong>tunc</strong></span> 
     </span>
    </p>
   </div>
   <div class='ocr_carea' id='block_1_97' title="bbox 2213 4670 3812 4742">
    <p class='ocr_par' dir='ltr' id='par_1_97' title="bbox 2224 4670 3812 4742">
     <span class='ocr_line' id='line_1_97' title="bbox 2224 4670 3812 4742; baseline -0.001 -18"><span class='ocrx_word' id='word_1_721' title='bbox 2224 4671 2383 4724; x_wconf 88' lang='grc' dir='ltr'>πάνει</span> <span class='ocrx_word' id='word_1_722' title='bbox 2409 4672 2501 4723; x_wconf 72' lang='grc' dir='ltr'>τὸν</span> <span class='ocrx_word' id='word_1_723' title='bbox 2528 4672 2744 4740; x_wconf 85' lang='grc' dir='ltr'>πατέρα</span> <span class='ocrx_word' id='word_1_724' title='bbox 2779 4670 2969 4733; x_wconf 85' lang='grc' dir='ltr'>αὑτοῦ,</span> <span class='ocrx_word' id='word_1_725' title='bbox 2999 4674 3246 4725; x_wconf 89' lang='grc' dir='ltr'>τουτέστι</span> <span class='ocrx_word' id='word_1_726' title='bbox 3302 4673 3425 4726; x_wconf 89' lang='grc' dir='ltr'>νοῦν</span> <span class='ocrx_word' id='word_1_727' title='bbox 3452 4673 3679 4742; x_wconf 73' lang='grc' dir='ltr'>ὑψηλὸν,</span> <span class='ocrx_word' id='word_1_728' title='bbox 3714 4674 3812 4727; x_wconf 68' lang='grc' dir='ltr'>καὶ</span> 
     </span>
    </p>
   </div>
   <div class='ocr_carea' id='block_1_98' title="bbox 549 4761 2114 4835">
    <p class='ocr_par' dir='ltr' id='par_1_98' title="bbox 549 4762 2114 4827">
     <span class='ocr_line' id='line_1_98' title="bbox 549 4762 2114 4827; baseline 0.006 -14"><span class='ocrx_word' id='word_1_729' title='bbox 549 4772 677 4815; x_wconf 87' lang='lat' dir='ltr'><strong>sunt</strong></span> <span class='ocrx_word' id='word_1_730' title='bbox 710 4762 816 4815; x_wconf 87' lang='lat' dir='ltr'><strong>duo</strong></span> <span class='ocrx_word' id='word_1_731' title='bbox 851 4763 903 4816; x_wconf 92' lang='lat' dir='ltr'><strong>in</strong></span> <span class='ocrx_word' id='word_1_732' title='bbox 938 4778 1100 4817; x_wconf 85' lang='lat' dir='ltr'><strong>carne</strong></span> <span class='ocrx_word' id='word_1_733' title='bbox 1145 4780 1267 4827; x_wconf 87' lang='lat' dir='ltr'><strong>una,</strong></span> <span class='ocrx_word' id='word_1_734' title='bbox 1310 4765 1414 4817; x_wconf 88' lang='lat' dir='ltr'><strong>hoc</strong></span> <span class='ocrx_word' id='word_1_735' title='bbox 1460 4774 1561 4827; x_wconf 86' lang='lat' dir='ltr'><strong>est,</strong></span> <span class='ocrx_word' id='word_1_736' title='bbox 1597 4767 1767 4819; x_wconf 89' lang='lat' dir='ltr'><strong>credit</strong></span> <span class='ocrx_word' id='word_1_737' title='bbox 1795 4768 1971 4819; x_wconf 91' lang='lat' dir='ltr'><strong>anima</strong></span> <span class='ocrx_word' id='word_1_738' title='bbox 2005 4784 2114 4823; x_wconf 84' lang='lat' dir='ltr'><strong>car-</strong></span> 
     </span>
    </p>
   </div>
   <div class='ocr_carea' id='block_1_99' title="bbox 2213 4761 3810 4835">
    <p class='ocr_par' dir='ltr' id='par_1_99' title="bbox 2219 4761 3810 4835">
     <span class='ocr_line' id='line_1_99' title="bbox 2219 4761 3810 4835; baseline 0.003 -22"><span class='ocrx_word' id='word_1_739' title='bbox 2219 4761 2319 4831; x_wconf 81' lang='grc' dir='ltr'>τὴν</span> <span class='ocrx_word' id='word_1_740' title='bbox 2350 4761 2563 4831; x_wconf 87' lang='grc' dir='ltr'>μητέρα</span> <span class='ocrx_word' id='word_1_741' title='bbox 2602 4761 2791 4824; x_wconf 85' lang='grc' dir='ltr'>αὑτοῦ,</span> <span class='ocrx_word' id='word_1_742' title='bbox 2815 4762 3064 4815; x_wconf 84' lang='grc' dir='ltr'>τουτέστι</span> <span class='ocrx_word' id='word_1_743' title='bbox 3086 4762 3231 4827; x_wconf 81' lang='grc' dir='ltr'>λέξιν</span> <span class='ocrx_word' id='word_1_744' title='bbox 3261 4763 3810 4835; x_wconf 75' lang='grc' dir='ltr'>κεκαλλωπισμένην.</span> 
     </span>
    </p>
   </div>
   <div class='ocr_carea' id='block_1_100' title="bbox 551 4846 2114 4928">
    <p class='ocr_par' dir='ltr' id='par_1_100' title="bbox 551 4853 2114 4917">
     <span class='ocr_line' id='line_1_100' title="bbox 551 4853 2114 4917; baseline 0.006 -16"><span class='ocrx_word' id='word_1_745' title='bbox 551 4869 670 4905; x_wconf 88' lang='lat' dir='ltr'><strong>nem</strong></span> <span class='ocrx_word' id='word_1_746' title='bbox 723 4853 922 4906; x_wconf 88' lang='lat' dir='ltr'><strong>factum</strong></span> <span class='ocrx_word' id='word_1_747' title='bbox 975 4870 1095 4909; x_wconf 85' lang='lat' dir='ltr'><strong>esse</strong></span> <span class='ocrx_word' id='word_1_748' title='bbox 1147 4855 1381 4908; x_wconf 80' lang='lat' dir='ltr'><strong>Verbum</strong></span> <span class='ocrx_word' id='word_1_749' title='bbox 1426 4855 1537 4917; x_wconf 82' lang='lat' dir='ltr'><strong>Dei,</strong></span> <span class='ocrx_word' id='word_1_750' title='bbox 1584 4866 1639 4908; x_wconf 90' lang='lat' dir='ltr'><strong>et</strong></span> <span class='ocrx_word' id='word_1_751' title='bbox 1696 4856 1839 4909; x_wconf 89' lang='lat' dir='ltr'><strong>nulla</strong></span> <span class='ocrx_word' id='word_1_752' title='bbox 1888 4856 2114 4911; x_wconf 80' lang='lat' dir='ltr'><strong>human:</strong></span> 
     </span>
    </p>
   </div>
   <div class='ocr_carea' id='block_1_101' title="bbox 2213 4846 3808 4928">
    <p class='ocr_par' dir='ltr' id='par_1_101' title="bbox 2223 4846 3808 4928">
     <span class='ocr_line' id='line_1_101' title="bbox 2223 4846 3808 4928; baseline 0.004 -24"><span class='ocrx_word' id='word_1_753' title='bbox 2223 4853 2320 4905; x_wconf 83' lang='grc' dir='ltr'>καὶ</span> <span class='ocrx_word' id='word_1_754' title='bbox 2353 4854 2755 4923; x_wconf 82' lang='grc' dir='ltr'>προσκολλᾶται</span> <span class='ocrx_word' id='word_1_755' title='bbox 2791 4846 2856 4925; x_wconf 76' lang='grc' dir='ltr'>τῇ</span> <span class='ocrx_word' id='word_1_756' title='bbox 2895 4858 3121 4923; x_wconf 73' lang='grc' dir='ltr'>γυναικὶ</span> <span class='ocrx_word' id='word_1_757' title='bbox 3170 4856 3357 4925; x_wconf 87' lang='grc' dir='ltr'>αὐτοῦ,</span> <span class='ocrx_word' id='word_1_758' title='bbox 3393 4858 3512 4927; x_wconf 76' lang='grc' dir='ltr'>ῆτοι</span> <span class='ocrx_word' id='word_1_759' title='bbox 3562 4857 3633 4911; x_wconf 84' lang='grc' dir='ltr'>τὰ</span> <span class='ocrx_word' id='word_1_760' title='bbox 3671 4858 3808 4928; x_wconf 64' lang='grc' dir='ltr'>πρὸς</span> 
     </span>
    </p>
   </div>
   <div class='ocr_carea' id='block_1_102' title="bbox 550 4944 2114 5021">
    <p class='ocr_par' dir='ltr' id='par_1_102' title="bbox 550 4944 1909 5015">
     <span class='ocr_line' id='line_1_102' title="bbox 550 4944 1909 5015; baseline 0.004 -18"><span class='ocrx_word' id='word_1_761' title='bbox 550 4944 805 5012; x_wconf 86' lang='lat' dir='ltr'><strong>cogitatio</strong></span> <span class='ocrx_word' id='word_1_762' title='bbox 832 4956 1007 5014; x_wconf 82' lang='lat' dir='ltr'><strong>potest</strong></span> <span class='ocrx_word' id='word_1_763' title='bbox 1037 4963 1291 5015; x_wconf 82' lang='lat' dir='ltr'><strong>separare</strong></span> <span class='ocrx_word' id='word_1_764' title='bbox 1322 4948 1561 5000; x_wconf 78' lang='lat' dir='ltr'><strong>animam</strong></span> <span class='ocrx_word' id='word_1_765' title='bbox 1590 4962 1621 5000; x_wconf 88' lang='lat' dir='ltr'><strong>a</strong></span> <span class='ocrx_word' id='word_1_766' title='bbox 1656 4948 1746 5001; x_wconf 85' lang='lat' dir='ltr'><strong>tali</strong></span> <span class='ocrx_word' id='word_1_767' title='bbox 1784 4948 1909 5002; x_wconf 80' lang='lat' dir='ltr'><strong>fide.</strong></span> 
     </span>
    </p>
   </div>
   <div class='ocr_carea' id='block_1_103' title="bbox 2213 4944 3797 5021">
    <p class='ocr_par' dir='ltr' id='par_1_103' title="bbox 2223 4948 3797 5021">
     <span class='ocr_line' id='line_1_103' title="bbox 2223 4948 3797 5021; baseline 0.003 -22"><span class='ocrx_word' id='word_1_768' title='bbox 2223 4948 2494 5017; x_wconf 80' lang='grc' dir='ltr'>ὠφέλειαν</span> <span class='ocrx_word' id='word_1_769' title='bbox 2528 4949 2625 5017; x_wconf 87' lang='grc' dir='ltr'><strong>τῆς</strong></span> <span class='ocrx_word' id='word_1_770' title='bbox 2662 4949 2840 5019; x_wconf 83' lang='grc' dir='ltr'>ψυχῆς</span> <span class='ocrx_word' id='word_1_771' title='bbox 2870 4950 3089 5021; x_wconf 85' lang='grc' dir='ltr'>ἐκείνης</span> <span class='ocrx_word' id='word_1_772' title='bbox 3120 4950 3386 5019; x_wconf 83' lang='grc' dir='ltr'>διδάσκει,</span> <span class='ocrx_word' id='word_1_773' title='bbox 3438 4951 3797 5020; x_wconf 77' lang='grc' dir='ltr'>συγκαταδαι</span> 
     </span>
    </p>
   </div>
   <div class='ocr_carea' id='block_1_104' title="bbox 556 5038 3807 5114">
    <p class='ocr_par' dir='ltr' id='par_1_104' title="bbox 556 5038 3807 5114">
     <span class='ocr_line' id='line_1_104' title="bbox 556 5038 3807 5114; baseline 0.005 -29"><span class='ocrx_word' id='word_1_774' title='bbox 556 5052 661 5087; x_wconf 84' lang='grc' dir='ltr'><strong>νων</strong></span> <span class='ocrx_word' id='word_1_775' title='bbox 690 5038 827 5108; x_wconf 77' lang='grc' dir='ltr'>αὐτῇ</span> <span class='ocrx_word' id='word_1_776' title='bbox 864 5040 956 5091; x_wconf 77' lang='grc' dir='ltr'><strong>καὶ</strong></span> <span class='ocrx_word' id='word_1_777' title='bbox 980 5038 1103 5091; x_wconf 85' lang='grc' dir='ltr'>νοῦν</span> <span class='ocrx_word' id='word_1_778' title='bbox 1166 5040 1428 5103; x_wconf 85' lang='grc' dir='ltr'>πολλάκις</span> <span class='ocrx_word' id='word_1_779' title='bbox 1490 5041 1681 5111; x_wconf 82' lang='grc' dir='ltr'>εὐτελῆ</span> <span class='ocrx_word' id='word_1_780' title='bbox 1750 5042 1844 5095; x_wconf 72' lang='grc' dir='ltr'>καὶ</span> <span class='ocrx_word' id='word_1_781' title='bbox 1886 5040 2061 5106; x_wconf 80' lang='grc' dir='ltr'>λέξεις</span> <span class='ocrx_word' id='word_1_782' title='bbox 2130 5044 2405 5105; x_wconf 69' lang='grc' dir='ltr'>ἰδιωτικὰς</span> <span class='ocrx_word' id='word_1_783' title='bbox 2454 5043 2761 5114; x_wconf 83' lang='grc' dir='ltr'>προτιμῶν.</span> <span class='ocrx_word' id='word_1_784' title='bbox 2813 5044 2924 5096; x_wconf 75' lang='grc' dir='ltr'>Καὶ</span> <span class='ocrx_word' id='word_1_785' title='bbox 2966 5044 3151 5098; x_wconf 82' lang='grc' dir='ltr'>λοιπὸν</span> <span class='ocrx_word' id='word_1_786' title='bbox 3201 5045 3440 5114; x_wconf 88' lang='grc' dir='ltr'>γίνονται</span> <span class='ocrx_word' id='word_1_787' title='bbox 3490 5047 3541 5099; x_wconf 81' lang='grc' dir='ltr'>οἱ</span> <span class='ocrx_word' id='word_1_788' title='bbox 3590 5046 3685 5100; x_wconf 84' lang='grc' dir='ltr'><strong>δύο</strong></span> <span class='ocrx_word' id='word_1_789' title='bbox 3727 5051 3807 5103; x_wconf 69' lang='grc' dir='ltr'>είς</span> 
     </span>
    </p>
   </div>
   <div class='ocr_carea' id='block_1_105' title="bbox 554 5130 3805 5211">
    <p class='ocr_par' dir='ltr' id='par_1_105' title="bbox 554 5130 3805 5211">
     <span class='ocr_line' id='line_1_105' title="bbox 554 5130 3805 5211; baseline 0.004 -30"><span class='ocrx_word' id='word_1_790' title='bbox 554 5131 730 5200; x_wconf 81' lang='grc' dir='ltr'>σάρκα</span> <span class='ocrx_word' id='word_1_791' title='bbox 766 5130 915 5198; x_wconf 85' lang='grc' dir='ltr'>μίαν,</span> <span class='ocrx_word' id='word_1_792' title='bbox 966 5131 1237 5191; x_wconf 84' lang='grc' dir='ltr'>τουτέστι,</span> <span class='ocrx_word' id='word_1_793' title='bbox 1273 5130 1520 5183; x_wconf 84' lang='grc' dir='ltr'>πιστεύει</span> <span class='ocrx_word' id='word_1_794' title='bbox 1552 5134 1585 5202; x_wconf 76' lang='grc' dir='ltr'><strong>ἡ</strong></span> <span class='ocrx_word' id='word_1_795' title='bbox 1622 5132 1767 5203; x_wconf 77' lang='grc' dir='ltr'>ψυχὴ</span> <span class='ocrx_word' id='word_1_796' title='bbox 1818 5134 1997 5202; x_wconf 87' lang='grc' dir='ltr'>σάρκα</span> <span class='ocrx_word' id='word_1_797' title='bbox 2036 5135 2288 5201; x_wconf 84' lang='grc' dir='ltr'>γενέσθαι</span> <span class='ocrx_word' id='word_1_798' title='bbox 2328 5134 2417 5186; x_wconf 78' lang='grc' dir='ltr'><strong>τὸν</strong></span> <span class='ocrx_word' id='word_1_799' title='bbox 2458 5134 2635 5203; x_wconf 81' lang='grc' dir='ltr'>Λόγον</span> <span class='ocrx_word' id='word_1_800' title='bbox 2665 5135 2759 5188; x_wconf 91' lang='grc' dir='ltr'><strong>τοῦ</strong></span> <span class='ocrx_word' id='word_1_801' title='bbox 2828 5135 2989 5189; x_wconf 85' lang='grc' dir='ltr'>Θεοῦ.</span> <span class='ocrx_word' id='word_1_802' title='bbox 3059 5138 3170 5192; x_wconf 69' lang='grc' dir='ltr'><strong>Καὶ</strong></span> <span class='ocrx_word' id='word_1_803' title='bbox 3234 5139 3409 5204; x_wconf 78' lang='grc' dir='ltr'>οὐδεὶς</span> <span class='ocrx_word' id='word_1_804' title='bbox 3462 5139 3805 5211; x_wconf 75' lang='grc' dir='ltr'>ἀνθρώπινος</span> 
     </span>
    </p>
   </div>
   <div class='ocr_carea' id='block_1_106' title="bbox 550 5224 2468 5298">
    <p class='ocr_par' dir='ltr' id='par_1_106' title="bbox 550 5224 2468 5298">
     <span class='ocr_line' id='line_1_106' title="bbox 550 5224 2468 5298; baseline 0.004 -24"><span class='ocrx_word' id='word_1_805' title='bbox 550 5225 808 5291; x_wconf 68' lang='grc' dir='ltr'>λογισμδς</span> <span class='ocrx_word' id='word_1_806' title='bbox 832 5224 1055 5275; x_wconf 89' lang='grc' dir='ltr'>δύναται</span> <span class='ocrx_word' id='word_1_807' title='bbox 1078 5224 1307 5293; x_wconf 86' lang='grc' dir='ltr'>χωρίσαι</span> <span class='ocrx_word' id='word_1_808' title='bbox 1334 5225 1432 5292; x_wconf 81' lang='grc' dir='ltr'>τὴν</span> <span class='ocrx_word' id='word_1_809' title='bbox 1462 5226 1641 5297; x_wconf 77' lang='grc' dir='ltr'>ψυχὴν</span> <span class='ocrx_word' id='word_1_810' title='bbox 1672 5228 1778 5280; x_wconf 82' lang='grc' dir='ltr'>ἀπὸ</span> <span class='ocrx_word' id='word_1_811' title='bbox 1810 5230 1909 5298; x_wconf 81' lang='grc' dir='ltr'><strong>τῆς</strong></span> <span class='ocrx_word' id='word_1_812' title='bbox 1933 5229 2188 5298; x_wconf 84' lang='grc' dir='ltr'>τοιαύτης</span> <span class='ocrx_word' id='word_1_813' title='bbox 2214 5230 2468 5292; x_wconf 86' lang='grc' dir='ltr'>πίστεως.</span> 
     </span>
    </p>
   </div>
   <div class='ocr_carea' id='block_1_107' title="bbox 625 5318 2114 5402">
    <p class='ocr_par' dir='ltr' id='par_1_107' title="bbox 625 5318 2114 5393">
     <span class='ocr_line' id='line_1_107' title="bbox 625 5318 2114 5393; baseline 0.009 -27"><span class='ocrx_word' id='word_1_814' title='bbox 625 5318 788 5371; x_wconf 67' lang='lat' dir='ltr'><strong>Vens.</strong></span> <span class='ocrx_word' id='word_1_815' title='bbox 837 5320 917 5382; x_wconf 90' lang='lat' dir='ltr'><strong>l0,</strong></span> <span class='ocrx_word' id='word_1_816' title='bbox 953 5321 1038 5372; x_wconf 83' lang='lat' dir='ltr'><strong>ll.</strong></span> <span class='ocrx_word' id='word_1_817' title='bbox 1094 5338 1111 5369; x_wconf 76' lang='grc' dir='ltr'>ι</span> <span class='ocrx_word' id='word_1_818' title='bbox 1161 5319 1225 5372; x_wconf 87' lang='grc' dir='ltr'><strong>Ει</strong></span> <span class='ocrx_word' id='word_1_819' title='bbox 1276 5321 1328 5374; x_wconf 91' lang='lat' dir='ltr'><strong>in</strong></span> <span class='ocrx_word' id='word_1_820' title='bbox 1382 5322 1539 5377; x_wconf 90' lang='lat' dir='ltr'><strong>domo</strong></span> <span class='ocrx_word' id='word_1_821' title='bbox 1600 5339 1815 5377; x_wconf 89' lang='lat' dir='ltr'><strong>rursum</strong></span> <span class='ocrx_word' id='word_1_822' title='bbox 1866 5326 2114 5393; x_wconf 86' lang='lat' dir='ltr'><strong>discipuli</strong></span> 
     </span>
    </p>
   </div>
   <div class='ocr_carea' id='block_1_108' title="bbox 2213 5318 3805 5402">
    <p class='ocr_par' dir='ltr' id='par_1_108' title="bbox 2292 5326 3805 5402">
     <span class='ocr_line' id='line_1_108' title="bbox 2292 5326 3805 5402; baseline 0.006 -25"><span class='ocrx_word' id='word_1_823' title='bbox 2292 5346 2311 5377; x_wconf 85' lang='grc'><strong>‹</strong></span> <span class='ocrx_word' id='word_1_824' title='bbox 2356 5326 2466 5379; x_wconf 78' lang='grc' dir='ltr'><strong>Καὶ</strong></span> <span class='ocrx_word' id='word_1_825' title='bbox 2516 5327 2573 5377; x_wconf 88' lang='grc' dir='ltr'><strong>ἐν</strong></span> <span class='ocrx_word' id='word_1_826' title='bbox 2613 5330 2681 5397; x_wconf 80' lang='grc' dir='ltr'>τῇ</span> <span class='ocrx_word' id='word_1_827' title='bbox 2716 5327 2864 5397; x_wconf 71' lang='grc' dir='ltr'>οἰκία</span> <span class='ocrx_word' id='word_1_828' title='bbox 2909 5328 3075 5381; x_wconf 86' lang='grc' dir='ltr'>πάλιν</span> <span class='ocrx_word' id='word_1_829' title='bbox 3108 5330 3157 5381; x_wconf 85' lang='grc' dir='ltr'><strong>οί</strong></span> <span class='ocrx_word' id='word_1_830' title='bbox 3197 5330 3439 5399; x_wconf 76' lang='grc' dir='ltr'>μαθηταὶ</span> <span class='ocrx_word' id='word_1_831' title='bbox 3473 5329 3641 5384; x_wconf 79' lang='grc' dir='ltr'>αὐτοῦ</span> <span class='ocrx_word' id='word_1_832' title='bbox 3678 5326 3805 5402; x_wconf 76' lang='grc' dir='ltr'>περῖ</span> 
     </span>
    </p>
   </div>
   <div class='ocr_carea' id='block_1_109' title="bbox 553 5411 2114 5492">
    <p class='ocr_par' dir='ltr' id='par_1_109' title="bbox 553 5411 2114 5483">
     <span class='ocr_line' id='line_1_109' title="bbox 553 5411 2114 5483; baseline 0.005 -19"><span class='ocrx_word' id='word_1_833' title='bbox 553 5411 691 5464; x_wconf 84' lang='lat' dir='ltr'><strong>illius</strong></span> <span class='ocrx_word' id='word_1_834' title='bbox 736 5412 921 5465; x_wconf 85' lang='lat' dir='ltr'><strong>eadem</strong></span> <span class='ocrx_word' id='word_1_835' title='bbox 958 5413 1024 5466; x_wconf 89' lang='lat' dir='ltr'><strong>de</strong></span> <span class='ocrx_word' id='word_1_836' title='bbox 1070 5427 1126 5466; x_wconf 91' lang='lat' dir='ltr'><strong>re</strong></span> <span class='ocrx_word' id='word_1_837' title='bbox 1167 5414 1636 5483; x_wconf 84' lang='lat' dir='ltr'><strong>interrogaverunt</strong></span> <span class='ocrx_word' id='word_1_838' title='bbox 1684 5418 1852 5479; x_wconf 90' lang='lat' dir='ltr'><strong>illum,</strong></span> <span class='ocrx_word' id='word_1_839' title='bbox 1890 5427 1945 5471; x_wconf 90' lang='lat' dir='ltr'><strong>et</strong></span> <span class='ocrx_word' id='word_1_840' title='bbox 1991 5418 2114 5472; x_wconf 87' lang='lat' dir='ltr'><strong>dicit</strong></span> 
     </span>
    </p>
   </div>
   <div class='ocr_carea' id='block_1_110' title="bbox 2213 5411 3805 5492">
    <p class='ocr_par' dir='ltr' id='par_1_110' title="bbox 2214 5418 3805 5492">
     <span class='ocr_line' id='line_1_110' title="bbox 2214 5418 3805 5492; baseline 0.006 -21"><span class='ocrx_word' id='word_1_841' title='bbox 2214 5418 2307 5472; x_wconf 86' lang='grc' dir='ltr'><strong>τοῦ</strong></span> <span class='ocrx_word' id='word_1_842' title='bbox 2339 5418 2502 5472; x_wconf 83' lang='grc' dir='ltr'>αὑτοῦ</span> <span class='ocrx_word' id='word_1_843' title='bbox 2542 5419 2911 5492; x_wconf 81' lang='grc' dir='ltr'>ἐπηρώτησαν</span> <span class='ocrx_word' id='word_1_844' title='bbox 2932 5422 3113 5489; x_wconf 70' lang='grc' dir='ltr'>αὐτὸν,</span> <span class='ocrx_word' id='word_1_845' title='bbox 3149 5424 3244 5477; x_wconf 74' lang='grc' dir='ltr'><strong>καὶ</strong></span> <span class='ocrx_word' id='word_1_846' title='bbox 3278 5424 3425 5492; x_wconf 77' lang='grc' dir='ltr'>λέγει</span> <span class='ocrx_word' id='word_1_847' title='bbox 3459 5425 3666 5486; x_wconf 66' lang='grc' dir='ltr'>αὐτοῖς’</span> <span class='ocrx_word' id='word_1_848' title='bbox 3709 5428 3805 5490; x_wconf 71' lang='grc' dir='ltr'>Ὃς</span> 
     </span>
    </p>
   </div>
   <div class='ocr_carea' id='block_1_111' title="bbox 551 5501 2114 5589">
    <p class='ocr_par' dir='ltr' id='par_1_111' title="bbox 551 5501 2114 5575">
     <span class='ocr_line' id='line_1_111' title="bbox 551 5501 2114 5575; baseline 0.006 -22"><span class='ocrx_word' id='word_1_849' title='bbox 551 5502 655 5553; x_wconf 87' lang='lat' dir='ltr'><strong>illis</strong></span> <span class='ocrx_word' id='word_1_850' title='bbox 700 5521 712 5555; x_wconf 92' lang='lat'>:</span> <span class='ocrx_word' id='word_1_851' title='bbox 767 5501 1083 5571; x_wconf 81' lang='lat' dir='ltr'><strong>Quicunque</strong></span> <span class='ocrx_word' id='word_1_852' title='bbox 1145 5505 1512 5574; x_wconf 81' lang='lat' dir='ltr'><strong>repudiaverit</strong></span> <span class='ocrx_word' id='word_1_853' title='bbox 1564 5526 1784 5563; x_wconf 84' lang='lat' dir='ltr'><strong>uxorem</strong></span> <span class='ocrx_word' id='word_1_854' title='bbox 1835 5527 2013 5575; x_wconf 88' lang='lat' dir='ltr'><strong>suam,</strong></span> <span class='ocrx_word' id='word_1_855' title='bbox 2066 5520 2114 5566; x_wconf 93' lang='lat' dir='ltr'><strong>et</strong></span> 
     </span>
    </p>
   </div>
   <div class='ocr_carea' id='block_1_112' title="bbox 2213 5501 3796 5589">
    <p class='ocr_par' dir='ltr' id='par_1_112' title="bbox 2215 5512 3796 5589">
     <span class='ocr_line' id='line_1_112' title="bbox 2215 5512 3796 5589; baseline 0.006 -26"><span class='ocrx_word' id='word_1_856' title='bbox 2215 5512 2311 5565; x_wconf 83' lang='grc' dir='ltr'>ἐὰν</span> <span class='ocrx_word' id='word_1_857' title='bbox 2342 5512 2588 5583; x_wconf 75' lang='grc' dir='ltr'>ἀπολύσῃ</span> <span class='ocrx_word' id='word_1_858' title='bbox 2618 5515 2717 5584; x_wconf 80' lang='grc' dir='ltr'>τὴν</span> <span class='ocrx_word' id='word_1_859' title='bbox 2746 5518 2980 5583; x_wconf 71' lang='grc' dir='ltr'>γυναῖκα</span> <span class='ocrx_word' id='word_1_860' title='bbox 3013 5516 3180 5569; x_wconf 86' lang='grc' dir='ltr'>αὐτοῦ</span> <span class='ocrx_word' id='word_1_861' title='bbox 3212 5517 3305 5569; x_wconf 77' lang='grc' dir='ltr'><strong>καὶ</strong></span> <span class='ocrx_word' id='word_1_862' title='bbox 3333 5518 3561 5588; x_wconf 77' lang='grc' dir='ltr'>γαμήσῃ</span> <span class='ocrx_word' id='word_1_863' title='bbox 3608 5516 3796 5589; x_wconf 70' lang='grc' dir='ltr'>ἀλλην.</span> 
     </span>
    </p>
   </div>
   <div class='ocr_carea' id='block_1_113' title="bbox 551 5593 2114 5681">
    <p class='ocr_par' dir='ltr' id='par_1_113' title="bbox 551 5593 2114 5655">
     <span class='ocr_line' id='line_1_113' title="bbox 551 5593 2114 5655; baseline 0.006 -11"><span class='ocrx_word' id='word_1_864' title='bbox 551 5594 765 5645; x_wconf 78' lang='lat' dir='ltr'><strong>duxerit</strong></span> <span class='ocrx_word' id='word_1_865' title='bbox 790 5593 972 5655; x_wconf 79' lang='lat' dir='ltr'><strong>aliam,</strong></span> <span class='ocrx_word' id='word_1_866' title='bbox 1002 5595 1325 5649; x_wconf 89' lang='lat' dir='ltr'><strong>adulterium</strong></span> <span class='ocrx_word' id='word_1_867' title='bbox 1352 5600 1635 5653; x_wconf 87' lang='lat' dir='ltr'><strong>committit</strong></span> <span class='ocrx_word' id='word_1_868' title='bbox 1657 5599 1914 5655; x_wconf 81' lang='lat' dir='ltr'><strong>adversns</strong></span> <span class='ocrx_word' id='word_1_869' title='bbox 1950 5600 2114 5654; x_wconf 86' lang='lat' dir='ltr'><strong>illam.</strong></span> 
     </span>
    </p>
   </div>
   <div class='ocr_carea' id='block_1_114' title="bbox 2213 5593 3805 5681">
    <p class='ocr_par' dir='ltr' id='par_1_114' title="bbox 2219 5605 3805 5681">
     <span class='ocr_line' id='line_1_114' title="bbox 2219 5605 3805 5681; baseline 0.005 -26"><span class='ocrx_word' id='word_1_870' title='bbox 2219 5605 2473 5673; x_wconf 81' lang='grc' dir='ltr'>μοιχᾶται</span> <span class='ocrx_word' id='word_1_871' title='bbox 2497 5605 2583 5657; x_wconf 85' lang='grc' dir='ltr'>ἐπ’</span> <span class='ocrx_word' id='word_1_872' title='bbox 2605 5606 2802 5676; x_wconf 81' lang='grc' dir='ltr'>αὑτήν.</span> <span class='ocrx_word' id='word_1_873' title='bbox 2831 5607 2942 5660; x_wconf 80' lang='grc' dir='ltr'><strong>Καὶ</strong></span> <span class='ocrx_word' id='word_1_874' title='bbox 2964 5607 3060 5661; x_wconf 83' lang='grc' dir='ltr'>ἐὰν</span> <span class='ocrx_word' id='word_1_875' title='bbox 3084 5610 3221 5676; x_wconf 84' lang='grc' dir='ltr'>γυνὴ</span> <span class='ocrx_word' id='word_1_876' title='bbox 3244 5608 3493 5681; x_wconf 80' lang='grc' dir='ltr'>ἀπολύσῃ</span> <span class='ocrx_word' id='word_1_877' title='bbox 3520 5608 3610 5662; x_wconf 81' lang='grc' dir='ltr'><strong>τδν</strong></span> <span class='ocrx_word' id='word_1_878' title='bbox 3630 5610 3805 5680; x_wconf 77' lang='grc' dir='ltr'>ἄνδρα</span> 
     </span>
    </p>
   </div>
   <div class='ocr_carea' id='block_1_115' title="bbox 549 5682 2114 5771">
    <p class='ocr_par' dir='ltr' id='par_1_115' title="bbox 549 5682 2114 5759">
     <span class='ocr_line' id='line_1_115' title="bbox 549 5682 2114 5759; baseline 0.008 -24"><span class='ocrx_word' id='word_1_879' title='bbox 549 5682 614 5735; x_wconf 76' lang='lat' dir='ltr'><strong>Et</strong></span> <span class='ocrx_word' id='word_1_880' title='bbox 646 5685 689 5736; x_wconf 79' lang='lat' dir='ltr'><strong>si</strong></span> <span class='ocrx_word' id='word_1_881' title='bbox 727 5686 919 5739; x_wconf 87' lang='lat' dir='ltr'><strong>mulier</strong></span> <span class='ocrx_word' id='word_1_882' title='bbox 955 5688 1321 5755; x_wconf 80' lang='lat' dir='ltr'><strong>repudiaverit</strong></span> <span class='ocrx_word' id='word_1_883' title='bbox 1358 5689 1527 5743; x_wconf 85' lang='lat' dir='ltr'><strong>virum</strong></span> <span class='ocrx_word' id='word_1_884' title='bbox 1574 5708 1751 5752; x_wconf 89' lang='lat' dir='ltr'><strong>suum,</strong></span> <span class='ocrx_word' id='word_1_885' title='bbox 1789 5702 1840 5745; x_wconf 87' lang='lat' dir='ltr'><strong>et</strong></span> <span class='ocrx_word' id='word_1_886' title='bbox 1872 5694 2114 5759; x_wconf 84' lang='lat' dir='ltr'><strong>nupserit</strong></span> 
     </span>
    </p>
   </div>
   <div class='ocr_carea' id='block_1_116' title="bbox 2213 5682 3800 5771">
    <p class='ocr_par' dir='ltr' id='par_1_116' title="bbox 2214 5696 3800 5771">
     <span class='ocr_line' id='line_1_116' title="bbox 2214 5696 3800 5771; baseline 0.006 -26"><span class='ocrx_word' id='word_1_887' title='bbox 2214 5696 2406 5764; x_wconf 78' lang='grc' dir='ltr'>αὐτῆς,</span> <span class='ocrx_word' id='word_1_888' title='bbox 2442 5697 2535 5749; x_wconf 78' lang='grc' dir='ltr'><strong>καὶ</strong></span> <span class='ocrx_word' id='word_1_889' title='bbox 2582 5697 2805 5767; x_wconf 79' lang='grc' dir='ltr'>γαμηθῇ</span> <span class='ocrx_word' id='word_1_890' title='bbox 2855 5698 3022 5768; x_wconf 79' lang='grc' dir='ltr'>ἄλλῳ,</span> <span class='ocrx_word' id='word_1_891' title='bbox 3064 5700 3345 5771; x_wconf 80' lang='grc' dir='ltr'>μοιχᾶται.</span> <span class='ocrx_word' id='word_1_892' title='bbox 3399 5718 3417 5751; x_wconf 74' lang='grc' dir='ltr'>ι</span> <span class='ocrx_word' id='word_1_893' title='bbox 3464 5699 3587 5753; x_wconf 81' lang='grc' dir='ltr'><strong>Ἔτι</strong></span> <span class='ocrx_word' id='word_1_894' title='bbox 3620 5704 3715 5755; x_wconf 73' lang='grc' dir='ltr'>καὶ</span> <span class='ocrx_word' id='word_1_895' title='bbox 3749 5704 3800 5755; x_wconf 85' lang='grc' dir='ltr'><strong>οί</strong></span> 
     </span>
    </p>
   </div>
   <div class='ocr_carea' id='block_1_117' title="bbox 553 5773 2114 5864">
    <p class='ocr_par' dir='ltr' id='par_1_117' title="bbox 553 5773 2114 5840">
     <span class='ocr_line' id='line_1_117' title="bbox 553 5773 2114 5840; baseline 0.007 -13"><span class='ocrx_word' id='word_1_896' title='bbox 553 5773 728 5840; x_wconf 67' lang='lat' dir='ltr'><strong>alter’,</strong></span> <span class='ocrx_word' id='word_1_897' title='bbox 763 5776 1078 5833; x_wconf 87' lang='lat' dir='ltr'><strong>adulterium</strong></span> <span class='ocrx_word' id='word_1_898' title='bbox 1108 5780 1417 5835; x_wconf 89' lang='lat' dir='ltr'><strong>committit.</strong></span> <span class='ocrx_word' id='word_1_899' title='bbox 1460 5798 1477 5832; x_wconf 74' lang='grc' dir='ltr'><strong>ι</strong></span> <span class='ocrx_word' id='word_1_900' title='bbox 1530 5779 1722 5836; x_wconf 79' lang='lat' dir='ltr'><strong>lterum</strong></span> <span class='ocrx_word' id='word_1_901' title='bbox 1760 5783 1920 5836; x_wconf 87' lang='lat' dir='ltr'><strong>etiam</strong></span> <span class='ocrx_word' id='word_1_902' title='bbox 1953 5783 2114 5840; x_wconf 85' lang='lat' dir='ltr'><strong>disci-</strong></span> 
     </span>
    </p>
   </div>
   <div class='ocr_carea' id='block_1_118' title="bbox 2213 5773 3800 5864">
    <p class='ocr_par' dir='ltr' id='par_1_118' title="bbox 2218 5788 3800 5864">
     <span class='ocr_line' id='line_1_118' title="bbox 2218 5788 3800 5864; baseline 0.006 -26"><span class='ocrx_word' id='word_1_903' title='bbox 2218 5790 2458 5858; x_wconf 72' lang='grc' dir='ltr'>μαοηταὶ</span> <span class='ocrx_word' id='word_1_904' title='bbox 2489 5788 2956 5855; x_wconf 72' lang='grc' dir='ltr'>ἐσκανδαλίζοντο·</span> <span class='ocrx_word' id='word_1_905' title='bbox 2995 5790 3083 5845; x_wconf 70' lang='grc' dir='ltr'>διὰ</span> <span class='ocrx_word' id='word_1_906' title='bbox 3112 5791 3271 5845; x_wconf 90' lang='grc' dir='ltr'>τοῦτο</span> <span class='ocrx_word' id='word_1_907' title='bbox 3304 5788 3399 5846; x_wconf 79' lang='grc' dir='ltr'><strong>οὖν</strong></span> <span class='ocrx_word' id='word_1_908' title='bbox 3429 5794 3521 5846; x_wconf 74' lang='grc' dir='ltr'><strong>καὶ</strong></span> <span class='ocrx_word' id='word_1_909' title='bbox 3559 5793 3800 5864; x_wconf 78' lang='grc' dir='ltr'>προσέρ-</span> 
     </span>
    </p>
   </div>
  </div>
