4028 6424
203 377 308 446 527

914 371 1357 435 ENARRATIO
1394 373 1477 434 IN
1518 371 2021 435 EVANGELIUM
2063 374 2326 435 MARCI.
2358 398 2424 408 -·
2467 373 2629 433 CAP.
2671 373 2745 435 Χ.

3378 369 3492 434 593

203 511 396 568 χονται
440 492 604 548 πάλιν
632 488 782 562 αὐτῷ
810 489 903 543 καὶ
932 488 1229 560 εωτῶτιν,
1259 487 1336 550 ὡς
1381 489 1551 559 μήπω
1590 488 1791 552 ἱκανῶς

1905 489 2003 558 puli
2037 488 2389 544 scandalizati
2420 495 2568 551 sunt,
2607 497 2773 555 atque
2794 498 2914 538 eam
2955 483 3027 538 ob
3061 496 3282 538 causam
3310 482 3487 535 denuo

204 584 707 658 ἑκθεραπευοέντος
758 582 938 636 αὐτῶν
986 580 1082 633 τοῦ
1129 579 1417 650 λογισμοῦ.
1472 580 1533 635 '0
1568 580 1624 633 δὲ
1652 582 1789 633 ἁπο-

202 679 454 748 κρίνεται
480 676 685 738 αύτοτς,
734 676 931 741 λέγων·
968 674 1069 733 ’ος
1121 672 1216 725 ἐὰν
1264 671 1510 742 ἀπολύσῃ
1549 674 1651 741 τὴν
1698 688 1794 737 γυ-

203 773 368 823 ναῖκα
399 766 571 821 αὑτοῦ
607 768 704 820 καὶ
734 768 960 836 γαμήσῃ
999 764 1188 835 ἄλλην,
1226 763 1412 834 μοιχός
1442 766 1590 815 ἐστιν
1622 764 1794 832 αὐτῆς

201 866 300 931 τῆς
360 859 640 928 δευτέρας.
694 858 922 928 Ὀμοῖως
989 853 1081 910 οὖν
1139 857 1235 910 καὶ
1280 858 1313 926 ἡ
1359 854 1495 927 γυνὴ
1545 856 1793 925 μοιχαλίς

202 955 376 1018 ἔστιν,
409 954 444 1022 ἡ
485 953 687 1021 ἀφεῖσα
733 953 825 1004 τὸν
866 950 995 1004 ίδιον
1031 950 1222 1019 ἄνδρα,
1267 948 1361 1001 καὶ
1413 946 1588 1018 ἑτέρῳ
1636 946 1795 1011 συζυ-

201 1049 384 1116 γεῖσα.

280 1155 300 1187 ι
343 1137 817 1207 Καὶιπροσέφερον
841 1132 989 1203 αὐτῷ
1012 1132 1224 1197 παιδία,
1250 1133 1339 1187 ἵνα
1364 1134 1568 1205 ἅψηται
1591 1132 1789 1188 αὐτῶν·

200 1228 253 1280 οε
285 1227 345 1279 δὲ
380 1226 623 1297 μαθηταὶ
672 1225 950 1294 ἐπετίμων
991 1226 1103 1286 τοῖς
1154 1224 1581 1293 προσφέρουσιν.
1646 1222 1793 1275 Ἰδὼν

199 1322 259 1375 δὲ
280 1322 310 1374 6
340 1318 937 1392 Ἰησοῦς,ὴγανάκτησε
958 1319 1051 1370 καὶ
1084 1313 1235 1368 εἶπεν
1266 1317 1471 1378 αὐτοῖς·
1502 1318 1705 1383 Ἅφετε
1726 1315 1794 1368 τά

200 1413 397 1467 ⁴παιδία.
442 1412 694 1483 ἔρχεσθαι
742 1410 877 1480 πρὸς
926 1410 994 1479 μὲ
1021 1451 1035 1472 ,
1091 1412 1187 1463 καὶ
1235 1411 1310 1481 μὴ
1352 1410 1594 1463 κωλύετε
1628 1410 1791 1463 αύτά·

198 1506 313 1558 τῶν
360 1504 473 1575 γὰρ
497 1502 757 1556 τοιούτων
778 1503 930 1554 ἐστὶν
962 1504 995 1572 ἡ
1024 1500 1269 1571 βασιλεία
1299 1501 1393 1554 τοῦ
1421 1501 1579 1554 Θεοῦ.
1622 1503 1677 1553 ’Δ
1688 1502 1794 1570 μὴν

201 1598 349 1666 λέγω
368 1597 627 1667 ὑμῖν,⁶ος
651 1596 745 1648 ἐὰν
770 1596 846 1665 μὴ
868 1594 1087 1665 δέξηται
1108 1594 1207 1664 τὴν
1232 1594 1521 1664 βασιλείανι
1532 1595 1627 1649 τοῦ
1658 1594 1795 1650 Θεοῦ

135 1696 139 1699 ’
200 1691 279 1753 ὦς
308 1690 549 1753 παιδίον,
580 1689 642 1741 ού
680 1687 755 1758 μὴ
784 1687 1002 1757 είσέλθῃ
1036 1689 1110 1749 είς
1142 1690 1337 1756 αὑτήν.
1382 1689 1496 1741 Καὶ
1546 1690 1795 1756 ἀναγκα-

201 1782 500 1852 λισάμενος
542 1781 705 1846 αὐτὰ,
762 1782 853 1833 καὶ
914 1780 1088 1842 τιθεὶς
1118 1781 1218 1843 τὰς
1260 1782 1453 1850 χεῖρας
1496 1782 1584 1834 ἐπ’
1630 1782 1790 1845 αὐτὰ,

201 1859 501 1939 εὐλόγησεν
535 1870 694 1923 αὐτά.
731 1890 749 1921 ι
787 1870 961 1940 Πολλὴ
992 1871 1027 1941 ἡ
1066 1869 1247 1933 πίστις
1294 1869 1403 1923 τῶν
1442 1870 1639 1939 ὄχλων,
1678 1873 1791 1939 είγε

200 1964 297 2015 καὶ
337 1964 479 2035 μόνῃ
504 1966 570 2032 τῇ
599 1962 704 2013 τῶν
732 1962 929 2031 χειρῶν
956 1960 1227 2025 ἐπιθέσει,
1266 1962 1510 2030 εὐλογεῖν
1543 1962 1791 2032 ἐνόμιζον

202 2072 233 2107 τ
265 2070 295 2105 ν
345 2055 584 2123 Χριστὸν
629 2053 757 2117 τοὺς
795 2054 946 2122 αὐτῷ
978 2053 1452 2123 προσαγομένους.
1498 2056 1566 2108 Oi
1598 2055 1654 2107 δὲ
1690 2075 1795 2124 μα-

203 2148 405 2218 θηται,
436 2145 753 2215 νομίζοντες
771 2145 989 2212 ἀνάξιον
1020 2145 1182 2199 τοῦτο
1214 2143 1351 2198 εἶναι
1383 2145 1479 2198 τοῦ
1526 2147 1790 2218 Χριστοῦ,

199 2238 265 2290 τὸ
300 2237 491 2291 παιδία
523 2236 897 2307 προσάγεσθαι
936 2236 1111 2306 αύτῷ,
1138 2235 1431 2290 διεκώλυον
1462 2238 1589 2301 τοὺς
1622 2256 1793 2308 προσ-

201 2332 461 2397 άγοντας.
511 2329 579 2382 Τί
620 2325 714 2382 οὖν
754 2330 783 2381 6
828 2328 1102 2397 Χριστός;
1134 2329 1417 2381 Διδάσκων
1467 2331 1665 2392 αὐτοὺς
1698 2348 1793 2398 με·

201 2423 573 2493 τριοφρονεϊν,
625 2422 722 2473 καὶ
768 2419 937 2487 τύφον
988 2422 1329 2473 καταπατεῖν
1376 2420 1662 2488 κοσμικδν,
1700 2422 1795 2474 καὶ

200 2514 474 2584 λαμϐάνει
500 2514 597 2567 καὶ
629 2512 1083 2580 ἀναγκαλίζεται.
1131 2512 1386 2565 Δείκνυσι
1411 2512 1521 2581 γάρ
1560 2514 1641 2565 ὅτι
1668 2514 1793 2575 τοὺς

202 2607 450 2667 ἀκάκους
474 2602 982 2674 προσλαμϐάνεται,
1003 2604 1085 2657 διδ
1112 2605 1207 2655 καὶ
1238 2604 1411 2671 λέγει,
1430 2622 1449 2653 ι
1482 2603 1603 2655 Τῶν
1626 2603 1795 2655 τοιού-

201 2713 315 2748 των
349 2696 463 2765 γάρ
516 2684 666 2747 ἑστιν
708 2697 738 2765 ἡ
788 2694 1043 2763 βασιλεία
1088 2694 1183 2746 τοῦ
1213 2694 1389 2747 0:05.
1420 2712 1439 2744 ι
1494 2694 1662 2764 Ὂρα,
1694 2695 1795 2745 οὐκ

204 2785 353 2850 εἷπε,
396 2786 619 2839 Τούτων
653 2785 763 2853 γάρ
792 2786 941 2837 ἑστιν
972 2786 1004 2854 ἡ
1034 2783 1304 2853 βασιλεία,
1331 2784 1467 2837 ἀλλὰ
1487 2784 1596 2836 τῶν
1626 2782 1797 2836 τοιού-

205 2895 339 2942 των,
370 2878 621 2930 τουτέστι
670 2876 782 2929 τῶν
810 2876 1047 2945 ἑχόντων
1078 2876 1139 2939 ἐξ
1184 2875 1467 2941 ἀσκήσεως
1519 2874 1617 2941 τὴν
1659 2876 1797 2927 άκα-

205 2971 359 3035 κίαν,
410 2970 481 3041 ἦν
529 2971 600 3023 τὰ
646 2968 837 3021 παιδία
887 2967 1103 3038 ἔχουσιν
1150 2967 1259 3021 ἀπὸ
1297 2968 1532 3035 φύσεως.
1568 2968 1641 3020 Τὸ
1689 2968 1797 3039 γὰρ

210 3062 428 3115 παιδίον
466 3060 593 3114 οὗτε
642 3060 849 3129 φθονεῖ,
883 3058 1011 3113 οὗτε
1046 3062 1397 3130 μνησικακεῖ,
1443 3058 1568 3112 οὗτε
1603 3078 1797 3129 μαστι-

1894 584 1961 637 ad
2014 596 2140 636 eum
2194 582 2461 636 accedunt
2506 591 2561 636 et
2610 582 2975 649 interrogant,
3036 575 3193 644 quasi
3244 574 3489 627 nondum

1893 676 2231 730 satisfactum
2271 683 2421 730 esset
2466 674 2635 729 menti
2690 687 2902 727 eorum.
2945 672 3016 723 At
3047 669 3166 737 ipse
3207 664 3491 735 respondit

1893 768 1997 832 eis,
2028 766 2219 822 dicens
2253 784 2268 820 :
2315 766 2417 833 Qui
2454 765 2725 821 dimiserit
2750 777 2977 818 uxorem
3012 773 3193 823 suam,
3226 767 3283 811 et
3319 757 3488 809 duxe-

1895 861 1966 913 rit
1996 859 2182 925 aliam,
2211 859 2433 914 adulter-
2459 867 2545 913 est
2572 858 2711 928 ejus,
2745 856 2952 912 scilicet
2979 852 3255 908 secundae.
3315 847 3485 901 Simi-

1894 951 2019 1006 liter
2070 965 2285 1020 quoque
2332 959 2387 1005 et
2454 965 2593 1003 uxor
2634 947 2878 1002 adultera
2933 954 3040 1007 est,
3096 954 3218 1011 qua:
3273 935 3492 1005 reliquit

1896 1043 2069 1095 virum
2097 1042 2396 1111 proprium,
2425 1049 2480 1095 et
2506 1040 2661 1095 alteri
2693 1038 2986 1108 conjuncta
3013 1035 3197 1089 fuerit.

1967 1135 2132 1190 Vsns.
2161 1134 2349 1188 1946.
2393 1152 2412 1185 ι
2452 1134 2519 1187 Et
2544 1132 2847 1186 attulerunt
2877 1131 2943 1184 ad
2980 1128 3131 1183 illum
3164 1126 3394 1195 puellos,
3432 1134 3492 1181 ιιι

1896 1235 2143 1299 tangeret
2193 1228 2338 1280 illos.
2391 1223 2654 1294 Discipuli
2694 1236 2828 1279 vero
2861 1220 3223 1289 increpabant
3252 1233 3347 1272 eos
3394 1218 3487 1286 qui

1894 1319 2253 1374 adducebant.
2280 1317 2418 1373 Cum
2449 1317 2681 1372 vidisset
2712 1322 2895 1370 autem
2940 1313 3123 1379 Jesus,
3171 1312 3489 1381 indignatus

1894 1420 1999 1479 est,
2030 1420 2086 1467 et
2126 1411 2264 1466 dixit
2295 1409 2403 1464 illis
2436 1428 2449 1463 :
2499 1406 2674 1463 Sinite
2708 1406 2918 1478 puellos
2962 1404 3153 1459 venire
3179 1403 3248 1458 ad
3284 1416 3391 1467 me,
3423 1415 3491 1455 ne

1896 1506 2180 1577 prohibete
2210 1505 2351 1570 illos,
2386 1504 2574 1557 talium
2602 1504 2747 1557 enim
2778 1512 2864 1557 est
2891 1515 3120 1570 regnum
3160 1498 3279 1553 Dei.
3309 1499 3485 1552 Amen

1896 1602 2019 1655 dico
2069 1600 2261 1653 vobis:
2301 1598 2622 1665 Quicunque
2668 1609 2774 1647 non
2810 1593 3086 1662 acceperit
3121 1605 3348 1660 regnum
3390 1591 3486 1645 Dei

1900 1704 2157 1762 tanquam
2185 1690 2414 1760 puellus,
2444 1690 2864 1757 haudquaquam
2888 1685 3229 1756 ingredietur
3258 1685 3307 1737 in
3335 1683 3485 1737 illud.

1900 1784 1965 1838 Et
1992 1798 2116 1838 cum
2161 1779 2397 1850 cepisset
2444 1779 2565 1831 illos
2608 1778 2661 1831 in
2707 1778 2887 1841 ulnas,
2937 1774 3211 1843 impositis
3237 1774 3491 1826 manibus

1896 1888 2058 1942 super
2094 1872 2213 1926 illos
2245 1870 2521 1925 benedixit
2546 1868 2647 1923 eis.
2700 1888 2721 1919 ι
2770 1865 2961 1936 Magna
3005 1864 3138 1919 fides
3184 1862 3488 1923 turbarum,

1897 1983 2017 2037 quae
2057 1968 2220 2020 etiam
2275 1965 2391 2020 sola
2445 1976 2701 2016 manuum
2758 1958 3107 2029 impositione
3163 1955 3407 2011 benedici
3460 1970 3488 2005 a

1894 2060 2114 2114 Christo
2138 2055 2523 2111 existimabant
2552 2052 2761 2122 puellos
2791 2065 2931 2120 quos
2956 2047 3278 2103 offerebant.
3317 2044 3493 2099 Disci-

1898 2152 2006 2221 puli
2042 2167 2171 2205 vero
2206 2150 2491 2219 indignum
2524 2149 2626 2202 hoc
2656 2160 2778 2200 esse
2805 2144 3026 2199 Christo
3057 2140 3492 2203 arbitrabantur,

1896 2244 2039 2314 quod
2081 2241 2232 2311 pueri
2265 2242 2671 2295 adducerentur
2694 2237 2763 2291 ad
2795 2238 2973 2306 ipsum
3003 2254 3016 2289 :
3052 2244 3103 2287 et
3130 2233 3497 2302 prohibebant

1896 2336 2246 2391 adducentes.
2272 2333 2413 2401 Quid
2434 2333 2597 2402 igitur
2613 2327 2987 2397 Cbristus‘wt
3006 2328 3198 2381 doceat
3221 2324 3467 2379 bumilita
3496 2364 3497 2367 η

1900 2441 2005 2483 tem
2057 2438 2112 2482 et
2136 2425 2393 2481 mundani
2425 2425 2593 2479 fastus
2613 2431 3009 2490 contemptum,
3038 2420 3157 2473 illos
3178 2428 3233 2473 et
3270 2416 3500 2483 suscipit

1898 2528 1951 2573 et
1970 2517 2109 2573 ulnis
2136 2516 2504 2586 amplectitur.
2532 2512 2784 2569 Ostendit
2814 2512 2958 2565 enim
2984 2511 3129 2579 quod
3150 2509 3427 2576 simplices
3442 2517 3499 2563 et

1898 2611 2215 2665 innocentes
2244 2608 2527 2677 suscipiat,
2573 2607 2803 2674 ideoque
2850 2604 3022 2658 dicit:
3058 2622 3077 2654 ε
3139 2601 3355 2655 Talium
3408 2614 3496 2657 est

1900 2702 2045 2756 enim
2080 2715 2306 2773 regnum
2357 2699 2474 2753 Dei.
2529 2718 2547 2749 ι
2596 2695 2754 2759 Vide,
2796 2712 2903 2750 non
2956 2696 3118 2761 dixit,
3156 2694 3362 2749 ﬂorum
3412 2703 3499 2748 est

1896 2795 2041 2849 enim
2068 2807 2293 2862 regnum
2341 2790 2457 2857 Dei,
2488 2788 2607 2853 sed,
2647 2789 2860 2853 talium,
2898 2787 3000 2842 hoc
3030 2798 3136 2851 est,
3184 2802 3372 2842 eorum
3400 2788 3496 2856 qui

1900 2900 1996 2955 per
2041 2884 2491 2940 exercitationem
2538 2880 2909 2934 innocentiam
2960 2878 3276 2949 acquirunt,
3328 2892 3493 2947 quam

1900 2977 2066 3047 puelli
2100 2992 2130 3030 a
2166 2985 2364 3030 natura
2417 2974 2640 3028 habent.
2689 2970 2833 3026 Puer
2871 2971 3018 3027 enim
3052 2984 3229 3040 neque
3265 2971 3493 3035 invidet,

1901 3084 2079 3138 neque
2131 3069 2428 3122 vindictam
2485 3066 2803 3128 meditatur,
2870 3078 3049 3133 neque
3096 3064 3141 3120 si
3187 3062 3497 3132 ﬂagellatur

205 3155 438 3224 ζεμενον
493 3153 646 3224 παρὰ
698 3154 796 3223 τῆς
848 3151 1058 3223 μητρὸς
1105 3151 1424 3220 ἀφίσταται.
1486 3151 1649 3205 ’Δλλὰ
1694 3153 1798 3205 κᾶν

1909 3180 1938 3217 a
1964 3172 2160 3226 matre,
2194 3162 2397 3217 recedit
2424 3174 2440 3215 :
2467 3161 2562 3216 sed
2594 3161 2759 3221 hanc,
2788 3158 2955 3213 etiam
2987 3157 3032 3213 si
3061 3164 3240 3211 vestes
3264 3155 3499 3211 detritas

205 3247 383 3316 pitu:
412 3245 554 3315 αῦτη
600 3249 763 3316 φορῇ,
809 3245 911 3314 τῆς
956 3244 1226 3314 βασιλίδος
1271 3244 1479 3313 ταύτην
1535 3247 1803 3316 προτιμᾷ.

213 3337 379 3391 οὕτω
410 3340 504 3392 καὶ
533 3338 566 3391 6
590 3339 713 3391 κατ’
740 3336 942 3409 ἀρετὴν
975 3337 1105 3402 ζῶν,
1122 3336 1223 3405 τῆς
1256 3337 1461 3405 μητρὸς
1488 3338 1676 3404 αὑτοῦ,
1707 3340 1807 3406 τῆς

222 3429 555 3500 Ἐκκλησίας
601 3428 769 3497 λέγω,
820 3429 975 3482 οὐδὲν
1026 3428 1296 3499 προτιμᾷ,
1347 3428 1469 3480 οὐδὲ
1516 3428 1616 3497 τὴν
1654 3428 1806 3498 βασι-

209 3522 478 3575 λεύουσαν
502 3522 613 3575 τῶν
644 3520 856 3576 πολλῶν
886 3521 1105 3592 ἡδονήν.
1131 3521 1223 3572 Διὸ
1252 3521 1349 3573 καὶ
1377 3520 1805 3588 ἁναγκαλίζεται

206 3616 342 3678 τοὺς
374 3614 652 3676 τοιούτους
688 3615 717 3666 6
753 3613 980 3684 Κύριος,
1013 3614 1232 3681 λέγων’
1280 3630 1300 3663 4
1330 3612 1495 3665 Δεῦτε
1533 3614 1673 3683 πρός
1706 3631 1794 3682 με,

210 3709 417 3772 πάντες
454 3710 505 3760 oi
540 3707 841 3770 κοπιῶντες
871 3709 965 3761 καὶ
1009 3706 1467 3774 πεφορτισμένοι.
1510 3724 1527 3756 ι
1572 3708 1680 3759 Καὶ
1715 3709 1806 3759 εὑ-

211 3800 385 3868 λογεῖ,
417 3799 616 3867 λέγων
649 3818 669 3852 ι
705 3798 898 3865 Δεῦτε,
932 3801 983 3852 oi
1034 3798 1391 3867 εὺλογημένοι
1442 3796 1538 3849 τοῦ
1592 3800 1804 3867 Πατρός

217 3909 347 3964 μου.
382 3911 402 3944 ε
443 3892 729 3946 Βασιλείαν
770 3892 825 3945 δὲ
852 3890 946 3945 τοῦ
974 3891 1143 3955 Θεοῦ,
1190 3891 1250 3943 τὸ
1279 3892 1543 3960 κήρυγμα
1580 3894 1675 3943 καὶ
1704 3890 1803 3959 τὴν

212 3982 557 4055 ᾶπαγγελίαν
588 3984 697 4038 τῶν
747 3982 970 4052 ἀγαθῶν
1003 3980 1242 4035 ἐνταῦθά
1274 3997 1461 4050 φησιν.
1494 3981 1563 4033 ’⁷0
1576 3998 1685 4043 ςτις
1710 3980 1803 4033 οὖν

215 4076 433 4142 διξεται
464 4077 525 4131 τὸ
558 4077 822 4147 κήρυγμα
851 4074 945 4128 τοῦ
983 4073 1119 4127 Θεοῦ
1160 4074 1259 4136 ὡς,
1284 4072 1517 4138 παιδίον,
1556 4073 1803 4125 τουτέστι

219 4170 390 4240 μηδὶν
425 4168 839 4239 διακρινόμενος
876 4168 1205 4239 ἦάπιστὼν,
1240 4169 1455 4231 ἐκεῖνος
1494 4167 1802 4237 εἰσέρχεται

214 4265 302 4325 είς
343 4260 442 4328 τὴν
494 4260 768 4331 βασιλείαν
812 4260 908 4313 τοῦ
940 4260 1099 4326 Θεοῦ,
1154 4260 1254 4314 καὶ
1302 4262 1381 4324 είς
1428 4261 1496 4313 τὰ
1534 4259 1717 4327 ἀγαθὰ
1766 4259 1803 4313 ἃ

217 4352 438 4418 ἐδέξατο
462 4353 563 4424 ήδη
593 4356 660 4425 τῇ
693 4353 894 4407 πίστει.

297 4462 317 4495 ι
354 4445 465 4499 Καὶ
515 4444 959 4514 ὶκπορευομὲνου
990 4444 1159 4499 αὐτοῦ
1202 4446 1285 4509 είς
1330 4445 1473 4508 636v,
1522 4445 1799 4517 προσδρα-

1913 3256 2075 3321 ferat,
2113 3256 2313 3323 reginae
2372 3254 2609 3321 prefert.
2649 3252 2740 3307 Sic
2766 3254 2836 3322 let
2864 3252 2959 3321 qui
2992 3250 3287 3305 virtutibus
3318 3259 3497 3315 vacat,

1912 3350 2070 3401 matri
2102 3363 2236 3409 sum.
2271 3347 2527 3401 Ecclesia:
2574 3346 2719 3410 dico,
2757 3359 2932 3415 neque
2978 3343 3330 3412 voluptatem.
3377 3359 3499 3412 quae

1910 3441 2096 3495 multis
2146 3442 2398 3509 imperat,
2433 3453 2612 3507 neque
2645 3437 2925 3507 quippiam
2983 3435 3222 3505 praefert.
3261 3434 3390 3490 Ideo
3444 3436 3497 3487 in

1908 3535 2063 3589 ulnas
2090 3535 2223 3587 tales
2260 3530 2689 3601 suscipitlesus,
2722 3531 2953 3584 dicens:
2996 3548 3015 3579 ι
3046 3527 3241 3582 Venite
3285 3528 3352 3580 ad
3388 3542 3499 3593 me,

1906 3642 2097 3681 omnes
2129 3628 2220 3695 qui
2254 3626 2513 3681 laboratis
2554 3634 2608 3679 et
2629 3626 2841 3679 onerati
2873 3625 3052 3690 estis;
3080 3641 3103 3673 ι
3130 3632 3184 3677 et
3224 3621 3501 3677 benedicit

1907 3722 2095 3774 dicens
2133 3738 2147 3773 :
2183 3738 2203 3770 ι
2237 3719 2425 3774 Venite
2449 3758 2465 3783 ,
2490 3718 2759 3773 benedicti
2801 3715 2983 3770 Patris
3026 3714 3154 3769 mei.
3190 3730 3209 3764 ι
3252 3713 3498 3783 Regnum

1906 3822 2085 3865 autem
2126 3811 2239 3873 Dei,
2275 3810 2717 3879 praedicationem
2766 3818 2822 3863 et
2867 3806 3289 3877 promissionem
3326 3806 3499 3858 bono-

1909 3919 2026 3956 rum
2056 3904 2143 3957 hic
2178 3904 2327 3957 dicit.
2364 3902 2624 3971 Quisquis
2654 3903 2817 3972 igitur
2844 3900 3121 3971 acceperit
3153 3898 3501 3967 praedicatio-

1908 4013 2030 4052 nem
2066 3995 2164 4052 Dei
2204 3996 2349 4051 sicut
2379 4011 2536 4065 pttor,
2572 4011 2677 4049 non
2712 3994 3024 4064 tlijudicans
3050 3993 3135 4048 vel
3157 3992 3500 4053 discrcdenr,

1906 4090 1996 4147 ille
2042 4091 2345 4159 ingreditur
2372 4093 2433 4150 in
2456 4106 2689 4161 regnum
2710 4089 2804 4143 Dei
2870 4088 3007 4143 etin
3039 4091 3182 4156 bona
3216 4102 3338 4157 quae
3386 4084 3500 4155 jam

1910 4181 2015 4238 fide
2064 4182 2323 4253 suscepit.

1978 4430 2145 4487 Vens.
2199 4432 2383 4488 17-22.
2422 4450 2441 4483 ι
2498 4430 2565 4484 Ει
2613 4446 2737 4485 cum
2772 4429 2949 4485 exiret
2998 4431 3053 4484 in
3106 4427 3275 4495 viam,
3336 4426 3510 4501 224

218 4535 341 4608 μὼν
386 4530 489 4600 εἷς,
534 4536 629 4590 καὶ
678 4539 1052 4610 γονυπετήσας
1101 4538 1271 4608 αὐτῷ,
1307 4535 1572 4608 ἐπηρώτα
1620 4540 1798 4593 αύτόψ

1914 4524 2418 4595 accurritquidam,
2454 4538 2520 4579 ac
2562 4538 2738 4593 genua
2769 4522 2919 4578 ﬂexit
2963 4522 3063 4589 illi,
3102 4532 3159 4577 et
3190 4522 3501 4593 interroga—

218 4630 523 4687 Διδάσκαλε
548 4630 747 4698 ἀγαθὲ,
780 4630 833 4683 τί
861 4633 1095 4700 ποιήσω.
1129 4630 1217 4685 ἵνα
1246 4631 1393 4699 ζωὴν
1420 4629 1641 4682 αἰώνιον
1672 4631 1807 4699 κλη-

218 4723 544 4794 ρονομήσω;
586 4722 644 4776 ’0
665 4722 723 4776 δὶ
768 4722 977 4793 Ἰησοῦς
1006 4720 1164 4777 εἶπεν
1196 4722 1349 4794 αύτῷ
1376 4738 1389 4753 ο
1424 4722 1490 4775 Τί
1520 4739 1589 4793 με
1620 4723 1803 4790 λέγεις

217 4814 468 4883 ἀγαθόν;
511 4815 700 4878 οὐδεὶς
736 4816 963 4882 ἀγαθὸς,
994 4818 1044 4868 εί
1073 4816 1147 4886 μὴ
1173 4809 1253 4878 εἷς
1284 4817 1313 4869 6
1345 4814 1498 4878 Θεός⁶
1527 4815 1625 4879 τὰς
1659 4816 1809 4869 ἐντο-

214 4908 316 4970 λὰς
345 4903 493 4970 οἶδας
515 4924 530 4972 ;
552 4907 646 4976 Μὴ
680 4906 996 4978 μοιχεύσῃς,
1030 4906 1106 4977 μὴ
1136 4906 1426 4979 φονεύσῃς,
1470 4906 1544 4976 μὴ
1576 4906 1805 4978 κλέψῃς,

220 5000 302 5069 μὴ
349 4999 896 5070 ψευδομαρτυρήσῃς,
951 5001 1028 5068 μὴ
1072 4999 1485 5068 ἀποστερήσῃς.
1516 4998 1665 5067 Τίμα
1710 4998 1802 5051 τὸν

216 5089 437 5161 πατέρα
462 5105 558 5142 σου
608 5091 707 5142 καὶ
732 5091 833 5160 τὴν
874 5091 1090 5161 μητέρα
1122 5107 1239 5143 σου.
1282 5089 1344 5143 Ὀ
1374 5089 1430 5141 δὲ
1459 5088 1801 5159 ἀποκριθεὶς,

217 5177 375 5234 εἷπεν
394 5180 567 5250 αὐτῷ·
598 5180 922 5245 Διδάσκαλε,
946 5183 1120 5236 ταῦτα
1147 5182 1329 5235 πάντα
1350 5181 1710 5251 ἐφυλαξάμην
1740 5183 1807 5234 ὲκ

217 5274 476 5342 νεότητός
510 5290 636 5341 μου.
683 5274 742 5327 '0
785 5273 843 5327 δὲ
889 5273 1097 5341 Ἰησοῦς
1131 5273 1415 5343 ἐμϐλέψας
1467 5272 1638 5341 αὐτῷ,
1667 5274 1808 5343 ἠγά-

219 5350 399 5433 πηοεν
448 5363 632 5453 αὐτὸν)
683 5366 777 5418 καὶ
830 5360 987 5417 εἶπεν
1032 5364 1183 5435 αύτῷ
1214 5380 1228 5394 ⁸
1259 5366 1358 5417 Ἐν
1416 5382 1499 5417 σοι
1562 5364 1803 5436 ὑστερεῖ,

216 5454 427 5525 ὕπαγε,
474 5455 577 5508 ὅσα
622 5454 769 5525 ἔχεις
812 5454 1087 5525 πώλησον,
1136 5457 1230 5508 καὶ
1276 5455 1365 5516 δὸς
1405 5457 1664 5525 πτωχοῖς,
1712 5456 1809 5508 καὶ

219 5549 366 5615 ἕξεις
395 5547 668 5617 θησαυρὸν
695 5550 755 5600 ὲν
784 5546 1022 5618 οὐρανῷ,
1054 5550 1149 5601 καὶ
1171 5547 1337 5621 δεῦρο
1376 5548 1662 5601 ἀκολούθει
1692 5563 1804 5618 μοι,

221 5644 365 5711 ἄρας
397 5642 490 5696 τὸν
528 5641 781 5712 σταυρόν.
829 5642 888 5696 ’0
942 5642 1007 5695 δὲ
1037 5641 1346 5710 στυγνάσας
1378 5642 1473 5695 ἐπὶ
1506 5640 1585 5711 τῷ
1620 5640 1764 5709 λόγῳ
1789 5680 1804 5703 ,

221 5731 434 5804 ἀπῆλθε
466 5732 828 5803 λυπούμενος,
855 5728 923 5804 ἦν
949 5732 1062 5803 γάρ
1091 5732 1229 5802 ἔχων
1264 5734 1525 5803 κτήματα
1555 5730 1747 5785 πολλά.
1781 5750 1797 5783 ι

222 5826 383 5891 Τινὲς
412 5824 756 5881 διαϐάλλουσι
790 5824 881 5881 τὸν
926 5825 1210 5880 νεανίσκον
1258 5824 1468 5892 τοῦτον,
1515 5826 1591 5888 ὡς
1636 5822 1805 5877 ὕπου-

1914 4618 2004 4672 bat
2031 4633 2200 4672 eum:
2244 4617 2556 4685 Praeceptor
2606 4618 2769 4681 bone,
2803 4616 2931 4687 quid
2984 4614 3181 4671 faciam
3228 4626 3288 4669 ut
3336 4619 3503 4670 vitam

1908 4720 2165 4765 aeternam
2201 4712 2503 4779 possideam
2527 4709 2557 4762 'l‘
2578 4708 2739 4763 Iesus
2769 4720 2951 4764 autem
2978 4710 3119 4764 dixit
3140 4708 3217 4763 illi
3242 4726 3256 4763 :
3278 4708 3389 4763 Cur
3414 4725 3501 4762 tne

1910 4802 2045 4859 dicis
2071 4800 2305 4857 bonum?
2341 4800 2509 4855 Nemo
2536 4802 2731 4866 bonus,
2765 4802 2869 4855 nisi
2908 4818 3069 4864 unus,
3106 4816 3301 4870 nempe
3335 4801 3501 4855 Deus.

1910 4895 2182 4964 Praecepta
2214 4893 2397 4948 nosti?
2428 4894 2505 4948 Ne
2533 4892 2847 4947 committas
2871 4892 3225 4955 adulterium,
3255 4906 3327 4947 ne
3355 4894 3503 4945 occio

1910 4987 2031 5049 das,
2066 4998 2133 5038 ne
2176 4978 2398 5049 (ureris,
2445 4998 2512 5037 ne
2565 4982 2765 5038 falsum
2797 4982 3172 5037 testimonium
3221 4982 3393 5047 dicas,
3431 4998 3501 5036 ne

1908 5076 2149 5140 fraudes,
2185 5078 2392 5131 honora
2424 5090 2632 5146 patrem
2664 5082 2819 5128 tuum
2854 5083 2911 5129 et
2958 5084 3190 5130 matrem
3225 5084 3393 5128 tuam.
3430 5076 3501 5128 At

1907 5172 1997 5224 ille
2057 5171 2393 5240 respondens
2439 5169 2575 5223 dixit
2626 5166 2746 5223 illi:
2780 5166 3114 5237 Praeceptor,
3150 5167 3270 5223 hazc
3316 5168 3498 5223 omnia

1906 5262 2116 5317 servavi
2170 5262 2244 5315 ab
2272 5259 2636 5315 adolescentia
2676 5273 2819 5312 mea.
2854 5256 3012 5312 Jesus
3040 5268 3219 5313 autem
3269 5259 3504 5314 intuitus

1906 5355 2080 5419 illum,
2116 5356 2305 5410 dilexit
2337 5370 2485 5417 eum,
2540 5363 2595 5407 et
2631 5352 2771 5406 dixit
2795 5353 2869 5407 illi
2903 5371 2917 5407 :
2952 5353 3132 5409 Unum
3184 5353 3278 5406 tibi
3313 5354 3503 5418 deest;

1910 5451 2021 5508 abi.
2056 5462 2397 5518 quacunque
2428 5446 2596 5501 habes
2631 5447 2829 5511 vende,
2872 5456 2929 5501 et
2958 5451 3023 5501 da
3066 5448 3399 5517 pauperibus
3449 5452 3506 5499 ct

1910 5542 2135 5597 habebis
2184 5542 2498 5595 thesaurum
2534 5540 2589 5594 in
2642 5539 2804 5603 caelo,
2858 5550 2913 5595 et
2954 5540 3078 5597 veni
3132 5554 3361 5609 sequere
3395 5552 3503 5601 me,

1910 5635 2128 5691 Sublata
2160 5635 2211 5687 in
2251 5635 2511 5688 humeros
2545 5646 2729 5687 cruce.
2759 5632 2830 5685 At
2859 5633 2951 5685 ille
2994 5632 3241 5686 molestia
3276 5629 3505 5684 affectus

1910 5742 2008 5797 per
2042 5740 2374 5787 sermonem,
2408 5724 2719 5779 discedebat
2771 5737 3052 5791 maerens;
3091 5723 3325 5776 habebat
3358 5723 3505 5775 enim

1910 5820 2285 5891 possessiones
2338 5818 2561 5873 multas.
2623 5836 2642 5868 ι
2689 5816 2917 5883 Quidam
2945 5825 3133 5871 taxant
3183 5814 3509 5873 adolescen-
