4028 6412
589 402 698 467 599

1483 404 2053 466 THEOPHYLACTI
2095 403 2505 466 BULGARIB
2541 402 2893 465 ARCHIEP.

3714 399 3824 463 σοι)

592 530 699 576 tem
729 518 877 575 illum
906 530 959 576 et
984 517 1267 581 subdolum
1309 528 1363 575 et
1399 520 1596 574 malum
1629 530 1679 575 et
1712 529 2054 573 tentatorem.
2104 520 2144 575 Δ

2274 520 2365 573 λόν
2391 535 2513 573 τινα
2547 520 2643 573 καὶ
2675 516 2913 587 πονηρὸν
2940 513 3033 568 καὶ
3083 513 3458 583 πειραστικόν.
3490 512 3608 569 Οὐκ
3640 512 3755 566 ἔστι
3782 515 3843 569 ει

591 625 699 666 non
726 610 801 665 ita
830 623 887 665 se
922 624 1007 664 res
1036 610 1221 675 habet,
1251 610 1344 664 sed
1379 611 1596 664 amabat
1625 610 1865 675 divitias,
1902 624 2006 663 non
2043 620 2165 664 ten-

2272 610 2451 665 τοῦτο’
2482 609 2619 664 ἀ).λά
2659 608 3065 679 φιλοχρήματος
3097 606 3197 676 μὲν
3224 606 3253 659 6
3280 605 3590 676 ἄνθρωπος,
3622 604 3683 658 οὐ
3723 621 3846 657 πει-

590 702 755 755 tabat.
787 700 925 754 Audi
961 700 1544 771 enim'evangelistam,
1585 703 1728 769 quod
1759 718 1881 756 cum
1933 703 2144 755 intuitu:

2274 701 2474 771 ραστὴς
2528 700 2607 754 δέ.
2677 700 2872 752 Ἀκουε
2932 698 3042 769 γάρ
3112 697 3207 751 τοῦ
3277 696 3695 765 εὐαγγελιστοῦ,
3757 697 3841 749 ὅτι

586 798 731 846 esset
761 805 884 844 eum
916 789 1095 858 Jesus,
1130 791 1375 846 dilexerit
1430 791 1601 845 illum.
1642 790 1822 856 Quare
1866 793 2028 861 igitur
2085 794 2144 847 Sit

2267 792 2542 861 ὲμδλέψας
2588 790 2739 861 αὖτῷ
2808 792 2836 843 6
2869 789 3097 860 Ἰησοῦς,
3123 790 3412 858 ἠγάπησεν
3458 789 3641 842 αὐτόν.
3676 789 3837 842 Διατί

587 883 864 951 respondit
885 883 931 935 ei
950 882 1202 937 Christus
1223 882 1407 936 dicens
1439 901 1452 935 :
1486 881 1671 937 Nullus
1699 884 1909 937 bonus?
1934 880 2067 948 Quia
2098 902 2144 935 at

2265 880 2357 937 οὖν
2387 884 2527 937 οὕτω
2555 883 2689 953 πρὸς
2723 884 2884 937 αὐτὸν
2911 883 3245 950 ἀπεκρίνατο
3274 884 3301 934 6
3328 882 3582 951 Χριστὸς,
3618 881 3793 948 λέγων
3815 898 3831 912 ·

593 976 771 1043 ipsum
836 982 1139 1029 accesserat
1194 983 1446 1042 tanquam
1507 977 1574 1029 ad
1632 977 1929 1040 hominem,
1988 986 2041 1030 et
2090 976 2156 1030 ad

585 1082 748 1120 unum
784 1081 847 1121 ex
885 1066 1183 1137 magistris.
1226 1066 1413 1119 Dicere
1450 1068 1593 1120 enim
1630 1068 1740 1122 vult
1768 1068 2016 1123 Christus
2046 1068 2153 1127 ε,Ξὶ

583 1155 799 1224 quidem
830 1164 887 1210 ut
910 1156 1224 1223 magistrum
1281 1165 1435 1225 putas
1466 1173 1551 1211 me
1572 1170 1688 1210 esse
1723 1159 1945 1224 bonum,
1982 1159 2156 1214 nullus

584 1246 746 1301 homo
780 1245 971 1313 bonus,
1003 1247 1049 1301 si
1089 1262 1209 1300 cum
1254 1246 1361 1300 Deo
1420 1247 1749 1312 conferatur,
1782 1250 1862 1303 sin
1896 1259 1951 1304 ut
1989 1250 2154 1304 Deum

582 1353 672 1393 me
706 1337 904 1393 bonum
939 1353 1057 1393 esse
1095 1351 1302 1403 censes,
1350 1338 1477 1407 quid
1518 1339 1684 1409 igitur
1722 1342 2037 1409 magistrum
2072 1356 2158 1396 me

586 1429 788 1483 vocas?
818 1427 883 1481 Et
913 1428 983 1481 ita
1012 1427 1190 1483 verbis
1226 1430 1346 1485 istis
1374 1428 1624 1485 Christus
1656 1441 1888 1486 mentem
1922 1432 2159 1488 hominis

2263 977 2454 1040 Οὐδεὶς
2494 976 2733 1044 ἀγαθός;
2794 975 3015 1045 Ἐπειδὴ
3067 975 3141 1038 ὡς
3196 972 3467 1045 ἀνθρώπῳ
3522 974 3837 1046 προσῆλθε,

2263 1070 2357 1123 καὶ
2405 1068 2481 1133 ὡς
2529 1069 2609 1121 ἑνὶ
2660 1067 2767 1120 τῶν
2826 1066 3039 1121 πολλῶν
3082 1066 3441 1119 διδασκάλων.
3503 1067 3675 1119 Τοῦτο
3730 1070 3841 1137 γὰρ

2260 1160 2410 1228 λέγει
2446 1160 2475 1212 6
2503 1158 2736 1229 Χριστός
2760 1173 2773 1187 ο
2823 1157 2950 1210 Ἐὰν
2982 1156 3184 1227 μὲνὼς
3229 1156 3546 1209 διδάσκαλον
3594 1154 3840 1225 νομίζεις

2261 1270 2329 1323 με
2369 1250 2508 1306 εἶναι
2532 1251 2753 1320 ἀγαθὸν,
2790 1250 2966 1313 οὐδεὶς
2994 1249 3279 1319 ἄνθρωπος
3320 1248 3548 1316 ἀγαθὸς,
3587 1248 3666 1312 ὼς
3701 1250 3841 1317 πρὸς

2260 1344 2547 1412 σύγκρισιν
2577 1342 2671 1395 τοῦ
2691 1340 2844 1394 Θεοῦ·
2874 1340 2970 1395 ὲάν
3000 1332 3055 1392 δέ
3084 1339 3158 1403 ὼς
3175 1341 3307 1393 Θεὸν
3331 1339 3569 1409 νομίζεις
3604 1355 3669 1408 με
3696 1334 3840 1392 εῐναι

2256 1434 2479 1502 ἀγαθὸν,
2524 1433 2576 1487 τί
2608 1434 2792 1486 λοιπὸν
2840 1431 3161 1485 διδάσκαλόν
3208 1448 3274 1501 με
3305 1430 3632 1498 dimidiam;
3667 1428 3839 1481 Ὠστε

584 1520 727 1575 illius
762 1520 1129 1577 sublimiorem
1184 1520 1405 1575 reddere
1451 1521 1587 1587 vult,
1636 1530 1693 1575 ut
1737 1521 1853 1591 ipse
1902 1532 2144 1593 tanquam

2254 1527 2413 1583 τοῦτο
2442 1528 2531 1581 διά
2568 1527 2673 1580 τῶν
2710 1526 2973 1599 ῥημάτων
3017 1524 3222 1578 τούτων
3251 1524 3280 1575 6
3311 1523 3548 1593 Χριστὸς
3580 1522 3838 1591 βούλεται

583 1613 723 1667 Deus
772 1622 1116 1681 agnoscatur.
1172 1610 1277 1665 Sed
1327 1620 1382 1666 et
1420 1611 1564 1666 aliud
1610 1612 1865 1682 quiddam
1912 1614 2144 1683 corrigit,

2254 1618 2334 1685 τὸ,
2368 1618 2703 1691 ὑψηλοτέραν
2731 1618 2953 1687 ποιῆσαι
2983 1615 3083 1687 τὴν
3114 1614 3209 1668 τοῦ
3239 1614 3530 1685 ἀνθρώπου
3566 1615 3839 1679 διάνοιαν,

581 1704 821 1759 docendo
851 1704 999 1758 illum
1031 1717 1098 1758 ne
1141 1703 1389 1757 aduletur
1417 1703 1499 1759 his
1529 1718 1651 1757 cum
1692 1705 1889 1774 quibus
1924 1720 2144 1759 conver-

2257 1712 2393 1782 πρὸς
2422 1711 2483 1764 τὸ
2510 1710 2808 1779 ἐπιγνῶναι
2851 1709 3013 1763 αὑτὸν
3051 1710 3126 1772 ὼς
3176 1706 3329 1761 Θεόν.
3386 1706 3543 1759 Ἀλλά
3585 1707 3679 1759 καὶ
3710 1705 3843 1759 ἄλλο

580 1805 797 1849 saturus
824 1802 925 1858 est,
965 1795 1058 1849 sed
1110 1795 1345 1849 radicem
1382 1792 1692 1864 fontemque
1732 1796 1988 1850 bonitatis
2013 1798 2144 1850 sciat

2257 1820 2312 1857 τι
2363 1802 2641 1875 κατορθοῖ,
2700 1802 2763 1855 τὸ
2811 1801 3017 1865 διδάξαι
3065 1798 3252 1863 αὐτὸν,
3313 1798 3444 1851 ὅταν
3500 1798 3608 1849 τινὶ
3664 1796 3841 1867 μέλλῃ

581 1885 772 1948 Deum,
824 1888 907 1940 cui
958 1886 1131 1940 honor
1164 1886 1479 1939 tribuendus
1525 1896 1627 1940 est.
1674 1886 1928 1941 Admiror
1971 1897 2144 1940 autem

2254 1895 2531 1967 ὁμιλῆσαι,
2563 1894 2636 1965 μὴ
2666 1891 3072 1953 κολακευτικῶς
3107 1890 3336 1959 ὁμιλεῖν,
3365 1887 3502 1941 ἀλλά
3535 1886 3634 1957 τὴν
3674 1886 3838 1957 ῥίζαν

578 1973 1003 2041 adolescentem,
1052 1976 1193 2046 quod
1240 1990 1361 2030 cum
1394 1976 1482 2030 alii
1517 1976 1756 2045 plerique
1789 1977 2144 2031 sanandorum

2253 1987 2345 2039 καὶ
2370 1985 2469 2056 τὴν
2496 1985 2679 2055 πηγὴν
2706 1983 2803 2053 τῆς
2833 1980 3187 2050 ἀγαθότητος,
3210 1979 3407 2032 εἰδέναι
3432 1976 3522 2030 τδν
3555 1975 3712 2039 Θεὸν,
3742 1975 3842 2028 xal.

579 2072 890 2125 morborum
921 2073 1089 2141 gratia
1124 2072 1494 2137 accesserint,
1526 2070 1614 2126 ille
1645 2071 1769 2125 vita:
1798 2080 2013 2125 aeterna:
2040 2070 2151 2123 han-

580 2162 860 2215 rcditatem
912 2162 1210 2231 quaesierit,
1270 2163 1483 2218 tametsi
1528 2162 1847 2233 gravissimo
1901 2162 2147 2218 avaritia:

576 2256 763 2309 morbo
791 2263 1099 2309 teneretur:
1130 2264 1347 2324 propter
1369 2254 1509 2324 quod
1534 2270 1655 2309 eum
1681 2255 1945 2319 audisset,
1980 2252 2144 2320 Vade,

580 2346 769 2410 vende,
794 2356 848 2401 et
875 2347 937 2400 da
960 2346 1308 2416 pauperibus,
1339 2346 1471 2399 abiit
1492 2346 1710 2401 tristitia
1738 2346 1981 2401 adectus.
2018 2344 2148 2401 Vide

574 2446 755 2493 autem
778 2437 920 2506 quod
943 2452 1049 2493 non
1074 2438 1290 2502 dixerit,
1327 2436 1495 2503 Vade,
1528 2446 1583 2491 et
1604 2452 1935 2507 quaecunque
1960 2438 2145 2503 habes,

574 2529 933 2601 particulatim
981 2528 1173 2592 vende,
1204 2538 1257 2582 et
1284 2529 1349 2583 da
1375 2548 1387 2583 :
1423 2532 1542 2595 sed,
1574 2529 1755 2585 Vende
1779 2530 1967 2595 semel,
1999 2539 2054 2583 et
2079 2530 2144 2583 da

578 2624 923 2693 pauperibus,
959 2623 1153 2689 inquit,
1186 2622 1279 2676 sed
1318 2637 1422 2675 non
1454 2621 1829 2675 adulatoribus
1863 2630 1918 2675 et
1951 2622 2145 2675 intem-

573 2715 796 2785 peratis.
828 2713 1053 2781 Insuper
1078 2712 1253 2766 ethoc
1282 2712 1445 2765 dicit:
1478 2709 1633 2775 Veni,
1654 2725 1883 2779 sequere
1913 2726 2018 2776 me,
2045 2711 2145 2765 hoc

573 2815 677 2870 est,
726 2814 781 2860 et
825 2819 1040 2859 omnem
1092 2804 1251 2857 aliam
1308 2803 1561 2855 virtutem
1608 2800 1940 2869 amplexare.
1998 2800 2145 2853 Multi

571 2898 714 2952 enim
745 2909 1009 2965 pauperes
1032 2904 1179 2959 sunt,
1214 2894 1307 2948 sed
1344 2908 1451 2948 non
1485 2892 1714 2946 humiles
1748 2910 1759 2945 :
1791 2890 1873 2945 vel
1904 2890 2004 2943 etsi
2042 2891 2140 2944 bu-

574 2985 750 3049 miles,
784 3000 887 3040 nou
923 2995 1100 3038 tamen
1130 2982 1318 3047 sobrii,
1344 2982 1437 3036 sed
1468 2981 1627 3044 ebrii,
1667 2980 1750 3035 vel
1776 2980 1880 3034 alio
1905 2981 2138 3049 quodam

574 3076 713 3133 malo
745 3076 1011 3147 impliciti.
1042 3071 1108 3129 Et
1138 3083 1419 3144 propterea
1456 3072 1716 3127 Dominus
1747 3074 1907 3128 dicit:
1936 3073 2138 3137 Vende,

572 3176 629 3223 et
658 3168 722 3223 da
771 3168 1122 3237 pauperibus,
1170 3176 1226 3220 et
1272 3179 1501 3234 sequere
1546 3179 1651 3229 me,
1693 3164 1905 3219 sublata
1959 3178 2139 3230 cruce,

575 3260 679 3312 hoc
724 3270 827 3321 est,
860 3265 1158 3325 praeparato
1195 3257 1366 3324 teipso
1395 3270 1494 3325 pro
1540 3270 1625 3309 me
1672 3256 1738 3308 ad
1774 3264 2025 3309 mortem.
2076 3254 2146 3308 At

572 3348 679 3413 hic,
712 3358 936 3403 mmstus
995 3348 1064 3402 ob
1109 3360 1416 3402 sermonem
1471 3346 1644 3409 illum,
1696 3346 1848 3401 abiit.
1899 3345 2143 3401 Habebat

570 3437 715 3492 enim
746 3438 1117 3507 possessiones
1140 3438 1356 3495 multas.
1382 3437 1490 3494 Nec
1513 3440 1717 3493 frustra
1749 3438 1971 3504 addidit,
2007 3438 2144 3491 mul-

572 3539 705 3583 tas:
746 3544 853 3583 non
883 3531 1024 3584 enim
1059 3531 1308 3586 similiter
1355 3531 1641 3602 alligantur
1684 3532 1737 3586 hi
1785 3532 1875 3600 qui
1919 3536 2142 3586 multum

572 3630 628 3676 et
663 3622 715 3676 hi
755 3623 849 3691 qui
898 3637 1085 3690 parum
1138 3624 1433 3692 possident.
1482 3622 1757 3680 Dililcilius
1790 3625 1936 3679 enim
1980 3639 2144 3693 expe-

516 3764 519 3767 .
572 3716 795 3769 diuntur
822 3714 1036 3769 vincula
1072 3730 1259 3770 eorum
1293 3718 1383 3786 qui
1417 3717 1583 3770 multa
1614 3718 1909 3784 possident.
1942 3715 2142 3771 Verum

572 3816 627 3861 et
652 3806 697 3859 si
737 3806 861 3875 quis
904 3806 1221 3862 adolescens
1253 3806 1416 3863 fuerit
1456 3807 1677 3877 juvenili
1714 3823 1777 3862 ac
1819 3808 1921 3862 levi
1956 3822 2140 3873 sensu,

572 3904 629 3950 et
660 3897 797 3951 male
837 3897 1135 3967 composita
1180 3908 1385 3965 mente,
1418 3899 1615 3954 vendat
1648 3898 1810 3969 225
1863 3898 2142 3956 facultates

571 3998 719 4049 suas,
754 3993 937 4053 utpote
968 3986 1102 4041 iram
1135 3996 1189 4040 et
1228 3987 1743 4057 concupiscentiam,
1785 3996 1839 4044 ct
1873 4005 2141 4058 quacun—

568 4090 677 4145 que
709 4090 771 4130 ex
810 4074 894 4131 his
942 4077 1083 4131 mala
1132 4076 1416 4146 pullulant,
1474 4087 1528 4133 et
1576 4080 1665 4132 det
1711 4095 1773 4135 ea
1823 4095 1886 4133 ac
1925 4079 2141 4149 abjieiat

571 4166 917 4235 pauperibus,
980 4166 1081 4221 hoc
1137 4176 1221 4222 est
1272 4167 1604 4226 daemonibus
1639 4183 1942 4237 :pauperes
1998 4170 2139 4223 enim

572 4268 699 4311 sunt
757 4258 1009 4327 omnique
1061 4259 1255 4327 privati
1288 4262 1447 4324 bono,
1498 4268 1552 4314 et
1587 4261 1905 4315 exciderunt
1940 4262 2140 4317 divitiis

570 4350 831 4406 bonitatis
870 4350 999 4405 Dei:
1037 4360 1090 4405 et
1116 4358 1242 4405 tunc
1266 4358 1523 4419 sequatur
1549 4350 1848 4406 Christum.
1880 4351 2014 4405 Nam
2046 4354 2139 4422 qui

571 4439 783 4494 divitias
815 4449 1162 4509 peccatorum
1188 4439 1524 4495 daemonibus
1552 4439 1827 4506 nbjecerit,
1866 4442 2015 4509 sequi
2044 4458 2139 4512 po-

2252 2074 2401 2146 αὐτῷ
2438 2075 2537 2138 τάς
2576 2075 2739 2145 τιμὰς
2783 2073 3097 2142 ἀναφέρειν.
3139 2069 3422 2139 Θαυμάζω
3451 2068 3507 2121 δὲ
3538 2067 3630 2120 τὸν
3658 2066 3841 2119 νεανί-

2253 2186 2381 2222 σκον
2416 2170 2626 2233 τοῦτον,
2654 2168 2735 2220 ὅτι
2769 2166 2879 2219 τῶν
2931 2164 3108 2219 ἀλλων
3140 2164 3396 2216 ἀπάντων
3428 2162 3555 2229 περὶ
3587 2158 3841 2227 νοσημάο

2249 2276 2356 2313 των
2413 2257 2708 2328 θεραπείας
2754 2256 3113 2325 προσιόντων,
3172 2251 3335 2314 αὐτὸς
3407 2250 3554 2319 ζωῆς
3605 2248 3837 2303 αἰωνίου

2249 2347 2613 2419 κληρονομίαν
2646 2346 2819 2415 ζητεῖ,
2862 2347 2909 2398 εί
2951 2346 3045 2397 καὶ
3084 2343 3243 2396 πάθει
3270 2342 3561 2409 δεινοτάτῳ
3604 2342 3670 2409 τῇ
3707 2340 3839 2408 φιλ-

2248 2438 2488 2509 αργυρίᾳ
2534 2438 2840 2506 κατείχετο,
2888 2436 2958 2487 δι’
3013 2436 3077 2505 ῆν
3124 2433 3386 2496 ἀκούσας,
3439 2432 3677 2498 ”Υπαγε,
3714 2432 3838 2484 πώ.

2247 2529 2430 2600 λησον,
2458 2529 2551 2581 καὶ
2596 2528 2684 2590 δὸς
2720 2529 2979 2595 πτωχοῖς,
3024 2524 3233 2592 ἀπῆλθε
3270 2522 3627 2590 λυπούμενος.
3684 2522 3838 2593 Ὅρα

2246 2620 2321 2682 δὲ,
2373 2620 2472 2673 οὐκ
2511 2618 2685 2683 εἶπεν,
2732 2618 3080 2684 ὅτι”Υπαγε,
3112 2618 3211 2669 ὅσα
3264 2615 3408 2685 ἔχεις
3457 2614 3625 2667 πώλει
3685 2614 3835 2667 κατά

2251 2711 2417 2780 μέρος
2454 2711 2546 2762 καὶ
2572 2709 2740 2773 δίδου,
2775 2709 2911 2761 ἀλλά
2952 2707 3204 2775 πώλησον
3249 2706 3355 2759 ἀπὸ
3391 2707 3539 2775 μιᾶς,
3578 2708 3671 2757 καὶ
3717 2704 3832 2768 δὸς,

2246 2802 2381 2856 ἀλλά
2414 2802 2669 2870 πτωχοῖς,
2701 2800 2839 2853 άλλά
2896 2798 2969 2869 μὴ
2997 2797 3186 2862 κόλαξι
3234 2799 3326 2852 καὶ
3370 2797 3621 2859 ἀσώτοις.
3667 2796 3835 2849 Ἀλλὰ

2246 2880 2337 2945 καὶ
2366 2891 2525 2961 δεῦρο
2546 2931 2561 2953 ,
2600 2890 2883 2943 ἀκολούθει
2919 2908 3030 2959 μοι,
3065 2890 3335 2954 τουτέστι,
3413 2890 3507 2943 καὶ
3530 2888 3627 2958 τὴν
3658 2888 3836 2958 ἄλλην

2246 2984 2462 3038 ἃπασαν
2495 2983 2695 3053 ἀρετὴν
2730 2982 2975 3051 μέτελθε.
3012 2982 3203 3035 Πολλοὶ
3235 2982 3346 3053 γάρ
3381 2982 3689 3053 ἀκτήμονες
3726 2982 3835 3049 μέν

2245 3074 2403 3139 είσιν,
2431 3075 2491 3126 οὐ
2522 3073 2946 3142 ταπεινόφρονες
2973 3074 3051 3135 δὲ,
3076 3074 3109 3145 ἢ
3136 3074 3230 3127 καὶ
3254 3074 3677 3144 ταπεινόφρονες
3703 3072 3831 3141 μιν,

2247 3163 2380 3217 ἀλλά
2421 3163 2704 3233 μέθυσοιῆ
2752 3163 2878 3215 ἄλλο
2926 3180 2977 3215 τι
3024 3164 3194 3217 κακὸν
3246 3164 3483 3235 ἔχοντες.
3526 3164 3627 3214 Διά
3666 3162 3835 3215 τοῦτο

2247 3254 2339 3309 οὖν
2366 3258 2394 3308 6
2424 3255 2625 3325 Κύριος
2652 3256 2823 3323 λέγει’
2859 3255 3138 3326 Πώλησον,
3176 3257 3271 3309 καὶ
3308 3256 3395 3318 δὶς
3443 3256 3698 3326 πτωχοῖς,
3736 3256 3834 3305 καὶ

2246 3344 2531 3399 ἀκολούθει
2574 3360 2699 3415 μοι,
2747 3346 2884 3414 άρας
2928 3345 3021 3398 τὸν
3072 3346 3323 3416 σταυρὸν,
3365 3345 3635 3408 τουτέστι,
3687 3345 3834 3416 πρὸς

2246 3438 2475 3491 θάνατον
2504 3436 2594 3489 τὸν
2626 3436 2767 3509 ὑπὲρ
2798 3436 2931 3504 ἐμοῦ
2976 3437 3273 3507 ἑτοιμάσας
3322 3437 3567 3491 σεαυτόν.
3640 3437 3699 3489 '0
3744 3436 3829 3503 δὲ,

2247 3530 2555 3597 στυγνάσας
2597 3530 2689 3583 ἐπὶ
2733 3529 2811 3599 τῷ
2845 3530 3007 3598 λόγῳ,
3058 3529 3323 3599 ἀπῆλθεν.
3362 3525 3473 3583 Ἦν
3522 3530 3631 3599 γάρ
3683 3529 3834 3599 ἔχων

2246 3624 2498 3692 κτήματα
2529 3624 2701 3676 πολλά
2733 3639 2748 3655 ο
2787 3622 2850 3675 οὐ
2908 3623 3083 3692 μάτην
3114 3622 3171 3676 δὲ
3204 3623 3523 3693 πρόσκειται
3555 3621 3714 3675 τοῦτο
3742 3620 3830 3687 τὸ,

2246 3714 2435 3766 πολλά.
2466 3714 2577 3767 Καὶ
2610 3713 2717 3785 γὰρ
2738 3713 2836 3783 οὐχ
2861 3714 3060 3780 ὁμοίως
3090 3714 3201 3765 οἵτε
3235 3713 3403 3767 πολλά
3432 3713 3671 3783 ἔχοντες,
3706 3712 3830 3765 οῖτε

2244 3806 2402 3874 ὀλίγα
2420 3807 2762 3876 κατέχονται,
2789 3806 2925 3860 ἀλλά
2945 3807 3222 3878 δεινότερα
3239 3808 3334 3861 καὶ
3356 3805 3831 3877 δυσδιαλυτώτερα

2243 3898 2312 3951 τὰ
2337 3898 2510 3965 δεσμά
2536 3899 2642 3951 τῶν
2681 3898 2893 3952 πολλῶν
2942 3900 3260 3969 κτημάτων.
3316 3899 3476 3953 Ἀλλά
3511 3898 3617 3952 κᾶν
3643 3900 3834 3951 νεανί-

2246 4005 2373 4051 σκος
2406 3990 2489 4059 εῐη
2522 4007 2606 4053 τις
2634 3992 2901 4061 νεώτερος
2940 3991 3033 4044 καὶ
3072 3993 3271 4061 κοῦφος
3299 3993 3399 4062 τὴν
3429 3990 3692 4054 διάνοιαν,
3727 3988 3831 4043 καὶ

2248 4080 2323 4149 μὴ
2370 4082 2730 4151 καθεστηκὼς
2772 4082 2870 4144 τὰς
2901 4083 3125 4151 φρένας,
3162 4082 3471 4153 πωλησάτω
3526 4083 3593 4135 τὰ
3642 4082 3829 4151 ὑπάρ-

2244 4189 2405 4241 χοντα
2432 4173 2579 4243 αὑτῷ
2608 4190 2621 4203 ·
2658 4168 2767 4226 οἷον
2805 4174 2979 4244 θυμδν
3007 4177 3098 4228 καὶ
3146 4175 3463 4244 ἐπιθυμίαν,
3490 4174 3584 4226 καὶ
3619 4173 3721 4226 ὅσα
3763 4176 3833 4226 ἔκ

2243 4264 2447 4319 τούτων
2477 4264 2621 4317 κακά
2665 4265 2911 4335 φύονται,
2942 4267 3037 4319 καὶ
3070 4267 3206 4320 δότω
3250 4267 3421 4320 ταῦτα
3452 4267 3544 4320 καὶ
3580 4265 3825 4335 ἀπορρι-

2242 4355 2397 4423 eam
2440 4358 2556 4419 τοῖς
2596 4357 2865 4427 δαίμοσιν,
2918 4359 3116 4422 οἵτινές
3161 4360 3268 4412 είσι
3312 4357 3567 4429 πτωχοὶ,
3606 4356 3825 4419 παντὸς

2244 4448 2599 4517 ἐστερημένοι
2643 4449 2849 4517 ἀγαθοῦ
2882 4451 2978 4504 καὶ
3025 4451 3117 4504 τοῦ
3150 4450 3383 4505 πλούτου
3413 4452 3511 4521 τῆς
3540 4448 3829 4521 ἀγαθότη-

574 4531 699 4584 terit
735 4528 1029 4586 Christum.
1069 4548 1088 4583 ι
1125 4530 1344 4585 Declina
1392 4531 1535 4587 enim
1586 4545 1617 4585 a
1654 4532 1793 4587 malo
1822 4532 1890 4600 ⁸⁸,
1942 4535 2135 4603 inquit,

2248 4557 2335 4604 τος
2362 4539 2456 4593 τοῦ
2491 4540 2627 4594 Θεοῦ
2659 4542 3099 4606 ἐκπεπτωκότες.
3133 4544 3242 4595 Καὶ
3290 4543 3415 4597 τότε
3448 4543 3826 4601 ἀκολουθείτω

577 4623 677 4674 hoc
702 4630 807 4689 est,
840 4620 1011 4691 abjice
1038 4621 1206 4677 malas
1246 4622 1463 4677 divitias
1494 4623 1820 4692 pauperibus
1851 4627 2137 4695 potestati-

577 4715 695 4776 hus,
744 4715 1075 4770 dmmonibus
1125 4717 1365 4783 inquam,
1399 4725 1453 4769 et
1498 4714 1581 4769 fac
1612 4718 1836 4781 bonum,
1886 4721 1986 4774 hoc
2033 4730 2136 4783 est,

575 4817 799 4872 sequere
829 4805 1124 4869 Christum,
1155 4814 1209 4859 et
1237 4804 1365 4860 tolle
1392 4821 1629 4862 crucem.

2242 4631 2320 4701 τῷ
2351 4633 2595 4703 Χριστῷ.
2640 4632 2699 4687 Ὅ
2739 4632 2847 4704 γὰρ
2882 4634 3193 4704 ἀπορρίψας
3236 4633 3328 4686 τὸν
3373 4634 3481 4687 τῶν
3534 4635 3827 4706 ἁμαρτιῶν

2246 4724 2475 4777 πλοῦτον
2514 4729 2628 4789 τοῖς
2652 4727 2925 4796 δαίμοσιν,
2982 4729 3188 4791 ἐκεῖνος
3231 4726 3455 4781 δύναται
3509 4727 3826 4783 ἀκολουθεῖν

2245 4813 2324 4885 τῷ
2357 4814 2597 4886 Χριστῷ.
2638 4835 2656 4869 ι
2710 4818 2995 4871 Ἔκκλινον
3027 4817 3136 4889 γὰρ
3182 4818 3291 4871 ἀπὸ
3334 4817 3508 4873 κακοῦ
3539 4836 3554 4851 ο
3593 4840 3611 4873 ι
3659 4819 3827 4876 τοῦτο

572 4896 633 4949 τὸ
674 4897 973 4968 ἀποῤῥίψαι
1010 4899 1101 4954 τὸν
1143 4900 1314 4954 κακὸν
1384 4901 1617 4955 πλοῦτον
1660 4902 1783 4961 ταῖς
1860 4907 2105 4972 πτωχαῐς
2169 4905 2434 4977 δυνάμεσι
2480 4909 2601 4963 τῶν
2644 4910 2934 4982 δαιμόνων·
2982 4911 3079 4965 καὶ
3117 4911 3343 4984 ποίησον
3392 4911 3617 4981 ἀγαθὸν,
3656 4911 3825 4969 τοῦτο

572 4992 630 5042 τὸ
658 4990 970 5043 ἀκολουθεῖν
1006 4992 1083 5063 τῷ
1119 4994 1361 5065 Χριστῷ,
1401 4996 1497 5049 καὶ
1529 4990 1660 5067 ἆραι
1691 4996 1783 5050 τὸν
1830 4997 2079 5066 σταυρόν.

648 5083 807 5138 Vens.
838 5084 1026 5140 23-27.
1068 5104 1087 5138 ι
1136 5087 1200 5141 Et
1254 5104 1375 5143 cum
1438 5090 1911 5158 circumspexisset
1964 5090 2142 5159 Jesus;

575 5176 700 5230 dicit
728 5175 1005 5245 discipulis
1038 5178 1149 5233 suis
1182 5197 1194 5231 :
1224 5177 1394 5244 Quam
1433 5180 1715 5235 diﬂiculter
1763 5183 1797 5235 ii
1832 5183 1924 5251 qui
1979 5199 2141 5252 pecu-

575 5265 691 5316 nias
718 5264 934 5328 habent,
992 5268 1044 5321 in
1098 5282 1318 5337 regnum
1378 5270 1466 5323 Dei
1522 5272 1832 5327 intrabunt!
1884 5273 2134 5342 Discipuli

575 5368 700 5407 vero
730 5354 1084 5424 obstuperuut
1114 5374 1274 5427 super
1306 5362 1486 5415 verbis
1524 5362 1688 5419 illius.
1728 5364 1795 5417 At
1834 5362 1994 5419 Jesus
2022 5380 2140 5419 rur-

571 5461 689 5497 sum
730 5448 1079 5513 respondens,
1104 5451 1230 5504 dicit
1262 5452 1365 5507 illis
1397 5472 1409 5507 :
1437 5452 1582 5517 Filii,
1625 5470 1785 5523 quam
1822 5454 2034 5509 diiﬁcile
2061 5464 2143 5510 est

572 5554 665 5592 eos
689 5538 779 5607 qui
809 5538 1056 5594 ﬁduciam
1105 5541 1306 5597 habent
1367 5546 1416 5598 in
1464 5546 1726 5614 pecuniis,
1774 5562 1998 5617 regnum
2047 5546 2140 5601 Dei

580 5631 804 5699 ingredi.
853 5630 1087 5686 Facilius
1132 5644 1214 5687 cst
1250 5638 1513 5692 camelum
1570 5654 1664 5708 per
1709 5638 1957 5694 foramen
2016 5654 2144 5693 acus

644 5807 690 5838 "
722 5807 862 5862 Psal.
898 5826 1080 5878 unt,
1112 5812 1203 5865 27.

2327 5115 2345 5146 ι
2382 5098 2489 5151 Καὶ
2506 5099 2971 5170 περιϐλεψάμενος
3000 5100 3027 5153 6
3064 5097 3291 5170 Ἰησοῦς,
3320 5100 3469 5169 λέγει
3498 5104 3609 5166 τοῖς
3640 5104 3824 5177 μαθη-

2248 5183 2366 5244 ταῖς
2399 5185 2564 5239 αὑτοῦ
2605 5202 2619 5215 ·
2654 5186 2777 5249 Πῶς
2807 5186 3081 5251 δυσκόλως
3124 5190 3173 5240 oi
3202 5188 3270 5242 τὰ
3298 5192 3553 5261 χρήματα
3606 5192 3824 5263 ίχοντες

2244 5274 2321 5336 είς
2347 5276 2446 5344 τὴν
2474 5274 2748 5343 βασιλείαν
2772 5274 2864 5328 τοῦ
2887 5275 3022 5329 Θεοῦ
3055 5277 3455 5333 εἰσελεύσονται
3484 5297 3498 5347 ;
3528 5282 3591 5335 Oi
3625 5283 3681 5335 δὲ
3709 5300 3823 5351 μα-

2240 5364 2397 5432 θηταὶ
2450 5364 2786 5433 ἐθαμϐοῦντο
2833 5367 2925 5419 ἐπὶ
2984 5370 3098 5431 τοῖς
3154 5368 3335 5438 λόγοις
3391 5370 3582 5465 aerei).
3664 5373 3722 5427 Ὀ
3762 5375 3820 5428 δὲ

2252 5456 2457 5527 Ἰησοῦς
2494 5456 2656 5511 πάλιν
2677 5458 3017 5529 ἀποκριθεὶς,
3048 5460 3195 5527 λέγει
3222 5461 3409 5526 αὐτοῖς
3427 5456 3450 5492 τ
3476 5462 3676 5528 Τέκνα,
3702 5465 3821 5529 πῶς

2239 5550 2494 5603 δύσκολόν
2531 5553 2645 5604 ἐστι
2698 5556 2824 5616 τοὺς
2886 5539 3209 5618 πεποιθότας
3274 5556 3370 5609 ἰπὶ
3427 5556 3704 5625 χρήμασιν
3741 5558 3820 5619 si;

2240 5641 2336 5709 τὴν
2368 5642 2647 5711 βασιλείαν
2672 5644 2766 5697 τοῦ
2801 5642 2937 5699 Θεοῦ
2959 5644 3241 5702 εἰσελθεῖν.
3276 5644 3673 5716 Εὑκοπώτερόν
3696 5648 3817 5701 ἔστι
