4028 6416
586 405 688 469 603

1496 399 2073 462 THEOPHYLACTI
2115 392 2528 458 BULGARLE
2561 393 2920 458 ABCHIEP.

3709 388 3825 448 6M

587 514 829 583 ceiutupla
863 528 1002 568 nunc
1034 512 1086 566 in
1119 518 1359 598 tempore
1405 510 1527 574 hoc,
1576 510 1786 569 domus,
1814 516 1870 562 ct
1920 507 2136 570 fratres,

2253 501 2323 573 τῷ
2352 501 2527 571 καιρῷ
2560 500 2755 570 τούτῳ,
2776 501 2975 564 οἰκίας,
3011 497 3103 552 καὶ
3128 496 3415 583 ἀδελφοὺς,
3449 498 3541 552 καὶ
3566 497 3833 567 ἀδελφὰς,

588 619 637 664 et
661 621 893 669 sorores,
947 615 999 658 et
1061 612 1281 667 matres,
1323 611 1379 655 et
1431 602 1648 665 liberos,
1700 607 1756 655 et
1805 614 1963 669 agros
2020 614 2143 653 cum

587 696 1065 767 persccutionibus,
1097 694 1238 747 acin
1284 702 1509 746 venturo
1553 690 1749 745 saeculo
1781 693 1944 745 vitam
1989 699 2144 744 aeter-

586 802 731 841 nam.
786 784 940 837 Multi
993 793 1170 837 autem
1216 781 1372 851 primi
1418 790 1575 835 erunt
1605 780 1885 848 postremi,
1933 787 1988 833 et
2046 793 2144 847 po—

586 876 765 929 stremi
818 873 997 942 primi.
1039 892 1059 923 ι
1102 873 1288 925 Petrus
1352 871 1561 925 tametsi
1614 885 1781 938 pauca
1818 870 2141 937 reliquiPset,

583 966 705 1033 quia
752 974 928 1018 tamen
959 965 1109 1025 dixit,
1145 965 1345 1027 omnia,
1372 963 1623 1016 indicium
1682 971 1765 1015 est
1809 962 1949 1029 quod
1980 964 2141 1019 etiam

583 1069 751 1122 pauca
806 1056 1015 1108 vinculo
1069 1055 1299 1122 quodam
1356 1054 1501 1107 illum
1567 1054 2022 1108 detinuerint:et
2072 1052 2144 1103 ita

474 1174 479 1179 ο
583 1144 921 1199 beatificatus
967 1153 1049 1196 est
1104 1144 1149 1197 is
1215 1142 1307 1211 qui
1358 1144 1518 1197 etiam
1576 1159 1746 1209 pauca
1830 1143 2142 1210 reliquerat.

582 1235 819 1304 Cumque
882 1236 1028 1291 solus
1101 1235 1294 1290 Petrus
1346 1243 1623 1305 rogasset,
1675 1238 1922 1290 omnibus
1985 1251 2147 1305 gene-

584 1328 767 1382 raliter
826 1329 1061 1396 loquitur
1126 1330 1402 1395 Christus,
1482 1330 1665 1382 dicens
1723 1347 1736 1382 :
1800 1331 1989 1385 Omnis
2049 1332 2142 1398 qui

585 1421 861 1489 reliquerit
890 1435 1134 1485 uxorem,
1186 1420 1266 1475 vel
1302 1432 1531 1487 patrem.
1584 1421 1709 1477 Haec
1765 1424 1892 1476 dicit
1942 1434 2147 1477 nonut

582 1516 829 1574 parentes
859 1509 985 1561 velit
1012 1507 1211 1561 auxilio
1236 1509 1476 1572 destitui,
1508 1520 1561 1563 et
1584 1512 1650 1563 ab
1680 1513 1941 1566 uxoribus
1983 1527 2148 1580 sepa-

583 1594 710 1659 rari,
739 1596 831 1649 sed
867 1599 1020 1652 docet
1060 1612 1158 1650 nos
1186 1597 1442 1665 praeferre
1492 1600 1742 1669 pietatem
1799 1616 1924 1672 erga
1980 1604 2145 1658 Deum

581 1686 829 1741 omnibus
854 1687 1179 1742 carnalibus.
1207 1687 1341 1754 Quia
1372 1689 1512 1743 enim
1554 1706 1679 1745 vere
1727 1690 1922 1746 bellum
1948 1707 1978 1746 a
2010 1709 2148 1761 prae-

582 1774 852 1828 dicatione
895 1790 1177 1830 accensum
1228 1786 1367 1838 erat,
1403 1785 1456 1830 et
1510 1778 1753 1847 negaturi
1802 1790 1957 1833 erant
1995 1785 2144 1850 pueri

582 1874 835 1934 parentes
865 1878 1082 1936 propter
1111 1868 1389 1936 pietatem,
1417 1868 1583 1923 dicit:
1613 1870 1869 1939 Quisquis
1916 1873 2149 1942 relique-

583 1956 655 2009 rit
678 1967 932 2026 cognatos
959 1974 1108 2027 ‘quos
1149 1959 1248 2012 sibi
1292 1967 1479 2013 natura
1513 1960 1679 2026 dedit,
1731 1971 1787 2016 et
1834 1964 1886 2015 in
1937 1979 2149 2019 summa

580 2048 882 2115 corporalia
943 2050 1123 2103 omnia
1188 2061 1405 2119 propter
1474 2052 1841 2120 Evangelium,
1903 2057 2148 2124 centupla

580 2139 763 2193 omnia
816 2141 1040 2208 accipiet
1088 2141 1140 2193 in
1188 2143 1434 2210 praesenti
1482 2145 1696 2206 saeculo,
1741 2154 1796 2199 et
1850 2147 1903 2200 in
1968 2144 2150 2202 futuro

581 2230 743 2283 vitam
776 2238 1054 2285 aeternam.
1086 2231 1349 2301 Numquid
1388 2248 1516 2303 ergo
1546 2244 1601 2289 et
1652 2236 1909 2293 mulieres
1938 2249 2149 2294 centum
2182 2282 2189 2288 .

580 2322 847 2387 accipiet?
892 2324 1089 2379 Etiam.
1128 2324 1365 2380 Tametsi
1410 2326 1722 2386 maledictus
1760 2329 2001 2385 Juliums
2049 2332 2152 2388 hoc

583 2409 835 2463 irriserit.
867 2412 1005 2476 Quid
1036 2414 1244 2465 confert
1296 2427 1432 2467 uxor
1480 2413 1667 2467 domui
1719 2416 1860 2468 tiri?
1911 2414 2149 2473 Omnino

581 2509 735 2551 curat
775 2508 831 2551 ut
864 2499 950 2552 vir
980 2499 1173 2555 habeat
1214 2501 1357 2569 quod
1395 2503 1541 2564 edat,
1579 2504 1773 2569 quibus
1800 2506 2074 2571 induatur,
2099 2514 2152 2559 et

583 2587 773 2641 horum
822 2593 1062 2645 omnium
1109 2608 1295 2646 curam
1352 2593 1542 2647 adimit
1591 2595 1729 2649 viro.
1788 2595 1921 2651 Vide
1971 2600 2153 2667 itaque

585 2680 686 2734 huc
737 2682 901 2735 etiam
950 2682 1005 2736 in
1039 2684 1316 2751 apostolis.
1355 2685 1497 2752 Quot
1529 2687 1784 2742 mulieres
1828 2690 1996 2754 fuere,
2030 2693 2151 2760 qui-

583 2770 682 2822 luis
711 2785 839 2824 cura
876 2782 996 2825 erat
1028 2774 1094 2826 de
1139 2774 1335 2829 amictu
1382 2786 1437 2829 et
1488 2789 1582 2829 esu
1639 2777 1871 2841 illorum,
1922 2788 1976 2832 et
2034 2796 2153 2847 quae

586 2861 960 2916 ministrarunt
1002 2860 1239 2932 eis,_qui
1296 2866 1432 2919 nihil
1486 2865 1675 2920 borum
1722 2869 2006 2933 curabant,
2058 2875 2149 2926 sed

584 2951 755 3003 solum
790 2968 1090 3007 sermonem
1120 2966 1177 3015 et
1200 2956 1537 3011 doctrinam?
1579 2958 1839 3013 Similiter
1868 2972 2063 3017 matres
2100 2973 2154 3019 et

584 3051 779 3111 patres
799 3044 995 3097 multos
1025 3045 1327 3101 halmerunt
1368 3049 1619 3117 apostoli,
1645 3050 1735 3118 qui
1761 3050 2065 3121 diligerent,
2098 3063 2154 3109 et

2247 595 2637 664 καὶ⁸·μητέρας,
2660 594 2757 646 καὶ
2784 593 2972 654 τέκνα,
2994 590 3089 645 καὶ
3119 590 3343 660 ἀγροὺς,
3368 580 3513 660 μετὰ
3540 589 3830 659 διωγμῶν,

2248 689 2341 740 καὶ
2389 690 2446 739 ὲν
2478 685 2557 756 τῷ
2583 683 2740 740 αίῶνι
2773 684 2852 753 τῷ
2890 679 3198 753 ἐρχομένῳ,
3228 680 3375 752 ζωὴν
3406 680 3648 734 αἰώνιον.
3691 680 3835 733 Πολι

2230 778 2326 835 ,λοὶ
2356 778 2413 830 δὲ
2447 778 2661 830 ἔσονται
2692 776 2901 846 πρῶτοι
2930 776 3170 844 ἔσχατοι,
3196 772 3291 825 καὶ
3313 772 3364 825 οί
3402 771 3622 841 ἔσχατοι
3664 771 3826 840 πρῶο

2243 886 2345 921 τοι.
2372 887 2391 919 ι
2423 870 2481 921 '0
2501 869 2706 937 Πέτρος
2726 868 2785 919 ⁴εί
2812 866 2905 919 καὶ
2932 867 3091 932 ὀλίγα
3115 864 3349 933 ἀφῆκεν,
3378 864 3494 916 ἀλλ’
3520 861 3616 917 οὖν
3644 864 3829 917 πάντα

2244 960 2503 1029 ὀνομάζει
2536 960 2732 1014 ταῦτα.
2762 961 2869 1013 Καὶ
2899 960 2967 1011 τὰ
2993 957 3150 1025 ὀλίγα
3176 956 3287 1025 γὰρ
3330 956 3532 1025 δεσμὸν
3568 972 3832 1026 προσπαο

2247 1047 2400 1108 θείας
2450 1047 2693 1116 ἔχουσιν,
2744 1046 2887 1100 ὥστε
2936 1045 3274 1116 μακαριστὸς
3333 1045 3432 1096 καὶ
3476 1045 3506 1095 6
3563 1045 3633 1096 τά
3670 1043 3836 1109 ὀλίγα.

2245 1138 2405 1204 ἀφείς
2441 1156 2456 1169 ·
2493 1136 2601 1189 Τοῦ
2632 1137 2689 1189 δὲ
2714 1137 2920 1207 Πέτρου
2958 1136 3119 1205 μόνου
3155 1136 3549 1205 ἐρωτήσαντος,
3605 1134 3836 1188 καθολι-

2250 1228 2346 1281 κὺν
2385 1231 2619 1281 ποιεῖται
2672 1228 2766 1281 τὸν
2829 1227 2984 1295 λόγον
3032 1227 3060 1277 6
3092 1225 3719 1295 Κύριος,’>έγων·Πᾶς
3773 1225 3838 1288 ὃς

2246 1319 2456 1387 ἀφῆκεν
2485 1318 2517 1387 ἢ
2544 1320 2781 1384 γυναῖκα
2812 1318 2844 1387 ἢ
2877 1316 3088 1386 πατέρα
3118 1332 3131 1345 ⁸
3158 1314 3335 1367 ταῦτα
3388 1314 3447 1366 δὲ
3502 1312 3674 1380 λέγει,
3730 1312 3837 1379 οὐχ

2249 1411 2338 1464 ῐνα
2371 1411 2497 1473 τοὺς
2527 1411 2770 1479 πατέρας
2815 1409 2993 1478 ἐῶμεν
3024 1407 3383 1477 ἀϐοηθήτους,
3415 1406 3507 1459 καὶ
3563 1405 3673 1457 τῶν
3732 1420 3837 1470 γυ-

2249 1502 2453 1555 ναικῶν
2485 1500 2875 1572 χωριζώμεθα,
2910 1500 3044 1553 ἀλλά
3078 1498 3351 1552 παιδεύων
3379 1498 3526 1566 ἡμᾶς
3553 1497 3839 1565 προτιμᾷν

2247 1593 2346 1663 τὴν
2379 1595 2460 1656 είς
2488 1592 2621 1644 Θεὸν
2655 1591 2934 1645 εὐσέϐειαν
2962 1592 3182 1643 πάντων
3210 1588 3320 1642 τῶν
3346 1587 3650 1658 σαρκικῶν.
3674 1588 3843 1640 Ἐπεὶ

2250 1687 2361 1753 γὰρ
2411 1683 2643 1751 πόλεμος
2674 1682 2947 1751 ἀνήπτετο
2978 1681 3087 1733 ἀπὸ
3141 1679 3233 1732 τοῦ
3295 1678 3675 1749 κηρύγματος,
3737 1677 3837 1731 καὶ

2248 1773 2470 1845 ἔμελλον
2495 1770 2743 1840 πατέρας
2773 1769 3055 1840 ἀρνεῖσθαι
3082 1768 3270 1830 παῖδες
3293 1768 3378 1820 διὰ
3395 1767 3495 1836 τὴν
3520 1765 3839 1827 εὐσέϐειαν,

2253 1863 2458 1933 φησιν’
2519 1862 2706 1923 Ὅστις
2756 1860 2957 1928 ἀφήσει
3000 1861 3098 1920 τὰς
3156 1857 3425 1927 σαρκικάς
3482 1857 3838 1925 συγγενείας,

2254 1956 2349 2009 καὶ
2378 1952 2567 2015 ἀπλῶς
2622 1951 2798 2005 πάντα
2828 1950 2899 2002 τὰ
2948 1948 3239 2018 σωματικά
3272 1950 3462 2001 ἕνεκεν
3498 1946 3593 1999 τοῦ
3647 1946 3838 2021 Εὐαγ-

2252 2044 2454 2112 γελίου,
2493 2039 3022 2095 ἑκατονταπλασίονα
3054 2039 3232 2090 πάντα
3260 2037 3493 2105 λήψεται
3524 2037 3582 2087 ἐν
3602 2032 3680 2104 τῷ
3736 2034 3839 2086 νῦν

2252 2135 2428 2199 αἰῶνι,
2454 2136 2549 2186 καὶ
2584 2134 2643 2185 ἐν
2668 2130 2744 2200 τῷ
2774 2132 3054 2200 ἐρχομένῳ
3083 2131 3230 2199 ζωὴν
3256 2128 3499 2181 αἰώνιον.
3530 2122 3601 2179 ’Δ
3614 2144 3683 2195 pa
3738 2123 3839 2178 οῦν

2254 2225 2349 2278 καὶ
2378 2227 2642 2291 γυναῖκας
2672 2220 3235 2282 ὲκατονταπλασίονας
3257 2220 3529 2287 λήψεταις
3559 2218 3665 2271 Ναί
3691 2234 3705 2247 ⁸
3728 2216 3841 2271 κᾶν

2253 2318 2281 2368 6
2338 2315 2643 2383 κατάρατος
2680 2312 2969 2374 Ἰουλιανὸς
3012 2310 3294 2381 ὲκωμῲδει
3331 2311 3492 2362 τοῦτο
3517 2325 3530 2340 ο
3559 2300 3680 2360 εἶπέ
3742 2324 3843 2381 μοι

2253 2408 2385 2476 γὰρ,
2426 2406 2476 2459 τί
2512 2405 2878 2474 συμϐάλλεται
2935 2406 2969 2473 ἡ
2994 2404 3135 2472 γυνὴ
3174 2402 3313 2473 πρὸς
3370 2401 3468 2472 τὴν
3522 2401 3700 2455 οἰκίαν
3734 2399 3838 2453 τοῦ

2254 2500 2448 2569 ἀνδρός
2475 2514 2492 2563 ;
2526 2498 2751 2559 Πάντως
2774 2498 3113 2565 ἐπιμελεῖται
3134 2498 3229 2565 τῆς
3258 2496 3466 2566 τροφῆς
3492 2494 3585 2546 τοῦ
3613 2494 3840 2564 ἀνδρὸς,

2253 2592 2360 2643 τῶν
2389 2588 2725 2657 ἐνδυμάτων,
2764 2589 2859 2640 καὶ
2894 2589 3074 2640 πᾶσαν
3102 2589 3455 2657 ἀφροντισίαν
3486 2589 3593 2640 ἀπὸ
3621 2587 3841 2641 τούτων

2255 2682 2377 2750 ἄγει
2406 2683 2434 2733 6
2462 2680 2637 2749 ἀνήρ..
2667 2677 2770 2730 Ἴδε
2802 2678 2980 2731 τοίνυν
3010 2678 3169 2730 τοῦτο
3197 2678 3289 2729 καὶ
3336 2680 3431 2730 επὶ
3455 2679 3562 2732 τῶν
3598 2678 3844 2732 ἀποστό-

2254 2773 2382 2835 λων,
2419 2772 2582 2823 πόσαι
2610 2772 2868 2836 γυναῖκες
2895 2768 3209 2840 ἐφρόντιζον
3240 2769 3351 2821 τῶν
3385 2769 3701 2839 ἐνδυμάτων
3732 2771 3837 2822 καὶ

2252 2865 2361 2916 τῶν
2447 2862 2751 2932 βρωμάτων
2827 2860 3009 2913 αὐτῶν
3040 2899 3057 2923 ,
3123 2861 3218 2913 καὶ
3296 2860 3576 2929 διηκόνουν
3646 2861 3841 2923 αὐτοῖς

2258 2954 2480 3024 μηδενὸς
2510 2951 2907 3023 φροντίζουσιν,
2956 2953 3003 3004 εί
3064 2950 3139 3021 μὴ
3176 2951 3337 3021 μόνου
3383 2950 3477 3004 τοῦ
3529 2951 3690 3020 λόγου
3739 2948 3845 3005 καὶ

2256 3048 2354 3114 τῆς
2410 3045 2758 3108 διδασκαλίας
2799 3062 2815 3111 ;
2875 3044 3108 3114 Ὁμοίως
3158 3046 3252 3098 καὶ
3313 3046 3556 3115 πατέρας
3609 3045 3704 3099 καὶ
3739 3062 3846 3115 μη-

584 3131 759 3185 amico
791 3132 981 3187 affectu
1012 3150 1138 3206 erga
1180 3151 1238 3191 se
1280 3147 1481 3193 essent.
1518 3139 1583 3193 Et
1638 3140 1828 3196 Petrus
1862 3143 1951 3211 qui
1988 3160 2148 3197 unam

2256 3138 2419 3207 τέρας
2471 3136 2667 3199 πολλὰς
2718 3133 2864 3206 εἶχον
2899 3138 2949 3189 oi
3011 3138 3323 3203 ἀπόστολοι,
3390 3140 3517 3200 τοὺς
3573 3139 3841 3207 ἀγαπῶν-

584 3223 798 3274 domum
854 3223 1162 3292 reliquerat,
1211 3238 1395 3295 postea
1455 3230 1696 3284 omnium
1762 3232 2148 3301 discipulorum

582 3311 772 3367 domos
803 3314 1053 3372 habebat.
1100 3317 1161 3370 Et
1207 3335 1347 3374 nunc
1387 3335 1600 3389 quoque
1640 3324 1841 3393 ubique
1884 3335 2149 3381 terrarum

583 3408 761 3451 erecta
794 3411 916 3453 sunt
946 3404 1140 3472 templa
1171 3406 1221 3459 in
1253 3408 1468 3463 nomine
1494 3410 1631 3479 ejus,
1668 3427 1788 3481 quae
1831 3425 1957 3471 sunt
1994 3416 2153 3472 clara:

584 3488 798 3544 domus.
832 3491 895 3546 Et
925 3496 1067 3563 quod
1097 3496 1291 3565 majus,
1334 3500 1449 3555 haec
1475 3506 1652 3556 omnia
1683 3505 1735 3558 in
1766 3508 2153 3574 persecutioni-

584 3578 687 3636 bus
718 3585 990 3647 possident
1015 3590 1207 3653 sancti,
1236 3590 1334 3644 hoc
1362 3602 1463 3653 est,
1492 3596 1631 3662 quod
1658 3596 1943 3663 dicit,cum
1972 3613 2155 3665 perse-

586 3673 914 3739 cutionibus,
957 3677 1007 3728 id
1038 3688 1119 3732 est
1150 3683 1577 3745 persecutionem
1622 3687 1787 3753 passi,
1823 3697 1877 3740 et
1912 3691 2047 3741 male
2080 3688 2157 3742 af-

586 3762 709 3818 fecti
734 3777 895 3834 atque
932 3768 1133 3823 amnti.
1174 3770 1324 3827 Unde
1349 3786 1402 3826 et
1438 3776 1530 3844 qui
1565 3776 1736 3831 ultimi
1791 3780 1846 3832 in
1896 3781 1995 3835 hoc
2052 3797 2153 3836 sze-

585 3856 707 3909 culo
746 3860 993 3913 videntur
1032 3872 1251 3932 propter
1281 3864 1592 3922 amistiones
1628 3878 1682 3921 et
1725 3874 2151 3939 persecutiones,

585 3955 743 4031 erunt
768 3948 921 4015 primi
959 3962 1176 4018 propter
1204 3970 1352 4023 spem
1405 3956 1457 4009 in
1502 3956 1687 4013 Deum.
1741 3958 1904 4031 227
1964 3962 2066 4016 Sed
2102 3974 2156 4017 et

584 4029 837 4087 Pharisaei
883 4036 969 4104 qui
997 4040 1242 4095 videntur
1277 4043 1475 4111 primi,
1518 4043 1644 4100 facti
1698 4059 1823 4101 sunt
1861 4029 2153 4117 postremi.

584 4120 685 4187 Qui
716 4134 891 4179 autem
930 4129 1130 4183 relictis
1167 4133 1417 4189 omnibus
1474 4137 1643 4190 secuti
1686 4148 1809 4192 sunt
1884 4138 2156 4196 Christum

584 4210 713 4267 facti
770 4228 893 4273 sunt
918 4219 1096 4286 primi.

658 4396 821 4455 Vsus.
862 4403 1046 4459 52-54.
1082 4424 1101 4456 ι
1156 4405 1323 4461 Erant
1373 4418 1552 4465 autem
1582 4409 1636 4463 in
1669 4413 1755 4465 via
1798 4414 2159 4473 ascendentes

2254 3246 2352 3289 τας
2399 3231 2605 3291 πάντας
2674 3230 2769 3281 καὶ
2806 3230 3173 3301 φιλοστόργως
3227 3232 3364 3301 πρὸς
3417 3231 3615 3286 αὐτοὺς
3680 3230 3844 3300 ἕχον-

2253 3337 2373 3395 τας,
2412 3321 2545 3371 ἀλλὰ
2575 3322 2667 3373 καὶ
2699 3321 2877 3373 οἰκίαν
2916 3321 3042 3389 μίαν
3083 3321 3243 3390 ἀφεὶς
3273 3323 3302 3374 6
3331 3322 3555 3392 Πέτρος,
3606 3308 3841 3393 ὕστερον

2254 3413 2351 3472 τὰς
2380 3411 2597 3463 πάντων
2651 3411 2760 3463 τῶν
2819 3412 3076 3483 μαθητῶν
3104 3413 3274 3467 αὑτοῦ
3323 3413 3500 3476 οἰκίας
3555 3408 3691 3484 εἶχε.
3723 3416 3843 3468 Καὶ

2255 3503 2349 3554 νῦν
2375 3502 2431 3555 δὲ
2462 3503 2588 3565 τοὺς
2612 3502 2928 3573 ἅπανταχοῦ
2960 3502 3064 3571 γῆς
3087 3504 3251 3566 ναοὺς
3278 3504 3368 3555 ἐπ’
3396 3504 3620 3573 ὀνόματι
3645 3504 3839 3571 αὑτοῦ,

2255 3595 2429 3657 οίκίας
2463 3595 2576 3664 εχει
2602 3594 2861 3666 λαμπράς
2884 3612 2896 3625 ·
2926 3597 3105 3649 καὶτὸ
3137 3597 3344 3665 μεῖζον,
3398 3598 3481 3650 ὅτι
3515 3598 3655 3666 μετά
3708 3596 3844 3651 διω-

2258 3686 2413 3754 γμῶν
2448 3685 2622 3738 ταῦτα
2658 3688 2835 3740 πάντα
2883 3688 3313 3757 κληρονομοῦσιν
3345 3690 3395 3740 οί
3453 3687 3623 3754 ἅγιοι,
3679 3706 3845 3742 τουτο

2262 3777 2399 3841 ἐστι,
2466 3776 2840 3844 διωκόμενοι,
2892 3778 2987 3828 καὶ
3059 3778 3161 3828 οὐκ
3237 3776 3601 3840 εὐπαθοῦντες
3634 3819 3651 3842 ,
3703 3778 3847 3832 ἀλλὰ

2258 3867 2586 3936 θλιϐόμενοι.
2634 3866 2799 3919 Ὅθεν
2826 3867 2923 3919 καὶ
2956 3869 3006 3919 οί
3042 3868 3265 3938 ἔσχατοι
3318 3870 3377 3922 ὲν
3405 3869 3484 3941 τῷ
3523 3868 3619 3922 νῦν
3674 3870 3842 3923 αἰῶνι

2256 3957 2540 4021 δοκοῦντες
2576 3958 2663 4011 διά
2688 3958 3055 4013 τὺθλίϐεσθαι
3102 3960 3197 4013 καὶ
3246 3960 3561 4023 διώκεσθαι,
3623 3961 3847 4019 ἔσονται

2260 4050 2467 4118 πρῶτοι
2493 4050 2580 4103 διὰ
2612 4052 2710 4121 τὴν
2740 4054 2821 4117 εἰς
2876 4053 3010 4105 Θεὸν
3056 4053 3264 4120 ἐλπίδα,
3293 4054 3428 4107 ἀλλά
3449 4055 3541 4107 καὶ
3571 4054 3621 4106 οί
3670 4054 3844 4125 Φαριο

2262 4144 2424 4207 σαῖοι,
2462 4142 2670 4213 πρῶτοι
2698 4143 2870 4207 ὄντες,
2897 4144 3149 4208 ἐγένοντο
3176 4145 3416 4217 ἔσχατοι.
3454 4147 3520 4197 Ol.
3562 4144 3619 4198 δὲ
3672 4147 3845 4214 ἀφένο

2258 4252 2349 4298 τες
2380 4236 2447 4287 τὰ
2486 4237 2686 4298 πάντα,
2719 4235 2813 4289 καὶ
2846 4236 3314 4305 ἀκολουθήσαντες
3341 4238 3419 4307 τῷ
3444 4238 3688 4311 Χριστῷ,
3712 4239 3847 4308 ἐγά-

2260 4342 2411 4378 νοντο
2441 4326 2665 4396 πρῶτοι.

2336 4434 2355 4468 ι
2392 4412 2565 4469 Ἦσαν
2599 4417 2656 4470 δὲ
2687 4418 2745 4469 ὲν
2788 4422 2855 4489 τῇ
2899 4417 3003 4489 ὁδῷ
3039 4418 3430 4483 ἀναϐαίνοντες
3482 4423 3565 4483 είς
3604 4421 3841 4492 Ἰεροσό-

589 4488 954 4562 Hierosolyma
978 4534 993 4559 ,
1032 4506 1086 4550 et
1128 4499 1467 4565 prazcedebat
1518 4501 1638 4555 illos
1668 4499 1849 4569 Jesus,
1884 4514 2147 4575 erantque

2253 4506 2418 4576 λυμα,
2452 4511 2542 4560 καὶ
2572 4505 2640 4579 ἦν
2678 4488 2939 4577 προάγων
2978 4511 3176 4572 αὐτοὺς
3205 4512 3235 4562 6
3264 4510 3498 4582 Ἰησοῦς,
3539 4514 3637 4565 καὶ
3663 4488 3846 4585 alian

589 4582 871 4649 pavefacti,
900 4594 953 4639 ct
982 4600 1269 4656 sequentes
1297 4590 1575 4647 timebant.
1607 4593 1671 4647 Et
1704 4598 1996 4667 assumptis
2025 4616 2164 4653 τοι-οε

590 4687 709 4725 sum
738 4674 1043 4741 duodecim,
1078 4679 1242 4746 coepit
1264 4680 1369 4734 illis
1401 4682 1581 4737 dicere
1608 4699 1727 4753 qua:
1762 4686 1864 4741 sibi
1893 4700 2151 4745 eventura

591 4774 803 4818 essent:
831 4767 966 4822 Ecce
994 4773 1337 4826 ascendimus
1360 4771 1751 4846 Hierosolyma,
1786 4788 1838 4832 et
1862 4776 2029 4833 Filius
2055 4782 2153 4836 bo-

592 4855 753 4908 minis
786 4860 1024 4913 tradetur
1060 4850 1783 4930 principibus‘sacerdotum
1824 4880 1881 4923 ct
1922 4869 2152 4940 Scribis,

592 4954 648 4999 ct
673 4950 1101 5005 condemnabunt
1139 4968 1261 5006 eum
1295 4956 1360 5009 ad
1396 4967 1643 5025 mortem,
1675 4970 1729 5013 et
1755 4962 1969 5016 tradent
2004 4964 2154 5017 illiilli

595 5038 867 5105 gentibus,
915 5052 965 5093 et
1009 5043 1235 5099 illudent
1272 5046 1379 5110 illi,
1408 5059 1463 5102 et
1513 5050 1858 5120 ﬂagellabant
1908 5070 2053 5119 eum,
2103 5066 2157 5111 et

594 5129 845 5195 iuspucnt
878 5130 927 5183 in
973 5132 1144 5197 illum,
1174 5147 1229 5189 et
1276 5138 1526 5192 occident
1563 5156 1684 5195 eum
1708 5182 1722 5206 ,
1762 5153 1815 5197 et
1849 5148 2007 5201 tertia
2072 5148 2159 5202 die

596 5230 859 5289 resurget.
887 5242 906 5272 ι
944 5222 1122 5288 Quare
1156 5230 1400 5296 praedicit
1442 5233 1490 5284 ei
1520 5235 1822 5287 eventura?
1853 5234 1924 5290 Ut
1952 5248 2157 5293 mentes

596 5310 977 5378 discipulorqu
1027 5330 1311 5385 praeparet,
1362 5338 1469 5389 quo
1519 5325 1670 5389 prius
1704 5327 1885 5379 audita
1944 5327 2155 5383 facilius

595 5398 791 5466 ferant,
823 5413 878 5455 et
924 5421 1029 5458 non
1064 5420 1281 5474 repente
1310 5414 1672 5478 percellautur
1691 5416 1894 5471 animo.
1933 5416 2159 5487 Insuper

599 5502 657 5545 ut
685 5494 857 5547 Sciant
880 5499 1022 5566 quod
1054 5501 1390 5559 voluntarius
1427 5508 1680 5574 patiatur.
1723 5509 1853 5561 Nam
1894 5512 1985 5579 qui
2021 5527 2159 5579 prte-

601 5589 771 5654 novit,
801 5601 853 5643 et
882 5591 1113 5663 eﬂ'ugere
1147 5607 1347 5666 potest,
1376 5609 1431 5654 et
1461 5617 1565 5655 non
1604 5602 1735 5673 fugit
1768 5620 1783 5658 :
1813 5606 2155 5661 manifesmm

602 5681 742 5749 quod
776 5682 1137 5741 voluntarium
1172 5704 1251 5743 se.
1280 5691 1620 5759 passiouihus
1647 5707 1899 5761 crponal.
1920 5696 2157 5752 Seorsim

607 5778 781 5826 autem
812 5776 1039 5832 assumit
1062 5778 1375 5850 discipulos,
1404 5792 1457 5837 et
1486 5798 1604 5837 cum
1630 5785 1759 5840 solis
1782 5787 1884 5843 illis
1903 5788 2153 5857 loquitur.

2254 4598 2463 4659 ϐοῦντο,
2488 4601 2581 4653 καὶ
2630 4601 3052 4665 ἀκολουθοῦντες
3084 4602 3383 4670 ἐφοϐοῦντο
3410 4619 3423 4632 ⁸
3457 4604 3551 4655 καὶ
3584 4605 3847 4673 παραλα-

2256 4689 2365 4741 ϐὼν
2396 4691 2557 4742 πάλιν
2603 4692 2729 4754 τοὺς
2772 4692 3017 4757 δώδεκα,
3068 4694 3272 4763 ἧρξατο
3325 4695 3511 4759 αὐτοῖς
3541 4696 3725 4763 λέγειν
3774 4698 3847 4755 τιὰ

2260 4782 2519 4850 μέλλοντα
2556 4784 2705 4854 αύτῷ
2764 4786 3119 4853 συμϐαίνειν·
3167 4788 3251 4841 ὅτι
3304 4787 3434 4841 Ἰδοὺ
3471 4788 3845 4860 ἀναϐαίνομεν

2255 4876 2331 4936 είς
2368 4875 2737 4945 Ἱεροσόλυμα,
2768 4877 2863 4931 καὶ
2891 4878 2919 4929 6
2951 4879 3077 4941 Υἱὸς
3107 4879 3201 4932 τοῦ
3223 4878 3511 4950 ἀνθρώπω
3525 4881 3845 4952 παραδοθή-

2259 4981 2409 5018 σεται
2442 4969 2552 5029 τοίς
2582 4968 2907 5038 ἀρχιερεῦσι
2948 4971 3045 5024 καὶ
3081 4971 3473 5040 Γραμματεῦσι
3496 5012 3511 5036 ,
3544 4974 3638 5025 καὶ
3670 4990 3844 5026 κατα-

2258 5058 2535 5127 κρινοῦσιν
2582 5061 2749 5113 αὑτὸν
2784 5061 3039 5130 θανάτῳ,
3088 5062 3186 5115 καὶ
3231 5061 3649 5133 παραδώσουσιν
3679 5065 3845 5118 αὑτὸν

2256 5152 2367 5212 τοῖς
2394 5150 2593 5216 ἔθνεσι,
2624 5152 2720 5204 καὶ
2748 5152 3109 5221 ἐμπαίξουσιν
3135 5153 3307 5223 αὐτῷ,
3340 5155 3431 5206 καὶ
3465 5155 3847 5223 μαστιγώσου-

2260 5258 2343 5294 σιν
2370 5244 2553 5304 αὑτδν,
2590 5246 2685 5295 καὶ
2720 5244 3093 5313 ἐμπτύσουσιν
3140 5246 3289 5315 αύτῷ
3316 5247 3425 5307 καὶ,
3448 5248 3845 5301 ἀποκτενοῦσιν

2258 5333 2440 5397 αὑτὸν,
2483 5335 2575 5385 καὶ
2620 5338 2685 5405 τῇ
2726 5335 2885 5406 τρίτῃ
2928 5337 3113 5407 ἡμέρᾳ
3161 5337 3548 5407 ἀναστήσεται.
3612 5358 3631 5391 ι
3685 5340 3844 5402 Τίνος

2258 5425 2444 5479 ἕνεκεν
2478 5427 2733 5497 προλέγει
2780 5430 2849 5480 τά
2886 5429 3151 5497 μέλλοντα
3186 5430 3338 5499 αὐτῷ
3357 5431 3713 5499 συμϐαίνεινς
3746 5434 3845 5487 Διά

2258 5516 2321 5569 τὸ
2354 5520 2713 5588 προομαλίσαι
2762 5520 2871 5571 τῶν
2914 5521 3173 5590 μαθητῶν
3226 5521 3324 5592 τὴν
3370 5522 3635 5587 διάνοιαν,
3689 5522 3840 5580 ὡσάν

2261 5610 2719 5675 προακούσαντες,
2774 5612 3149 5682 εὐφορώτερον
3192 5614 3484 5680 ἐνέγκωσι,
3528 5617 3732 5687 καὶμὴ
3763 5618 3840 5688 τῷ

2261 5699 2442 5768 ἀθρόῳ
2477 5700 2873 5769 καταπλαγῶσι
2901 5743 2917 5766 ,
2957 5704 3048 5755 καὶ
3098 5703 3249 5757 tam
3284 5705 3471 5757 εἰδεῖεν
3500 5747 3515 5769 ,
3564 5706 3650 5761 ὅτι
3702 5708 3845 5762 ἑκὼν

2265 5792 2480 5860 πάσχει.
2522 5792 2582 5845 '0
2624 5796 2731 5865 γὰρ
2764 5794 3027 5865 προειδὼς
3076 5798 3167 5849 καὶ
3211 5799 3506 5869 δυνάμενος
3552 5799 3841 5870 ἐκφυγεῖν,
