  <div class='ocr_page' id='page_1' title='image "/cluster/home/n/w/nwhite01/storage/ocr_20150623/123/ien.35556001659978/310.png"; bbox 0 0 4028 6416; ppageno 0'>
   <div class='ocr_carea' id='block_1_1' title="bbox 200 405 301 469">
    <p class='ocr_par' dir='ltr' id='par_1_1' title="bbox 200 405 301 469">
     <span class='ocr_line' id='line_1_1' title="bbox 200 405 301 469; baseline -0.02 0"><span class='ocrx_word' id='word_1_1' title='bbox 200 405 301 469; x_wconf 72' lang='lat'><strong>505</strong></span> 
     </span>
    </p>
   </div>
   <div class='ocr_carea' id='block_1_2' title="bbox 915 398 2751 469">
    <p class='ocr_par' dir='ltr' id='par_1_2' title="bbox 915 398 2751 469">
     <span class='ocr_line' id='line_1_2' title="bbox 915 398 2751 469; baseline 0.002 -5"><span class='ocrx_word' id='word_1_2' title='bbox 915 400 1364 464; x_wconf 77' lang='lat' dir='ltr'><strong>ENARRATIO</strong></span> <span class='ocrx_word' id='word_1_3' title='bbox 1404 400 1489 461; x_wconf 75' lang='lat' dir='ltr'><strong>IN</strong></span> <span class='ocrx_word' id='word_1_4' title='bbox 1528 400 2033 465; x_wconf 76' lang='lat' dir='ltr'><strong>EVANGELIUM</strong></span> <span class='ocrx_word' id='word_1_5' title='bbox 2072 398 2337 467; x_wconf 76' lang='lat' dir='ltr'><strong>MARCI.</strong></span> <span class='ocrx_word' id='word_1_6' title='bbox 2369 430 2438 443; x_wconf 91' lang='grc'><strong><em>--</em></strong></span> <span class='ocrx_word' id='word_1_7' title='bbox 2478 405 2637 469; x_wconf 80' lang='lat' dir='ltr'><strong>CAP.</strong></span> <span class='ocrx_word' id='word_1_8' title='bbox 2674 406 2751 468; x_wconf 78' lang='grc' dir='ltr'>Χ.</span> 
     </span>
    </p>
   </div>
   <div class='ocr_carea' id='block_1_3' title="bbox 3390 403 3501 470">
    <p class='ocr_par' dir='ltr' id='par_1_3' title="bbox 3390 403 3501 470">
     <span class='ocr_line' id='line_1_3' title="bbox 3390 403 3501 470; baseline 0 0"><span class='ocrx_word' id='word_1_9' title='bbox 3390 403 3501 470; x_wconf 77' lang='lat'><strong>606</strong></span> 
     </span>
    </p>
   </div>
   <div class='ocr_carea' id='block_1_4' title="bbox 201 516 1791 593">
    <p class='ocr_par' dir='ltr' id='par_1_4' title="bbox 201 516 1791 593">
     <span class='ocr_line' id='line_1_4' title="bbox 201 516 1791 593; baseline -0.004 -18"><span class='ocrx_word' id='word_1_10' title='bbox 201 520 273 593; x_wconf 77' lang='grc' dir='ltr'><strong>μή</strong></span> <span class='ocrx_word' id='word_1_11' title='bbox 319 519 546 589; x_wconf 79' lang='grc' dir='ltr'>φεύγων</span> <span class='ocrx_word' id='word_1_12' title='bbox 594 518 694 585; x_wconf 64' lang='grc' dir='ltr'>δὲ,</span> <span class='ocrx_word' id='word_1_13' title='bbox 749 516 1020 590; x_wconf 68' lang='grc' dir='ltr'><strong>1πρόδηλον</strong></span> <span class='ocrx_word' id='word_1_14' title='bbox 1061 518 1138 582; x_wconf 83' lang='grc' dir='ltr'><strong>ὡς</strong></span> <span class='ocrx_word' id='word_1_15' title='bbox 1182 517 1452 581; x_wconf 70' lang='grc' dir='ltr'>ἑκουσίως</span> <span class='ocrx_word' id='word_1_16' title='bbox 1510 516 1791 571; x_wconf 72' lang='grc' dir='ltr'><strong>ἐκδίδωσιν</strong></span> 
     </span>
    </p>
   </div>
   <div class='ocr_carea' id='block_1_5' title="bbox 1902 516 3502 593">
    <p class='ocr_par' dir='ltr' id='par_1_5' title="bbox 1906 517 3502 592">
     <span class='ocr_line' id='line_1_5' title="bbox 1906 517 3502 592; baseline -0.001 -17"><span class='ocrx_word' id='word_1_17' title='bbox 1906 518 2191 575; x_wconf 85' lang='lat' dir='ltr'><strong>Secretum</strong></span> <span class='ocrx_word' id='word_1_18' title='bbox 2216 523 2363 577; x_wconf 88' lang='lat' dir='ltr'><strong>enim</strong></span> <span class='ocrx_word' id='word_1_19' title='bbox 2400 520 2719 592; x_wconf 71' lang='lat' dir='ltr'><strong>mysterium</strong></span> <span class='ocrx_word' id='word_1_20' title='bbox 2756 528 2875 575; x_wconf 84' lang='lat' dir='ltr'><strong>erat</strong></span> <span class='ocrx_word' id='word_1_21' title='bbox 2904 518 3108 587; x_wconf 78' lang='lat' dir='ltr'><strong>passio,</strong></span> <span class='ocrx_word' id='word_1_22' title='bbox 3132 517 3278 588; x_wconf 89' lang='lat' dir='ltr'><strong>quod</strong></span> <span class='ocrx_word' id='word_1_23' title='bbox 3332 518 3502 573; x_wconf 79' lang='lat' dir='ltr'><strong>fami‘</strong></span> 
     </span>
    </p>
   </div>
   <div class='ocr_carea' id='block_1_6' title="bbox 198 607 1790 680">
    <p class='ocr_par' dir='ltr' id='par_1_6' title="bbox 198 607 1790 680">
     <span class='ocr_line' id='line_1_6' title="bbox 198 607 1790 680; baseline -0.006 -11"><span class='ocrx_word' id='word_1_24' title='bbox 198 614 393 669; x_wconf 69' lang='grc' dir='ltr'>ιαυτδν</span> <span class='ocrx_word' id='word_1_25' title='bbox 421 614 534 673; x_wconf 83' lang='grc' dir='ltr'>τοῖς</span> <span class='ocrx_word' id='word_1_26' title='bbox 556 610 807 666; x_wconf 76' lang='grc' dir='ltr'>πάθεσιν.</span> <span class='ocrx_word' id='word_1_27' title='bbox 860 608 993 680; x_wconf 72' lang='grc' dir='ltr'>’ἰδίᾳ</span> <span class='ocrx_word' id='word_1_28' title='bbox 1029 607 1087 661; x_wconf 74' lang='grc' dir='ltr'>δὲ</span> <span class='ocrx_word' id='word_1_29' title='bbox 1134 608 1475 678; x_wconf 73' lang='grc' dir='ltr'>παραλαϐὼν</span> <span class='ocrx_word' id='word_1_30' title='bbox 1526 609 1656 672; x_wconf 83' lang='grc' dir='ltr'>τοὺς</span> <span class='ocrx_word' id='word_1_31' title='bbox 1689 626 1790 679; x_wconf 70' lang='grc' dir='ltr'>μαι</span> 
     </span>
    </p>
   </div>
   <div class='ocr_carea' id='block_1_7' title="bbox 197 702 1794 778">
    <p class='ocr_par' dir='ltr' id='par_1_7' title="bbox 197 702 1794 778">
     <span class='ocr_line' id='line_1_7' title="bbox 197 702 1794 778; baseline -0.003 -18"><span class='ocrx_word' id='word_1_32' title='bbox 197 706 388 778; x_wconf 82' lang='grc' dir='ltr'>θητάς,</span> <span class='ocrx_word' id='word_1_33' title='bbox 423 704 612 775; x_wconf 80' lang='grc' dir='ltr'>μόνοις</span> <span class='ocrx_word' id='word_1_34' title='bbox 638 705 828 765; x_wconf 80' lang='grc' dir='ltr'>αὐτοῖς</span> <span class='ocrx_word' id='word_1_35' title='bbox 862 703 1195 771; x_wconf 72' lang='grc' dir='ltr'>διαλέγεται,</span> <span class='ocrx_word' id='word_1_36' title='bbox 1231 702 1554 773; x_wconf 82' lang='grc' dir='ltr'>Μυστήριον</span> <span class='ocrx_word' id='word_1_37' title='bbox 1594 703 1703 774; x_wconf 83' lang='grc' dir='ltr'>γὰρ</span> <span class='ocrx_word' id='word_1_38' title='bbox 1732 702 1794 756; x_wconf 86' lang='grc' dir='ltr'><strong>δν</strong></span> 
     </span>
    </p>
   </div>
   <div class='ocr_carea' id='block_1_8' title="bbox 194 794 1793 866">
    <p class='ocr_par' dir='ltr' id='par_1_8' title="bbox 194 794 1793 866">
     <span class='ocr_line' id='line_1_8' title="bbox 194 794 1793 866; baseline -0.001 -16"><span class='ocrx_word' id='word_1_39' title='bbox 194 799 253 851; x_wconf 78' lang='grc' dir='ltr'>τὸ</span> <span class='ocrx_word' id='word_1_40' title='bbox 280 795 483 858; x_wconf 80' lang='grc' dir='ltr'>πάθος,</span> <span class='ocrx_word' id='word_1_41' title='bbox 518 797 633 859; x_wconf 85' lang='grc' dir='ltr'>τοῖς</span> <span class='ocrx_word' id='word_1_42' title='bbox 657 794 1014 866; x_wconf 74' lang='grc' dir='ltr'><strong>οἰκειοτέροις</strong></span> <span class='ocrx_word' id='word_1_43' title='bbox 1048 794 1156 847; x_wconf 74' lang='grc' dir='ltr'>εδει</span> <span class='ocrx_word' id='word_1_44' title='bbox 1183 794 1665 865; x_wconf 77' lang='grc' dir='ltr'>ἀποκαλυφθῆναι.</span> <span class='ocrx_word' id='word_1_45' title='bbox 1690 794 1793 849; x_wconf 86' lang='grc' dir='ltr'>Διά</span> 
     </span>
    </p>
   </div>
   <div class='ocr_carea' id='block_1_9' title="bbox 196 883 1791 955">
    <p class='ocr_par' dir='ltr' id='par_1_9' title="bbox 196 883 1791 955">
     <span class='ocr_line' id='line_1_9' title="bbox 196 883 1791 955; baseline -0.003 -15"><span class='ocrx_word' id='word_1_46' title='bbox 196 888 357 941; x_wconf 85' lang='grc' dir='ltr'>τοῦτο</span> <span class='ocrx_word' id='word_1_47' title='bbox 388 886 524 955; x_wconf 87' lang='grc' dir='ltr'>γοῦν</span> <span class='ocrx_word' id='word_1_48' title='bbox 558 887 650 939; x_wconf 74' lang='grc' dir='ltr'><strong>καὶ</strong></span> <span class='ocrx_word' id='word_1_49' title='bbox 681 883 1056 955; x_wconf 75' lang='grc' dir='ltr'>προλαμϐάνει</span> <span class='ocrx_word' id='word_1_50' title='bbox 1080 884 1298 948; x_wconf 78' lang='grc' dir='ltr'><strong>πάντας</strong></span> <span class='ocrx_word' id='word_1_51' title='bbox 1331 885 1392 937; x_wconf 72' lang='grc' dir='ltr'>ἐν</span> <span class='ocrx_word' id='word_1_52' title='bbox 1410 888 1477 955; x_wconf 79' lang='grc' dir='ltr'>τῇ</span> <span class='ocrx_word' id='word_1_53' title='bbox 1508 884 1635 955; x_wconf 82' lang='grc' dir='ltr'>ὁδῷ,</span> <span class='ocrx_word' id='word_1_54' title='bbox 1664 884 1791 955; x_wconf 86' lang='grc' dir='ltr'>βου-</span> 
     </span>
    </p>
   </div>
   <div class='ocr_carea' id='block_1_10' title="bbox 196 975 1790 1047">
    <p class='ocr_par' dir='ltr' id='par_1_10' title="bbox 196 975 1790 1047">
     <span class='ocr_line' id='line_1_10' title="bbox 196 975 1790 1047; baseline -0.002 -15"><span class='ocrx_word' id='word_1_55' title='bbox 196 980 421 1045; x_wconf 78' lang='grc' dir='ltr'>λόμενος</span> <span class='ocrx_word' id='word_1_56' title='bbox 436 977 784 1047; x_wconf 78' lang='grc' dir='ltr'><strong>ἀποχωρίσαι</strong></span> <span class='ocrx_word' id='word_1_57' title='bbox 802 975 899 1029; x_wconf 89' lang='grc' dir='ltr'><strong>τοῦ</strong></span> <span class='ocrx_word' id='word_1_58' title='bbox 927 976 1089 1030; x_wconf 82' lang='grc' dir='ltr'>ἀλλου</span> <span class='ocrx_word' id='word_1_59' title='bbox 1114 975 1356 1046; x_wconf 84' lang='grc' dir='ltr'>πλήθους</span> <span class='ocrx_word' id='word_1_60' title='bbox 1374 977 1503 1039; x_wconf 81' lang='grc' dir='ltr'>τοὺς</span> <span class='ocrx_word' id='word_1_61' title='bbox 1536 976 1790 1047; x_wconf 76' lang='grc' dir='ltr'>μαθητὰς</span> 
     </span>
    </p>
   </div>
   <div class='ocr_carea' id='block_1_11' title="bbox 196 1064 1789 1136">
    <p class='ocr_par' dir='ltr' id='par_1_11' title="bbox 196 1064 1789 1136">
     <span class='ocr_line' id='line_1_11' title="bbox 196 1064 1789 1136; baseline -0.002 -14"><span class='ocrx_word' id='word_1_62' title='bbox 196 1068 384 1122; x_wconf 72' lang='grc' dir='ltr'>αὑτοῦ.</span> <span class='ocrx_word' id='word_1_63' title='bbox 435 1068 589 1136; x_wconf 79' lang='grc' dir='ltr'>Ἀμα</span> <span class='ocrx_word' id='word_1_64' title='bbox 634 1066 732 1118; x_wconf 78' lang='grc' dir='ltr'>καὶ</span> <span class='ocrx_word' id='word_1_65' title='bbox 790 1064 880 1118; x_wconf 75' lang='grc' dir='ltr'><strong>διὰ</strong></span> <span class='ocrx_word' id='word_1_66' title='bbox 934 1064 1027 1117; x_wconf 86' lang='grc' dir='ltr'><strong>τοῦ</strong></span> <span class='ocrx_word' id='word_1_67' title='bbox 1086 1064 1355 1135; x_wconf 79' lang='grc' dir='ltr'>προάγειν</span> <span class='ocrx_word' id='word_1_68' title='bbox 1415 1065 1633 1129; x_wconf 77' lang='grc' dir='ltr'><strong>πάντας</strong></span> <span class='ocrx_word' id='word_1_69' title='bbox 1694 1066 1789 1119; x_wconf 82' lang='grc' dir='ltr'>καὶ</span> 
     </span>
    </p>
   </div>
   <div class='ocr_carea' id='block_1_12' title="bbox 196 1154 1790 1233">
    <p class='ocr_par' dir='ltr' id='par_1_12' title="bbox 196 1154 1790 1233">
     <span class='ocr_line' id='line_1_12' title="bbox 196 1154 1790 1233; baseline -0.003 -20"><span class='ocrx_word' id='word_1_70' title='bbox 196 1160 533 1233; x_wconf 79' lang='grc' dir='ltr'>προφθάνειν</span> <span class='ocrx_word' id='word_1_71' title='bbox 564 1160 623 1211; x_wconf 73' lang='grc' dir='ltr'><strong>εν</strong></span> <span class='ocrx_word' id='word_1_72' title='bbox 647 1160 714 1227; x_wconf 78' lang='grc' dir='ltr'>τῇ</span> <span class='ocrx_word' id='word_1_73' title='bbox 745 1155 849 1226; x_wconf 81' lang='grc' dir='ltr'><strong>6δῷ</strong></span> <span class='ocrx_word' id='word_1_74' title='bbox 871 1197 887 1221; x_wconf 86' lang='grc'><strong>,</strong></span> <span class='ocrx_word' id='word_1_75' title='bbox 925 1154 1200 1209; x_wconf 85' lang='grc' dir='ltr'>δείκνυσιν</span> <span class='ocrx_word' id='word_1_76' title='bbox 1232 1157 1315 1210; x_wconf 83' lang='grc' dir='ltr'>ὅτι</span> <span class='ocrx_word' id='word_1_77' title='bbox 1346 1157 1679 1227; x_wconf 62' lang='grc' dir='ltr'>προστρέχει</span> <span class='ocrx_word' id='word_1_78' title='bbox 1710 1156 1790 1226; x_wconf 84' lang='grc' dir='ltr'><strong>τῷ</strong></span> 
     </span>
    </p>
   </div>
   <div class='ocr_carea' id='block_1_13' title="bbox 196 1249 1791 1321">
    <p class='ocr_par' dir='ltr' id='par_1_13' title="bbox 196 1249 1791 1321">
     <span class='ocr_line' id='line_1_13' title="bbox 196 1249 1791 1321; baseline -0.001 -15"><span class='ocrx_word' id='word_1_79' title='bbox 196 1253 382 1315; x_wconf 77' lang='grc' dir='ltr'>πάθει,</span> <span class='ocrx_word' id='word_1_80' title='bbox 414 1253 511 1303; x_wconf 76' lang='grc' dir='ltr'>καὶ</span> <span class='ocrx_word' id='word_1_81' title='bbox 538 1251 639 1303; x_wconf 85' lang='grc' dir='ltr'>οὐκ</span> <span class='ocrx_word' id='word_1_82' title='bbox 682 1250 987 1317; x_wconf 77' lang='grc' dir='ltr'><strong>ἀποφεύγει</strong></span> <span class='ocrx_word' id='word_1_83' title='bbox 1033 1249 1136 1320; x_wconf 83' lang='grc' dir='ltr'>τὴν</span> <span class='ocrx_word' id='word_1_84' title='bbox 1187 1249 1331 1321; x_wconf 79' lang='grc' dir='ltr'>ὑπὲρ</span> <span class='ocrx_word' id='word_1_85' title='bbox 1361 1250 1466 1319; x_wconf 87' lang='grc' dir='ltr'>τῆς</span> <span class='ocrx_word' id='word_1_86' title='bbox 1508 1252 1791 1321; x_wconf 71' lang='grc' dir='ltr'>ἡμετέρας</span> 
     </span>
    </p>
   </div>
   <div class='ocr_carea' id='block_1_14' title="bbox 196 1341 1831 1414">
    <p class='ocr_par' dir='ltr' id='par_1_14' title="bbox 196 1341 1831 1414">
     <span class='ocr_line' id='line_1_14' title="bbox 196 1341 1831 1414; baseline 0.001 -16"><span class='ocrx_word' id='word_1_87' title='bbox 196 1342 479 1413; x_wconf 76' lang='grc' dir='ltr'><strong>σωτηρίας</strong></span> <span class='ocrx_word' id='word_1_88' title='bbox 503 1343 773 1413; x_wconf 75' lang='grc' dir='ltr'><strong>νέκρωσιν</strong></span> <span class='ocrx_word' id='word_1_89' title='bbox 793 1359 808 1373; x_wconf 77' lang='grc'><strong><em>⁸</em></strong></span> <span class='ocrx_word' id='word_1_90' title='bbox 825 1341 966 1413; x_wconf 71' lang='grc' dir='ltr'>πὶὴν</span> <span class='ocrx_word' id='word_1_91' title='bbox 993 1343 1043 1394; x_wconf 91' lang='grc' dir='ltr'><strong>εί</strong></span> <span class='ocrx_word' id='word_1_92' title='bbox 1064 1342 1159 1396; x_wconf 72' lang='grc' dir='ltr'>καὶ</span> <span class='ocrx_word' id='word_1_93' title='bbox 1182 1343 1252 1395; x_wconf 83' lang='grc' dir='ltr'><strong>τὰ</strong></span> <span class='ocrx_word' id='word_1_94' title='bbox 1272 1343 1578 1414; x_wconf 79' lang='grc' dir='ltr'>σκυθρωπὰ</span> <span class='ocrx_word' id='word_1_95' title='bbox 1645 1345 1831 1399; x_wconf 83' lang='grc' dir='ltr'>πάντα</span> 
     </span>
    </p>
   </div>
   <div class='ocr_carea' id='block_1_15' title="bbox 192 1436 1359 1508">
    <p class='ocr_par' dir='ltr' id='par_1_15' title="bbox 192 1436 1359 1508">
     <span class='ocr_line' id='line_1_15' title="bbox 192 1436 1359 1508; baseline 0.002 -17"><span class='ocrx_word' id='word_1_96' title='bbox 192 1437 275 1500; x_wconf 82' lang='grc' dir='ltr'><strong>τὺ,</strong></span> <span class='ocrx_word' id='word_1_97' title='bbox 313 1438 439 1491; x_wconf 79' lang='grc' dir='ltr'><strong>Καὶ</strong></span> <span class='ocrx_word' id='word_1_98' title='bbox 478 1440 547 1507; x_wconf 77' lang='grc' dir='ltr'><strong>τῇ</strong></span> <span class='ocrx_word' id='word_1_99' title='bbox 567 1438 725 1508; x_wconf 77' lang='grc' dir='ltr'>τρίτῃ</span> <span class='ocrx_word' id='word_1_100' title='bbox 752 1436 937 1508; x_wconf 78' lang='grc' dir='ltr'>ήμίρᾳ</span> <span class='ocrx_word' id='word_1_101' title='bbox 966 1438 1359 1506; x_wconf 87' lang='grc' dir='ltr'>ἀναστήσεται.</span> 
     </span>
    </p>
   </div>
   <div class='ocr_carea' id='block_1_16' title="bbox 267 1531 1786 1602">
    <p class='ocr_par' dir='ltr' id='par_1_16' title="bbox 267 1531 1786 1602">
     <span class='ocr_line' id='line_1_16' title="bbox 267 1531 1786 1602; baseline 0 -18"><span class='ocrx_word' id='word_1_102' title='bbox 267 1552 286 1584; x_wconf 82' lang='grc' dir='ltr'><strong>ι</strong></span> <span class='ocrx_word' id='word_1_103' title='bbox 329 1532 443 1586; x_wconf 75' lang='grc' dir='ltr'><strong>Καὶ</strong></span> <span class='ocrx_word' id='word_1_104' title='bbox 468 1532 943 1602; x_wconf 81' lang='grc' dir='ltr'>προσπορεύονται</span> <span class='ocrx_word' id='word_1_105' title='bbox 975 1531 1126 1601; x_wconf 84' lang='grc' dir='ltr'><strong>αὑτῷ</strong></span> <span class='ocrx_word' id='word_1_106' title='bbox 1166 1532 1429 1596; x_wconf 77' lang='grc' dir='ltr'>Ἰάκωϐος</span> <span class='ocrx_word' id='word_1_107' title='bbox 1458 1534 1555 1586; x_wconf 76' lang='grc' dir='ltr'><strong>καὶ</strong></span> <span class='ocrx_word' id='word_1_108' title='bbox 1597 1532 1786 1587; x_wconf 67' lang='grc' dir='ltr'>Ἰωάνα</span> 
     </span>
    </p>
   </div>
   <div class='ocr_carea' id='block_1_17' title="bbox 194 1623 1789 1694">
    <p class='ocr_par' dir='ltr' id='par_1_17' title="bbox 194 1623 1789 1694">
     <span class='ocr_line' id='line_1_17' title="bbox 194 1623 1789 1694; baseline -0.001 -17"><span class='ocrx_word' id='word_1_109' title='bbox 194 1641 310 1693; x_wconf 77' lang='grc' dir='ltr'>νης,</span> <span class='ocrx_word' id='word_1_110' title='bbox 337 1625 390 1677; x_wconf 79' lang='lat' dir='ltr'><strong>oi</strong></span> <span class='ocrx_word' id='word_1_111' title='bbox 419 1624 529 1676; x_wconf 80' lang='grc' dir='ltr'>υίοὶ</span> <span class='ocrx_word' id='word_1_112' title='bbox 550 1623 867 1687; x_wconf 72' lang='grc' dir='ltr'>Ζεϐεδαίου,</span> <span class='ocrx_word' id='word_1_113' title='bbox 893 1623 1149 1692; x_wconf 80' lang='grc' dir='ltr'>λέγοντες</span> <span class='ocrx_word' id='word_1_114' title='bbox 1166 1638 1182 1653; x_wconf 82' lang='grc'><strong>’</strong></span> <span class='ocrx_word' id='word_1_115' title='bbox 1208 1624 1535 1687; x_wconf 84' lang='grc' dir='ltr'>Διδάσκαλε,</span> <span class='ocrx_word' id='word_1_116' title='bbox 1556 1623 1789 1694; x_wconf 75' lang='grc' dir='ltr'>θέλομεν</span> 
     </span>
    </p>
   </div>
   <div class='ocr_carea' id='block_1_18' title="bbox 194 1712 1792 1787">
    <p class='ocr_par' dir='ltr' id='par_1_18' title="bbox 194 1712 1792 1787">
     <span class='ocr_line' id='line_1_18' title="bbox 194 1712 1792 1787; baseline -0.002 -17"><span class='ocrx_word' id='word_1_117' title='bbox 194 1716 281 1770; x_wconf 81' lang='grc' dir='ltr'><strong>ῖνα</strong></span> <span class='ocrx_word' id='word_1_118' title='bbox 309 1716 340 1769; x_wconf 88' lang='grc' dir='ltr'><strong>δ</strong></span> <span class='ocrx_word' id='word_1_119' title='bbox 377 1715 476 1768; x_wconf 73' lang='grc' dir='ltr'><strong>ἐὰν</strong></span> <span class='ocrx_word' id='word_1_120' title='bbox 500 1714 837 1784; x_wconf 84' lang='grc' dir='ltr'>αίτήσωμεν,</span> <span class='ocrx_word' id='word_1_121' title='bbox 871 1717 1107 1787; x_wconf 77' lang='grc' dir='ltr'>ποιήσῃς</span> <span class='ocrx_word' id='word_1_122' title='bbox 1130 1718 1283 1786; x_wconf 78' lang='grc' dir='ltr'>ἡμῖν.</span> <span class='ocrx_word' id='word_1_123' title='bbox 1329 1715 1389 1770; x_wconf 89' lang='lat'><strong>&#39;0</strong></span> <span class='ocrx_word' id='word_1_124' title='bbox 1420 1716 1477 1769; x_wconf 80' lang='grc' dir='ltr'>δὲ</span> <span class='ocrx_word' id='word_1_125' title='bbox 1504 1712 1660 1771; x_wconf 81' lang='grc' dir='ltr'>εἶπεν</span> <span class='ocrx_word' id='word_1_126' title='bbox 1689 1716 1792 1768; x_wconf 84' lang='grc' dir='ltr'><strong>αὐ·-</strong></span> 
     </span>
    </p>
   </div>
   <div class='ocr_carea' id='block_1_19' title="bbox 194 1802 1787 1876">
    <p class='ocr_par' dir='ltr' id='par_1_19' title="bbox 194 1802 1787 1876">
     <span class='ocr_line' id='line_1_19' title="bbox 194 1802 1787 1876; baseline 0.021 -48"><span class='ocrx_word' id='word_1_127' title='bbox 194 1808 303 1870; x_wconf 56' lang='grc' dir='ltr'><strong>ωις</strong></span> <span class='ocrx_word' id='word_1_128' title='bbox 328 1823 345 1839; x_wconf 86' lang='grc'><strong>.</strong></span> <span class='ocrx_word' id='word_1_129' title='bbox 376 1806 444 1859; x_wconf 72' lang='grc' dir='ltr'><strong>τε</strong></span> <span class='ocrx_word' id='word_1_130' title='bbox 472 1803 655 1858; x_wconf 70' lang='grc' dir='ltr'>θέλετε</span> <span class='ocrx_word' id='word_1_131' title='bbox 680 1805 903 1875; x_wconf 75' lang='grc' dir='ltr'><strong>ποιῆσαί</strong></span> <span class='ocrx_word' id='word_1_132' title='bbox 935 1822 1003 1875; x_wconf 76' lang='grc' dir='ltr'><strong>με</strong></span> <span class='ocrx_word' id='word_1_133' title='bbox 1044 1807 1175 1876; x_wconf 78' lang='grc' dir='ltr'>ὑμῖν</span> <span class='ocrx_word' id='word_1_134' title='bbox 1205 1824 1220 1874; x_wconf 88' lang='grc'><strong>;</strong></span> <span class='ocrx_word' id='word_1_135' title='bbox 1253 1807 1316 1859; x_wconf 77' lang='lat' dir='ltr'><strong>Oi</strong></span> <span class='ocrx_word' id='word_1_136' title='bbox 1345 1806 1402 1860; x_wconf 73' lang='grc' dir='ltr'>δὲ</span> <span class='ocrx_word' id='word_1_137' title='bbox 1430 1802 1584 1860; x_wconf 72' lang='grc' dir='ltr'>εἷπον</span> <span class='ocrx_word' id='word_1_138' title='bbox 1610 1804 1787 1876; x_wconf 79' lang='grc' dir='ltr'>αὐτῷ’</span> 
     </span>
    </p>
   </div>
   <div class='ocr_carea' id='block_1_20' title="bbox 1898 610 3499 685">
    <p class='ocr_par' dir='ltr' id='par_1_20' title="bbox 1898 610 3499 685">
     <span class='ocr_line' id='line_1_20' title="bbox 1898 610 3499 685; baseline -0.001 -21"><span class='ocrx_word' id='word_1_139' title='bbox 1898 610 2214 667; x_wconf 87' lang='lat' dir='ltr'><strong>liarioribus</strong></span> <span class='ocrx_word' id='word_1_140' title='bbox 2244 613 2509 667; x_wconf 74' lang='lat' dir='ltr'><strong>duntaxat</strong></span> <span class='ocrx_word' id='word_1_141' title='bbox 2554 611 2909 667; x_wconf 86' lang='lat' dir='ltr'><strong>revelandum</strong></span> <span class='ocrx_word' id='word_1_142' title='bbox 2938 618 3080 673; x_wconf 88' lang='lat' dir='ltr'><strong>erat,</strong></span> <span class='ocrx_word' id='word_1_143' title='bbox 3108 618 3499 685; x_wconf 79' lang='lat' dir='ltr'><strong>et&#39;proptcrca</strong></span> 
     </span>
    </p>
   </div>
   <div class='ocr_carea' id='block_1_21' title="bbox 1898 690 3501 773">
    <p class='ocr_par' dir='ltr' id='par_1_21' title="bbox 1898 690 3501 773">
     <span class='ocr_line' id='line_1_21' title="bbox 1898 690 3501 773; baseline -0.002 -15"><span class='ocrx_word' id='word_1_144' title='bbox 1898 702 1953 758; x_wconf 91' lang='lat' dir='ltr'><strong>in</strong></span> <span class='ocrx_word' id='word_1_145' title='bbox 1980 704 2065 757; x_wconf 85' lang='lat' dir='ltr'><strong>via</strong></span> <span class='ocrx_word' id='word_1_146' title='bbox 2082 718 2277 760; x_wconf 88' lang='lat' dir='ltr'><strong>omnes</strong></span> <span class='ocrx_word' id='word_1_147' title='bbox 2307 704 2588 773; x_wconf 71' lang='lat' dir='ltr'><strong>praecedit,</strong></span> <span class='ocrx_word' id='word_1_148' title='bbox 2628 703 2819 758; x_wconf 86' lang='lat' dir='ltr'><strong>volens</strong></span> <span class='ocrx_word' id='word_1_149' title='bbox 2852 720 2880 757; x_wconf 70' lang='grc' dir='ltr'><strong>τι</strong></span> <span class='ocrx_word' id='word_1_150' title='bbox 2940 690 3290 757; x_wconf 80' lang='lat' dir='ltr'><strong>multitudine</strong></span> <span class='ocrx_word' id='word_1_151' title='bbox 3314 702 3501 773; x_wconf 75' lang='lat' dir='ltr'><strong>segr‘e-</strong></span> 
     </span>
    </p>
   </div>
   <div class='ocr_carea' id='block_1_22' title="bbox 1896 796 3497 867">
    <p class='ocr_par' dir='ltr' id='par_1_22' title="bbox 1896 796 3497 867">
     <span class='ocr_line' id='line_1_22' title="bbox 1896 796 3497 867; baseline -0.001 -18"><span class='ocrx_word' id='word_1_152' title='bbox 1896 809 2028 867; x_wconf 88' lang='lat' dir='ltr'><strong>gare</strong></span> <span class='ocrx_word' id='word_1_153' title='bbox 2058 797 2372 864; x_wconf 84' lang='lat' dir='ltr'><strong>discipulos.</strong></span> <span class='ocrx_word' id='word_1_154' title='bbox 2421 796 2648 867; x_wconf 88' lang='lat' dir='ltr'><strong>Insuper</strong></span> <span class='ocrx_word' id='word_1_155' title='bbox 2680 811 2778 866; x_wconf 86' lang='lat' dir='ltr'><strong>per</strong></span> <span class='ocrx_word' id='word_1_156' title='bbox 2811 797 2915 851; x_wconf 82' lang='lat' dir='ltr'><strong>hoc</strong></span> <span class='ocrx_word' id='word_1_157' title='bbox 2942 796 3086 864; x_wconf 89' lang='lat' dir='ltr'><strong>quod</strong></span> <span class='ocrx_word' id='word_1_158' title='bbox 3124 808 3317 848; x_wconf 86' lang='lat' dir='ltr'><strong>omnes</strong></span> <span class='ocrx_word' id='word_1_159' title='bbox 3351 809 3497 864; x_wconf 72' lang='lat' dir='ltr'><strong>pra:-</strong></span> 
     </span>
    </p>
   </div>
   <div class='ocr_carea' id='block_1_23' title="bbox 1895 886 3503 958">
    <p class='ocr_par' dir='ltr' id='par_1_23' title="bbox 1895 886 3503 958">
     <span class='ocr_line' id='line_1_23' title="bbox 1895 886 3503 958; baseline -0.003 -14"><span class='ocrx_word' id='word_1_160' title='bbox 1895 888 2044 944; x_wconf 88' lang='lat' dir='ltr'><strong>cedit</strong></span> <span class='ocrx_word' id='word_1_161' title='bbox 2081 898 2137 943; x_wconf 88' lang='lat' dir='ltr'><strong>et</strong></span> <span class='ocrx_word' id='word_1_162' title='bbox 2168 890 2431 958; x_wconf 61' lang='lat' dir='ltr'><strong>prwvenit</strong></span> <span class='ocrx_word' id='word_1_163' title='bbox 2464 890 2517 943; x_wconf 91' lang='lat' dir='ltr'><strong>in</strong></span> <span class='ocrx_word' id='word_1_164' title='bbox 2551 890 2639 943; x_wconf 86' lang='lat' dir='ltr'><strong>via</strong></span> <span class='ocrx_word' id='word_1_165' title='bbox 2671 929 2687 953; x_wconf 91' lang='lat'><strong>,</strong></span> <span class='ocrx_word' id='word_1_166' title='bbox 2735 888 2973 942; x_wconf 87' lang='lat' dir='ltr'><strong>ostendit</strong></span> <span class='ocrx_word' id='word_1_167' title='bbox 3010 889 3155 955; x_wconf 89' lang='lat' dir='ltr'><strong>quod</strong></span> <span class='ocrx_word' id='word_1_168' title='bbox 3187 888 3253 939; x_wconf 90' lang='lat' dir='ltr'><strong>ad</strong></span> <span class='ocrx_word' id='word_1_169' title='bbox 3286 886 3503 954; x_wconf 84' lang='lat' dir='ltr'><strong>passio-</strong></span> 
     </span>
    </p>
   </div>
   <div class='ocr_carea' id='block_1_24' title="bbox 1899 980 3498 1050">
    <p class='ocr_par' dir='ltr' id='par_1_24' title="bbox 1899 980 3498 1050">
     <span class='ocr_line' id='line_1_24' title="bbox 1899 980 3498 1050; baseline -0.002 -17"><span class='ocrx_word' id='word_1_170' title='bbox 1899 993 2023 1033; x_wconf 85' lang='lat' dir='ltr'><strong>nem</strong></span> <span class='ocrx_word' id='word_1_171' title='bbox 2052 992 2397 1046; x_wconf 84' lang='lat' dir='ltr'><strong>accurrat,et</strong></span> <span class='ocrx_word' id='word_1_172' title='bbox 2423 997 2527 1035; x_wconf 91' lang='lat' dir='ltr'><strong>non</strong></span> <span class='ocrx_word' id='word_1_173' title='bbox 2554 980 2729 1050; x_wconf 84' lang='lat' dir='ltr'><strong>fugiat</strong></span> <span class='ocrx_word' id='word_1_174' title='bbox 2756 991 2983 1035; x_wconf 82' lang='lat' dir='ltr'><strong>mortem</strong></span> <span class='ocrx_word' id='word_1_175' title='bbox 3003 989 3227 1048; x_wconf 90' lang='lat' dir='ltr'><strong>propter</strong></span> <span class='ocrx_word' id='word_1_176' title='bbox 3254 988 3498 1033; x_wconf 89' lang='lat' dir='ltr'><strong>nostram</strong></span> 
     </span>
    </p>
   </div>
   <div class='ocr_carea' id='block_1_25' title="bbox 1899 1071 3498 1140">
    <p class='ocr_par' dir='ltr' id='par_1_25' title="bbox 1899 1071 3498 1140">
     <span class='ocr_line' id='line_1_25' title="bbox 1899 1071 3498 1140; baseline -0.001 -14"><span class='ocrx_word' id='word_1_177' title='bbox 1899 1071 2154 1126; x_wconf 90' lang='lat' dir='ltr'><strong>salutem.</strong></span> <span class='ocrx_word' id='word_1_178' title='bbox 2200 1072 2463 1139; x_wconf 89' lang='lat' dir='ltr'><strong>Quamvis</strong></span> <span class='ocrx_word' id='word_1_179' title='bbox 2514 1081 2695 1128; x_wconf 86' lang='lat' dir='ltr'><strong>autem</strong></span> <span class='ocrx_word' id='word_1_180' title='bbox 2734 1074 2899 1126; x_wconf 91' lang='lat' dir='ltr'><strong>multa</strong></span> <span class='ocrx_word' id='word_1_181' title='bbox 2941 1084 3231 1126; x_wconf 88' lang='lat' dir='ltr'><strong>enumerat</strong></span> <span class='ocrx_word' id='word_1_182' title='bbox 3279 1086 3498 1140; x_wconf 86' lang='lat' dir='ltr'><strong>aspera,</strong></span> 
     </span>
    </p>
   </div>
   <div class='ocr_carea' id='block_1_26' title="bbox 1900 1164 3500 1221">
    <p class='ocr_par' dir='ltr' id='par_1_26' title="bbox 1900 1164 3500 1221">
     <span class='ocr_line' id='line_1_26' title="bbox 1900 1164 3500 1221; baseline 0.001 -6"><span class='ocrx_word' id='word_1_183' title='bbox 1900 1164 2146 1217; x_wconf 88' lang='lat' dir='ltr'><strong>omnium</strong></span> <span class='ocrx_word' id='word_1_184' title='bbox 2188 1174 2369 1220; x_wconf 89' lang='lat' dir='ltr'><strong>tamen</strong></span> <span class='ocrx_word' id='word_1_185' title='bbox 2447 1165 2662 1219; x_wconf 89' lang='lat' dir='ltr'><strong>illorum</strong></span> <span class='ocrx_word' id='word_1_186' title='bbox 2723 1164 2997 1219; x_wconf 79' lang='lat' dir='ltr'><strong>sufﬁciens</strong></span> <span class='ocrx_word' id='word_1_187' title='bbox 3061 1164 3369 1221; x_wconf 59' lang='lat' dir='ltr'><strong>consolatio</strong></span> <span class='ocrx_word' id='word_1_188' title='bbox 3416 1172 3500 1218; x_wconf 90' lang='lat' dir='ltr'><strong>est</strong></span> 
     </span>
    </p>
   </div>
   <div class='ocr_carea' id='block_1_27' title="bbox 1902 1256 3031 1325">
    <p class='ocr_par' dir='ltr' id='par_1_27' title="bbox 1902 1256 3031 1325">
     <span class='ocr_line' id='line_1_27' title="bbox 1902 1256 3031 1325; baseline 0.004 -20"><span class='ocrx_word' id='word_1_189' title='bbox 1902 1268 2071 1307; x_wconf 89' lang='lat' dir='ltr'><strong>unum</strong></span> <span class='ocrx_word' id='word_1_190' title='bbox 2107 1256 2232 1322; x_wconf 87' lang='lat' dir='ltr'><strong>hoc,</strong></span> <span class='ocrx_word' id='word_1_191' title='bbox 2264 1257 2406 1324; x_wconf 90' lang='lat' dir='ltr'><strong>quod</strong></span> <span class='ocrx_word' id='word_1_192' title='bbox 2450 1257 2608 1311; x_wconf 90' lang='lat' dir='ltr'><strong>tertia</strong></span> <span class='ocrx_word' id='word_1_193' title='bbox 2640 1256 2729 1310; x_wconf 92' lang='lat' dir='ltr'><strong>die</strong></span> <span class='ocrx_word' id='word_1_194' title='bbox 2761 1266 3031 1325; x_wconf 77' lang='lat' dir='ltr'><strong>resurget.</strong></span> 
     </span>
    </p>
   </div>
   <div class='ocr_carea' id='block_1_28' title="bbox 1900 1346 3499 1420">
    <p class='ocr_par' dir='ltr' id='par_1_28' title="bbox 1900 1346 3499 1420">
     <span class='ocr_line' id='line_1_28' title="bbox 1900 1346 3499 1420; baseline 0.001 -21"><span class='ocrx_word' id='word_1_195' title='bbox 1900 1348 2223 1416; x_wconf 71' lang='grc' dir='ltr'><strong>καταλέγει,</strong></span> <span class='ocrx_word' id='word_1_196' title='bbox 2245 1349 2363 1407; x_wconf 78' lang='grc' dir='ltr'>ἀλλ’</span> <span class='ocrx_word' id='word_1_197' title='bbox 2394 1346 2489 1403; x_wconf 79' lang='grc' dir='ltr'>οὖν</span> <span class='ocrx_word' id='word_1_198' title='bbox 2520 1350 2739 1404; x_wconf 83' lang='grc' dir='ltr'>πάντων</span> <span class='ocrx_word' id='word_1_199' title='bbox 2756 1349 2981 1404; x_wconf 76' lang='grc' dir='ltr'>ἐκείνων</span> <span class='ocrx_word' id='word_1_200' title='bbox 3014 1348 3343 1420; x_wconf 88' lang='grc' dir='ltr'>παραμυθία</span> <span class='ocrx_word' id='word_1_201' title='bbox 3378 1347 3499 1419; x_wconf 89' lang='grc' dir='ltr'>μία,</span> 
     </span>
    </p>
   </div>
   <div class='ocr_carea' id='block_1_29' title="bbox 1973 1518 3501 1586">
    <p class='ocr_par' dir='ltr' id='par_1_29' title="bbox 1973 1518 3501 1586">
     <span class='ocr_line' id='line_1_29' title="bbox 1973 1518 3501 1586; baseline -0.002 -3"><span class='ocrx_word' id='word_1_202' title='bbox 1973 1532 2139 1586; x_wconf 72' lang='lat' dir='ltr'><strong>Vsus.</strong></span> <span class='ocrx_word' id='word_1_203' title='bbox 2176 1528 2373 1584; x_wconf 76' lang='lat'><strong>55-59.</strong></span> <span class='ocrx_word' id='word_1_204' title='bbox 2416 1548 2435 1580; x_wconf 80' lang='grc' dir='ltr'><strong>ι</strong></span> <span class='ocrx_word' id='word_1_205' title='bbox 2473 1518 2537 1581; x_wconf 77' lang='lat' dir='ltr'><strong>Et</strong></span> <span class='ocrx_word' id='word_1_206' title='bbox 2576 1529 2845 1582; x_wconf 87' lang='lat' dir='ltr'><strong>accedunt</strong></span> <span class='ocrx_word' id='word_1_207' title='bbox 2888 1526 2955 1580; x_wconf 87' lang='lat' dir='ltr'><strong>ad</strong></span> <span class='ocrx_word' id='word_1_208' title='bbox 2985 1541 3108 1580; x_wconf 89' lang='lat' dir='ltr'><strong>eum</strong></span> <span class='ocrx_word' id='word_1_209' title='bbox 3164 1525 3404 1580; x_wconf 79' lang='lat' dir='ltr'><strong>Jacobtts</strong></span> <span class='ocrx_word' id='word_1_210' title='bbox 3441 1535 3501 1581; x_wconf 84' lang='lat' dir='ltr'><strong>et</strong></span> 
     </span>
    </p>
   </div>
   <div class='ocr_carea' id='block_1_30' title="bbox 1895 1617 3501 1685">
    <p class='ocr_par' dir='ltr' id='par_1_30' title="bbox 1895 1617 3501 1685">
     <span class='ocr_line' id='line_1_30' title="bbox 1895 1617 3501 1685; baseline -0.003 -8"><span class='ocrx_word' id='word_1_211' title='bbox 1895 1621 2157 1685; x_wconf 79' lang='lat' dir='ltr'><strong>Joannes,</strong></span> <span class='ocrx_word' id='word_1_212' title='bbox 2199 1622 2293 1675; x_wconf 85' lang='lat' dir='ltr'><strong>lilii</strong></span> <span class='ocrx_word' id='word_1_213' title='bbox 2332 1620 2600 1685; x_wconf 69' lang='lat' dir='ltr'><strong>Zebedaai,</strong></span> <span class='ocrx_word' id='word_1_214' title='bbox 2642 1622 2923 1674; x_wconf 86' lang='lat' dir='ltr'><strong>dicentes:</strong></span> <span class='ocrx_word' id='word_1_215' title='bbox 2962 1618 3299 1685; x_wconf 68' lang='lat' dir='ltr'><strong>Praeceptor,</strong></span> <span class='ocrx_word' id='word_1_216' title='bbox 3342 1617 3501 1672; x_wconf 84' lang='lat' dir='ltr'><strong>volu-</strong></span> 
     </span>
    </p>
   </div>
   <div class='ocr_carea' id='block_1_31' title="bbox 1902 1710 3501 1783">
    <p class='ocr_par' dir='ltr' id='par_1_31' title="bbox 1902 1710 3501 1783">
     <span class='ocr_line' id='line_1_31' title="bbox 1902 1710 3501 1783; baseline -0.004 -12"><span class='ocrx_word' id='word_1_217' title='bbox 1902 1731 2025 1771; x_wconf 88' lang='lat' dir='ltr'><strong>mus</strong></span> <span class='ocrx_word' id='word_1_218' title='bbox 2064 1725 2122 1769; x_wconf 90' lang='lat' dir='ltr'><strong>ut</strong></span> <span class='ocrx_word' id='word_1_219' title='bbox 2150 1714 2413 1783; x_wconf 86' lang='lat' dir='ltr'><strong>quidquid</strong></span> <span class='ocrx_word' id='word_1_220' title='bbox 2445 1714 2783 1783; x_wconf 85' lang='lat' dir='ltr'><strong>petierimus,</strong></span> <span class='ocrx_word' id='word_1_221' title='bbox 2829 1712 2997 1765; x_wconf 76' lang='lat' dir='ltr'><strong>facias</strong></span> <span class='ocrx_word' id='word_1_222' title='bbox 3030 1711 3207 1765; x_wconf 83' lang='lat' dir='ltr'><strong>nobis.</strong></span> <span class='ocrx_word' id='word_1_223' title='bbox 3252 1710 3345 1765; x_wconf 92' lang='lat' dir='ltr'><strong>llle</strong></span> <span class='ocrx_word' id='word_1_224' title='bbox 3370 1716 3501 1764; x_wconf 79' lang='lat' dir='ltr'><strong>vero</strong></span> 
     </span>
    </p>
   </div>
   <div class='ocr_carea' id='block_1_32' title="bbox 1908 1802 3499 1871">
    <p class='ocr_par' dir='ltr' id='par_1_32' title="bbox 1908 1802 3499 1871">
     <span class='ocr_line' id='line_1_32' title="bbox 1908 1802 3499 1871; baseline -0.005 -8"><span class='ocrx_word' id='word_1_225' title='bbox 1908 1809 2035 1863; x_wconf 87' lang='lat' dir='ltr'><strong>dicit</strong></span> <span class='ocrx_word' id='word_1_226' title='bbox 2064 1808 2145 1861; x_wconf 87' lang='lat' dir='ltr'><strong>eis</strong></span> <span class='ocrx_word' id='word_1_227' title='bbox 2174 1824 2188 1860; x_wconf 90' lang='lat'><strong>:</strong></span> <span class='ocrx_word' id='word_1_228' title='bbox 2218 1805 2358 1871; x_wconf 87' lang='lat' dir='ltr'><strong>Quid</strong></span> <span class='ocrx_word' id='word_1_229' title='bbox 2407 1820 2493 1859; x_wconf 86' lang='lat' dir='ltr'><strong>tne</strong></span> <span class='ocrx_word' id='word_1_230' title='bbox 2526 1804 2687 1859; x_wconf 81' lang='lat' dir='ltr'><strong>vultis</strong></span> <span class='ocrx_word' id='word_1_231' title='bbox 2709 1804 2886 1857; x_wconf 80' lang='lat' dir='ltr'><strong>facere</strong></span> <span class='ocrx_word' id='word_1_232' title='bbox 2919 1803 3102 1857; x_wconf 76' lang='lat' dir='ltr'><strong>vobis?</strong></span> <span class='ocrx_word' id='word_1_233' title='bbox 3149 1802 3224 1856; x_wconf 89' lang='lat' dir='ltr'><strong>Illi</strong></span> <span class='ocrx_word' id='word_1_234' title='bbox 3260 1818 3388 1856; x_wconf 86' lang='lat' dir='ltr'><strong>vero</strong></span> <span class='ocrx_word' id='word_1_235' title='bbox 3415 1802 3499 1856; x_wconf 89' lang='lat' dir='ltr'><strong>di-</strong></span> 
     </span>
    </p>
   </div>
   <div class='ocr_carea' id='block_1_33' title="bbox 193 1890 1791 1967">
    <p class='ocr_par' dir='ltr' id='par_1_33' title="bbox 193 1890 1791 1967">
     <span class='ocr_line' id='line_1_33' title="bbox 193 1890 1791 1967; baseline 0.001 -16"><span class='ocrx_word' id='word_1_236' title='bbox 193 1898 289 1960; x_wconf 67' lang='grc' dir='ltr'><strong>Δὸς</strong></span> <span class='ocrx_word' id='word_1_237' title='bbox 320 1897 457 1967; x_wconf 80' lang='grc' dir='ltr'>ἡμῖν</span> <span class='ocrx_word' id='word_1_238' title='bbox 497 1896 584 1950; x_wconf 74' lang='grc' dir='ltr'>ἵνα</span> <span class='ocrx_word' id='word_1_239' title='bbox 606 1890 687 1956; x_wconf 73' lang='grc' dir='ltr'><strong>εἷς</strong></span> <span class='ocrx_word' id='word_1_240' title='bbox 707 1897 772 1949; x_wconf 69' lang='lat' dir='ltr'><strong>lx</strong></span> <span class='ocrx_word' id='word_1_241' title='bbox 795 1896 986 1962; x_wconf 79' lang='grc' dir='ltr'>δεξιῶν</span> <span class='ocrx_word' id='word_1_242' title='bbox 1020 1915 1135 1963; x_wconf 86' lang='grc' dir='ltr'>σου,</span> <span class='ocrx_word' id='word_1_243' title='bbox 1163 1899 1259 1952; x_wconf 83' lang='grc' dir='ltr'>καὶ</span> <span class='ocrx_word' id='word_1_244' title='bbox 1286 1894 1366 1961; x_wconf 74' lang='grc' dir='ltr'>εἷς</span> <span class='ocrx_word' id='word_1_245' title='bbox 1398 1898 1457 1966; x_wconf 76' lang='grc' dir='ltr'>ἐξ</span> <span class='ocrx_word' id='word_1_246' title='bbox 1494 1899 1791 1967; x_wconf 76' lang='grc' dir='ltr'>εὐωνύμων</span> 
     </span>
    </p>
   </div>
   <div class='ocr_carea' id='block_1_34' title="bbox 1902 1890 3500 1967">
    <p class='ocr_par' dir='ltr' id='par_1_34' title="bbox 1902 1892 3500 1956">
     <span class='ocr_line' id='line_1_34' title="bbox 1902 1892 3500 1956; baseline -0.003 -4"><span class='ocrx_word' id='word_1_247' title='bbox 1902 1909 2099 1953; x_wconf 79' lang='lat' dir='ltr'><strong>xerunt</strong></span> <span class='ocrx_word' id='word_1_248' title='bbox 2130 1898 2179 1951; x_wconf 93' lang='lat' dir='ltr'><strong>ei</strong></span> <span class='ocrx_word' id='word_1_249' title='bbox 2218 1917 2232 1953; x_wconf 74' lang='grc' dir='ltr'>ς</span> <span class='ocrx_word' id='word_1_250' title='bbox 2270 1897 2344 1950; x_wconf 89' lang='lat' dir='ltr'><strong>Da</strong></span> <span class='ocrx_word' id='word_1_251' title='bbox 2378 1899 2536 1951; x_wconf 86' lang='lat' dir='ltr'><strong>nobis</strong></span> <span class='ocrx_word' id='word_1_252' title='bbox 2567 1909 2624 1949; x_wconf 92' lang='lat' dir='ltr'><strong>ut</strong></span> <span class='ocrx_word' id='word_1_253' title='bbox 2655 1912 2796 1950; x_wconf 88' lang='lat' dir='ltr'><strong>unus</strong></span> <span class='ocrx_word' id='word_1_254' title='bbox 2833 1895 2925 1947; x_wconf 82' lang='lat' dir='ltr'><strong>ubi</strong></span> <span class='ocrx_word' id='word_1_255' title='bbox 2957 1912 2985 1947; x_wconf 85' lang='lat' dir='ltr'><strong>a</strong></span> <span class='ocrx_word' id='word_1_256' title='bbox 3013 1895 3243 1956; x_wconf 83' lang='lat' dir='ltr'><strong>dextris,</strong></span> <span class='ocrx_word' id='word_1_257' title='bbox 3275 1902 3330 1948; x_wconf 88' lang='lat' dir='ltr'><strong>et</strong></span> <span class='ocrx_word' id='word_1_258' title='bbox 3361 1892 3500 1949; x_wconf 89' lang='lat' dir='ltr'><strong>alter</strong></span> 
     </span>
    </p>
   </div>
   <div class='ocr_carea' id='block_1_35' title="bbox 195 1985 1792 2061">
    <p class='ocr_par' dir='ltr' id='par_1_35' title="bbox 195 1985 1792 2061">
     <span class='ocr_line' id='line_1_35' title="bbox 195 1985 1792 2061; baseline 0.001 -20"><span class='ocrx_word' id='word_1_259' title='bbox 195 2002 289 2041; x_wconf 81' lang='grc' dir='ltr'><strong>σου</strong></span> <span class='ocrx_word' id='word_1_260' title='bbox 323 1985 660 2057; x_wconf 77' lang='grc' dir='ltr'>καθήσωμεν</span> <span class='ocrx_word' id='word_1_261' title='bbox 694 1989 754 2038; x_wconf 72' lang='grc' dir='ltr'><strong>εν</strong></span> <span class='ocrx_word' id='word_1_262' title='bbox 785 1991 853 2057; x_wconf 76' lang='grc' dir='ltr'>τῇ</span> <span class='ocrx_word' id='word_1_263' title='bbox 883 1986 1009 2059; x_wconf 77' lang='grc' dir='ltr'>δόξῃ</span> <span class='ocrx_word' id='word_1_264' title='bbox 1036 2006 1156 2043; x_wconf 91' lang='grc' dir='ltr'>σου.</span> <span class='ocrx_word' id='word_1_265' title='bbox 1200 1989 1259 2043; x_wconf 86' lang='lat'><strong>&#39;0</strong></span> <span class='ocrx_word' id='word_1_266' title='bbox 1296 1990 1353 2045; x_wconf 69' lang='grc' dir='ltr'>δι</span> <span class='ocrx_word' id='word_1_267' title='bbox 1394 1989 1606 2061; x_wconf 80' lang='grc' dir='ltr'>Ἰησοῦς</span> <span class='ocrx_word' id='word_1_268' title='bbox 1634 1986 1792 2044; x_wconf 89' lang='grc' dir='ltr'>εῖπεν</span> 
     </span>
    </p>
   </div>
   <div class='ocr_carea' id='block_1_36' title="bbox 194 2078 1793 2144">
    <p class='ocr_par' dir='ltr' id='par_1_36' title="bbox 194 2078 1793 2144">
     <span class='ocr_line' id='line_1_36' title="bbox 194 2078 1793 2144; baseline 0.002 -11"><span class='ocrx_word' id='word_1_269' title='bbox 194 2080 404 2144; x_wconf 81' lang='grc' dir='ltr'>αὐτοῖς’</span> <span class='ocrx_word' id='word_1_270' title='bbox 427 2080 543 2132; x_wconf 83' lang='grc' dir='ltr'><strong>οὐκ</strong></span> <span class='ocrx_word' id='word_1_271' title='bbox 570 2078 752 2133; x_wconf 86' lang='grc' dir='ltr'>οίδατε</span> <span class='ocrx_word' id='word_1_272' title='bbox 781 2080 835 2132; x_wconf 88' lang='grc' dir='ltr'><strong>τί</strong></span> <span class='ocrx_word' id='word_1_273' title='bbox 853 2081 1121 2135; x_wconf 88' lang='grc' dir='ltr'>αίτεῖσθε.</span> <span class='ocrx_word' id='word_1_274' title='bbox 1147 2081 1392 2135; x_wconf 86' lang='grc' dir='ltr'>Δύνασθε</span> <span class='ocrx_word' id='word_1_275' title='bbox 1421 2085 1568 2136; x_wconf 81' lang='grc' dir='ltr'>πιεῖν</span> <span class='ocrx_word' id='word_1_276' title='bbox 1598 2084 1660 2137; x_wconf 84' lang='grc' dir='ltr'>τὸ</span> <span class='ocrx_word' id='word_1_277' title='bbox 1691 2100 1793 2136; x_wconf 89' lang='grc' dir='ltr'>πο-</span> 
     </span>
    </p>
   </div>
   <div class='ocr_carea' id='block_1_37' title="bbox 192 2170 1787 2245">
    <p class='ocr_par' dir='ltr' id='par_1_37' title="bbox 192 2170 1787 2245">
     <span class='ocr_line' id='line_1_37' title="bbox 192 2170 1787 2245; baseline 0.003 -22"><span class='ocrx_word' id='word_1_278' title='bbox 192 2172 383 2243; x_wconf 84' lang='grc' dir='ltr'>τήριον</span> <span class='ocrx_word' id='word_1_279' title='bbox 406 2170 437 2224; x_wconf 87' lang='grc' dir='ltr'><strong>δ</strong></span> <span class='ocrx_word' id='word_1_280' title='bbox 458 2170 572 2238; x_wconf 61' lang='grc' dir='ltr'><strong>ἐγὼ</strong></span> <span class='ocrx_word' id='word_1_281' title='bbox 599 2170 764 2236; x_wconf 87' lang='grc' dir='ltr'>πίνω,</span> <span class='ocrx_word' id='word_1_282' title='bbox 792 2172 892 2225; x_wconf 76' lang='grc' dir='ltr'><strong>καὶ</strong></span> <span class='ocrx_word' id='word_1_283' title='bbox 919 2172 980 2225; x_wconf 80' lang='grc' dir='ltr'>τὸ</span> <span class='ocrx_word' id='word_1_284' title='bbox 1008 2172 1298 2245; x_wconf 82' lang='grc' dir='ltr'>βάπτισμα</span> <span class='ocrx_word' id='word_1_285' title='bbox 1327 2174 1357 2227; x_wconf 88' lang='grc' dir='ltr'><strong>δ</strong></span> <span class='ocrx_word' id='word_1_286' title='bbox 1384 2174 1495 2242; x_wconf 75' lang='grc' dir='ltr'>ἐγὼ</span> <span class='ocrx_word' id='word_1_287' title='bbox 1525 2173 1787 2244; x_wconf 79' lang='grc' dir='ltr'>βαπτίζο-</span> 
     </span>
    </p>
   </div>
   <div class='ocr_carea' id='block_1_38' title="bbox 196 2260 1781 2337">
    <p class='ocr_par' dir='ltr' id='par_1_38' title="bbox 196 2260 1781 2337">
     <span class='ocr_line' id='line_1_38' title="bbox 196 2260 1781 2337; baseline 0.002 -21"><span class='ocrx_word' id='word_1_288' title='bbox 196 2280 315 2332; x_wconf 87' lang='grc' dir='ltr'>μαι,</span> <span class='ocrx_word' id='word_1_289' title='bbox 346 2262 722 2333; x_wconf 81' lang='grc' dir='ltr'>βαπτισθῆναι</span> <span class='ocrx_word' id='word_1_290' title='bbox 747 2281 765 2331; x_wconf 89' lang='grc'>;</span> <span class='ocrx_word' id='word_1_291' title='bbox 792 2263 857 2317; x_wconf 83' lang='grc' dir='ltr'><strong>Οἳ</strong></span> <span class='ocrx_word' id='word_1_292' title='bbox 912 2265 971 2319; x_wconf 68' lang='grc' dir='ltr'>δὲ</span> <span class='ocrx_word' id='word_1_293' title='bbox 1020 2260 1173 2319; x_wconf 74' lang='grc' dir='ltr'>εἷπον</span> <span class='ocrx_word' id='word_1_294' title='bbox 1228 2267 1401 2337; x_wconf 77' lang='grc' dir='ltr'>αὐτῷ’</span> <span class='ocrx_word' id='word_1_295' title='bbox 1436 2268 1781 2336; x_wconf 76' lang='grc' dir='ltr'>Δυνάμεθα.»</span> 
     </span>
    </p>
   </div>
   <div class='ocr_carea' id='block_1_39' title="bbox 196 2354 1790 2430">
    <p class='ocr_par' dir='ltr' id='par_1_39' title="bbox 196 2354 1790 2430">
     <span class='ocr_line' id='line_1_39' title="bbox 196 2354 1790 2430; baseline 0.005 -25"><span class='ocrx_word' id='word_1_296' title='bbox 196 2354 388 2418; x_wconf 84' lang='grc' dir='ltr'>’Δλλος</span> <span class='ocrx_word' id='word_1_297' title='bbox 406 2354 807 2425; x_wconf 82' lang='grc' dir='ltr'>εύαγγελιστής</span> <span class='ocrx_word' id='word_1_298' title='bbox 828 2372 997 2425; x_wconf 84' lang='grc' dir='ltr'>φησιν</span> <span class='ocrx_word' id='word_1_299' title='bbox 1013 2358 1095 2410; x_wconf 78' lang='grc' dir='ltr'>ὅτι</span> <span class='ocrx_word' id='word_1_300' title='bbox 1126 2360 1161 2429; x_wconf 87' lang='grc' dir='ltr'><strong>ή</strong></span> <span class='ocrx_word' id='word_1_301' title='bbox 1197 2360 1383 2430; x_wconf 83' lang='grc' dir='ltr'>μήτηρ</span> <span class='ocrx_word' id='word_1_302' title='bbox 1404 2360 1586 2413; x_wconf 88' lang='grc' dir='ltr'>αὐτῶν</span> <span class='ocrx_word' id='word_1_303' title='bbox 1616 2377 1790 2430; x_wconf 91' lang='grc' dir='ltr'>προσ-</span> 
     </span>
    </p>
   </div>
   <div class='ocr_carea' id='block_1_40' title="bbox 191 2445 1795 2522">
    <p class='ocr_par' dir='ltr' id='par_1_40' title="bbox 191 2445 1795 2522">
     <span class='ocr_line' id='line_1_40' title="bbox 191 2445 1795 2522; baseline 0.005 -24"><span class='ocrx_word' id='word_1_304' title='bbox 191 2447 323 2517; x_wconf 80' lang='grc' dir='ltr'>ῆλθε</span> <span class='ocrx_word' id='word_1_305' title='bbox 366 2445 448 2517; x_wconf 74' lang='grc' dir='ltr'><strong>τῷ</strong></span> <span class='ocrx_word' id='word_1_306' title='bbox 486 2445 734 2517; x_wconf 75' lang='grc' dir='ltr'>Χριστῷ.</span> <span class='ocrx_word' id='word_1_307' title='bbox 791 2448 950 2513; x_wconf 76' lang='grc' dir='ltr'>Εἰκὸς</span> <span class='ocrx_word' id='word_1_308' title='bbox 1003 2449 1065 2505; x_wconf 75' lang='grc' dir='ltr'><strong>δι</strong></span> <span class='ocrx_word' id='word_1_309' title='bbox 1104 2453 1277 2506; x_wconf 67' lang='grc' dir='ltr'>σεστιν</span> <span class='ocrx_word' id='word_1_310' title='bbox 1309 2452 1601 2522; x_wconf 83' lang='grc' dir='ltr'>ἀμφότερα</span> <span class='ocrx_word' id='word_1_311' title='bbox 1642 2452 1795 2521; x_wconf 80' lang='grc' dir='ltr'>γενέ-</span> 
     </span>
    </p>
   </div>
   <div class='ocr_carea' id='block_1_41' title="bbox 192 2542 1789 2615">
    <p class='ocr_par' dir='ltr' id='par_1_41' title="bbox 192 2542 1789 2615">
     <span class='ocr_line' id='line_1_41' title="bbox 192 2542 1789 2615; baseline 0.002 -20"><span class='ocrx_word' id='word_1_312' title='bbox 192 2542 351 2595; x_wconf 78' lang='grc' dir='ltr'>σθαι·</span> <span class='ocrx_word' id='word_1_313' title='bbox 388 2544 639 2607; x_wconf 76' lang='grc' dir='ltr'>καὶτοὺς</span> <span class='ocrx_word' id='word_1_314' title='bbox 692 2544 1027 2608; x_wconf 78' lang='grc' dir='ltr'>ἀποστόλους</span> <span class='ocrx_word' id='word_1_315' title='bbox 1097 2544 1522 2615; x_wconf 70' lang='grc' dir='ltr'>αἰσχυνομένως</span> <span class='ocrx_word' id='word_1_316' title='bbox 1575 2545 1789 2615; x_wconf 75' lang='grc' dir='ltr'>προδα-</span> 
     </span>
    </p>
   </div>
   <div class='ocr_carea' id='block_1_42' title="bbox 190 2633 1791 2709">
    <p class='ocr_par' dir='ltr' id='par_1_42' title="bbox 190 2633 1791 2709">
     <span class='ocr_line' id='line_1_42' title="bbox 190 2633 1791 2709; baseline 0.003 -22"><span class='ocrx_word' id='word_1_317' title='bbox 190 2634 381 2688; x_wconf 74' lang='grc' dir='ltr'>λεσθαι</span> <span class='ocrx_word' id='word_1_318' title='bbox 414 2638 516 2705; x_wconf 77' lang='grc' dir='ltr'><strong>τήν</strong></span> <span class='ocrx_word' id='word_1_319' title='bbox 550 2636 763 2707; x_wconf 74' lang='grc' dir='ltr'>μητέρα</span> <span class='ocrx_word' id='word_1_320' title='bbox 789 2636 969 2690; x_wconf 88' lang='grc' dir='ltr'>αὐτῶν</span> <span class='ocrx_word' id='word_1_321' title='bbox 991 2677 1005 2702; x_wconf 92' lang='grc'><strong>,</strong></span> <span class='ocrx_word' id='word_1_322' title='bbox 1038 2633 1163 2691; x_wconf 78' lang='grc' dir='ltr'>εἶτα</span> <span class='ocrx_word' id='word_1_323' title='bbox 1194 2637 1292 2691; x_wconf 75' lang='grc' dir='ltr'>καὶ</span> <span class='ocrx_word' id='word_1_324' title='bbox 1325 2638 1525 2701; x_wconf 69' lang='grc' dir='ltr'>αύτούς</span> <span class='ocrx_word' id='word_1_325' title='bbox 1549 2638 1791 2709; x_wconf 74' lang='grc' dir='ltr'>προσελε-</span> 
     </span>
    </p>
   </div>
   <div class='ocr_carea' id='block_1_43' title="bbox 192 2725 1790 2801">
    <p class='ocr_par' dir='ltr' id='par_1_43' title="bbox 192 2725 1790 2801">
     <span class='ocr_line' id='line_1_43' title="bbox 192 2725 1790 2801; baseline 0.003 -23"><span class='ocrx_word' id='word_1_326' title='bbox 192 2725 306 2779; x_wconf 83' lang='grc' dir='ltr'>θεῖν</span> <span class='ocrx_word' id='word_1_327' title='bbox 364 2726 514 2797; x_wconf 71' lang='grc' dir='ltr'>ίδίᾳο</span> <span class='ocrx_word' id='word_1_328' title='bbox 555 2727 636 2780; x_wconf 84' lang='grc' dir='ltr'>διὸ</span> <span class='ocrx_word' id='word_1_329' title='bbox 683 2730 781 2781; x_wconf 79' lang='grc' dir='ltr'>καὶ</span> <span class='ocrx_word' id='word_1_330' title='bbox 830 2730 859 2783; x_wconf 84' lang='grc' dir='ltr'>ὁ</span> <span class='ocrx_word' id='word_1_331' title='bbox 910 2729 1311 2801; x_wconf 82' lang='grc' dir='ltr'>εὐαγγελιστὴς</span> <span class='ocrx_word' id='word_1_332' title='bbox 1360 2731 1790 2800; x_wconf 74' lang='grc' dir='ltr'>ἐπισημαίνεται</span> 
     </span>
    </p>
   </div>
   <div class='ocr_carea' id='block_1_44' title="bbox 190 2819 1792 2893">
    <p class='ocr_par' dir='ltr' id='par_1_44' title="bbox 190 2819 1792 2893">
     <span class='ocr_line' id='line_1_44' title="bbox 190 2819 1792 2893; baseline 0.002 -22"><span class='ocrx_word' id='word_1_333' title='bbox 190 2819 370 2885; x_wconf 76' lang='grc' dir='ltr'>τοῦτο,</span> <span class='ocrx_word' id='word_1_334' title='bbox 398 2819 607 2888; x_wconf 72' lang='grc' dir='ltr'>λέγων’</span> <span class='ocrx_word' id='word_1_335' title='bbox 636 2822 1140 2892; x_wconf 86' lang='grc' dir='ltr'>Προσπορεύονται.</span> <span class='ocrx_word' id='word_1_336' title='bbox 1172 2824 1295 2878; x_wconf 76' lang='grc' dir='ltr'>ἀντὶ</span> <span class='ocrx_word' id='word_1_337' title='bbox 1326 2823 1443 2892; x_wconf 86' lang='grc' dir='ltr'>τοῦ,</span> <span class='ocrx_word' id='word_1_338' title='bbox 1482 2824 1589 2893; x_wconf 80' lang='grc' dir='ltr'>ίδία</span> <span class='ocrx_word' id='word_1_339' title='bbox 1622 2840 1792 2893; x_wconf 90' lang='grc' dir='ltr'>προσ-</span> 
     </span>
    </p>
   </div>
   <div class='ocr_carea' id='block_1_45' title="bbox 190 2910 1793 2984">
    <p class='ocr_par' dir='ltr' id='par_1_45' title="bbox 190 2910 1793 2984">
     <span class='ocr_line' id='line_1_45' title="bbox 190 2910 1793 2984; baseline 0.001 -20"><span class='ocrx_word' id='word_1_340' title='bbox 190 2910 471 2979; x_wconf 65' lang='grc' dir='ltr'>έρχονται,</span> <span class='ocrx_word' id='word_1_341' title='bbox 525 2910 638 2963; x_wconf 88' lang='grc' dir='ltr'><strong>τῶν</strong></span> <span class='ocrx_word' id='word_1_342' title='bbox 700 2912 879 2966; x_wconf 71' lang='grc' dir='ltr'>ἄλλων</span> <span class='ocrx_word' id='word_1_343' title='bbox 912 2913 1417 2981; x_wconf 83' lang='grc' dir='ltr'>ἀποχωρισθέντες.</span> <span class='ocrx_word' id='word_1_344' title='bbox 1462 2914 1530 2966; x_wconf 86' lang='grc' dir='ltr'>Τί</span> <span class='ocrx_word' id='word_1_345' title='bbox 1570 2914 1627 2967; x_wconf 78' lang='grc' dir='ltr'>δὲ</span> <span class='ocrx_word' id='word_1_346' title='bbox 1672 2910 1793 2984; x_wconf 81' lang='grc' dir='ltr'>ἧνδ</span> 
     </span>
    </p>
   </div>
   <div class='ocr_carea' id='block_1_46' title="bbox 189 3001 1790 3074">
    <p class='ocr_par' dir='ltr' id='par_1_46' title="bbox 189 3001 1790 3074">
     <span class='ocr_line' id='line_1_46' title="bbox 189 3001 1790 3074; baseline 0.002 -21"><span class='ocrx_word' id='word_1_347' title='bbox 189 3001 437 3073; x_wconf 65' lang='grc' dir='ltr'>ᾐτοῦντο,</span> <span class='ocrx_word' id='word_1_348' title='bbox 471 3001 759 3073; x_wconf 80' lang='grc' dir='ltr'>μάθωμεν.</span> <span class='ocrx_word' id='word_1_349' title='bbox 790 3003 1079 3072; x_wconf 77' lang='grc' dir='ltr'>Ἐνόμιζον</span> <span class='ocrx_word' id='word_1_350' title='bbox 1109 3003 1193 3056; x_wconf 82' lang='grc' dir='ltr'>ὅτι</span> <span class='ocrx_word' id='word_1_351' title='bbox 1222 3004 1383 3057; x_wconf 82' lang='grc' dir='ltr'>τοῦτο</span> <span class='ocrx_word' id='word_1_352' title='bbox 1421 3003 1450 3055; x_wconf 81' lang='grc' dir='ltr'><strong>δ</strong></span> <span class='ocrx_word' id='word_1_353' title='bbox 1494 3003 1790 3074; x_wconf 78' lang='grc' dir='ltr'>ἀνέρχεται</span> 
     </span>
    </p>
   </div>
   <div class='ocr_carea' id='block_1_47' title="bbox 188 3091 1795 3165">
    <p class='ocr_par' dir='ltr' id='par_1_47' title="bbox 188 3091 1795 3165">
     <span class='ocr_line' id='line_1_47' title="bbox 188 3091 1795 3165; baseline 0.002 -21"><span class='ocrx_word' id='word_1_354' title='bbox 188 3094 271 3155; x_wconf 83' lang='grc' dir='ltr'><strong>είς</strong></span> <span class='ocrx_word' id='word_1_355' title='bbox 306 3091 679 3162; x_wconf 82' lang='grc' dir='ltr'>Ἱεροσόλυμα,</span> <span class='ocrx_word' id='word_1_356' title='bbox 704 3092 795 3145; x_wconf 81' lang='grc' dir='ltr'>διὰ</span> <span class='ocrx_word' id='word_1_357' title='bbox 822 3094 883 3144; x_wconf 76' lang='grc' dir='ltr'>τὸ</span> <span class='ocrx_word' id='word_1_358' title='bbox 908 3092 1257 3163; x_wconf 82' lang='grc' dir='ltr'>βασιλεύσειν</span> <span class='ocrx_word' id='word_1_359' title='bbox 1276 3094 1571 3165; x_wconf 80' lang='grc' dir='ltr'>ἀνέρχεται</span> <span class='ocrx_word' id='word_1_360' title='bbox 1598 3094 1795 3164; x_wconf 82' lang='grc' dir='ltr'>αίσθη-</span> 
     </span>
    </p>
   </div>
   <div class='ocr_carea' id='block_1_48' title="bbox 188 3179 1790 3252">
    <p class='ocr_par' dir='ltr' id='par_1_48' title="bbox 188 3179 1790 3252">
     <span class='ocr_line' id='line_1_48' title="bbox 188 3179 1790 3252; baseline 0.002 -20"><span class='ocrx_word' id='word_1_361' title='bbox 188 3180 289 3252; x_wconf 78' lang='grc' dir='ltr'>τὴν</span> <span class='ocrx_word' id='word_1_362' title='bbox 318 3179 619 3250; x_wconf 82' lang='grc' dir='ltr'>βασιλείαν.</span> <span class='ocrx_word' id='word_1_363' title='bbox 647 3182 757 3235; x_wconf 74' lang='grc' dir='ltr'><strong>Καὶ</strong></span> <span class='ocrx_word' id='word_1_364' title='bbox 782 3182 924 3251; x_wconf 87' lang='grc' dir='ltr'><strong>μετά</strong></span> <span class='ocrx_word' id='word_1_365' title='bbox 951 3182 1014 3234; x_wconf 82' lang='grc' dir='ltr'><strong>τὺ</strong></span> <span class='ocrx_word' id='word_1_366' title='bbox 1030 3182 1371 3251; x_wconf 89' lang='grc' dir='ltr'>βασιλεῦσαι,</span> <span class='ocrx_word' id='word_1_367' title='bbox 1393 3184 1515 3235; x_wconf 88' lang='grc' dir='ltr'>τότε</span> <span class='ocrx_word' id='word_1_368' title='bbox 1539 3183 1790 3237; x_wconf 82' lang='grc' dir='ltr'>πείσεται</span> 
     </span>
    </p>
   </div>
   <div class='ocr_carea' id='block_1_49' title="bbox 188 3271 1782 3343">
    <p class='ocr_par' dir='ltr' id='par_1_49' title="bbox 188 3271 1782 3343">
     <span class='ocr_line' id='line_1_49' title="bbox 188 3271 1782 3343; baseline 0.002 -16"><span class='ocrx_word' id='word_1_369' title='bbox 188 3271 225 3327; x_wconf 73' lang='grc' dir='ltr'>ἃ</span> <span class='ocrx_word' id='word_1_370' title='bbox 258 3272 458 3343; x_wconf 63' lang='grc' dir='ltr'>ἔμελλε</span> <span class='ocrx_word' id='word_1_371' title='bbox 514 3274 729 3328; x_wconf 91' lang='grc' dir='ltr'>παθεῖν.</span> <span class='ocrx_word' id='word_1_372' title='bbox 769 3272 960 3329; x_wconf 88' lang='grc' dir='ltr'>Ταῦτα</span> <span class='ocrx_word' id='word_1_373' title='bbox 998 3271 1093 3328; x_wconf 86' lang='grc' dir='ltr'><strong>οῦν</strong></span> <span class='ocrx_word' id='word_1_374' title='bbox 1122 3275 1459 3341; x_wconf 72' lang='grc' dir='ltr'>ἐννοοῦντες,</span> <span class='ocrx_word' id='word_1_375' title='bbox 1499 3275 1782 3330; x_wconf 74' lang='grc' dir='ltr'>αἰτοῦνται</span> 
     </span>
    </p>
   </div>
   <div class='ocr_carea' id='block_1_50' title="bbox 190 3367 1787 3443">
    <p class='ocr_par' dir='ltr' id='par_1_50' title="bbox 190 3367 1787 3443">
     <span class='ocr_line' id='line_1_50' title="bbox 190 3367 1787 3443; baseline 0.003 -22"><span class='ocrx_word' id='word_1_376' title='bbox 190 3367 290 3421; x_wconf 76' lang='grc' dir='ltr'>καὶ</span> <span class='ocrx_word' id='word_1_377' title='bbox 338 3368 439 3437; x_wconf 82' lang='grc' dir='ltr'>τὴν</span> <span class='ocrx_word' id='word_1_378' title='bbox 471 3369 538 3421; x_wconf 71' lang='lat' dir='ltr'><strong>lx</strong></span> <span class='ocrx_word' id='word_1_379' title='bbox 567 3368 760 3436; x_wconf 74' lang='grc' dir='ltr'>δεξιῶν</span> <span class='ocrx_word' id='word_1_380' title='bbox 802 3370 899 3423; x_wconf 71' lang='grc' dir='ltr'>καὶ</span> <span class='ocrx_word' id='word_1_381' title='bbox 929 3371 1033 3440; x_wconf 81' lang='grc' dir='ltr'>τὴν</span> <span class='ocrx_word' id='word_1_382' title='bbox 1070 3372 1129 3437; x_wconf 76' lang='grc' dir='ltr'>ἐξ</span> <span class='ocrx_word' id='word_1_383' title='bbox 1154 3371 1454 3441; x_wconf 80' lang='grc' dir='ltr'>εὐωνύμων</span> <span class='ocrx_word' id='word_1_384' title='bbox 1492 3372 1787 3443; x_wconf 62' lang='grc' dir='ltr'>καθέδραν</span> 
     </span>
    </p>
   </div>
   <div class='ocr_carea' id='block_1_51' title="bbox 189 3457 1792 3535">
    <p class='ocr_par' dir='ltr' id='par_1_51' title="bbox 189 3457 1792 3535">
     <span class='ocr_line' id='line_1_51' title="bbox 189 3457 1792 3535; baseline 0.005 -24"><span class='ocrx_word' id='word_1_385' title='bbox 189 3457 273 3512; x_wconf 82' lang='grc' dir='ltr'>διὸ</span> <span class='ocrx_word' id='word_1_386' title='bbox 300 3460 399 3512; x_wconf 73' lang='grc' dir='ltr'>καὶ</span> <span class='ocrx_word' id='word_1_387' title='bbox 428 3461 457 3513; x_wconf 83' lang='grc' dir='ltr'><strong>ὁ</strong></span> <span class='ocrx_word' id='word_1_388' title='bbox 494 3460 707 3531; x_wconf 84' lang='grc' dir='ltr'>Κύριος</span> <span class='ocrx_word' id='word_1_389' title='bbox 734 3463 967 3534; x_wconf 71' lang='grc' dir='ltr'>ἐπιτιμᾷ</span> <span class='ocrx_word' id='word_1_390' title='bbox 996 3463 1184 3526; x_wconf 87' lang='grc' dir='ltr'>αὐτοῖς</span> <span class='ocrx_word' id='word_1_391' title='bbox 1210 3464 1287 3526; x_wconf 84' lang='grc' dir='ltr'>ὡς</span> <span class='ocrx_word' id='word_1_392' title='bbox 1326 3465 1557 3533; x_wconf 85' lang='grc' dir='ltr'>ἀνόητόν</span> <span class='ocrx_word' id='word_1_393' title='bbox 1602 3481 1653 3517; x_wconf 87' lang='grc' dir='ltr'><strong>τι</strong></span> <span class='ocrx_word' id='word_1_394' title='bbox 1694 3466 1792 3535; x_wconf 66' lang='lat'><strong>(11-</strong></span> 
     </span>
    </p>
   </div>
   <div class='ocr_carea' id='block_1_52' title="bbox 190 3552 1793 3635">
    <p class='ocr_par' dir='ltr' id='par_1_52' title="bbox 190 3552 1793 3635">
     <span class='ocr_line' id='line_1_52' title="bbox 190 3552 1793 3635; baseline 0.004 -30"><span class='ocrx_word' id='word_1_395' title='bbox 190 3552 396 3608; x_wconf 84' lang='grc' dir='ltr'>τοῦσιν.</span> <span class='ocrx_word' id='word_1_396' title='bbox 419 3554 537 3607; x_wconf 82' lang='grc' dir='ltr'><strong>Οὐκ</strong></span> <span class='ocrx_word' id='word_1_397' title='bbox 563 3555 742 3608; x_wconf 86' lang='grc' dir='ltr'>οίδατε</span> <span class='ocrx_word' id='word_1_398' title='bbox 766 3557 898 3628; x_wconf 88' lang='grc' dir='ltr'><strong>γάρ,</strong></span> <span class='ocrx_word' id='word_1_399' title='bbox 929 3559 1087 3627; x_wconf 78' lang='grc' dir='ltr'>φησὶ,</span> <span class='ocrx_word' id='word_1_400' title='bbox 1105 3559 1160 3610; x_wconf 90' lang='grc' dir='ltr'><strong>τί</strong></span> <span class='ocrx_word' id='word_1_401' title='bbox 1176 3558 1441 3613; x_wconf 74' lang='grc' dir='ltr'>αἰτεῖσθε.</span> <span class='ocrx_word' id='word_1_402' title='bbox 1474 3557 1667 3628; x_wconf 85' lang='grc' dir='ltr'>Ὑμεῖς</span> <span class='ocrx_word' id='word_1_403' title='bbox 1683 3560 1793 3635; x_wconf 75' lang='grc' dir='ltr'><strong>γὰρ</strong></span> 
     </span>
    </p>
   </div>
   <div class='ocr_carea' id='block_1_53' title="bbox 190 3645 1792 3721">
    <p class='ocr_par' dir='ltr' id='par_1_53' title="bbox 190 3645 1792 3721">
     <span class='ocr_line' id='line_1_53' title="bbox 190 3645 1792 3721; baseline 0.005 -24"><span class='ocrx_word' id='word_1_404' title='bbox 190 3647 447 3715; x_wconf 77' lang='grc' dir='ltr'>νομίζετε</span> <span class='ocrx_word' id='word_1_405' title='bbox 494 3647 767 3719; x_wconf 77' lang='grc' dir='ltr'>αἰσθητὴν</span> <span class='ocrx_word' id='word_1_406' title='bbox 825 3645 966 3702; x_wconf 78' lang='grc' dir='ltr'>εἶναι</span> <span class='ocrx_word' id='word_1_407' title='bbox 1020 3652 1122 3721; x_wconf 87' lang='grc' dir='ltr'>τὴν</span> <span class='ocrx_word' id='word_1_408' title='bbox 1173 3652 1313 3721; x_wconf 73' lang='grc' dir='ltr'>ἐμὴν</span> <span class='ocrx_word' id='word_1_409' title='bbox 1353 3651 1658 3721; x_wconf 80' lang='grc' dir='ltr'>βασιλείαν,</span> <span class='ocrx_word' id='word_1_410' title='bbox 1695 3653 1792 3705; x_wconf 72' lang='grc' dir='ltr'><strong>καὶ</strong></span> 
     </span>
    </p>
   </div>
   <div class='ocr_carea' id='block_1_54' title="bbox 190 3738 1790 3811">
    <p class='ocr_par' dir='ltr' id='par_1_54' title="bbox 190 3738 1790 3811">
     <span class='ocr_line' id='line_1_54' title="bbox 190 3738 1790 3811; baseline 0.003 -20"><span class='ocrx_word' id='word_1_411' title='bbox 190 3738 461 3808; x_wconf 83' lang='grc' dir='ltr'>αἰσθητὴν</span> <span class='ocrx_word' id='word_1_412' title='bbox 484 3738 586 3811; x_wconf 79' lang='grc' dir='ltr'><strong>τὴν</strong></span> <span class='ocrx_word' id='word_1_413' title='bbox 610 3740 885 3811; x_wconf 72' lang='grc' dir='ltr'>καθέδραν</span> <span class='ocrx_word' id='word_1_414' title='bbox 918 3742 1183 3796; x_wconf 84' lang='grc' dir='ltr'>αίτείσθε.</span> <span class='ocrx_word' id='word_1_415' title='bbox 1215 3745 1329 3797; x_wconf 86' lang='grc' dir='ltr'><strong>Ούκ</strong></span> <span class='ocrx_word' id='word_1_416' title='bbox 1357 3742 1472 3796; x_wconf 79' lang='grc' dir='ltr'>ἔστι</span> <span class='ocrx_word' id='word_1_417' title='bbox 1501 3744 1557 3797; x_wconf 72' lang='grc' dir='ltr'>δὲ</span> <span class='ocrx_word' id='word_1_418' title='bbox 1591 3743 1751 3796; x_wconf 89' lang='grc' dir='ltr'>τοῦτο</span> <span class='ocrx_word' id='word_1_419' title='bbox 1774 3760 1790 3776; x_wconf 79' lang='grc'><em>’</em></span> 
     </span>
    </p>
   </div>
   <div class='ocr_carea' id='block_1_55' title="bbox 189 3830 1792 3905">
    <p class='ocr_par' dir='ltr' id='par_1_55' title="bbox 189 3830 1792 3905">
     <span class='ocr_line' id='line_1_55' title="bbox 189 3830 1792 3905; baseline 0.004 -23"><span class='ocrx_word' id='word_1_420' title='bbox 189 3830 329 3883; x_wconf 82' lang='grc' dir='ltr'>ἀλλὰ</span> <span class='ocrx_word' id='word_1_421' title='bbox 359 3830 536 3885; x_wconf 87' lang='grc' dir='ltr'>ταῦτα</span> <span class='ocrx_word' id='word_1_422' title='bbox 577 3833 759 3888; x_wconf 88' lang='grc' dir='ltr'>πάντα</span> <span class='ocrx_word' id='word_1_423' title='bbox 792 3834 935 3905; x_wconf 76' lang='grc' dir='ltr'>ὑπὲρ</span> <span class='ocrx_word' id='word_1_424' title='bbox 973 3834 1101 3888; x_wconf 79' lang='grc' dir='ltr'>νοῦν</span> <span class='ocrx_word' id='word_1_425' title='bbox 1136 3838 1261 3888; x_wconf 88' lang='grc' dir='ltr'>είσι.</span> <span class='ocrx_word' id='word_1_426' title='bbox 1309 3836 1425 3889; x_wconf 74' lang='grc' dir='ltr'><strong>Καὶ</strong></span> <span class='ocrx_word' id='word_1_427' title='bbox 1472 3837 1534 3889; x_wconf 75' lang='grc' dir='ltr'>τὸ</span> <span class='ocrx_word' id='word_1_428' title='bbox 1566 3837 1792 3889; x_wconf 76' lang='grc' dir='ltr'>καθίσαι</span> 
     </span>
    </p>
   </div>
   <div class='ocr_carea' id='block_1_56' title="bbox 191 3921 1794 3997">
    <p class='ocr_par' dir='ltr' id='par_1_56' title="bbox 191 3921 1794 3997">
     <span class='ocr_line' id='line_1_56' title="bbox 191 3921 1794 3997; baseline 0.003 -23"><span class='ocrx_word' id='word_1_429' title='bbox 191 3923 257 3975; x_wconf 86' lang='grc' dir='ltr'>ὲκ</span> <span class='ocrx_word' id='word_1_430' title='bbox 287 3921 479 3987; x_wconf 78' lang='grc' dir='ltr'>δεξιῶν</span> <span class='ocrx_word' id='word_1_431' title='bbox 514 3941 617 3993; x_wconf 92' lang='grc' dir='ltr'><strong>μου</strong></span> <span class='ocrx_word' id='word_1_432' title='bbox 686 3926 832 3994; x_wconf 70' lang='grc' dir='ltr'>μέγα</span> <span class='ocrx_word' id='word_1_433' title='bbox 859 3926 999 3991; x_wconf 72' lang='grc' dir='ltr'>εστὶ,</span> <span class='ocrx_word' id='word_1_434' title='bbox 1034 3926 1131 3980; x_wconf 76' lang='grc' dir='ltr'>καὶ</span> <span class='ocrx_word' id='word_1_435' title='bbox 1157 3926 1256 3989; x_wconf 84' lang='grc' dir='ltr'>τὰς</span> <span class='ocrx_word' id='word_1_436' title='bbox 1283 3928 1582 3995; x_wconf 80' lang='grc' dir='ltr'>ἀγγελικάς</span> <span class='ocrx_word' id='word_1_437' title='bbox 1622 3929 1794 3997; x_wconf 59' lang='grc' dir='ltr'>ὑπερ.</span> 
     </span>
    </p>
   </div>
   <div class='ocr_carea' id='block_1_57' title="bbox 193 4013 1791 4091">
    <p class='ocr_par' dir='ltr' id='par_1_57' title="bbox 193 4013 1791 4091">
     <span class='ocr_line' id='line_1_57' title="bbox 193 4013 1791 4091; baseline 0.006 -26"><span class='ocrx_word' id='word_1_438' title='bbox 193 4013 379 4069; x_wconf 74' lang='grc' dir='ltr'>ϐαῖνον</span> <span class='ocrx_word' id='word_1_439' title='bbox 411 4016 602 4081; x_wconf 79' lang='grc' dir='ltr'>τάξεις</span> <span class='ocrx_word' id='word_1_440' title='bbox 623 4058 639 4082; x_wconf 88' lang='grc'><strong>,</strong></span> <span class='ocrx_word' id='word_1_441' title='bbox 672 4018 769 4070; x_wconf 78' lang='grc' dir='ltr'>καὶ</span> <span class='ocrx_word' id='word_1_442' title='bbox 800 4018 960 4088; x_wconf 79' lang='grc' dir='ltr'>ὑμεῖς</span> <span class='ocrx_word' id='word_1_443' title='bbox 994 4019 1094 4088; x_wconf 78' lang='grc' dir='ltr'>μὲν</span> <span class='ocrx_word' id='word_1_444' title='bbox 1142 4021 1238 4073; x_wconf 71' lang='grc' dir='ltr'>επὶ</span> <span class='ocrx_word' id='word_1_445' title='bbox 1280 4022 1440 4088; x_wconf 78' lang='grc' dir='ltr'>δόξαν</span> <span class='ocrx_word' id='word_1_446' title='bbox 1497 4023 1791 4091; x_wconf 82' lang='grc' dir='ltr'>κεχήνατε,</span> 
     </span>
    </p>
   </div>
   <div class='ocr_carea' id='block_1_58' title="bbox 190 4104 1792 4183">
    <p class='ocr_par' dir='ltr' id='par_1_58' title="bbox 190 4104 1792 4183">
     <span class='ocr_line' id='line_1_58' title="bbox 190 4104 1792 4183; baseline 0.006 -26"><span class='ocrx_word' id='word_1_447' title='bbox 190 4104 306 4174; x_wconf 64' lang='grc' dir='ltr'><strong>ἑγὼ</strong></span> <span class='ocrx_word' id='word_1_448' title='bbox 336 4106 499 4170; x_wconf 68' lang='grc' dir='ltr'>διεὶς</span> <span class='ocrx_word' id='word_1_449' title='bbox 549 4106 783 4161; x_wconf 85' lang='grc' dir='ltr'>θάνατον</span> <span class='ocrx_word' id='word_1_450' title='bbox 823 4109 969 4179; x_wconf 73' lang='grc' dir='ltr'>ὑμᾶς</span> <span class='ocrx_word' id='word_1_451' title='bbox 1009 4110 1179 4163; x_wconf 82' lang='grc' dir='ltr'>καλῶ.</span> <span class='ocrx_word' id='word_1_452' title='bbox 1238 4112 1506 4183; x_wconf 84' lang='grc' dir='ltr'>Ποτήριον</span> <span class='ocrx_word' id='word_1_453' title='bbox 1553 4113 1664 4183; x_wconf 83' lang='grc' dir='ltr'>γὰρ</span> <span class='ocrx_word' id='word_1_454' title='bbox 1694 4114 1792 4165; x_wconf 79' lang='grc' dir='ltr'><strong>καὶ</strong></span> 
     </span>
    </p>
   </div>
   <div class='ocr_carea' id='block_1_59' title="bbox 191 4195 1794 4275">
    <p class='ocr_par' dir='ltr' id='par_1_59' title="bbox 191 4195 1794 4275">
     <span class='ocr_line' id='line_1_59' title="bbox 191 4195 1794 4275; baseline 0.004 -25"><span class='ocrx_word' id='word_1_455' title='bbox 191 4195 483 4267; x_wconf 80' lang='grc' dir='ltr'>βάπτισμα</span> <span class='ocrx_word' id='word_1_456' title='bbox 536 4199 631 4251; x_wconf 79' lang='grc' dir='ltr'>τὸν</span> <span class='ocrx_word' id='word_1_457' title='bbox 664 4199 899 4271; x_wconf 78' lang='grc' dir='ltr'>σταυρὸν</span> <span class='ocrx_word' id='word_1_458' title='bbox 940 4200 1233 4271; x_wconf 77' lang='grc' dir='ltr'>ὀνομάζει’</span> <span class='ocrx_word' id='word_1_459' title='bbox 1263 4207 1524 4273; x_wconf 77' lang='grc' dir='ltr'>ποτήριον</span> <span class='ocrx_word' id='word_1_460' title='bbox 1554 4206 1682 4275; x_wconf 86' lang='grc' dir='ltr'>μὲν,</span> <span class='ocrx_word' id='word_1_461' title='bbox 1718 4205 1794 4269; x_wconf 83' lang='grc' dir='ltr'>ὡς</span> 
     </span>
    </p>
   </div>
   <div class='ocr_carea' id='block_1_60' title="bbox 188 4290 1793 4367">
    <p class='ocr_par' dir='ltr' id='par_1_60' title="bbox 188 4290 1793 4367">
     <span class='ocr_line' id='line_1_60' title="bbox 188 4290 1793 4367; baseline 0.003 -22"><span class='ocrx_word' id='word_1_462' title='bbox 188 4294 271 4355; x_wconf 82' lang='grc' dir='ltr'>εἰς</span> <span class='ocrx_word' id='word_1_463' title='bbox 294 4290 467 4344; x_wconf 75' lang='grc' dir='ltr'>ὕπνον</span> <span class='ocrx_word' id='word_1_464' title='bbox 500 4292 663 4355; x_wconf 78' lang='grc' dir='ltr'>εὐθὺς</span> <span class='ocrx_word' id='word_1_465' title='bbox 694 4293 827 4360; x_wconf 84' lang='grc' dir='ltr'>ἀγον</span> <span class='ocrx_word' id='word_1_466' title='bbox 865 4293 960 4345; x_wconf 82' lang='grc' dir='ltr'>καὶ</span> <span class='ocrx_word' id='word_1_467' title='bbox 985 4293 1060 4356; x_wconf 83' lang='grc' dir='ltr'><strong>ὡς</strong></span> <span class='ocrx_word' id='word_1_468' title='bbox 1083 4294 1256 4364; x_wconf 84' lang='grc' dir='ltr'>ήδέως</span> <span class='ocrx_word' id='word_1_469' title='bbox 1285 4296 1378 4347; x_wconf 84' lang='grc' dir='ltr'><strong>ὑπ’</strong></span> <span class='ocrx_word' id='word_1_470' title='bbox 1400 4296 1567 4349; x_wconf 82' lang='grc' dir='ltr'>αὑτοῦ</span> <span class='ocrx_word' id='word_1_471' title='bbox 1616 4315 1793 4367; x_wconf 85' lang='grc' dir='ltr'>προσ-</span> 
     </span>
    </p>
   </div>
   <div class='ocr_carea' id='block_1_61' title="bbox 189 4382 1795 4458">
    <p class='ocr_par' dir='ltr' id='par_1_61' title="bbox 189 4382 1795 4458">
     <span class='ocr_line' id='line_1_61' title="bbox 189 4382 1795 4458; baseline 0.005 -22"><span class='ocrx_word' id='word_1_472' title='bbox 189 4382 383 4455; x_wconf 70' lang='grc' dir='ltr'>δεχθὲν</span> <span class='ocrx_word' id='word_1_473' title='bbox 407 4400 423 4414; x_wconf 73' lang='grc' dir='ltr'><strong>ο</strong></span> <span class='ocrx_word' id='word_1_474' title='bbox 459 4384 749 4453; x_wconf 88' lang='grc' dir='ltr'>βάπτισμα</span> <span class='ocrx_word' id='word_1_475' title='bbox 781 4384 859 4448; x_wconf 80' lang='grc' dir='ltr'>δὲ,</span> <span class='ocrx_word' id='word_1_476' title='bbox 890 4385 967 4448; x_wconf 84' lang='grc' dir='ltr'>ὡς</span> <span class='ocrx_word' id='word_1_477' title='bbox 1000 4386 1342 4457; x_wconf 84' lang='grc' dir='ltr'>καθαρισμὸν</span> <span class='ocrx_word' id='word_1_478' title='bbox 1373 4388 1482 4441; x_wconf 90' lang='grc' dir='ltr'><strong>τῶν</strong></span> <span class='ocrx_word' id='word_1_479' title='bbox 1508 4389 1795 4458; x_wconf 76' lang='grc' dir='ltr'>ἁμαρτιῶν</span> 
     </span>
    </p>
   </div>
   <div class='ocr_carea' id='block_1_62' title="bbox 191 4477 1793 4553">
    <p class='ocr_par' dir='ltr' id='par_1_62' title="bbox 191 4477 1793 4553">
     <span class='ocr_line' id='line_1_62' title="bbox 191 4477 1793 4553; baseline 0.002 -21"><span class='ocrx_word' id='word_1_480' title='bbox 191 4478 599 4548; x_wconf 76' lang='grc' dir='ltr'>ποιησάμενον,·</span> <span class='ocrx_word' id='word_1_481' title='bbox 633 4480 684 4531; x_wconf 85' lang='grc' dir='ltr'><strong>οί</strong></span> <span class='ocrx_word' id='word_1_482' title='bbox 707 4478 787 4543; x_wconf 87' lang='grc' dir='ltr'><strong>δε,</strong></span> <span class='ocrx_word' id='word_1_483' title='bbox 822 4477 898 4550; x_wconf 78' lang='grc' dir='ltr'>μὴ</span> <span class='ocrx_word' id='word_1_484' title='bbox 923 4479 1221 4549; x_wconf 85' lang='grc' dir='ltr'>νοήσαντες</span> <span class='ocrx_word' id='word_1_485' title='bbox 1247 4480 1300 4532; x_wconf 90' lang='grc' dir='ltr'><strong>τί</strong></span> <span class='ocrx_word' id='word_1_486' title='bbox 1318 4480 1490 4546; x_wconf 82' lang='grc' dir='ltr'>λέγοι,</span> <span class='ocrx_word' id='word_1_487' title='bbox 1521 4482 1793 4553; x_wconf 81' lang='grc' dir='ltr'>ὑπέσχον-</span> 
     </span>
    </p>
   </div>
   <div class='ocr_carea' id='block_1_63' title="bbox 1907 1987 3501 2060">
    <p class='ocr_par' dir='ltr' id='par_1_63' title="bbox 1907 1987 3501 2060">
     <span class='ocr_line' id='line_1_63' title="bbox 1907 1987 3501 2060; baseline -0.004 -13"><span class='ocrx_word' id='word_1_488' title='bbox 1907 1993 2004 2048; x_wconf 88' lang='lat' dir='ltr'><strong>tibi</strong></span> <span class='ocrx_word' id='word_1_489' title='bbox 2033 2009 2061 2045; x_wconf 86' lang='lat' dir='ltr'><strong>a</strong></span> <span class='ocrx_word' id='word_1_490' title='bbox 2098 1992 2343 2046; x_wconf 86' lang='lat' dir='ltr'><strong>sinistris</strong></span> <span class='ocrx_word' id='word_1_491' title='bbox 2366 1992 2652 2045; x_wconf 89' lang='lat' dir='ltr'><strong>sedeanms</strong></span> <span class='ocrx_word' id='word_1_492' title='bbox 2679 1991 2731 2044; x_wconf 89' lang='lat' dir='ltr'><strong>itt</strong></span> <span class='ocrx_word' id='word_1_493' title='bbox 2758 1989 2929 2060; x_wconf 90' lang='lat' dir='ltr'><strong>gloria</strong></span> <span class='ocrx_word' id='word_1_494' title='bbox 2962 1999 3076 2043; x_wconf 83' lang='lat' dir='ltr'><strong>tua.</strong></span> <span class='ocrx_word' id='word_1_495' title='bbox 3103 1987 3264 2043; x_wconf 83' lang='lat' dir='ltr'><strong>Jesus</strong></span> <span class='ocrx_word' id='word_1_496' title='bbox 3315 1998 3501 2041; x_wconf 88' lang='lat' dir='ltr'><strong>autem</strong></span> 
     </span>
    </p>
   </div>
   <div class='ocr_carea' id='block_1_64' title="bbox 1905 2080 3505 2152">
    <p class='ocr_par' dir='ltr' id='par_1_64' title="bbox 1905 2080 3505 2152">
     <span class='ocr_line' id='line_1_64' title="bbox 1905 2080 3505 2152; baseline -0.004 -12"><span class='ocrx_word' id='word_1_497' title='bbox 1905 2086 2043 2140; x_wconf 89' lang='lat' dir='ltr'><strong>dixit</strong></span> <span class='ocrx_word' id='word_1_498' title='bbox 2067 2085 2177 2139; x_wconf 91' lang='lat' dir='ltr'><strong>illis</strong></span> <span class='ocrx_word' id='word_1_499' title='bbox 2206 2102 2221 2139; x_wconf 92' lang='lat'><strong>:</strong></span> <span class='ocrx_word' id='word_1_500' title='bbox 2260 2084 2495 2139; x_wconf 79' lang='lat' dir='ltr'><strong>Nescitis</strong></span> <span class='ocrx_word' id='word_1_501' title='bbox 2517 2084 2643 2152; x_wconf 90' lang='lat' dir='ltr'><strong>quid</strong></span> <span class='ocrx_word' id='word_1_502' title='bbox 2670 2083 2892 2151; x_wconf 84' lang='lat' dir='ltr'><strong>petatis.</strong></span> <span class='ocrx_word' id='word_1_503' title='bbox 2926 2080 3162 2135; x_wconf 87' lang='lat' dir='ltr'><strong>Potestis</strong></span> <span class='ocrx_word' id='word_1_504' title='bbox 3194 2080 3385 2135; x_wconf 83' lang='lat' dir='ltr'><strong>bibere</strong></span> <span class='ocrx_word' id='word_1_505' title='bbox 3415 2093 3505 2147; x_wconf 56' lang='lat' dir='ltr'><strong>po.</strong></span> 
     </span>
    </p>
   </div>
   <div class='ocr_carea' id='block_1_65' title="bbox 1895 2169 3504 2246">
    <p class='ocr_par' dir='ltr' id='par_1_65' title="bbox 1895 2169 3504 2246">
     <span class='ocr_line' id='line_1_65' title="bbox 1895 2169 3504 2246; baseline -0.006 -13"><span class='ocrx_word' id='word_1_506' title='bbox 1895 2178 2077 2233; x_wconf 91' lang='lat' dir='ltr'><strong>culum</strong></span> <span class='ocrx_word' id='word_1_507' title='bbox 2112 2176 2259 2246; x_wconf 89' lang='lat' dir='ltr'><strong>quod</strong></span> <span class='ocrx_word' id='word_1_508' title='bbox 2287 2191 2388 2246; x_wconf 88' lang='lat' dir='ltr'><strong>ego</strong></span> <span class='ocrx_word' id='word_1_509' title='bbox 2420 2177 2579 2239; x_wconf 81' lang='lat' dir='ltr'><strong>bibo,</strong></span> <span class='ocrx_word' id='word_1_510' title='bbox 2610 2184 2665 2228; x_wconf 89' lang='lat' dir='ltr'><strong>et</strong></span> <span class='ocrx_word' id='word_1_511' title='bbox 2696 2174 3027 2243; x_wconf 80' lang='lat' dir='ltr'><strong>baptismate</strong></span> <span class='ocrx_word' id='word_1_512' title='bbox 3057 2186 3169 2241; x_wconf 88' lang='lat' dir='ltr'><strong>quo</strong></span> <span class='ocrx_word' id='word_1_513' title='bbox 3196 2186 3301 2241; x_wconf 83' lang='lat' dir='ltr'><strong>ego</strong></span> <span class='ocrx_word' id='word_1_514' title='bbox 3333 2169 3504 2239; x_wconf 84' lang='lat' dir='ltr'><strong>bapti-</strong></span> 
     </span>
    </p>
   </div>
   <div class='ocr_carea' id='block_1_66' title="bbox 1894 2265 3497 2337">
    <p class='ocr_par' dir='ltr' id='par_1_66' title="bbox 1894 2265 3497 2337">
     <span class='ocr_line' id='line_1_66' title="bbox 1894 2265 3497 2337; baseline -0.005 -14"><span class='ocrx_word' id='word_1_515' title='bbox 1894 2285 1993 2323; x_wconf 67' lang='grc' dir='ltr'>τοι·</span> <span class='ocrx_word' id='word_1_516' title='bbox 2039 2269 2303 2337; x_wconf 87' lang='lat' dir='ltr'><strong>baptizari</strong></span> <span class='ocrx_word' id='word_1_517' title='bbox 2346 2268 2475 2320; x_wconf 85' lang='lat' dir='ltr'><strong>?At</strong></span> <span class='ocrx_word' id='word_1_518' title='bbox 2533 2268 2608 2319; x_wconf 93' lang='lat' dir='ltr'><strong>illi</strong></span> <span class='ocrx_word' id='word_1_519' title='bbox 2660 2266 2917 2320; x_wconf 75' lang='lat' dir='ltr'><strong>dixerunt</strong></span> <span class='ocrx_word' id='word_1_520' title='bbox 2953 2266 3003 2319; x_wconf 89' lang='lat' dir='ltr'><strong>ei</strong></span> <span class='ocrx_word' id='word_1_521' title='bbox 3048 2280 3066 2319; x_wconf 92' lang='lat'><strong>:</strong></span> <span class='ocrx_word' id='word_1_522' title='bbox 3112 2265 3429 2318; x_wconf 82' lang='lat' dir='ltr'><strong>Possumus.</strong></span> <span class='ocrx_word' id='word_1_523' title='bbox 3476 2282 3497 2315; x_wconf 75' lang='grc' dir='ltr'><strong>ι</strong></span> 
     </span>
    </p>
   </div>
   <div class='ocr_carea' id='block_1_67' title="bbox 1895 2358 3505 2432">
    <p class='ocr_par' dir='ltr' id='par_1_67' title="bbox 1895 2358 3505 2432">
     <span class='ocr_line' id='line_1_67' title="bbox 1895 2358 3505 2432; baseline -0.005 -15"><span class='ocrx_word' id='word_1_524' title='bbox 1895 2362 2051 2417; x_wconf 84' lang='lat' dir='ltr'><strong>Alius</strong></span> <span class='ocrx_word' id='word_1_525' title='bbox 2074 2361 2403 2432; x_wconf 76' lang='lat' dir='ltr'><strong>evangelista</strong></span> <span class='ocrx_word' id='word_1_526' title='bbox 2432 2360 2567 2414; x_wconf 88' lang='lat' dir='ltr'><strong>dicit</strong></span> <span class='ocrx_word' id='word_1_527' title='bbox 2596 2359 2738 2428; x_wconf 89' lang='lat' dir='ltr'><strong>quod</strong></span> <span class='ocrx_word' id='word_1_528' title='bbox 2766 2368 2941 2412; x_wconf 89' lang='lat' dir='ltr'><strong>mater</strong></span> <span class='ocrx_word' id='word_1_529' title='bbox 2965 2358 3183 2411; x_wconf 88' lang='lat' dir='ltr'><strong>illorum</strong></span> <span class='ocrx_word' id='word_1_530' title='bbox 3209 2358 3505 2411; x_wconf 82' lang='lat' dir='ltr'><strong>accesserit</strong></span> 
     </span>
    </p>
   </div>
   <div class='ocr_carea' id='block_1_68' title="bbox 1902 2449 3502 2519">
    <p class='ocr_par' dir='ltr' id='par_1_68' title="bbox 1902 2449 3502 2519">
     <span class='ocr_line' id='line_1_68' title="bbox 1902 2449 3502 2519; baseline -0.003 -11"><span class='ocrx_word' id='word_1_531' title='bbox 1902 2456 1970 2509; x_wconf 92' lang='lat' dir='ltr'><strong>ad</strong></span> <span class='ocrx_word' id='word_1_532' title='bbox 1989 2454 2292 2508; x_wconf 74' lang='lat' dir='ltr'><strong>Christum.</strong></span> <span class='ocrx_word' id='word_1_533' title='bbox 2323 2451 2634 2507; x_wconf 74' lang='lat' dir='ltr'><strong>Verisimile</strong></span> <span class='ocrx_word' id='word_1_534' title='bbox 2657 2460 2840 2509; x_wconf 84' lang='lat' dir='ltr'><strong>autem</strong></span> <span class='ocrx_word' id='word_1_535' title='bbox 2861 2460 2944 2505; x_wconf 87' lang='lat' dir='ltr'><strong>est</strong></span> <span class='ocrx_word' id='word_1_536' title='bbox 2960 2460 3256 2519; x_wconf 87' lang='lat' dir='ltr'><strong>utrumque</strong></span> <span class='ocrx_word' id='word_1_537' title='bbox 3276 2449 3502 2512; x_wconf 66' lang='lat' dir='ltr'><strong>factam,</strong></span> 
     </span>
    </p>
   </div>
   <div class='ocr_carea' id='block_1_69' title="bbox 1894 2542 3500 2613">
    <p class='ocr_par' dir='ltr' id='par_1_69' title="bbox 1894 2542 3500 2613">
     <span class='ocr_line' id='line_1_69' title="bbox 1894 2542 3500 2613; baseline -0.003 -16"><span class='ocrx_word' id='word_1_538' title='bbox 1894 2552 1949 2597; x_wconf 89' lang='lat' dir='ltr'><strong>et</strong></span> <span class='ocrx_word' id='word_1_539' title='bbox 1996 2542 2277 2613; x_wconf 87' lang='lat' dir='ltr'><strong>apostolos</strong></span> <span class='ocrx_word' id='word_1_540' title='bbox 2306 2542 2517 2611; x_wconf 91' lang='lat' dir='ltr'><strong>pudore</strong></span> <span class='ocrx_word' id='word_1_541' title='bbox 2564 2544 2802 2611; x_wconf 84' lang='lat' dir='ltr'><strong>quodam</strong></span> <span class='ocrx_word' id='word_1_542' title='bbox 2856 2552 3085 2595; x_wconf 90' lang='lat' dir='ltr'><strong>matrem</strong></span> <span class='ocrx_word' id='word_1_543' title='bbox 3140 2542 3500 2611; x_wconf 68' lang='lat' dir='ltr'><strong>praemisisse,</strong></span> 
     </span>
    </p>
   </div>
   <div class='ocr_carea' id='block_1_70' title="bbox 1898 2634 3505 2705">
    <p class='ocr_par' dir='ltr' id='par_1_70' title="bbox 1898 2634 3505 2705">
     <span class='ocr_line' id='line_1_70' title="bbox 1898 2634 3505 2705; baseline -0.002 -14"><span class='ocrx_word' id='word_1_544' title='bbox 1898 2646 1953 2692; x_wconf 90' lang='lat' dir='ltr'><strong>et</strong></span> <span class='ocrx_word' id='word_1_545' title='bbox 1974 2636 2171 2691; x_wconf 85' lang='lat' dir='ltr'><strong>deinde</strong></span> <span class='ocrx_word' id='word_1_546' title='bbox 2209 2637 2359 2705; x_wconf 89' lang='lat' dir='ltr'><strong>ipsos</strong></span> <span class='ocrx_word' id='word_1_547' title='bbox 2395 2636 2622 2689; x_wconf 90' lang='lat' dir='ltr'><strong>seorsim</strong></span> <span class='ocrx_word' id='word_1_548' title='bbox 2659 2634 2859 2689; x_wconf 78' lang='lat' dir='ltr'><strong>adiisse</strong></span> <span class='ocrx_word' id='word_1_549' title='bbox 2888 2652 2901 2688; x_wconf 94' lang='lat'><strong>:</strong></span> <span class='ocrx_word' id='word_1_550' title='bbox 2937 2635 3143 2689; x_wconf 87' lang='lat' dir='ltr'><strong>idcirco</strong></span> <span class='ocrx_word' id='word_1_551' title='bbox 3175 2645 3233 2689; x_wconf 91' lang='lat' dir='ltr'><strong>et</strong></span> <span class='ocrx_word' id='word_1_552' title='bbox 3265 2636 3505 2705; x_wconf 81' lang='lat' dir='ltr'><strong>evange-</strong></span> 
     </span>
    </p>
   </div>
   <div class='ocr_carea' id='block_1_71' title="bbox 1894 2725 3507 2799">
    <p class='ocr_par' dir='ltr' id='par_1_71' title="bbox 1894 2725 3507 2799">
     <span class='ocr_line' id='line_1_71' title="bbox 1894 2725 3507 2799; baseline -0.002 -16"><span class='ocrx_word' id='word_1_553' title='bbox 1894 2731 2021 2784; x_wconf 89' lang='lat' dir='ltr'><strong>lista</strong></span> <span class='ocrx_word' id='word_1_554' title='bbox 2044 2730 2292 2799; x_wconf 76' lang='lat' dir='ltr'><strong>assignat</strong></span> <span class='ocrx_word' id='word_1_555' title='bbox 2313 2728 2437 2790; x_wconf 87' lang='lat' dir='ltr'><strong>hoc,</strong></span> <span class='ocrx_word' id='word_1_556' title='bbox 2468 2728 2656 2782; x_wconf 84' lang='lat' dir='ltr'><strong>dicens</strong></span> <span class='ocrx_word' id='word_1_557' title='bbox 2685 2744 2700 2781; x_wconf 91' lang='lat'><strong>:</strong></span> <span class='ocrx_word' id='word_1_558' title='bbox 2734 2727 3039 2791; x_wconf 79' lang='lat' dir='ltr'><strong>Accedunt,</strong></span> <span class='ocrx_word' id='word_1_559' title='bbox 3075 2725 3179 2781; x_wconf 84' lang='lat' dir='ltr'><strong>hoc</strong></span> <span class='ocrx_word' id='word_1_560' title='bbox 3217 2736 3327 2791; x_wconf 90' lang='lat' dir='ltr'><strong>est,</strong></span> <span class='ocrx_word' id='word_1_561' title='bbox 3351 2740 3507 2780; x_wconf 85' lang='lat' dir='ltr'><strong>seor-</strong></span> 
     </span>
    </p>
   </div>
   <div class='ocr_carea' id='block_1_72' title="bbox 1896 2815 3503 2889">
    <p class='ocr_par' dir='ltr' id='par_1_72' title="bbox 1896 2815 3503 2889">
     <span class='ocr_line' id='line_1_72' title="bbox 1896 2815 3503 2889; baseline -0.001 -15"><span class='ocrx_word' id='word_1_562' title='bbox 1896 2822 1999 2875; x_wconf 89' lang='lat' dir='ltr'><strong>sim</strong></span> <span class='ocrx_word' id='word_1_563' title='bbox 2019 2821 2240 2879; x_wconf 89' lang='lat' dir='ltr'><strong>adeunt,</strong></span> <span class='ocrx_word' id='word_1_564' title='bbox 2269 2820 2337 2872; x_wconf 89' lang='lat' dir='ltr'><strong>ab</strong></span> <span class='ocrx_word' id='word_1_565' title='bbox 2362 2819 2484 2873; x_wconf 83' lang='lat' dir='ltr'><strong>aliis</strong></span> <span class='ocrx_word' id='word_1_566' title='bbox 2508 2817 2798 2887; x_wconf 86' lang='lat' dir='ltr'><strong>segregati.</strong></span> <span class='ocrx_word' id='word_1_567' title='bbox 2824 2815 2963 2884; x_wconf 85' lang='lat' dir='ltr'><strong>Quid</strong></span> <span class='ocrx_word' id='word_1_568' title='bbox 2987 2819 3153 2889; x_wconf 86' lang='lat' dir='ltr'><strong>igitur</strong></span> <span class='ocrx_word' id='word_1_569' title='bbox 3174 2817 3339 2872; x_wconf 79' lang='lat' dir='ltr'><strong>fuerit</strong></span> <span class='ocrx_word' id='word_1_570' title='bbox 3359 2818 3503 2887; x_wconf 87' lang='lat' dir='ltr'><strong>quod</strong></span> 
     </span>
    </p>
   </div>
   <div class='ocr_carea' id='block_1_73' title="bbox 1899 2907 3503 2979">
    <p class='ocr_par' dir='ltr' id='par_1_73' title="bbox 1899 2907 3503 2979">
     <span class='ocr_line' id='line_1_73' title="bbox 1899 2907 3503 2979; baseline -0.002 -14"><span class='ocrx_word' id='word_1_571' title='bbox 1899 2912 2194 2979; x_wconf 90' lang='lat' dir='ltr'><strong>petierunt,</strong></span> <span class='ocrx_word' id='word_1_572' title='bbox 2228 2910 2530 2967; x_wconf 86' lang='lat' dir='ltr'><strong>discamus.</strong></span> <span class='ocrx_word' id='word_1_573' title='bbox 2563 2907 2895 2979; x_wconf 85' lang='lat' dir='ltr'><strong>Cogitabant</strong></span> <span class='ocrx_word' id='word_1_574' title='bbox 2924 2912 3068 2978; x_wconf 85' lang='lat' dir='ltr'><strong>quod</strong></span> <span class='ocrx_word' id='word_1_575' title='bbox 3095 2912 3420 2964; x_wconf 82' lang='lat' dir='ltr'><strong>ascenderet</strong></span> <span class='ocrx_word' id='word_1_576' title='bbox 3447 2908 3503 2962; x_wconf 86' lang='lat' dir='ltr'><strong>in</strong></span> 
     </span>
    </p>
   </div>
   <div class='ocr_carea' id='block_1_74' title="bbox 1901 3002 3504 3073">
    <p class='ocr_par' dir='ltr' id='par_1_74' title="bbox 1901 3002 3504 3073">
     <span class='ocr_line' id='line_1_74' title="bbox 1901 3002 3504 3073; baseline -0.001 -17"><span class='ocrx_word' id='word_1_577' title='bbox 1901 3002 2276 3073; x_wconf 69' lang='lat' dir='ltr'><strong>lierosolyma</strong></span> <span class='ocrx_word' id='word_1_578' title='bbox 2307 3014 2365 3057; x_wconf 92' lang='lat' dir='ltr'><strong>ut</strong></span> <span class='ocrx_word' id='word_1_579' title='bbox 2392 3012 2720 3073; x_wconf 82' lang='lat' dir='ltr'><strong>regnaturus</strong></span> <span class='ocrx_word' id='word_1_580' title='bbox 2737 3004 3021 3069; x_wconf 89' lang='lat' dir='ltr'><strong>temporali</strong></span> <span class='ocrx_word' id='word_1_581' title='bbox 3040 3003 3275 3072; x_wconf 85' lang='lat' dir='ltr'><strong>quodam</strong></span> <span class='ocrx_word' id='word_1_582' title='bbox 3306 3017 3504 3072; x_wconf 86' lang='lat' dir='ltr'><strong>regno,</strong></span> 
     </span>
    </p>
   </div>
   <div class='ocr_carea' id='block_1_75' title="bbox 1899 3096 3503 3166">
    <p class='ocr_par' dir='ltr' id='par_1_75' title="bbox 1899 3096 3503 3166">
     <span class='ocr_line' id='line_1_75' title="bbox 1899 3096 3503 3166; baseline 0.001 -17"><span class='ocrx_word' id='word_1_583' title='bbox 1899 3103 1956 3150; x_wconf 89' lang='lat' dir='ltr'><strong>et</strong></span> <span class='ocrx_word' id='word_1_584' title='bbox 1987 3105 2278 3164; x_wconf 85' lang='lat' dir='ltr'><strong>postquam</strong></span> <span class='ocrx_word' id='word_1_585' title='bbox 2314 3104 2621 3166; x_wconf 75' lang='lat' dir='ltr'><strong>regnasset,</strong></span> <span class='ocrx_word' id='word_1_586' title='bbox 2660 3110 2923 3164; x_wconf 85' lang='lat' dir='ltr'><strong>passurus</strong></span> <span class='ocrx_word' id='word_1_587' title='bbox 2952 3106 3101 3151; x_wconf 87' lang='lat' dir='ltr'><strong>esset</strong></span> <span class='ocrx_word' id='word_1_588' title='bbox 3129 3110 3193 3149; x_wconf 88' lang='lat' dir='ltr'><strong>ea</strong></span> <span class='ocrx_word' id='word_1_589' title='bbox 3218 3096 3284 3150; x_wconf 90' lang='lat' dir='ltr'><strong>de</strong></span> <span class='ocrx_word' id='word_1_590' title='bbox 3301 3096 3503 3165; x_wconf 86' lang='lat' dir='ltr'><strong>quibus</strong></span> 
     </span>
    </p>
   </div>
   <div class='ocr_carea' id='block_1_76' title="bbox 1901 3186 3501 3258">
    <p class='ocr_par' dir='ltr' id='par_1_76' title="bbox 1901 3186 3501 3258">
     <span class='ocr_line' id='line_1_76' title="bbox 1901 3186 3501 3258; baseline 0 -15"><span class='ocrx_word' id='word_1_591' title='bbox 1901 3186 2137 3243; x_wconf 89' lang='lat' dir='ltr'><strong>dicebat.</strong></span> <span class='ocrx_word' id='word_1_592' title='bbox 2174 3188 2327 3240; x_wconf 85' lang='lat' dir='ltr'><strong>Talia</strong></span> <span class='ocrx_word' id='word_1_593' title='bbox 2370 3202 2558 3243; x_wconf 90' lang='lat' dir='ltr'><strong>secum</strong></span> <span class='ocrx_word' id='word_1_594' title='bbox 2587 3188 2919 3257; x_wconf 80' lang='lat' dir='ltr'><strong>cOgitantes,</strong></span> <span class='ocrx_word' id='word_1_595' title='bbox 2958 3188 3275 3258; x_wconf 88' lang='lat' dir='ltr'><strong>petiverunt</strong></span> <span class='ocrx_word' id='word_1_596' title='bbox 3313 3189 3501 3243; x_wconf 87' lang='lat' dir='ltr'><strong>sedem</strong></span> 
     </span>
    </p>
   </div>
   <div class='ocr_carea' id='block_1_77' title="bbox 1899 3279 3508 3335">
    <p class='ocr_par' dir='ltr' id='par_1_77' title="bbox 1899 3279 3508 3335">
     <span class='ocr_line' id='line_1_77' title="bbox 1899 3279 3508 3335; baseline 0.003 -4"><span class='ocrx_word' id='word_1_597' title='bbox 1899 3288 1952 3332; x_wconf 90' lang='lat' dir='ltr'><strong>et</strong></span> <span class='ocrx_word' id='word_1_598' title='bbox 1982 3293 2011 3331; x_wconf 83' lang='lat' dir='ltr'><strong>a</strong></span> <span class='ocrx_word' id='word_1_599' title='bbox 2040 3279 2250 3333; x_wconf 86' lang='lat' dir='ltr'><strong>dextris</strong></span> <span class='ocrx_word' id='word_1_600' title='bbox 2266 3289 2319 3331; x_wconf 92' lang='lat' dir='ltr'><strong>et</strong></span> <span class='ocrx_word' id='word_1_601' title='bbox 2350 3295 2379 3330; x_wconf 87' lang='lat' dir='ltr'><strong>a</strong></span> <span class='ocrx_word' id='word_1_602' title='bbox 2412 3280 2690 3333; x_wconf 85' lang='lat' dir='ltr'><strong>sinistris:</strong></span> <span class='ocrx_word' id='word_1_603' title='bbox 2718 3280 2924 3333; x_wconf 87' lang='lat' dir='ltr'><strong>idcirco</strong></span> <span class='ocrx_word' id='word_1_604' title='bbox 2947 3290 3003 3333; x_wconf 88' lang='lat' dir='ltr'><strong>et</strong></span> <span class='ocrx_word' id='word_1_605' title='bbox 3038 3280 3300 3334; x_wconf 87' lang='lat' dir='ltr'><strong>Dominus</strong></span> <span class='ocrx_word' id='word_1_606' title='bbox 3324 3280 3508 3335; x_wconf 78' lang='lat' dir='ltr'><strong>incre-</strong></span> 
     </span>
    </p>
   </div>
   <div class='ocr_carea' id='block_1_78' title="bbox 1899 3372 3507 3442">
    <p class='ocr_par' dir='ltr' id='par_1_78' title="bbox 1899 3372 3507 3442">
     <span class='ocr_line' id='line_1_78' title="bbox 1899 3372 3507 3442; baseline 0.004 -18"><span class='ocrx_word' id='word_1_607' title='bbox 1899 3380 1994 3441; x_wconf 86' lang='lat' dir='ltr'><strong>pat</strong></span> <span class='ocrx_word' id='word_1_608' title='bbox 2018 3386 2112 3425; x_wconf 86' lang='lat' dir='ltr'><strong>eos</strong></span> <span class='ocrx_word' id='word_1_609' title='bbox 2141 3381 2397 3439; x_wconf 77' lang='lat' dir='ltr'><strong>tanquam</strong></span> <span class='ocrx_word' id='word_1_610' title='bbox 2417 3374 2645 3426; x_wconf 88' lang='lat' dir='ltr'><strong>stultum</strong></span> <span class='ocrx_word' id='word_1_611' title='bbox 2679 3373 2941 3441; x_wconf 83' lang='lat' dir='ltr'><strong>quiddam</strong></span> <span class='ocrx_word' id='word_1_612' title='bbox 2973 3383 3240 3442; x_wconf 82' lang='lat' dir='ltr'><strong>petentes.</strong></span> <span class='ocrx_word' id='word_1_613' title='bbox 3264 3372 3507 3430; x_wconf 81' lang='lat' dir='ltr'><strong>Nescitis</strong></span> 
     </span>
    </p>
   </div>
   <div class='ocr_carea' id='block_1_79' title="bbox 1897 3464 3505 3534">
    <p class='ocr_par' dir='ltr' id='par_1_79' title="bbox 1897 3464 3505 3534">
     <span class='ocr_line' id='line_1_79' title="bbox 1897 3464 3505 3534; baseline 0.002 -15"><span class='ocrx_word' id='word_1_614' title='bbox 1897 3465 2067 3530; x_wconf 90' lang='lat' dir='ltr'><strong>enim,</strong></span> <span class='ocrx_word' id='word_1_615' title='bbox 2104 3464 2303 3533; x_wconf 84' lang='lat' dir='ltr'><strong>inquit,</strong></span> <span class='ocrx_word' id='word_1_616' title='bbox 2337 3466 2467 3534; x_wconf 90' lang='lat' dir='ltr'><strong>quid</strong></span> <span class='ocrx_word' id='word_1_617' title='bbox 2499 3466 2720 3534; x_wconf 86' lang='lat' dir='ltr'><strong>petatis.</strong></span> <span class='ocrx_word' id='word_1_618' title='bbox 2756 3466 2864 3521; x_wconf 83' lang='lat' dir='ltr'><strong>Vos</strong></span> <span class='ocrx_word' id='word_1_619' title='bbox 2896 3469 3042 3521; x_wconf 87' lang='lat' dir='ltr'><strong>enim</strong></span> <span class='ocrx_word' id='word_1_620' title='bbox 3076 3469 3308 3523; x_wconf 85' lang='lat' dir='ltr'><strong>creditis</strong></span> <span class='ocrx_word' id='word_1_621' title='bbox 3328 3469 3505 3523; x_wconf 85' lang='lat' dir='ltr'><strong>sensi-</strong></span> 
     </span>
    </p>
   </div>
   <div class='ocr_carea' id='block_1_80' title="bbox 1897 3556 3503 3629">
    <p class='ocr_par' dir='ltr' id='par_1_80' title="bbox 1897 3556 3503 3629">
     <span class='ocr_line' id='line_1_80' title="bbox 1897 3556 3503 3629; baseline 0.001 -18"><span class='ocrx_word' id='word_1_622' title='bbox 1897 3556 2005 3611; x_wconf 85' lang='lat' dir='ltr'><strong>bile</strong></span> <span class='ocrx_word' id='word_1_623' title='bbox 2036 3557 2311 3625; x_wconf 89' lang='lat' dir='ltr'><strong>quoddam</strong></span> <span class='ocrx_word' id='word_1_624' title='bbox 2368 3571 2551 3610; x_wconf 85' lang='lat' dir='ltr'><strong>meum</strong></span> <span class='ocrx_word' id='word_1_625' title='bbox 2604 3572 2831 3625; x_wconf 86' lang='lat' dir='ltr'><strong>regnum</strong></span> <span class='ocrx_word' id='word_1_626' title='bbox 2872 3572 3018 3623; x_wconf 83' lang='lat' dir='ltr'><strong>esse,</strong></span> <span class='ocrx_word' id='word_1_627' title='bbox 3049 3572 3105 3613; x_wconf 90' lang='lat' dir='ltr'><strong>et</strong></span> <span class='ocrx_word' id='word_1_628' title='bbox 3141 3559 3503 3629; x_wconf 86' lang='lat' dir='ltr'><strong>temporalem</strong></span> 
     </span>
    </p>
   </div>
   <div class='ocr_carea' id='block_1_81' title="bbox 1898 3649 3505 3718">
    <p class='ocr_par' dir='ltr' id='par_1_81' title="bbox 1898 3649 3505 3718">
     <span class='ocr_line' id='line_1_81' title="bbox 1898 3649 3505 3718; baseline 0.004 -16"><span class='ocrx_word' id='word_1_629' title='bbox 1898 3650 2084 3703; x_wconf 88' lang='lat' dir='ltr'><strong>sedem</strong></span> <span class='ocrx_word' id='word_1_630' title='bbox 2130 3649 2318 3717; x_wconf 90' lang='lat' dir='ltr'><strong>petitis</strong></span> <span class='ocrx_word' id='word_1_631' title='bbox 2350 3666 2364 3702; x_wconf 90' lang='lat'><strong>:</strong></span> <span class='ocrx_word' id='word_1_632' title='bbox 2399 3659 2453 3703; x_wconf 87' lang='lat' dir='ltr'><strong>at</strong></span> <span class='ocrx_word' id='word_1_633' title='bbox 2493 3664 2581 3704; x_wconf 88' lang='lat' dir='ltr'><strong>res</strong></span> <span class='ocrx_word' id='word_1_634' title='bbox 2626 3665 2732 3705; x_wconf 91' lang='lat' dir='ltr'><strong>non</strong></span> <span class='ocrx_word' id='word_1_635' title='bbox 2770 3652 2843 3705; x_wconf 90' lang='lat' dir='ltr'><strong>ita</strong></span> <span class='ocrx_word' id='word_1_636' title='bbox 2874 3666 2934 3705; x_wconf 87' lang='lat' dir='ltr'><strong>se</strong></span> <span class='ocrx_word' id='word_1_637' title='bbox 2971 3652 3155 3718; x_wconf 85' lang='lat' dir='ltr'><strong>habet,</strong></span> <span class='ocrx_word' id='word_1_638' title='bbox 3190 3655 3286 3708; x_wconf 89' lang='lat' dir='ltr'><strong>sed</strong></span> <span class='ocrx_word' id='word_1_639' title='bbox 3320 3654 3505 3709; x_wconf 80' lang='lat' dir='ltr'><strong>omnia</strong></span> 
     </span>
    </p>
   </div>
   <div class='ocr_carea' id='block_1_82' title="bbox 1898 3739 3503 3807">
    <p class='ocr_par' dir='ltr' id='par_1_82' title="bbox 1898 3739 3503 3807">
     <span class='ocr_line' id='line_1_82' title="bbox 1898 3739 3503 3807; baseline 0.004 -16"><span class='ocrx_word' id='word_1_640' title='bbox 1898 3739 2014 3792; x_wconf 66' lang='lat' dir='ltr'><strong>haec</strong></span> <span class='ocrx_word' id='word_1_641' title='bbox 2034 3754 2196 3807; x_wconf 84' lang='lat' dir='ltr'><strong>supra</strong></span> <span class='ocrx_word' id='word_1_642' title='bbox 2230 3748 2467 3791; x_wconf 88' lang='lat' dir='ltr'><strong>mentem</strong></span> <span class='ocrx_word' id='word_1_643' title='bbox 2498 3739 2736 3794; x_wconf 81' lang='lat' dir='ltr'><strong>hominis</strong></span> <span class='ocrx_word' id='word_1_644' title='bbox 2752 3752 2900 3794; x_wconf 91' lang='lat' dir='ltr'><strong>sunt.</strong></span> <span class='ocrx_word' id='word_1_645' title='bbox 2927 3741 2988 3795; x_wconf 83' lang='lat' dir='ltr'><strong>Et</strong></span> <span class='ocrx_word' id='word_1_646' title='bbox 3018 3744 3215 3797; x_wconf 85' lang='lat' dir='ltr'><strong>sedere</strong></span> <span class='ocrx_word' id='word_1_647' title='bbox 3236 3758 3267 3796; x_wconf 69' lang='grc' dir='ltr'><strong>ε</strong></span> <span class='ocrx_word' id='word_1_648' title='bbox 3292 3744 3503 3798; x_wconf 88' lang='lat' dir='ltr'><strong>dextris</strong></span> 
     </span>
    </p>
   </div>
   <div class='ocr_carea' id='block_1_83' title="bbox 1906 3833 3508 3907">
    <p class='ocr_par' dir='ltr' id='par_1_83' title="bbox 1906 3833 3508 3907">
     <span class='ocr_line' id='line_1_83' title="bbox 1906 3833 3508 3907; baseline 0.006 -24"><span class='ocrx_word' id='word_1_649' title='bbox 1906 3833 2064 3894; x_wconf 83' lang='lat' dir='ltr'><strong>meis,</strong></span> <span class='ocrx_word' id='word_1_650' title='bbox 2098 3846 2354 3901; x_wconf 84' lang='lat' dir='ltr'><strong>magnum</strong></span> <span class='ocrx_word' id='word_1_651' title='bbox 2386 3840 2493 3897; x_wconf 88' lang='lat' dir='ltr'><strong>est,</strong></span> <span class='ocrx_word' id='word_1_652' title='bbox 2524 3834 2742 3901; x_wconf 86' lang='lat' dir='ltr'><strong>etquod</strong></span> <span class='ocrx_word' id='word_1_653' title='bbox 2771 3835 2991 3889; x_wconf 85' lang='lat' dir='ltr'><strong>excellit</strong></span> <span class='ocrx_word' id='word_1_654' title='bbox 3030 3836 3195 3889; x_wconf 89' lang='lat' dir='ltr'><strong>etiam</strong></span> <span class='ocrx_word' id='word_1_655' title='bbox 3229 3838 3508 3907; x_wconf 88' lang='lat' dir='ltr'><strong>angelicos</strong></span> 
     </span>
    </p>
   </div>
   <div class='ocr_carea' id='block_1_84' title="bbox 1898 3923 3505 3997">
    <p class='ocr_par' dir='ltr' id='par_1_84' title="bbox 1898 3923 3505 3997">
     <span class='ocr_line' id='line_1_84' title="bbox 1898 3923 3505 3997; baseline 0.005 -21"><span class='ocrx_word' id='word_1_656' title='bbox 1898 3924 2155 3977; x_wconf 89' lang='lat' dir='ltr'><strong>ordines:</strong></span> <span class='ocrx_word' id='word_1_657' title='bbox 2188 3923 2358 3994; x_wconf 70' lang='grc'><strong>228</strong></span> <span class='ocrx_word' id='word_1_658' title='bbox 2386 3934 2441 3979; x_wconf 89' lang='lat' dir='ltr'><strong>et</strong></span> <span class='ocrx_word' id='word_1_659' title='bbox 2470 3939 2570 3979; x_wconf 83' lang='lat' dir='ltr'><strong>vos</strong></span> <span class='ocrx_word' id='word_1_660' title='bbox 2592 3928 2811 3995; x_wconf 90' lang='lat' dir='ltr'><strong>quidem</strong></span> <span class='ocrx_word' id='word_1_661' title='bbox 2843 3928 2911 3980; x_wconf 90' lang='lat' dir='ltr'><strong>ad</strong></span> <span class='ocrx_word' id='word_1_662' title='bbox 2941 3929 3172 3995; x_wconf 81' lang='lat' dir='ltr'><strong>gloriam</strong></span> <span class='ocrx_word' id='word_1_663' title='bbox 3209 3928 3505 3997; x_wconf 82' lang='lat' dir='ltr'><strong>festinatis,</strong></span> 
     </span>
    </p>
   </div>
   <div class='ocr_carea' id='block_1_85' title="bbox 1898 4019 3507 4086">
    <p class='ocr_par' dir='ltr' id='par_1_85' title="bbox 1898 4019 3507 4086">
     <span class='ocr_line' id='line_1_85' title="bbox 1898 4019 3507 4086; baseline 0.006 -19"><span class='ocrx_word' id='word_1_664' title='bbox 1898 4031 1999 4086; x_wconf 88' lang='lat' dir='ltr'><strong>ego</strong></span> <span class='ocrx_word' id='word_1_665' title='bbox 2022 4027 2206 4070; x_wconf 90' lang='lat' dir='ltr'><strong>autem</strong></span> <span class='ocrx_word' id='word_1_666' title='bbox 2262 4019 2329 4071; x_wconf 88' lang='lat' dir='ltr'><strong>ad</strong></span> <span class='ocrx_word' id='word_1_667' title='bbox 2378 4028 2613 4073; x_wconf 89' lang='lat' dir='ltr'><strong>mortem</strong></span> <span class='ocrx_word' id='word_1_668' title='bbox 2644 4034 2742 4074; x_wconf 84' lang='lat' dir='ltr'><strong>vos</strong></span> <span class='ocrx_word' id='word_1_669' title='bbox 2775 4034 2927 4074; x_wconf 83' lang='lat' dir='ltr'><strong>voco.</strong></span> <span class='ocrx_word' id='word_1_670' title='bbox 2976 4020 3241 4075; x_wconf 84' lang='lat' dir='ltr'><strong>Poculum</strong></span> <span class='ocrx_word' id='word_1_671' title='bbox 3272 4023 3418 4077; x_wconf 90' lang='lat' dir='ltr'><strong>enim</strong></span> <span class='ocrx_word' id='word_1_672' title='bbox 3448 4034 3507 4077; x_wconf 80' lang='lat' dir='ltr'><strong>et</strong></span> 
     </span>
    </p>
   </div>
   <div class='ocr_carea' id='block_1_86' title="bbox 1900 4093 3506 4184">
    <p class='ocr_par' dir='ltr' id='par_1_86' title="bbox 1900 4093 3506 4184">
     <span class='ocr_line' id='line_1_86' title="bbox 1900 4093 3506 4184; baseline 0.006 -25"><span class='ocrx_word' id='word_1_673' title='bbox 1900 4106 2169 4175; x_wconf 85' lang='lat' dir='ltr'><strong>baptisma</strong></span> <span class='ocrx_word' id='word_1_674' title='bbox 2202 4093 2422 4162; x_wconf 80' lang='lat' dir='ltr'><strong>crucem</strong></span> <span class='ocrx_word' id='word_1_675' title='bbox 2459 4109 2731 4165; x_wconf 89' lang='lat' dir='ltr'><strong>nominat.</strong></span> <span class='ocrx_word' id='word_1_676' title='bbox 2770 4109 3030 4165; x_wconf 91' lang='lat' dir='ltr'><strong>Poculum</strong></span> <span class='ocrx_word' id='word_1_677' title='bbox 3063 4112 3285 4181; x_wconf 88' lang='lat' dir='ltr'><strong>quidem</strong></span> <span class='ocrx_word' id='word_1_678' title='bbox 3310 4153 3326 4179; x_wconf 96' lang='lat'><strong>,</strong></span> <span class='ocrx_word' id='word_1_679' title='bbox 3357 4116 3506 4184; x_wconf 84' lang='lat' dir='ltr'><strong>quod</strong></span> 
     </span>
    </p>
   </div>
   <div class='ocr_carea' id='block_1_87' title="bbox 1897 4200 3507 4278">
    <p class='ocr_par' dir='ltr' id='par_1_87' title="bbox 1897 4200 3507 4278">
     <span class='ocr_line' id='line_1_87' title="bbox 1897 4200 3507 4278; baseline 0.007 -26"><span class='ocrx_word' id='word_1_680' title='bbox 1897 4200 2085 4252; x_wconf 88' lang='lat' dir='ltr'><strong>statim</strong></span> <span class='ocrx_word' id='word_1_681' title='bbox 2129 4215 2383 4256; x_wconf 88' lang='lat' dir='ltr'><strong>somnum</strong></span> <span class='ocrx_word' id='word_1_682' title='bbox 2414 4204 2703 4267; x_wconf 91' lang='lat' dir='ltr'><strong>conciliet,</strong></span> <span class='ocrx_word' id='word_1_683' title='bbox 2740 4216 2797 4257; x_wconf 90' lang='lat' dir='ltr'><strong>et</strong></span> <span class='ocrx_word' id='word_1_684' title='bbox 2848 4207 2993 4275; x_wconf 90' lang='lat' dir='ltr'><strong>quod</strong></span> <span class='ocrx_word' id='word_1_685' title='bbox 3024 4209 3092 4259; x_wconf 85' lang='lat' dir='ltr'><strong>ab</strong></span> <span class='ocrx_word' id='word_1_686' title='bbox 3144 4206 3264 4275; x_wconf 85' lang='lat' dir='ltr'><strong>ipso</strong></span> <span class='ocrx_word' id='word_1_687' title='bbox 3305 4222 3507 4278; x_wconf 81' lang='lat' dir='ltr'><strong>magna</strong></span> 
     </span>
    </p>
   </div>
   <div class='ocr_carea' id='block_1_88' title="bbox 1898 4295 3507 4371">
    <p class='ocr_par' dir='ltr' id='par_1_88' title="bbox 1898 4295 3507 4371">
     <span class='ocr_line' id='line_1_88' title="bbox 1898 4295 3507 4371; baseline 0.006 -23"><span class='ocrx_word' id='word_1_688' title='bbox 1898 4307 2020 4348; x_wconf 90' lang='lat' dir='ltr'><strong>cum</strong></span> <span class='ocrx_word' id='word_1_689' title='bbox 2055 4295 2327 4350; x_wconf 83' lang='lat' dir='ltr'><strong>suavitate</strong></span> <span class='ocrx_word' id='word_1_690' title='bbox 2354 4306 2644 4364; x_wconf 81' lang='lat' dir='ltr'><strong>sumatur;</strong></span> <span class='ocrx_word' id='word_1_691' title='bbox 2684 4299 2954 4367; x_wconf 88' lang='lat' dir='ltr'><strong>baptisma</strong></span> <span class='ocrx_word' id='word_1_692' title='bbox 2982 4310 3187 4365; x_wconf 90' lang='lat' dir='ltr'><strong>autem,</strong></span> <span class='ocrx_word' id='word_1_693' title='bbox 3230 4307 3375 4371; x_wconf 92' lang='lat' dir='ltr'><strong>quod</strong></span> <span class='ocrx_word' id='word_1_694' title='bbox 3417 4301 3507 4358; x_wconf 63' lang='lat' dir='ltr'><strong>{uc</strong></span> 
     </span>
    </p>
   </div>
   <div class='ocr_carea' id='block_1_89' title="bbox 1902 4392 3507 4459">
    <p class='ocr_par' dir='ltr' id='par_1_89' title="bbox 1902 4392 3507 4459">
     <span class='ocr_line' id='line_1_89' title="bbox 1902 4392 3507 4459; baseline 0.009 -21"><span class='ocrx_word' id='word_1_695' title='bbox 1902 4394 2024 4439; x_wconf 90' lang='lat' dir='ltr'><strong>tura</strong></span> <span class='ocrx_word' id='word_1_696' title='bbox 2052 4396 2199 4442; x_wconf 87' lang='lat' dir='ltr'><strong>esset</strong></span> <span class='ocrx_word' id='word_1_697' title='bbox 2228 4399 2583 4456; x_wconf 87' lang='lat' dir='ltr'><strong>peccatorum</strong></span> <span class='ocrx_word' id='word_1_698' title='bbox 2619 4392 2947 4459; x_wconf 81' lang='lat' dir='ltr'><strong>puriﬁcatio.</strong></span> <span class='ocrx_word' id='word_1_699' title='bbox 2983 4398 3053 4447; x_wconf 83' lang='lat' dir='ltr'><strong>At</strong></span> <span class='ocrx_word' id='word_1_700' title='bbox 3098 4394 3153 4449; x_wconf 86' lang='lat' dir='ltr'><strong>bi</strong></span> <span class='ocrx_word' id='word_1_701' title='bbox 3206 4412 3311 4449; x_wconf 92' lang='lat' dir='ltr'><strong>non</strong></span> <span class='ocrx_word' id='word_1_702' title='bbox 3344 4397 3507 4451; x_wconf 78' lang='lat' dir='ltr'><strong>intel-</strong></span> 
     </span>
    </p>
   </div>
   <div class='ocr_carea' id='block_1_90' title="bbox 1899 4480 3507 4555">
    <p class='ocr_par' dir='ltr' id='par_1_90' title="bbox 1899 4480 3507 4555">
     <span class='ocr_line' id='line_1_90' title="bbox 1899 4480 3507 4555; baseline 0.006 -20"><span class='ocrx_word' id='word_1_703' title='bbox 1899 4480 2138 4551; x_wconf 86' lang='lat' dir='ltr'><strong>ligentes</strong></span> <span class='ocrx_word' id='word_1_704' title='bbox 2174 4482 2305 4552; x_wconf 90' lang='lat' dir='ltr'><strong>quid</strong></span> <span class='ocrx_word' id='word_1_705' title='bbox 2362 4483 2574 4539; x_wconf 85' lang='lat' dir='ltr'><strong>diceret</strong></span> <span class='ocrx_word' id='word_1_706' title='bbox 2630 4485 2860 4553; x_wconf 88' lang='lat' dir='ltr'><strong>polliciti</strong></span> <span class='ocrx_word' id='word_1_707' title='bbox 2920 4497 3066 4541; x_wconf 89' lang='lat' dir='ltr'><strong>sunt.</strong></span> <span class='ocrx_word' id='word_1_708' title='bbox 3130 4488 3507 4555; x_wconf 87' lang='lat' dir='ltr'><strong>Opinabantnr</strong></span> 
     </span>
    </p>
   </div>
   <div class='ocr_carea' id='block_1_91' title="bbox 188 4570 1791 4651">
    <p class='ocr_par' dir='ltr' id='par_1_91' title="bbox 188 4570 1791 4646">
     <span class='ocr_line' id='line_1_91' title="bbox 188 4570 1791 4646; baseline 0.004 -23"><span class='ocrx_word' id='word_1_709' title='bbox 188 4587 274 4637; x_wconf 85' lang='grc' dir='ltr'><strong>το,</strong></span> <span class='ocrx_word' id='word_1_710' title='bbox 314 4570 637 4640; x_wconf 79' lang='grc' dir='ltr'>νομίζοντες</span> <span class='ocrx_word' id='word_1_711' title='bbox 669 4571 853 4640; x_wconf 81' lang='grc' dir='ltr'>λέγειν</span> <span class='ocrx_word' id='word_1_712' title='bbox 886 4574 1017 4644; x_wconf 75' lang='grc' dir='ltr'>περὶ</span> <span class='ocrx_word' id='word_1_713' title='bbox 1050 4573 1315 4644; x_wconf 83' lang='grc' dir='ltr'>ποτηρίου</span> <span class='ocrx_word' id='word_1_714' title='bbox 1368 4574 1663 4646; x_wconf 74' lang='grc' dir='ltr'>αἰσθητοῦ,</span> <span class='ocrx_word' id='word_1_715' title='bbox 1700 4578 1791 4630; x_wconf 76' lang='grc' dir='ltr'>καὶ</span> 
     </span>
    </p>
   </div>
   <div class='ocr_carea' id='block_1_92' title="bbox 1902 4570 3506 4651">
    <p class='ocr_par' dir='ltr' id='par_1_92' title="bbox 1902 4574 3506 4651">
     <span class='ocr_line' id='line_1_92' title="bbox 1902 4574 3506 4651; baseline 0.005 -22"><span class='ocrx_word' id='word_1_716' title='bbox 1902 4575 2047 4629; x_wconf 88' lang='lat' dir='ltr'><strong>enim</strong></span> <span class='ocrx_word' id='word_1_717' title='bbox 2071 4590 2197 4630; x_wconf 91' lang='lat' dir='ltr'><strong>eum</strong></span> <span class='ocrx_word' id='word_1_718' title='bbox 2212 4574 2355 4645; x_wconf 88' lang='lat' dir='ltr'><strong>loqui</strong></span> <span class='ocrx_word' id='word_1_719' title='bbox 2372 4576 2438 4630; x_wconf 91' lang='lat' dir='ltr'><strong>de</strong></span> <span class='ocrx_word' id='word_1_720' title='bbox 2459 4576 2654 4645; x_wconf 87' lang='lat' dir='ltr'><strong>poculo</strong></span> <span class='ocrx_word' id='word_1_721' title='bbox 2670 4578 3008 4643; x_wconf 87' lang='lat' dir='ltr'><strong>sensibili,et</strong></span> <span class='ocrx_word' id='word_1_722' title='bbox 3029 4579 3358 4648; x_wconf 80' lang='lat' dir='ltr'><strong>baptismate</strong></span> <span class='ocrx_word' id='word_1_723' title='bbox 3392 4598 3506 4651; x_wconf 89' lang='lat' dir='ltr'><strong>quo</strong></span> 
     </span>
    </p>
   </div>
   <div class='ocr_carea' id='block_1_93' title="bbox 192 4664 1791 4741">
    <p class='ocr_par' dir='ltr' id='par_1_93' title="bbox 192 4664 1791 4741">
     <span class='ocr_line' id='line_1_93' title="bbox 192 4664 1791 4741; baseline 0.004 -23"><span class='ocrx_word' id='word_1_724' title='bbox 192 4664 580 4735; x_wconf 85' lang='grc' dir='ltr'>βαπτίσματος</span> <span class='ocrx_word' id='word_1_725' title='bbox 628 4665 726 4736; x_wconf 76' lang='grc' dir='ltr'>οἴῳ</span> <span class='ocrx_word' id='word_1_726' title='bbox 755 4666 1117 4731; x_wconf 72' lang='grc' dir='ltr'>ἐϐαπτίζοντο</span> <span class='ocrx_word' id='word_1_727' title='bbox 1148 4668 1199 4721; x_wconf 80' lang='lat' dir='ltr'><strong>oi</strong></span> <span class='ocrx_word' id='word_1_728' title='bbox 1239 4666 1486 4721; x_wconf 85' lang='grc' dir='ltr'>Ἰουδαῖοι</span> <span class='ocrx_word' id='word_1_729' title='bbox 1507 4710 1520 4734; x_wconf 89' lang='grc'><strong>,</strong></span> <span class='ocrx_word' id='word_1_730' title='bbox 1555 4670 1663 4741; x_wconf 81' lang='grc' dir='ltr'>πρὸ</span> <span class='ocrx_word' id='word_1_731' title='bbox 1695 4668 1791 4724; x_wconf 87' lang='grc' dir='ltr'><strong>τοῦ</strong></span> 
     </span>
    </p>
   </div>
   <div class='ocr_carea' id='block_1_94' title="bbox 192 4756 772 4829">
    <p class='ocr_par' dir='ltr' id='par_1_94' title="bbox 192 4756 772 4829">
     <span class='ocr_line' id='line_1_94' title="bbox 192 4756 772 4829; baseline 0.005 -19"><span class='ocrx_word' id='word_1_732' title='bbox 192 4761 394 4827; x_wconf 82' lang='grc' dir='ltr'>φαγεῖν</span> <span class='ocrx_word' id='word_1_733' title='bbox 417 4756 772 4829; x_wconf 78' lang='grc' dir='ltr'>πλυνόμενοι.</span> 
     </span>
    </p>
   </div>
   <div class='ocr_carea' id='block_1_95' title="bbox 265 4844 1795 4925">
    <p class='ocr_par' dir='ltr' id='par_1_95' title="bbox 265 4844 1795 4925">
     <span class='ocr_line' id='line_1_95' title="bbox 265 4844 1795 4925; baseline 0.003 -23"><span class='ocrx_word' id='word_1_734' title='bbox 265 4868 287 4902; x_wconf 81' lang='lat' dir='ltr'><strong>r</strong></span> <span class='ocrx_word' id='word_1_735' title='bbox 335 4850 396 4903; x_wconf 86' lang='lat'><strong>&#39;0</strong></span> <span class='ocrx_word' id='word_1_736' title='bbox 427 4848 487 4904; x_wconf 70' lang='grc' dir='ltr'>δὲ</span> <span class='ocrx_word' id='word_1_737' title='bbox 539 4848 748 4920; x_wconf 81' lang='grc' dir='ltr'>Ἰησοῦς</span> <span class='ocrx_word' id='word_1_738' title='bbox 788 4844 943 4904; x_wconf 83' lang='grc' dir='ltr'>εἶπεν</span> <span class='ocrx_word' id='word_1_739' title='bbox 972 4850 1188 4913; x_wconf 75' lang='grc' dir='ltr'>αὐτοῖς’</span> <span class='ocrx_word' id='word_1_740' title='bbox 1214 4852 1288 4905; x_wconf 79' lang='grc' dir='ltr'>Τὸ</span> <span class='ocrx_word' id='word_1_741' title='bbox 1321 4854 1421 4923; x_wconf 72' lang='grc' dir='ltr'>μὲν</span> <span class='ocrx_word' id='word_1_742' title='bbox 1453 4856 1716 4925; x_wconf 84' lang='grc' dir='ltr'>ποτήριον</span> <span class='ocrx_word' id='word_1_743' title='bbox 1766 4854 1795 4907; x_wconf 86' lang='grc' dir='ltr'><strong>δ</strong></span> 
     </span>
    </p>
   </div>
   <div class='ocr_carea' id='block_1_96' title="bbox 191 4943 1793 5019">
    <p class='ocr_par' dir='ltr' id='par_1_96' title="bbox 191 4943 1793 5019">
     <span class='ocr_line' id='line_1_96' title="bbox 191 4943 1793 5019; baseline 0.004 -22"><span class='ocrx_word' id='word_1_744' title='bbox 191 4943 307 5013; x_wconf 73' lang='grc' dir='ltr'>εγὼ</span> <span class='ocrx_word' id='word_1_745' title='bbox 329 4945 498 5006; x_wconf 85' lang='grc' dir='ltr'>πίνω,</span> <span class='ocrx_word' id='word_1_746' title='bbox 531 4944 741 5007; x_wconf 87' lang='grc' dir='ltr'>πίεσθε,</span> <span class='ocrx_word' id='word_1_747' title='bbox 774 4944 870 4998; x_wconf 79' lang='grc' dir='ltr'>καὶ</span> <span class='ocrx_word' id='word_1_748' title='bbox 904 4946 966 4999; x_wconf 83' lang='grc' dir='ltr'>τὸ</span> <span class='ocrx_word' id='word_1_749' title='bbox 991 4945 1278 5015; x_wconf 83' lang='grc' dir='ltr'>βάπτισμα</span> <span class='ocrx_word' id='word_1_750' title='bbox 1315 4947 1343 5000; x_wconf 85' lang='grc' dir='ltr'><em>ὃ</em></span> <span class='ocrx_word' id='word_1_751' title='bbox 1377 4948 1488 5016; x_wconf 78' lang='grc' dir='ltr'><strong>ἐγὼ</strong></span> <span class='ocrx_word' id='word_1_752' title='bbox 1531 4948 1793 5019; x_wconf 74' lang='grc' dir='ltr'>βαπτίζο-</span> 
     </span>
    </p>
   </div>
   <div class='ocr_carea' id='block_1_97' title="bbox 193 5035 1791 5115">
    <p class='ocr_par' dir='ltr' id='par_1_97' title="bbox 193 5035 1791 5115">
     <span class='ocr_line' id='line_1_97' title="bbox 193 5035 1791 5115; baseline 0.003 -25"><span class='ocrx_word' id='word_1_753' title='bbox 193 5056 316 5115; x_wconf 84' lang='grc' dir='ltr'>μαι,</span> <span class='ocrx_word' id='word_1_754' title='bbox 350 5035 777 5107; x_wconf 83' lang='grc' dir='ltr'>βαπτισθήσεθε.</span> <span class='ocrx_word' id='word_1_755' title='bbox 828 5039 903 5092; x_wconf 83' lang='grc' dir='ltr'><strong>Τδ</strong></span> <span class='ocrx_word' id='word_1_756' title='bbox 952 5039 1008 5092; x_wconf 72' lang='grc' dir='ltr'>δὲ</span> <span class='ocrx_word' id='word_1_757' title='bbox 1041 5040 1266 5093; x_wconf 83' lang='grc' dir='ltr'>καθίσαι</span> <span class='ocrx_word' id='word_1_758' title='bbox 1321 5043 1386 5093; x_wconf 79' lang='grc' dir='ltr'>ὲκ</span> <span class='ocrx_word' id='word_1_759' title='bbox 1433 5041 1629 5106; x_wconf 84' lang='grc' dir='ltr'>δεξιῶν</span> <span class='ocrx_word' id='word_1_760' title='bbox 1686 5059 1791 5111; x_wconf 90' lang='grc' dir='ltr'><strong>μου</strong></span> 
     </span>
    </p>
   </div>
   <div class='ocr_carea' id='block_1_98' title="bbox 190 5128 1791 5203">
    <p class='ocr_par' dir='ltr' id='par_1_98' title="bbox 190 5128 1791 5203">
     <span class='ocr_line' id='line_1_98' title="bbox 190 5128 1791 5203; baseline 0.001 -18"><span class='ocrx_word' id='word_1_761' title='bbox 190 5132 285 5185; x_wconf 69' lang='grc' dir='ltr'>καὶ</span> <span class='ocrx_word' id='word_1_762' title='bbox 309 5130 369 5196; x_wconf 76' lang='grc' dir='ltr'><strong>ιε</strong></span> <span class='ocrx_word' id='word_1_763' title='bbox 397 5128 699 5201; x_wconf 79' lang='grc' dir='ltr'>εὐωνύμων</span> <span class='ocrx_word' id='word_1_764' title='bbox 735 5146 839 5201; x_wconf 91' lang='grc' dir='ltr'><strong>μου</strong></span> <span class='ocrx_word' id='word_1_765' title='bbox 860 5171 875 5194; x_wconf 89' lang='grc'><strong>,</strong></span> <span class='ocrx_word' id='word_1_766' title='bbox 904 5132 1007 5185; x_wconf 77' lang='grc' dir='ltr'>οὐκ</span> <span class='ocrx_word' id='word_1_767' title='bbox 1040 5132 1191 5185; x_wconf 77' lang='grc' dir='ltr'>ἔστιν</span> <span class='ocrx_word' id='word_1_768' title='bbox 1221 5132 1356 5203; x_wconf 68' lang='grc' dir='ltr'>ἐμὸν</span> <span class='ocrx_word' id='word_1_769' title='bbox 1391 5133 1616 5198; x_wconf 82' lang='grc' dir='ltr'>δοῦναι,</span> <span class='ocrx_word' id='word_1_770' title='bbox 1671 5135 1791 5188; x_wconf 85' lang='grc' dir='ltr'>ἀλλ’</span> 
     </span>
    </p>
   </div>
   <div class='ocr_carea' id='block_1_99' title="bbox 188 5218 1790 5296">
    <p class='ocr_par' dir='ltr' id='par_1_99' title="bbox 188 5218 1790 5296">
     <span class='ocr_line' id='line_1_99' title="bbox 188 5218 1790 5296; baseline 0.004 -22"><span class='ocrx_word' id='word_1_771' title='bbox 188 5218 271 5285; x_wconf 76' lang='grc' dir='ltr'>οἷς</span> <span class='ocrx_word' id='word_1_772' title='bbox 310 5223 663 5292; x_wconf 63' lang='grc' dir='ltr'><strong>⁴ἡτοίμασται.</strong></span> <span class='ocrx_word' id='word_1_773' title='bbox 711 5240 731 5273; x_wconf 74' lang='grc' dir='ltr'><strong>ι</strong></span> <span class='ocrx_word' id='word_1_774' title='bbox 764 5223 839 5276; x_wconf 85' lang='grc' dir='ltr'>Τὸ</span> <span class='ocrx_word' id='word_1_775' title='bbox 874 5223 976 5292; x_wconf 68' lang='grc' dir='ltr'>μὶν</span> <span class='ocrx_word' id='word_1_776' title='bbox 1015 5224 1338 5295; x_wconf 85' lang='grc' dir='ltr'>μαρτύριον,</span> <span class='ocrx_word' id='word_1_777' title='bbox 1367 5228 1557 5296; x_wconf 76' lang='grc' dir='ltr'>φησὶν,</span> <span class='ocrx_word' id='word_1_778' title='bbox 1595 5227 1790 5281; x_wconf 83' lang='grc' dir='ltr'>ὑπεισ-</span> 
     </span>
    </p>
   </div>
   <div class='ocr_carea' id='block_1_100' title="bbox 190 5315 1789 5389">
    <p class='ocr_par' dir='ltr' id='par_1_100' title="bbox 190 5315 1789 5389">
     <span class='ocr_line' id='line_1_100' title="bbox 190 5315 1789 5389; baseline 0.002 -19"><span class='ocrx_word' id='word_1_779' title='bbox 190 5316 510 5379; x_wconf 75' lang='grc' dir='ltr'>εὶεύσεσθε,</span> <span class='ocrx_word' id='word_1_780' title='bbox 546 5317 639 5369; x_wconf 80' lang='grc' dir='ltr'>καὶ</span> <span class='ocrx_word' id='word_1_781' title='bbox 682 5315 1055 5371; x_wconf 78' lang='grc' dir='ltr'>ἀποθανεῖσθε</span> <span class='ocrx_word' id='word_1_782' title='bbox 1087 5319 1180 5370; x_wconf 78' lang='grc' dir='ltr'>τὸν</span> <span class='ocrx_word' id='word_1_783' title='bbox 1220 5319 1363 5389; x_wconf 67' lang='grc' dir='ltr'>ὑπὲρ</span> <span class='ocrx_word' id='word_1_784' title='bbox 1394 5320 1493 5389; x_wconf 82' lang='grc' dir='ltr'>τῆς</span> <span class='ocrx_word' id='word_1_785' title='bbox 1524 5319 1789 5389; x_wconf 84' lang='grc' dir='ltr'>ἀληθείας</span> 
     </span>
    </p>
   </div>
   <div class='ocr_carea' id='block_1_101' title="bbox 188 5408 1787 5481">
    <p class='ocr_par' dir='ltr' id='par_1_101' title="bbox 188 5408 1787 5481">
     <span class='ocr_line' id='line_1_101' title="bbox 188 5408 1787 5481; baseline 0.004 -20"><span class='ocrx_word' id='word_1_786' title='bbox 188 5409 447 5463; x_wconf 65' lang='grc' dir='ltr'>θάνατον.</span> <span class='ocrx_word' id='word_1_787' title='bbox 499 5408 583 5462; x_wconf 78' lang='grc' dir='ltr'>Τὸ</span> <span class='ocrx_word' id='word_1_788' title='bbox 623 5408 681 5462; x_wconf 66' lang='grc' dir='ltr'>δὲ</span> <span class='ocrx_word' id='word_1_789' title='bbox 721 5408 972 5473; x_wconf 87' lang='grc' dir='ltr'>καθίσαι,</span> <span class='ocrx_word' id='word_1_790' title='bbox 1038 5411 1140 5463; x_wconf 84' lang='grc' dir='ltr'>οὐκ</span> <span class='ocrx_word' id='word_1_791' title='bbox 1185 5410 1335 5465; x_wconf 77' lang='grc' dir='ltr'>ἔστιν</span> <span class='ocrx_word' id='word_1_792' title='bbox 1400 5413 1535 5481; x_wconf 70' lang='grc' dir='ltr'>ἐμὸν</span> <span class='ocrx_word' id='word_1_793' title='bbox 1578 5413 1787 5468; x_wconf 88' lang='grc' dir='ltr'>δοῦναι.</span> 
     </span>
    </p>
   </div>
   <div class='ocr_carea' id='block_1_102' title="bbox 201 5498 1790 5581">
    <p class='ocr_par' dir='ltr' id='par_1_102' title="bbox 201 5498 1790 5581">
     <span class='ocr_line' id='line_1_102' title="bbox 201 5498 1790 5581; baseline 0.004 -28"><span class='ocrx_word' id='word_1_794' title='bbox 201 5498 470 5554; x_wconf 73' lang='grc' dir='ltr'>Ἐνταῦθα</span> <span class='ocrx_word' id='word_1_795' title='bbox 500 5500 557 5554; x_wconf 70' lang='grc' dir='ltr'><strong>δδ</strong></span> <span class='ocrx_word' id='word_1_796' title='bbox 586 5500 681 5553; x_wconf 88' lang='grc' dir='ltr'><strong>δύο</strong></span> <span class='ocrx_word' id='word_1_797' title='bbox 704 5500 828 5555; x_wconf 88' lang='grc' dir='ltr'><strong>τινά</strong></span> <span class='ocrx_word' id='word_1_798' title='bbox 855 5500 1169 5572; x_wconf 84' lang='grc' dir='ltr'>ζητοῦνται.</span> <span class='ocrx_word' id='word_1_799' title='bbox 1204 5504 1302 5581; x_wconf 60' lang='grc' dir='ltr'><strong>’ξΕν</strong></span> <span class='ocrx_word' id='word_1_800' title='bbox 1334 5506 1433 5574; x_wconf 78' lang='grc' dir='ltr'>μὲν</span> <span class='ocrx_word' id='word_1_801' title='bbox 1463 5505 1606 5559; x_wconf 90' lang='grc' dir='ltr'>τόδε.</span> <span class='ocrx_word' id='word_1_802' title='bbox 1638 5502 1790 5577; x_wconf 76' lang='grc' dir='ltr'><strong>Ἀρα</strong></span> 
     </span>
    </p>
   </div>
   <div class='ocr_carea' id='block_1_103' title="bbox 188 5588 1790 5664">
    <p class='ocr_par' dir='ltr' id='par_1_103' title="bbox 188 5588 1790 5664">
     <span class='ocr_line' id='line_1_103' title="bbox 188 5588 1790 5664; baseline 0.003 -22"><span class='ocrx_word' id='word_1_803' title='bbox 188 5588 524 5660; x_wconf 74' lang='grc' dir='ltr'>ἡτοίμασται</span> <span class='ocrx_word' id='word_1_804' title='bbox 551 5605 659 5641; x_wconf 83' lang='grc' dir='ltr'>τινι</span> <span class='ocrx_word' id='word_1_805' title='bbox 688 5589 749 5641; x_wconf 77' lang='grc' dir='ltr'><strong>τὸ</strong></span> <span class='ocrx_word' id='word_1_806' title='bbox 783 5590 1011 5643; x_wconf 86' lang='grc' dir='ltr'>καθίσαι</span> <span class='ocrx_word' id='word_1_807' title='bbox 1041 5606 1057 5656; x_wconf 88' lang='lat'><strong>;</strong></span> <span class='ocrx_word' id='word_1_808' title='bbox 1102 5590 1293 5662; x_wconf 72' lang='grc' dir='ltr'>ἕτερον</span> <span class='ocrx_word' id='word_1_809' title='bbox 1335 5592 1415 5657; x_wconf 80' lang='grc' dir='ltr'>δὲ,</span> <span class='ocrx_word' id='word_1_810' title='bbox 1451 5588 1563 5664; x_wconf 80' lang='grc' dir='ltr'>ἆρα</span> <span class='ocrx_word' id='word_1_811' title='bbox 1590 5595 1620 5646; x_wconf 83' lang='grc' dir='ltr'><strong>δ</strong></span> <span class='ocrx_word' id='word_1_812' title='bbox 1651 5598 1790 5647; x_wconf 82' lang='grc' dir='ltr'>πάν-</span> 
     </span>
    </p>
   </div>
   <div class='ocr_carea' id='block_1_104' title="bbox 185 5680 1777 5756">
    <p class='ocr_par' dir='ltr' id='par_1_104' title="bbox 185 5680 1777 5756">
     <span class='ocr_line' id='line_1_104' title="bbox 185 5680 1777 5756; baseline 0.004 -21"><span class='ocrx_word' id='word_1_813' title='bbox 185 5698 296 5735; x_wconf 83' lang='grc' dir='ltr'><strong>των</strong></span> <span class='ocrx_word' id='word_1_814' title='bbox 324 5682 600 5749; x_wconf 76' lang='grc' dir='ltr'>Δεσπότης</span> <span class='ocrx_word' id='word_1_815' title='bbox 628 5681 691 5734; x_wconf 80' lang='grc' dir='ltr'>οὐ</span> <span class='ocrx_word' id='word_1_816' title='bbox 731 5680 957 5736; x_wconf 85' lang='grc' dir='ltr'>δύναται</span> <span class='ocrx_word' id='word_1_817' title='bbox 977 5684 1184 5753; x_wconf 85' lang='grc' dir='ltr'>ταύτην</span> <span class='ocrx_word' id='word_1_818' title='bbox 1209 5685 1313 5755; x_wconf 78' lang='grc' dir='ltr'>τὴν</span> <span class='ocrx_word' id='word_1_819' title='bbox 1342 5686 1615 5756; x_wconf 78' lang='grc' dir='ltr'>καθέδραν</span> <span class='ocrx_word' id='word_1_820' title='bbox 1645 5687 1777 5741; x_wconf 76' lang='grc' dir='ltr'>δοῦ·</span> 
     </span>
    </p>
   </div>
   <div class='ocr_carea' id='block_1_105' title="bbox 189 5774 1790 5852">
    <p class='ocr_par' dir='ltr' id='par_1_105' title="bbox 189 5774 1790 5852">
     <span class='ocr_line' id='line_1_105' title="bbox 189 5774 1790 5852; baseline 0.005 -25"><span class='ocrx_word' id='word_1_821' title='bbox 189 5792 315 5840; x_wconf 75' lang='grc' dir='ltr'>ναις</span> <span class='ocrx_word' id='word_1_822' title='bbox 357 5774 608 5845; x_wconf 70' lang='grc' dir='ltr'>Λὲγομεν</span> <span class='ocrx_word' id='word_1_823' title='bbox 634 5774 732 5830; x_wconf 81' lang='grc' dir='ltr'><strong>οῦν</strong></span> <span class='ocrx_word' id='word_1_824' title='bbox 760 5776 847 5830; x_wconf 81' lang='grc' dir='ltr'>ὅτι</span> <span class='ocrx_word' id='word_1_825' title='bbox 866 5777 1051 5842; x_wconf 73' lang='grc' dir='ltr'>οὐδεὶς</span> <span class='ocrx_word' id='word_1_826' title='bbox 1092 5780 1157 5832; x_wconf 70' lang='lat' dir='ltr'><strong>lx</strong></span> <span class='ocrx_word' id='word_1_827' title='bbox 1184 5776 1379 5843; x_wconf 83' lang='grc' dir='ltr'>δεξιῶν</span> <span class='ocrx_word' id='word_1_828' title='bbox 1413 5780 1626 5834; x_wconf 75' lang='grc' dir='ltr'>καθίσει</span> <span class='ocrx_word' id='word_1_829' title='bbox 1656 5782 1689 5852; x_wconf 75' lang='grc' dir='ltr'>ἢ</span> <span class='ocrx_word' id='word_1_830' title='bbox 1730 5782 1790 5848; x_wconf 76' lang='grc' dir='ltr'>ἐξ</span> 
     </span>
    </p>
   </div>
   <div class='ocr_carea' id='block_1_106' title="bbox 187 5864 1783 5942">
    <p class='ocr_par' dir='ltr' id='par_1_106' title="bbox 187 5864 1783 5942">
     <span class='ocr_line' id='line_1_106' title="bbox 187 5864 1783 5942; baseline 0.006 -26"><span class='ocrx_word' id='word_1_831' title='bbox 187 5864 518 5937; x_wconf 72' lang='grc' dir='ltr'>ἁριςτερῶν.</span> <span class='ocrx_word' id='word_1_832' title='bbox 568 5865 731 5922; x_wconf 75' lang='grc' dir='ltr'>Ἀλλὰ</span> <span class='ocrx_word' id='word_1_833' title='bbox 762 5866 868 5922; x_wconf 63' lang='grc' dir='ltr'>κᾶν</span> <span class='ocrx_word' id='word_1_834' title='bbox 905 5867 1177 5939; x_wconf 67' lang='grc' dir='ltr'>πολλαχοῦ</span> <span class='ocrx_word' id='word_1_835' title='bbox 1222 5869 1325 5941; x_wconf 83' lang='grc' dir='ltr'>τῆς</span> <span class='ocrx_word' id='word_1_836' title='bbox 1378 5870 1607 5942; x_wconf 58' lang='grc' dir='ltr'>Γραςῆς</span> <span class='ocrx_word' id='word_1_837' title='bbox 1650 5871 1783 5925; x_wconf 82' lang='grc' dir='ltr'>καθ-</span> 
     </span>
    </p>
   </div>
   <div class='ocr_carea' id='block_1_107' title="bbox 1904 4665 3503 4737">
    <p class='ocr_par' dir='ltr' id='par_1_107' title="bbox 1904 4665 3503 4737">
     <span class='ocr_line' id='line_1_107' title="bbox 1904 4665 3503 4737; baseline 0.005 -16"><span class='ocrx_word' id='word_1_838' title='bbox 1904 4665 2326 4737; x_wconf 83' lang='lat' dir='ltr'><strong>baptizabantur</strong></span> <span class='ocrx_word' id='word_1_839' title='bbox 2357 4666 2534 4723; x_wconf 60' lang='lat' dir='ltr'><strong>Judai</strong></span> <span class='ocrx_word' id='word_1_840' title='bbox 2576 4682 2702 4723; x_wconf 91' lang='lat' dir='ltr'><strong>cum</strong></span> <span class='ocrx_word' id='word_1_841' title='bbox 2734 4678 2864 4725; x_wconf 74' lang='lat' dir='ltr'><strong>ante</strong></span> <span class='ocrx_word' id='word_1_842' title='bbox 2907 4670 3089 4725; x_wconf 88' lang='lat' dir='ltr'><strong>cibum</strong></span> <span class='ocrx_word' id='word_1_843' title='bbox 3131 4684 3191 4727; x_wconf 75' lang='lat' dir='ltr'><strong>se</strong></span> <span class='ocrx_word' id='word_1_844' title='bbox 3236 4671 3503 4729; x_wconf 74' lang='lat' dir='ltr'><strong>latrarent.</strong></span> 
     </span>
    </p>
   </div>
   <div class='ocr_carea' id='block_1_108' title="bbox 1975 4850 3502 4919">
    <p class='ocr_par' dir='ltr' id='par_1_108' title="bbox 1975 4850 3502 4919">
     <span class='ocr_line' id='line_1_108' title="bbox 1975 4850 3502 4919; baseline 0.003 -14"><span class='ocrx_word' id='word_1_845' title='bbox 1975 4850 2139 4906; x_wconf 68' lang='lat' dir='ltr'><strong>Vens.</strong></span> <span class='ocrx_word' id='word_1_846' title='bbox 2170 4852 2261 4919; x_wconf 80' lang='lat'><strong>&#39;59,</strong></span> <span class='ocrx_word' id='word_1_847' title='bbox 2305 4853 2395 4909; x_wconf 74' lang='grc'><strong>40.</strong></span> <span class='ocrx_word' id='word_1_848' title='bbox 2435 4872 2453 4905; x_wconf 79' lang='grc' dir='ltr'><strong>ι</strong></span> <span class='ocrx_word' id='word_1_849' title='bbox 2492 4851 2657 4910; x_wconf 82' lang='lat' dir='ltr'><strong>Jesus</strong></span> <span class='ocrx_word' id='word_1_850' title='bbox 2686 4864 2869 4910; x_wconf 90' lang='lat' dir='ltr'><strong>autem</strong></span> <span class='ocrx_word' id='word_1_851' title='bbox 2893 4855 3030 4910; x_wconf 92' lang='lat' dir='ltr'><strong>dixit</strong></span> <span class='ocrx_word' id='word_1_852' title='bbox 3059 4855 3166 4911; x_wconf 90' lang='lat' dir='ltr'><strong>illis</strong></span> <span class='ocrx_word' id='word_1_853' title='bbox 3198 4874 3212 4911; x_wconf 94' lang='lat'><strong>:</strong></span> <span class='ocrx_word' id='word_1_854' title='bbox 3244 4855 3502 4910; x_wconf 80' lang='lat' dir='ltr'><strong>Pocutum</strong></span> 
     </span>
    </p>
   </div>
   <div class='ocr_carea' id='block_1_109' title="bbox 1902 4943 3503 5019">
    <p class='ocr_par' dir='ltr' id='par_1_109' title="bbox 1902 4943 3503 5019">
     <span class='ocr_line' id='line_1_109' title="bbox 1902 4943 3503 5019; baseline 0.008 -28"><span class='ocrx_word' id='word_1_855' title='bbox 1902 4943 2120 5010; x_wconf 91' lang='lat' dir='ltr'><strong>quidem</strong></span> <span class='ocrx_word' id='word_1_856' title='bbox 2149 4946 2291 5014; x_wconf 88' lang='lat' dir='ltr'><strong>quod</strong></span> <span class='ocrx_word' id='word_1_857' title='bbox 2316 4960 2418 5015; x_wconf 90' lang='lat' dir='ltr'><strong>ego</strong></span> <span class='ocrx_word' id='word_1_858' title='bbox 2446 4946 2594 5011; x_wconf 90' lang='lat' dir='ltr'><strong>bibo,</strong></span> <span class='ocrx_word' id='word_1_859' title='bbox 2628 4948 2827 5003; x_wconf 88' lang='lat' dir='ltr'><strong>bibetis</strong></span> <span class='ocrx_word' id='word_1_860' title='bbox 2860 4966 2875 5002; x_wconf 91' lang='lat'><strong>:</strong></span> <span class='ocrx_word' id='word_1_861' title='bbox 2918 4958 2973 5003; x_wconf 90' lang='lat' dir='ltr'><strong>et</strong></span> <span class='ocrx_word' id='word_1_862' title='bbox 3018 4950 3351 5018; x_wconf 84' lang='lat' dir='ltr'><strong>baptismate</strong></span> <span class='ocrx_word' id='word_1_863' title='bbox 3395 4966 3503 5019; x_wconf 82' lang='lat' dir='ltr'><strong>quo</strong></span> 
     </span>
    </p>
   </div>
   <div class='ocr_carea' id='block_1_110' title="bbox 1903 5035 3503 5106">
    <p class='ocr_par' dir='ltr' id='par_1_110' title="bbox 1903 5035 3503 5106">
     <span class='ocr_line' id='line_1_110' title="bbox 1903 5035 3503 5106; baseline 0.006 -20"><span class='ocrx_word' id='word_1_864' title='bbox 1903 5049 2003 5102; x_wconf 88' lang='lat' dir='ltr'><strong>ego</strong></span> <span class='ocrx_word' id='word_1_865' title='bbox 2034 5035 2309 5104; x_wconf 87' lang='lat' dir='ltr'><strong>baptizor,</strong></span> <span class='ocrx_word' id='word_1_866' title='bbox 2349 5036 2762 5106; x_wconf 84' lang='lat' dir='ltr'><strong>baptizabitnini</strong></span> <span class='ocrx_word' id='word_1_867' title='bbox 2800 5058 2813 5093; x_wconf 90' lang='lat'><strong>:</strong></span> <span class='ocrx_word' id='word_1_868' title='bbox 2850 5052 3107 5095; x_wconf 69' lang='lat' dir='ltr'><strong>caeterum</strong></span> <span class='ocrx_word' id='word_1_869' title='bbox 3154 5044 3344 5098; x_wconf 87' lang='lat' dir='ltr'><strong>sedere</strong></span> <span class='ocrx_word' id='word_1_870' title='bbox 3372 5043 3503 5096; x_wconf 83' lang='lat' dir='ltr'><strong>mihi</strong></span> 
     </span>
    </p>
   </div>
   <div class='ocr_carea' id='block_1_111' title="bbox 1901 5128 3503 5200">
    <p class='ocr_par' dir='ltr' id='par_1_111' title="bbox 1901 5128 3503 5200">
     <span class='ocr_line' id='line_1_111' title="bbox 1901 5128 3503 5200; baseline 0.008 -22"><span class='ocrx_word' id='word_1_871' title='bbox 1901 5140 1931 5178; x_wconf 86' lang='lat' dir='ltr'><strong>a</strong></span> <span class='ocrx_word' id='word_1_872' title='bbox 1956 5128 2163 5182; x_wconf 82' lang='lat' dir='ltr'><strong>dextris</strong></span> <span class='ocrx_word' id='word_1_873' title='bbox 2208 5142 2272 5180; x_wconf 84' lang='lat' dir='ltr'><strong>ac</strong></span> <span class='ocrx_word' id='word_1_874' title='bbox 2296 5129 2561 5193; x_wconf 85' lang='lat' dir='ltr'><strong>sinistris,</strong></span> <span class='ocrx_word' id='word_1_875' title='bbox 2602 5146 2711 5184; x_wconf 87' lang='lat' dir='ltr'><strong>non</strong></span> <span class='ocrx_word' id='word_1_876' title='bbox 2747 5140 2835 5186; x_wconf 88' lang='lat' dir='ltr'><strong>est</strong></span> <span class='ocrx_word' id='word_1_877' title='bbox 2880 5147 3059 5187; x_wconf 90' lang='lat' dir='ltr'><strong>meum</strong></span> <span class='ocrx_word' id='word_1_878' title='bbox 3106 5134 3263 5200; x_wconf 79' lang='lat' dir='ltr'><strong>dare,</strong></span> <span class='ocrx_word' id='word_1_879' title='bbox 3313 5139 3406 5189; x_wconf 89' lang='lat' dir='ltr'><strong>sed</strong></span> <span class='ocrx_word' id='word_1_880' title='bbox 3439 5137 3503 5191; x_wconf 85' lang='lat' dir='ltr'><strong>iis</strong></span> 
     </span>
    </p>
   </div>
   <div class='ocr_carea' id='block_1_112' title="bbox 1900 5220 3501 5299">
    <p class='ocr_par' dir='ltr' id='par_1_112' title="bbox 1900 5220 3501 5299">
     <span class='ocr_line' id='line_1_112' title="bbox 1900 5220 3501 5299; baseline 0.006 -26"><span class='ocrx_word' id='word_1_881' title='bbox 1900 5220 2181 5291; x_wconf 85' lang='lat' dir='ltr'><strong>continget</strong></span> <span class='ocrx_word' id='word_1_882' title='bbox 2243 5221 2445 5289; x_wconf 87' lang='lat' dir='ltr'><strong>quibus</strong></span> <span class='ocrx_word' id='word_1_883' title='bbox 2484 5232 2736 5291; x_wconf 91' lang='lat' dir='ltr'><strong>paratum</strong></span> <span class='ocrx_word' id='word_1_884' title='bbox 2788 5234 2895 5279; x_wconf 88' lang='lat' dir='ltr'><strong>est.</strong></span> <span class='ocrx_word' id='word_1_885' title='bbox 2957 5245 2977 5277; x_wconf 74' lang='grc' dir='ltr'><strong>ι</strong></span> <span class='ocrx_word' id='word_1_886' title='bbox 3033 5227 3115 5280; x_wconf 81' lang='lat' dir='ltr'><strong>Ad</strong></span> <span class='ocrx_word' id='word_1_887' title='bbox 3177 5231 3501 5299; x_wconf 84' lang='lat' dir='ltr'><strong>martyrium</strong></span> 
     </span>
    </p>
   </div>
   <div class='ocr_carea' id='block_1_113' title="bbox 1902 5313 3503 5390">
    <p class='ocr_par' dir='ltr' id='par_1_113' title="bbox 1902 5313 3503 5390">
     <span class='ocr_line' id='line_1_113' title="bbox 1902 5313 3503 5390; baseline 0.007 -26"><span class='ocrx_word' id='word_1_888' title='bbox 1902 5313 2147 5382; x_wconf 91' lang='lat' dir='ltr'><strong>quidem,</strong></span> <span class='ocrx_word' id='word_1_889' title='bbox 2172 5313 2369 5383; x_wconf 90' lang='lat' dir='ltr'><strong>inquit,</strong></span> <span class='ocrx_word' id='word_1_890' title='bbox 2412 5318 2743 5384; x_wconf 82' lang='lat' dir='ltr'><strong>pervenietis</strong></span> <span class='ocrx_word' id='word_1_891' title='bbox 2772 5358 2786 5381; x_wconf 90' lang='lat'><strong>,</strong></span> <span class='ocrx_word' id='word_1_892' title='bbox 2827 5329 2883 5373; x_wconf 94' lang='lat' dir='ltr'><strong>et</strong></span> <span class='ocrx_word' id='word_1_893' title='bbox 2927 5320 3242 5375; x_wconf 88' lang='lat' dir='ltr'><strong>moriemini</strong></span> <span class='ocrx_word' id='word_1_894' title='bbox 3286 5336 3386 5390; x_wconf 88' lang='lat' dir='ltr'><strong>pro</strong></span> <span class='ocrx_word' id='word_1_895' title='bbox 3416 5337 3503 5375; x_wconf 82' lang='lat' dir='ltr'><strong>ve-</strong></span> 
     </span>
    </p>
   </div>
   <div class='ocr_carea' id='block_1_114' title="bbox 1903 5407 3503 5479">
    <p class='ocr_par' dir='ltr' id='par_1_114' title="bbox 1903 5407 3503 5479">
     <span class='ocr_line' id='line_1_114' title="bbox 1903 5407 3503 5479; baseline 0.007 -20"><span class='ocrx_word' id='word_1_896' title='bbox 1903 5407 2110 5461; x_wconf 84' lang='lat' dir='ltr'><strong>ritate:</strong></span> <span class='ocrx_word' id='word_1_897' title='bbox 2166 5416 2224 5461; x_wconf 90' lang='lat' dir='ltr'><strong>at</strong></span> <span class='ocrx_word' id='word_1_898' title='bbox 2270 5410 2466 5464; x_wconf 88' lang='lat' dir='ltr'><strong>sedere</strong></span> <span class='ocrx_word' id='word_1_899' title='bbox 2521 5424 2550 5462; x_wconf 90' lang='lat' dir='ltr'><strong>a</strong></span> <span class='ocrx_word' id='word_1_900' title='bbox 2605 5411 2815 5465; x_wconf 81' lang='lat' dir='ltr'><strong>dextris</strong></span> <span class='ocrx_word' id='word_1_901' title='bbox 2845 5428 2909 5466; x_wconf 88' lang='lat' dir='ltr'><strong>ac</strong></span> <span class='ocrx_word' id='word_1_902' title='bbox 2942 5413 3205 5479; x_wconf 90' lang='lat' dir='ltr'><strong>sinistris,</strong></span> <span class='ocrx_word' id='word_1_903' title='bbox 3262 5430 3372 5468; x_wconf 89' lang='lat' dir='ltr'><strong>non</strong></span> <span class='ocrx_word' id='word_1_904' title='bbox 3418 5422 3503 5470; x_wconf 87' lang='lat' dir='ltr'><strong>est</strong></span> 
     </span>
    </p>
   </div>
   <div class='ocr_carea' id='block_1_115' title="bbox 1901 5498 3501 5576">
    <p class='ocr_par' dir='ltr' id='par_1_115' title="bbox 1901 5498 3501 5576">
     <span class='ocr_line' id='line_1_115' title="bbox 1901 5498 3501 5576; baseline 0.007 -26"><span class='ocrx_word' id='word_1_905' title='bbox 1901 5513 2079 5551; x_wconf 90' lang='lat' dir='ltr'><strong>meum</strong></span> <span class='ocrx_word' id='word_1_906' title='bbox 2113 5500 2263 5553; x_wconf 88' lang='lat' dir='ltr'><strong>dare.</strong></span> <span class='ocrx_word' id='word_1_907' title='bbox 2316 5498 2429 5555; x_wconf 88' lang='lat' dir='ltr'><strong>Hoc</strong></span> <span class='ocrx_word' id='word_1_908' title='bbox 2472 5502 2595 5557; x_wconf 87' lang='lat' dir='ltr'><strong>loco</strong></span> <span class='ocrx_word' id='word_1_909' title='bbox 2628 5505 2737 5557; x_wconf 90' lang='lat' dir='ltr'><strong>duo</strong></span> <span class='ocrx_word' id='word_1_910' title='bbox 2795 5506 2969 5573; x_wconf 67' lang='lat' dir='ltr'><strong>quaeri</strong></span> <span class='ocrx_word' id='word_1_911' title='bbox 3018 5508 3200 5562; x_wconf 88' lang='lat' dir='ltr'><strong>solent</strong></span> <span class='ocrx_word' id='word_1_912' title='bbox 3238 5525 3252 5562; x_wconf 93' lang='lat'><strong>:</strong></span> <span class='ocrx_word' id='word_1_913' title='bbox 3292 5508 3501 5576; x_wconf 83' lang='lat' dir='ltr'><strong>Primo,</strong></span> 
     </span>
    </p>
   </div>
   <div class='ocr_carea' id='block_1_116' title="bbox 1898 5592 3501 5665">
    <p class='ocr_par' dir='ltr' id='par_1_116' title="bbox 1898 5592 3501 5665">
     <span class='ocr_line' id='line_1_116' title="bbox 1898 5592 3501 5665; baseline 0.007 -22"><span class='ocrx_word' id='word_1_914' title='bbox 1898 5606 2027 5644; x_wconf 87' lang='lat' dir='ltr'><strong>nunt</strong></span> <span class='ocrx_word' id='word_1_915' title='bbox 2058 5592 2297 5662; x_wconf 85' lang='lat' dir='ltr'><strong>cuipiam</strong></span> <span class='ocrx_word' id='word_1_916' title='bbox 2340 5605 2590 5665; x_wconf 86' lang='lat' dir='ltr'><strong>paratum</strong></span> <span class='ocrx_word' id='word_1_917' title='bbox 2646 5596 2716 5651; x_wconf 89' lang='lat' dir='ltr'><strong>sit</strong></span> <span class='ocrx_word' id='word_1_918' title='bbox 2764 5600 2959 5653; x_wconf 89' lang='lat' dir='ltr'><strong>sedere</strong></span> <span class='ocrx_word' id='word_1_919' title='bbox 2992 5616 3008 5653; x_wconf 93' lang='lat'><strong>:</strong></span> <span class='ocrx_word' id='word_1_920' title='bbox 3037 5601 3234 5655; x_wconf 87' lang='lat' dir='ltr'><strong>deinde</strong></span> <span class='ocrx_word' id='word_1_921' title='bbox 3274 5616 3342 5653; x_wconf 86' lang='lat' dir='ltr'><strong>an</strong></span> <span class='ocrx_word' id='word_1_922' title='bbox 3377 5615 3501 5654; x_wconf 85' lang='lat' dir='ltr'><strong>om-</strong></span> 
     </span>
    </p>
   </div>
   <div class='ocr_carea' id='block_1_117' title="bbox 1899 5682 3500 5757">
    <p class='ocr_par' dir='ltr' id='par_1_117' title="bbox 1899 5682 3500 5757">
     <span class='ocr_line' id='line_1_117' title="bbox 1899 5682 3500 5757; baseline 0.007 -21"><span class='ocrx_word' id='word_1_923' title='bbox 1899 5682 2049 5736; x_wconf 90' lang='lat' dir='ltr'><strong>nium</strong></span> <span class='ocrx_word' id='word_1_924' title='bbox 2080 5683 2343 5741; x_wconf 89' lang='lat' dir='ltr'><strong>Dominus</strong></span> <span class='ocrx_word' id='word_1_925' title='bbox 2377 5703 2481 5743; x_wconf 92' lang='lat' dir='ltr'><strong>non</strong></span> <span class='ocrx_word' id='word_1_926' title='bbox 2516 5690 2690 5757; x_wconf 91' lang='lat' dir='ltr'><strong>possit</strong></span> <span class='ocrx_word' id='word_1_927' title='bbox 2716 5690 2902 5745; x_wconf 89' lang='lat' dir='ltr'><strong>sedem</strong></span> <span class='ocrx_word' id='word_1_928' title='bbox 2936 5690 3096 5746; x_wconf 87' lang='lat' dir='ltr'><strong>istam</strong></span> <span class='ocrx_word' id='word_1_929' title='bbox 3137 5692 3315 5747; x_wconf 79' lang='lat' dir='ltr'><strong>dare?</strong></span> <span class='ocrx_word' id='word_1_930' title='bbox 3349 5690 3500 5748; x_wconf 83' lang='lat' dir='ltr'><strong>Dici-</strong></span> 
     </span>
    </p>
   </div>
   <div class='ocr_carea' id='block_1_118' title="bbox 1897 5780 3497 5850">
    <p class='ocr_par' dir='ltr' id='par_1_118' title="bbox 1897 5780 3497 5850">
     <span class='ocr_line' id='line_1_118' title="bbox 1897 5780 3497 5850; baseline 0.006 -21"><span class='ocrx_word' id='word_1_931' title='bbox 1897 5792 2022 5832; x_wconf 88' lang='lat' dir='ltr'><strong>mus</strong></span> <span class='ocrx_word' id='word_1_932' title='bbox 2053 5780 2239 5850; x_wconf 88' lang='lat' dir='ltr'><strong>igitur,</strong></span> <span class='ocrx_word' id='word_1_933' title='bbox 2270 5783 2411 5850; x_wconf 79' lang='lat' dir='ltr'><strong>quod</strong></span> <span class='ocrx_word' id='word_1_934' title='bbox 2442 5784 2621 5839; x_wconf 88' lang='lat' dir='ltr'><strong>nullus</strong></span> <span class='ocrx_word' id='word_1_935' title='bbox 2663 5799 2691 5837; x_wconf 87' lang='lat' dir='ltr'><strong>a</strong></span> <span class='ocrx_word' id='word_1_936' title='bbox 2729 5784 2938 5841; x_wconf 89' lang='lat' dir='ltr'><strong>dextris</strong></span> <span class='ocrx_word' id='word_1_937' title='bbox 2970 5786 3183 5841; x_wconf 87' lang='lat' dir='ltr'><strong>sedebit</strong></span> <span class='ocrx_word' id='word_1_938' title='bbox 3217 5798 3311 5841; x_wconf 86' lang='lat' dir='ltr'><strong>aut</strong></span> <span class='ocrx_word' id='word_1_939' title='bbox 3346 5802 3375 5839; x_wconf 88' lang='lat' dir='ltr'><strong>a</strong></span> <span class='ocrx_word' id='word_1_940' title='bbox 3420 5788 3497 5840; x_wconf 81' lang='lat' dir='ltr'><strong>si-</strong></span> 
     </span>
    </p>
   </div>
   <div class='ocr_carea' id='block_1_119' title="bbox 1897 5871 3497 5950">
    <p class='ocr_par' dir='ltr' id='par_1_119' title="bbox 1897 5871 3497 5950">
     <span class='ocr_line' id='line_1_119' title="bbox 1897 5871 3497 5950; baseline 0.006 -25"><span class='ocrx_word' id='word_1_941' title='bbox 1897 5871 2107 5927; x_wconf 86' lang='lat' dir='ltr'><strong>nistris.</strong></span> <span class='ocrx_word' id='word_1_942' title='bbox 2144 5873 2355 5929; x_wconf 88' lang='lat' dir='ltr'><strong>Etcum</strong></span> <span class='ocrx_word' id='word_1_943' title='bbox 2393 5890 2536 5947; x_wconf 59' lang='lat' dir='ltr'><strong>saepe</strong></span> <span class='ocrx_word' id='word_1_944' title='bbox 2587 5878 2641 5932; x_wconf 89' lang='lat' dir='ltr'><strong>in</strong></span> <span class='ocrx_word' id='word_1_945' title='bbox 2683 5876 2989 5950; x_wconf 87' lang='lat' dir='ltr'><strong>Scripturis</strong></span> <span class='ocrx_word' id='word_1_946' title='bbox 3038 5879 3282 5936; x_wconf 83' lang='lat' dir='ltr'><strong>audieris</strong></span> <span class='ocrx_word' id='word_1_947' title='bbox 3311 5881 3497 5936; x_wconf 86' lang='lat' dir='ltr'><strong>cathe-</strong></span> 
     </span>
    </p>
   </div>
  </div>
