4028 6420
591 446 694 507 607

1504 428 2084 495 THEOPHYLACTI
2126 424 2540 489 ΒυιοΑιιιΑι
2580 423 2935 485 ARCHIEP.

3725 414 3838 478 608

581 558 753 619 dram,
806 567 911 605 non
966 546 1275 603 cathedram
1328 540 1625 611 intelligas,
1667 540 1761 595 sed
1793 536 2143 592 excellentem

2267 532 2411 603 ἕδρας
2442 529 2666 604 ἀκούῃς,
2712 530 2786 610 μὴ
2836 526 3106 597 καθέδραν
3140 527 3269 590 νόει,
3302 523 3436 579 ἀλλὰ
3470 523 3639 594 τιμὴν
3661 524 3837 594 ὑπερ-

582 648 918 717 dignitatem.
949 638 1101 704 Quod
1147 646 1326 689 autem
1362 650 1465 689 uou
1506 634 1576 687 sit
1626 647 1799 686 meum
1839 632 1987 694 dare,
2046 629 2147 682 hoc

585 739 739 791 talem
770 736 929 789 habet
947 745 1163 784 sensum
1193 746 1205 782 :
1240 726 1356 780 Non
1391 736 1474 780 est
1518 739 1715 787 meum,
1751 724 1849 776 hoc
1880 730 1983 786 est,
2010 720 2147 789 justi

577 828 798 897 judicis,
833 827 961 878 dare
1002 824 1155 875 vobis
1196 822 1265 873 ad
1306 818 1531 888 gratiam
1588 816 1904 886 dignitatem
1965 814 2145 876 istam,

583 933 687 972 nou
737 917 878 968 e’uim
909 914 1084 982 justus
1121 924 1293 965 essem
1326 925 1343 975 ;
1373 908 1464 961 sed
1497 906 1581 960 his
1619 905 1711 975 qui
1758 902 2149 963 laboraverint,

583 1020 878 1079 prteparata
899 1018 981 1062 est
1007 1004 1239 1075 dignitas
1258 1004 1382 1057 illa:
1416 996 1869 1069 quemadmodum
1898 996 1940 1050 si
1970 995 2150 1064 justus

584 1118 678 1155 rex
721 1101 1030 1170 przesideret
1065 1095 1349 1150 certamini
1381 1092 1633 1159 cuipiam,
1663 1100 1715 1144 et
1750 1088 1943 1143 deinde
1992 1100 2148 1141 acce-

584 1194 716 1249 dant
750 1194 813 1245 ad
864 1192 1015 1244 illum
1048 1190 1265 1259 quidam
1319 1186 1475 1239 amici
1518 1185 1655 1253 ejus,
1705 1189 1759 1236 et
1811 1182 2039 1237 dicant:
2074 1177 2147 1231 Da

585 1282 740 1336 uobis
771 1296 1003 1334 coronas
1032 1298 1045 1331 :
1086 1280 1230 1333 dicet
1261 1276 1465 1344 utique,
1494 1274 1605 1328 Non
1645 1282 1727 1327 est
1779 1287 1959 1325 meum
1998 1272 2147 1334 dare,

586 1374 680 1427 sed
714 1374 754 1425 si
790 1374 910 1439 quis
943 1370 1231 1424 certaverit
1266 1377 1318 1421 et
1357 1367 1570 1427 vicerit,
1614 1365 1689 1417 illi
1740 1370 2040 1432 praeparata
2070 1370 2152 1415 est

587 1478 809 1516 corona.
842 1461 902 1514 Et
933 1462 1004 1513 ita
1031 1462 1191 1512 etiam
1221 1473 1332 1521 vos,
1364 1474 1395 1512 ο
1429 1455 1521 1509 ﬁlii
1571 1454 1839 1515 Zcbedzei,
1886 1462 2152 1523 martyres

587 1552 801 1619 quidem
832 1551 985 1603 eritis
1035 1560 1259 1619 propter
1293 1562 1376 1601 me
1410 1565 1425 1600 :
1458 1546 1501 1600 si
1532 1554 1710 1599 autem
1742 1545 1864 1610 quis
1900 1544 2152 1595 inventus

588 1643 745 1695 fuerit
776 1656 893 1693 cum
930 1641 1188 1711 martyrio
1217 1652 1406 1692 oumes
1440 1637 1573 1690 alias
1621 1636 1846 1690 virtutes
1877 1632 2153 1703 possidere

588 1731 820 1796 amplius
852 1744 1010 1797 quam
1042 1745 1156 1793 vos,
1190 1728 1279 1782 ille
1314 1742 1407 1782 vos
1441 1728 1723 1795 praecedet.

665 1821 822 1873 Vsus.
855 1818 1036 1873 41-45.
1078 1837 1095 1871 ι
1160 1818 1225 1871 Ει
1278 1833 1400 1870 cum
1432 1816 1705 1870 audissent
1742 1816 1948 1877 decem,
1982 1827 2155 1880 cmpeo

2251 625 2569 679 ϐάλλουσαν.
2604 621 2677 674 Τὸ
2722 606 2801 686 δὲ,
2831 620 2947 674 Οὔκ
2986 618 3133 672 ἐστιν
3165 618 3295 684 ἐμὸν
3330 616 3513 669 δοῦναι
3541 657 3556 681 ,
3588 616 3839 669 τοιοῦτον

2251 718 2363 787 ἔχει
2401 715 2493 768 τὸν
2524 712 2681 766 νοῦψ
2719 713 2833 766 Οὐκ
2860 709 3009 763 ἐστιν
3038 705 3174 778 ἐμοῦ
3217 705 3311 759 τοῦ
3348 706 3562 759 δικαίου
3611 705 3837 775 κριτοῦ,

2248 809 2310 860 τὸ
2331 805 2513 859 δοῦναι
2548 804 2677 872 ὑμῖν
2707 802 2848 855 κατὰ
2881 799 3043 870 χάριν
3063 797 3161 869 τὴν
3192 798 3357 867 τιμὴν
3380 795 3610 867 ταύτην·
3635 795 3697 847 οὐ
3724 792 3841 865 γὰρ

2252 900 2318 954 ἂν
2349 898 2553 959 δίκαιος
2584 895 2705 965 εἴην
2724 909 2740 926 ο
2769 893 2903 947 ἀλλὰ
2942 893 3057 955 τοῖς
3105 888 3563 958 ἀγωνισαμένοις,
3597 887 3840 949 ἐκείνοις

2251 978 2633 1063 ἡτοίμασταιή
2680 984 2813 1055 τιμὴ
2845 983 3009 1053 αὕτη,
3044 980 3235 1049 ὥσπερ
3264 979 3329 1033 ἂν
3370 980 3417 1031 εί
3453 977 3707 1048 βασιλεὺς
3760 977 3842 1031 δίο

2253 1100 2405 1145 καιος
2442 1079 2786 1151 προεκάθητο
2842 1074 3055 1143 ἀγῶνός
3104 1089 3251 1136 τινος
3277 1113 3292 1137 ,
3320 1067 3441 1125 εἶτα
3476 1069 3840 1140 προσέλθοιεν

2252 1173 2400 1243 αὐτῷ
2418 1188 2562 1236 τινες
2603 1170 2746 1240 φίλοι
2775 1167 2964 1229 αὐτοῦ,
2995 1166 3089 1219 καὶ
3127 1164 3356 1217 εἷποιενυ
3394 1162 3493 1225 Δὸς
3539 1162 3669 1233 ἡμῖν
3712 1160 3842 1224 τοὺς

2254 1265 2549 1333 στεφάνους
2572 1304 2585 1327 ,
2616 1258 2767 1314 εἶπεν
2794 1259 2882 1322 ἂν,
2909 1258 3023 1313 Οὐκ
3054 1255 3204 1310 ἔστιν
3230 1257 3254 1307 ὲ
3264 1256 3363 1325 μὸν
3394 1254 3455 1306 τὸ
3488 1253 3694 1317 δοῦναι,
3717 1253 3839 1305 ἀλλ’

2250 1360 2303 1411 εί
2328 1375 2412 1421 τις
2440 1356 2766 1425 ἁγωνίσεται
2794 1354 2889 1407 καὶ
2932 1352 3147 1422 νικήσει
3167 1388 3182 1413 ,
3213 1349 3411 1418 δκείνῳ
3450 1346 3782 1417 ἡτοίμασται
3808 1344 3842 1398 6

2254 1449 2549 1517 στέφανος·
2584 1446 2724 1499 ὥστε
2760 1446 2853 1498 καὶ
2880 1444 3036 1513 ὑμεῖς
3055 1483 3069 1507 ,
3095 1443 3144 1495 οἱ
3180 1440 3275 1494 τοῦ
3300 1439 3588 1495 Ζεϐεδαίου
3617 1437 3837 1500 παῖδες.

2256 1543 2635 1611 μαρτυρήσετε
2671 1540 2768 1608 μὲν
2799 1539 2943 1609 ὑπὲρ
2991 1537 3126 1607 ἐμοῦ
3152 1578 3168 1603 ,
3206 1537 3304 1592 ἐὰν
3352 1536 3408 1587 δέ
3452 1551 3535 1597 τις
3584 1530 3846 1605 εὑρεθείη

2256 1631 2395 1699 μετὰ
2422 1629 2517 1683 τοῦ
2556 1627 2859 1699 μαρτυρίου
2885 1668 2898 1689 ,
2947 1627 3041 1679 καὶ
3092 1626 3189 1693 τὴν
3220 1624 3387 1693 ἄλλην
3421 1625 3601 1676 πᾶσαν
3636 1618 3847 1691 ἀρετὴν

2254 1722 2392 1792 ἔχων
2425 1722 2565 1791 ὑπὲρ
2592 1721 2759 1790 ὑμᾶς,
2786 1720 2993 1784 ἐκεῖνος
3022 1716 3248 1789 προάξει
3272 1719 3437 1789 ὑμᾶς.

2335 1830 2353 1863 ι
2390 1812 2497 1863 Καὶ
2552 1810 2883 1872 ἀκούσαντες
2932 1812 2980 1863 οἱ
3028 1810 3185 1875 δέκα,
3237 1806 3471 1880 ἤρξαντο
3504 1806 3843 1875 ἀγανακτεῖν

592 1921 721 1965 runt
749 1912 1011 1981 indignari
1047 1925 1206 1979 super
1228 1908 1432 1964 Jacobo
1452 1918 1504 1963 et
1538 1908 1763 1961 Joanne.
1796 1906 1952 1960 Jesus
1980 1917 2154 1957 autem

2267 1903 2387 1971 περὶ
2436 1901 2693 1955 Ἰακώϐου
2728 1903 2820 1955 καὶ
2851 1900 3123 1955 Ἰωάννου.
3176 1901 3233 1953 Ὀ
3262 1900 3319 1952 δὲ
3361 1899 3565 1968 Ἰησοῦς
3594 1914 3847 1970 προσκαο

589 2017 709 2054 cmn
745 2010 985 2055 vocasset
1015 2016 1107 2054 eos
1136 2002 1202 2053 ad
1242 2015 1321 2064 se,
1364 1999 1494 2053 dicit
1517 2000 1660 2053 illis:
1696 1996 1862 2051 Scitis
1895 1997 2034 2065 quod
2064 1994 2155 2062 qui

590 2094 846 2145 videntur
898 2093 1165 2160 imperare
1224 2091 1508 2159 gentibus,
1559 2089 1856 2142 dominium
1902 2092 2158 2140 exercent

590 2185 848 2237 adversus
882 2182 1034 2236 illas:
1061 2166 1239 2250 et'qui
1277 2191 1551 2250 tnaguates
1581 2188 1707 2236 sunt
1739 2182 1881 2235 inter
1910 2195 2026 2241 eas,
2057 2194 2151 2249 po-

593 2284 838 2329 testatem
868 2284 1121 2327 exercent
1159 2274 1210 2327 iu
1236 2273 1375 2327 illas.
1400 2272 1600 2327 Verqu
1640 2289 1747 2329 non
1774 2275 1853 2327 sic
1882 2274 1985 2325 erit
2018 2273 2160 2325 inter

592 2384 690 2422 vos
724 2386 737 2421 :
772 2368 865 2421 sed
924 2367 1235 2436 quicunque
1279 2367 1511 2420 voluerit
1562 2367 1675 2420 ﬁeri
1734 2381 1959 2436 magnus
2023 2366 2160 2418 inter

593 2472 707 2524 vos,
739 2458 840 2511 erit
870 2457 1021 2510 vobis
1075 2458 1359 2509 minister:
1408 2466 1463 2509 et
1501 2457 1809 2524 quicunqite
1840 2456 2064 2508 voluerit
2094 2470 2159 2508 ex

598 2551 753 2602 vobis
782 2564 901 2602 esse
949 2548 1176 2616 primus,
1226 2548 1332 2601 erit
1376 2548 1615 2601 omnium
1668 2561 1874 2603 servus.
1933 2546 2065 2599 Nam
2108 2554 2161 2599 et

592 2639 762 2695 Filius
790 2641 1025 2694 hominis
1050 2654 1153 2693 non
1188 2640 1332 2693 venit
1356 2648 1413 2691 ut
1445 2639 1545 2693 sibi
1583 2640 2023 2699 m‘inistraretur,
2066 2638 2161 2691 sed

594 2742 653 2784 ut
690 2732 802 2800 ipse
840 2731 1193 2795 ministraret,
1220 2745 1284 2784 ac
1304 2729 1459 2783 daret
1494 2731 1725 2783 animam
1758 2745 1909 2784 suam
1952 2729 2160 2783 redem-

594 2825 832 2894 ptionem
895 2837 992 2891 pro
1048 2821 1253 2874 multis.
1308 2840 1325 2873 ι
1376 2820 1628 2888 Discipuli
1687 2820 1863 2874 adhuc
1913 2820 2164 2874 humanis

594 2918 969 2973 aﬂ'ectionibus
1017 2927 1070 2971 et
1118 2917 1314 2971 invidia
1376 2916 1737 2971 laborabant:
1776 2915 1894 2969 ideo
1932 2924 1986 2969 et
2025 2914 2165 2968 indi-

595 3019 828 3078 gnantur
855 3008 1111 3062 adversus
1136 3010 1292 3061 duos.
1321 3005 1424 3060 Sed
1457 3006 1721 3076 quando?
1742 3004 1877 3061 Cum
1904 3006 2165 3059 vidissent

595 3116 689 3154 eos
716 3114 819 3153 non
838 3105 1114 3164 susceptos
1134 3112 1253 3151 esse
1276 3112 1304 3151 a
1333 3098 1576 3161 Domino,
1604 3098 1696 3152 sed
1714 3098 1869 3167 quasi
1895 3096 2161 3167 repulsam

2262 1992 2559 2059 λεσάμενος
2610 1992 2811 2054 αὐτοὺς
2838 2032 2851 2056 ,
2886 1990 3035 2059 λέγει
3082 1992 3264 2053 αὐτοῖς
3285 2007 3297 2020 ·
3337 1991 3529 2043 Οἴδατε
3560 1990 3644 2043 ὅτι
3670 1990 3720 2041 οἱ
3760 1987 3851 2040 δο-

2263 2083 2485 2145 κοῦντες
2510 2082 2704 2151 ἄρχειν
2724 2083 2835 2135 τῶν
2867 2082 3061 2148 ἐθνῶν,
3098 2081 3592 2151 κατακυριεύουσιν
3626 2078 3811 2133 αὐτῶν
3831 2094 3849 2109 ο

2260 2176 2353 2229 καὶ
2378 2178 2425 2228 οἱ
2460 2176 2683 2245 μεγάλοι
2709 2176 2889 2228 αὐτῶν
2917 2174 3428 2241 κατεξουσιάζουσιν
3444 2170 3667 2227 ἀὖ-τῶν.
3732 2172 3851 2241 Οὐχ

2259 2268 2402 2322 οὕτω
2452 2268 2507 2321 δὲ
2554 2268 2708 2320 ἔσται
2743 2270 2801 2321 ὲν
2847 2270 2997 2337 ὑμῖν.
3040 2267 3182 2336 Ἀλλ’
3210 2267 3268 2329 ὃς
3302 2267 3398 2319 ἐὰν
3429 2265 3561 2338 ϐέλη
3594 2264 3854 2332 γενέσθαι

2266 2361 2436 2430 μέγας
2472 2362 2528 2413 ὲν
2573 2362 2738 2429 ὑμῖν,
2792 2359 2945 2413 ἔσται
2994 2358 3148 2429 ὑμῶν
3190 2359 3458 2420 διάκονος.
3503 2359 3613 2410 Καὶ
3645 2356 3700 2419 ὃς
3751 2356 3853 2408 ἐὰν

2262 2451 2391 2523 θέλῃ
2427 2452 2580 2522 ὑμῶν
2609 2451 2863 2518 γενέσθαι
2897 2452 3137 2522 πρῶτος,
3191 2450 3342 2504 ἔσται
3376 2451 3605 2503 πάντων
3633 2449 3845 2508 δοῦλος.

2263 2544 2372 2596 Καὶ
2401 2544 2508 2612 γὰρ
2536 2544 2564 2594 6
2599 2542 2727 2606 Υἱὸς
2755 2542 2851 2595 τοῦ
2887 2542 3177 2613 ἀνθρώπου
3216 2543 3317 2594 οὐκ
3346 2537 3477 2613 ἦλθε
3519 2539 3852 2609 διακονηθῆο

2262 2651 2374 2700 ναι,
2397 2634 2534 2688 ἀλλὰ
2574 2634 2916 2703 διακονῆσαι,
2944 2634 3041 2687 καὶ
3069 2634 3254 2687 δοῦναι
3299 2634 3397 2704 τὴν
3428 2634 3608 2703 ψυχὴν
3669 2634 3739 2685 αὑ
3755 2633 3850 2685 τοῦ

2264 2725 2458 2795 λύτρον
2481 2728 2600 2778 ἀντὶ
2626 2725 2860 2779 πολλῶν.
2901 2744 2919 2778 ι
2953 2725 3074 2778 Ἔτι
3114 2726 3474 2796 ἀνθρωπίνως
3508 2726 3856 2793 διακείμενοι

2265 2823 2317 2875 oi
2358 2823 2596 2891 μαθηταὶ
2632 2825 2727 2877 καὶ
2778 2824 2959 2893 φθόνῳ
3012 2823 3319 2879 ὲὸάλλοντο.
3363 2824 3455 2876 Διὸ
3494 2826 3589 2876 καὶ
3640 2826 3857 2889 ἀγανα-

2264 2914 2455 2967 κτοῦσι
2488 2915 2631 2967 κατὰ
2652 2916 2760 2967 τῶν
2780 2914 2894 2969 δύο.
2913 2915 3073 2968 Ἀλλά
3101 2915 3231 2967 πότε
3254 2932 3273 2982 ;
3305 2915 3433 2968 "Ora
3489 2912 3631 2968 ε’δον
3657 2916 3859 2978 αὐτοὺς

2269 3006 2344 3077 μὴ
2388 3008 2821 3077 προσδεχθέντας
2864 3008 2971 3061 ὑπὸ
3038 3007 3133 3061 τοῦ
3185 3009 3418 3077 Κυρίου,
3479 3008 3594 3061 ἀλλ’
3641 3007 3853 3061 ὡσανεὶ

2267 3100 2641 3163 ἀπωσθέντας,
2663 3100 2783 3154 τότε
2811 3099 3236 3168 ἀγανακτοῦσιν.
3267 3100 3431 3169 Ἀχρι
3464 3100 3567 3169 μὲν
3603 3100 3715 3168 γὰρ
3744 3100 3860 3152 δτι-

597 3204 807 3261 passos,
843 3200 966 3243 tunc
1019 3189 1286 3260 indignati
1344 3198 1493 3243 sunt.
1520 3188 1768 3255 Quandiu
1800 3193 1942 3242 enim
1998 3203 2026 3241 a
2070 3182 2162 3243 Do-

2278 3190 2455 3260 μῶντο
2488 3192 2592 3243 ὑπὸ
2609 3190 2704 3243 τοῦ
2735 3193 2962 3261 Κυρίου,
2990 3192 3270 3262 ἠνείχοντο
3291 3190 3367 3261 μὴ
3392 3190 3858 3258 ἀγανακτοῦντες,

597 3284 745 3337 mino
803 3282 1252 3349 houorabantur,
1311 3281 1555 3336 ferebant
1622 3297 1725 3336 nou
1798 3282 2161 3350 indignantes,

597 3374 845 3443 quamvis
896 3375 1136 3428 viderent
1177 3389 1271 3428 eos
1324 3371 1565 3443 ιιι-κίοιεί
1598 3389 1611 3426 :
1652 3388 1773 3427 cmn
1809 3383 1991 3425 autem
2025 3386 2168 3426 nunc

601 3468 699 3535 ipsi
748 3468 1006 3520 honorem
1045 3466 1146 3519 sibi
1189 3465 1511 3535 deposcunt,
1547 3480 1651 3519 non
1692 3463 1874 3519 ferunt
1907 3464 2016 3518 alii.
2048 3463 2165 3519 Cae-

599 3564 772 3609 terum
801 3568 947 3608 nunc
967 3553 1181 3622 quidem
1204 3553 1277 3607 ita
1298 3553 1617 3623 imperfeCte
1648 3568 1705 3609 se
1733 3564 1948 3624 gerunt,
1982 3564 2165 3622 postea

602 3656 783 3699 autem
806 3644 1012 3699 videbis
1037 3659 1130 3700 eos
1164 3654 1405 3699 mutuum
1453 3645 1555 3699 sibi
1591 3644 1659 3699 de
1690 3645 1923 3713 primatu
1953 3646 2162 3698 cedere.

603 3736 674 3789 At
716 3735 962 3790 Christus
1004 3745 1158 3790 sanat
1189 3735 1327 3799 illos,
1366 3745 1420 3789 et
1468 3736 1700 3802 primum
1738 3736 2005 3789 demulcet
2049 3734 2169 3787 illus

602 3828 823 3895 propius
852 3828 918 3879 ad
954 3839 1012 3879 se
1066 3827 1332 3880 vocando.
1362 3822 1528 3894 229
1570 3822 1685 3878 Huc
1712 3826 1854 3877 enim
1901 3824 2169 3889 signiﬁcat

603 3917 748 3985 quod
776 3918 907 3971 dicit
937 3934 951 3971 :
976 3916 1109 3970 Cum
1146 3926 1392 3971 vocasset
1419 3932 1512 3969 eos
1558 3916 1623 3969 ad
1658 3930 1739 3971 se.
1780 3915 1982 3969 Deinde
2014 3929 2169 3969 mou-

602 4019 739 4065 strat
769 4009 911 4077 quod
947 4024 1138 4076 rapere
1194 4009 1479 4072 honorem,
1518 4016 1575 4061 et
1624 4006 1828 4060 ambire
1857 4006 2166 4073 dignitates,

600 4103 841 4173 gentium
886 4101 974 4155 sit.
1023 4099 1300 4166 Principes
1348 4100 1490 4151 enim
1542 4099 1779 4168 gentium
1836 4113 2026 4165 magna
2076 4112 2170 4166 pu-

2267 3285 2442 3337 καίτοι
2491 3284 2724 3354 ὁρῶντες
2778 3285 2977 3348 αὐτοὺς
3022 3285 3511 3354 προτιμωμένους·
3552 3282 3744 3355 ἐπειδὴ
3794 3283 3859 3338 δδ

2267 3376 2500 3429 ἐνταῦθα
2530 3378 2685 3429 αὐτοὶ
2703 3378 2901 3429 ἐκεῖνοι
2922 3375 3021 3446 τὴν
3039 3375 3207 3446 τιμὴν
3223 3376 3517 3445 ᾐτήσαντο,
3542 3378 3601 3429 οὒ
3624 3376 3857 3446 φέρουσι

2265 3467 2451 3521 λοιπὸν
2484 3469 2531 3520 οἱ
2562 3468 2762 3522 λοιποί.
2810 3468 2974 3521 Ἀλλὰ
3020 3466 3117 3521 νῦν
3172 3467 3274 3537 μὲν
3330 3466 3505 3532 οὕτως
3547 3464 3693 3537 εἶχον
3731 3468 3863 3521 άτι-

2265 3558 2394 3623 λῶς,
2450 3558 2680 3629 ὕστερον
2727 3558 2785 3611 δι
2831 3559 2953 3627 ὄψει
3006 3560 3206 3623 αὐτοὺς
3271 3560 3367 3614 καὶ
3407 3559 3516 3612 τῶν
3562 3558 3862 3629 πρωτείων

2269 3648 2519 3718 ἀλλήλοις
2559 3648 3025 3719 παραχωροῦντας
3053 3665 3066 3677 ·
3096 3650 3214 3703 ἀλλ’
3236 3652 3265 3702 6
3294 3650 3528 3719 Χριστὸς
3556 3649 3861 3719 Θεραπεύει

2269 3739 2467 3803 αὐτοὺς
2496 3738 2713 3809 πρῶτον
2746 3741 2867 3806 μὲν,
2898 3740 3306 3810 καταπραΰνων
3346 3740 3542 3804 αὐτοὺς
3570 3740 3650 3808 τῷ
3688 3742 3863 3809 ἐγγὺς

2270 3830 2433 3882 αὐτοῦ
2456 3831 2929 3900 προσαγαγέσθαι.
2953 3830 3122 3884 Τοῦτο
3145 3831 3253 3901 γὰρ
3281 3844 3534 3903 σημαινει
3560 3835 3643 3895 τὸ,
3687 3849 3865 3904 προσ-

2268 3920 2656 3991 καλεσάμενος.
2696 3923 2928 3975 Ἔπειτα
2967 3922 3047 3991 τῷ
3096 3922 3269 3987 δεῖξαι
3294 3960 3310 3986 ,
3352 3924 3439 3976 ὅτι
3480 3924 3540 3976 τὸ
3582 3924 3866 3993 ἁρπάζειν

2268 4015 2368 4083 τὴν
2396 4015 2584 4086 τιμὴν,
2619 4015 2715 4069 καὶ
2746 4014 2857 4068 τῶν
2892 4018 3180 4085 πρωτείων
3210 4017 3345 4087 ὲρᾷν
3372 4056 3387 4081 ,
3419 4014 3635 4069 ὲθνικόν
3687 4017 3865 4069 εστιν.

2279 4107 2341 4157 Oi.
2380 4107 2490 4175 γὰρ
2534 4107 2643 4159 τῶν
2675 4107 2846 4160 εθνῶν
2880 4108 3159 4177 ἄρχοντες,
3204 4109 3405 4161 ἰκείνοι
3436 4107 3866 4172 ὲξουσιαστικῶς

603 4202 801 4247 testate
850 4201 908 4245 et
960 4189 1283 4242 auctoritate
1323 4186 1618 4240 eﬂeruntur
1655 4204 1668 4240 :
1705 4185 1953 4255 discipuli
1990 4198 2162 4239 autem

2272 4197 2366 4249 καὶ
2396 4197 2740 4267 τυραννικῶς
2793 4198 3219 4269 προσφέρονται.
3256 4200 3321 4251 0i.
3362 4198 3420 4251 δὲ
3455 4199 3582 4269 ἐμοὶ
3614 4198 3871 4269 μαθηταὶ

600 4288 705 4344 mei
760 4304 863 4341 nnn
900 4288 980 4341 sic
1009 4303 1022 4339 :
1048 4288 1139 4339 sed
1178 4285 1271 4356 qui
1320 4283 1431 4336 vult
1462 4298 1583 4336 esse
1617 4295 1865 4350 magnus,
1900 4281 2162 4335 ministret

2271 4290 2369 4359 οὐχ
2400 4289 2595 4355 οὕτως,
2635 4290 2753 4343 ἀλλ’
2790 4292 2818 4343 6
2862 4290 3033 4343 θέλων
3084 4286 3223 4343 εἶναι
3271 4292 3447 4360 μέγας
3473 4331 3487 4354 ,
3539 4291 3872 4346 διακονείτω

599 4380 852 4435 omnibus
885 4380 1177 4447 :quoniam
1200 4387 1254 4429 et
1278 4378 1376 4429 hoc
1409 4388 1613 4443 magna
1644 4373 1838 4426 animae
1860 4380 1963 4435 est,
1988 4374 2162 4425 omnia

2273 4388 2459 4451 πᾶσιν,
2518 4388 2642 4439 ἐπεὶ
2700 4388 2796 4439 καλ⁸
2834 4387 2993 4441 τοῦτο
3047 4387 3291 4458 μεγάλης
3324 4387 3527 4458 ψυχῆς,
3554 4389 3617 4440 τὸ
3647 4390 3869 4443 πάντων

602 4472 764 4537 ferre,
791 4482 844 4524 et
874 4471 1124 4524 onmibus
1154 4469 1383 4523 servire.
1407 4465 1471 4517 Et
1498 4465 1801 4533 exemplum
1837 4464 1888 4517 iu
1921 4473 2162 4533 promptu

2277 4478 2572 4547 ἀνέχεσθαι
2612 4481 2708 4532 καὶ
2754 4481 2889 4533 πᾶσι
2932 4479 3228 4534 δουλεύειν.
3263 4480 3375 4533 Καὶ
3410 4481 3471 4533 τὸ
3514 4480 3875 4550 παράδειγμα

602 4575 739 4618 erat.
779 4562 988 4617 Etenim
1031 4560 1195 4615 Filius
1235 4558 1469 4612 hominis
1510 4572 1615 4610 non
1662 4555 1809 4611 venit
1847 4565 1904 4609 ut
1931 4558 2033 4611 sibi
2068 4556 2162 4609 mi-

2275 4569 2505 4636 ἐγγύθεν
2533 4587 2547 4603 ο
2577 4571 2810 4639 καὶγὰρ
2841 4573 2869 4623 6
2924 4572 3051 4635 Υἱὸς
3090 4570 3183 4625 τοῦ
3224 4571 3515 4641 ἀνθρώπου
3558 4573 3660 4625 οὐκ
3720 4568 3863 4644 ἦλθε

616 4658 961 4717 nistraretur,
1014 4653 1107 4706 sed
1152 4662 1209 4704 ut
1260 4651 1375 4719 ipse
1418 4651 1851 4711 ministraret,et
1882 4650 2162 4703 daretani-

2278 4663 2685 4733 διακονηθῆναι,
2714 4663 2847 4715 ἀλλὰ
2875 4664 3218 4733 διακονῆσαι,
3239 4664 3333 4716 καὶ⁵
3358 4665 3541 4718 δοῦναι
3563 4666 3662 4735 τὴν
3684 4664 3870 4737 ψυχὴν

606 4764 744 4800 mam
778 4762 931 4803 suam
981 4743 1407 4813 redemptionem
1443 4756 1539 4808 pro
1570 4742 1771 4804 multis,
1817 4742 1959 4809 quod
2005 4741 2162 4809 majus

2282 4753 2450 4807 αὐτοῦ
2498 4754 2693 4824 λύτρον
2725 4754 2845 4807 ἀντὶ
2873 4754 3106 4818 πολλῶν,
3138 4755 3166 4807 ὃ
3201 4756 3387 4824 μεῖζόν
3417 4759 3534 4810 ἐστι
3563 4756 3659 4810 τοῦ
3688 4758 3869 4812 διακο-

600 4851 861 4908 estquam
887 4838 1217 4891 ministrare.
1263 4835 1490 4901 Quando
1520 4834 1664 4887 enim
1705 4833 1825 4901 quis
1858 4848 1962 4886 non
1996 4835 2167 4885 solmn

608 4932 1016 4994 ministraverit,
1049 4929 1141 4983 sed
1176 4937 1231 4982 et
1253 4936 1497 4981 mortuus
1522 4925 1689 4979 fuerit
1726 4939 1823 4993 pro
1867 4928 1932 4978 eo
1958 4926 2041 4977 cui
2079 4924 2175 4976 mi-

610 5021 823 5080 nistrat,
847 5019 974 5086 quid
1017 5018 1106 5071 illo
1144 5018 1321 5085 majus
1368 5026 1426 5071 et
1466 5013 1883 5068 admirabilius?
1920 5014 2173 5067 Attamen

612 5114 969 5166 ministerium
1007 5112 1136 5165 illud
1168 5121 1221 5165 et
1250 5111 1663 5175 condescensio,
1696 5108 1958 5163 exaltatio
1990 5107 2088 5160 fuit
2117 5122 2179 5162 ac

610 5206 779 5271 gloria
816 5216 925 5257 tam
956 5218 1050 5256 sua
1102 5218 1263 5270 quam
1311 5202 1572 5257 omnium.
1606 5202 1814 5255 Etenim
1864 5202 2177 5269 priusquam

613 5300 785 5350 [tctus
810 5305 893 5349 est
922 5296 1109 5359 homo,
1154 5302 1363 5346 tantum
1400 5294 1467 5347 ab
1499 5293 1705 5363 angelis
1741 5296 2137 5363 agnoscebatur
2164 5310 2177 5346 :

610 5402 894 5459 postquam
930 5400 1105 5442 autem
1138 5390 1315 5441 factus
1334 5395 1417 5440 est
1447 5387 1609 5439 homo
1635 5386 1997 5439 etcruciiixus
2017 5424 2031 5447 ,
2074 5398 2178 5436 non

615 5483 789 5536 solum
820 5480 1219 5548 illamgloriam
1247 5480 1434 5541 habet,
1467 5478 1560 5533 sed
1599 5486 1654 5531 et
1681 5476 1838 5531 aliam
1863 5477 2103 5545 accepit,
2131 5488 2182 5530 et

614 5575 667 5627 in
710 5584 819 5624 toto
854 5578 1040 5639 regnat
1074 5571 1220 5625 orbe.

690 5665 851 5718 Vens.
898 5662 1085 5718 66-52.
1146 5681 1165 5714 ι
1224 5661 1291 5717 Ει
1344 5662 1565 5716 veniunt
1597 5659 1853 5715 Hiericho
1895 5677 1909 5713 :
1954 5675 2184 5729 cumque

624 5760 971 5821 egrederetur
998 5754 1066 5810 ab
1090 5756 1223 5809 urbe
1256 5754 1531 5817 llicrieho,
1563 5768 1625 5805 ac
1652 5751 1909 5822 discipuli
1942 5752 2105 5815 illius,
2131 5764 2186 5808 et

630 5848 783 5901 turba
818 5846 1056 5918 copiosa,
1090 5846 1230 5903 ﬁlius
1254 5844 1443 5901 Timaei
1471 5845 1788 5903 Bartimazus
1816 5861 1996 5903 caecus
2026 5848 2182 5904 sede-

2283 4847 2477 4916 νῆσαιο
2507 4847 2636 4899 ὅταν
2673 4848 2780 4917 γάρ
2807 4864 2893 4909 τις
2928 4846 2989 4900 οὐ
3041 4848 3205 4917 μόνον
3246 4848 3571 4919 διακονησῃ,
3609 4849 3746 4902 ἀλλὰ
3781 4855 3871 4903 καὶ

2285 4940 2531 5011 ἀποθάνῃ
2559 4940 2701 5009 ὑπὲρ
2728 4940 2818 4992 τοῦ
2846 4940 3286 5009 διακονουμένου,
3314 4940 3367 4993 τι
3392 4941 3589 4994 τούτου
3625 4943 3815 5011 μεῐζον
3838 4942 3875 5010 ἦ

2288 5030 2734 5102 Θαυμασιώτερον
2765 5049 2778 5097 ;
2820 5032 2961 5085 Ἀλλ’
2985 5034 3134 5102 ὅμως
3196 5035 3229 5103 ἠ
3259 5032 3574 5102 διακόνησις
3608 5034 3751 5105 αὓτη
3780 5036 3872 5089 καὶ

2288 5125 2320 5191 ὴ
2353 5124 2758 5189 συγκατάϐασις
2804 5122 3013 5192 ὕψωσις
3048 5125 3145 5178 καὶ
3197 5123 3323 5189 δόξα
3355 5125 3547 5193 γέγονε
3578 5128 3673 5180 καὶ
3705 5127 3877 5179 αὐτοῦ

2288 5215 2379 5264 καὶ
2408 5213 2645 5266 πάντων.
2671 5213 2807 5282 Πρὶν
2844 5214 2942 5282 μὲν
2977 5214 3085 5285 γὰρ
3113 5214 3373 5282 γενέσθαι
3397 5215 3706 5287 ἄνθρωπος,
3744 5219 3877 5287 παρ’

2288 5304 2540 5371 ἀγγέλοις
2586 5302 2911 5375 ὲγνωρίζετο
2974 5306 3181 5374 μόνοις.
3216 5306 3437 5379 Ἐπειδὴ
3488 5306 3546 5360 δὲ
3582 5307 3875 5378 ἄνθρωπος

2291 5395 2504 5463 εγενετο
2532 5394 2626 5448 καὶ
2656 5395 3009 5466 ἐσταυρώθη,
3038 5397 3101 5449 οὑ
3130 5397 3299 5467 μόνην
3332 5398 3549 5469 ἐκείνην
3579 5399 3679 5470 τὴν
3712 5380 3885 5467 δόξαν

2291 5488 2423 5557 ἔχει,
2474 5488 2609 5541 ἀλλὰ
2648 5488 2739 5541 xui.
2767 5489 2962 5557 ἑτέραν
3017 5491 3321 5560 προσέλαϐε
3350 5532 3367 5558 ,
3410 5491 3507 5543 καὶ
3554 5486 3742 5562 πᾶσης
3775 5493 3878 5562 τῆς

2293 5580 2616 5650 οἰκουμένης
2649 5578 2951 5650 βασιλεύει.

2372 5691 2391 5725 ι
2430 5674 2537 5728 Καὶ
2556 5674 2808 5744 ἔρχονται
2866 5674 2947 5737 είς
2990 5670 3236 5744 Ὶεριχὼ.
3284 5674 3377 5727 καὶ
3432 5675 3880 5745 ἐκπορευομένου

2296 5758 2462 5813 αὐτοῦ
2520 5760 2631 5814 ἀπὸ
2675 5759 2923 5833 Ἰεριχῶ,
2976 5762 3071 5816 καὶ
3126 5762 3238 5815 τῶν
3281 5762 3541 5834 μαθητῶν
3580 5766 3755 5819 αὑτοῦ
3786 5768 3884 5820 καὶ

2294 5851 2451 5921 ὃχλου
2498 5851 2685 5908 ἱκανοῦ
2713 5894 2728 5922 ,
2777 5853 2893 5919 υίὸς
2943 5854 3177 5925 Τιμαίου
3223 5855 3559 5927 Βαρτίμαιος
3597 5858 3628 5912 6
3675 5860 3887 5928 τυξρλθς
