4028 6412
241 413 343 473 £0)

948 403 1393 467 ENARRATIO
1428 402 1508 464 [Ν
1550 400 2051 465 EVANGELIUM
2115 398 2381 461 MARCI.
2420 422 2489 435 -
2527 398 2685 460 CAP.
2731 398 2841 459 XI.

3422 400 3533 465 610

241 522 486 592 ικὰθητο
522 518 676 587 παρὰ
706 518 809 588 τὴν
838 518 957 571 ὁδὸν
982 514 1315 588 προσαιτῶν.
1351 513 1463 569 Καὶ
1487 513 1729 577 ἀκούσας
1755 514 1817 567 ὅτ

1942 511 2037 569 bat
2063 512 2219 582 juxta
2254 511 2397 566 viam
2450 510 2790 565 mendicans.
2834 506 2909 561 Et
2950 523 3073 563 cum
3103 508 3347 564 audisset
3388 514 3531 581 quod

251 610 465 681 Ἰησοῦς
506 609 534 660 6
573 606 896 674 Ναζωραῖός
923 605 1094 665 ἐστιν,
1128 602 1335 675 ήρξατο
1361 602 1586 671 κράζειν
1616 603 1707 658 καὶ
1747 604 1834 657 λέ⁹

239 719 382 771 γειν·
419 702 482 755 ’0
508 699 623 765 υίὸς
646 697 816 752 Δαὸὶδ
850 696 1045 767 Ἰησοῦ,
1074 696 1296 763 ἐλέησόν
1321 697 1537 767 με.Κα“ι
1560 696 1838 765 ιπετίμων

240 794 393 865 αύτῷ
438 792 623 845 πολλοὶ
682 790 772 846 ἵνα
828 790 1099 863 σιωπήσῃ.
1156 789 1215 842 Ὀ
1279 790 1336 842 δὲ
1396 788 1578 859 πολλῷ
1633 789 1837 858 μᾶλλον

240 882 478 954 ἔκραζεν
502 899 514 912 ο
538 882 633 934 Υἱὲ
662 880 850 945 Δασὶδ,
878 880 1100 950 ἐλέησόν
1119 896 1208 949 με.
1246 881 1354 932 Καὶ
1377 879 1509 942 στὰς
1538 881 1566 931 6
1604 878 1832 949 Ἰησοῦς,

240 973 394 1029 εἶπεν
422 974 591 1028 αὑτὸν
634 972 991 1043 φωνηθῆναι·
1036 973 1129 1024 καὶ
1182 971 1423 1039 φωνοῦσι
1472 971 1564 1024 τὸν
1612 970 1831 1040 τυφλὸν,

239 1071 492 1137 λέγοντες
520 1066 671 1140 αὐτῷ
692 1083 704 1095 ·
728 1066 952 1133 Θάρσει,
978 1064 1181 1136 ἔγειρε,
1209 1067 1379 1134 φωνεῖ
1403 1080 1484 1118 σε.
1521 1064 1582 1117 '0
1601 1064 1679 1128 δὲ,
1702 1064 1836 1117 ἀπο-

239 1162 418 1217 ϐαλὼν
448 1161 511 1214 τὺ
544 1162 761 1231 ἱμάτιον
793 1157 981 1225 αὐτοῦ,
1007 1160 1248 1222 ἀναστὰς
1269 1155 1401 1230 ἦλθε
1428 1158 1563 1229 πρὸς
1598 1158 1689 1209 τὸν
1729 1155 1831 1226 Ἰη-

240 1254 386 1306 σοῦν.
424 1253 537 1307 Καὶ
567 1251 888 1322 ἀποκριθεὶς
915 1250 1066 1318 λέγει
1098 1249 1246 1321 αὐτῷ
1271 1253 1299 1304 6
1350 1250 1558 1320 Ἰησοῦς
1578 1267 1591 1281 ο
1626 1249 1691 1303 Τί
1746 1248 1835 1301 θέ-

236 1346 350 1409 λεις
412 1347 625 1415 ποιήσω
678 1360 787 1408 σοις
837 1342 893 1397 Ὀ
930 1343 987 1396 δὲ
1019 1343 1217 1410 τυφλῦς
1241 1339 1394 1396 εἶπεν
1427 1342 1578 1414 αύτῷ
1611 1358 1624 1373 ·
1667 1340 1833 1395 Ῥαδα-

236 1438 411 1503 6ουνὶ,
468 1438 555 1492 ἵνα
614 1436 924 1507 ἀναϐλέψω.
970 1438 1029 1491 ’0
1074 1438 1133 1490 δὲ
1194 1437 1401 1507 Ἰησοῦς
1450 1433 1605 1489 εἶπεν
1652 1435 1824 1505 αὐτῷ·

239 1533 494 1599 ’Υπαγε,
537 1533 570 1602 ἡ
612 1530 794 1593 πίστις
828 1548 921 1584 σου
957 1532 1165 1585 σέκωκέ
1211 1548 1291 1584 σε.
1334 1532 1443 1584 Καὶ
1491 1530 1693 1593 εὐθέως
1740 1530 1834 1583 ἀν-

236 1622 432 1692 έϐλεψε
462 1624 559 1676 καὶ
592 1621 879 1689 ἠκολούθει
930 1622 1008 1693 τῷ
1044 1622 1222 1692 Ἰησοῦ
1262 1623 1320 1674 ἐν
1352 1624 1417 1693 τῇ
1448 1620 1571 1691 ὁδῷ.
1613 1639 1631 1672 s
1683 1621 1743 1675 Ὀ
1774 1619 1833 1672 δὲ

237 1716 516 1779 Masilam;
561 1712 656 1766 δύο
690 1714 924 1783 τυφλοὺς
952 1714 1099 1781 λέγει
1136 1714 1455 1784 ’ἐνδέχεται
1482 1714 1538 1766 δὲ
1574 1711 1669 1767 δύο
1730 1712 1831 1781 μὲν

236 1805 379 1860 εἶναι
426 1807 558 1867 eois;
624 1804 892 1867 ίαθέντας.
940 1806 1030 1858 τὸν
1071 1806 1124 1857 δὲ
1172 1807 1600 1875 ἐπιφανέστερον
1648 1804 1830 1857 αὐτῶν

1940 603 2102 659 Jesus
2130 604 2447 660 Nazarenus
2476 612 2645 667 esset,
2705 602 2873 672 carpit
2920 602 3162 658 clamare
3197 612 3255 658 et
3289 603 3471 660 dicere
3517 622 3532 660 :

1940 697 2041 752 Fili
2074 696 2241 751 David
2266 693 2423 762 Jesu,
2459 696 2723 751 miserere
2746 694 2873 748 mei.
2903 692 2966 747 Et
2999 693 3354 764 increpabant
3384 695 3533 751 illum

1942 808 1973 841 n
1999 790 2095 843 ulti
2137 799 2194 843 ut
2252 798 2479 843 taceret.
2541 787 2611 841 At
2662 786 2752 841 ille
2796 787 2966 841 multo
3008 788 3183 858 magis
3210 787 3531 843 clamabat:

1940 883 2040 947 Fili
2071 883 2258 946 David,
2284 884 2549 936 miserere
2595 880 2725 936 mei.
2760 878 2828 933 Et
2849 879 3002 935 stetit
3039 877 3237 945 Jesus,
3275 895 3338 934 ac
3364 881 3535 949 jussit

1941 976 2090 1031 illum
2126 975 2305 1030 vocari
2333 992 2348 1042 ;
2375 983 2431 1028 ct
2459 983 2657 1029 vocant
2687 988 2916 1039 czecum,
2940 972 3187 1029 dicentes
3212 971 3287 1027 illi
3320 992 3335 1027 :
3384 974 3534 1030 Bono

1938 1070 2291 1124 animoesto:
2328 1083 2510 1139 surge,
2546 1078 2705 1121 vocat
2738 1077 2808 1121 te.
2847 1064 2941 1121 llle
2961 1080 3091 1121 vero
3125 1067 3336 1133 abjecto
3364 1068 3531 1137 pallio

1939 1178 2038 1219 suo
2059 1163 2319 1226 surrexit,
2352 1171 2405 1216 et
2426 1163 2571 1216 venit
2593 1164 2657 1215 ad
2690 1158 2904 1215 Jesum.
2940 1159 3007 1214 Et
3027 1160 3366 1230 respondens
3398 1162 3534 1217 dicit

1940 1255 2017 1309 illi
2039 1253 2195 1308 Jesus
2224 1273 2238 1307 :
2270 1252 2412 1319 Quid
2444 1252 2525 1305 vis
2552 1252 2747 1305 faciam
2782 1250 2930 1304 tibi?
2960 1250 3153 1306 Caecus
3187 1261 3368 1307 autem
3394 1253 3534 1310 dixit

1938 1350 2025 1404 ei:
2062 1346 2333 1411 Rabboui,
2371 1356 2425 1399 ut
2465 1346 2639 1399 visum
2673 1344 2955 1413 rccipiunt.
2992 1341 3153 1398 Iesus
3185 1355 3363 1399 autem
3393 1344 3532 1399 dixit

1939 1441 2013 1496 illi
2042 1462 2056 1497 :
2092 1440 2218 1505 Abi,
2251 1439 2387 1493 ﬁdes
2413 1449 2500 1492 tua
2531 1437 2743 1492 salvum
2791 1448 2840 1490 te
2887 1437 3140 1492 reddidit.
3173 1436 3251 1490 Ac
3282 1435 3533 1504 protinus

1937 1532 2143 1603 recepit
2168 1532 2377 1597 visum,
2422 1538 2476 1585 et
2526 1531 2861 1596 sequebatur
2892 1528 3073 1583 Jesnm
3096 1530 3147 1582 in
3186 1530 3292 1582 via.
3333 1545 3351 1579 ι
3390 1527 3533 1582 Mat-

1936 1627 2109 1681 thteus
2140 1626 2275 1680 duos
2308 1638 2483 1678 caecos
2524 1631 2712 1676 narrat
2745 1639 2757 1675 :
2793 1632 2845 1675 et
2881 1622 2996 1676 fieri
3046 1632 3225 1690 potest
3251 1621 3385 1675 duos
3408 1620 3529 1691 qui-

1936 1718 2055 1772 dem
2101 1730 2224 1771 esse
2261 1722 2485 1769 sanatos
2510 1754 2524 1777 ,
2556 1716 2698 1768 hunc
2741 1722 2926 1767 autem
2987 1725 3053 1766 ex
3097 1712 3205 1766 illis
3240 1712 3529 1767 clariorem

1937 1809 2128 1872 fuisse,
2165 1808 2322 1877 cujus
2370 1822 2514 1862 nunc
2558 1808 2895 1862 mentionem
2935 1804 3066 1859 facit
3103 1804 3337 1859 Marcus.
3393 1803 3529 1859 Vide

235 1900 431 1952 τοίτον
461 1893 603 1952 εἶναι
638 1898 728 1951 τὸν
771 1898 865 1950 νῦν
920 1898 1071 1967 παρὰ
1114 1898 1190 1965 τῷ
1227 1896 1439 1967 Μάρκῳ
1484 1895 1821 1966 μνημονευό-

1934 1913 2116 1957 autem
2147 1904 2417 1972 quomodo
2444 1902 2614 1955 turbze
2643 1898 2828 1955 Jesutn
2863 1906 3217 1963 venerantur,
3256 1898 3329 1953 ita
3357 1904 3415 1953 ut
3444 1896 3530 1952 in-

236 2009 421 2059 μενον.
457 1991 600 2061 Ὅρα
625 1991 681 2045 δὲ
711 1990 830 2054 πῶς
861 1990 1066 2061 τιμῶσι
1098 1990 1190 2042 τὸν
1228 1988 1436 2059 Ἰησοῦν
1464 1990 1557 2042 καὶ
1582 1991 1629 2043 οί
1655 1990 1825 2059 ὄχλοι,

232 2083 371 2135 ὥστε
400 2082 661 2153 ἐπιτιμᾷν
690 2080 767 2151 τῷ
801 2080 985 2151 τυφλῷ
1018 2081 1235 2152 βοῶντι,
1275 2082 1478 2151 ὼρανεί
1507 2098 1649 2141 τινος
1676 2081 1830 2151 βασι-

232 2172 366 2236 λέως
399 2172 809 2242 παροδεύοντος.
870 2172 1082 2242 Ἐρωτᾷ
1109 2171 1164 2223 δὲ
1213 2171 1377 2225 αὑτὸν
1406 2174 1434 2225 6
1460 2171 1691 2241 Κύριος,
1741 2173 1827 2224 ἵνα.

237 2267 402 2336 μήτις
434 2266 566 2336 ετπῃ
596 2265 679 2318 ὅτι
709 2263 843 2317 ἄλλα
875 2264 1182 2333 βουλομένῳ
1242 2264 1377 2317 ἄλλα
1408 2264 1622 2317 δίδωσιν
1651 2268 1678 2317 6
1711 2263 1825 2317 Κύ-

238 2375 369 2429 ριος.
413 2358 726 2427 Εὑγνώμων
756 2357 812 2409 6's
842 2356 990 2427 ψυχὴ
1026 2356 1118 2409 τοῦ
1148 2356 1353 2423 τυφλοῦ
1374 2372 1388 2388 ο
1428 2357 1558 2424 ὅσγε
1603 2359 1740 2426 μετὰ
1767 2357 1827 2409 τὸ
1874 2352 1875 2355 “

234 2452 642 2525 θεραπευθῆναι
687 2450 786 2503 ούκ
826 2450 1005 2519 ἀφῆκε
1032 2452 1123 2501 τδν
1173 2448 1401 2519 Κύριον,
1440 2448 1557 2501 ἀλλ’
1593 2448 1827 2519 ἠκολού-

232 2547 313 2598 θει
331 2543 502 2613 αὐτῷ.
526 2541 763 2596 Δύναται
791 2542 847 2595 δὲ
870 2542 964 2595 καὶ
982 2540 1344 2609 ὰναγωγικῶς
1367 2540 1625 2610 νοηθῆναι
1643 2540 1821 2593 τοῦτο’

242 2633 457 2704 ἰεριχὼ
486 2635 515 2685 6
564 2633 727 2695 τόπος
748 2625 906 2694 οὗτος
941 2632 969 2683 6
999 2632 1178 2684 κάτω.
1216 2631 1428 2699 Τυφλδς
1467 2632 1521 2684 δὲ
1571 2632 1821 2701 καθήμε-

230 2742 321 2788 νος
382 2723 623 2778 ἐνταῦθα
662 2725 695 2793 ἡ
730 2722 891 2793 φύσις
944 2725 976 2792 ὴ
1017 2721 1336 2791 ἀνθρωπίνη
1365 2764 1380 2786 ,
1415 2723 1536 2793 ἥτις
1590 2722 1704 2786 υίὸς
1754 2718 1823 2793 ἦν

226 2810 337 2869 τοῦ⁶
356 2816 499 2882 ὑπὲρ
526 2818 708 2869 πᾶσαν
738 2814 903 2885 τιμὴν
931 2813 1091 2869 Θεοῦ.
1125 2813 1271 2884 Αὕτη
1302 2816 1481 2867 τοίνυν
1508 2813 1710 2884 ἐκραζε
1746 2814 1825 2885 τῷ

241 2908 418 2979 Ἰησοῦ
446 2908 537 2962 διὰ
576 2908 675 2977 τῆς
742 2906 992 2978 Ἱεριχὼ,
1026 2907 1275 2960 τουτέστι
1312 2907 1406 2961 τοῦ
1448 2908 1566 2978 βίου
1606 2909 1822 2972 τούτου,

226 3000 491 3055 ὁδεύοντι.
540 3000 771 3069 Ἦλέησε
828 3000 884 3053 δὲ
930 2998 1099 3069 αὐτὴν
1152 3000 1249 3052 καὶ
1290 3000 1379 3052 διὰ
1424 3002 1526 3070 τῆς
1580 3000 1822 3063 πίστεως

225 3092 909 3162 ἔσωσεν,ὲκδυσαμένηντο
926 3092 1155 3144 παλαιὸν
1170 3093 1386 3161 ἱμάτιον
1403 3091 1499 3160 τῆς
1516 3093 1815 3163 ἁμαρτίας.

1931 2006 2219 2066 creparent
2270 2011 2470 2049 caecum
2503 1995 2855 2058 clamantem,
2908 1993 3063 2061 quasi
3123 2007 3218 2047 rex
3258 1990 3528 2061 quispiam

1931 2104 2255 2173 praeteriret.
2296 2100 2469 2156 Porro
2501 2100 2658 2155 Jesus
2680 2099 2832 2153 illum
2864 2098 3186 2168 interrogat,
3219 2105 3277 2151 ut
3311 2111 3377 2151 ne
3404 2096 3528 2166 quis

1932 2200 2084 2259 puch
2125 2191 2271 2261 quod
2330 2190 2419 2244 ille
2462 2189 2566 2244 alia
2621 2190 2877 2254 voluerit,
2907 2188 3160 2243 Christus
3206 2196 3388 2243 autem
3420 2186 3525 2242 alia

1929 2284 2162 2339 dederit.
2180 2281 2333 2337 Grati
2364 2289 2549 2335 autem
2575 2280 2737 2334 animi
2763 2288 3100 2345 caecuserat,
3118 2279 3213 2349 qui
3231 2284 3524 2357 postquam

1929 2399 2151 2445 sanatus
2176 2400 2281 2454 est,
2306 2386 2493 2443 Jesum
2529 2402 2633 2442 non
2654 2388 2900 2453 dimisit,
2928 2388 3023 2442 sed
3077 2395 3303 2443 secutus
3334 2396 3424 2441 est
3455 2386 3526 2441 il—

1930 2484 2062 2537 lum.
2114 2481 2231 2535 lam
2276 2488 2332 2534 et
2382 2495 2478 2549 per
2516 2494 2797 2550 auagogen
2851 2479 3157 2549 intelligere
3180 2492 3522 2549 possumus:

1926 2571 2146 2627 Iericho
2197 2572 2345 2627 locus
2394 2571 2496 2627 iste
2532 2571 2758 2624 inferior
2782 2579 2913 2625 est:
2956 2576 3133 2625 caicus
3187 2579 3367 2624 autem
3430 2568 3522 2638 qui

1928 2665 2082 2720 sede't
2111 2666 2211 2719 hoc
2241 2664 2380 2727 loco,
2420 2664 2654 2717 humana
2682 2672 2765 2717 est
2799 2672 2993 2717 natura
3020 2701 3035 2726 ,
3078 2674 3200 2732 qua
3229 2660 3379 2725 illius
3408 2669 3529 2715 erat

1928 2754 2048 2819 Dei,
2084 2756 2175 2823 qui
2233 2768 2451 2807 omnem
2506 2764 2730 2823 superat
2780 2753 3153 2823 diguitatem.-
3191 2750 3302 2807 ista
3357 2751 3528 2822 igitur

1928 2848 2201 2903 clamabat
2241 2850 2307 2901 ad
2341 2846 2550 2911 Jesum,
2588 2863 2684 2916 per
2716 2846 2995 2911 Hiericho,
3058 2846 3112 2900 id
3146 2855 3232 2901 est
3262 2846 3406 2901 hanc
3439 2845 3527 2899 vi-

1929 2950 2063 3005 tam,
2094 2948 2337 2995 euntem.
2361 2940 2732 2994 Misericordia
2763 2948 2946 2993 autem
2986 2949 3166 2993 motus
3194 2952 3325 3007 erga
3351 2937 3523 3002 illam.

1927 3042 1981 3087 et
2011 3044 2230 3103 propter
2262 3032 2447 3096 (idem,
2479 3032 2687 3086 salvam
2719 3046 2839 3084 eam
2894 3029 3053 3096 fecit,
3090 3028 3183 3085 ubi
3212 3040 3365 3084 vetus
3396 3043 3525 3099 pec-

1928 3126 2034 3178 cati
2059 3125 2440 3179 vestimentum
2492 3123 2668 3177 exuit.
2713 3121 2939 3177 Servata
2985 3132 3169 3177 autem
3214 3130 3403 3176 secuta
3438 3130 3527 3177 est

226 3186 472 3241 Σωθεῖσα
487 3185 543 3237 δὲ
560 3182 925 3253 ἠκολούθησεν
938 3183 1107 3253 αὐτῷ,
1128 3184 1470 3255 ἐργαζομένη
1488 3186 1586 3247 τὰς
1603 3185 1821 3248 ἐντολὰς

1931 3216 2105 3280 illum,
2140 3214 2391 3270 faciendo
2409 3216 2661 3269 mandata
2686 3217 2737 3269 in
2761 3215 2870 3279 via,
2896 3214 3002 3269 hoc
3035 3223 3117 3270 est
3171 3215 3225 3269 in
3259 3214 3363 3271 hac
3391 3214 3523 3270 vita.

222 3279 287 3332 ιν
321 3281 387 3349 τῇ
432 3277 561 3347 ὁδῷ,
616 3277 894 3329 τουτέστιν
944 3279 1002 3329 ὲν
1053 3276 1130 3344 τῷ
1182 3274 1281 3347 βίῳ
1314 3279 1511 3347 τούτῳ,
1556 3277 1822 3331 Ἐνταῦθα

1943 3306 2041 3361 llic
2082 3308 2225 3361 enim
2258 3321 2547 3376 possumus
2572 3307 2724 3375 sequi
2768 3305 3044 3361 Christum
3077 3321 3091 3359 :
3124 3314 3313 3374 postea
3341 3313 3524 3360 autem

222 3372 336 3442 γὰρ
385 3372 531 3425 ἐστιν
567 3368 931 3440 ἀκολουθῆσαι
969 3368 1048 3437 τῷ
1073 3370 1295 3441 Χριστῷ
1327 3385 1342 3402 ⁸
1373 3372 1513 3438 μετὰ
1553 3371 1611 3424 δὲ
1652 3372 1821 3427 ταῦτα

1938 3400 2303 3455 excluduntur
2348 3413 2540 3452 omnes
2580 3413 2607 3452 a
2647 3397 3030 3453 mandatorum
3073 3398 3412 3468 operatione.

222 3462 607 3518 ἀποκλείονται
639 3462 840 3525 πάντες
876 3460 972 3515 τοῦ
1012 3461 1342 3531 ἐργάζεσθαι
1375 3462 1475 3528 τὰς
1518 3465 1761 3530 ἐντολάς.

826 3574 1082 3629 ΚΕΦΔΛ.
1144 3574 1257 3629 lA'.~

221 3687 364 3756 napi
393 3680 775 3760 τοῦ-πώλου.
826 3688 966 3760 Περὶ
997 3687 1103 3753 τῆς
1143 3688 1555 3758 ξηρανθείσης
1592 3691 1819 3760 συκῆς.

296 3755 435 3825 Περὶ
464 3755 583 3811 τῶν
601 3755 1014 3827 ἐκϐληθέντων
1032 3760 1099 3811 ἐκ
1122 3760 1227 3811 τοῦ
1252 3760 1413 3825 ἱεροῦ
1439 3755 1815 3827 τραπεζὶτῶιλ.

293 3828 436 3901 Περὶ
488 3827 595 3880 τοῦ
648 3824 1108 3901 θάρσους-πρρς
1145 3829 1254 3901 τὸν
1300 3824 1479 3883 ίΘεόνζ
1514 3834 1653 3899 Περὶ
1708 3833 1819 3901 τῆς

292 3898 759 3966 ἀμνησικακίας.
804 3898 941 3964 Περὶ
1004 3896 1123 3950 τῶν
1144 3896 1657 3967 ἐπερωτησάντων
1706 3896 1814 3956 tot;

296 3970 517 4034 Κύριον
548 3968 873 4035 ἀρχιερέων
903 3967 1001 4020 καὶ
1023 3969 1469 4037 πρεσϐυτέρων,

294 4082 405 4135 Καὶ
432 4082 521 4133 ὅτε
554 4079 862 4148 ἐγγίζουσιν
890 4081 968 4143 εἰς
1006 4079 1401 4151 Ἰερουσαλὴμ,
1437 4080 1514 4141 εί,
1554 4080 1815 4154 Βεθφαγὴ

217 4174 317 4227 u‘t
337 4172 613 4242 Βηθανίαν
655 4171 791 4242 πρὸς
821 4170 882 4224 τὸ
920 4170 1045 4243 ὅρος
1068 4172 1179 4225 τῶν
1210 4174 1462 4236 Ἐλαινῖλν,
1498 4174 1821 4229 ἀποστέλλει

211 4266 314 4320 δύο
344 4264 455 4318 τῶν
491 4262 749 4334 μαθητῶν
776 4263 1071 4327 absolui.
1102 4263 1252 4331 λέγει
1286 4266 1469 4328 αὐτοῖς
1501 4264 1809 4333 ’Ὑπάγετε

216 4356 299 4417 εἰς
336 4355 437 4425 τὴν
497 4355 690 4424 κώμην
729 4353 828 4423 τὴν
881 4355 1175 4407 κατέναντι
1227 4355 1419 4424 ὑμῶν’
1468 4358 1563 4408 καὶ
1610 4357 1814 4420 εὐθέως

216 4448 673 4519 εἰσπορευόμενοι
722 4446 803 4508 είς
834 4446 1029 4516 αὐτὴν,
1064 4447 1331 4517 εὑρήσετε
1379 4448 1565 4501 πῶλον
1598 4449 1819 4519 saepe.”

214 4557 333 4603 νον,
368 4539 456 4609 ἐφ’
487 4538 548 4591 ὃν
575 4537 748 4601 οὐδεὶς
780 4536 1083 4608 ἀνθρώπων
1110 4538 1387 4593 κεκάθικε.
1418 4541 1692 4604 Λύσαντες
1718 4544 1817 4595 αύ-

1931 4547 2104 4601 nnllus
2146 4547 2428 4599 hominum
2464 4545 2602 4599 sedit
2647 4561 2661 4597 :

214 4633 310 4685 τὸν
362 4632 630 4698 ἀγάγετε,
674 4630 769 4681 καὶ
828 4630 923 4683 ἐάν
955 4647 1036 4693 τις
1089 4630 1216 4698 ὑμῖν
1268 4631 1401 4703 είπῃ
1432 4646 1446 4663 ο
1491 4632 1555 4683 Τί
1605 4634 1810 4686 ποιεῖτε

212 4724 417 4787 τοῦτο;
461 4725 656 4776 είπατε
687 4723 770 4775 ὅτι
814 4724 841 4775 6
871 4721 1273 4791 Κύριοςαύτοῦ
1310 4724 1500 4793 χρείαν
1539 4724 1674 4794 ἔχει,
1721 4726 1813 4778 καὶ

212 4818 421 4881 εύθὲως
445 4817 609 4885 αύτρν
638 4815 932 4881 ἀποστελεῖ
963 4810 1090 4869 ὦδε.
1138 4815 1411 4883 ’Δπῆλθον
1438 4816 1513 4881 δὲ,
1543 4818 1635 4868 καὶ
1658 4813 1816 4888 εὖρον

210 4909 398 4963 πῶλον
420 4908 703 4976 δεδεμένον
723 4907 855 4976 πρὸς
882 4908 979 4979 τὴν
1015 4906 1187 4976 θύραν
1210 4906 1334 4972 ἔξω,
1388 4908 1482 4960 ἐπὶ
1514 4910 1612 4979 τῆς
1644 4912 1799 4979 ἀμφ-

210 5003 364 5068 όδου,
396 5003 492 5056 καὶ
573 5000 794 5053 λύουσιν
827 5000 1012 5053 αὐτόν.
1044 5000 1150 5053 Καί
1184 5017 1329 5063 τινες
1369 5000 1479 5053 τῶν
1508 5004 1624 5053 ἐκεῖ
1651 5002 1811 5071 ἐστη-

213 5098 396 5149 κὸτων
432 5095 621 5162 ἔλεγον
644 5095 825 5156 αὐτοῖς
850 5110 863 5123 ·
887 5092 952 5144 Τί
982 5096 1184 5147 ποιεῖτε
1215 5094 1433 5157 λύοντες
1471 5096 1563 5149 τὸν
1598 5092 1813 5161 πῶλον;

212 5189 281 5262 Οἱ
308 5186 365 5240 δὲ
398 5184 554 5240 εἶπον
596 5186 779 5247 αὐτοῖς
803 5224 818 5249 ,
848 5184 1030 5248 καθὼς
1083 5186 1385 5239 ἐνετείλατο
1435 5189 1612 5251 αὐτοῖς
1644 5190 1671 5240 ὁ
1714 5187 1817 5260 Ἰη-

212 5280 366 5346 σοῦς,
397 5281 495 5334 καὶ
522 5280 745 5348 ἀφῆκαν
777 5278 996 5342 αὐτούς.
1036 5297 1054 5329 ι
1090 5277 1359 5342 Πολλάκις
1385 5279 1483 5349 μὲν
1502 5281 1595 5333 καὶ
1624 5279 1812 5334 ἄλλοτε

207 5367 377 5441 ἦλθεν
411 5370 493 5431 είς
541 5368 931 5438 Ἱεροσόλυμα,
968 5366 1085 5421 ἀλλ’
1131 5368 1387 5423 οὐδέποτε
1431 5370 1570 5439 μετὰ
1614 5371 1812 5424 τοσαύ-

208 5479 311 5532 της
364 5459 770 5532 περιφινείας,
826 5460 945 5530 μεθ’
980 5460 1115 5529 ὅσης
1166 5458 1283 5515 νῦν.
1332 5460 1532 5532 Πρὼην
1569 5462 1667 5530 μὲν
1704 5463 1811 5532 γὰρ

208 5554 525 5625 ἐκρύπτετο
546 5549 635 5603 διὰ
661 5550 754 5603 τὸν
784 5550 979 5619 φθόνον
1014 5550 1219 5605 αὐτῶν
1261 5551 1355 5605 νῦν
1383 5553 1461 5617 δὲ,
1498 5552 1687 5625 ἐπειδὴ
1714 5555 1809 5607 τοῦ

208 5644 424 5707 πάθους
454 5642 762 5712 ἐφέστηκεν
808 5643 835 5694 6
856 5641 1071 5712 καιρὸς,
1098 5641 1159 5695 ὃν
1203 5642 1365 5707 αὐτὸς
1410 5643 1588 5711 ἑαυτῷ
1616 5643 1808 5715 ὥρισε,

206 5736 603 5807 ἴαμπρότερον
643 5734 907 5803 ἔρχεται,
977 5734 1213 5789 ἴνα-ἐὰν
1262 5736 1363 5803 μὲν
1396 5736 1623 5803 θέλωσι,
1680 5756 1809 5793 συνο

201 5842 388 5919 ησωσι
415 5829 519 5899 τὴν
557 5827 713 5891 δόξαν
756 5826 942 5896 αὑτοῦ,
986 5828 1080 5885 καὶ
1108 5829 1214 5885 ἀπὸ
1242 5829 1353 5886 τῶν
1380 5831 1468 5885 ἐπ’
1494 5830 1643 5903 αὐτῷ
1672 5850 1809 5905 προ-

2530 3577 2764 3633 CAPUT
2794 3575 2886 3631 XI.

1922 3694 2087 3765 230
2119 3694 2191 3747 De
2220 3694 2388 3761 pullo.
2426 3692 2499 3765 De
2529 3693 2767 3765 arefacta
2810 3692 2935 3759 ﬁcu.
2982 3690 3056 3745 De
3090 3691 3289 3765 [agatis
3328 3708 3359 3747 ο
3388 3702 3525 3747 rem-

1994 3762 2081 3835 ξ)ίό
2120 3769 2413 3833 trapezitis.
2448 3762 2524 3814 De
2551 3763 2750 3827 ﬁducia
2783 3766 2835 3814 in
2867 3765 3054 3835 Deum.
3093 3762 3170 3816 De
3194 3763 3521 3832 injuriarum

1995 3834 2271 3906 abivione.
2324 3835 2396 3886 De
2427 3836 2753 3900 principibus
2795 3834 3167 3906 sorerdotttm,
3201 3845 3249 3888 et
3300 3836 3517 3906 presby-

1993 3909 2119 3959 teris
2159 3905 2443 3957 Dominum
2484 3904 2933 3971 interrogantibus

1992 4083 2158 4140 Vens.
2195 4082 2306 4137 l-6.
2336 4101 2353 4133 ι
2391 4080 2455 4134 Ει
2485 4095 2607 4133 cum
2642 4080 3085 4149 appropinquant
3123 4080 3519 4150 liierosolyuns

1920 4180 1984 4233 ad
2007 4177 2323 4246 Bethphage
2341 4184 2394 4229 et
2422 4172 2738 4227 Bethaniatn
2764 4172 2919 4243 juxta
2949 4184 3185 4227 montem
3214 4172 3516 4240 Olivarntn,

1917 4270 2120 4325 emittit
2148 4270 2285 4323 duos
2325 4282 2355 4322 e
2388 4266 2677 4337 discipulis
2725 4266 2866 4333 suis,
2895 4267 3104 4321 etdicit
3145 4266 3255 4321 illis
3290 4285 3305 4321 :
3354 4268 3518 4325 Abite

1920 4364 1973 4417 in
2007 4362 2185 4417 vicum
2225 4361 2315 4429 qui
2350 4370 2539 4415 contra
2574 4375 2671 4414 vos
2698 4369 2800 4424 est,
2840 4368 2895 4414 et
2932 4360 3120 4414 statim
3145 4360 3519 4429 ingredientes

1922 4456 1972 4508 in
2026 4455 2195 4520 illum,
2234 4454 2525 4508 invenietis
2566 4454 2769 4521 pullum
2816 4452 3313 4523 alligatum,supra
3351 4466 3515 4522 quem

2720 4545 2914 4600 solvite
2942 4561 3090 4610 eum,
3126 4554 3181 4599 et
3218 4545 3472 4601 adducite
3502 4561 3516 4598 :

1924 4648 1975 4692 et
2002 4640 2043 4691 si
2077 4640 2200 4708 quis
2218 4639 2375 4694 vobis
2408 4638 2606 4692 dixerit
2636 4678 2650 4703 ,
2684 4637 2793 4691 Cur
2814 4636 2996 4693 facitis
3020 4638 3348 4701 hoc‘idicite
3371 4639 3518 4715 quod

1923 4730 2181 4784 Dominus
2223 4746 2289 4785 eo
2343 4746 2479 4801 opus
2524 4730 2689 4784 habet
2724 4750 2737 4785 :
2776 4738 2827 4784 et
2854 4732 3117 4785 continuo
3157 4730 3306 4785 illum
3340 4734 3521 4787 mittet

1921 4824 2050 4875 huc.
2086 4822 2353 4875 Abierunt
2381 4830 2585 4885 autem,
2637 4832 2692 4875 et
2726 4822 3055 4876 invenerunt
3085 4823 3289 4892 pullum
3323 4823 3521 4893 alliga-

1922 4923 2033 4967 tum
2072 4914 2226 4983 juxta
2254 4914 2480 4983 januam
2525 4914 2659 4969 foris
2698 4916 2753 4969 in
2790 4915 2957 4982 bivio,
3005 4926 3060 4971 et
3092 4917 3313 4972 solvunt
3342 4916 3516 4981 illum.

1919 5006 1985 5059 Et
2024 5005 2267 5059 nonnulli
2299 5019 2493 5058 eorum
2528 5008 2616 5072 qui
2655 5004 2762 5058 illic
2797 5008 3041 5071 stabant,
3078 5008 3334 5062 dicebant
3366 5008 3515 5065 illis:

1919 5097 2057 5163 Quid
2094 5095 2273 5150 facitis
2303 5098 2578 5150 solventes
2616 5097 2862 5163 pullum?
2902 5100 2969 5151 At
3005 5100 3083 5153 illi
3126 5100 3388 5154 dixerunt
3433 5102 3515 5157 eis

1916 5190 2377 5259 quemadmodum
2414 5189 2548 5257 ipsis
2577 5199 2911 5258 priecoperat
2943 5189 3103 5246 Jesus
3126 5232 3138 5255 ,
3167 5203 3220 5245 et
3252 5191 3511 5249 sinebant

1917 5283 2059 5338 illos.
2096 5301 2114 5334 ι
2153 5282 2308 5352 Saepe
2350 5284 2513 5336 etiam
2565 5284 2703 5336 alias
2746 5284 2898 5337 venit
2931 5281 3393 5355 Hierosolymam,
3418 5286 3514 5339 sed

1917 5390 2194 5442 nunquam
2228 5388 2349 5427 cum
2387 5385 2537 5427 tanta
2573 5376 2879 5445 majestate,
2910 5386 3115 5444 quanta
3145 5392 3321 5431 nunc.
3354 5377 3515 5434 Prius

1915 5465 2132 5533 quidem
2166 5464 2519 5519 delitescebat
2547 5475 2771 5533 propter
2802 5465 3064 5519 invidiam
3086 5466 3341 5527 illorum:
3366 5483 3513 5521 nunc

1914 5570 2120 5622 autem,
2149 5558 2273 5627 quia
2308 5558 2585 5628 passionis
2620 5568 2833 5627 tempus
2852 5560 3064 5624 aderat,
3094 5561 3236 5630 quod
3268 5559 3387 5629 ipse
3406 5560 3511 5614 sibi

1915 5653 2315 5722 pradinirerat,
2357 5652 2560 5707 clarior
2610 5653 2758 5707 venit
2804 5670 2817 5706 :
2860 5662 2918 5707 ut
2958 5653 3003 5707 si
3044 5653 3232 5719 velint,
3278 5654 3505 5724 gloriam

1913 5742 2032 5812 ejus
2066 5743 2405 5814 intelligant,
2462 5752 2519 5798 et
2564 5758 2629 5799 ex
2676 5746 2978 5813 prophetiis
3010 5761 3129 5814 qua:
3161 5746 3214 5801 in
3264 5745 3505 5818 ipsoim-

1912 5837 2070 5909 plotae
2102 5845 2283 5906 erant,
2317 5848 2620 5910 agnoscant
2642 5854 2766 5895 eum
2797 5853 2921 5897 esse
2950 5839 3119 5896 Deum
3167 5855 3393 5910 verum;
3419 5842 3504 5899 sin
