4028 6440
536 450 637 519 6ll

1448 442 2026 535 mapparum
2063 437 2480 506 summa
2511 435 2863 500 ARCHlEP.

3687 436 3799 502 612

536 546 745 631 nolint,
803 561 861 617 in
906 558 1164 629 maiorem
1211 558 1715 613 condemnationem
1762 572 1953 612 eorum
2009 555 2103 616 sit.

2228 550 2454 622 ρητειῶν
2487 550 2886 621 τελειουμένων
2945 547 3245 620 ιπιγνῶσιν
3286 548 3371 603 δτι
3414 548 3623 621 ἀληθὴς
3655 550 3799 617 Θεός

472 660 473 663 ‘
538 653 683 723 quod
718 651 885 707 etiam
935 658 1064 705 tam.
1089 645 1254 703 claris
1296 647 1571 702 miraculis
1604 662 1712 702 non
1750 646 2106 702 crediderim.

542 741 678 799 Vide
702 744 844 797 enim
873 748 1006 810 quot
1036 738 1147 795 sint
1174 739 1261 793 bic
1287 737 1548 793 miracula
1589 753 1710 807 qua
1747 738 1829 793 eis
1858 737 1963 793 hoc
1994 737 2112 792 loco

541 834 761 890 dixerit.
791 832 941 887 Dixit
966 833 1084 888 eis:
1114 830 1403 886 invenietis
1420 831 1662 899 pullum;
1700 831 1838 885 dixit
1863 846 1959 885 eos
1991 844 2115 899 pro-

542 925 770 980 hibitum
801 922 891 992 iri,
920 931 977 978 et
1006 921 1203 977 deinde
1229 935 1351 974 cum
1394 922 1637 976 dicerent
1662 938 1676 974 :
1714 919 1973 975 Dominus
2019 919 2112 974 illo

540 1028 677 1085 opus
730 1014 933 1081 habet,
977 996 1554 1068 dixitdimittendum.
1596 1004 1924 1078 Neutiquam
1963 1009 2111 1063 enim

539 1107 645 1163 boc
689 1105 887 1178 parnm‘
924 1103 1122 1159 fuisset
1164 1103 1423 1173 apostolis
1467 1103 1706 1173 permitti
1742 1109 1802 1156 ut
1837 1099 2115 1156 abducant

440 1172 448 1189 τ
540 1172 770 1268 pullum,
823 1196 930 1251 nisi
984 1195 1166 1250 divina
1202 1172 1665 1264 iquaedamivlrtus
1688 1192 1941 1247 dominos
1979 1189 2110 1263 pulli

542 1288 836 1360 adegisset,
855 1298 1075 1356 prasert
1084 1286 1154 1341 im
1184 1300 1475 1356 pauperes;
1488 1295 1541 1339 et
1560 1284 1825 1357 agricolas
1841 1278 2113 1351 fortassis,

541 1390 604 1435 ut
642 1379 841 1435 animal
865 1378 996 1432 illud
1040 1378 1399 1439 dimitterent.
1434 1376 1685 1432 Attamen
1737 1376 1888 1432 disce
1930 1375 2116 1430 Domi-

543 1490 672 1529 num
709 1473 762 1529 id
804 1486 909 1527 non
937 1472 1056 1526 sine
1088 1484 1250 1525 causa
1293 1468 1533 1525 iecisse:
1568 1484 1746 1538 neque
1780 1470 1925 1524 enim
1979 1483 2115 1538 opus

543 1564 780 1621 babebat
803 1562 973 1634 pullo,
1008 1561 1103 1632 qui
1130 1562 1291 1617 taties
1337 1560 1577 1616 Judm
1612 1571 1669 1616 et
1690 1560 1967 1616 Galilzeam
1992 1573 2115 1629 per-

544 1667 834 1729 agraverat
860 1672 893 1711 .:
950 1658 1047 1711 sed
1092 1658 1432 1711 monstrabat
1469 1654 1611 1723 quod
1648 1667 1816 1723 super
1855 1653 2112 1722 populum

542 1748 781 1817 gentium
811 1762 1062 1803 sessurus
1094 1756 1275 1812 esset,
1303 1747 1395 1815 qui
1432 1755 1543 1799 tum
1576 1743 1887 1799 incredulus
1912 1751 2029 1798 erat
2060 1749 2119 1797 et

2212 645 2382 698 ἔστιν.
2434 642 2501 697 El
2539 642 2599 697 δὲ
2651 643 2727 714 μὴ
2758 643 3033 715 θελήσωσι
3066 643 3334 707 συνιέναι,
3366 644 3447 709 είς
3472 644 3799 717 κατάκριμα

2216 730 2401 803 μεῖζον
2430 732 2617 796 αὐτοῖς
2638 732 2769 805 sin,‘
2804 733 2889 787 δτι
2936 733 3060 788 οὐδὲ
3108 734 3251 805 μετά
3277 733 3519 804 τοσαῦτα
3565 734 3800 807 λαμπρά

2213 825 2470 895 θαύματα
2496 825 2847 881 ἐπίστευσαν.
2878 826 3023 898 Ὅρα
3066 826 3181 898 γὰρ
3228 826 3375 881 πόσα
3407 826 3650 883 ινταῦθα
3693 844 3800 899 ση-

2216 920 2365 989 μεῖα.
2393 913 2562 972 Εἶπεν
2584 918 2790 990 αὐτοῖς,
2825 918 2911 972 ὅτι
2965 917 3242 991 Εὐρήσετι
3273 919 3475 976 πῶλον.
3512 916 3685 981 Εἶπεν
3712 920 3802 976 δτι

2214 1008 2621 1080 κωλυθήσονται
2642 1046 2661 1074 ,
2704 1005 2830 1063 εἶτα
2856 1010 3123 1077 εἰπόντες,
3153 1010 3239 1065 δτι
3280 1010 3346 1067 Ὅ
3369 1010 3574 1085 Κύριος
3601 1012 3804 1087 χρῄζει

2213 1101 2401 1168 αὐτοῦ,
2434 1101 2779 1172 ὲαθήσονται.
2809 1102 2947 1157 Οὐδὲ
2967 1102 3077 1173 γάρ
3097 1102 3222 1158 οὐδὲ
3245 1103 3415 1179 τοῦτο·
3433 1104 3632 1177 μικρόν
3652 1106 3806 1171 ἐστι,

2216 1193 2280 1246 τὸ
2311 1193 2734 1265 συγχωρηθῆναι
2757 1195 2885 1258 τούς
2906 1194 3246 1260 ἀποστόλους
3276 1194 3521 1265 ἀπάγειν
3547 1194 3643 1250 τὸν
3683 1196 3807 1250 πῶ-

2214 1283 2488 1355 λον,’δπερ
2521 1283 2623 1337 οὐκ
2647 1282 2715 1338 ἂν
2745 1284 2965 1353 ἐγένετο
2991 1286 3041 1340 sl
3076 1285 3155 1358 μὴ
3184 1285 3414 1350 θεία-τις
3445 1286 3662 1358 ἀνάγκη
3694 1288 3802 1341 ἑπ-

2218 1375 2400 1430 έκειτο
2421 1377 2536 1441 τοϊς
2573 1376 2787 1448 κυρίοις
2813 1375 2907 1433 τοῦ
2937 1377 3121 1433 πώλου
3149 1378 3540 1448 ἀναγκάζουσα
3572 1381 3803 1445 αὐτοὺς,

2218 1466 2396 1521 καίτοι
2414 1468 2654 1538 πένητας
2671 1466 2835 1531 ὄντας
2861 1468 2957 1522 καὶ
2978 1469 3264 1540 γεωργοὺς
3282 1469 3471 1541 τυχὸν,
3494 1472 3717 1540 ἀφεῖναι
3741 1470 3811 1524 τδ

2218 1558 2379 1621 ζῶον.
2412 1560 2562 1629 Πλὴν
2595 1559 2857 1630 μάνθανε,
2884 1560 2968 1614 δτι
2988 1562 3050 1617 οὐ
3083 1563 3267 1633 μάτην
3306 1562 3465 1616 τοῦτο
3488 1563 3809 1634 ,ἰποίησενό

2218 1647 2443 1718 Κύριος.
2484 1649 2621 1702 οὐδὲ
2649 1648 2761 1720 γάρ
2791 1638 2990 1722 ἔχρῃζε
3018 1647 3111 1718 τοῦ
3138 1649 3341 1714 πώλου,
3366 1652 3396 1705 ό
3424 1650 3687 1711 πολλάκις
3704 1650 3811 1720 τὴν

2218 1740 2511 1795 Γαλιλαίαν
2536 1741 2633 1797 καὶ
2664 1742 2765 1811 τὴν
2800 1741 3063 1796 Ἰουδαίαν
3089 1741 3308 1797 ἃπασαν
3339 1740 3641 1813 ἐκπεριιών
3663 1743 3809 1813 (7-H'

544 1826 888 1904 ineruditus,
921 1846 978 1893 et
1004 1838 1217 1893 vinctus
1254 1838 1491 1907 peccatis
1528 1836 1646 1891 suis
1677 1837 1730 1889 in
1785 1835 1965 1901 bivio,
2017 1835 2118 1888 hoc

2228 1830 2359 1884 ἀλλὰ
2390 1830 2651 1884 δεικνύων
2675 1832 2761 1883 ὅτι
2803 1832 2899 1886 ἐπὶ
2940 1835 3033 1887 τὸν
3061 1830 3276 1885 ἑθνικὸν
3302 1830 3430 1885 λαὶν
3452 1830 3811 1901 ἐπιθήσεται,

543 1938 632 1985 est
652 1930 756 1983 vita
784 1931 906 1994 hac,
960 1931 1100 1999 apud
1113 1904 1358 1999 januam,
1382 1943 1500 1995 qua:
1514 1938 1599 1984 est
1612 1938 1767 1982 extra
1795 1924 2115 1981 Ecclesiam.

2228 1922 2279 1985 5;
2309 1922 2540 1994 ἀπειθὴς
2570 1924 2669 1995 μὲν
2697 1919 2766 1997 ἦν
2804 1919 2902 1980 καῖ
2940 1924 3305 1990 ἀπαίδευτος,
3348 1924 3557 1978 ἐδέδετο
3584 1926 3643 1979 δὶ
3684 1927 3813 1990 ταῖς

546 2022 772 2079 Solutus
808 2030 891 2078 est
935 2030 1120 2076 autem
1155 2022 1224 2076 ab
1256 2021 1515 2091 apostolis
1561 2033 1657 2088 per
1706 2018 2037 2087 baptismum
2064 2026 2121 2071 et

547 2114 708 2170 (idem
745 2130 762 2167 :
789 2124 846 2169 et
876 2122 1063 2169 vectus
1090 2113 1247 2168 estin
1275 2128 1340 2168 eo
1382 2110 1646 2165 Dominus
1669 2148 1686 2173 ,
1728 2123 1854 2164 cum
1891 2108 2119 2178 apostoli

548 2204 875 2267 vestimenta
903 2218 1023 2269 sua,
1044 2203 1161 2278 ,ltoc
1192 2212 1298 2267 est,
1322 2215 1541 2255 omnem
1568 2200 1667 2269 qui
1691 2207 1778 2253 est
1817 2213 1886 2253 ex
1909 2198 2123 2252 virtute

550 2296 803 2351 decorem
848 2294 1255 2365 imposuissent.
1288 2292 1444 2347 Prius
1471 2293 1613 2346 enim
1647 2289 1777 2345 nudi
1815 2301 1971 2344 erant
2000 2304 2127 2359 gen-

550 2389 672 2444 tiles
715 2398 768 2443 et
804 2386 1093 2452 deformes,
1132 2374 1413 2455 pati-antes
1446 2384 1650 2439 nefaria
1677 2400 1693 2438 :
1719 2392 2004 2465 postquam
2029 2396 2128 2435 au-

553 2490 662 2535 tem
691 2480 759 2533 ab
790 2478 1051 2549 apostolis
1092 2479 1307 2532 adducti
1337 2476 1558 2531 luerunt
1578 2514 1594 2539 ,
1621 2484 1747 2530 tunc
1779 2478 2003 2530 honeste
2034 2476 2119 2527 di-

547 2572 799 2628 dicerunt
827 2556 1128 2634 ambulare,
1148 2579 1204 2626 et
1229 2579 1513 2640 propterea
1541 2568 1705 2623 etiam
1741 2568 1793 2621 in
1844 2566 1982 2637 ipsis
2005 2565 2120 2621 fer-

546 2670 640 2717 tur
681 2672 925 2733 gestatus
963 2661 1239 2718 Christus.
1272 2661 1502 2728 Quinam
1540 2670 1724 2714 autem
1759 2658 2001 2726 luerunt,
2027 2660 2119 2727 qui

548 2757 703 2826 prius
721 2762 880 2810 erant
904 2754 1111 2809 domini
1141 2753 1292 2822 pulli,
1317 2753 1409 2822 qui
1440 2752 1714 2834 apostolos
1739 2751 2120 2819 prohiberent;

553 2859 738 2901 nonne
780 2846 1006 2900 omnino
1053 2844 1212 2916 231
1262 2843 1573 2901 dmuouesl
1608 2842 1752 2899 Sane
1778 2850 1836 2899 et
1874 2844 1959 2899 bis
1989 2856 2123 2913 apo-

555 2937 686 2992 stoli
727 2937 1154 3005 praevaluerunt.

2214 2011 2444 2078 οἰκείαις
2472 2015 2769 2086 ἁμαρτίαις
2797 2016 2855 2068 ὲν
2877 2017 2943 2087 τῇ
2974 2016 3202 2087 ἀμφόδῳ
3229 2056 3245 2082 ,
3292 2016 3540 2070 τουτέστι
3570 2016 3651 2088 τῷ
3705 2017 3815 2088 βίῳ

2216 2103 2417 2174 τούτῳ,
2450 2106 2585 2174 πρὸς
2610 2104 2711 2174 τῆν
2728 2104 2901 2175 θύραν
2927 2144 2942 2169 ,
2967 2106 3136 2175 ἠγουν
3172 2105 3280 2172 ἔξω
3308 2105 3410 2176 τῆς
3448 2106 3813 2179 Ἐκκλησίας.

2234 2196 2433 2267 Ἐλύθη
2463 2196 2522 2248 δὲ
2559 2198 2712 2267 παρὰ
2739 2197 2849 2250 τῶν
2885 2197 3149 2269 μαθητῶν
3179 2198 3269 2257 διὰ
3292 2198 3388 2259 τοῦ
3424 2199 3817 2271 βαπτίσματος

2222 2286 2317 2340 καὶ
2360 2288 2459 2358 τῆς
2517 2287 2762 2352 πίστεως
2791 2306 2807 2321 ο
2840 2290 2938 2343 καὶ
2986 2290 3248 2363 ὲπωχήθη
3308 2292 3459 2364 αὐτῷ
3501 2293 3533 2347 ό
3575 2294 3815 2365 Κύριος,

2220 2378 2520 2433 ιπιθέντων
2566 2379 2679 2434 τῶν
2723 2380 3038 2436 ἀποστόλων
3074 2382 3146 2436 τά
3177 2384 3371 2453 ἱμάτια
3408 2384 3617 2451 αὐτῶν,
3650 2403 3815 2440 τουτ-

2229 2473 2345 2526 έστι
2401 2475 2583 2527 πᾶσαν
2627 2474 3044 2546 εὐσχημοσύνην
3096 2475 3195 2546 τὴν
3240 2477 3300 2543 ἐξ
3331 2474 3557 2547 ἀρετῆς.
3606 2478 3819 2551 Πρώην

2230 2564 2326 2633 μὲν
2349 2564 2460 2633 γὰρ
2488 2564 2688 2635 γυμνοὶ
2716 2564 2868 2628 ὄντες
2896 2567 2947 2619 oi
2973 2568 3032 2632 ἐξ
3082 2566 3257 2621 ἐθνῶν
3286 2569 3603 2641 ἀσχήμονες
3640 2566 3819 2642 ἦσαν,

2227 2661 2560 2729 πράττοντες
2607 2662 2848 2733 ἄθεσμα.
2905 2663 3064 2719 Ἐπεὶ
3099 2664 3179 2720 δὲ,
3210 2666 3318 2719 ὐπὸ
3345 2667 3455 2721 τῶν
3489 2668 3821 2722 ἀποστόλων

2228 2750 2493 2821 ἤχθησαν,
2513 2751 2634 2806 τότε
2650 2753 2714 2823 δὴ
2730 2754 2851 2806 τότε
2868 2754 3219 2824 εὐσχημόνως
3235 2755 3441 2826 ἔμαθον
3461 2762 3821 2828 περιπατεῖν,

2227 2843 2323 2895 καὶ
2346 2843 2435 2897 διὰ
2453 2843 2613 2897 τοῦτο
2632 2845 2727 2897 καὶ⁵
2748 2846 2833 2897 ἐπ’
2850 2845 3033 2898 αὐτῶν
3051 2846 3275 2919 φέρεται
3292 2850 3320 2901 ό
3340 2848 3573 2922 Χριστὸς
3605 2850 3822 2921 βασταο

2228 2932 2475 3005 ζόμενος.
2493 2935 2650 2999 Τίνες
2666 2936 2723 2989 δὲ
2742 2933 2882 3009 ἦσαν
2898 2939 2947 2992 oi
2963 2940 3154 3011 πρώην
3172 2940 3429 2996 δεσπόται
3447 2940 3541 2996 τοῦ
3558 2943 3746 2999 πώλου
3767 2945 3825 2998 οι

550 3024 851 3090 κωλύοντες
880 3030 1007 3089 τοὺς
1040 3026 1402 3092 ἀποστόλους,
1429 3024 1463 3099 ἢ
1490 3026 1708 3092 πάντως
1728 3027 1780 3081 οἱ
1812 3026 2070 3099 δαίμονες
2092 3043 2108 3093 ;
2132 3026 2299 3083 ’Δλλά
2323 3029 2418 3084 καὶ
2447 3028 2654 3084 τούτων
2678 3030 3128 3103 ἐπικρατέστεροι
3156 3034 3400 3115 γίνονται
3421 3038 3471 3091 oi
3498 3037 3821 3099 ἀπόστολοι,

624 3114 794 3172 Vsus.
830 3115 981 3171 'l-lil.
1014 3135 1035 3169 ι
1068 3115 1134 3171 Ει
1154 3117 1495 3193 adduxerunt
1515 3117 1719 3188 pullum
1750 3120 1819 3173 ad
1837 3116 2048 3187 Iesum,
2075 3127 2124 3176 et

2310 3138 2329 3172 ι
2392 3122 2502 3174 Καὶ
2551 3121 2762 3193 ἧγαγον
2820 3123 2911 3176 τὸν
2978 3124 3173 3197 πῶλονῖ
3220 3114 3363 3199 πρὸς
3414 3128 3509 3183 τὸν
3577 3121 3825 3205 Ἰησοῦν⁹

551 3208 861 3280 iniecerunt
888 3209 965 3262 illi
989 3210 1312 3269 vestimenta
1342 3224 1462 3274 sua,
1485 3210 1732 3280 seditque
1759 3226 1922 3281 super
1946 3211 2123 3267 illum.

552 3299 709 3357 Multi
742 3316 869 3356 vero
892 3302 1218 3356 vestimenta
1245 3316 1345 3355 sua
1394 3302 1716 3356 sternebant
1755 3303 1811 3357 in
1838 3304 2007 3373 viam,
2035 3303 2129 3357 alii

556 3405 683 3445 vero
713 3388 934 3446 frondes
972 3389 1283 3446 incidebant
1329 3403 1418 3445 ex.
1454 3391 1765 3459 arboribus,
1818 3401 1875 3447 et
1906 3403 2124 3449 sterne-

552 3479 688 3537 ban't
723 3484 777 3536 in
809 3482 971 3535 viam.
999 3481 1069 3536 Et
1112 3482 1204 3551 Qui
1267 3481 1643 3551 praecedebant
1686 3484 1887 3555 quique
1945 3500 2133 3557 seque-

555 3571 755 3627 bantur
796 3572 1105 3627 clamabant
1148 3573 1392 3628 dicentes
1428 3591 1444 3629 :
1479 3574 1736 3629 Hosanna
1766 3614 1784 3641 ,
1816 3576 2131 3633 benedictus

556 3666 650 3738 qui
693 3666 842 3721 venit
875 3666 928 3721 in
954 3664 1170 3721 nomine
1198 3665 1435 3721 Domini.
1459 3665 1812 3723 Benedictum
1844 3672 1986 3739 quod
2033 3686 2127 3726 ve-

558 3758 640 3811 nit
664 3770 912 3822 regnum,
954 3755 1007 3809 in
1031 3754 1253 3809 nomine
1282 3756 1491 3810 Domini
1514 3758 1688 3824 patris
1718 3753 1889 3811 nostri
1907 3758 2084 3813 ‘David
2113 3776 2129 3813 :

555 3845 812 3901 Bosanna
845 3846 901 3899 in
931 3844 1235 3920 altissimis.
1282 3864 1303 3899 ι
1335 3846 1625 3900 Multitudo
1652 3848 1908 3917 quamdiu
1947 3848 2131 3902 incor-

560 3948 718 4009 rupta
747 3947 949 4003 manet,
982 3938 1230 4007 agnoscit
1272 3946 1535 4004 quantum
1584 3952 1718 4007 opus
1742 3949 1859 3991 erat
1888 3955 1901 3991 ε
1925 3938 2046 3992 ideo
2073 3947 2130 3994 et

559 4027 757 4097 singuli
782 4042 883 4097 pro
933 4028 1139 4082 viribus
1182 4027 1297 4081 suis
1328 4024 1513 4081 Iesum
1575 4035 1927 4081 venerantur.
1984 4028 2130 4083 Lau-

558 4117 755 4173 dantes
784 4128 962 4171 autem
979 4115 1109 4185 quid
1132 4117 1391 4183 dixerint,
1418 4118 1714 4172 videamus.
1742 4119 1784 4171 A
1806 4118 1971 4173 David
1999 4136 2132 4176 sane

559 4210 820 4279 hymnum
878 4208 1027 4262 illum
1076 4222 1381 4277 sumpsere.
1442 4207 1613 4263 Porro
1673 4207 1924 4263 Hosanna
1979 4211 2131 4280 juxta

558 4298 819 4367 quosdam
850 4299 1137 4369 signiﬁcat,
1182 4299 1352 4365 salva,
1384 4300 1613 4354 obsecro
1646 4300 1835 4366 :juxta
1873 4304 2134 4371 quasdam

558 4405 709 4457 vero,
745 4391 1022 4460 hymnum.
1073 4390 1293 4445 Rectius
1343 4401 1524 4445 tamen
1555 4402 1638 4446 est
1681 4394 1821 4461 quod
1847 4394 2021 4463 primo
2051 4395 2134 4447 di-

2232 3215 2330 3268 καὶ
2381 3214 2647 3267 ἐπέϐαλον
2692 3214 2843 3284 αὐτῷ
2902 3216 2974 3270 τά
3020 3219 3213 3288 ίμάτια
3262 3220 3480 3287 αὐτῶν,
3536 3222 3632 3277 καὶ
3679 3225 3823 3280 ἑκά·

2232 3304 2382 3357 θισεν
2429 3308 2519 3357 ἐπ’
2547 3306 2736 3361 αὐτόν.
2763 3308 2958 3362 Πολλοὶ
2981 3310 3039 3363 δὲ
3080 3312 3150 3364 τὰ
3175 3312 3371 3381 ἱμάτια
3396 3313 3579 3368 αὐτῶν
3604 3315 3825 3385 εστρωο

2235 3411 2336 3447 σαν
2360 3396 2441 3459 είς
2468 3396 2567 3469 τὴν
2599 3398 2716 3451 ὁδόν
2734 3416 2749 3430 ’
2789 3401 2940 3455 ἄλλοι
2967 3400 3025 3455 δὲ
3054 3402 3311 3467 στιϐάδας
3351 3403 3581 3460 ἔκοπτον
3602 3407 3667 3461 ὲκ
3704 3408 3825 3462 τῶν

2231 3484 2486 3556 δένδρων,
2514 3487 2610 3541 καὶ
2638 3489 2979 3561 ἐστρώννυον
3001 3493 3081 3556 είς
3119 3494 3223 3565 τὴν
3260 3495 3399 3553 όδόν.
3448 3498 3559 3552 Καὶ
3588 3500 3638 3554 οι
3667 3516 3816 3571 προ-

2231 3577 2461 3646 ἀΥοντες
2517 3582 2613 3635 καὶ
2646 3583 2697 3636 οἱ
2743 3583 3169 3651 ἀκολουθοῦντες
3225 3587 3465 3659 ἔκραζον
3513 3591 3775 3660 λέγοντες
3804 3614 3820 3628 -

2243 3670 2476 3727 Ὦσαννά
2497 3674 2863 3746 εὐλογημένος
2889 3678 2919 3731 ό
2940 3679 3237 3749 ἐρχόμενος
3261 3684 3318 3733 ὲν
3340 3681 3566 3752 ὀνόματι
3581 3685 3827 3756 Κυρίου.

2233 3761 2588 3836 Εὐλογημένη
2614 3768 2648 3837 η
2679 3771 2950 3840 ἐρχομένη
2983 3756 3228 3840 βασιλεία
3259 3774 3318 3826 ὲν
3352 3773 3580 3845 ὀνόματι
3603 3778 3820 3850 Κυρίου

2233 3855 2327 3909 ⁴’.τοῦ
2352 3859 2559 3927 πατρὸς
2581 3860 2738 3928 ἡμῶν
2766 3861 2961 3913 Δαὸίδ·
3004 3862 3234 3917 Ὡσαννὰ
3265 3865 3323 3917 ὲν
3348 3868 3460 3930 τοῖς
3485 3867 3762 3936 ὑψίστοις.
3798 3890 3818 3924 ι

2235 3947 2308 4028 Τὸ
2344 3946 2550 4017 πλῆθος
2583 3949 2778 4020 μέχρις
2808 3952 2876 4004 ἂν
2906 3952 3234 4024 ἀδιάφθορον
3266 3955 3427 4027 μένῃ,
3445 3958 3829 4031 ἐπιγινώσκει

2232 4035 2297 4087 τὸ
2326 4035 2465 4089 δέον.
2529 4037 2620 4089 Διὸ
2654 4039 2750 4091 καὶ
2798 4039 3003 4107 τιμῶσι
3041 4040 3132 4095 τὸν
3191 4040 3399 4112 Ἰησοῦν
3450 4042 3683 4107 ἕκαστος
3739 4045 3825 4111 ὡς

2234 4121 2349 4193 εἶχε
2380 4126 2690 4197 δυνάμεως.
2720 4129 2784 4181 Ol.
2813 4130 2868 4182 δὲ
2902 4131 3201 4197 ὑμνοῦντες
3249 4133 3303 4185 τί
3340 4132 3550 4202 ελεγον,
3592 4136 3823 4206 ἴδωμεν.

2250 4215 2347 4269 Ἐκ
2376 4216 2472 4269 τοῦ
2501 4218 2665 4271 Δαῦὶδ
2696 4220 2796 4289 μὲν
2827 4220 2919 4272 τὸν
2968 4220 3138 4291 ὕμνον
3163 4223 3356 4277 τοῦτον
3406 4224 3623 4279 ἔλαϐον.
3652 4227 3729 4279 Τὸ
3757 4228 3822 4281 δὲ

2254 4296 2505 4376 Ὧᾶαννά,
2543 4310 2685 4365 κατά
2719 4312 2818 4381 μέν
2848 4329 3001 4376 τινας
3027 4314 3307 4383 σημαίνει,
3339 4316 3514 4369 σῶσον
3547 4316 3637 4385 δὴ,
3672 4322 3825 4375 κατὰ

2234 4397 2291 4451 δέ
2315 4415 2468 4462 τινας
2510 4403 2790 4470 σημαίνει,
2831 4403 3023 4471 ὕμνος.
3072 4406 3240 4477 Πλὴν,
3272 4409 3524 4477 κρεῖττον
3572 4409 3634 4462 τὺ
3664 4412 3821 4481 πρῶ-

557 4492 724 4535 ctnm.
757 4478 1003 4536 [labetur
1038 4483 1186 4537 enim
1221 4484 1275 4537 iu
1304 4485 1603 4539 centesimo
1633 4486 1844 4540 decimo
1876 4488 2124 4555 .septimu

2234 4506 2346 4543 τον.
2392 4493 2482 4545 Ἐν
2524 4465 2645 4564 γάρ·
2664 4494 2741 4565 τῷ
2782 4465 3062 4566 ἑκατοστῷ
3112 4465 3567 4571 ἑπτακαιδεκάτῳ
3614 4465 3824 4574 ψαλμῷ

560 4573 851 4640 psalmo,§0
878 4574 1125 4638 Domine,
1159 4575 1339 4640 salva,
1376 4578 1603 4631 obsecro
1634 4596 1647 4631 :
1681 4578 1734 4631 id
1772 4578 1915 4647 quod
1944 4580 1997 4631 in
2027 4578 2141 4633 He-.

563 4662 746 4716 braico
799 4662 1049 4717 Hosanna
1100 4666 1356 4735 scriptum
1400 4678 1499 4720 est.
1536 4664 1781 4738 Regnum
1818 4680 1995 4723 autem
2028 4669 2132 4724 Da-

564 4756 650 4807 vid
700 4768 925 4824 regnum
954 4755 1155 4811 Christi
1190 4760 1457 4822 dicebant,
1517 4770 1629 4814 tum
1678 4762 1820 4830 quod
1848 4776 1879 4815 a
1923 4763 2129 4819 semine

561 4845 727 4899 David
745 4847 1008 4902 deductus
1032 4859 1174 4902 esset
1194 4847 1466 4918 Christus,
1505 4859 1616 4905 tum
1658 4854 1802 4921 quod
1840 4854 2007 4908 David
2045 4854 2128 4908 in-

564 4940 845 5005 terpretari
874 4941 995 5007 quis
1019 4950 1216 5009 potest,
1250 4952 1524 5011 potentem
1549 4944 1631 4997 vel
1662 4945 1916 4999 idoneum
1942 4962 2125 5001 manu.

562 5028 693 5094 Quis
714 5040 891 5083 autem
927 5031 1069 5085 alius
1117 5046 1277 5085 manu
1316 5049 1487 5102 usque
1534 5034 1669 5089 adeo
1712 5036 1925 5090 validus
1960 5047 2015 5090 et
2036 5052 2134 5105 po-

564 5134 681 5177 tens
715 5132 772 5176 ut
798 5122 1078 5189 Dominus,
1109 5123 1262 5190 cujus
1289 5140 1482 5179 manus
1522 5134 1671 5180 tanta
1707 5128 1969 5181 miracula
2006 5141 2135 5182 sunt

562 5214 827 5281 operata?
854 5213 1120 5267 Caeterum
1142 5223 1451 5270 sternamus
1475 5227 1531 5271 et
1553 5232 1655 5273 nos
1685 5220 2005 5272 vestimenta
2038 5235 2135 5271 no-

563 5314 697 5369 stra,
739 5306 838 5357 hoc
868 5307 954 5359 est
994 5318 1235 5357 carnem.
1288 5305 1473 5360 Vestis
1528 5310 1673 5362 enim
1714 5311 1930 5376 animae,
1979 5324 2131 5375 caro,

562 5409 722 5463 qnam
753 5396 1105 5461 subjiciamus
1145 5394 1395 5463 Domino,
1425 5407 1478 5451 et
1502 5410 1805 5454 sternamus
1826 5403 1968 5455 viam
2009 5403 2132 5457 vita:

562 5496 761 5538 nostra:
790 5504 805 5540 :
838 5489 1173 5552 deputantes,
1204 5498 1257 5540 et
1288 5489 1587 5545 incidentes
1626 5493 1695 5545 ab
1718 5493 2005 5547 arboribus
2038 5508 2127 5547 ra-

566 5593 595 5628 ιι
618 5590 700 5643 os,
731 5577 833 5631 hoc
879 5588 984 5646 est,
1021 5593 1331 5635 sanctorum
1364 5581 1502 5637 vitas
1548 5584 1843 5637 imitemur.
1878 5587 2128 5640 -Arbores

2237 4586 2449 4636 xeiras‘
2478 4580 2550 4637 Ὠ
2580 4586 2773 4656 Κύριε,
2812 4587 2983 4639 σῶσον
3021 4588 3085 4659 δή
3125 4606 3139 4618 ·
3170 4590 3307 4661 ὅπερ
3340 4593 3398 4643 ὲν
3434 4592 3511 4661 τῷ
3545 4593 3826 4665 Ἐϐραῖκῴ
3882 4632 3885 4633 ν

2248 4676 2479 4729 Ὡσαννὰ
2517 4678 2853 4748 γέγραπται.
2913 4681 3199 4734 Βασιλείαν
3229 4682 3286 4734 δὲ
3328 4683 3492 4736 Δαὸιδ
3516 4686 3613 4755 τὴν
3659 4685 3821 4755 βασι-

2235 4770 2384 4823 λείαν
2409 4772 2504 4823 τοῦ
2525 4771 2766 4843 Χριστοῦ
2793 4772 2999 4839 ἔλεγον,
3024 4773 3141 4844 ἅμα
3167 4774 3267 4843 μὲν
3292 4774 3431 4828 διότι
3463 4774 3557 4829 καὶ
3587 4778 3701 4830 ἀπὸ
3722 4778 3823 4831 τοῦ

2238 4862 2556 4929 σπέρματος
2586 4862 2679 4913 τοῦ
2714 4862 2880 4916 Δαόὶδ
2920 4866 3188 4935 κατήγετο
3223 4867 3252 4917 ὁ
3282 4866 3488 4939 Κύριος
3512 4908 3529 4933 ,
3586 4868 3707 4939 ἃμα
3734 4869 3819 4937 δὲ,

2235 4952 2319 5003 ὅτι
2352 4952 2513 5005 Δαὸὶδ
2545 4955 2935 5024 ἑρμηνεύεται,
2964 4957 3189 5019 δυνατὸς
3243 4960 3411 5029 χειρὶ,
3453 4960 3573 5029 ἦτοι
3627 4960 3819 5025 ἱκανὸς

2238 5043 2401 5112 χειρί.
2442 5044 2535 5106 Τίς
2577 5044 2632 5095 δὲ
2684 5046 2840 5109 ἄλλος
2878 5049 3062 5111 ἱκανὸς
3115 5051 3283 5119 χειρὶ,
3313 5053 3362 5101 εἰ
3407 5051 3481 5121 μὴ
3508 5053 3535 5102 ὁ
3563 5052 3772 5122 Κύριος
3804 5097 3819 5119 ,

2235 5128 2296 5186 οὗ
2328 5135 2382 5184 αἱ
2415 5136 2594 5205 χεῖρες
2641 5137 2881 5189 τοσαῦτα
2942 5138 3199 5209 θαύματα
3259 5141 3609 5209 ἐνήργησαν;
3653 5143 3821 5196 Ἀ).λὰ

2237 5225 2345 5295 γὰρ
2386 5226 2720 5298 στρώσωμεν
2776 5231 2871 5283 καὶ
2920 5233 3081 5301 ἡμεῖς
3128 5233 3195 5284 τὰ
3240 5234 3430 5303 ἱμάτια
3482 5236 3658 5303 ἡμῶν,
3698 5237 3821 5305 ἦτοι

2234 5318 2333 5385 τὴν
2364 5320 2541 5387 σάρκα
2582 5320 2820 5391 (ἱμάτιον
2874 5326 2983 5393 γὰρ
3033 5326 3066 5394 η
3109 5324 3247 5395 σὰρξ
3307 5327 3407 5395 τῆς
3441 5326 3669 5396 ψυχῆς),
3722 5334 3823 5381 καὶ

2240 5408 2599 5480 ὐποτάξωμεν
2630 5414 2835 5484 ταύτην
2865 5416 2941 5486 τῷ
2972 5418 3183 5487 Κυρίῳ.
3221 5419 3331 5470 Καὶ
3356 5420 3689 5488 στρώσωμεν
3719 5422 3825 5491 τὴν

2240 5499 2359 5551 ὁδὸν
2394 5502 2484 5553 τοῦ
2511 5504 2782 5573 ἡμετέρου
2830 5507 2969 5577 βίου,
3025 5510 3317 5573 κόπτοντες
3348 5511 3411 5562 ὲκ
3448 5512 3554 5563 τῶν
3582 5511 3823 5581 δένδρων

2240 5589 2485 5655 κλάδους,
2518 5596 2787 5663 τουτέστι,
2824 5600 2950 5663 τοὺς
2987 5601 3097 5655 τῶν
3135 5602 3307 5671 ἁγίων
3356 5601 3503 5671 βίους
3539 5604 3828 5673 μιμούμε-

1550 5722 1641 5783 Ex
1674 5723 2015 5786 collatione
2064 5725 2251 5787 codd.
2289 5729 2510 5792 Venet.
2548 5736 2607 5794 S.
2636 5737 2852 5797 Marci.

646 5836 758 5905 (τι)
796 5838 1121 5910 Ἐκπεριῖὼν
1151 5842 1313 5912 πεζῇ,
1348 5845 1501 5899 codd.
1536 5843 1629 5909 es,
1663 5845 1730 5897 50
1758 5856 1808 5898 ct
1835 5847 1923 5901 Et.
