  <div class='ocr_page' id='page_1' title='image "/cluster/home/n/w/nwhite01/storage/ocr_20150623/123/ien.35556001659978/315.png"; bbox 0 0 4028 6416; ppageno 0'>
   <div class='ocr_carea' id='block_1_1' title="bbox 569 367 3820 441">
    <p class='ocr_par' dir='ltr' id='par_1_1' title="bbox 569 367 3820 441">
     <span class='ocr_line' id='line_1_1' title="bbox 569 367 3820 441; baseline -0.003 0"><span class='ocrx_word' id='word_1_1' title='bbox 569 377 675 441; x_wconf 80' lang='grc'><strong>615</strong></span> <span class='ocrx_word' id='word_1_2' title='bbox 1494 374 2073 437; x_wconf 81' lang='lat' dir='ltr'><strong>THEOPHYLACTI</strong></span> <span class='ocrx_word' id='word_1_3' title='bbox 2114 374 2526 438; x_wconf 64' lang='lat' dir='ltr'><strong>BULGARIE</strong></span> <span class='ocrx_word' id='word_1_4' title='bbox 2564 374 2920 438; x_wconf 77' lang='lat' dir='ltr'><strong>ARCHIEP.</strong></span> <span class='ocrx_word' id='word_1_5' title='bbox 3700 367 3820 432; x_wconf 69' lang='grc'><strong>616</strong></span> 
     </span>
    </p>
   </div>
   <div class='ocr_carea' id='block_1_2' title="bbox 562 473 2136 555">
    <p class='ocr_par' dir='ltr' id='par_1_2' title="bbox 562 481 2130 555">
     <span class='ocr_line' id='line_1_2' title="bbox 562 481 2130 555; baseline 0 -19"><span class='ocrx_word' id='word_1_6' title='bbox 562 486 702 555; x_wconf 85' lang='lat' dir='ltr'><strong>quod</strong></span> <span class='ocrx_word' id='word_1_7' title='bbox 733 484 896 539; x_wconf 83' lang='lat' dir='ltr'><strong>etiam</strong></span> <span class='ocrx_word' id='word_1_8' title='bbox 923 486 1113 553; x_wconf 87' lang='lat' dir='ltr'><strong>punire</strong></span> <span class='ocrx_word' id='word_1_9' title='bbox 1132 483 1318 553; x_wconf 78' lang='lat' dir='ltr'><strong>possit.</strong></span> <span class='ocrx_word' id='word_1_10' title='bbox 1347 481 1518 538; x_wconf 82' lang='lat' dir='ltr'><strong>Habet</strong></span> <span class='ocrx_word' id='word_1_11' title='bbox 1552 483 1679 537; x_wconf 91' lang='lat' dir='ltr'><strong>item</strong></span> <span class='ocrx_word' id='word_1_12' title='bbox 1712 492 1766 537; x_wconf 92' lang='lat' dir='ltr'><strong>et</strong></span> <span class='ocrx_word' id='word_1_13' title='bbox 1789 484 1924 537; x_wconf 85' lang='lat' dir='ltr'><strong>licus</strong></span> <span class='ocrx_word' id='word_1_14' title='bbox 1947 491 2130 552; x_wconf 86' lang='lat' dir='ltr'><strong>typum</strong></span> 
     </span>
    </p>
   </div>
   <div class='ocr_carea' id='block_1_3' title="bbox 2243 473 3818 555">
    <p class='ocr_par' dir='ltr' id='par_1_3' title="bbox 2243 473 3818 553">
     <span class='ocr_line' id='line_1_3' title="bbox 2243 473 3818 553; baseline -0.001 -16"><span class='ocrx_word' id='word_1_15' title='bbox 2243 484 2397 538; x_wconf 76' lang='grc' dir='ltr'>δαίων</span> <span class='ocrx_word' id='word_1_16' title='bbox 2430 483 2785 553; x_wconf 86' lang='grc' dir='ltr'>Συναγωγῆς.</span> <span class='ocrx_word' id='word_1_17' title='bbox 2832 481 2884 535; x_wconf 77' lang='grc' dir='ltr'>οἳ</span> <span class='ocrx_word' id='word_1_18' title='bbox 2937 479 3112 552; x_wconf 81' lang='grc' dir='ltr'>φύλλα</span> <span class='ocrx_word' id='word_1_19' title='bbox 3146 479 3309 551; x_wconf 83' lang='grc' dir='ltr'>μόνον</span> <span class='ocrx_word' id='word_1_20' title='bbox 3337 473 3504 551; x_wconf 75' lang='grc' dir='ltr'>εἶχον,</span> <span class='ocrx_word' id='word_1_21' title='bbox 3539 477 3818 535; x_wconf 64' lang='grc' dir='ltr'>τουτέστι.</span> 
     </span>
    </p>
   </div>
   <div class='ocr_carea' id='block_1_4' title="bbox 562 569 2136 650">
    <p class='ocr_par' dir='ltr' id='par_1_4' title="bbox 562 574 2117 650">
     <span class='ocr_line' id='line_1_4' title="bbox 562 574 2117 650; baseline -0.001 -17"><span class='ocrx_word' id='word_1_22' title='bbox 562 592 844 650; x_wconf 55' lang='lat' dir='ltr'><strong>synagoga!</strong></span> <span class='ocrx_word' id='word_1_23' title='bbox 881 574 1215 642; x_wconf 63' lang='lat' dir='ltr'><strong>Judarorum,</strong></span> <span class='ocrx_word' id='word_1_24' title='bbox 1250 576 1341 644; x_wconf 88' lang='lat' dir='ltr'><strong>qui</strong></span> <span class='ocrx_word' id='word_1_25' title='bbox 1390 575 1516 629; x_wconf 86' lang='lat' dir='ltr'><strong>l‘olia</strong></span> <span class='ocrx_word' id='word_1_26' title='bbox 1550 575 1661 630; x_wconf 86' lang='lat' dir='ltr'><strong>sola</strong></span> <span class='ocrx_word' id='word_1_27' title='bbox 1688 575 1979 639; x_wconf 83' lang='lat' dir='ltr'><strong>habebant,</strong></span> <span class='ocrx_word' id='word_1_28' title='bbox 2013 575 2117 632; x_wconf 86' lang='lat' dir='ltr'><strong>hoc</strong></span> 
     </span>
    </p>
   </div>
   <div class='ocr_carea' id='block_1_5' title="bbox 2243 569 3821 650">
    <p class='ocr_par' dir='ltr' id='par_1_5' title="bbox 2243 569 3821 647">
     <span class='ocr_line' id='line_1_5' title="bbox 2243 569 3821 647; baseline -0.003 -20"><span class='ocrx_word' id='word_1_29' title='bbox 2243 578 2388 646; x_wconf 73' lang='grc' dir='ltr'>ιόμον</span> <span class='ocrx_word' id='word_1_30' title='bbox 2433 579 2590 629; x_wconf 81' lang='grc' dir='ltr'>σκιὰν</span> <span class='ocrx_word' id='word_1_31' title='bbox 2644 578 2828 639; x_wconf 77' lang='grc' dir='ltr'>αὐτοῖς</span> <span class='ocrx_word' id='word_1_32' title='bbox 2876 573 3228 647; x_wconf 76' lang='grc' dir='ltr'>παρέχοντα,</span> <span class='ocrx_word' id='word_1_33' title='bbox 3260 573 3471 644; x_wconf 79' lang='grc' dir='ltr'>καρπὸν</span> <span class='ocrx_word' id='word_1_34' title='bbox 3505 569 3562 625; x_wconf 65' lang='grc' dir='ltr'>δὲ</span> <span class='ocrx_word' id='word_1_35' title='bbox 3620 570 3821 624; x_wconf 69' lang='grc' dir='ltr'>οὐδένα</span> 
     </span>
    </p>
   </div>
   <div class='ocr_carea' id='block_1_6' title="bbox 563 662 2136 740">
    <p class='ocr_par' dir='ltr' id='par_1_6' title="bbox 563 666 2123 739">
     <span class='ocr_line' id='line_1_6' title="bbox 563 666 2123 739; baseline -0.001 -16"><span class='ocrx_word' id='word_1_36' title='bbox 563 681 644 724; x_wconf 81' lang='lat' dir='ltr'><strong>est</strong></span> <span class='ocrx_word' id='word_1_37' title='bbox 677 669 869 739; x_wconf 83' lang='lat' dir='ltr'><strong>legem,</strong></span> <span class='ocrx_word' id='word_1_38' title='bbox 903 669 1147 722; x_wconf 79' lang='lat' dir='ltr'><strong>umbraut</strong></span> <span class='ocrx_word' id='word_1_39' title='bbox 1180 667 1287 723; x_wconf 82' lang='lat' dir='ltr'><strong>illis</strong></span> <span class='ocrx_word' id='word_1_40' title='bbox 1334 669 1685 737; x_wconf 73' lang='lat' dir='ltr'><strong>praebentem,</strong></span> <span class='ocrx_word' id='word_1_41' title='bbox 1724 666 1959 722; x_wconf 76' lang='lat' dir='ltr'><strong>fructum</strong></span> <span class='ocrx_word' id='word_1_42' title='bbox 1996 682 2123 722; x_wconf 87' lang='lat' dir='ltr'><strong>vero</strong></span> 
     </span>
    </p>
   </div>
   <div class='ocr_carea' id='block_1_7' title="bbox 2243 662 3811 740">
    <p class='ocr_par' dir='ltr' id='par_1_7' title="bbox 2243 662 3811 740">
     <span class='ocr_line' id='line_1_7' title="bbox 2243 662 3811 740; baseline -0.003 -18"><span class='ocrx_word' id='word_1_43' title='bbox 2243 666 2391 740; x_wconf 65' lang='grc' dir='ltr'>εἶχον.</span> <span class='ocrx_word' id='word_1_44' title='bbox 2444 670 2729 723; x_wconf 84' lang='grc' dir='ltr'>Ἑπείνασε</span> <span class='ocrx_word' id='word_1_45' title='bbox 2768 668 2824 721; x_wconf 82' lang='grc' dir='ltr'>δὲ</span> <span class='ocrx_word' id='word_1_46' title='bbox 2851 669 2878 722; x_wconf 81' lang='grc' dir='ltr'><strong>ὁ</strong></span> <span class='ocrx_word' id='word_1_47' title='bbox 2912 666 3122 737; x_wconf 89' lang='grc' dir='ltr'>Ἰησοῦς</span> <span class='ocrx_word' id='word_1_48' title='bbox 3144 666 3242 737; x_wconf 83' lang='grc' dir='ltr'>τὴν</span> <span class='ocrx_word' id='word_1_49' title='bbox 3276 666 3551 737; x_wconf 80' lang='grc' dir='ltr'><strong>σωτηρίαν</strong></span> <span class='ocrx_word' id='word_1_50' title='bbox 3595 662 3811 719; x_wconf 76' lang='grc' dir='ltr'>αὐτῶν.</span> 
     </span>
    </p>
   </div>
   <div class='ocr_carea' id='block_1_8' title="bbox 566 756 2136 833">
    <p class='ocr_par' dir='ltr' id='par_1_8' title="bbox 566 757 2122 817">
     <span class='ocr_line' id='line_1_8' title="bbox 566 757 2122 817; baseline -0.004 0"><span class='ocrx_word' id='word_1_51' title='bbox 566 764 763 817; x_wconf 90' lang='lat' dir='ltr'><strong>nullum</strong></span> <span class='ocrx_word' id='word_1_52' title='bbox 790 760 1105 815; x_wconf 78' lang='lat' dir='ltr'><strong>aﬂ‘crebant.</strong></span> <span class='ocrx_word' id='word_1_53' title='bbox 1152 758 1442 814; x_wconf 87' lang='lat' dir='ltr'><strong>Esuriebat</strong></span> <span class='ocrx_word' id='word_1_54' title='bbox 1471 769 1649 813; x_wconf 88' lang='lat' dir='ltr'><strong>autem</strong></span> <span class='ocrx_word' id='word_1_55' title='bbox 1698 757 1857 814; x_wconf 85' lang='lat' dir='ltr'><strong>Jesus</strong></span> <span class='ocrx_word' id='word_1_56' title='bbox 1895 759 2122 814; x_wconf 88' lang='lat' dir='ltr'><strong>salutem</strong></span> 
     </span>
    </p>
   </div>
   <div class='ocr_carea' id='block_1_9' title="bbox 2243 756 3824 833">
    <p class='ocr_par' dir='ltr' id='par_1_9' title="bbox 2243 756 3824 833">
     <span class='ocr_line' id='line_1_9' title="bbox 2243 756 3824 833; baseline -0.003 -20"><span class='ocrx_word' id='word_1_57' title='bbox 2243 763 2398 830; x_wconf 83' lang='grc' dir='ltr'>Ἐμὸν</span> <span class='ocrx_word' id='word_1_58' title='bbox 2436 762 2567 831; x_wconf 79' lang='grc' dir='ltr'>γὰρ,</span> <span class='ocrx_word' id='word_1_59' title='bbox 2600 761 2757 831; x_wconf 67' lang='grc' dir='ltr'>φησι,</span> <span class='ocrx_word' id='word_1_60' title='bbox 2789 760 2986 833; x_wconf 86' lang='grc' dir='ltr'>βρῶμά</span> <span class='ocrx_word' id='word_1_61' title='bbox 3009 762 3180 825; x_wconf 73' lang='grc' dir='ltr'>ἔστιν,</span> <span class='ocrx_word' id='word_1_62' title='bbox 3213 759 3301 812; x_wconf 83' lang='grc' dir='ltr'>ἵνα</span> <span class='ocrx_word' id='word_1_63' title='bbox 3334 758 3474 813; x_wconf 88' lang='grc' dir='ltr'>ποιῶ</span> <span class='ocrx_word' id='word_1_64' title='bbox 3508 756 3568 811; x_wconf 78' lang='grc' dir='ltr'><strong>τὺ</strong></span> <span class='ocrx_word' id='word_1_65' title='bbox 3599 756 3824 825; x_wconf 70' lang='grc' dir='ltr'>θέλημα</span> 
     </span>
    </p>
   </div>
   <div class='ocr_carea' id='block_1_10' title="bbox 565 849 2136 923">
    <p class='ocr_par' dir='ltr' id='par_1_10' title="bbox 565 850 2124 921">
     <span class='ocr_line' id='line_1_10' title="bbox 565 850 2124 921; baseline -0.003 -12"><span class='ocrx_word' id='word_1_66' title='bbox 565 857 798 911; x_wconf 86' lang='lat' dir='ltr'><strong>illorum.</strong></span> <span class='ocrx_word' id='word_1_67' title='bbox 834 853 981 906; x_wconf 75' lang='grc' dir='ltr'>Μιιυε</span> <span class='ocrx_word' id='word_1_68' title='bbox 1012 854 1154 906; x_wconf 88' lang='lat' dir='ltr'><strong>enim</strong></span> <span class='ocrx_word' id='word_1_69' title='bbox 1184 852 1338 906; x_wconf 86' lang='lat' dir='ltr'><strong>cibus</strong></span> <span class='ocrx_word' id='word_1_70' title='bbox 1365 860 1466 913; x_wconf 89' lang='lat' dir='ltr'><strong>est,</strong></span> <span class='ocrx_word' id='word_1_71' title='bbox 1496 851 1689 921; x_wconf 88' lang='lat' dir='ltr'><strong>inquit,</strong></span> <span class='ocrx_word' id='word_1_72' title='bbox 1717 860 1774 903; x_wconf 92' lang='lat' dir='ltr'><strong>ut</strong></span> <span class='ocrx_word' id='word_1_73' title='bbox 1808 850 2002 905; x_wconf 77' lang='lat' dir='ltr'><strong>faciam</strong></span> <span class='ocrx_word' id='word_1_74' title='bbox 2028 865 2124 905; x_wconf 84' lang='lat' dir='ltr'><strong>vo-</strong></span> 
     </span>
    </p>
   </div>
   <div class='ocr_carea' id='block_1_11' title="bbox 2243 849 3819 923">
    <p class='ocr_par' dir='ltr' id='par_1_11' title="bbox 2243 849 3819 923">
     <span class='ocr_line' id='line_1_11' title="bbox 2243 849 3819 923; baseline -0.004 -17"><span class='ocrx_word' id='word_1_75' title='bbox 2243 853 2318 906; x_wconf 77' lang='grc' dir='ltr'><strong>τοῦ</strong></span> <span class='ocrx_word' id='word_1_76' title='bbox 2367 854 2580 923; x_wconf 82' lang='grc' dir='ltr'><strong>Πατρός</strong></span> <span class='ocrx_word' id='word_1_77' title='bbox 2626 870 2750 921; x_wconf 91' lang='grc' dir='ltr'>μου.</span> <span class='ocrx_word' id='word_1_78' title='bbox 2778 853 3001 923; x_wconf 84' lang='grc' dir='ltr'>Θέλημα</span> <span class='ocrx_word' id='word_1_79' title='bbox 3050 851 3108 906; x_wconf 63' lang='grc' dir='ltr'>δὲ</span> <span class='ocrx_word' id='word_1_80' title='bbox 3153 851 3306 904; x_wconf 80' lang='grc' dir='ltr'>Θεοῦ</span> <span class='ocrx_word' id='word_1_81' title='bbox 3335 851 3395 904; x_wconf 83' lang='grc' dir='ltr'>τὸ</span> <span class='ocrx_word' id='word_1_82' title='bbox 3451 849 3819 919; x_wconf 77' lang='grc' dir='ltr'><strong>ἐπιστρέφειν</strong></span> 
     </span>
    </p>
   </div>
   <div class='ocr_carea' id='block_1_12' title="bbox 564 936 2136 1015">
    <p class='ocr_par' dir='ltr' id='par_1_12' title="bbox 564 942 2127 1009">
     <span class='ocr_line' id='line_1_12' title="bbox 564 942 2127 1009; baseline -0.003 -10"><span class='ocrx_word' id='word_1_83' title='bbox 564 947 819 999; x_wconf 81' lang='lat' dir='ltr'><strong>luutatem</strong></span> <span class='ocrx_word' id='word_1_84' title='bbox 859 944 1035 997; x_wconf 80' lang='lat' dir='ltr'><strong>Patris</strong></span> <span class='ocrx_word' id='word_1_85' title='bbox 1068 945 1191 997; x_wconf 91' lang='lat' dir='ltr'><strong>mei.</strong></span> <span class='ocrx_word' id='word_1_86' title='bbox 1230 942 1487 997; x_wconf 78' lang='lat' dir='ltr'><strong>Voluntas</strong></span> <span class='ocrx_word' id='word_1_87' title='bbox 1512 952 1691 998; x_wconf 87' lang='lat' dir='ltr'><strong>autem</strong></span> <span class='ocrx_word' id='word_1_88' title='bbox 1716 942 1900 997; x_wconf 88' lang='lat' dir='ltr'><strong>Patris</strong></span> <span class='ocrx_word' id='word_1_89' title='bbox 1932 951 2037 1009; x_wconf 89' lang='lat' dir='ltr'><strong>est,</strong></span> <span class='ocrx_word' id='word_1_90' title='bbox 2070 951 2127 996; x_wconf 92' lang='lat' dir='ltr'><strong>ut</strong></span> 
     </span>
    </p>
   </div>
   <div class='ocr_carea' id='block_1_13' title="bbox 2243 936 3814 1015">
    <p class='ocr_par' dir='ltr' id='par_1_13' title="bbox 2243 936 3814 1015">
     <span class='ocr_line' id='line_1_13' title="bbox 2243 936 3814 1015; baseline -0.003 -18"><span class='ocrx_word' id='word_1_91' title='bbox 2243 946 2354 1007; x_wconf 74' lang='grc' dir='ltr'>τοὺς</span> <span class='ocrx_word' id='word_1_92' title='bbox 2387 946 2824 1015; x_wconf 83' lang='grc' dir='ltr'>ἁμαρτάνοντας.</span> <span class='ocrx_word' id='word_1_93' title='bbox 2866 943 3022 998; x_wconf 74' lang='grc' dir='ltr'>Ἐπεὶ</span> <span class='ocrx_word' id='word_1_94' title='bbox 3049 942 3229 997; x_wconf 78' lang='grc' dir='ltr'><strong>τοίνυν</strong></span> <span class='ocrx_word' id='word_1_95' title='bbox 3251 943 3353 996; x_wconf 76' lang='grc' dir='ltr'>οὐκ</span> <span class='ocrx_word' id='word_1_96' title='bbox 3387 936 3503 1013; x_wconf 75' lang='grc' dir='ltr'>εἶχε</span> <span class='ocrx_word' id='word_1_97' title='bbox 3527 938 3749 1012; x_wconf 78' lang='grc' dir='ltr'>καρπὸν</span> <span class='ocrx_word' id='word_1_98' title='bbox 3776 938 3814 1011; x_wconf 77' lang='grc' dir='ltr'><strong>η</strong></span> 
     </span>
    </p>
   </div>
   <div class='ocr_carea' id='block_1_14' title="bbox 564 1032 2136 1108">
    <p class='ocr_par' dir='ltr' id='par_1_14' title="bbox 564 1033 2124 1104">
     <span class='ocr_line' id='line_1_14' title="bbox 564 1033 2124 1104; baseline -0.001 -15"><span class='ocrx_word' id='word_1_99' title='bbox 564 1045 879 1089; x_wconf 84' lang='lat' dir='ltr'><strong>convertant</strong></span> <span class='ocrx_word' id='word_1_100' title='bbox 901 1049 960 1089; x_wconf 90' lang='lat' dir='ltr'><strong>se</strong></span> <span class='ocrx_word' id='word_1_101' title='bbox 992 1045 1321 1102; x_wconf 75' lang='lat' dir='ltr'><strong>peccatores.</strong></span> <span class='ocrx_word' id='word_1_102' title='bbox 1349 1033 1415 1086; x_wconf 89' lang='lat' dir='ltr'><strong>Et</strong></span> <span class='ocrx_word' id='word_1_103' title='bbox 1436 1035 1561 1103; x_wconf 86' lang='lat' dir='ltr'><strong>quia</strong></span> <span class='ocrx_word' id='word_1_104' title='bbox 1598 1049 1864 1104; x_wconf 82' lang='lat' dir='ltr'><strong>synagoga</strong></span> <span class='ocrx_word' id='word_1_105' title='bbox 1892 1033 2124 1088; x_wconf 78' lang='lat' dir='ltr'><strong>fructum</strong></span> 
     </span>
    </p>
   </div>
   <div class='ocr_carea' id='block_1_15' title="bbox 2243 1032 3823 1108">
    <p class='ocr_par' dir='ltr' id='par_1_15' title="bbox 2243 1032 3823 1108">
     <span class='ocr_line' id='line_1_15' title="bbox 2243 1032 3823 1108; baseline -0.004 -18"><span class='ocrx_word' id='word_1_106' title='bbox 2243 1038 2540 1107; x_wconf 74' lang='grc' dir='ltr'>τυναγωγὴ,</span> <span class='ocrx_word' id='word_1_107' title='bbox 2576 1036 2860 1108; x_wconf 86' lang='grc' dir='ltr'>κατηράθη</span> <span class='ocrx_word' id='word_1_108' title='bbox 2894 1035 2993 1089; x_wconf 79' lang='grc' dir='ltr'>καὶ</span> <span class='ocrx_word' id='word_1_109' title='bbox 3013 1034 3311 1108; x_wconf 69' lang='grc' dir='ltr'>ἐξηράνθη,</span> <span class='ocrx_word' id='word_1_110' title='bbox 3344 1035 3487 1106; x_wconf 75' lang='grc' dir='ltr'>μήτε</span> <span class='ocrx_word' id='word_1_111' title='bbox 3518 1032 3823 1105; x_wconf 73' lang='grc' dir='ltr'><strong>προφήτην</strong></span> 
     </span>
    </p>
   </div>
   <div class='ocr_carea' id='block_1_16' title="bbox 565 1127 2128 1195">
    <p class='ocr_par' dir='ltr' id='par_1_16' title="bbox 565 1127 2128 1195">
     <span class='ocr_line' id='line_1_16' title="bbox 565 1127 2128 1195; baseline -0.001 -14"><span class='ocrx_word' id='word_1_112' title='bbox 565 1144 669 1182; x_wconf 89' lang='lat' dir='ltr'><strong>non</strong></span> <span class='ocrx_word' id='word_1_113' title='bbox 702 1128 953 1191; x_wconf 78' lang='lat' dir='ltr'><strong>habebat,</strong></span> <span class='ocrx_word' id='word_1_114' title='bbox 989 1127 1272 1180; x_wconf 88' lang='lat' dir='ltr'><strong>maledicta</strong></span> <span class='ocrx_word' id='word_1_115' title='bbox 1305 1136 1388 1181; x_wconf 90' lang='lat' dir='ltr'><strong>est</strong></span> <span class='ocrx_word' id='word_1_116' title='bbox 1427 1136 1483 1180; x_wconf 91' lang='lat' dir='ltr'><strong>et</strong></span> <span class='ocrx_word' id='word_1_117' title='bbox 1521 1127 1753 1191; x_wconf 78' lang='lat' dir='ltr'><strong>exaruit,</strong></span> <span class='ocrx_word' id='word_1_118' title='bbox 1793 1140 1967 1195; x_wconf 84' lang='lat' dir='ltr'><strong>neque</strong></span> <span class='ocrx_word' id='word_1_119' title='bbox 2000 1139 2128 1194; x_wconf 80' lang='lat' dir='ltr'><strong>pro-</strong></span> 
     </span>
    </p>
   </div>
   <div class='ocr_carea' id='block_1_17' title="bbox 564 1216 1573 1286">
    <p class='ocr_par' dir='ltr' id='par_1_17' title="bbox 564 1216 1573 1286">
     <span class='ocr_line' id='line_1_17' title="bbox 564 1216 1573 1286; baseline -0.003 -16"><span class='ocrx_word' id='word_1_120' title='bbox 564 1218 803 1286; x_wconf 87' lang='lat' dir='ltr'><strong>phetam,</strong></span> <span class='ocrx_word' id='word_1_121' title='bbox 835 1233 1011 1286; x_wconf 83' lang='lat' dir='ltr'><strong>neque</strong></span> <span class='ocrx_word' id='word_1_122' title='bbox 1042 1219 1316 1270; x_wconf 88' lang='lat' dir='ltr'><strong>doctorem</strong></span> <span class='ocrx_word' id='word_1_123' title='bbox 1347 1216 1573 1270; x_wconf 84' lang='lat' dir='ltr'><strong>habens.</strong></span> 
     </span>
    </p>
   </div>
   <div class='ocr_carea' id='block_1_18' title="bbox 641 1304 2129 1379">
    <p class='ocr_par' dir='ltr' id='par_1_18' title="bbox 641 1304 2129 1379">
     <span class='ocr_line' id='line_1_18' title="bbox 641 1304 2129 1379; baseline 0.003 -22"><span class='ocrx_word' id='word_1_124' title='bbox 641 1305 798 1361; x_wconf 77' lang='lat' dir='ltr'><strong>Vens.</strong></span> <span class='ocrx_word' id='word_1_125' title='bbox 852 1307 1046 1359; x_wconf 80' lang='grc'><strong>15-18.</strong></span> <span class='ocrx_word' id='word_1_126' title='bbox 1109 1323 1130 1358; x_wconf 78' lang='grc' dir='ltr'><strong>ι</strong></span> <span class='ocrx_word' id='word_1_127' title='bbox 1174 1307 1239 1360; x_wconf 86' lang='grc' dir='ltr'>Ει</span> <span class='ocrx_word' id='word_1_128' title='bbox 1300 1306 1525 1360; x_wconf 88' lang='lat' dir='ltr'><strong>veniunt</strong></span> <span class='ocrx_word' id='word_1_129' title='bbox 1579 1304 2033 1379; x_wconf 83' lang='lat' dir='ltr'><strong>Hierosolymam,</strong></span> <span class='ocrx_word' id='word_1_130' title='bbox 2074 1314 2129 1361; x_wconf 87' lang='lat' dir='ltr'><strong>et</strong></span> 
     </span>
    </p>
   </div>
   <div class='ocr_carea' id='block_1_19' title="bbox 568 1397 2125 1471">
    <p class='ocr_par' dir='ltr' id='par_1_19' title="bbox 568 1397 2125 1471">
     <span class='ocr_line' id='line_1_19' title="bbox 568 1397 2125 1471; baseline 0.001 -18"><span class='ocrx_word' id='word_1_131' title='bbox 568 1397 1024 1465; x_wconf 75' lang='lat' dir='ltr'><strong>ingressusJesus</strong></span> <span class='ocrx_word' id='word_1_132' title='bbox 1075 1401 1125 1452; x_wconf 90' lang='lat' dir='ltr'><strong>in</strong></span> <span class='ocrx_word' id='word_1_133' title='bbox 1177 1399 1455 1468; x_wconf 82' lang='lat' dir='ltr'><strong>templum,</strong></span> <span class='ocrx_word' id='word_1_134' title='bbox 1489 1402 1653 1468; x_wconf 71' lang='lat' dir='ltr'><strong>erepit</strong></span> <span class='ocrx_word' id='word_1_135' title='bbox 1686 1400 1884 1467; x_wconf 82' lang='lat' dir='ltr'><strong>ejicere</strong></span> <span class='ocrx_word' id='word_1_136' title='bbox 1908 1414 2003 1455; x_wconf 80' lang='lat' dir='ltr'><strong>eos</strong></span> <span class='ocrx_word' id='word_1_137' title='bbox 2033 1401 2125 1471; x_wconf 90' lang='lat' dir='ltr'><strong>qui</strong></span> 
     </span>
    </p>
   </div>
   <div class='ocr_carea' id='block_1_20' title="bbox 565 1480 2131 1561">
    <p class='ocr_par' dir='ltr' id='par_1_20' title="bbox 565 1480 2131 1561">
     <span class='ocr_line' id='line_1_20' title="bbox 565 1480 2131 1561; baseline 0.003 -19"><span class='ocrx_word' id='word_1_138' title='bbox 565 1491 870 1545; x_wconf 77' lang='lat' dir='ltr'><strong>vendebant</strong></span> <span class='ocrx_word' id='word_1_139' title='bbox 922 1499 979 1545; x_wconf 89' lang='lat' dir='ltr'><strong>et</strong></span> <span class='ocrx_word' id='word_1_140' title='bbox 999 1491 1248 1546; x_wconf 80' lang='lat' dir='ltr'><strong>emebant</strong></span> <span class='ocrx_word' id='word_1_141' title='bbox 1278 1492 1331 1546; x_wconf 92' lang='lat' dir='ltr'><strong>in</strong></span> <span class='ocrx_word' id='word_1_142' title='bbox 1375 1492 1573 1561; x_wconf 85' lang='lat' dir='ltr'><strong>templo</strong></span> <span class='ocrx_word' id='word_1_143' title='bbox 1627 1510 1640 1546; x_wconf 91' lang='lat'><strong>:</strong></span> <span class='ocrx_word' id='word_1_144' title='bbox 1676 1502 1730 1547; x_wconf 89' lang='lat' dir='ltr'><strong>et</strong></span> <span class='ocrx_word' id='word_1_145' title='bbox 1772 1480 1986 1549; x_wconf 76' lang='lat' dir='ltr'><strong>tinensas</strong></span> <span class='ocrx_word' id='word_1_146' title='bbox 2019 1493 2131 1548; x_wconf 90' lang='lat' dir='ltr'><strong>col-</strong></span> 
     </span>
    </p>
   </div>
   <div class='ocr_carea' id='block_1_21' title="bbox 564 1582 2130 1653">
    <p class='ocr_par' dir='ltr' id='par_1_21' title="bbox 564 1582 2130 1653">
     <span class='ocr_line' id='line_1_21' title="bbox 564 1582 2130 1653; baseline 0.004 -18"><span class='ocrx_word' id='word_1_147' title='bbox 564 1582 877 1653; x_wconf 67' lang='lat' dir='ltr'><strong>lyltistarum</strong></span> <span class='ocrx_word' id='word_1_148' title='bbox 907 1624 923 1649; x_wconf 95' lang='lat'><strong>,</strong></span> <span class='ocrx_word' id='word_1_149' title='bbox 959 1595 1012 1639; x_wconf 83' lang='lat' dir='ltr'><strong>et</strong></span> <span class='ocrx_word' id='word_1_150' title='bbox 1033 1584 1193 1640; x_wconf 89' lang='lat' dir='ltr'><strong>sellas</strong></span> <span class='ocrx_word' id='word_1_151' title='bbox 1224 1586 1568 1640; x_wconf 82' lang='lat' dir='ltr'><strong>vendentium</strong></span> <span class='ocrx_word' id='word_1_152' title='bbox 1597 1586 1877 1642; x_wconf 86' lang='lat' dir='ltr'><strong>columbas</strong></span> <span class='ocrx_word' id='word_1_153' title='bbox 1904 1589 2130 1643; x_wconf 84' lang='lat' dir='ltr'><strong>subver-</strong></span> 
     </span>
    </p>
   </div>
   <div class='ocr_carea' id='block_1_22' title="bbox 568 1673 2129 1744">
    <p class='ocr_par' dir='ltr' id='par_1_22' title="bbox 568 1673 2129 1744">
     <span class='ocr_line' id='line_1_22' title="bbox 568 1673 2129 1744; baseline 0.004 -18"><span class='ocrx_word' id='word_1_154' title='bbox 568 1673 631 1726; x_wconf 90' lang='lat' dir='ltr'><strong>tit</strong></span> <span class='ocrx_word' id='word_1_155' title='bbox 663 1690 675 1727; x_wconf 93' lang='lat'><strong>:</strong></span> <span class='ocrx_word' id='word_1_156' title='bbox 711 1682 763 1726; x_wconf 89' lang='lat' dir='ltr'><strong>et</strong></span> <span class='ocrx_word' id='word_1_157' title='bbox 809 1688 917 1727; x_wconf 90' lang='lat' dir='ltr'><strong>non</strong></span> <span class='ocrx_word' id='word_1_158' title='bbox 968 1675 1213 1743; x_wconf 85' lang='lat' dir='ltr'><strong>permisit</strong></span> <span class='ocrx_word' id='word_1_159' title='bbox 1250 1684 1308 1729; x_wconf 91' lang='lat' dir='ltr'><strong>ut</strong></span> <span class='ocrx_word' id='word_1_160' title='bbox 1351 1677 1638 1744; x_wconf 72' lang='lat' dir='ltr'><strong>quisquam</strong></span> <span class='ocrx_word' id='word_1_161' title='bbox 1689 1677 1999 1743; x_wconf 82' lang='lat' dir='ltr'><strong>deportaret</strong></span> <span class='ocrx_word' id='word_1_162' title='bbox 2035 1694 2129 1733; x_wconf 88' lang='lat' dir='ltr'><strong>vas</strong></span> 
     </span>
    </p>
   </div>
   <div class='ocr_carea' id='block_1_23' title="bbox 567 1757 2127 1833">
    <p class='ocr_par' dir='ltr' id='par_1_23' title="bbox 567 1757 2127 1833">
     <span class='ocr_line' id='line_1_23' title="bbox 567 1757 2127 1833; baseline 0.004 -15"><span class='ocrx_word' id='word_1_163' title='bbox 567 1780 665 1832; x_wconf 90' lang='lat' dir='ltr'><strong>per</strong></span> <span class='ocrx_word' id='word_1_164' title='bbox 703 1765 957 1833; x_wconf 86' lang='lat' dir='ltr'><strong>templum</strong></span> <span class='ocrx_word' id='word_1_165' title='bbox 993 1782 1008 1820; x_wconf 91' lang='lat'><strong>:</strong></span> <span class='ocrx_word' id='word_1_166' title='bbox 1043 1777 1098 1821; x_wconf 91' lang='lat' dir='ltr'><strong>et</strong></span> <span class='ocrx_word' id='word_1_167' title='bbox 1129 1768 1356 1821; x_wconf 80' lang='lat' dir='ltr'><strong>docchat</strong></span> <span class='ocrx_word' id='word_1_168' title='bbox 1384 1770 1568 1823; x_wconf 88' lang='lat' dir='ltr'><strong>dicens</strong></span> <span class='ocrx_word' id='word_1_169' title='bbox 1595 1767 1700 1822; x_wconf 84' lang='lat' dir='ltr'><strong>illis</strong></span> <span class='ocrx_word' id='word_1_170' title='bbox 1735 1757 1963 1823; x_wconf 88' lang='lat' dir='ltr'><strong>:Nonne</strong></span> <span class='ocrx_word' id='word_1_171' title='bbox 1989 1771 2127 1825; x_wconf 77' lang='lat' dir='ltr'><strong>scri-</strong></span> 
     </span>
    </p>
   </div>
   <div class='ocr_carea' id='block_1_24' title="bbox 568 1859 2128 1930">
    <p class='ocr_par' dir='ltr' id='par_1_24' title="bbox 568 1859 2128 1930">
     <span class='ocr_line' id='line_1_24' title="bbox 568 1859 2128 1930; baseline 0.003 -19"><span class='ocrx_word' id='word_1_172' title='bbox 568 1869 718 1927; x_wconf 89' lang='lat' dir='ltr'><strong>ptum</strong></span> <span class='ocrx_word' id='word_1_173' title='bbox 758 1868 862 1922; x_wconf 90' lang='lat' dir='ltr'><strong>est,</strong></span> <span class='ocrx_word' id='word_1_174' title='bbox 894 1859 1091 1913; x_wconf 89' lang='lat' dir='ltr'><strong>Domus</strong></span> <span class='ocrx_word' id='word_1_175' title='bbox 1128 1874 1245 1913; x_wconf 85' lang='lat' dir='ltr'><strong>mea</strong></span> <span class='ocrx_word' id='word_1_176' title='bbox 1308 1860 1500 1915; x_wconf 88' lang='lat' dir='ltr'><strong>domus</strong></span> <span class='ocrx_word' id='word_1_177' title='bbox 1536 1862 1860 1930; x_wconf 85' lang='lat' dir='ltr'><strong>precationis</strong></span> <span class='ocrx_word' id='word_1_178' title='bbox 1912 1862 2128 1917; x_wconf 86' lang='lat' dir='ltr'><strong>vocabi-</strong></span> 
     </span>
    </p>
   </div>
   <div class='ocr_carea' id='block_1_25' title="bbox 571 1949 2120 2021">
    <p class='ocr_par' dir='ltr' id='par_1_25' title="bbox 571 1949 2120 2021">
     <span class='ocr_line' id='line_1_25' title="bbox 571 1949 2120 2021; baseline 0.003 -17"><span class='ocrx_word' id='word_1_179' title='bbox 571 1957 657 2004; x_wconf 89' lang='lat' dir='ltr'><strong>tur</strong></span> <span class='ocrx_word' id='word_1_180' title='bbox 691 1951 936 2004; x_wconf 86' lang='lat' dir='ltr'><strong>onmilms</strong></span> <span class='ocrx_word' id='word_1_181' title='bbox 961 1950 1244 2021; x_wconf 78' lang='lat' dir='ltr'><strong>gentibus?</strong></span> <span class='ocrx_word' id='word_1_182' title='bbox 1270 1949 1377 2006; x_wconf 79' lang='lat' dir='ltr'><strong>Vos</strong></span> <span class='ocrx_word' id='word_1_183' title='bbox 1407 1962 1583 2004; x_wconf 88' lang='lat' dir='ltr'><strong>autem</strong></span> <span class='ocrx_word' id='word_1_184' title='bbox 1620 1951 1823 2006; x_wconf 82' lang='lat' dir='ltr'><strong>fecistis</strong></span> <span class='ocrx_word' id='word_1_185' title='bbox 1845 1965 1964 2007; x_wconf 87' lang='lat' dir='ltr'><strong>eam</strong></span> <span class='ocrx_word' id='word_1_186' title='bbox 1996 1966 2120 2021; x_wconf 50' lang='lat' dir='ltr'><strong>spe‘</strong></span> 
     </span>
    </p>
   </div>
   <div class='ocr_carea' id='block_1_26' title="bbox 571 2042 2130 2115">
    <p class='ocr_par' dir='ltr' id='par_1_26' title="bbox 571 2042 2130 2115">
     <span class='ocr_line' id='line_1_26' title="bbox 571 2042 2130 2115; baseline 0.003 -20"><span class='ocrx_word' id='word_1_187' title='bbox 571 2043 780 2096; x_wconf 72' lang='lat' dir='ltr'><strong>lunram</strong></span> <span class='ocrx_word' id='word_1_188' title='bbox 826 2043 1119 2097; x_wconf 85' lang='lat' dir='ltr'><strong>latronum.</strong></span> <span class='ocrx_word' id='word_1_189' title='bbox 1169 2042 1233 2096; x_wconf 84' lang='lat' dir='ltr'><strong>Et</strong></span> <span class='ocrx_word' id='word_1_190' title='bbox 1263 2042 1551 2097; x_wconf 79' lang='lat' dir='ltr'><strong>audierunt</strong></span> <span class='ocrx_word' id='word_1_191' title='bbox 1587 2043 1789 2098; x_wconf 58' lang='lat' dir='ltr'><strong>Scriba;</strong></span> <span class='ocrx_word' id='word_1_192' title='bbox 1834 2044 2130 2115; x_wconf 82' lang='lat' dir='ltr'><strong>principes-</strong></span> 
     </span>
    </p>
   </div>
   <div class='ocr_carea' id='block_1_27' title="bbox 568 2132 2132 2202">
    <p class='ocr_par' dir='ltr' id='par_1_27' title="bbox 568 2132 2132 2202">
     <span class='ocr_line' id='line_1_27' title="bbox 568 2132 2132 2202; baseline 0.003 -17"><span class='ocrx_word' id='word_1_193' title='bbox 568 2148 673 2201; x_wconf 85' lang='lat' dir='ltr'><strong>que</strong></span> <span class='ocrx_word' id='word_1_194' title='bbox 722 2132 1084 2196; x_wconf 82' lang='lat' dir='ltr'><strong>sacerdotum,</strong></span> <span class='ocrx_word' id='word_1_195' title='bbox 1118 2143 1171 2186; x_wconf 91' lang='lat' dir='ltr'><strong>et</strong></span> <span class='ocrx_word' id='word_1_196' title='bbox 1196 2134 1506 2199; x_wconf 61' lang='lat' dir='ltr'><strong>qurere-bant</strong></span> <span class='ocrx_word' id='word_1_197' title='bbox 1534 2134 1805 2202; x_wconf 86' lang='lat' dir='ltr'><strong>quomodo</strong></span> <span class='ocrx_word' id='word_1_198' title='bbox 1853 2135 2002 2189; x_wconf 88' lang='lat' dir='ltr'><strong>illum</strong></span> <span class='ocrx_word' id='word_1_199' title='bbox 2041 2149 2132 2191; x_wconf 89' lang='lat' dir='ltr'><strong>es-</strong></span> 
     </span>
    </p>
   </div>
   <div class='ocr_carea' id='block_1_28' title="bbox 568 2222 2131 2296">
    <p class='ocr_par' dir='ltr' id='par_1_28' title="bbox 568 2222 2131 2296">
     <span class='ocr_line' id='line_1_28' title="bbox 568 2222 2131 2296; baseline 0.002 -18"><span class='ocrx_word' id='word_1_200' title='bbox 568 2232 692 2279; x_wconf 73' lang='lat' dir='ltr'><strong>sent</strong></span> <span class='ocrx_word' id='word_1_201' title='bbox 754 2224 1033 2291; x_wconf 86' lang='lat' dir='ltr'><strong>perdituri.</strong></span> <span class='ocrx_word' id='word_1_202' title='bbox 1076 2222 1363 2279; x_wconf 85' lang='lat' dir='ltr'><strong>Timebant</strong></span> <span class='ocrx_word' id='word_1_203' title='bbox 1423 2227 1565 2278; x_wconf 85' lang='lat' dir='ltr'><strong>enim</strong></span> <span class='ocrx_word' id='word_1_204' title='bbox 1616 2240 1762 2289; x_wconf 90' lang='lat' dir='ltr'><strong>eum,</strong></span> <span class='ocrx_word' id='word_1_205' title='bbox 1817 2228 1959 2296; x_wconf 91' lang='lat' dir='ltr'><strong>quod</strong></span> <span class='ocrx_word' id='word_1_206' title='bbox 2017 2236 2131 2283; x_wconf 85' lang='lat' dir='ltr'><strong>tota</strong></span> 
     </span>
    </p>
   </div>
   <div class='ocr_carea' id='block_1_29' title="bbox 573 2318 2131 2390">
    <p class='ocr_par' dir='ltr' id='par_1_29' title="bbox 573 2318 2131 2390">
     <span class='ocr_line' id='line_1_29' title="bbox 573 2318 2131 2390; baseline 0.003 -19"><span class='ocrx_word' id='word_1_207' title='bbox 573 2319 730 2372; x_wconf 87' lang='lat' dir='ltr'><strong>turba</strong></span> <span class='ocrx_word' id='word_1_208' title='bbox 758 2318 1126 2371; x_wconf 84' lang='lat' dir='ltr'><strong>admirabatur</strong></span> <span class='ocrx_word' id='word_1_209' title='bbox 1159 2319 1460 2372; x_wconf 86' lang='lat' dir='ltr'><strong>doctrinam</strong></span> <span class='ocrx_word' id='word_1_210' title='bbox 1491 2319 1654 2374; x_wconf 84' lang='lat' dir='ltr'><strong>illius.</strong></span> <span class='ocrx_word' id='word_1_211' title='bbox 1697 2339 1715 2372; x_wconf 80' lang='grc' dir='ltr'><strong>ι</strong></span> <span class='ocrx_word' id='word_1_212' title='bbox 1767 2321 1919 2386; x_wconf 81' lang='lat' dir='ltr'><strong>Quod</strong></span> <span class='ocrx_word' id='word_1_213' title='bbox 1951 2321 2131 2390; x_wconf 71' lang='lat' dir='ltr'><strong>elece-</strong></span> 
     </span>
    </p>
   </div>
   <div class='ocr_carea' id='block_1_30' title="bbox 571 2408 2130 2475">
    <p class='ocr_par' dir='ltr' id='par_1_30' title="bbox 571 2408 2130 2475">
     <span class='ocr_line' id='line_1_30' title="bbox 571 2408 2130 2475; baseline 0.001 -10"><span class='ocrx_word' id='word_1_214' title='bbox 571 2422 644 2465; x_wconf 85' lang='lat' dir='ltr'><strong>rtt</strong></span> <span class='ocrx_word' id='word_1_215' title='bbox 670 2412 982 2475; x_wconf 87' lang='lat' dir='ltr'><strong>vendentes,</strong></span> <span class='ocrx_word' id='word_1_216' title='bbox 1021 2411 1181 2464; x_wconf 85' lang='lat' dir='ltr'><strong>etiam</strong></span> <span class='ocrx_word' id='word_1_217' title='bbox 1210 2408 1446 2465; x_wconf 82' lang='lat' dir='ltr'><strong>Joannes</strong></span> <span class='ocrx_word' id='word_1_218' title='bbox 1478 2422 1667 2464; x_wconf 87' lang='lat' dir='ltr'><strong>narrat</strong></span> <span class='ocrx_word' id='word_1_219' title='bbox 1700 2428 1713 2464; x_wconf 92' lang='lat'><strong>:</strong></span> <span class='ocrx_word' id='word_1_220' title='bbox 1764 2412 1858 2466; x_wconf 88' lang='lat' dir='ltr'><strong>sed</strong></span> <span class='ocrx_word' id='word_1_221' title='bbox 1891 2410 2130 2467; x_wconf 78' lang='lat' dir='ltr'><strong>Joannes</strong></span> 
     </span>
    </p>
   </div>
   <div class='ocr_carea' id='block_1_31' title="bbox 571 2499 2129 2569">
    <p class='ocr_par' dir='ltr' id='par_1_31' title="bbox 571 2499 2129 2569">
     <span class='ocr_line' id='line_1_31' title="bbox 571 2499 2129 2569; baseline 0.003 -17"><span class='ocrx_word' id='word_1_222' title='bbox 571 2500 626 2554; x_wconf 90' lang='lat' dir='ltr'><strong>in</strong></span> <span class='ocrx_word' id='word_1_223' title='bbox 662 2501 925 2569; x_wconf 86' lang='lat' dir='ltr'><strong>principio</strong></span> <span class='ocrx_word' id='word_1_224' title='bbox 958 2499 1266 2569; x_wconf 81' lang='lat' dir='ltr'><strong>Evangelii,</strong></span> <span class='ocrx_word' id='word_1_225' title='bbox 1307 2500 1393 2555; x_wconf 86' lang='lat' dir='ltr'><strong>hic</strong></span> <span class='ocrx_word' id='word_1_226' title='bbox 1420 2508 1597 2556; x_wconf 81' lang='lat' dir='ltr'><strong>autem</strong></span> <span class='ocrx_word' id='word_1_227' title='bbox 1620 2502 1724 2555; x_wconf 87' lang='lat' dir='ltr'><strong>sub</strong></span> <span class='ocrx_word' id='word_1_228' title='bbox 1750 2501 1931 2557; x_wconf 73' lang='lat' dir='ltr'><strong>lineun.</strong></span> <span class='ocrx_word' id='word_1_229' title='bbox 1978 2500 2129 2557; x_wconf 86' lang='lat' dir='ltr'><strong>Veri-</strong></span> 
     </span>
    </p>
   </div>
   <div class='ocr_carea' id='block_1_32' title="bbox 571 2592 2135 2663">
    <p class='ocr_par' dir='ltr' id='par_1_32' title="bbox 571 2592 2135 2663">
     <span class='ocr_line' id='line_1_32' title="bbox 571 2592 2135 2663; baseline 0.001 -16"><span class='ocrx_word' id='word_1_230' title='bbox 571 2592 748 2647; x_wconf 78' lang='lat' dir='ltr'><strong>simile</strong></span> <span class='ocrx_word' id='word_1_231' title='bbox 783 2592 947 2662; x_wconf 78' lang='lat' dir='ltr'><strong>igitur</strong></span> <span class='ocrx_word' id='word_1_232' title='bbox 980 2593 1077 2646; x_wconf 92' lang='lat' dir='ltr'><strong>hoc</strong></span> <span class='ocrx_word' id='word_1_233' title='bbox 1098 2593 1336 2648; x_wconf 71' lang='lat' dir='ltr'><strong>secundo</strong></span> <span class='ocrx_word' id='word_1_234' title='bbox 1365 2592 1587 2654; x_wconf 80' lang='lat' dir='ltr'><strong>factum,</strong></span> <span class='ocrx_word' id='word_1_235' title='bbox 1614 2609 1720 2663; x_wconf 86' lang='lat' dir='ltr'><strong>quo</strong></span> <span class='ocrx_word' id='word_1_236' title='bbox 1746 2596 1905 2647; x_wconf 87' lang='lat' dir='ltr'><strong>etiam</strong></span> <span class='ocrx_word' id='word_1_237' title='bbox 1929 2592 2135 2649; x_wconf 70' lang='lat' dir='ltr'><strong>Judaao-</strong></span> 
     </span>
    </p>
   </div>
   <div class='ocr_carea' id='block_1_33' title="bbox 573 2684 2136 2756">
    <p class='ocr_par' dir='ltr' id='par_1_33' title="bbox 573 2684 2136 2756">
     <span class='ocr_line' id='line_1_33' title="bbox 573 2684 2136 2756; baseline 0.003 -20"><span class='ocrx_word' id='word_1_238' title='bbox 573 2700 691 2737; x_wconf 90' lang='lat' dir='ltr'><strong>rum</strong></span> <span class='ocrx_word' id='word_1_239' title='bbox 725 2684 1000 2737; x_wconf 71' lang='lat' dir='ltr'><strong>accusatio</strong></span> <span class='ocrx_word' id='word_1_240' title='bbox 1035 2684 1203 2752; x_wconf 77' lang='lat' dir='ltr'><strong>major</strong></span> <span class='ocrx_word' id='word_1_241' title='bbox 1235 2694 1379 2738; x_wconf 89' lang='lat' dir='ltr'><strong>esset</strong></span> <span class='ocrx_word' id='word_1_242' title='bbox 1419 2702 1431 2737; x_wconf 91' lang='lat'><strong>:</strong></span> <span class='ocrx_word' id='word_1_243' title='bbox 1466 2686 1905 2753; x_wconf 76' lang='lat' dir='ltr'><strong>quandoquidem</strong></span> <span class='ocrx_word' id='word_1_244' title='bbox 1957 2701 2136 2756; x_wconf 85' lang='lat' dir='ltr'><strong>neque</strong></span> 
     </span>
    </p>
   </div>
   <div class='ocr_carea' id='block_1_34' title="bbox 572 2772 2132 2843">
    <p class='ocr_par' dir='ltr' id='par_1_34' title="bbox 572 2772 2132 2843">
     <span class='ocr_line' id='line_1_34' title="bbox 572 2772 2132 2843; baseline 0.003 -16"><span class='ocrx_word' id='word_1_245' title='bbox 572 2788 695 2827; x_wconf 87' lang='lat' dir='ltr'><strong>emn</strong></span> <span class='ocrx_word' id='word_1_246' title='bbox 750 2789 891 2843; x_wconf 59' lang='lat' dir='ltr'><strong>sape</strong></span> <span class='ocrx_word' id='word_1_247' title='bbox 952 2776 1093 2827; x_wconf 82' lang='lat' dir='ltr'><strong>idem</strong></span> <span class='ocrx_word' id='word_1_248' title='bbox 1140 2772 1329 2829; x_wconf 76' lang='lat' dir='ltr'><strong>fecerit</strong></span> <span class='ocrx_word' id='word_1_249' title='bbox 1373 2774 1648 2837; x_wconf 86' lang='lat' dir='ltr'><strong>Dominus,</strong></span> <span class='ocrx_word' id='word_1_250' title='bbox 1694 2783 1821 2830; x_wconf 88' lang='lat' dir='ltr'><strong>sunt</strong></span> <span class='ocrx_word' id='word_1_251' title='bbox 1868 2779 2132 2832; x_wconf 81' lang='lat' dir='ltr'><strong>conversi.</strong></span> 
     </span>
    </p>
   </div>
   <div class='ocr_carea' id='block_1_35' title="bbox 575 2865 2138 2939">
    <p class='ocr_par' dir='ltr' id='par_1_35' title="bbox 575 2865 2138 2939">
     <span class='ocr_line' id='line_1_35' title="bbox 575 2865 2138 2939; baseline 0.003 -20"><span class='ocrx_word' id='word_1_252' title='bbox 575 2865 892 2935; x_wconf 81' lang='lat' dir='ltr'><strong>Speluncam</strong></span> <span class='ocrx_word' id='word_1_253' title='bbox 921 2875 1098 2919; x_wconf 79' lang='lat' dir='ltr'><strong>autem</strong></span> <span class='ocrx_word' id='word_1_254' title='bbox 1133 2866 1396 2920; x_wconf 87' lang='lat' dir='ltr'><strong>latronum</strong></span> <span class='ocrx_word' id='word_1_255' title='bbox 1454 2868 1699 2921; x_wconf 83' lang='lat' dir='ltr'><strong>nominat</strong></span> <span class='ocrx_word' id='word_1_256' title='bbox 1732 2869 1986 2937; x_wconf 87' lang='lat' dir='ltr'><strong>templum</strong></span> <span class='ocrx_word' id='word_1_257' title='bbox 2012 2884 2138 2939; x_wconf 88' lang='lat' dir='ltr'><strong>pro-</strong></span> 
     </span>
    </p>
   </div>
   <div class='ocr_carea' id='block_1_36' title="bbox 573 2956 2135 3029">
    <p class='ocr_par' dir='ltr' id='par_1_36' title="bbox 573 2956 2135 3029">
     <span class='ocr_line' id='line_1_36' title="bbox 573 2956 2135 3029; baseline 0.003 -19"><span class='ocrx_word' id='word_1_258' title='bbox 573 2970 691 3029; x_wconf 80' lang='lat' dir='ltr'><strong>pter</strong></span> <span class='ocrx_word' id='word_1_259' title='bbox 717 2958 1026 3012; x_wconf 85' lang='lat' dir='ltr'><strong>avaritiam.</strong></span> <span class='ocrx_word' id='word_1_260' title='bbox 1062 2956 1356 3012; x_wconf 88' lang='lat' dir='ltr'><strong>Latronum</strong></span> <span class='ocrx_word' id='word_1_261' title='bbox 1412 2960 1558 3013; x_wconf 89' lang='lat' dir='ltr'><strong>enim</strong></span> <span class='ocrx_word' id='word_1_262' title='bbox 1592 2973 1761 3029; x_wconf 84' lang='lat' dir='ltr'><strong>genus</strong></span> <span class='ocrx_word' id='word_1_263' title='bbox 1806 2964 1873 3013; x_wconf 86' lang='lat' dir='ltr'><strong>ad</strong></span> <span class='ocrx_word' id='word_1_264' title='bbox 1928 2960 2135 3026; x_wconf 86' lang='lat' dir='ltr'><strong>lucrum</strong></span> 
     </span>
    </p>
   </div>
   <div class='ocr_carea' id='block_1_37' title="bbox 573 3051 2136 3121">
    <p class='ocr_par' dir='ltr' id='par_1_37' title="bbox 573 3051 2136 3121">
     <span class='ocr_line' id='line_1_37' title="bbox 573 3051 2136 3121; baseline 0.002 -17"><span class='ocrx_word' id='word_1_265' title='bbox 573 3060 800 3120; x_wconf 82' lang='lat' dir='ltr'><strong>spectat.</strong></span> <span class='ocrx_word' id='word_1_266' title='bbox 857 3051 920 3104; x_wconf 83' lang='lat' dir='ltr'><strong>Et</strong></span> <span class='ocrx_word' id='word_1_267' title='bbox 951 3053 1207 3120; x_wconf 79' lang='lat' dir='ltr'><strong>q‘noniam</strong></span> <span class='ocrx_word' id='word_1_268' title='bbox 1245 3052 1410 3107; x_wconf 87' lang='lat' dir='ltr'><strong>etiam</strong></span> <span class='ocrx_word' id='word_1_269' title='bbox 1470 3053 1544 3106; x_wconf 91' lang='lat' dir='ltr'><strong>illi</strong></span> <span class='ocrx_word' id='word_1_270' title='bbox 1598 3064 1815 3121; x_wconf 88' lang='lat' dir='ltr'><strong>propter</strong></span> <span class='ocrx_word' id='word_1_271' title='bbox 1867 3053 2136 3108; x_wconf 81' lang='lat' dir='ltr'><strong>sacriﬁcia</strong></span> 
     </span>
    </p>
   </div>
   <div class='ocr_carea' id='block_1_38' title="bbox 2236 1128 2976 1199">
    <p class='ocr_par' dir='ltr' id='par_1_38' title="bbox 2236 1128 2976 1199">
     <span class='ocr_line' id='line_1_38' title="bbox 2236 1128 2976 1199; baseline 0.001 -18"><span class='ocrx_word' id='word_1_272' title='bbox 2236 1129 2373 1199; x_wconf 87' lang='grc' dir='ltr'>μήτε</span> <span class='ocrx_word' id='word_1_273' title='bbox 2401 1128 2720 1183; x_wconf 88' lang='grc' dir='ltr'>διδάσκαλον</span> <span class='ocrx_word' id='word_1_274' title='bbox 2751 1128 2976 1199; x_wconf 73' lang='grc' dir='ltr'>Ξχουσα.</span> 
     </span>
    </p>
   </div>
   <div class='ocr_carea' id='block_1_39' title="bbox 2306 1302 3824 1379">
    <p class='ocr_par' dir='ltr' id='par_1_39' title="bbox 2306 1302 3824 1379">
     <span class='ocr_line' id='line_1_39' title="bbox 2306 1302 3824 1379; baseline 0 -21"><span class='ocrx_word' id='word_1_275' title='bbox 2306 1324 2326 1358; x_wconf 78' lang='grc' dir='ltr'><strong>ι</strong></span> <span class='ocrx_word' id='word_1_276' title='bbox 2367 1308 2477 1362; x_wconf 79' lang='grc' dir='ltr'><strong>Καὶ</strong></span> <span class='ocrx_word' id='word_1_277' title='bbox 2534 1306 2783 1379; x_wconf 65' lang='grc' dir='ltr'>ἔρχονται</span> <span class='ocrx_word' id='word_1_278' title='bbox 2829 1308 2911 1369; x_wconf 86' lang='grc' dir='ltr'><strong>είς</strong></span> <span class='ocrx_word' id='word_1_279' title='bbox 2947 1303 3319 1376; x_wconf 87' lang='grc' dir='ltr'>Ἰεροσόλυμα.</span> <span class='ocrx_word' id='word_1_280' title='bbox 3355 1304 3466 1359; x_wconf 79' lang='grc' dir='ltr'><strong>Καὶ</strong></span> <span class='ocrx_word' id='word_1_281' title='bbox 3491 1302 3757 1358; x_wconf 75' lang='grc' dir='ltr'>εἰσελθὼν</span> <span class='ocrx_word' id='word_1_282' title='bbox 3791 1305 3824 1358; x_wconf 81' lang='grc' dir='ltr'>ὁ</span> 
     </span>
    </p>
   </div>
   <div class='ocr_carea' id='block_1_40' title="bbox 2244 1388 3822 1471">
    <p class='ocr_par' dir='ltr' id='par_1_40' title="bbox 2244 1388 3822 1471">
     <span class='ocr_line' id='line_1_40' title="bbox 2244 1388 3822 1471; baseline -0.002 -18"><span class='ocrx_word' id='word_1_283' title='bbox 2244 1398 2453 1470; x_wconf 85' lang='grc' dir='ltr'>Ἰησοῦς</span> <span class='ocrx_word' id='word_1_284' title='bbox 2490 1399 2571 1463; x_wconf 87' lang='grc' dir='ltr'><strong>είς</strong></span> <span class='ocrx_word' id='word_1_285' title='bbox 2596 1397 2658 1453; x_wconf 84' lang='grc' dir='ltr'>τὸ</span> <span class='ocrx_word' id='word_1_286' title='bbox 2716 1388 3142 1471; x_wconf 67' lang='grc' dir='ltr'>ίερδν,”ἧρξατο</span> <span class='ocrx_word' id='word_1_287' title='bbox 3190 1392 3476 1451; x_wconf 82' lang='grc' dir='ltr'>ἐκϐάλλειν</span> <span class='ocrx_word' id='word_1_288' title='bbox 3528 1396 3655 1460; x_wconf 79' lang='grc' dir='ltr'>τοὺς</span> <span class='ocrx_word' id='word_1_289' title='bbox 3699 1411 3822 1450; x_wconf 88' lang='grc' dir='ltr'>πω-</span> 
     </span>
    </p>
   </div>
   <div class='ocr_carea' id='block_1_41' title="bbox 2230 1488 3813 1578">
    <p class='ocr_par' dir='ltr' id='par_1_41' title="bbox 2230 1488 3813 1578">
     <span class='ocr_line' id='line_1_41' title="bbox 2230 1488 3813 1578; baseline -0.002 -33"><span class='ocrx_word' id='word_1_290' title='bbox 2230 1492 2456 1557; x_wconf 88' lang='grc' dir='ltr'>λοῦντας</span> <span class='ocrx_word' id='word_1_291' title='bbox 2477 1494 2571 1546; x_wconf 76' lang='grc' dir='ltr'>καὶ</span> <span class='ocrx_word' id='word_1_292' title='bbox 2600 1490 2970 1578; x_wconf 71' lang='grc' dir='ltr'>ἀγοράςοντας</span> <span class='ocrx_word' id='word_1_293' title='bbox 2997 1493 3054 1545; x_wconf 75' lang='grc' dir='ltr'>ὲν</span> <span class='ocrx_word' id='word_1_294' title='bbox 3090 1490 3171 1562; x_wconf 83' lang='grc' dir='ltr'>τῷ</span> <span class='ocrx_word' id='word_1_295' title='bbox 3218 1490 3373 1561; x_wconf 86' lang='grc' dir='ltr'>ίερῷ.</span> <span class='ocrx_word' id='word_1_296' title='bbox 3398 1488 3511 1544; x_wconf 72' lang='grc' dir='ltr'>Καὶ</span> <span class='ocrx_word' id='word_1_297' title='bbox 3534 1488 3639 1549; x_wconf 84' lang='grc' dir='ltr'><strong>τάς</strong></span> <span class='ocrx_word' id='word_1_298' title='bbox 3669 1505 3813 1558; x_wconf 90' lang='grc' dir='ltr'>τρα-</span> 
     </span>
    </p>
   </div>
   <div class='ocr_carea' id='block_1_42' title="bbox 2232 1579 3821 1653">
    <p class='ocr_par' dir='ltr' id='par_1_42' title="bbox 2232 1579 3821 1653">
     <span class='ocr_line' id='line_1_42' title="bbox 2232 1579 3821 1653; baseline -0.004 -14"><span class='ocrx_word' id='word_1_299' title='bbox 2232 1585 2403 1651; x_wconf 82' lang='grc' dir='ltr'>πέζας</span> <span class='ocrx_word' id='word_1_300' title='bbox 2440 1584 2548 1639; x_wconf 87' lang='grc' dir='ltr'><strong>τῶν</strong></span> <span class='ocrx_word' id='word_1_301' title='bbox 2582 1582 2950 1638; x_wconf 86' lang='grc' dir='ltr'>κολλυϐιστῶν</span> <span class='ocrx_word' id='word_1_302' title='bbox 2977 1584 3073 1638; x_wconf 77' lang='grc' dir='ltr'><strong>καὶ</strong></span> <span class='ocrx_word' id='word_1_303' title='bbox 3094 1582 3199 1647; x_wconf 83' lang='grc' dir='ltr'>τὰς</span> <span class='ocrx_word' id='word_1_304' title='bbox 3215 1580 3489 1653; x_wconf 82' lang='grc' dir='ltr'>καθέδρας</span> <span class='ocrx_word' id='word_1_305' title='bbox 3538 1579 3651 1634; x_wconf 87' lang='grc' dir='ltr'><strong>τῶν</strong></span> <span class='ocrx_word' id='word_1_306' title='bbox 3699 1597 3821 1634; x_wconf 79' lang='grc' dir='ltr'>πω-</span> 
     </span>
    </p>
   </div>
   <div class='ocr_carea' id='block_1_43' title="bbox 2233 1672 3821 1747">
    <p class='ocr_par' dir='ltr' id='par_1_43' title="bbox 2233 1672 3821 1747">
     <span class='ocr_line' id='line_1_43' title="bbox 2233 1672 3821 1747; baseline -0.002 -16"><span class='ocrx_word' id='word_1_307' title='bbox 2233 1678 2472 1731; x_wconf 88' lang='grc' dir='ltr'>λούντων</span> <span class='ocrx_word' id='word_1_308' title='bbox 2536 1678 2638 1739; x_wconf 84' lang='grc' dir='ltr'>τὰς</span> <span class='ocrx_word' id='word_1_309' title='bbox 2695 1675 3028 1747; x_wconf 75' lang='grc' dir='ltr'>περιστερὰς</span> <span class='ocrx_word' id='word_1_310' title='bbox 3090 1673 3450 1745; x_wconf 73' lang='grc' dir='ltr'>κατέστρεψε.</span> <span class='ocrx_word' id='word_1_311' title='bbox 3514 1672 3627 1728; x_wconf 73' lang='grc' dir='ltr'><strong>Καὶ</strong></span> <span class='ocrx_word' id='word_1_312' title='bbox 3712 1672 3821 1728; x_wconf 78' lang='grc' dir='ltr'>οὐκ</span> 
     </span>
    </p>
   </div>
   <div class='ocr_carea' id='block_1_44' title="bbox 2234 1763 3821 1840">
    <p class='ocr_par' dir='ltr' id='par_1_44' title="bbox 2234 1763 3821 1840">
     <span class='ocr_line' id='line_1_44' title="bbox 2234 1763 3821 1840; baseline -0.003 -18"><span class='ocrx_word' id='word_1_313' title='bbox 2234 1770 2391 1840; x_wconf 66' lang='grc' dir='ltr'>ἤφιεν</span> <span class='ocrx_word' id='word_1_314' title='bbox 2425 1769 2511 1821; x_wconf 83' lang='grc' dir='ltr'>ἵνα</span> <span class='ocrx_word' id='word_1_315' title='bbox 2558 1784 2640 1831; x_wconf 86' lang='grc' dir='ltr'><strong>τις</strong></span> <span class='ocrx_word' id='word_1_316' title='bbox 2670 1767 2926 1840; x_wconf 79' lang='grc' dir='ltr'><strong>διενέγκῃ</strong></span> <span class='ocrx_word' id='word_1_317' title='bbox 2959 1764 3153 1830; x_wconf 80' lang='grc' dir='ltr'>σκεῦος</span> <span class='ocrx_word' id='word_1_318' title='bbox 3197 1764 3288 1819; x_wconf 82' lang='grc' dir='ltr'>διὰ</span> <span class='ocrx_word' id='word_1_319' title='bbox 3325 1763 3421 1818; x_wconf 89' lang='grc' dir='ltr'><strong>τοῦ</strong></span> <span class='ocrx_word' id='word_1_320' title='bbox 3474 1763 3647 1836; x_wconf 73' lang='grc' dir='ltr'>ἱεροῦ.</span> <span class='ocrx_word' id='word_1_321' title='bbox 3706 1763 3821 1817; x_wconf 78' lang='grc' dir='ltr'><strong>Καὶ</strong></span> 
     </span>
    </p>
   </div>
   <div class='ocr_carea' id='block_1_45' title="bbox 2228 1844 3821 1930">
    <p class='ocr_par' dir='ltr' id='par_1_45' title="bbox 2228 1844 3821 1930">
     <span class='ocr_line' id='line_1_45' title="bbox 2228 1844 3821 1930; baseline -0.005 -15"><span class='ocrx_word' id='word_1_322' title='bbox 2228 1844 2497 1927; x_wconf 76' lang='grc' dir='ltr'>ἐδίδασκε,</span> <span class='ocrx_word' id='word_1_323' title='bbox 2537 1859 2711 1927; x_wconf 77' lang='grc' dir='ltr'>λέγων</span> <span class='ocrx_word' id='word_1_324' title='bbox 2738 1859 2924 1923; x_wconf 82' lang='grc' dir='ltr'>αὐτοῖς</span> <span class='ocrx_word' id='word_1_325' title='bbox 2947 1875 2959 1888; x_wconf 91' lang='grc'><strong>·</strong></span> <span class='ocrx_word' id='word_1_326' title='bbox 2998 1858 3072 1911; x_wconf 84' lang='grc' dir='ltr'><strong>Οὐ</strong></span> <span class='ocrx_word' id='word_1_327' title='bbox 3102 1858 3418 1930; x_wconf 76' lang='grc' dir='ltr'>γέγραπται</span> <span class='ocrx_word' id='word_1_328' title='bbox 3438 1856 3545 1922; x_wconf 80' lang='grc' dir='ltr'>ὅτι,</span> <span class='ocrx_word' id='word_1_329' title='bbox 3584 1855 3643 1910; x_wconf 87' lang='lat'><strong>&#39;0</strong></span> <span class='ocrx_word' id='word_1_330' title='bbox 3664 1850 3821 1918; x_wconf 72' lang='grc' dir='ltr'>οἶκός</span> 
     </span>
    </p>
   </div>
   <div class='ocr_carea' id='block_1_46' title="bbox 2234 1942 3813 2024">
    <p class='ocr_par' dir='ltr' id='par_1_46' title="bbox 2234 1942 3813 2024">
     <span class='ocr_line' id='line_1_46' title="bbox 2234 1942 3813 2024; baseline -0.003 -18"><span class='ocrx_word' id='word_1_331' title='bbox 2234 1971 2334 2024; x_wconf 87' lang='grc' dir='ltr'><strong>μου</strong></span> <span class='ocrx_word' id='word_1_332' title='bbox 2380 1942 2530 2016; x_wconf 76' lang='grc' dir='ltr'>οἶκος</span> <span class='ocrx_word' id='word_1_333' title='bbox 2560 1950 2871 2023; x_wconf 80' lang='grc' dir='ltr'>προσευχῆς</span> <span class='ocrx_word' id='word_1_334' title='bbox 2899 1948 3229 2020; x_wconf 81' lang='grc' dir='ltr'>κληθήσεται</span> <span class='ocrx_word' id='word_1_335' title='bbox 3261 1950 3396 2003; x_wconf 81' lang='grc' dir='ltr'>πᾶσι</span> <span class='ocrx_word' id='word_1_336' title='bbox 3421 1951 3531 2013; x_wconf 82' lang='grc' dir='ltr'>τοῖς</span> <span class='ocrx_word' id='word_1_337' title='bbox 3552 1947 3770 2002; x_wconf 64' lang='grc' dir='ltr'><strong>1ἔθνεσιν</strong></span> <span class='ocrx_word' id='word_1_338' title='bbox 3794 1965 3813 2015; x_wconf 86' lang='lat'><strong>;</strong></span> 
     </span>
    </p>
   </div>
   <div class='ocr_carea' id='block_1_47' title="bbox 2244 2037 3822 2112">
    <p class='ocr_par' dir='ltr' id='par_1_47' title="bbox 2244 2037 3822 2112">
     <span class='ocr_line' id='line_1_47' title="bbox 2244 2037 3822 2112; baseline -0.003 -17"><span class='ocrx_word' id='word_1_339' title='bbox 2244 2041 2444 2112; x_wconf 80' lang='grc' dir='ltr'>’Υμεῖς</span> <span class='ocrx_word' id='word_1_340' title='bbox 2473 2042 2531 2095; x_wconf 75' lang='grc' dir='ltr'>δὲ</span> <span class='ocrx_word' id='word_1_341' title='bbox 2575 2041 2865 2111; x_wconf 77' lang='grc' dir='ltr'>ἐποιήσατε</span> <span class='ocrx_word' id='word_1_342' title='bbox 2923 2040 3085 2093; x_wconf 82' lang='grc' dir='ltr'>αὐτὸν</span> <span class='ocrx_word' id='word_1_343' title='bbox 3120 2038 3384 2111; x_wconf 82' lang='grc' dir='ltr'>σπήλαιον</span> <span class='ocrx_word' id='word_1_344' title='bbox 3430 2037 3661 2109; x_wconf 79' lang='grc' dir='ltr'><strong>λῃστῶν.</strong></span> <span class='ocrx_word' id='word_1_345' title='bbox 3707 2037 3822 2092; x_wconf 76' lang='grc' dir='ltr'><strong>Καὶ</strong></span> 
     </span>
    </p>
   </div>
   <div class='ocr_carea' id='block_1_48' title="bbox 2233 2134 3823 2208">
    <p class='ocr_par' dir='ltr' id='par_1_48' title="bbox 2233 2134 3823 2208">
     <span class='ocr_line' id='line_1_48' title="bbox 2233 2134 3823 2208; baseline -0.003 -17"><span class='ocrx_word' id='word_1_346' title='bbox 2233 2139 2467 2208; x_wconf 72' lang='grc' dir='ltr'>ἥκουσαν</span> <span class='ocrx_word' id='word_1_347' title='bbox 2498 2138 2548 2191; x_wconf 92' lang='grc' dir='ltr'><strong>οί</strong></span> <span class='ocrx_word' id='word_1_348' title='bbox 2586 2136 2939 2207; x_wconf 79' lang='grc' dir='ltr'>Γραμματείς</span> <span class='ocrx_word' id='word_1_349' title='bbox 2987 2136 3081 2189; x_wconf 79' lang='grc' dir='ltr'>καὶ</span> <span class='ocrx_word' id='word_1_350' title='bbox 3119 2135 3169 2188; x_wconf 76' lang='lat' dir='ltr'><strong>oi</strong></span> <span class='ocrx_word' id='word_1_351' title='bbox 3217 2136 3514 2205; x_wconf 77' lang='grc' dir='ltr'>ἀρχιερεῖς,</span> <span class='ocrx_word' id='word_1_352' title='bbox 3553 2135 3649 2189; x_wconf 76' lang='grc' dir='ltr'>καὶ</span> <span class='ocrx_word' id='word_1_353' title='bbox 3680 2134 3823 2206; x_wconf 58' lang='lat' dir='ltr'><strong>QC!)-</strong></span> 
     </span>
    </p>
   </div>
   <div class='ocr_carea' id='block_1_49' title="bbox 2232 2226 3809 2297">
    <p class='ocr_par' dir='ltr' id='par_1_49' title="bbox 2232 2226 3809 2297">
     <span class='ocr_line' id='line_1_49' title="bbox 2232 2226 3809 2297; baseline -0.004 -13"><span class='ocrx_word' id='word_1_354' title='bbox 2232 2246 2355 2285; x_wconf 89' lang='grc' dir='ltr'>τουν</span> <span class='ocrx_word' id='word_1_355' title='bbox 2388 2228 2696 2297; x_wconf 29' lang='grc' dir='ltr'>πῶς-αὐτὸν</span> <span class='ocrx_word' id='word_1_356' title='bbox 2738 2227 3099 2282; x_wconf 82' lang='grc' dir='ltr'>ἀπολέσωσιν.</span> <span class='ocrx_word' id='word_1_357' title='bbox 3154 2226 3479 2295; x_wconf 78' lang='grc' dir='ltr'>Ἐφοϐοῦντο</span> <span class='ocrx_word' id='word_1_358' title='bbox 3548 2226 3661 2296; x_wconf 87' lang='grc' dir='ltr'>γὰρ</span> <span class='ocrx_word' id='word_1_359' title='bbox 3702 2226 3809 2279; x_wconf 81' lang='grc' dir='ltr'><strong>αὐ-</strong></span> 
     </span>
    </p>
   </div>
   <div class='ocr_carea' id='block_1_50' title="bbox 2232 2316 3813 2389">
    <p class='ocr_par' dir='ltr' id='par_1_50' title="bbox 2232 2316 3813 2389">
     <span class='ocr_line' id='line_1_50' title="bbox 2232 2316 3813 2389; baseline -0.002 -17"><span class='ocrx_word' id='word_1_360' title='bbox 2232 2320 2343 2385; x_wconf 85' lang='grc' dir='ltr'>τὸν,</span> <span class='ocrx_word' id='word_1_361' title='bbox 2374 2320 2455 2374; x_wconf 82' lang='grc' dir='ltr'>ὅτι</span> <span class='ocrx_word' id='word_1_362' title='bbox 2491 2319 2601 2382; x_wconf 83' lang='grc' dir='ltr'>πᾶς</span> <span class='ocrx_word' id='word_1_363' title='bbox 2649 2320 2676 2372; x_wconf 82' lang='grc' dir='ltr'>ὁ</span> <span class='ocrx_word' id='word_1_364' title='bbox 2723 2317 2881 2387; x_wconf 72' lang='grc' dir='ltr'>ϐχλος</span> <span class='ocrx_word' id='word_1_365' title='bbox 2936 2317 3301 2388; x_wconf 70' lang='grc' dir='ltr'><strong>ἐξεπλήσσετο</strong></span> <span class='ocrx_word' id='word_1_366' title='bbox 3351 2318 3444 2370; x_wconf 72' lang='grc' dir='ltr'>ἐπὶ</span> <span class='ocrx_word' id='word_1_367' title='bbox 3497 2318 3565 2388; x_wconf 71' lang='grc' dir='ltr'><strong>τῇ</strong></span> <span class='ocrx_word' id='word_1_368' title='bbox 3613 2316 3813 2389; x_wconf 81' lang='grc' dir='ltr'>διδαχῇ</span> 
     </span>
    </p>
   </div>
   <div class='ocr_carea' id='block_1_51' title="bbox 2235 2396 3822 2481">
    <p class='ocr_par' dir='ltr' id='par_1_51' title="bbox 2235 2396 3822 2481">
     <span class='ocr_line' id='line_1_51' title="bbox 2235 2396 3822 2481; baseline -0.001 -16"><span class='ocrx_word' id='word_1_369' title='bbox 2235 2396 2427 2467; x_wconf 52' lang='grc' dir='ltr'>αὐτοῦς</span> <span class='ocrx_word' id='word_1_370' title='bbox 2465 2430 2484 2463; x_wconf 73' lang='grc' dir='ltr'><strong>ι</strong></span> <span class='ocrx_word' id='word_1_371' title='bbox 2526 2410 2601 2464; x_wconf 87' lang='grc' dir='ltr'>Τὸ</span> <span class='ocrx_word' id='word_1_372' title='bbox 2634 2409 2991 2465; x_wconf 65' lang='grc' dir='ltr'>ἐκϐάλλεσθαι</span> <span class='ocrx_word' id='word_1_373' title='bbox 3023 2413 3174 2480; x_wconf 85' lang='grc' dir='ltr'><strong>παρά</strong></span> <span class='ocrx_word' id='word_1_374' title='bbox 3202 2411 3297 2463; x_wconf 86' lang='grc' dir='ltr'><strong>τοῦ</strong></span> <span class='ocrx_word' id='word_1_375' title='bbox 3341 2410 3517 2481; x_wconf 83' lang='grc' dir='ltr'>Ἰησοῦ</span> <span class='ocrx_word' id='word_1_376' title='bbox 3546 2412 3670 2473; x_wconf 78' lang='grc' dir='ltr'>τοὺς</span> <span class='ocrx_word' id='word_1_377' title='bbox 3706 2427 3822 2464; x_wconf 78' lang='grc' dir='ltr'>πωο</span> 
     </span>
    </p>
   </div>
   <div class='ocr_carea' id='block_1_52' title="bbox 2233 2484 3822 2572">
    <p class='ocr_par' dir='ltr' id='par_1_52' title="bbox 2233 2484 3822 2572">
     <span class='ocr_line' id='line_1_52' title="bbox 2233 2484 3822 2572; baseline -0.001 -15"><span class='ocrx_word' id='word_1_378' title='bbox 2233 2502 2459 2567; x_wconf 82' lang='grc' dir='ltr'>λοῦντας</span> <span class='ocrx_word' id='word_1_379' title='bbox 2529 2498 2625 2557; x_wconf 69' lang='grc' dir='ltr'>καὶ</span> <span class='ocrx_word' id='word_1_380' title='bbox 2746 2502 3001 2572; x_wconf 80' lang='grc' dir='ltr'><strong>Ἰωάννης</strong></span> <span class='ocrx_word' id='word_1_381' title='bbox 3052 2501 3341 2572; x_wconf 74' lang='grc' dir='ltr'>διηγεῖται.</span> <span class='ocrx_word' id='word_1_382' title='bbox 3405 2501 3548 2556; x_wconf 83' lang='grc' dir='ltr'>Ἀλλ’</span> <span class='ocrx_word' id='word_1_383' title='bbox 3604 2504 3822 2567; x_wconf 74' lang='grc' dir='ltr'>ἐκεῖνος</span> 
     </span>
    </p>
   </div>
   <div class='ocr_carea' id='block_1_53' title="bbox 2238 2585 3822 2666">
    <p class='ocr_par' dir='ltr' id='par_1_53' title="bbox 2238 2585 3822 2666">
     <span class='ocr_line' id='line_1_53' title="bbox 2238 2585 3822 2666; baseline 0.001 -21"><span class='ocrx_word' id='word_1_384' title='bbox 2238 2593 2337 2664; x_wconf 84' lang='grc' dir='ltr'>μὲν</span> <span class='ocrx_word' id='word_1_385' title='bbox 2392 2593 2548 2666; x_wconf 42' lang='grc' dir='ltr'>ἐν,τῇ</span> <span class='ocrx_word' id='word_1_386' title='bbox 2580 2592 2723 2663; x_wconf 77' lang='grc' dir='ltr'>ἀρχῇ</span> <span class='ocrx_word' id='word_1_387' title='bbox 2736 2590 2850 2649; x_wconf 80' lang='grc' dir='ltr'>,τοῦ</span> <span class='ocrx_word' id='word_1_388' title='bbox 2878 2592 3232 2660; x_wconf 80' lang='grc' dir='ltr'>Εὑαγγελίου,</span> <span class='ocrx_word' id='word_1_389' title='bbox 3280 2585 3439 2657; x_wconf 73' lang='grc' dir='ltr'>οὗτος</span> <span class='ocrx_word' id='word_1_390' title='bbox 3471 2592 3529 2646; x_wconf 70' lang='grc' dir='ltr'>δὲ</span> <span class='ocrx_word' id='word_1_391' title='bbox 3560 2592 3701 2664; x_wconf 79' lang='grc' dir='ltr'>πρὸς</span> <span class='ocrx_word' id='word_1_392' title='bbox 3736 2590 3822 2663; x_wconf 83' lang='grc' dir='ltr'><strong>τῷ</strong></span> 
     </span>
    </p>
   </div>
   <div class='ocr_carea' id='block_1_54' title="bbox 2236 2682 3823 2752">
    <p class='ocr_par' dir='ltr' id='par_1_54' title="bbox 2236 2682 3823 2752">
     <span class='ocr_line' id='line_1_54' title="bbox 2236 2682 3823 2752; baseline 0.001 -15"><span class='ocrx_word' id='word_1_393' title='bbox 2236 2685 2405 2737; x_wconf 85' lang='grc' dir='ltr'>τέλει.</span> <span class='ocrx_word' id='word_1_394' title='bbox 2454 2684 2614 2746; x_wconf 82' lang='grc' dir='ltr'><strong>Εἰκὸς</strong></span> <span class='ocrx_word' id='word_1_395' title='bbox 2661 2682 2756 2736; x_wconf 77' lang='grc' dir='ltr'>οὖν</span> <span class='ocrx_word' id='word_1_396' title='bbox 2805 2682 3059 2752; x_wconf 84' lang='grc' dir='ltr'>δεύτερον</span> <span class='ocrx_word' id='word_1_397' title='bbox 3114 2683 3368 2751; x_wconf 81' lang='grc' dir='ltr'>γενέσθαι</span> <span class='ocrx_word' id='word_1_398' title='bbox 3406 2682 3607 2747; x_wconf 82' lang='grc' dir='ltr'>τοῦτο,</span> <span class='ocrx_word' id='word_1_399' title='bbox 3658 2684 3688 2737; x_wconf 83' lang='grc' dir='ltr'><strong>δ</strong></span> <span class='ocrx_word' id='word_1_400' title='bbox 3721 2684 3823 2739; x_wconf 78' lang='grc' dir='ltr'>καὶ</span> 
     </span>
    </p>
   </div>
   <div class='ocr_carea' id='block_1_55' title="bbox 2244 2774 3823 2846">
    <p class='ocr_par' dir='ltr' id='par_1_55' title="bbox 2244 2774 3823 2846">
     <span class='ocr_line' id='line_1_55' title="bbox 2244 2774 3823 2846; baseline 0.001 -17"><span class='ocrx_word' id='word_1_401' title='bbox 2244 2774 2450 2846; x_wconf 75' lang='grc' dir='ltr'>μείζων</span> <span class='ocrx_word' id='word_1_402' title='bbox 2481 2774 2784 2846; x_wconf 77' lang='grc' dir='ltr'><strong>κατηγορία</strong></span> <span class='ocrx_word' id='word_1_403' title='bbox 2809 2775 2920 2829; x_wconf 87' lang='grc' dir='ltr'><strong>τῶν</strong></span> <span class='ocrx_word' id='word_1_404' title='bbox 2961 2775 3259 2841; x_wconf 82' lang='grc' dir='ltr'>Ἰουδαίων,</span> <span class='ocrx_word' id='word_1_405' title='bbox 3304 2776 3418 2843; x_wconf 74' lang='grc' dir='ltr'>είγε</span> <span class='ocrx_word' id='word_1_406' title='bbox 3461 2776 3724 2839; x_wconf 77' lang='grc' dir='ltr'>πολλάκις</span> <span class='ocrx_word' id='word_1_407' title='bbox 3756 2777 3823 2830; x_wconf 80' lang='grc' dir='ltr'><strong>τὺ</strong></span> 
     </span>
    </p>
   </div>
   <div class='ocr_carea' id='block_1_56' title="bbox 2237 2864 3819 2942">
    <p class='ocr_par' dir='ltr' id='par_1_56' title="bbox 2237 2864 3819 2942">
     <span class='ocr_line' id='line_1_56' title="bbox 2237 2864 3819 2942; baseline 0.003 -20"><span class='ocrx_word' id='word_1_408' title='bbox 2237 2869 2368 2923; x_wconf 82' lang='grc' dir='ltr'>αὐτὸ</span> <span class='ocrx_word' id='word_1_409' title='bbox 2390 2864 2718 2938; x_wconf 80' lang='grc' dir='ltr'>ποιήσαντος</span> <span class='ocrx_word' id='word_1_410' title='bbox 2761 2867 2856 2935; x_wconf 88' lang='grc' dir='ltr'><strong>τοῦ</strong></span> <span class='ocrx_word' id='word_1_411' title='bbox 2913 2870 3144 2939; x_wconf 78' lang='grc' dir='ltr'><strong>Κυρίου,</strong></span> <span class='ocrx_word' id='word_1_412' title='bbox 3204 2872 3305 2923; x_wconf 82' lang='grc' dir='ltr'>οὐκ</span> <span class='ocrx_word' id='word_1_413' title='bbox 3364 2871 3819 2942; x_wconf 71' lang='grc' dir='ltr'>ἐπεστράφησαν.</span> 
     </span>
    </p>
   </div>
   <div class='ocr_carea' id='block_1_57' title="bbox 2239 2959 3819 3032">
    <p class='ocr_par' dir='ltr' id='par_1_57' title="bbox 2239 2959 3819 3032">
     <span class='ocr_line' id='line_1_57' title="bbox 2239 2959 3819 3032; baseline 0.004 -20"><span class='ocrx_word' id='word_1_414' title='bbox 2239 2959 2510 3031; x_wconf 84' lang='grc' dir='ltr'>Σπήλαιον</span> <span class='ocrx_word' id='word_1_415' title='bbox 2544 2960 2602 3013; x_wconf 70' lang='grc' dir='ltr'>δὲ</span> <span class='ocrx_word' id='word_1_416' title='bbox 2654 2960 2870 3031; x_wconf 81' lang='grc' dir='ltr'>λῃστῶν</span> <span class='ocrx_word' id='word_1_417' title='bbox 2901 2961 3159 3031; x_wconf 76' lang='grc' dir='ltr'>ὀνομάζει</span> <span class='ocrx_word' id='word_1_418' title='bbox 3207 2962 3299 3014; x_wconf 83' lang='grc' dir='ltr'>τὸν</span> <span class='ocrx_word' id='word_1_419' title='bbox 3322 2964 3472 3025; x_wconf 83' lang='grc' dir='ltr'>ναὸν,</span> <span class='ocrx_word' id='word_1_420' title='bbox 3504 2961 3591 3017; x_wconf 69' lang='grc' dir='ltr'>διὰ</span> <span class='ocrx_word' id='word_1_421' title='bbox 3616 2964 3678 3017; x_wconf 70' lang='grc' dir='ltr'><strong>τὸ</strong></span> <span class='ocrx_word' id='word_1_422' title='bbox 3721 2981 3819 3032; x_wconf 80' lang='grc' dir='ltr'>φι-</span> 
     </span>
    </p>
   </div>
   <div class='ocr_carea' id='block_1_58' title="bbox 2238 3051 3809 3126">
    <p class='ocr_par' dir='ltr' id='par_1_58' title="bbox 2238 3051 3809 3126">
     <span class='ocr_line' id='line_1_58' title="bbox 2238 3051 3809 3126; baseline 0.001 -21"><span class='ocrx_word' id='word_1_423' title='bbox 2238 3052 2511 3125; x_wconf 79' lang='grc' dir='ltr'>λοκερδές.</span> <span class='ocrx_word' id='word_1_424' title='bbox 2566 3052 2638 3104; x_wconf 86' lang='grc' dir='ltr'>Τὸ</span> <span class='ocrx_word' id='word_1_425' title='bbox 2665 3051 2957 3125; x_wconf 78' lang='grc' dir='ltr'>λῃστρικὸν</span> <span class='ocrx_word' id='word_1_426' title='bbox 2995 3053 3103 3123; x_wconf 87' lang='grc' dir='ltr'><strong>γὰρ</strong></span> <span class='ocrx_word' id='word_1_427' title='bbox 3137 3052 3292 3120; x_wconf 79' lang='grc' dir='ltr'>γένος</span> <span class='ocrx_word' id='word_1_428' title='bbox 3322 3057 3450 3125; x_wconf 69' lang='grc' dir='ltr'>περὶ</span> <span class='ocrx_word' id='word_1_429' title='bbox 3479 3056 3539 3123; x_wconf 81' lang='grc' dir='ltr'>τὸ</span> <span class='ocrx_word' id='word_1_430' title='bbox 3578 3054 3809 3126; x_wconf 79' lang='grc' dir='ltr'>κερδαί-</span> 
     </span>
    </p>
   </div>
   <div class='ocr_carea' id='block_1_59' title="bbox 576 3142 2136 3218">
    <p class='ocr_par' dir='ltr' id='par_1_59' title="bbox 576 3142 2131 3215">
     <span class='ocr_line' id='line_1_59' title="bbox 576 3142 2131 3215; baseline 0.003 -20"><span class='ocrx_word' id='word_1_431' title='bbox 576 3142 825 3195; x_wconf 86' lang='lat' dir='ltr'><strong>animalia</strong></span> <span class='ocrx_word' id='word_1_432' title='bbox 861 3158 982 3210; x_wconf 74' lang='lat' dir='ltr'><strong>quae</strong></span> <span class='ocrx_word' id='word_1_433' title='bbox 1009 3142 1352 3206; x_wconf 79' lang='lat' dir='ltr'><strong>oﬂ&#39;errentnr,</strong></span> <span class='ocrx_word' id='word_1_434' title='bbox 1401 3142 1533 3197; x_wconf 90' lang='lat' dir='ltr'><strong>lucri</strong></span> <span class='ocrx_word' id='word_1_435' title='bbox 1594 3144 1765 3215; x_wconf 87' lang='lat' dir='ltr'><strong>gratia</strong></span> <span class='ocrx_word' id='word_1_436' title='bbox 1806 3146 2131 3210; x_wconf 84' lang='lat' dir='ltr'><strong>vendebant,</strong></span> 
     </span>
    </p>
   </div>
   <div class='ocr_carea' id='block_1_60' title="bbox 2243 3142 3823 3218">
    <p class='ocr_par' dir='ltr' id='par_1_60' title="bbox 2243 3142 3823 3217">
     <span class='ocr_line' id='line_1_60' title="bbox 2243 3142 3823 3217; baseline 0.001 -18"><span class='ocrx_word' id='word_1_437' title='bbox 2243 3162 2348 3199; x_wconf 85' lang='grc' dir='ltr'>νειν</span> <span class='ocrx_word' id='word_1_438' title='bbox 2373 3145 2662 3217; x_wconf 75' lang='grc' dir='ltr'>ἐπτόηται.</span> <span class='ocrx_word' id='word_1_439' title='bbox 2713 3145 2864 3198; x_wconf 83' lang='grc' dir='ltr'>Ἐπεὶ</span> <span class='ocrx_word' id='word_1_440' title='bbox 2902 3142 3001 3199; x_wconf 83' lang='grc' dir='ltr'>οὖν</span> <span class='ocrx_word' id='word_1_441' title='bbox 3028 3146 3123 3199; x_wconf 74' lang='grc' dir='ltr'>καὶ</span> <span class='ocrx_word' id='word_1_442' title='bbox 3160 3146 3315 3199; x_wconf 77' lang='grc' dir='ltr'>αὐτοὶ</span> <span class='ocrx_word' id='word_1_443' title='bbox 3375 3147 3444 3200; x_wconf 84' lang='grc' dir='ltr'>τὰ</span> <span class='ocrx_word' id='word_1_444' title='bbox 3497 3146 3586 3202; x_wconf 79' lang='grc' dir='ltr'>διὰ</span> <span class='ocrx_word' id='word_1_445' title='bbox 3619 3145 3823 3201; x_wconf 85' lang='grc' dir='ltr'>θυσίαν</span> 
     </span>
    </p>
   </div>
   <div class='ocr_carea' id='block_1_61' title="bbox 580 3232 2138 3305">
    <p class='ocr_par' dir='ltr' id='par_1_61' title="bbox 580 3232 2138 3305">
     <span class='ocr_line' id='line_1_61' title="bbox 580 3232 2138 3305; baseline 0.005 -20"><span class='ocrx_word' id='word_1_446' title='bbox 580 3232 815 3287; x_wconf 85' lang='lat' dir='ltr'><strong>latrones</strong></span> <span class='ocrx_word' id='word_1_447' title='bbox 840 3234 986 3301; x_wconf 83' lang='lat' dir='ltr'><strong>ipsos</strong></span> <span class='ocrx_word' id='word_1_448' title='bbox 1016 3233 1659 3305; x_wconf 67' lang='lat' dir='ltr'><strong>nominavit.Collybistae</strong></span> <span class='ocrx_word' id='word_1_449' title='bbox 1712 3245 1889 3291; x_wconf 87' lang='lat' dir='ltr'><strong>autem</strong></span> <span class='ocrx_word' id='word_1_450' title='bbox 1922 3237 2138 3293; x_wconf 81' lang='lat' dir='ltr'><strong>fuerunt</strong></span> 
     </span>
    </p>
   </div>
   <div class='ocr_carea' id='block_1_62' title="bbox 578 3324 2138 3399">
    <p class='ocr_par' dir='ltr' id='par_1_62' title="bbox 578 3324 2138 3399">
     <span class='ocr_line' id='line_1_62' title="bbox 578 3324 2138 3399; baseline 0.007 -27"><span class='ocrx_word' id='word_1_451' title='bbox 578 3324 669 3392; x_wconf 90' lang='lat' dir='ltr'><strong>qui</strong></span> <span class='ocrx_word' id='word_1_452' title='bbox 702 3337 951 3378; x_wconf 84' lang='lat' dir='ltr'><strong>nummos</strong></span> <span class='ocrx_word' id='word_1_453' title='bbox 979 3325 1378 3391; x_wconf 83' lang='lat' dir='ltr'><strong>permutabant.</strong></span> <span class='ocrx_word' id='word_1_454' title='bbox 1411 3326 1630 3396; x_wconf 85' lang='lat' dir='ltr'><strong>Collyha</strong></span> <span class='ocrx_word' id='word_1_455' title='bbox 1682 3328 1824 3381; x_wconf 88' lang='lat' dir='ltr'><strong>enim</strong></span> <span class='ocrx_word' id='word_1_456' title='bbox 1856 3344 2024 3399; x_wconf 80' lang='lat' dir='ltr'><strong>genus</strong></span> <span class='ocrx_word' id='word_1_457' title='bbox 2056 3339 2138 3383; x_wconf 85' lang='lat' dir='ltr'><strong>est</strong></span> 
     </span>
    </p>
   </div>
   <div class='ocr_carea' id='block_1_63' title="bbox 579 3414 2139 3475">
    <p class='ocr_par' dir='ltr' id='par_1_63' title="bbox 579 3414 2139 3475">
     <span class='ocr_line' id='line_1_63' title="bbox 579 3414 2139 3475; baseline 0.004 -8"><span class='ocrx_word' id='word_1_458' title='bbox 579 3414 922 3468; x_wconf 85' lang='lat' dir='ltr'><strong>numismatis</strong></span> <span class='ocrx_word' id='word_1_459' title='bbox 975 3415 1182 3469; x_wconf 88' lang='lat' dir='ltr'><strong>minimi</strong></span> <span class='ocrx_word' id='word_1_460' title='bbox 1219 3417 1369 3470; x_wconf 69' lang='lat' dir='ltr'><strong>azrei.</strong></span> <span class='ocrx_word' id='word_1_461' title='bbox 1436 3416 1757 3474; x_wconf 82' lang='lat' dir='ltr'><strong>Accusanth</strong></span> <span class='ocrx_word' id='word_1_462' title='bbox 1804 3430 1983 3474; x_wconf 86' lang='lat' dir='ltr'><strong>autem</strong></span> <span class='ocrx_word' id='word_1_463' title='bbox 2033 3419 2139 3475; x_wconf 90' lang='lat' dir='ltr'><strong>illis</strong></span> 
     </span>
    </p>
   </div>
   <div class='ocr_carea' id='block_1_64' title="bbox 579 3503 2141 3573">
    <p class='ocr_par' dir='ltr' id='par_1_64' title="bbox 579 3503 2141 3573">
     <span class='ocr_line' id='line_1_64' title="bbox 579 3503 2141 3573; baseline 0.006 -16"><span class='ocrx_word' id='word_1_464' title='bbox 579 3504 740 3557; x_wconf 75' lang='lat' dir='ltr'><strong>etiam</strong></span> <span class='ocrx_word' id='word_1_465' title='bbox 774 3503 959 3557; x_wconf 79' lang='lat' dir='ltr'><strong>Isaiam</strong></span> <span class='ocrx_word' id='word_1_466' title='bbox 1008 3506 1325 3573; x_wconf 80' lang='lat' dir='ltr'><strong>prephetam</strong></span> <span class='ocrx_word' id='word_1_467' title='bbox 1370 3507 1525 3561; x_wconf 82' lang='lat' dir='ltr'><strong>aﬂ&#39;ert</strong></span> <span class='ocrx_word' id='word_1_468' title='bbox 1555 3510 1820 3564; x_wconf 86' lang='lat' dir='ltr'><strong>dicentem</strong></span> <span class='ocrx_word' id='word_1_469' title='bbox 1878 3528 1891 3565; x_wconf 92' lang='lat'><strong>:</strong></span> <span class='ocrx_word' id='word_1_470' title='bbox 1943 3512 2141 3567; x_wconf 78' lang='lat' dir='ltr'><strong>Domus</strong></span> 
     </span>
    </p>
   </div>
   <div class='ocr_carea' id='block_1_65' title="bbox 578 3597 2155 3663">
    <p class='ocr_par' dir='ltr' id='par_1_65' title="bbox 578 3597 2155 3663">
     <span class='ocr_line' id='line_1_65' title="bbox 578 3597 2155 3663; baseline 0.008 -17"><span class='ocrx_word' id='word_1_471' title='bbox 578 3608 696 3647; x_wconf 78' lang='lat' dir='ltr'><strong>mea</strong></span> <span class='ocrx_word' id='word_1_472' title='bbox 728 3597 918 3649; x_wconf 89' lang='lat' dir='ltr'><strong>domus</strong></span> <span class='ocrx_word' id='word_1_473' title='bbox 947 3597 1275 3663; x_wconf 86' lang='lat' dir='ltr'><strong>precationis</strong></span> <span class='ocrx_word' id='word_1_474' title='bbox 1314 3600 1619 3655; x_wconf 83' lang='lat' dir='ltr'><strong>vocabitur.</strong></span> <span class='ocrx_word' id='word_1_475' title='bbox 1674 3602 2033 3658; x_wconf 82' lang='lat' dir='ltr'><strong>Absitautcm</strong></span> <span class='ocrx_word' id='word_1_476' title='bbox 2076 3620 2155 3658; x_wconf 80' lang='lat' dir='ltr'><strong>ne</strong></span> 
     </span>
    </p>
   </div>
   <div class='ocr_carea' id='block_1_66' title="bbox 576 3688 2139 3757">
    <p class='ocr_par' dir='ltr' id='par_1_66' title="bbox 576 3688 2139 3757">
     <span class='ocr_line' id='line_1_66' title="bbox 576 3688 2139 3757; baseline 0.006 -16"><span class='ocrx_word' id='word_1_477' title='bbox 576 3692 634 3741; x_wconf 78' lang='lat' dir='ltr'><strong>et</strong></span> <span class='ocrx_word' id='word_1_478' title='bbox 659 3699 756 3739; x_wconf 88' lang='lat' dir='ltr'><strong>nos</strong></span> <span class='ocrx_word' id='word_1_479' title='bbox 786 3696 933 3739; x_wconf 83' lang='lat' dir='ltr'><strong>extra</strong></span> <span class='ocrx_word' id='word_1_480' title='bbox 984 3688 1236 3756; x_wconf 90' lang='lat' dir='ltr'><strong>templum</strong></span> <span class='ocrx_word' id='word_1_481' title='bbox 1271 3688 1579 3757; x_wconf 86' lang='lat' dir='ltr'><strong>ejiciamur.</strong></span> <span class='ocrx_word' id='word_1_482' title='bbox 1639 3692 1786 3747; x_wconf 77' lang='lat' dir='ltr'><strong>Multi</strong></span> <span class='ocrx_word' id='word_1_483' title='bbox 1820 3696 1963 3748; x_wconf 88' lang='lat' dir='ltr'><strong>enim</strong></span> <span class='ocrx_word' id='word_1_484' title='bbox 2005 3707 2065 3749; x_wconf 34' lang='lat' dir='ltr'><strong>et.</strong></span> <span class='ocrx_word' id='word_1_485' title='bbox 2088 3698 2139 3750; x_wconf 90' lang='lat' dir='ltr'><strong>iu</strong></span> 
     </span>
    </p>
   </div>
   <div class='ocr_carea' id='block_1_67' title="bbox 578 3780 2141 3855">
    <p class='ocr_par' dir='ltr' id='par_1_67' title="bbox 578 3780 2141 3855">
     <span class='ocr_line' id='line_1_67' title="bbox 578 3780 2141 3855; baseline 0.009 -26"><span class='ocrx_word' id='word_1_486' title='bbox 578 3787 822 3830; x_wconf 89' lang='lat' dir='ltr'><strong>nostrum</strong></span> <span class='ocrx_word' id='word_1_487' title='bbox 861 3780 1118 3847; x_wconf 87' lang='lat' dir='ltr'><strong>templum</strong></span> <span class='ocrx_word' id='word_1_488' title='bbox 1165 3782 1499 3848; x_wconf 72' lang='lat' dir='ltr'><strong>ingredimur</strong></span> <span class='ocrx_word' id='word_1_489' title='bbox 1534 3787 1827 3839; x_wconf 77' lang='lat' dir='ltr'><strong>vendentes</strong></span> <span class='ocrx_word' id='word_1_490' title='bbox 1872 3788 2046 3855; x_wconf 78' lang='lat' dir='ltr'><strong>ut&#39;lia,</strong></span> <span class='ocrx_word' id='word_1_491' title='bbox 2087 3798 2141 3842; x_wconf 86' lang='lat' dir='ltr'><strong>et</strong></span> 
     </span>
    </p>
   </div>
   <div class='ocr_carea' id='block_1_68' title="bbox 579 3868 2140 3945">
    <p class='ocr_par' dir='ltr' id='par_1_68' title="bbox 579 3868 2140 3945">
     <span class='ocr_line' id='line_1_68' title="bbox 579 3868 2140 3945; baseline 0.008 -23"><span class='ocrx_word' id='word_1_492' title='bbox 579 3878 824 3923; x_wconf 81' lang='lat' dir='ltr'><strong>ementes</strong></span> <span class='ocrx_word' id='word_1_493' title='bbox 856 3868 1151 3927; x_wconf 86' lang='lat' dir='ltr'><strong>deteriora.</strong></span> <span class='ocrx_word' id='word_1_494' title='bbox 1187 3869 1327 3925; x_wconf 87' lang='lat' dir='ltr'><strong>Sunt</strong></span> <span class='ocrx_word' id='word_1_495' title='bbox 1356 3882 1535 3928; x_wconf 89' lang='lat' dir='ltr'><strong>autem</strong></span> <span class='ocrx_word' id='word_1_496' title='bbox 1565 3877 1653 3944; x_wconf 89' lang='lat' dir='ltr'><strong>qui</strong></span> <span class='ocrx_word' id='word_1_497' title='bbox 1689 3888 1741 3931; x_wconf 91' lang='lat' dir='ltr'><strong>et</strong></span> <span class='ocrx_word' id='word_1_498' title='bbox 1776 3880 1961 3945; x_wconf 66' lang='lat' dir='ltr'><strong>plenus</strong></span> <span class='ocrx_word' id='word_1_499' title='bbox 1994 3898 2140 3934; x_wconf 79' lang='lat' dir='ltr'><strong>mcu-</strong></span> 
     </span>
    </p>
   </div>
   <div class='ocr_carea' id='block_1_69' title="bbox 579 3964 2141 4039">
    <p class='ocr_par' dir='ltr' id='par_1_69' title="bbox 579 3964 2141 4039">
     <span class='ocr_line' id='line_1_69' title="bbox 579 3964 2141 4039; baseline 0.009 -28"><span class='ocrx_word' id='word_1_500' title='bbox 579 3972 669 4011; x_wconf 82' lang='lat' dir='ltr'><strong>sas</strong></span> <span class='ocrx_word' id='word_1_501' title='bbox 698 3974 1041 4015; x_wconf 87' lang='lat' dir='ltr'><strong>nummorum</strong></span> <span class='ocrx_word' id='word_1_502' title='bbox 1074 3964 1292 4028; x_wconf 85' lang='lat' dir='ltr'><strong>habent,</strong></span> <span class='ocrx_word' id='word_1_503' title='bbox 1316 3966 1405 4033; x_wconf 90' lang='lat' dir='ltr'><strong>qui</strong></span> <span class='ocrx_word' id='word_1_504' title='bbox 1434 3966 1818 4021; x_wconf 86' lang='lat' dir='ltr'><strong>administrant</strong></span> <span class='ocrx_word' id='word_1_505' title='bbox 1843 3983 1895 4022; x_wconf 81' lang='lat' dir='ltr'><strong>et</strong></span> <span class='ocrx_word' id='word_1_506' title='bbox 1926 3972 2141 4039; x_wconf 80' lang='lat' dir='ltr'><strong>dispen-</strong></span> 
     </span>
    </p>
   </div>
   <div class='ocr_carea' id='block_1_70' title="bbox 580 4050 2141 4127">
    <p class='ocr_par' dir='ltr' id='par_1_70' title="bbox 580 4050 2141 4127">
     <span class='ocr_line' id='line_1_70' title="bbox 580 4050 2141 4127; baseline 0.009 -26"><span class='ocrx_word' id='word_1_507' title='bbox 580 4060 706 4102; x_wconf 86' lang='lat' dir='ltr'><strong>sant</strong></span> <span class='ocrx_word' id='word_1_508' title='bbox 731 4050 1127 4117; x_wconf 76' lang='lat' dir='ltr'><strong>ecclesiastica,</strong></span> <span class='ocrx_word' id='word_1_509' title='bbox 1170 4063 1225 4106; x_wconf 89' lang='lat' dir='ltr'><strong>et</strong></span> <span class='ocrx_word' id='word_1_510' title='bbox 1260 4057 1440 4109; x_wconf 90' lang='lat' dir='ltr'><strong>omnia</strong></span> <span class='ocrx_word' id='word_1_511' title='bbox 1478 4069 1702 4127; x_wconf 83' lang='lat' dir='ltr'><strong>prepter</strong></span> <span class='ocrx_word' id='word_1_512' title='bbox 1745 4061 2026 4114; x_wconf 82' lang='lat' dir='ltr'><strong>avaritiam</strong></span> <span class='ocrx_word' id='word_1_513' title='bbox 2062 4062 2141 4115; x_wconf 78' lang='lat' dir='ltr'><strong>la-</strong></span> 
     </span>
    </p>
   </div>
   <div class='ocr_carea' id='block_1_71' title="bbox 581 4139 2144 4209">
    <p class='ocr_par' dir='ltr' id='par_1_71' title="bbox 581 4139 2144 4209">
     <span class='ocr_line' id='line_1_71' title="bbox 581 4139 2144 4209; baseline 0.008 -15"><span class='ocrx_word' id='word_1_514' title='bbox 581 4140 746 4194; x_wconf 90' lang='lat' dir='ltr'><strong>ciunt.</strong></span> <span class='ocrx_word' id='word_1_515' title='bbox 779 4139 916 4206; x_wconf 85' lang='lat' dir='ltr'><strong>Quin</strong></span> <span class='ocrx_word' id='word_1_516' title='bbox 950 4152 1003 4196; x_wconf 90' lang='lat' dir='ltr'><strong>et</strong></span> <span class='ocrx_word' id='word_1_517' title='bbox 1037 4145 1178 4198; x_wconf 71' lang='lat' dir='ltr'><strong>sella:</strong></span> <span class='ocrx_word' id='word_1_518' title='bbox 1211 4148 1553 4201; x_wconf 82' lang='lat' dir='ltr'><strong>vendentium</strong></span> <span class='ocrx_word' id='word_1_519' title='bbox 1604 4149 1881 4205; x_wconf 83' lang='lat' dir='ltr'><strong>columbas</strong></span> <span class='ocrx_word' id='word_1_520' title='bbox 1904 4156 2144 4209; x_wconf 82' lang='lat' dir='ltr'><strong>subver-</strong></span> 
     </span>
    </p>
   </div>
   <div class='ocr_carea' id='block_1_72' title="bbox 582 4233 2141 4315">
    <p class='ocr_par' dir='ltr' id='par_1_72' title="bbox 582 4233 2141 4315">
     <span class='ocr_line' id='line_1_72' title="bbox 582 4233 2141 4315; baseline 0.011 -32"><span class='ocrx_word' id='word_1_521' title='bbox 582 4240 791 4295; x_wconf 71' lang='lat' dir='ltr'><strong>tuntm,</strong></span> <span class='ocrx_word' id='word_1_522' title='bbox 860 4233 958 4287; x_wconf 90' lang='lat' dir='ltr'><strong>hoc</strong></span> <span class='ocrx_word' id='word_1_523' title='bbox 1014 4247 1098 4289; x_wconf 88' lang='lat' dir='ltr'><strong>est</strong></span> <span class='ocrx_word' id='word_1_524' title='bbox 1146 4238 1429 4304; x_wconf 82' lang='lat' dir='ltr'><strong>pontiﬁces</strong></span> <span class='ocrx_word' id='word_1_525' title='bbox 1478 4243 1773 4297; x_wconf 87' lang='lat' dir='ltr'><strong>vendentes</strong></span> <span class='ocrx_word' id='word_1_526' title='bbox 1837 4245 2141 4315; x_wconf 82' lang='lat' dir='ltr'><strong>spiritualia</strong></span> 
     </span>
    </p>
   </div>
   <div class='ocr_carea' id='block_1_73' title="bbox 581 4322 2142 4407">
    <p class='ocr_par' dir='ltr' id='par_1_73' title="bbox 581 4322 2142 4407">
     <span class='ocr_line' id='line_1_73' title="bbox 581 4322 2142 4407; baseline 0.01 -30"><span class='ocrx_word' id='word_1_527' title='bbox 581 4322 738 4377; x_wconf 88' lang='lat' dir='ltr'><strong>dona.</strong></span> <span class='ocrx_word' id='word_1_528' title='bbox 771 4322 1027 4379; x_wconf 88' lang='lat' dir='ltr'><strong>Columba</strong></span> <span class='ocrx_word' id='word_1_529' title='bbox 1058 4328 1216 4397; x_wconf 71' lang='lat'><strong>233</strong></span> <span class='ocrx_word' id='word_1_530' title='bbox 1246 4331 1387 4385; x_wconf 90' lang='lat' dir='ltr'><strong>enim</strong></span> <span class='ocrx_word' id='word_1_531' title='bbox 1421 4334 1724 4400; x_wconf 87' lang='lat' dir='ltr'><strong>symbolum</strong></span> <span class='ocrx_word' id='word_1_532' title='bbox 1780 4347 1863 4389; x_wconf 87' lang='lat' dir='ltr'><strong>est</strong></span> <span class='ocrx_word' id='word_1_533' title='bbox 1906 4338 2142 4407; x_wconf 83' lang='lat' dir='ltr'><strong>Spiritus</strong></span> 
     </span>
    </p>
   </div>
   <div class='ocr_carea' id='block_1_74' title="bbox 580 4416 2138 4492">
    <p class='ocr_par' dir='ltr' id='par_1_74' title="bbox 580 4416 2138 4492">
     <span class='ocr_line' id='line_1_74' title="bbox 580 4416 2138 4492; baseline 0.01 -22"><span class='ocrx_word' id='word_1_534' title='bbox 580 4416 755 4471; x_wconf 86' lang='lat' dir='ltr'><strong>sancti</strong></span> <span class='ocrx_word' id='word_1_535' title='bbox 790 4435 800 4469; x_wconf 93' lang='lat'>:</span> <span class='ocrx_word' id='word_1_536' title='bbox 854 4432 1012 4485; x_wconf 89' lang='lat' dir='ltr'><strong>quem</strong></span> <span class='ocrx_word' id='word_1_537' title='bbox 1044 4422 1135 4488; x_wconf 87' lang='lat' dir='ltr'><strong>qui</strong></span> <span class='ocrx_word' id='word_1_538' title='bbox 1163 4423 1417 4491; x_wconf 89' lang='lat' dir='ltr'><strong>vendunt,</strong></span> <span class='ocrx_word' id='word_1_539' title='bbox 1443 4441 1537 4492; x_wconf 85' lang='lat' dir='ltr'><strong>per</strong></span> <span class='ocrx_word' id='word_1_540' title='bbox 1564 4429 1845 4482; x_wconf 87' lang='lat' dir='ltr'><strong>Dominum</strong></span> <span class='ocrx_word' id='word_1_541' title='bbox 1897 4446 1925 4484; x_wconf 89' lang='lat' dir='ltr'><strong>a</strong></span> <span class='ocrx_word' id='word_1_542' title='bbox 1956 4449 2138 4485; x_wconf 83' lang='lat' dir='ltr'><strong>sacer—</strong></span> 
     </span>
    </p>
   </div>
   <div class='ocr_carea' id='block_1_75' title="bbox 2243 3233 3824 3311">
    <p class='ocr_par' dir='ltr' id='par_1_75' title="bbox 2243 3233 3824 3311">
     <span class='ocr_line' id='line_1_75' title="bbox 2243 3233 3824 3311; baseline 0.003 -22"><span class='ocrx_word' id='word_1_543' title='bbox 2243 3237 2664 3309; x_wconf 79' lang='grc' dir='ltr'>προσφερόμενα</span> <span class='ocrx_word' id='word_1_544' title='bbox 2696 3237 2813 3301; x_wconf 80' lang='grc' dir='ltr'>ζῶα</span> <span class='ocrx_word' id='word_1_545' title='bbox 2851 3237 3095 3291; x_wconf 77' lang='grc' dir='ltr'>ἐπώλουν</span> <span class='ocrx_word' id='word_1_546' title='bbox 3127 3238 3290 3309; x_wconf 85' lang='grc' dir='ltr'>χάριν</span> <span class='ocrx_word' id='word_1_547' title='bbox 3308 3233 3567 3310; x_wconf 66' lang='grc' dir='ltr'><strong>ζκέρδους,</strong></span> <span class='ocrx_word' id='word_1_548' title='bbox 3604 3238 3824 3311; x_wconf 71' lang='grc' dir='ltr'>λῃστὰς</span> 
     </span>
    </p>
   </div>
   <div class='ocr_carea' id='block_1_76' title="bbox 2241 3324 3828 3399">
    <p class='ocr_par' dir='ltr' id='par_1_76' title="bbox 2241 3324 3828 3399">
     <span class='ocr_line' id='line_1_76' title="bbox 2241 3324 3828 3399; baseline 0.001 -18"><span class='ocrx_word' id='word_1_549' title='bbox 2241 3330 2436 3391; x_wconf 79' lang='grc' dir='ltr'>αὐτοὺς</span> <span class='ocrx_word' id='word_1_550' title='bbox 2460 3328 2737 3398; x_wconf 86' lang='grc' dir='ltr'>ὠνόμασε.</span> <span class='ocrx_word' id='word_1_551' title='bbox 2772 3328 3137 3382; x_wconf 78' lang='grc' dir='ltr'>Κολλυϐισταὶ</span> <span class='ocrx_word' id='word_1_552' title='bbox 3166 3328 3223 3381; x_wconf 79' lang='grc' dir='ltr'>δὲ</span> <span class='ocrx_word' id='word_1_553' title='bbox 3272 3324 3412 3399; x_wconf 80' lang='grc' dir='ltr'>ἦσαν</span> <span class='ocrx_word' id='word_1_554' title='bbox 3440 3330 3491 3382; x_wconf 80' lang='lat' dir='ltr'><strong>oi</strong></span> <span class='ocrx_word' id='word_1_555' title='bbox 3552 3329 3621 3382; x_wconf 83' lang='grc' dir='ltr'>τὰ</span> <span class='ocrx_word' id='word_1_556' title='bbox 3666 3330 3828 3399; x_wconf 62' lang='grc' dir='ltr'>νομί-</span> 
     </span>
    </p>
   </div>
   <div class='ocr_carea' id='block_1_77' title="bbox 2245 3412 3823 3498">
    <p class='ocr_par' dir='ltr' id='par_1_77' title="bbox 2245 3412 3823 3498">
     <span class='ocr_line' id='line_1_77' title="bbox 2245 3412 3823 3498; baseline 0.001 -24"><span class='ocrx_word' id='word_1_557' title='bbox 2245 3435 2437 3498; x_wconf 66' lang='grc' dir='ltr'>σματαί</span> <span class='ocrx_word' id='word_1_558' title='bbox 2466 3421 2845 3483; x_wconf 82' lang='grc' dir='ltr'>ἀλλάσσοντες.</span> <span class='ocrx_word' id='word_1_559' title='bbox 2873 3419 3145 3483; x_wconf 81' lang='grc' dir='ltr'>Κόλλυϐος</span> <span class='ocrx_word' id='word_1_560' title='bbox 3181 3420 3292 3490; x_wconf 84' lang='grc' dir='ltr'><strong>γὰρ</strong></span> <span class='ocrx_word' id='word_1_561' title='bbox 3328 3416 3481 3496; x_wconf 57' lang='grc' dir='ltr'>,εἶδος</span> <span class='ocrx_word' id='word_1_562' title='bbox 3508 3412 3707 3474; x_wconf 77' lang='grc' dir='ltr'>λεπτοῦ</span> <span class='ocrx_word' id='word_1_563' title='bbox 3731 3438 3823 3476; x_wconf 90' lang='lat' dir='ltr'><strong>vo-</strong></span> 
     </span>
    </p>
   </div>
   <div class='ocr_carea' id='block_1_78' title="bbox 2245 3512 3824 3585">
    <p class='ocr_par' dir='ltr' id='par_1_78' title="bbox 2245 3512 3824 3585">
     <span class='ocr_line' id='line_1_78' title="bbox 2245 3512 3824 3585; baseline 0.001 -20"><span class='ocrx_word' id='word_1_564' title='bbox 2245 3513 2515 3584; x_wconf 86' lang='grc' dir='ltr'>μίσματος</span> <span class='ocrx_word' id='word_1_565' title='bbox 2550 3512 2774 3585; x_wconf 82' lang='grc' dir='ltr'>χαλκοῦ.</span> <span class='ocrx_word' id='word_1_566' title='bbox 2824 3513 3055 3584; x_wconf 79' lang='grc' dir='ltr'>Ἐφιστᾷ</span> <span class='ocrx_word' id='word_1_567' title='bbox 3073 3512 3129 3566; x_wconf 77' lang='grc' dir='ltr'>δὲ</span> <span class='ocrx_word' id='word_1_568' title='bbox 3153 3513 3337 3577; x_wconf 78' lang='grc' dir='ltr'>αὐτοῖς</span> <span class='ocrx_word' id='word_1_569' title='bbox 3387 3516 3695 3585; x_wconf 82' lang='grc' dir='ltr'>κατήγορον</span> <span class='ocrx_word' id='word_1_570' title='bbox 3723 3517 3824 3568; x_wconf 74' lang='grc' dir='ltr'>καὶ</span> 
     </span>
    </p>
   </div>
   <div class='ocr_carea' id='block_1_79' title="bbox 2241 3602 3824 3677">
    <p class='ocr_par' dir='ltr' id='par_1_79' title="bbox 2241 3602 3824 3677">
     <span class='ocr_line' id='line_1_79' title="bbox 2241 3602 3824 3677; baseline 0.001 -20"><span class='ocrx_word' id='word_1_571' title='bbox 2241 3608 2331 3658; x_wconf 72' lang='grc' dir='ltr'>τὸν</span> <span class='ocrx_word' id='word_1_572' title='bbox 2360 3606 2643 3677; x_wconf 81' lang='grc' dir='ltr'>προφήτην</span> <span class='ocrx_word' id='word_1_573' title='bbox 2676 3605 2928 3669; x_wconf 71' lang='grc' dir='ltr'>Ἡσαΐαν,</span> <span class='ocrx_word' id='word_1_574' title='bbox 2961 3604 3193 3673; x_wconf 76' lang='grc' dir='ltr'>λέγοντα</span> <span class='ocrx_word' id='word_1_575' title='bbox 3218 3622 3230 3636; x_wconf 90' lang='grc'><strong>·</strong></span> <span class='ocrx_word' id='word_1_576' title='bbox 3270 3606 3328 3658; x_wconf 83' lang='lat'><strong>&#39;0</strong></span> <span class='ocrx_word' id='word_1_577' title='bbox 3351 3602 3496 3668; x_wconf 75' lang='grc' dir='ltr'>οἶκός</span> <span class='ocrx_word' id='word_1_578' title='bbox 3520 3622 3643 3676; x_wconf 83' lang='grc' dir='ltr'>μου,</span> <span class='ocrx_word' id='word_1_579' title='bbox 3671 3603 3824 3671; x_wconf 77' lang='grc' dir='ltr'>οἶκος</span> 
     </span>
    </p>
   </div>
   <div class='ocr_carea' id='block_1_80' title="bbox 2244 3697 3824 3771">
    <p class='ocr_par' dir='ltr' id='par_1_80' title="bbox 2244 3697 3824 3771">
     <span class='ocr_line' id='line_1_80' title="bbox 2244 3697 3824 3771; baseline 0.003 -23"><span class='ocrx_word' id='word_1_580' title='bbox 2244 3701 2551 3767; x_wconf 82' lang='grc' dir='ltr'>προσευχῆς</span> <span class='ocrx_word' id='word_1_581' title='bbox 2579 3698 2933 3769; x_wconf 85' lang='grc' dir='ltr'>κληθήσεται.</span> <span class='ocrx_word' id='word_1_582' title='bbox 2970 3697 3135 3750; x_wconf 85' lang='grc' dir='ltr'>Ἀλλά</span> <span class='ocrx_word' id='word_1_583' title='bbox 3181 3698 3255 3767; x_wconf 87' lang='grc' dir='ltr'>μὴ</span> <span class='ocrx_word' id='word_1_584' title='bbox 3302 3698 3515 3763; x_wconf 81' lang='grc' dir='ltr'>γένοιτο</span> <span class='ocrx_word' id='word_1_585' title='bbox 3546 3701 3640 3751; x_wconf 84' lang='grc' dir='ltr'><strong>καί</strong></span> <span class='ocrx_word' id='word_1_586' title='bbox 3671 3700 3824 3771; x_wconf 74' lang='grc' dir='ltr'>ἡμᾶς</span> 
     </span>
    </p>
   </div>
   <div class='ocr_carea' id='block_1_81' title="bbox 2242 3788 3827 3861">
    <p class='ocr_par' dir='ltr' id='par_1_81' title="bbox 2242 3788 3827 3861">
     <span class='ocr_line' id='line_1_81' title="bbox 2242 3788 3827 3861; baseline 0.003 -21"><span class='ocrx_word' id='word_1_587' title='bbox 2242 3789 2349 3855; x_wconf 75' lang='grc' dir='ltr'><strong>ἔξω</strong></span> <span class='ocrx_word' id='word_1_588' title='bbox 2381 3788 2477 3843; x_wconf 87' lang='grc' dir='ltr'><strong>τοῦ</strong></span> <span class='ocrx_word' id='word_1_589' title='bbox 2512 3790 2660 3860; x_wconf 74' lang='grc' dir='ltr'>ἱεροῦ</span> <span class='ocrx_word' id='word_1_590' title='bbox 2711 3790 3067 3861; x_wconf 71' lang='grc' dir='ltr'>ἐκϐληθῆναι.</span> <span class='ocrx_word' id='word_1_591' title='bbox 3094 3790 3288 3844; x_wconf 70' lang='grc' dir='ltr'>Πολλοὶ</span> <span class='ocrx_word' id='word_1_592' title='bbox 3328 3791 3440 3861; x_wconf 81' lang='grc' dir='ltr'>γὰρ</span> <span class='ocrx_word' id='word_1_593' title='bbox 3494 3792 3589 3844; x_wconf 77' lang='grc' dir='ltr'>καὶ</span> <span class='ocrx_word' id='word_1_594' title='bbox 3634 3793 3693 3844; x_wconf 76' lang='grc' dir='ltr'><strong>ιν</strong></span> <span class='ocrx_word' id='word_1_595' title='bbox 3745 3791 3827 3861; x_wconf 77' lang='grc' dir='ltr'>τῷ</span> 
     </span>
    </p>
   </div>
   <div class='ocr_carea' id='block_1_82' title="bbox 2245 3880 3815 3952">
    <p class='ocr_par' dir='ltr' id='par_1_82' title="bbox 2245 3880 3815 3952">
     <span class='ocr_line' id='line_1_82' title="bbox 2245 3880 3815 3952; baseline 0.001 -21"><span class='ocrx_word' id='word_1_596' title='bbox 2245 3881 2374 3950; x_wconf 79' lang='grc' dir='ltr'><strong>ίερῴ</strong></span> <span class='ocrx_word' id='word_1_597' title='bbox 2408 3882 2487 3951; x_wconf 78' lang='grc' dir='ltr'>τῷ</span> <span class='ocrx_word' id='word_1_598' title='bbox 2524 3880 2782 3951; x_wconf 71' lang='grc' dir='ltr'>ἡμετέρῳ</span> <span class='ocrx_word' id='word_1_599' title='bbox 2813 3880 3200 3950; x_wconf 72' lang='grc' dir='ltr'>εἰσερχόμεθα,</span> <span class='ocrx_word' id='word_1_600' title='bbox 3233 3881 3545 3945; x_wconf 80' lang='grc' dir='ltr'>πωλοῦντες</span> <span class='ocrx_word' id='word_1_601' title='bbox 3569 3881 3638 3933; x_wconf 79' lang='grc' dir='ltr'>τὰ</span> <span class='ocrx_word' id='word_1_602' title='bbox 3675 3898 3815 3952; x_wconf 65' lang='grc' dir='ltr'>χρη-</span> 
     </span>
    </p>
   </div>
   <div class='ocr_carea' id='block_1_83' title="bbox 2245 3970 3829 4042">
    <p class='ocr_par' dir='ltr' id='par_1_83' title="bbox 2245 3970 3829 4042">
     <span class='ocr_line' id='line_1_83' title="bbox 2245 3970 3829 4042; baseline 0 -19"><span class='ocrx_word' id='word_1_603' title='bbox 2245 3972 2344 4023; x_wconf 74' lang='grc' dir='ltr'><strong>στά</strong></span> <span class='ocrx_word' id='word_1_604' title='bbox 2373 3972 2467 4024; x_wconf 72' lang='grc' dir='ltr'>καὶ</span> <span class='ocrx_word' id='word_1_605' title='bbox 2494 3970 2860 4041; x_wconf 79' lang='grc' dir='ltr'>ἀγοράζοντες</span> <span class='ocrx_word' id='word_1_606' title='bbox 2892 3970 2961 4023; x_wconf 82' lang='grc' dir='ltr'>τὰ</span> <span class='ocrx_word' id='word_1_607' title='bbox 2998 3972 3187 4042; x_wconf 88' lang='grc' dir='ltr'>χείρω.</span> <span class='ocrx_word' id='word_1_608' title='bbox 3224 3971 3345 4024; x_wconf 75' lang='lat' dir='ltr'><strong>Etsi.</strong></span> <span class='ocrx_word' id='word_1_609' title='bbox 3374 3971 3430 4024; x_wconf 77' lang='grc' dir='ltr'>δὲ</span> <span class='ocrx_word' id='word_1_610' title='bbox 3483 3970 3578 4024; x_wconf 79' lang='grc' dir='ltr'>καὶ</span> <span class='ocrx_word' id='word_1_611' title='bbox 3614 3970 3665 4024; x_wconf 78' lang='grc' dir='ltr'>οἳ</span> <span class='ocrx_word' id='word_1_612' title='bbox 3692 3988 3829 4042; x_wconf 86' lang='grc' dir='ltr'>τρα-</span> 
     </span>
    </p>
   </div>
   <div class='ocr_carea' id='block_1_84' title="bbox 2244 4063 3827 4135">
    <p class='ocr_par' dir='ltr' id='par_1_84' title="bbox 2244 4063 3827 4135">
     <span class='ocr_line' id='line_1_84' title="bbox 2244 4063 3827 4135; baseline 0.001 -21"><span class='ocrx_word' id='word_1_613' title='bbox 2244 4064 2411 4126; x_wconf 69' lang='grc' dir='ltr'>πέζας</span> <span class='ocrx_word' id='word_1_614' title='bbox 2453 4064 2727 4117; x_wconf 86' lang='grc' dir='ltr'>κολλύϐων</span> <span class='ocrx_word' id='word_1_615' title='bbox 2760 4064 2988 4135; x_wconf 79' lang='grc' dir='ltr'>πλήρεις</span> <span class='ocrx_word' id='word_1_616' title='bbox 3028 4064 3242 4134; x_wconf 75' lang='grc' dir='ltr'>ἔχουσιν</span> <span class='ocrx_word' id='word_1_617' title='bbox 3271 4105 3285 4128; x_wconf 92' lang='grc'><strong>,</strong></span> <span class='ocrx_word' id='word_1_618' title='bbox 3327 4065 3376 4117; x_wconf 90' lang='grc' dir='ltr'>οἰ</span> <span class='ocrx_word' id='word_1_619' title='bbox 3406 4063 3827 4132; x_wconf 73' lang='grc' dir='ltr'>οἰκονομοῦντες</span> 
     </span>
    </p>
   </div>
   <div class='ocr_carea' id='block_1_85' title="bbox 2248 4154 3827 4225">
    <p class='ocr_par' dir='ltr' id='par_1_85' title="bbox 2248 4154 3827 4225">
     <span class='ocr_line' id='line_1_85' title="bbox 2248 4154 3827 4225; baseline 0.001 -18"><span class='ocrx_word' id='word_1_620' title='bbox 2248 4154 2348 4225; x_wconf 79' lang='grc' dir='ltr'>μὲν</span> <span class='ocrx_word' id='word_1_621' title='bbox 2380 4155 2476 4207; x_wconf 72' lang='grc' dir='ltr'>καὶ</span> <span class='ocrx_word' id='word_1_622' title='bbox 2502 4154 2831 4219; x_wconf 85' lang='grc' dir='ltr'>διοικοῦντες</span> <span class='ocrx_word' id='word_1_623' title='bbox 2857 4157 2926 4207; x_wconf 85' lang='grc' dir='ltr'><strong>τά</strong></span> <span class='ocrx_word' id='word_1_624' title='bbox 2955 4156 3410 4222; x_wconf 72' lang='grc' dir='ltr'>ἑκκλησιαστικά,</span> <span class='ocrx_word' id='word_1_625' title='bbox 3444 4154 3531 4207; x_wconf 83' lang='grc' dir='ltr'><strong>διὰ</strong></span> <span class='ocrx_word' id='word_1_626' title='bbox 3574 4154 3631 4207; x_wconf 80' lang='grc' dir='ltr'>δὲ</span> <span class='ocrx_word' id='word_1_627' title='bbox 3669 4154 3827 4224; x_wconf 84' lang='grc' dir='ltr'>φιλο-</span> 
     </span>
    </p>
   </div>
   <div class='ocr_carea' id='block_1_86' title="bbox 2244 4245 3828 4319">
    <p class='ocr_par' dir='ltr' id='par_1_86' title="bbox 2244 4245 3828 4319">
     <span class='ocr_line' id='line_1_86' title="bbox 2244 4245 3828 4319; baseline -0.002 -17"><span class='ocrx_word' id='word_1_628' title='bbox 2244 4246 2556 4316; x_wconf 83' lang='grc' dir='ltr'>χρηματίαν</span> <span class='ocrx_word' id='word_1_629' title='bbox 2578 4248 2757 4300; x_wconf 87' lang='grc' dir='ltr'>πάντα</span> <span class='ocrx_word' id='word_1_630' title='bbox 2798 4245 3102 4309; x_wconf 89' lang='grc' dir='ltr'>ποιοῦντες.</span> <span class='ocrx_word' id='word_1_631' title='bbox 3142 4246 3307 4300; x_wconf 83' lang='grc' dir='ltr'><strong>’Δλλὰ</strong></span> <span class='ocrx_word' id='word_1_632' title='bbox 3345 4247 3517 4301; x_wconf 76' lang='grc' dir='ltr'>καὶαι</span> <span class='ocrx_word' id='word_1_633' title='bbox 3562 4247 3828 4319; x_wconf 82' lang='grc' dir='ltr'>καθέδραι</span> 
     </span>
    </p>
   </div>
   <div class='ocr_carea' id='block_1_87' title="bbox 2241 4336 3821 4409">
    <p class='ocr_par' dir='ltr' id='par_1_87' title="bbox 2241 4336 3821 4409">
     <span class='ocr_line' id='line_1_87' title="bbox 2241 4336 3821 4409; baseline 0.001 -18"><span class='ocrx_word' id='word_1_634' title='bbox 2241 4337 2351 4391; x_wconf 88' lang='grc' dir='ltr'><strong>τῶν</strong></span> <span class='ocrx_word' id='word_1_635' title='bbox 2394 4336 2716 4390; x_wconf 84' lang='grc' dir='ltr'>πωλούντων</span> <span class='ocrx_word' id='word_1_636' title='bbox 2792 4337 2890 4401; x_wconf 82' lang='grc' dir='ltr'>τὰς</span> <span class='ocrx_word' id='word_1_637' title='bbox 2944 4341 3275 4409; x_wconf 85' lang='grc' dir='ltr'>περιστερὰς</span> <span class='ocrx_word' id='word_1_638' title='bbox 3327 4337 3821 4409; x_wconf 82' lang='grc' dir='ltr'>καταστρέφονται,</span> 
     </span>
    </p>
   </div>
   <div class='ocr_carea' id='block_1_88' title="bbox 2242 4420 3832 4503">
    <p class='ocr_par' dir='ltr' id='par_1_88' title="bbox 2242 4420 3832 4503">
     <span class='ocr_line' id='line_1_88' title="bbox 2242 4420 3832 4503; baseline 0.001 -20"><span class='ocrx_word' id='word_1_639' title='bbox 2242 4430 2411 4499; x_wconf 71' lang='grc' dir='ltr'>ἤγουν</span> <span class='ocrx_word' id='word_1_640' title='bbox 2438 4430 2565 4492; x_wconf 77' lang='grc' dir='ltr'>τοὺς</span> <span class='ocrx_word' id='word_1_641' title='bbox 2617 4429 2895 4501; x_wconf 82' lang='grc' dir='ltr'>ἀρχιερεῐς</span> <span class='ocrx_word' id='word_1_642' title='bbox 2927 4432 3053 4494; x_wconf 77' lang='grc' dir='ltr'>τοὺς</span> <span class='ocrx_word' id='word_1_643' title='bbox 3114 4420 3430 4495; x_wconf 87' lang='grc' dir='ltr'>πωλοῦντας</span> <span class='ocrx_word' id='word_1_644' title='bbox 3474 4431 3542 4485; x_wconf 79' lang='grc' dir='ltr'>τὰ</span> <span class='ocrx_word' id='word_1_645' title='bbox 3575 4448 3832 4503; x_wconf 82' lang='grc' dir='ltr'>πνευμα-</span> 
     </span>
    </p>
   </div>
   <div class='ocr_carea' id='block_1_89' title="bbox 580 4493 2136 4596">
    <p class='ocr_par' dir='ltr' id='par_1_89' title="bbox 580 4505 2136 4581">
     <span class='ocr_line' id='line_1_89' title="bbox 580 4505 2136 4581; baseline 0.008 -24"><span class='ocrx_word' id='word_1_646' title='bbox 580 4505 729 4558; x_wconf 90' lang='lat' dir='ltr'><strong>dotio</strong></span> <span class='ocrx_word' id='word_1_647' title='bbox 756 4506 1099 4574; x_wconf 86' lang='lat' dir='ltr'><strong>repellentur.</strong></span> <span class='ocrx_word' id='word_1_648' title='bbox 1150 4506 1283 4561; x_wconf 88' lang='lat' dir='ltr'><strong>Nam</strong></span> <span class='ocrx_word' id='word_1_649' title='bbox 1338 4512 1428 4579; x_wconf 89' lang='lat' dir='ltr'><strong>qui</strong></span> <span class='ocrx_word' id='word_1_650' title='bbox 1464 4523 1681 4581; x_wconf 89' lang='lat' dir='ltr'><strong>propter</strong></span> <span class='ocrx_word' id='word_1_651' title='bbox 1730 4516 1910 4568; x_wconf 89' lang='lat' dir='ltr'><strong>datum</strong></span> <span class='ocrx_word' id='word_1_652' title='bbox 1948 4533 2136 4570; x_wconf 84' lang='lat' dir='ltr'><strong>aurum</strong></span> 
     </span>
    </p>
   </div>
   <div class='ocr_carea' id='block_1_90' title="bbox 2243 4493 3830 4596">
    <p class='ocr_par' dir='ltr' id='par_1_90' title="bbox 2244 4493 3830 4596">
     <span class='ocr_line' id='line_1_90' title="bbox 2244 4493 3830 4596; baseline 0 -19"><span class='ocrx_word' id='word_1_653' title='bbox 2244 4493 2372 4577; x_wconf 61' lang='grc' dir='ltr'>έίκά</span> <span class='ocrx_word' id='word_1_654' title='bbox 2428 4493 2748 4594; x_wconf 75' lang='grc' dir='ltr'>χαρίσματα</span> <span class='ocrx_word' id='word_1_655' title='bbox 2781 4493 2818 4594; x_wconf 49' lang='grc'><strong>’(</strong></span> <span class='ocrx_word' id='word_1_656' title='bbox 2841 4522 2934 4577; x_wconf 89' lang='grc' dir='ltr'><strong>τοῦ</strong></span> <span class='ocrx_word' id='word_1_657' title='bbox 2967 4524 3076 4596; x_wconf 82' lang='grc' dir='ltr'>γὰρ</span> <span class='ocrx_word' id='word_1_658' title='bbox 3115 4493 3431 4593; x_wconf 81' lang='grc' dir='ltr'>Πνεῦματος</span> <span class='ocrx_word' id='word_1_659' title='bbox 3485 4493 3758 4594; x_wconf 67' lang='grc' dir='ltr'>σύμϐολον</span> <span class='ocrx_word' id='word_1_660' title='bbox 3794 4527 3830 4595; x_wconf 77' lang='grc' dir='ltr'><strong>ἡ</strong></span> 
     </span>
    </p>
   </div>
   <div class='ocr_carea' id='block_1_91' title="bbox 582 4595 2136 4687">
    <p class='ocr_par' dir='ltr' id='par_1_91' title="bbox 582 4595 2136 4675">
     <span class='ocr_line' id='line_1_91' title="bbox 582 4595 2136 4675; baseline 0.007 -27"><span class='ocrx_word' id='word_1_661' title='bbox 582 4595 811 4658; x_wconf 77' lang='lat' dir='ltr'><strong>ordinat.</strong></span> <span class='ocrx_word' id='word_1_662' title='bbox 840 4598 1114 4666; x_wconf 87' lang='lat' dir='ltr'><strong>depositus</strong></span> <span class='ocrx_word' id='word_1_663' title='bbox 1147 4608 1252 4653; x_wconf 90' lang='lat' dir='ltr'><strong>est.</strong></span> <span class='ocrx_word' id='word_1_664' title='bbox 1284 4600 1388 4654; x_wconf 91' lang='lat' dir='ltr'><strong>Sed</strong></span> <span class='ocrx_word' id='word_1_665' title='bbox 1412 4613 1466 4655; x_wconf 93' lang='lat' dir='ltr'><strong>et</strong></span> <span class='ocrx_word' id='word_1_666' title='bbox 1500 4605 1745 4671; x_wconf 86' lang='lat' dir='ltr'><strong>quisquis</strong></span> <span class='ocrx_word' id='word_1_667' title='bbox 1778 4611 2002 4672; x_wconf 70' lang='lat' dir='ltr'><strong>gratiam</strong></span> <span class='ocrx_word' id='word_1_668' title='bbox 2030 4623 2136 4675; x_wconf 79' lang='lat' dir='ltr'><strong>qua</strong></span> 
     </span>
    </p>
   </div>
   <div class='ocr_carea' id='block_1_92' title="bbox 2243 4595 3825 4687">
    <p class='ocr_par' dir='ltr' id='par_1_92' title="bbox 2250 4595 3825 4687">
     <span class='ocr_line' id='line_1_92' title="bbox 2250 4595 3825 4687; baseline 0.004 -20"><span class='ocrx_word' id='word_1_669' title='bbox 2250 4613 2567 4685; x_wconf 66' lang='grc' dir='ltr'>περιστερὰ)</span> <span class='ocrx_word' id='word_1_670' title='bbox 2612 4614 2805 4679; x_wconf 76' lang='grc' dir='ltr'>ἐξωθεῖ</span> <span class='ocrx_word' id='word_1_671' title='bbox 2842 4618 2870 4669; x_wconf 82' lang='grc' dir='ltr'><strong>ὁ</strong></span> <span class='ocrx_word' id='word_1_672' title='bbox 2913 4595 3217 4687; x_wconf 73' lang='grc' dir='ltr'>Κύριοςὲκ</span> <span class='ocrx_word' id='word_1_673' title='bbox 3249 4618 3347 4686; x_wconf 75' lang='grc' dir='ltr'>τῆς</span> <span class='ocrx_word' id='word_1_674' title='bbox 3384 4617 3825 4687; x_wconf 80' lang='grc' dir='ltr'>ἀρχιερωσύνης.</span> 
     </span>
    </p>
   </div>
   <div class='ocr_carea' id='block_1_93' title="bbox 585 4686 2152 4763">
    <p class='ocr_par' dir='ltr' id='par_1_93' title="bbox 585 4686 2152 4763">
     <span class='ocr_line' id='line_1_93' title="bbox 585 4686 2152 4763; baseline 0.008 -24"><span class='ocrx_word' id='word_1_675' title='bbox 585 4700 653 4739; x_wconf 76' lang='lat' dir='ltr'><strong>ex</strong></span> <span class='ocrx_word' id='word_1_676' title='bbox 698 4686 1019 4752; x_wconf 81' lang='lat' dir='ltr'><strong>baptismate</strong></span> <span class='ocrx_word' id='word_1_677' title='bbox 1078 4700 1183 4754; x_wconf 88' lang='lat' dir='ltr'><strong>est,</strong></span> <span class='ocrx_word' id='word_1_678' title='bbox 1235 4698 1288 4743; x_wconf 89' lang='lat' dir='ltr'><strong>et</strong></span> <span class='ocrx_word' id='word_1_679' title='bbox 1329 4691 1646 4747; x_wconf 88' lang='lat' dir='ltr'><strong>munditiam</strong></span> <span class='ocrx_word' id='word_1_680' title='bbox 1700 4697 1881 4763; x_wconf 87' lang='lat' dir='ltr'><strong>prodit</strong></span> <span class='ocrx_word' id='word_1_681' title='bbox 1920 4698 2152 4759; x_wconf 82' lang='lat' dir='ltr'><strong>diabolo,</strong></span> 
     </span>
    </p>
   </div>
   <div class='ocr_carea' id='block_1_94' title="bbox 2261 4704 3830 4781">
    <p class='ocr_par' dir='ltr' id='par_1_94' title="bbox 2261 4704 3830 4781">
     <span class='ocr_line' id='line_1_94' title="bbox 2261 4704 3830 4781; baseline 0.003 -24"><span class='ocrx_word' id='word_1_682' title='bbox 2261 4704 2319 4758; x_wconf 93' lang='lat'><strong>&#39;0</strong></span> <span class='ocrx_word' id='word_1_683' title='bbox 2345 4705 2455 4775; x_wconf 82' lang='grc' dir='ltr'><strong>γάρ</strong></span> <span class='ocrx_word' id='word_1_684' title='bbox 2486 4705 2575 4758; x_wconf 83' lang='grc' dir='ltr'><strong>διὰ</strong></span> <span class='ocrx_word' id='word_1_685' title='bbox 2602 4706 2830 4776; x_wconf 81' lang='grc' dir='ltr'>χρυσίου</span> <span class='ocrx_word' id='word_1_686' title='bbox 2870 4707 3082 4773; x_wconf 78' lang='grc' dir='ltr'>δόσεως</span> <span class='ocrx_word' id='word_1_687' title='bbox 3115 4708 3459 4781; x_wconf 77' lang='grc' dir='ltr'>χειροτονῶν,</span> <span class='ocrx_word' id='word_1_688' title='bbox 3498 4707 3830 4780; x_wconf 78' lang='grc' dir='ltr'>καθῃρημέ-</span> 
     </span>
    </p>
   </div>
   <div class='ocr_carea' id='block_1_95' title="bbox 588 4777 2136 4874">
    <p class='ocr_par' dir='ltr' id='par_1_95' title="bbox 588 4777 2136 4860">
     <span class='ocr_line' id='line_1_95' title="bbox 588 4777 2136 4860; baseline 0.008 -28"><span class='ocrx_word' id='word_1_689' title='bbox 588 4777 677 4832; x_wconf 87' lang='lat' dir='ltr'><strong>hic</strong></span> <span class='ocrx_word' id='word_1_690' title='bbox 710 4777 895 4831; x_wconf 86' lang='lat' dir='ltr'><strong>vendit</strong></span> <span class='ocrx_word' id='word_1_691' title='bbox 924 4779 1229 4836; x_wconf 84' lang='lat' dir='ltr'><strong>columbam</strong></span> <span class='ocrx_word' id='word_1_692' title='bbox 1271 4798 1423 4839; x_wconf 87' lang='lat' dir='ltr'><strong>suam</strong></span> <span class='ocrx_word' id='word_1_693' title='bbox 1463 4803 1477 4839; x_wconf 90' lang='lat'><strong>:</strong></span> <span class='ocrx_word' id='word_1_694' title='bbox 1536 4798 1821 4857; x_wconf 83' lang='lat' dir='ltr'><strong>propterea</strong></span> <span class='ocrx_word' id='word_1_695' title='bbox 1860 4803 1925 4843; x_wconf 79' lang='lat' dir='ltr'><strong>cx</strong></span> <span class='ocrx_word' id='word_1_696' title='bbox 1958 4791 2136 4860; x_wconf 80' lang='lat' dir='ltr'><strong>tetttplt</strong></span> 
     </span>
    </p>
   </div>
   <div class='ocr_carea' id='block_1_96' title="bbox 2243 4777 3830 4874">
    <p class='ocr_par' dir='ltr' id='par_1_96' title="bbox 2253 4777 3830 4874">
     <span class='ocr_line' id='line_1_96' title="bbox 2253 4777 3830 4874; baseline 0.002 -23"><span class='ocrx_word' id='word_1_697' title='bbox 2253 4814 2363 4861; x_wconf 87' lang='lat' dir='ltr'><strong>vo;.</strong></span> <span class='ocrx_word' id='word_1_698' title='bbox 2412 4799 2574 4853; x_wconf 85' lang='grc' dir='ltr'>Ἀλλά</span> <span class='ocrx_word' id='word_1_699' title='bbox 2604 4802 2698 4853; x_wconf 80' lang='grc' dir='ltr'>καὶ</span> <span class='ocrx_word' id='word_1_700' title='bbox 2723 4802 2872 4865; x_wconf 81' lang='grc' dir='ltr'>ὅστις</span> <span class='ocrx_word' id='word_1_701' title='bbox 2903 4802 3003 4873; x_wconf 76' lang='grc' dir='ltr'>τὴν</span> <span class='ocrx_word' id='word_1_702' title='bbox 3029 4804 3094 4858; x_wconf 69' lang='grc' dir='ltr'>ὲκ</span> <span class='ocrx_word' id='word_1_703' title='bbox 3117 4777 3218 4857; x_wconf 71' lang='grc' dir='ltr'><strong>τοῦ</strong></span> <span class='ocrx_word' id='word_1_704' title='bbox 3253 4777 3830 4874; x_wconf 29' lang='grc' dir='ltr'>βαπτίσματοςηχὰριν</span> 
     </span>
    </p>
   </div>
   <div class='ocr_carea' id='block_1_97' title="bbox 582 4882 818 4955">
    <p class='ocr_par' dir='ltr' id='par_1_97' title="bbox 582 4882 818 4955">
     <span class='ocr_line' id='line_1_97' title="bbox 582 4882 818 4955; baseline -0.013 -15"><span class='ocrx_word' id='word_1_705' title='bbox 582 4882 818 4955; x_wconf 63' lang='lat' dir='ltr'><strong>eiicitur.</strong></span> 
     </span>
    </p>
   </div>
   <div class='ocr_carea' id='block_1_98' title="bbox 657 5152 2146 5234">
    <p class='ocr_par' dir='ltr' id='par_1_98' title="bbox 657 5152 2146 5234">
     <span class='ocr_line' id='line_1_98' title="bbox 657 5152 2146 5234; baseline 0.009 -28"><span class='ocrx_word' id='word_1_706' title='bbox 657 5152 821 5208; x_wconf 66' lang='lat' dir='ltr'><strong>Vens.</strong></span> <span class='ocrx_word' id='word_1_707' title='bbox 857 5156 1043 5210; x_wconf 62' lang='lat' dir='ltr'><strong>lii-25.</strong></span> <span class='ocrx_word' id='word_1_708' title='bbox 1084 5175 1101 5206; x_wconf 79' lang='grc' dir='ltr'><strong>ι</strong></span> <span class='ocrx_word' id='word_1_709' title='bbox 1140 5156 1353 5211; x_wconf 88' lang='lat' dir='ltr'><strong>Etcum</strong></span> <span class='ocrx_word' id='word_1_710' title='bbox 1390 5159 1503 5227; x_wconf 83' lang='lat' dir='ltr'><strong>jam</strong></span> <span class='ocrx_word' id='word_1_711' title='bbox 1533 5174 1752 5227; x_wconf 84' lang='lat' dir='ltr'><strong>vespera</strong></span> <span class='ocrx_word' id='word_1_712' title='bbox 1774 5172 1937 5226; x_wconf 90' lang='lat' dir='ltr'><strong>esset,</strong></span> <span class='ocrx_word' id='word_1_713' title='bbox 1962 5178 2146 5234; x_wconf 85' lang='lat' dir='ltr'><strong>egres-</strong></span> 
     </span>
    </p>
   </div>
   <div class='ocr_carea' id='block_1_99' title="bbox 587 5242 2150 5319">
    <p class='ocr_par' dir='ltr' id='par_1_99' title="bbox 587 5242 2150 5319">
     <span class='ocr_line' id='line_1_99' title="bbox 587 5242 2150 5319; baseline 0.01 -21"><span class='ocrx_word' id='word_1_714' title='bbox 587 5258 677 5298; x_wconf 86' lang='lat' dir='ltr'><strong>sus</strong></span> <span class='ocrx_word' id='word_1_715' title='bbox 699 5254 779 5297; x_wconf 84' lang='lat' dir='ltr'><strong>est</strong></span> <span class='ocrx_word' id='word_1_716' title='bbox 806 5242 962 5299; x_wconf 84' lang='lat' dir='ltr'><strong>Jesus</strong></span> <span class='ocrx_word' id='word_1_717' title='bbox 991 5264 1021 5299; x_wconf 85' lang='lat' dir='ltr'><strong>e</strong></span> <span class='ocrx_word' id='word_1_718' title='bbox 1046 5248 1285 5301; x_wconf 88' lang='lat' dir='ltr'><strong>civitate.</strong></span> <span class='ocrx_word' id='word_1_719' title='bbox 1319 5248 1383 5301; x_wconf 89' lang='lat' dir='ltr'><strong>Et</strong></span> <span class='ocrx_word' id='word_1_720' title='bbox 1406 5265 1562 5303; x_wconf 87' lang='lat' dir='ltr'><strong>mane</strong></span> <span class='ocrx_word' id='word_1_721' title='bbox 1593 5264 1979 5319; x_wconf 63' lang='lat' dir='ltr'><strong>praetereuntes</strong></span> <span class='ocrx_word' id='word_1_722' title='bbox 2007 5258 2150 5312; x_wconf 87' lang='lat' dir='ltr'><strong>vide-</strong></span> 
     </span>
    </p>
   </div>
   <div class='ocr_carea' id='block_1_100' title="bbox 590 5335 2147 5402">
    <p class='ocr_par' dir='ltr' id='par_1_100' title="bbox 590 5335 2147 5402">
     <span class='ocr_line' id='line_1_100' title="bbox 590 5335 2147 5402; baseline 0.008 -13"><span class='ocrx_word' id='word_1_723' title='bbox 590 5345 712 5391; x_wconf 89' lang='lat' dir='ltr'><strong>runt</strong></span> <span class='ocrx_word' id='word_1_724' title='bbox 738 5335 902 5391; x_wconf 76' lang='lat' dir='ltr'><strong>ﬁcum</strong></span> <span class='ocrx_word' id='word_1_725' title='bbox 929 5339 1209 5395; x_wconf 65' lang='lat' dir='ltr'><strong>exaruisse</strong></span> <span class='ocrx_word' id='word_1_726' title='bbox 1258 5340 1511 5394; x_wconf 60' lang='lat' dir='ltr'><strong>radicittvf</strong></span> <span class='ocrx_word' id='word_1_727' title='bbox 1542 5360 1553 5395; x_wconf 92' lang='lat'>:</span> <span class='ocrx_word' id='word_1_728' title='bbox 1590 5354 1640 5397; x_wconf 91' lang='lat' dir='ltr'><strong>et</strong></span> <span class='ocrx_word' id='word_1_729' title='bbox 1694 5348 2001 5401; x_wconf 87' lang='lat' dir='ltr'><strong>recordatus</strong></span> <span class='ocrx_word' id='word_1_730' title='bbox 2046 5347 2147 5402; x_wconf 86' lang='lat' dir='ltr'><strong>Pe-</strong></span> 
     </span>
    </p>
   </div>
   <div class='ocr_carea' id='block_1_101' title="bbox 2258 4888 3830 4966">
    <p class='ocr_par' dir='ltr' id='par_1_101' title="bbox 2258 4888 3830 4966">
     <span class='ocr_line' id='line_1_101' title="bbox 2258 4888 3830 4966; baseline 0.003 -23"><span class='ocrx_word' id='word_1_731' title='bbox 2258 4892 2355 4944; x_wconf 77' lang='grc' dir='ltr'>καὶ</span> <span class='ocrx_word' id='word_1_732' title='bbox 2389 4890 2741 4965; x_wconf 82' lang='grc' dir='ltr'>καθαρότητα</span> <span class='ocrx_word' id='word_1_733' title='bbox 2775 4894 3048 4966; x_wconf 80' lang='grc' dir='ltr'>προδώσει</span> <span class='ocrx_word' id='word_1_734' title='bbox 3082 4894 3161 4966; x_wconf 81' lang='grc' dir='ltr'>τῷ</span> <span class='ocrx_word' id='word_1_735' title='bbox 3199 4894 3455 4966; x_wconf 85' lang='grc' dir='ltr'>διαϐόλῳ,</span> <span class='ocrx_word' id='word_1_736' title='bbox 3486 4888 3640 4957; x_wconf 75' lang='grc' dir='ltr'>οὗτος</span> <span class='ocrx_word' id='word_1_737' title='bbox 3675 4893 3830 4947; x_wconf 74' lang='grc' dir='ltr'><strong>ἑπώ-</strong></span> 
     </span>
    </p>
   </div>
   <div class='ocr_carea' id='block_1_102' title="bbox 2260 4982 3829 5057">
    <p class='ocr_par' dir='ltr' id='par_1_102' title="bbox 2260 4982 3829 5057">
     <span class='ocr_line' id='line_1_102' title="bbox 2260 4982 3829 5057; baseline -0.01 -4"><span class='ocrx_word' id='word_1_738' title='bbox 2260 4982 2527 5055; x_wconf 56' lang='grc' dir='ltr'>λησεετὴν</span> <span class='ocrx_word' id='word_1_739' title='bbox 2560 4988 2886 5057; x_wconf 79' lang='grc' dir='ltr'>περιστερὰν</span> <span class='ocrx_word' id='word_1_740' title='bbox 2911 4987 3102 5055; x_wconf 81' lang='grc' dir='ltr'>αὐτοῦ,</span> <span class='ocrx_word' id='word_1_741' title='bbox 3142 4986 3412 5042; x_wconf 62' lang='grc' dir='ltr'>διαποῦτο</span> <span class='ocrx_word' id='word_1_742' title='bbox 3442 4986 3535 5040; x_wconf 75' lang='grc' dir='ltr'>καὶ</span> <span class='ocrx_word' id='word_1_743' title='bbox 3564 4985 3829 5040; x_wconf 69' lang='grc' dir='ltr'>ἐκϐάλλε-</span> 
     </span>
    </p>
   </div>
   <div class='ocr_carea' id='block_1_103' title="bbox 2253 5074 2763 5149">
    <p class='ocr_par' dir='ltr' id='par_1_103' title="bbox 2253 5074 2763 5149">
     <span class='ocr_line' id='line_1_103' title="bbox 2253 5074 2763 5149; baseline 0.008 -21"><span class='ocrx_word' id='word_1_744' title='bbox 2253 5092 2343 5129; x_wconf 87' lang='grc' dir='ltr'><strong>ται</strong></span> <span class='ocrx_word' id='word_1_745' title='bbox 2382 5074 2444 5130; x_wconf 60' lang='lat' dir='ltr'><strong>lx</strong></span> <span class='ocrx_word' id='word_1_746' title='bbox 2469 5077 2563 5131; x_wconf 88' lang='grc' dir='ltr'><strong>τοῦ</strong></span> <span class='ocrx_word' id='word_1_747' title='bbox 2597 5078 2763 5149; x_wconf 75' lang='grc' dir='ltr'>ἱεροῦ.</span> 
     </span>
    </p>
   </div>
   <div class='ocr_carea' id='block_1_104' title="bbox 2330 5168 3828 5245">
    <p class='ocr_par' dir='ltr' id='par_1_104' title="bbox 2330 5168 3828 5245">
     <span class='ocr_line' id='line_1_104' title="bbox 2330 5168 3828 5245; baseline 0.003 -24"><span class='ocrx_word' id='word_1_748' title='bbox 2330 5200 2347 5220; x_wconf 72' lang='grc' dir='ltr'><strong>ι</strong></span> <span class='ocrx_word' id='word_1_749' title='bbox 2388 5171 2498 5223; x_wconf 73' lang='grc' dir='ltr'><strong>Καὶ</strong></span> <span class='ocrx_word' id='word_1_750' title='bbox 2530 5172 2617 5223; x_wconf 84' lang='grc' dir='ltr'>ὅτε</span> <span class='ocrx_word' id='word_1_751' title='bbox 2651 5173 2747 5241; x_wconf 63' lang='grc' dir='ltr'><strong>ὀψὲ</strong></span> <span class='ocrx_word' id='word_1_752' title='bbox 2776 5173 3019 5239; x_wconf 80' lang='grc' dir='ltr'>ἐγένετο,</span> <span class='ocrx_word' id='word_1_753' title='bbox 3052 5168 3409 5245; x_wconf 69' lang='grc' dir='ltr'>ἐξεπορεύετο</span> <span class='ocrx_word' id='word_1_754' title='bbox 3447 5172 3552 5237; x_wconf 77' lang='grc' dir='ltr'><strong>ἔξω</strong></span> <span class='ocrx_word' id='word_1_755' title='bbox 3592 5172 3688 5240; x_wconf 80' lang='grc' dir='ltr'>τῆς</span> <span class='ocrx_word' id='word_1_756' title='bbox 3730 5174 3828 5225; x_wconf 85' lang='grc' dir='ltr'><strong>πό-</strong></span> 
     </span>
    </p>
   </div>
   <div class='ocr_carea' id='block_1_105' title="bbox 2250 5260 3829 5337">
    <p class='ocr_par' dir='ltr' id='par_1_105' title="bbox 2250 5260 3829 5337">
     <span class='ocr_line' id='line_1_105' title="bbox 2250 5260 3829 5337; baseline 0.001 -24"><span class='ocrx_word' id='word_1_757' title='bbox 2250 5260 2405 5323; x_wconf 81' lang='grc' dir='ltr'>λεως.</span> <span class='ocrx_word' id='word_1_758' title='bbox 2440 5264 2549 5315; x_wconf 71' lang='grc' dir='ltr'><strong>Καὶ</strong></span> <span class='ocrx_word' id='word_1_759' title='bbox 2580 5262 2723 5333; x_wconf 77' lang='grc' dir='ltr'>πρωϊ</span> <span class='ocrx_word' id='word_1_760' title='bbox 2758 5267 3295 5337; x_wconf 72' lang='grc' dir='ltr'>παραπορευόμενοι,</span> <span class='ocrx_word' id='word_1_761' title='bbox 3337 5262 3475 5317; x_wconf 78' lang='grc' dir='ltr'>εἶδον</span> <span class='ocrx_word' id='word_1_762' title='bbox 3515 5265 3615 5331; x_wconf 76' lang='grc' dir='ltr'>τὴν</span> <span class='ocrx_word' id='word_1_763' title='bbox 3648 5266 3829 5333; x_wconf 69' lang='grc' dir='ltr'>συκῆν</span> 
     </span>
    </p>
   </div>
   <div class='ocr_carea' id='block_1_106' title="bbox 2254 5350 3829 5431">
    <p class='ocr_par' dir='ltr' id='par_1_106' title="bbox 2254 5350 3829 5431">
     <span class='ocr_line' id='line_1_106' title="bbox 2254 5350 3829 5431; baseline 0.008 -29"><span class='ocrx_word' id='word_1_764' title='bbox 2254 5350 2647 5431; x_wconf 80' lang='grc' dir='ltr'>ὲξηρημμένην</span> <span class='ocrx_word' id='word_1_765' title='bbox 2676 5356 2739 5406; x_wconf 77' lang='grc' dir='ltr'>ὲκ</span> <span class='ocrx_word' id='word_1_766' title='bbox 2774 5355 2959 5425; x_wconf 75' lang='grc' dir='ltr'>ῥιζῶν.</span> <span class='ocrx_word' id='word_1_767' title='bbox 2994 5359 3105 5411; x_wconf 74' lang='grc' dir='ltr'><strong>Καὶ</strong></span> <span class='ocrx_word' id='word_1_768' title='bbox 3146 5356 3514 5429; x_wconf 71' lang='grc' dir='ltr'>ἀναμνησθεὶς</span> <span class='ocrx_word' id='word_1_769' title='bbox 3539 5356 3567 5407; x_wconf 74' lang='grc' dir='ltr'>ὁ</span> <span class='ocrx_word' id='word_1_770' title='bbox 3598 5355 3829 5426; x_wconf 78' lang='grc' dir='ltr'><strong>Πέτρος,</strong></span> 
     </span>
    </p>
   </div>
   <div class='ocr_carea' id='block_1_107' title="bbox 1566 5502 2845 5572">
    <p class='ocr_par' dir='ltr' id='par_1_107' title="bbox 1566 5502 2845 5572">
     <span class='ocr_line' id='line_1_107' title="bbox 1566 5502 2845 5572; baseline 0.007 -10"><span class='ocrx_word' id='word_1_771' title='bbox 1566 5504 1656 5562; x_wconf 78' lang='lat' dir='ltr'><strong>Ex</strong></span> <span class='ocrx_word' id='word_1_772' title='bbox 1688 5502 2025 5572; x_wconf 79' lang='lat' dir='ltr'><strong>collatione</strong></span> <span class='ocrx_word' id='word_1_773' title='bbox 2060 5506 2248 5569; x_wconf 91' lang='lat' dir='ltr'><strong>codd.</strong></span> <span class='ocrx_word' id='word_1_774' title='bbox 2278 5510 2507 5569; x_wconf 84' lang='lat' dir='ltr'><strong>Venet.</strong></span> <span class='ocrx_word' id='word_1_775' title='bbox 2553 5512 2611 5571; x_wconf 91' lang='lat' dir='ltr'><strong>S.</strong></span> <span class='ocrx_word' id='word_1_776' title='bbox 2634 5511 2845 5571; x_wconf 85' lang='lat' dir='ltr'><strong>Marci.</strong></span> 
     </span>
    </p>
   </div>
   <div class='ocr_carea' id='block_1_108' title="bbox 588 5643 2146 5720">
    <p class='ocr_par' dir='ltr' id='par_1_108' title="bbox 588 5643 2146 5720">
     <span class='ocr_line' id='line_1_108' title="bbox 588 5643 2146 5720; baseline 0.008 -25"><span class='ocrx_word' id='word_1_777' title='bbox 588 5643 733 5720; x_wconf 74' lang='lat' dir='ltr'><strong>circo</strong></span> <span class='ocrx_word' id='word_1_778' title='bbox 784 5643 1161 5720; x_wconf 73' lang='lat' dir='ltr'><strong>maledictione</strong></span> <span class='ocrx_word' id='word_1_779' title='bbox 1210 5646 1453 5720; x_wconf 84' lang='lat' dir='ltr'><strong>perculsa</strong></span> <span class='ocrx_word' id='word_1_780' title='bbox 1487 5648 1701 5714; x_wconf 80' lang='lat' dir='ltr'><strong>fuisset,</strong></span> <span class='ocrx_word' id='word_1_781' title='bbox 1736 5654 1859 5720; x_wconf 86' lang='lat' dir='ltr'><strong>quia</strong></span> <span class='ocrx_word' id='word_1_782' title='bbox 1913 5651 2146 5708; x_wconf 79' lang='lat' dir='ltr'><strong>fructum</strong></span> 
     </span>
    </p>
   </div>
   <div class='ocr_carea' id='block_1_109' title="bbox 593 5715 2149 5784">
    <p class='ocr_par' dir='ltr' id='par_1_109' title="bbox 593 5715 2149 5784">
     <span class='ocr_line' id='line_1_109' title="bbox 593 5715 2149 5784; baseline 0.009 -19"><span class='ocrx_word' id='word_1_783' title='bbox 593 5715 793 5767; x_wconf 81' lang='lat' dir='ltr'><strong>nullum</strong></span> <span class='ocrx_word' id='word_1_784' title='bbox 842 5717 1089 5770; x_wconf 77' lang='lat' dir='ltr'><strong>habebat.</strong></span> <span class='ocrx_word' id='word_1_785' title='bbox 1115 5715 1229 5781; x_wconf 83' lang='lat' dir='ltr'><strong>Qua</strong></span> <span class='ocrx_word' id='word_1_786' title='bbox 1261 5718 1418 5784; x_wconf 67' lang='lat' dir='ltr'><strong>igitur</strong></span> <span class='ocrx_word' id='word_1_787' title='bbox 1449 5721 1513 5771; x_wconf 89' lang='lat' dir='ltr'><strong>de</strong></span> <span class='ocrx_word' id='word_1_788' title='bbox 1550 5735 1712 5775; x_wconf 79' lang='lat' dir='ltr'><strong>causa</strong></span> <span class='ocrx_word' id='word_1_789' title='bbox 1743 5715 2025 5777; x_wconf 69' lang='lat' dir='ltr'><strong>titaiedicta</strong></span> <span class='ocrx_word' id='word_1_790' title='bbox 2065 5734 2149 5779; x_wconf 86' lang='lat' dir='ltr'><strong>est</strong></span> 
     </span>
    </p>
   </div>
   <div class='ocr_carea' id='block_1_110' title="bbox 591 5785 2141 5864">
    <p class='ocr_par' dir='ltr' id='par_1_110' title="bbox 591 5785 2141 5864">
     <span class='ocr_line' id='line_1_110' title="bbox 591 5785 2141 5864; baseline 0.008 -27"><span class='ocrx_word' id='word_1_791' title='bbox 591 5785 749 5837; x_wconf 73' lang='lat' dir='ltr'><strong>arbor</strong></span> <span class='ocrx_word' id='word_1_792' title='bbox 786 5785 910 5838; x_wconf 79' lang='lat' dir='ltr'><strong>illa?</strong></span> <span class='ocrx_word' id='word_1_793' title='bbox 950 5787 1193 5852; x_wconf 80' lang='lat' dir='ltr'><strong>Scilicet,</strong></span> <span class='ocrx_word' id='word_1_794' title='bbox 1234 5803 1336 5843; x_wconf 88' lang='lat' dir='ltr'><strong>non</strong></span> <span class='ocrx_word' id='word_1_795' title='bbox 1367 5800 1659 5857; x_wconf 38' lang='lat' dir='ltr'><strong>propterea.</strong></span> <span class='ocrx_word' id='word_1_796' title='bbox 1685 5792 1828 5862; x_wconf 87' lang='lat' dir='ltr'><strong>quod</strong></span> <span class='ocrx_word' id='word_1_797' title='bbox 1856 5795 1968 5861; x_wconf 80' lang='lat' dir='ltr'><strong>ipsa</strong></span> <span class='ocrx_word' id='word_1_798' title='bbox 2017 5809 2141 5864; x_wconf 89' lang='lat' dir='ltr'><strong>pec-</strong></span> 
     </span>
    </p>
   </div>
   <div class='ocr_carea' id='block_1_111' title="bbox 2255 5657 3829 5733">
    <p class='ocr_par' dir='ltr' id='par_1_111' title="bbox 2255 5657 3829 5733">
     <span class='ocr_line' id='line_1_111' title="bbox 2255 5657 3829 5733; baseline 0.01 -25"><span class='ocrx_word' id='word_1_799' title='bbox 2255 5658 2493 5733; x_wconf 76' lang='lat' dir='ltr'><strong>caverit;</strong></span> <span class='ocrx_word' id='word_1_800' title='bbox 2548 5657 2641 5712; x_wconf 82' lang='lat' dir='ltr'><strong>sed</strong></span> <span class='ocrx_word' id='word_1_801' title='bbox 2690 5663 3141 5729; x_wconf 71' lang='lat' dir='ltr'><strong>quemadmodum</strong></span> <span class='ocrx_word' id='word_1_802' title='bbox 3198 5668 3399 5719; x_wconf 90' lang='lat' dir='ltr'><strong>dictum</strong></span> <span class='ocrx_word' id='word_1_803' title='bbox 3450 5674 3555 5726; x_wconf 86' lang='lat' dir='ltr'><strong>est,</strong></span> <span class='ocrx_word' id='word_1_804' title='bbox 3592 5675 3648 5717; x_wconf 92' lang='lat' dir='ltr'><strong>ut</strong></span> <span class='ocrx_word' id='word_1_805' title='bbox 3707 5681 3829 5733; x_wconf 80' lang='lat' dir='ltr'><strong>ape-</strong></span> 
     </span>
    </p>
   </div>
   <div class='ocr_carea' id='block_1_112' title="bbox 2257 5728 3835 5806">
    <p class='ocr_par' dir='ltr' id='par_1_112' title="bbox 2257 5728 3835 5806">
     <span class='ocr_line' id='line_1_112' title="bbox 2257 5728 3835 5806; baseline 0.009 -27"><span class='ocrx_word' id='word_1_806' title='bbox 2257 5728 2375 5806; x_wconf 62' lang='lat' dir='ltr'><strong>stoli</strong></span> <span class='ocrx_word' id='word_1_807' title='bbox 2406 5730 2675 5781; x_wconf 70' lang='lat' dir='ltr'><strong>discerent</strong></span> <span class='ocrx_word' id='word_1_808' title='bbox 2696 5728 2835 5799; x_wconf 65' lang='lat' dir='ltr'><strong>Quod</strong></span> <span class='ocrx_word' id='word_1_809' title='bbox 2863 5735 3024 5789; x_wconf 87' lang='lat' dir='ltr'><strong>etiam</strong></span> <span class='ocrx_word' id='word_1_810' title='bbox 3053 5737 3241 5806; x_wconf 83' lang='lat' dir='ltr'><strong>punire</strong></span> <span class='ocrx_word' id='word_1_811' title='bbox 3274 5738 3460 5791; x_wconf 55' lang='lat' dir='ltr'><strong>possit.</strong></span> <span class='ocrx_word' id='word_1_812' title='bbox 3496 5734 3672 5791; x_wconf 70' lang='lat' dir='ltr'><strong>Habet</strong></span> <span class='ocrx_word' id='word_1_813' title='bbox 3709 5728 3835 5792; x_wconf 68' lang='lat' dir='ltr'><strong>item</strong></span> 
     </span>
    </p>
   </div>
   <div class='ocr_carea' id='block_1_113' title="bbox 2253 5798 2898 5868">
    <p class='ocr_par' dir='ltr' id='par_1_113' title="bbox 2253 5798 2898 5868">
     <span class='ocr_line' id='line_1_113' title="bbox 2253 5798 2898 5868; baseline 0.003 -17"><span class='ocrx_word' id='word_1_814' title='bbox 2253 5806 2300 5851; x_wconf 80' lang='lat' dir='ltr'><strong>et</strong></span> <span class='ocrx_word' id='word_1_815' title='bbox 2336 5798 2465 5866; x_wconf 78' lang='lat' dir='ltr'><strong>ﬁcus</strong></span> <span class='ocrx_word' id='word_1_816' title='bbox 2504 5798 2835 5868; x_wconf 44' lang='lat' dir='ltr'><strong>(mutoque.</strong></span> <span class='ocrx_word' id='word_1_817' title='bbox 2881 5823 2898 5853; x_wconf 80' lang='grc' dir='ltr'><strong>ι</strong></span> 
     </span>
    </p>
   </div>
  </div>
