4028 6418
210 377 311 443 Cl‘.’

896 373 1342 438 ΕΝΛΒΒΑΤΙΟ
1381 371 1462 431 1N
1504 367 1788 430 EVANGI

1898 367 2013 428 UM
2060 368 2325 430 MARCI.
2365 396 2434 405 —
2476 369 2637 431 CAP.
2683 369 2793 432 XI.

3373 393 3376 397 ·
3404 369 3517 437 618

207 499 355 567 λέγει
381 496 566 569 αὐτῷ·
604 493 818 559 Ῥαϐϐὶ,
851 493 926 547 ίδε
967 496 1000 564 ή
1036 493 1176 561 συκῆ
1202 492 1270 562 ἣν
1306 489 1635 560 κατηράσω,
1672 487 1788 557 ἐξή-

1911 495 2030 542 trus
2053 488 2176 541 dicit
2208 487 2283 540 illi
2309 503 2321 539 :
2351 485 2548 554 liabbi,
2575 501 2706 542 ecce
2733 486 2868 541 licus
2897 485 2982 541 illa
3002 501 3168 557 quam
3199 498 3516 548 exsecratus

206 608 388 662 ραται.
445 593 552 643 Καὶ
594 588 926 653 ἀποκριθεὶς
973 589 1001 639 6
1069 584 1282 655 Ἰησοῦς
1309 623 1323 646 ,
1366 582 1516 650 λέγει
1570 582 1797 644 αὐτοῖς·

205 683 404 756 Ἔχετε
435 684 624 736 πίστιν
654 679 793 735 Θεοῦ
815 697 831 714 ο
865 679 1014 751 ἀμήν
1038 676 1150 749 γὰρ
1184 676 1329 744 λέγω
1350 676 1502 746 ὑμῖν,
1534 674 1618 728 ὅτι
1645 672 1704 738 ὃς
1735 671 1802 725 ἂν

202 776 331 847 εἴπῃ
357 775 436 845 τῷ
484 775 602 843 ὄρει
647 773 848 843 τούτῳ,
882 771 1144 842 Ἄρθητι,
1170 770 1267 822 καὶ
1317 765 1549 838 βλήθητι
1589 767 1670 828 είς
1704 766 1802 836 τήν

201 868 505 930 Θάλασσαν,
569 867 665 919 καὶ
714 865 789 935 μὴ
854 862 1112 933 διακριθῇ
1158 863 1217 914 ἐν
1265 863 1332 931 τῇ
1374 858 1576 928 καρδίᾳ
1606 855 1797 919 αὐτοῦ,

200 960 336 1016 ἀλλά
365 958 638 1032 πιστεύσῃ
665 960 748 1012 ὅτι
778 957 812 1011 ἂ
839 956 990 1025 λέγει
1016 955 1251 1024 γίνεται,
1282 952 1438 1006 ἔσται
1470 949 1621 1020 αὑτῷ
1646 949 1674 1002 ὃ
1703 948 1800 1002 ἐὰν

197 1051 349 1122 εῐπῃ.
395 1070 414 1101 ι
455 1050 515 1103 El
548 1049 645 1102 καὶ
685 1051 712 1102 6
762 1047 1048 1109 Ματθαῖος
1108 1044 1259 1109 λέγει
1316 1043 1399 1096 ὃτι
1447 1041 1797 1112 παραχρῆμα

197 1143 543 1212 ἐξηράνθηή
581 1141 745 1210 συκῆ,
787 1140 882 1193 καὶ
928 1138 1136 1199 ἰδόντες
1165 1139 1211 1189 oi
1251 1135 1496 1206 μαθηταὶ
1548 1133 1797 1203 ἐθαύμα-

199 1251 295 1286 σαν
321 1250 334 1262 ·
379 1233 456 1302 μὴ
485 1231 797 1303 θορυϐηθῇς
826 1229 1045 1285 ἀκούων
1075 1227 1170 1281 νῦν
1201 1227 1295 1279 τοῦ
1340 1224 1576 1296 Μάρκου
1605 1222 1793 1290 λέγον-

196 1342 306 1387 τος,
345 1325 430 1377 ὅτι
470 1327 538 1394 τῇ
572 1324 834 1396 ἐπαύριον
859 1320 999 1377 εἶδον
1026 1320 1430 1392 ἐξηραμμένην
1458 1321 1558 1387 τὴν
1596 1317 1792 1386 συκῆν.

194 1414 351 1470 Οὕτω
385 1417 498 1486 γὰρ
531 1414 740 1484 ὀφείλει
765 1415 908 1466 νοεῖν
936 1412 997 1467 τὸ
1020 1413 1172 1481 παρὰ
1202 1410 1280 1481 τῷ
1308 1407 1600 1478 Ματθαίῳ,
1627 1426 1644 1458 ι
1685 1406 1795 1460 Καὶ

195 1511 549 1582 παραχρῆμα
603 1508 878 1578 ἐξηράνθη
927 1511 958 1577 ή
1011 1505 1178 1575 συκῆ.
1234 1523 1254 1558 ι
1315 1501 1482 1574 Στῆθι
1529 1497 1624 1555 οῦν
1662 1500 1793 1571 ἄχρι

193 1604 386 1657 τούτου
420 1620 433 1631 ⁸
466 1599 587 1656 εἶτα
618 1604 765 1666 είπὲ,
801 1603 910 1656 Καὶ
947 1600 1148 1663 ἰδόντες
1184 1600 1234 1651 οἱ
1257 1597 1517 1668 μαθηταὶ,
1549 1595 1796 1665 ἐθαύμα-

195 1715 310 1750 σαν.
353 1697 490 1749 Πότε
521 1713 536 1760 ;
577 1695 818 1759 Ἰδόντες,
854 1694 916 1747 ού
953 1691 1321 1764 παραχρῆμα,
1349 1689 1486 1744 ἀλλὰ
1518 1691 1583 1759 τῇ
1615 1686 1794 1741 ἐπαύε-

196 1810 331 1864 ριον.
363 1790 556 1853 Οὕτως
589 1788 682 1842 οὖν
717 1787 930 1841 νοοῦντι
957 1786 1113 1840 οὐδὲν
1141 1784 1348 1854 ἄπορον
1378 1781 1788 1851 ἀπαντήσεται.

1912 593 1992 643 es,
2026 580 2266 633 exaruit.
2318 579 2390 632 Et
2434 581 2798 648 respondens,
2849 576 2982 633 dicit
3035 577 3192 635 illis:
3244 577 3516 635 Confidite
3596 614 3597 617 η

1913 669 2023 724 Deo
2048 686 2064 735 ;
2099 684 2257 724 amen
2288 670 2412 725 dico
2430 670 2585 725 vobis
2609 669 2753 741 quod
2782 669 3101 742 quicunque
3121 669 3320 726 dixerit
3344 671 3514 726 monti

1913 761 2042 813 huic
2069 778 2082 812 :
2114 758 2370 824 Tollaris,
2397 774 2462 814 ac
2491 760 2732 816 mittaris
2761 760 2814 814 in
2860 775 3037 825 mare,
3059 771 3115 817 et
3144 777 3250 817 non
3292 763 3516 818 haesita-

1911 853 2048 902 verit
2079 852 2130 904 in
2164 851 2332 906 corde
2377 865 2500 914 suo,
2533 850 2628 906 sed
2657 850 2958 907 crediderit
2983 850 3102 908 fere
3141 868 3263 924 quin
3288 854 3514 918 dixerit,

1908 942 2016 995 erit
2042 941 2116 995 illi
2140 943 2404 1014 quidquid
2437 942 2659 999 dixerit.
2700 964 2720 998 ι
2759 942 3000 1000 Tametsi
3042 944 3330 1003 Matthzeus
3361 948 3517 1003 dixe-

1910 1035 1979 1088 rit
2009 1035 2152 1104 quod
2182 1035 2370 1091 statim
2403 1036 2623 1092 exaruit
2671 1040 2831 1104 llcus,
2872 1047 2930 1094 et
2961 1038 3209 1095 videntes
3254 1040 3512 1112 discipuli

1907 1126 2163 1182 admirati
2200 1127 2332 1195 sint,
2384 1128 2521 1183 nihil
2547 1132 2822 1185 movearis
2846 1132 3072 1186 audiens
3095 1133 3510 1188 nuncMarcum

1907 1218 2178 1274 dicentem
2237 1223 2381 1290 quod
2440 1223 2697 1292 sequenti
2775 1223 2865 1278 die
2919 1224 3157 1278 viderint
3225 1228 3514 1281 exaruisse

1908 1315 2093 1370 ficum.
2126 1315 2217 1373 Sic
2273 1311 2422 1372 enim
2473 1318 2782 1390 intelligere
2834 1319 3000 1375 debes
3063 1321 3113 1375 id
3167 1321 3311 1391 quod
3367 1322 3510 1390 apud

1905 1407 2241 1476 Mattltaeum,
2277 1429 2296 1462 ι
2333 1408 2401 1463 Ει
2427 1410 2614 1468 statim
2648 1411 2867 1468 exaruit
2905 1413 3044 1468 ficus
3093 1411 3163 1467 εἰ
3204 1429 3314 1484 quo
3345 1414 3511 1478 lecto,

1905 1503 2168 1568 subsiste,
2197 1514 2251 1558 et
2287 1506 2414 1560 dein
2480 1505 2564 1561 dic
2600 1521 2614 1558 :
2656 1505 2721 1561 Et
2757 1521 2881 1563 cum
2927 1508 3198 1564 vidissent
3236 1509 3510 1580 discipuli.

1903 1595 2161 1652 admirati
2194 1606 2340 1652 sunt.
2380 1597 2652 1664 Quando?
2701 1598 2841 1655 Cum
2901 1601 3174 1657 vidissent
3205 1621 3217 1656 :
3253 1618 3362 1657 non
3397 1615 3513 1658 sta-

1907 1692 2026 1753 tim,
2055 1691 2148 1744 sed
2178 1692 2428 1761 sequenti
2466 1694 2556 1750 die
2586 1711 2598 1748 :
2645 1693 2875 1764 proinde
2911 1695 2992 1750 sic
3016 1695 3340 1767 intelligenti
3374 1698 3510 1751 nihil

1904 1781 2123 1837 difﬁcile
2149 1786 2410 1840 occurrit.
2449 1783 2583 1842 Vide
2613 1786 2741 1841 item
2765 1795 2902 1842 etex
2937 1787 3039 1842 hoc
3087 1787 3205 1843 loCo
3233 1791 3510 1860 quomodo

197 1887 337 1955 Ὅρα
379 1884 437 1936 δὲ
479 1882 602 1945 πῶς
632 1880 932 1935 κάντεῦθεν
964 1878 1101 1942 Θεὸς
1145 1878 1426 1931 δείκνυται
1460 1875 1488 1928 6
1528 1874 1788 1945 Χριστός.

1900 1875 2152 1932 Christus
2185 1887 2525 1933 monstretur
2558 1878 2702 1935 Deus
2731 1895 2744 1944 ;
2778 1879 2911 1935 dicit
2950 1880 3097 1934 enim
3132 1895 3229 1949 per
3271 1881 3510 1951 pr0phe-

189 1976 326 2043 Φησὶ
358 1975 470 2043 γὰρ
507 1973 596 2027 διὰ
628 1971 738 2026 τῶν
771 1969 1073 2042 προφητῶν
1130 1969 1157 2022 6
1208 1967 1415 2037 Κύριος
1449 1982 1464 1998 ·
1508 1965 1652 2034 Ἐγὼ
1692 1965 1790 2034 ξη-

195 2069 361 2137 ραίνω
404 2065 565 2131 ξύλον
629 2064 861 2136 χλωρὸν,
922 2062 1015 2116 καὶ
1067 2060 1358 2115 ἀναθὰλλω
1385 2059 1546 2124 ξύλον
1598 2058 1789 2130 ξηρόν.

191 2157 488 2226 Θαύμασον
514 2155 572 2209 δὲ
602 2153 699 2224 τήν
730 2153 885 2208 θείαν
909 2151 1353 2222 φιλανθρωπίαν,
1382 2151 1502 2212 πῶς
1537 2150 1633 2202 καὶ
1658 2151 1793 2220 ἡμῖν

188 2252 300 2314 τοῖς
331 2249 423 2302 διὰ
481 2251 723 2310 πίστεως
769 2245 1154 2318 όμοιουμένοις
1212 2243 1384 2315 αὐτῷ,
1417 2244 1650 2314 δύναμιν
1694 2242 1790 2297 τοῦ

192 2341 638 2413 θαυματουργεῖν
662 2339 900 2404 δίδωσιν,
922 2339 990 2409 ἢν
1008 2337 1171 2401 αὐτὸς
1203 2336 1449 2406 φυσικῶς
1481 2337 1617 2407 ἔχει,
1649 2335 1791 2389 ὥστε

193 2435 282 2489 καὶ
315 2435 420 2505 ὅρη
459 2432 811 2503 μεθιστάνειν
842 2429 1128 2486 δύνασθαι.
1157 2429 1324 2497 Ιὐρος
1345 2427 1400 2480 δὲ
1434 2431 1529 2480 καὶ
1556 2429 1590 2499 ή
1623 2427 1792 2498 ὑπερ-

190 2530 397 2596 ήφανος
469 2517 701 2596 γνώμη,
758 2523 942 2596 ὑψηλή
1011 2541 1094 2587 τις
1190 2521 1326 2575 οὖσα
1390 2523 1487 2575 καὶ
1551 2521 1788 2594 σκληρά.

192 2619 384 2682 Ὅστις
424 2612 519 2672 οῦν
550 2618 654 2688 ὁρᾷ
676 2616 738 2669 τὸ
765 2616 862 2687 τῆς
898 2615 1287 2686 ὑπερηφανίας
1322 2615 1498 2678 πάθος
1529 2613 1787 2685 ἐνοχλοῦν

190 2711 358 2781 αὐτῷ,
388 2711 487 2764 καὶ
519 2709 824 2773 σπουδάζον
872 2709 1035 2763 αὑτὸν
1072 2709 1326 2762 ἐκϐαλεῖν
1369 2707 1471 2777 τῆς
1522 2705 1614 2760 τοῦ
1651 2705 1790 2758 Θεοῦ

189 2805 503 2874 ἐπισκοπῆς
557 2805 652 2856 καὶ
717 2804 979 2874 προνοίας
1032 2803 1411 2875 (ὑπερήφανος
1471 2802 1584 2872 γάρ
1640 2803 1791 2855 ἐστιν

189 2900 397 2960 ἐκεῖνος
439 2900 466 2950 6
497 2897 677 2964 λέγων
706 2898 789 2950 ὅτι
844 2896 1024 2949 πάντα
1062 2897 1226 2959 αὐτὸς
1263 2896 1546 2966 κατορθοῖ,
1597 2891 1693 2949 καὶ
1728 2902 1790 2949 οὑ

189 2988 276 3041 διὰ
310 2987 499 3059 Θεοῦ),
541 2990 569 3040 6
598 2987 842 3050 τοιοῦτος
877 2987 971 3041 οὖν
1002 2988 1208 3056 ὀφείλει
1246 2990 1510 3059 ἐπιτιμᾷν
1556 2987 1634 3058 τῷ
1672 2987 1791 3057 ὄρει

191 3082 389 3152 τούτῳ,
453 3085 522 3153 τῇ
580 3081 937 3154 ὑπερηφανία
998 3081 1164 3151 λέγω,
1221 3083 1314 3134 καὶ
1377 3081 1557 3150 λέγειν
1607 3082 1789 3151 αὐτῇ·

1901 1971 2412 2042 ιίτιιηςῡοιιιῑιιιιεθν
2447 1991 2459 2028 :
2493 1970 2604 2041 Ego
2638 1973 2853 2028 aridum
2894 1971 3038 2029 facio
3067 1974 3274 2046 lignum
3311 1975 3506 2035 viride,

1897 2076 1952 2122 et
1989 2066 2302 2134 germinare
2339 2066 2484 2121 facio
2519 2067 2727 2137 lignum
2781 2068 3019 2122 aridum.
3065 2067 3238 2123 Porro
3289 2069 3510 2122 mireris

1899 2160 2139 2213 divinam
2175 2160 2639 2222 misericordiam,
2676 2159 2953 2228 quomodo
2984 2161 3151 2215 etiam
3199 2161 3385 2226 nobis,
3414 2163 3504 2232 qui

1898 2269 1995 2321 per
2047 2255 2206 2308 lldetn
2265 2253 2338 2308 illi
2370 2254 2764 2319 assimilaumr,
2822 2255 3081 2308 virtutem
3130 2255 3221 2308 dat
3270 2239 3506 2310 faciendi

1900 2347 2183 2412 miracula,
2222 2362 2385 2417 quam
2428 2347 2546 2415 ipse
2604 2357 2802 2401 natura
2855 2347 3041 2408 habet,
3084 2348 3157 2402 ita
3195 2359 3250 2400 ut
3292 2361 3509 2402 montes

1899 2440 2200 2494 transferre
2235 2441 2532 2510 possimus.
2560 2439 2715 2494 Mons
2748 2452 2931 2495 autem
2959 2450 3040 2496 est
3071 2441 3238 2494 etiam
3272 2445 3508 2512 superba

1900 2547 2076 2596 tuens,
2109 2546 2234 2585 cum
2264 2547 2532 2600 arrOgans
2555 2541 2640 2586 est
2666 2542 2718 2586 et
2744 2524 3050 2588 obstinata.
3077 2531 3213 2590 Nam
3241 2534 3333 2604 qui
3361 2534 3510 2588 videt

1899 2625 2171 2691 superbia:
2201 2626 2456 2679 morbum
2525 2627 2628 2680 sibi
2690 2628 3054 2681 obsistentem
3117 2639 3173 2682 et
3216 2639 3508 2681 (‘tmallletlt

1897 2715 2098 2784 ejicere
2123 2715 2300 2784 ipsum
2330 2732 2358 2769 τι
2385 2716 2767 2770 visitationeet
2791 2715 3133 2783 providentia
3158 2714 3251 2770 Dei
3294 2714 3511 2787 (super-

1900 2810 2004 2863 bus
2041 2809 2191 2862 enim
2229 2809 2315 2862 ille
2351 2817 2436 2862 est
2469 2809 2561 2878 qui
2593 2809 2726 2862 dicit
2767 2808 2912 2879 quod
2955 2809 3141 2862 omnia
3175 2809 3346 2877 possit
3392 2809 3510 2876 ipse

1896 2903 2018 2956 sine
2040 2901 2146 2956 Deo
2169 2900 2479 2970 pet-ﬁcere),
2510 2900 2631 2954 talis
2664 2901 2828 2970 igitur
2849 2902 3009 2957 debet
3031 2903 3317 2970 increpare
3350 2901 3499 2956 illum

1900 3005 2162 3058 montem,
2189 2996 2505 3063 superbiam
2542 2995 2687 3060 dico,
2719 3004 2774 3050 et
2808 2995 2991 3049 dicere
3017 2995 3066 3048 ei
3105 3010 3121 3048 ι
3165 2993 3418 3060 Telluris,
3453 3005 3508 3050 ct

1898 3089 2136 3142 mittaris
2169 3088 2220 3141 in
2270 3102 2443 3148 mare,
2477 3087 2579 3141 hoc
2622 3097 2726 3154 est,
2781 3087 2833 3140 in
2872 3087 3186 3141 tnundanos
3233 3088 3505 3152 homines,

197 3177 459 3248 Ἄρθητι,
498 3176 595 3229 καὶ
635 3175 863 3248 βλήθητι
907 3176 988 3239 είς
1015 3175 1113 3248 τήν
1146 3175 1447 3241 θάλασσαν,
1484 3176 1786 3236 τουτέστιν,

1899 3180 2005 3235 hoc.
2038 3193 2142 3245 est,
2181 3195 2278 3235 eos
2311 3181 2402 3249 qui
2444 3181 2497 3234 in
2531 3181 2666 3233 mari
2701 3180 2865 3251 hujus
2906 3181 3031 3233 vita:
3055 3188 3184 3233 sont
3235 3195 3298 3233 ac
3328 3181 3510 3235 incre—

189 3271 271 3332 είς
299 3270 607 3341 κοσμικοὺς
637 3267 985 3341 ἀνθρώπους,
1024 3269 1152 3332 τοὺς
1187 3270 1244 3321 ἐν
1295 3270 1362 3340 τῇ
1399 3267 1646 3338 θαλάσσῃ
1692 3267 1789 3318 τοῦ
1821 3267 1863 3280 “’
1903 3271 2016 3325 duli
2064 3291 2077 3327 ;

192 3363 308 3434 βίου
335 3364 534 3416 τούτου
585 3364 748 3428 ὄντας
803 3362 897 3416 καὶ
932 3362 1220 3425 ἀπίστους.
1284 3354 1456 3424 Οὗτος
1500 3360 1556 3414 δε
1618 3359 1678 3412 οὐ
1715 3359 1790 3431 μὴ

189 3458 470 3529 διακριθῇ,
495 3458 766 3524 τουτέστι,
787 3456 1128 3528 διαχωρισοῇ
1157 3456 1268 3510 ἀπὺ
1293 3456 1387 3509 τοῦ
1410 3454 1568 3508 Θεοῦ.
1603 3455 1660 3507 Ὀ
1679 3455 1788 3524 γὰρ

189 3551 545 3622 ὑπερήφανος
569 3549 864 3620 χωρίζεται
887 3548 995 3603 ἀπὸ
1011 3548 1148 3602 Θεοῦ
1168 3549 1344 3616 λέγων
1377 3549 1459 3601 ὅτι
1480 3549 1649 3602 Οὐδὲν
1679 3547 1790 3617 ἔχω

189 3639 298 3694 ἀπὸ
335 3639 499 3699 Θεοῦ,
557 3638 678 3692 οὐδὲ
727 3639 917 3710 χρῄζω
950 3642 1050 3709 τῆς
1087 3639 1410 3710 συμμαχίας
1442 3639 1609 3692 αὐτοῦ
1646 3639 1786 3710 (78).

266 3753 284 3784 ι
323 3733 423 3786 Διά
450 3732 609 3785 τοῦτο
646 3732 792 3800 λέγω
830 3734 980 3802 ὑμῖν,
1014 3729 1200 3788 Πάντα
1234 3734 1334 3786 ὃσα
1369 3732 1436 3787 ἂν
1485 3737 1790 3805 προσευχόο

193 3818 344 3895 μενοι
378 3824 644 3889 αἰτεῖσθε,
669 3825 956 3878 πιστεύετε
1005 3825 1088 3877 ὅτι
1129 3823 1463 3893 λαμϐάνετε,
1506 3826 1600 3878 καὶ
1634 3825 1788 3880 ἔσται

189 3920 341 3990 ὑμῖν.
391 3920 504 3972 Καὶ
551 3920 680 3972 ὅταν
732 3920 975 3989 στήκητε
1044 3917 1513 3990 προσευχόμενοι,
1595 3919 1788 3985 ἀφίετε

189 4013 237 4063 εἰ
280 4030 333 4064 τι
363 4011 519 4081 ἔχετε
549 4009 693 4065 κατά
719 4028 915 4074 τινος,.
957 4011 1042 4063 ἵνα
1077 4011 1172 4063 καὶ
1198 4012 1225 4064 ὁ
1260 4010 1452 4081 Πατὴρ
1486 4010 1642 4080 ὑμῶν
1673 4013 1699 4064 6
1730 4013 1788 4063 ἐν

187 4109 299 4165 τοῖς
333 4105 588 4176 οὐρανοῖς
633 4105 743 4173 ἀφῇ
772 4104 902 4174 ὑμῖν
928 4105 998 4157 τὰ
1023 4094 1483 4174 ’παραπτώματα
1513 4102 1694 4174 ὑμῶν.
1723 4103 1786 4157 El

185 4197 241 4250 δὲ
278 4197 436 4267 ὑμεῖς
465 4197 566 4250 οὐκ
599 4198 808 4265 ἀφίετε,
853 4194 972 4248 οὐδὲ
1025 4197 1054 4249 6
1111 4196 1301 4267 Πατὴρ
1332 4195 1488 4264 ὑμῶν
1513 4198 1542 4250 6
1584 4196 1643 4249 ἐν
1674 4197 1786 4259 τοῖς

185 4289 437 4359 οὐρανοῖς
471 4291 670 4357 ἀφήσει
705 4293 773 4343 τε
835 4288 1275 4360 παραπτώματα
1306 4288 1484 4358 ὑμῶν.
1527 4307 1546 4340 ι
1593 4290 1654 4342 '0
1701 4291 1786 4343 ἐν·

183 4384 454 4446 διαθέτως
488 4385 761 4436 πιστεύων
803 4383 1027 4446 πάντως
1085 4385 1166 4446 είς
1226 4383 1362 4436 Θεὸν
1413 4384 1660 4437 ἀνέτεινε
1686 4383 1786 4455 τὴν

186 4478 417 4549 καρδίαν
457 4477 654 4545 αὐτοῦ,
708 4478 801 4530 καὶ
850 4476 914 4529 ἵν’
948 4475 1087 4529 εἴπω
1113 4477 1179 4530 τὸ
1239 4477 1332 4530 τοῦ
1375 4477 1564 4541 Δαϐὶδ,
1597 4476 1782 4547 ἐξέχεε

2131 3273 2246 3340 ipse
2278 3282 2462 3324 autem
2500 3285 2780 3340 nunquam
2811 3269 3043 3338 haesitet.
3089 3269 3192 3323 hoc
3220 3277 3325 3333 est,
3361 3283 3509 3338 διερο-

1901 3375 2051 3419 retur
2091 3379 2121 3420 a
2171 3364 2302 3419 Deo.
2348 3363 2631 3433 Superbus
2695 3364 2839 3416 enim
2871 3371 3217 3431 separatura
3261 3361 3390 3425 Deo,
3424 3362 3508 3415 di.

1898 3473 2030 3511 cens
2084 3472 2098 3508 :
2153 3455 2300 3510 Nihil
2366 3473 2394 3509 a
2439 3456 2551 3511 Deo
2613 3456 2824 3520 habeo,
2881 3468 3057 3523 neque
3113 3453 3333 3525 indigeo
3389 3452 3509 3523 ejus

1899 3551 2128 3605 auxilio.

1971 3732 2135 3787 Vsus.
2187 3731 2278 3795 αι,
2324 3730 2415 3785 25.
2472 3750 2488 3783 ι
2546 3727 2843 3800 Propterea
2894 3729 3017 3784 dico
3070 3729 3228 3785 vobis
3265 3747 3278 3783 :
3309 3730 3506 3784 Omnia

1896 3841 2237 3899 quaecunque
2265 3836 2489 3880 orantes
2519 3824 2730 3894 petitis,
2766 3824 2980 3879 credite
3004 3823 3152 3894 quod
3195 3824 3505 3890 accipietis,

1833 3921 1837 3924 ’
1895 3931 1949 3975 et
1980 3927 2145 3974 erunt
2167 3917 2342 3972 vobis.
2366 3917 2570 3972 Etcum
2597 3917 2864 3972 steteritis
2889 3926 3138 3984 orantes,
3167 3918 3435 3971 remittitc
3455 3919 3501 3970 si

1894 4015 2045 4083 quid.
2068 4011 2286 4068 habetis
2320 4010 2600 4087 adversus
2648 4010 2907 4081 aliquem,
2951 4020 3009 4063 ιιι
3045 4022 3098 4064 et
3133 4010 3292 4064 l’ater
3323 4021 3505 4064 vester

1892 4107 1983 4176 qui
2014 4108 2068 4160 in
2111 4104 2268 4159 caelis
2293 4112 2404 4169 cst,
2434 4103 2680 4159 remittat
2701 4103 2857 4158 vobis
2889 4103 3090 4157 delicta
3113 4113 3314 4170 vestra.
3346 4103 3500 4169 Quod

1893 4201 1936 4255 si
1969 4214 2063 4254 vos
2093 4215 2200 4253 non
2233 4197 2582 4264 dimiseritis,
2629 4211 2809 4267 neque
2853 4195 3021 4251 Pater
3078 4205 3262 4251 vester
3305 4199 3396 4267 qui
3448 4197 3500 4250 in

1891 4293 2049 4353 caelis
2075 4303 2182 4362 est,
2206 4295 2443 4350 dimittet
2479 4293 2635 4348 vobis
2669 4301 2891 4362 peccata
2938 4301 3142 4347 vestra.
3182 4311 3200 4342 ι
3243 4292 3343 4359 Qui
3383 4309 3505 4345 ntu-

1890 4408 1993 4464 gna
2032 4389 2321 4445 affectione
2343 4387 2539 4446 credit.
2565 4402 2662 4440 eor
2703 4402 2864 4441 suum
2901 4388 3130 4439 omnino
3153 4388 3398 4441 extendit
3431 4390 3499 4441 ad

1891 4485 2063 4540 Deum
2085 4525 2098 4549 ,
2130 4487 2303 4555 el,;ut
2341 4482 2514 4550 ipsius
2540 4479 2708 4533 David
2737 4479 2918 4533 verbis
2942 4489 3087 4539 utar.
3122 4478 3348 4533 effundit
3382 4482 3502 4534 ani-

183 4569 281 4639 τήν
309 4568 493 4640 ψυχὴν
525 4568 693 4622 αὑτοῦ
725 4569 957 4622 ἐνώπιον
980 4569 1076 4621 τοῦ
1110 4568 1272 4623 Θεοῦ.
1323 4569 1384 4621 ’0
1411 4569 1467 4623 δὲ
1492 4570 1782 4629 ἀνατείνας

1898 4594 2040 4642 mam
2079 4591 2234 4632 suam
2276 4588 2462 4630 coram
2506 4570 2639 4633 Deo.
2689 4570 2792 4637 Qui
2854 4581 3039 4624 autent
3099 4572 3348 4626 extendit
3403 4590 3501 4627 cor

182 4669 282 4741 τήν
314 4670 551 4740 καρδίαν
594 4667 757 4721 αἰτοῦ
815 4669 950 4738 πρὸς
984 4668 1135 4733 Θεὸν,
1187 4668 1398 4739 ἥνωται
1439 4668 1635 4738 ἐκείνῳ
1687 4669 1782 4720 καὶ

183 4768 623 4838 ςτληροφορεῖται
670 4769 702 4838 ή
756 4767 956 4835 καρδία
1012 4767 1181 4820 αὐτοῦ
1251 4767 1779 4837 διαθερμαινομένη,

183 4863 267 4914 ὅτι
298 4860 548 4931 ἐπιτύχοι
584 4860 686 4928 τῆς
719 4861 1013 4931 αἰτήσεως.
1055 4861 1247 4923 Ὅστις
1277 4859 1370 4914 οὖν
1406 4861 1575 4913 ἔπαθε
1598 4859 1777 4923 τοῦτο,

256 5003 324 5035 ρι’
353 5002 719 5064 Ezeelr._x\'tt,
752 4999 806 5063 5,
839 5014 995 5070 sc‘l‘l-

1895 4687 2052 4727 suum
2088 4671 2155 4725 ad
2191 4669 2384 4732 Deum,
2409 4667 2600 4722 unitur
2633 4664 2732 4730 illi,
2775 4672 2830 4717 et
2871 4661 3230 4721 fervefactunt
3264 4682 3360 4721 cor
3381 4668 3500 4734 ejus

1895 4776 2144 4832 magnam
2176 4758 2562 4814 certitudinetn
2612 4757 2780 4809 sumit
2824 4755 2968 4824 quod
3007 4757 3114 4808 voti
3144 4755 3309 4828 235
3342 4772 3498 4813 com-

1892 4872 1992 4928 pos
2032 4855 2126 4908 fiat
2153 4871 2167 4908 :
2198 4852 2251 4906 id
2281 4849 2423 4919 quod
2460 4851 2670 4918 experti
2703 4850 2885 4902 sciunt
2909 4864 3123 4903 omnes.
3162 4852 3370 4920 Upittm‘
3399 4867 3495 4905 au-

1153 5091 1242 5156 Ex
1279 5090 1626 5152 collatione
1679 5089 1870 5151 codd.
1901 5089 2136 5148 Venet.
2187 5083 2255 5144 S.
2295 5078 2519 5141 Marci.

233 5223 347 5292 (78)
372 5222 509 5276 Cod.
524 5220 621 5292 9.6:
642 5221 774 5292 Οὐδὲ
791 5221 976 5292 χρῄζω
995 5221 1089 5289 τῆς
1104 5237 1168 5271 συ
1179 5216 1640 5292 μμαχίας-αῦῄτοῦ,
1651 5215 1787 5292 ἀλλὰ

187 5299 280 5349 καὶ
295 5287 441 5348 κατά
459 5287 801 5360 ὑψηλοτέραν
814 5287 844 5342 ’ἑ
855 5287 1071 5360 κδοχὴν,
1084 5287 1187 5359 τὴν
1203 5291 1236 5343 ἅ
1243 5308 1306 5357 με
1317 5305 1406 5339 σον
1423 5287 1606 5360 λαϐῴν
1620 5289 1647 5340 6
1663 5287 1788 5348 νοῦς

187 5369 326 5436 πρὸς
361 5357 743 5426 Θεὸνὲνωσιν,
769 5363 869 5431 τὴν
903 5357 1166 5414 τοῦνοεῖν
1196 5359 1339 5436 κοιτά
1360 5359 1521 5436 φύσιν
1551 5357 1786 5436 δύναμιν

187 5428 302 5506 ἔχει
332 5433 708 5506 σχολάζουσαν
741 5428 1061 5506 παδτςλῶς]
1098 5433 1260 5506 {lvi-’50!
1293 5429 1349 5481 δὲ
1377 5428 1582 5506 vom."
1608 5429 1784 5506 1.96:."

188 5495 472 5574 νῖἠσαξτι
513 5495 624 5555 τῶν
657 5505 794 5571 μετά
824 5504 957 5574 Θεδν
981 5543 994 5566 ,
1021 5495 1267 5574 διεκρίθη
1292 5499 1477 5574 τεκὼν
1511 5495 1610 5568 τὴν
1644 5499 1786 5574 ὑπὲρ

188 5569 374 5646 νόησιν
398 5576 617 5646 ἕνωσιν,
651 5569 773 5628 καθ’
795 5574 860 5643 ἣν
891 5573 997 5635 ἕως
1031 5574 1148 5646 ἐστὶ
1177 5572 1256 5646 τῷ
1282 5569 1400 5646 Θεῷ
1434 5569 1784 5646 σύνημμένος

185 5641 437 5716 ὡς’ὑπὲρ
483 5645 666 5711 φύσιν,
708 5641 906 5713 κα”ι⁷τῇ
965 5643 1182 5716 μεθέξει
1210 5643 1340 5716 θεδς
1371 5641 1739 5716 γεγενημένος
1765 5677 1779 5700 τ

190 5711 448 5786 καθάπερ
470 5718 592 5783 ὅρος
621 5711 1106 5786 exime/eatng
1141 5716 1230 5786 τὴν
1252 5715 1348 5783 τῆς
1371 5712 1587 5786 φύσεως
1615 5727 1781 5786 μετα-

190 5780 631 5857 τίθησιν’νόμον.
687 5780 794 5839 Καὶ
813 5787 912 5838 διὰ
943 5780 1313 5857 τοῦτο-ψέγω
1333 5782 1474 5857 ὑμῖν
1495 5821 1510 5843 ,
1552 5799 1606 5835 κ.
1639 5797 1688 5857 τ.

195 5882 214 5913 ι
263 5852 444 5929 Neque
473 5852 688 5926 indigeo
716 5858 833 5925 ejus
861 5858 1083 5922 auxilio,
1121 5854 1315 5909 Verum
1344 5867 1395 5907 et
1422 5853 1572 5922 juxta
1608 5852 1778 5906 subli-

487 5959 756 6020 Ρλτιιοι..
791 5956 910 6018 (in.
949 5952 1233 6016 CXXIII.

1892 5214 2117 5279 miorem
2153 5208 2586 5279 expositionem,
2623 5220 2774 5260 mens
2807 5221 2926 5274 quae
2953 5205 3329 5279 immediatatn
3365 5222 3490 5264 eum

1892 5276 2001 5337 Deo
2034 5276 2288 5335 unionem
2324 5281 2518 5332 sortita
2547 5288 2654 5348 est,
2689 5279 2851 5332 habet
2880 5277 3183 5330 naturalem
3216 5278 3491 5344 cogitandi

1890 5354 2202 5408 facultatem
2252 5352 2476 5405 omnino
2506 5350 2736 5402 otiosam
2768 5366 2780 5400 :
2811 5364 2934 5402 cum
2970 5363 3097 5400 vero
3123 5348 3260 5400 bane
3288 5348 3492 5408 dissol—

1887 5427 2062 5490 verit,
2099 5421 2378 5492 quidpiam
2425 5435 2612 5474 eorum
2645 5433 2770 5492 qua:
2816 5420 3116 5472 secundum
3159 5421 3324 5473 Deum
3363 5430 3493 5492 sunt

1883 5490 2152 5578 cogitans,
2187 5502 2443 5572 censetur
2475 5490 2752 5559 peperisse
2786 5504 2907 5578 etilli)
2936 5529 2950 5553 ,
2985 5505 3105 5558 quae
3138 5505 3301 5557 supra
3339 5491 3488 5556 rogi-

1886 5561 2146 5619 lationem
2172 5573 2276 5622 est.
2311 5562 2569 5615 unionem
2607 5578 2620 5613 :
2654 5561 2957 5614 secundum
2988 5575 3173 5628 quam,
3203 5573 3489 5628 quousque

1887 5631 1997 5690 Deo
2031 5636 2318 5704 conjuncta
2363 5629 2548 5704 fuerit,
2587 5630 2736 5704 velut
2771 5646 2934 5699 supra
2972 5639 3222 5684 naturam
3246 5647 3355 5704 ,rae
3393 5646 3491 5696 per

1887 5701 2364 5775 participationem
2419 5701 2829 5775 Dens‘relleclta,
2871 5711 3094 5775 naturae
3125 5718 3236 5754 sua:
3279 5703 3488 5775 legent,

1891 5771 2046 5899 animi
2073 5771 2313 5830 montem
2343 5772 2705 5840 immobilem,
2733 5771 3022 5829 transfert.
3055 5771 3344 5840 Propterea
3369 5772 3488 5825 dico

1893 5864 1951 5899 ro
1994 5863 2061 5899 ts.
2101 5863 2120 5898 ι
2153 5857 2259 5899 etc.

1893 5857 2061 5916 t‘oDts,
2101 5863 2120 5898 ι
2153 5857 2259 5903 clc.

3093 5937 3168 5998 20
