4028 6412
570 448 675 515 (23

1489 423 2067 493 THEOPHYLACTl
2112 416 2524 481 BULGARIIE
2564 410 2919 473 ARCHIE’P.

3715 397 3824 462 624

573 561 786 623 tradidit
824 554 1104 617 Romanis,
1133 562 1184 608 et
1216 548 1472 621 populum
1504 544 1786 601 collocavit
1825 541 1944 595 a‘iis
1992 536 2131 606 agri-
2168 548 2172 599 λ

2274 534 2392 598 ’ίῗς,
2421 530 2681 585 ἀπολέσει
2703 528 2829 587 τοὺς
2854 521 3157 594 γεωργοὺς,
3183 514 3464 589 παραδοὺς
3493 512 3693 575 αὐτοὺς
3716 516 3833 575 τοῖς

570 656 725 719 colis,
760 646 1011 720 apostolis
1048 644 1274 699 scilicet.
1320 640 1411 695 Vis
1457 640 1638 693 videre
1693 632 1965 703 quomodo
2009 643 2136 698 apo-

571 749 694 804 sluli
749 741 1014 800 coluerint
1056 736 1307 793 vineam?
1339 734 1480 805 Lege
1523 729 1730 785 librum
1765 726 2049 784 Actorum,
2087 730 2139 773 et

574 837 813 892 invenies
852 831 951 886 tria
986 827 1154 885 millia
1186 835 1240 881 et
1266 822 1504 894 quinque
1527 818 1693 875 millia
1726 814 1885 871 simul
1914 812 2138 868 credere

574 946 634 983 ac
676 926 858 983 oﬁerri
900 925 952 978 in
984 920 1252 992 primitias
1288 916 1415 971 Deo.

643 1183 809 1238 Vens.
850 1180 1032 1237 lli—l2.
1070 1198 1088 1232 t
1137 1177 1218 1233 An
1260 1192 1328 1231 ne
1358 1176 1496 1229 banc
1544 1172 1759 1243 quidem
1804 1167 2139 1237 Scripturan.

573 1276 811 1345 legistis?
839 1273 1089 1341 Lapidem
1136 1282 1296 1336 quem
1333 1266 1752 1335 reprpbarerunt
1784 1259 1819 1312 ii
1851 1260 1941 1329 qui
1970 1254 2140 1310 3‘.le-

575 1376 793 1434 cahant,
826 1369 912 1423 hic
961 1365 1135 1416 factus
1180 1369 1262 1413 est
1304 1360 1354 1411 in
1387 1366 1542 1421 caput
1586 1353 1765 1421 anguli
1804 1369 1815 1404 :
1850 1366 1877 1403 a
1920 1349 2146 1403 Domino

579 1469 751 1519 factus
779 1472 859 1517 est
896 1459 1002 1522 hic,
1035 1466 1087 1510 et
1131 1464 1215 1507 est
1260 1449 1608 1504 admirandus
1637 1448 1688 1500 in
1718 1444 1888 1499 oculis
1928 1442 2143 1497 nostris.

578 1562 641 1615 Et
682 1556 995 1627 qumrcbant
1041 1567 1161 1605 eum
1212 1544 1693 1615 comprehendere,
1742 1550 1796 1593 et
1838 1537 2149 1592 metuebant

580 1654 787 1706 turbam
825 1648 1108 1706 :sciehant
1148 1644 1288 1697 enim
1322 1638 1466 1709 quod
1516 1636 1776 1691 adversus
1817 1632 1961 1698 ipsos
1995 1642 2150 1695 para-

579 1745 754 1799 llolam
783 1741 1027 1795 dixisset.
1064 1736 1126 1789 Et
1156 1735 1340 1789 relicto
1371 1733 1460 1784 illo
1484 1729 1750 1781 abierunt.
1787 1744 1805 1776 ι
1840 1721 1945 1775 Per
1972 1719 2149 1775 omnia

581 1837 681 1889 ista
711 1830 947 1887 ostendit
973 1828 1175 1897 eiectos
1196 1823 1431 1887 Iudaeos,
1459 1829 1650 1888 gentes
1681 1825 1855 1869 autem
1882 1818 2148 1878 acceptas.

2260 626 2573 697 Ῥωμαίοις.
2606 623 2716 675 Kal
2746 621 2835 673 τὸν
2859 618 2988 671 λαὸν
3013 615 3294 669 ἐκδόσεται
3320 612 3504 673 ἀλλοις
3531 606 3831 678 γεωργοῖς,

2246 719 2495 805 τουτέστι
2553 717 2665 779 τοῖς
2710 710 3056 773 ἀποστόλοις.
3117 706 3303 768 Θέλεις
3361 704 3472 774 γὰρ
3525 701 3657 755 ίδετν
3708 696 3833 758 πῶς

2250 794 2606 881 ἐγεώργησαν
2639 807 2689 859 οξ
2712 803 3003 859 ἀπόστολοι
3024 800 3116 854 ταν
3139 796 3480 867 ἀμπελῶνα;
3522 785 3836 857 Ἀνάγνωθι

2246 879 2345 971 τήν
2376 879 2773 968 τῶνΠράξεων
2816 891 3019 965 βίϐλον,
3066 890 3160 943 καὶ
3187 888 3444 957 εὑρήσεις
3496 879 3837 954 τρισχιλίους

2249 996 2342 1047 καὶ
2370 988 2846 1059 πεντακισχιλίους
2874 982 3071 1053 ἀθρόον
3100 980 3460 1040 πιστεύοντας
3489 975 3585 1029 καὶ⁵
3613 987 3834 1043 καρπο-

2251 1086 2620 1158 φορουμένους
2644 1082 2723 1146 τῷ
2757 1078 2902 1147 Θεῷ.

2332 1150 2347 1228 ὲ
2401 1150 2535 1229 osse
2582 1173 2681 1243 τὴν
2730 1170 2951 1242 Γραφὴν
3000 1165 3205 1230 ταύτην
3243 1158 3551 1228 ἀνέγνωτε;
3594 1152 3757 1208 Λίθον
3778 1150 3841 1205 δν

2253 1242 2667 1337 ἀπεδοκίμασαν
2716 1262 2765 1315 οί
2817 1256 3247 1329 οἰκοδομοῦντες,
3283 1244 3439 1313 οὗτος
3483 1244 3722 1315 ἐγενήθη
3761 1242 3845 1305 είς

2255 1334 2499 1429 κεφαλὴν
2554 1354 2794 1425 γωνίας·
2832 1351 2986 1423 παρά
3035 1347 3243 1421 Κυρίου
3283 1342 3502 1411 ἐγένετο
3551 1337 3694 1406 αῦτη
3745 1334 3844 1388 καὶ

2256 1426 2370 1507 ἔστι
2404 1426 2693 1519 θαυμαστὴ
2723 1449 2781 1499 ὲν
2809 1442 3107 1511 ὀφθαλμοῖς
3132 1436 3309 1508 ήμῶν.
3343 1432 3456 1487 Kal
3484 1426 3713 1500 ἐζήτουν
3740 1426 3845 1478 αὐ-

2256 1545 2343 1599 τὸν
2378 1542 2669 1613 κρατῆσαι.
2700 1542 2793 1589 καὶ
2829 1532 3176 1603 ἐφοϐήθησαν
3214 1527 3304 1581 τὸν
3341 1522 3518 1594 ὄχλον.
3556 1521 3847 1587 Ἔγνωσαν

2256 1637 2365 1707 γάρ
2393 1609 2475 1689 ὅτι
2499 1609 2634 1704 πρὸς
2663 1629 2861 1690 αὐτοὺς
2887 1627 2986 1691 τὴν
3018 1618 3340 1692 παραϐολὴν
3364 1611 3506 1669 εἷπε,
3531 1613 3646 1666 Καὶ
3674 1609 3847 1677 ἀφέν-

2257 1700 2349 1791 τες
2385 1700 2569 1787 αὑτὸν,
2607 1720 2876 1790 ἀπῆλθον.
2916 1737 2932 1767 ι
2970 1714 3069 1767 Διά
3102 1713 3320 1767 πάντων
3359 1705 3565 1760 τούτων
3606 1700 3849 1757 δείκνυσι

2258 1820 2384 1882 τοὺς
2454 1818 2552 1887 μὲν
2628 1812 2917 1872 Ἰουδαίους
2973 1802 3415 1875 ἀποϐληθέντας,
3474 1798 3543 1851 τὰ
3597 1794 3655 1847 δὲ
3688 1791 3849 1869 -ηέθνη

584 1926 742 1994 Lapis
763 1922 926 1992 236
953 1885 1093 1973 enim
1132 1916 1240 1982 ille,
1272 1885 1524 1969 Dominus
1553 1929 1564 1964 :
1596 1908 1924 1963 aediﬁcantes
1952 1910 2153 1961 autem,

2274 1885 2683 1982 ιτροσδε-χθέντα.
2715 1902 2876 1965 Λίθος
2911 1898 3011 1971 μὲν
3037 1896 3145 1968 γὰρ
3184 1893 3346 1956 αὐτὸς
3379 1893 3408 1945 ό
3434 1890 3663 1959 Κύριος,
3694 1885 3847 1938 οίκο-

583 2020 831 2072 doctores
848 2012 1049 2083 populi.
1065 2009 1231 2076 Quem
1252 2007 1413 2074 igitur
1448 2004 1865 2073 reprobaverunt
1882 1997 2152 2054 doctores,

584 2110 672 2165 ille
718 2110 769 2162 in
808 2116 970 2175 caput
1016 2101 1194 2173 anguli
1229 2101 1406 2156 factus
1439 2104 1541 2152 est.
1580 2095 1752 2163 Caput
1792 2092 1936 2147 enim
1974 2087 2158 2143 Eccle-

583 2207 676 2258 sia:
700 2202 875 2257 factus
902 2207 1002 2254 est.
1031 2196 1271 2268 Angulus
1298 2194 1441 2251 enim
1467 2189 1734 2253 Ecclesia,
1760 2201 1878 2257 qua:
1901 2185 1961 2238 in
1991 2197 2155 2236 unum

584 2294 860 2364 coniungit
910 2291 1124 2347 Judrcos
1182 2296 1236 2343 et
1291 2284 1564 2355 gentiles:
1607 2276 2059 2351 quemadmodum
2107 2282 2162 2325 et

589 2389 818 2460 angulus
839 2384 977 2439 duos
1009 2382 1242 2452 parietes
1270 2378 1410 2431 inter
1435 2391 1493 2430 se
1523 2372 1832 2429 committit.
1866 2368 2037 2439 Igitur
2060 2366 2162 2420 iSIe

590 2456 843 2554 angulus,
892 2478 990 2531 hoc
1040 2484 1125 2528 est
1170 2471 1429 2532 Ecclesia,
1483 2483 1510 2519 a
1566 2466 1792 2519 Domino
1868 2460 2062 2515 factus.
2098 2456 2163 2509 Et

587 2550 961 2629 est—mirabilis
1007 2566 1059 2619 in
1112 2573 1420 2617 nostrorum
1470 2557 1704 2612 ﬁdelium
1740 2552 1931 2609 oculis.
1966 2552 2045 2605 Ab
2078 2550 2162 2602 in-

593 2648 841 2715 ﬁdelibus
873 2657 1015 2711 enim
1052 2651 1307 2706 miracula
1354 2646 1679 2703 calumniam
1716 2642 2012 2713 patiuntur.
2062 2637 2163 2690 Mi-

593 2750 778 2805 rabilis
798 2757 883 2801 est
914 2745 1076 2813 igitur
1110 2738 1369 2799 Ecclesia,
1400 2734 1551 2805 quasi
1579 2747 1643 2787 ex
1669 2727 1941 2783 miraculis
1965 2726 2164 2778 consti-

594 2851 731 2904 tuta,
771 2836 995 2890 Domino
1044 2836 1372 2899 cooperante
1430 2821 1709 2892 apostolis,
1762 2827 1817 2871 et
1863 2826 2167 2871 sermonem

594 2930 949 2987 conﬁrmante
977 2939 1072 2994 per
1100 2920 1377 2991 sequentia
1410 2915 1581 2987 signa.

666 3213 835 3271 Vna.
872 3207 1058 3264 ιλιι.
1101 3225 1119 3257 ι
1164 3204 1227 3259 Et
1268 3204 1489 3257 mittunt
1536 3198 1603 3254 ad
1652 3194 1797 3249 illum
1842 3190 2100 3259 quosdam
2142 3203 2171 3241 e

598 3304 887 3365 fharisaiis
906 3309 960 3356 et
986 3296 1328 3361 Herodianis,
1354 3304 1410 3347 ut
1436 3306 1559 3347 eum
1593 3294 1878 3355 captarent
1901 3294 2171 3337 sermone.

601 3399 678 3455 Illi
711 3410 838 3451 vero
865 3408 987 3450 cum
1030 3390 1323 3451 venissent,
1364 3386 1552 3440 dicunt
1585 3381 1634 3438 ei
1671 3399 1683 3435 :
1722 3378 2049 3444 Praeceptor,
2072 3371 2176 3428 sci-

602 3507 724 3547 mus
757 3488 898 3561 quod
930 3497 1095 3541 verax
1129 3496 1207 3546 es,
1239 3488 1295 3535 et
1330 3494 1433 3532 non
1470 3489 1628 3530 curas
1659 3482 1985 3541 quemquam
2019 3484 2033 3519 :
2072 3478 2176 3518 non

604 3583 747 3636 enim
773 3560 996 3648 respicis
1025 3586 1309 3643 personam
1342 3568 1639 3629 hominum,
1674 3562 1765 3618 sed
1797 3578 1920 3617 cum
1954 3560 2179 3614 veritate

605 3672 748 3726 viam
778 3668 872 3724 Dei
905 3668 1083 3721 doces.
1114 3663 1265 3717 Licet
1297 3675 1513 3714 celtsum
1542 3656 1668 3709 dare
1693 3654 2004 3716 Caesari,'an
2035 3649 2181 3703 non?

606 3758 821 3823 demus,
847 3772 912 3811 an
954 3770 1058 3809 non
1094 3750 1324 3807 demus?
1353 3749 1441 3804 Ille
1481 3762 1611 3803 vero
1648 3746 1825 3801 sciens
1865 3744 2075 3798 illorum
2109 3742 2183 3796 si—

608 3850 980 3909 mulationem,
1022 3844 1159 3897 dixit
1189 3841 1295 3895 illis
1331 3856 1345 3891 :
1378 3839 1516 3905 Quid
1564 3853 1649 3891 me
1689 3832 1947 3889 tentatis?
1982 3830 2184 3885 Aﬁ‘erte

611 3943 741 3997 mihi
778 3938 1081 4000 denarium,
1128 3946 1184 3987 ιιι
1226 3934 1459 3987 videam.
1495 3932 1570 3984 Illi
1602 3942 1732 3984 vero
1776 3925 2089 3981 attulerunt.
2120 3922 2185 3976 Et

609 4033 741 4087 dicit
769 4030 844 4084 eis
882 4045 894 4082 :
933 4026 1098 4093 Cujus
1136 4036 1221 4079 est
1277 4025 1452 4091 imago
1509 4024 1621 4075 haec
1668 4030 1721 4074 et
1754 4015 2073 4088 inscriptio?
2104 4014 2183 4069 llli

611 4134 791 4180 autem
825 4123 1082 4176 dixerunt
1135 4119 1220 4172 ei:
1270 4115 1521 4171 Caesaris.
1558 4114 1621 4169 Et
1644 4111 1972 4179 respondens
2007 4108 2184 4171 Jesus,

613 4220 750 4271 dixit
803 4214 906 4267 illis
941 4230 954 4266 :
995 4210 1222 4267 Reddite
1258 4222 1375 4274 quae
1409 4214 1532 4260 sunt
1576 4203 1829 4266 Cmsaris,
1856 4201 2056 4256 (ἐπειτὶ
2093 4208 2189 4253 :ct

609 4325 732 4379 quae
756 4319 884 4361 sunt
924 4304 1040 4369 Dei,
1074 4306 1212 4368 Deo;
1245 4311 1300 4359 et
1338 4299 1586 4353 admirati
1614 4306 1738 4351 sunt
1765 4296 1829 4349 de
1860 4308 1944 4348 eo.
1988 4310 2005 4343 ι
2040 4290 2186 4345 Dixi-

2263 1975 2555 2073 δομοῦντες
2581 1998 2658 2063 δὲ,
2693 1997 2741 2049 οἱ
2776 1993 3089 2050 διδάσκαλοι
3122 1987 3217 2043 τοῦ
3260 1985 3414 2041 λαοῦ.
3475 1982 3577 2037 ’ον
3622 1975 3716 2034 οῦν
3745 1981 3856 2033 άπ-

2263 2070 2593 2164 εδοκίμασαν
2625 2080 2679 2143 οῐ
2714 2087 3046 2151 διδάσκαλοι,
3074 2074 3231 2144 οὗτος
3261 2079 3341 2143 είς
3376 2074 3624 2147 κεφαλὴν
3648 2070 3858 2142 γωνίας

2266 2189 2501 2256 ὶγένετο,
2546 2183 2760 2253 κεφαλὴ
2807 2180 2908 2251 τῆς
2951 2174 3279 2246 Ἐκκλησίας
3326 2170 3641 2242 γενόμενος.
3675 2165 3861 2220 Γωνία

2267 2280 2377 2351 γᾴρ
2420 2280 2454 2349 ή
2510 2274 2829 2344 Ἐκκλησία,
2871 2273 2947 2335 ὡς
3003 2268 3353 2323 συνάπτουσα
3392 2262 3489 2317 καὶ
3536 2256 3865 2315 ἑνοποιοῦσα

2270 2371 2477 2433 πάντας
2515 2367 2804 2428 Ἰουδαίους
2831 2366 2925 2417 καὶ
2957 2361 3249 2432 Ἕλληνας,
3276 2358 3469 2427 ὥσπερ
3492 2354 3587 2409 καὶ
3612 2356 3647 2425 ή
3683 2351 3867 2422 γωνία

2269 2461 2362 2514 δύο
2383 2459 2597 2529 τοίχους
2620 2457 2869 2526 ἀλλήλοις
2920 2453 3202 2513 συνάπτει,
3237 2445 3602 2520 μεσιτεύουσα
3626 2442 3867 2514 ἀμφοῖν.

2270 2549 2421 2620 Αὕτη
2452 2549 2509 2603 δὲ
2550 2550 2581 2618 ή
2628 2547 2820 2615 γωνία,
2850 2545 2970 2616 ήτοι
3018 2546 3051 2611 ἡ
3108 2536 3433 2608 Ἐκκλησία,
3468 2532 3621 2604 παρὰ
3650 2530 3870 2602 Κυρίου

2275 2643 2514 2711 ἐγένετο,
2589 2642 2683 2693 καὶ
2733 2639 2847 2691 ἐστι
2904 2632 3191 2704 θαυμαστὴ
3243 2633 3301 2684 ὲν
3352 2627 3652 2698 ὀφθαλμοῖς
3703 2623 3871 2695 ήμῶν

2273 2738 2383 2789 τῶν
2425 2732 2653 2786 πιστῶν.
2702 2732 2826 2792 Τοῖς
2875 2729 2981 2798 γὰρ
3056 2727 3306 2788 ἀπίστοις
3352 2722 3447 2776 καὶ
3490 2719 3559 2773 τὰ
3595 2716 3873 2787 θαύματα.

2276 2826 2671 2881 ὁιαϐάλλονται.
2713 2821 3016 2889 Θαυμαστὴ
3056 2817 3233 2872 τοίνυν
3268 2817 3302 2886 ἢ
3346 2808 3663 2881 Ἐκκλησία,
3693 2806 3771 2870 ὡς
3803 2807 3873 2859 ὲκ

2280 2918 2577 2988 θαυμάτων
2610 2917 2873 2978 συστᾶσα,
2924 2911 3020 2965 τοῦ
3061 2910 3268 2981 Κυρίου
3320 2901 3712 2975 συνεργοῦντος
3752 2900 3872 2960 τοῖς

2279 3010 2600 3072 ἀποστόλοις
2642 3008 2735 3061 καὶ
2782 3008 2873 3059 τὸν
2923 3006 3082 3073 λόγον
3118 2999 3468 3075 βεϐαιοῦντος
3500 2995 3589 3049 διὰ
3621 2993 3733 3048 τῶν
3765 2993 3873 3046 ἔπ-

2282 3098 2723 3155 ακολουθούντων
2750 3098 3013 3166 σημείων.

2362 3208 2379 3241 ι
2422 3190 2533 3243 Καὶ
2571 3185 2966 3241 ἀποστέλλουσι
3008 3182 3145 3253 πρὸς
3177 3178 3341 3235 αὐτόν
3374 3194 3526 3241 τινας
3560 3174 3669 3229 τῶν
3697 3173 3876 3243 Φαρι-

2284 3284 2453 3336 σαίων
2484 3283 2579 3335 καὶ
2624 3279 3000 3348 Ἦρωδιανῶν,
3037 3276 3126 3330 ῐνά
3168 3273 3333 3329 αὐτὸν
3360 3270 3675 3343 ἀγρεύσωσι
3700 3266 3872 3337 λόγῳ.

2283 3376 2346 3430 Ol
2372 3375 2427 3427 δὲ
2458 3373 2727 3434 ἐλθόντες,
2757 3370 3008 3437 λέγουσιν
3050 3366 3198 3437 αὑτῷ
3219 3383 3235 3399 ο
3296 3361 3616 3426 Διδάσκαλε,
3646 3357 3877 3428 οἴδαμεν

2282 3466 2363 3520 ὅτι
2397 3462 2603 3533 ἀληθὴς
2636 3459 2704 3527 εἷ,
2736 3461 2829 3514 καὶ
2860 3462 2919 3513 οὐ
2949 3459 3101 3529 μέλει
3134 3474 3217 3511 σοι
3243 3455 3372 3526 περὶ
3402 3453 3637 3515 οὐδενός·
3673 3450 3735 3502 οὐ
3764 3448 3877 3518 γάρ

2287 3557 2507 3629 βλέπεις
2538 3558 2617 3616 εἰς
2656 3554 2950 3623 πρόσωπον
2981 3550 3309 3621 ἀνθρώπων,
3339 3546 3456 3600 ἀλλ’
3490 3545 3578 3597 ἐπ’
3612 3540 3879 3611 ἀληθείας

2289 3650 2388 3719 τήν
2410 3648 2530 3700 ὁδὸν
2547 3646 2641 3697 τοῦ
2669 3644 2803 3697 Θεοῦ
2829 3643 3125 3703 διδάσκεις.
3156 3639 3377 3706 Ἔξεστι
3406 3636 3603 3708 κῆνσον
3634 3632 3879 3702 Καίσαρι

2286 3741 2492 3806 δοῦναι,
2523 3738 2556 3808 ή
2587 3737 2648 3789 οῦ
2674 3756 2686 3802 ;
2719 3736 2918 3805 δῶμεν,
2961 3735 2994 3805 ἢ
3027 3733 3102 3803 μὴ
3133 3732 3312 3802 δῶμεν
3338 3748 3353 3796 ;
3391 3730 3451 3783 '0
3480 3729 3560 3792 δὲ,
3591 3725 3749 3790 είδὼς
3780 3726 3885 3779 αὐ-

2286 3835 2396 3889 τῶν
2423 3833 2521 3905 τὴν
2553 3831 2874 3899 ὑπόκρισιν,
2905 3823 3059 3880 εἶπεν
3104 3825 3287 3887 αὐτοῖς
3308 3840 3322 3855 °
3358 3822 3424 3876 Τί
3452 3839 3519 3891 με
3546 3818 3880 3889 πειράζετες

2286 3926 2487 3995 Φέρετέ
2519 3941 2608 3993 μοι
2658 3921 2914 3989 δηνάριον
2972 3919 3061 3971 ἵνα
3111 3916 3235 3969 ῐδωο
3278 3914 3327 3967 οἱ
3374 3914 3430 3967 δὲ
3477 3913 3737 3982 ήνεγκαν.
3767 3912 3882 3964 Kal

2288 3992 2434 4087 λέγει
2460 3992 2642 4077 αυτοῖς
2668 4032 2680 4045 ·
2719 4014 2933 4083 Ύίνοςή
2966 4010 3129 4063 εἰκὼν
3171 4010 3336 4079 αὕτη,
3369 4009 3459 4061 καὶ
3498 4008 3529 4077 ή
3562 4005 3881 4075 ὲπιγραφή;
3983 3992 3985 4055 ί

2291 4086 2441 4165 ora:
2475 4105 2627 4161 εἷπον
2652 4106 2821 4173 αὐτῷ,
2865 4104 3170 4173 Καίσαρος.
3212 4101 3322 4153 Καὶ
3357 4098 3728 4168 ἀποκριθεὶςό
3776 4096 3884 4166 Ἰη-
3984 4086 3985 4093 “

2295 4202 2417 4265 σοῦς
2452 4198 2603 4253 εἶπεν
2656 4198 2867 4257 αὐτοῖς·
2917 4194 3166 4249 Ἀπόδοτε
3198 4192 3265 4247 τὰ
3308 4190 3585 4262 Καίσαρος
3617 4188 3884 4260 Καίσαρι,
3984 4248 3985 4255 κ

2294 4296 2390 4349 καὶ
2452 4294 2519 4346 τὰ
2574 4289 2668 4345 τοῦ
2723 4289 2858 4342 Θεοῦ
2919 4287 2995 4358 τῷ
3048 4286 3168 4356 Θεῷ
3207 4302 3219 4315 ·
3263 4286 3357 4339 καὶ
3415 4284 3738 4353 ἐθαύμασαν
3796 4281 3885 4335 ἐπ’
3984 4275 3985 4279 “

617 4417 736 4456 tuus
767 4389 931 4453 etiam
969 4396 1099 4449 alias
1125 4395 1189 4448 de
1224 4390 1566 4455 Herodianis,
1595 4386 1736 4457 quod
1772 4385 1933 4441 fuerit
1970 4382 2172 4437 haeresi:

2296 4386 2461 4457 αὐτῷ.
2507 4405 2525 4436 ι
2574 4384 2811 4451 Εἴπομεν
2841 4382 2935 4433 καὶ
2967 4380 3156 4433 ἄλλοτε
3190 4380 3320 4448 περὶ
3357 4376 3468 4429 τῶν
3510 4373 3881 4448 Ἦρωδιανῶν,

615 4492 856 4562 quaedam
905 4500 1032 4543 tunc
1065 4500 1233 4556 nuper
1273 4495 1391 4539 orta
1429 4481 1742 4542 dicentium,
1777 4477 2040 4533 llerodem
2067 4490 2172 4529 esst

2296 4482 2377 4533 ὅτι
2407 4476 2620 4546 αἵρεσίς
2668 4493 2748 4537 τις
2778 4470 2845 4545 ἦν
2890 4471 3157 4541 νεοφανὴς
3194 4470 3300 4524 τῶν
3332 4467 3601 4537 λεγόντων
3645 4465 3887 4534 Χριστὸν
3983 4459 3985 4464 “

614 4556 915 4644 Christum,
953 4594 1017 4633 eo
1066 4578 1207 4647 quod
1239 4575 1293 4627 in
1346 4572 1679 4641 temporibus
1718 4569 1863 4624 illius
1900 4566 2172 4621 defecisset

2300 4570 2438 4627 εἶναι
2474 4572 2564 4625 τὸν
2606 4569 2853 4639 Ἡρώδην
2879 4566 2969 4619 διὰ
2995 4567 3054 4619 τὸ
3076 4568 3132 4616 ἐν
3156 4565 3266 4627 τοῖς
3296 4562 3509 4633 χρόνοις
3541 4557 3709 4614 αὐτοῦ
3733 4556 3884 4611 έκλι-

618 4672 894 4725 Sueccssiu
922 4682 1106 4735 regum
1133 4664 1504 4718 Judaicorum.
1536 4662 1641 4714 Alii
1667 4673 1845 4714 autem
1874 4659 2050 4712 dicunt
2078 4656 2186 4712 He-

2295 4668 2416 4719 πείν
2447 4665 2548 4726 τὰς
2582 4662 2834 4729 διαδοχάς
2878 4657 2987 4710 τῶν
3034 4654 3346 4709 Ἰουδαϊκῶν
3376 4652 3663 4725 βασιλέων.
3699 4650 3888 4703 ’Δλλοι
3984 4652 3985 4709 ξ

622 4767 872 4815 toiltzttttts
900 4762 999 4813 huc
1031 4762 1147 4813 loco
1186 4758 1357 4811 dictos
1392 4769 1512 4809 esse
1543 4754 1740 4807 milites
1772 4750 2022 4813 Herodis,
2057 4763 2172 4817 quo:

2295 4754 2351 4809 δέ
2395 4770 2559 4822 φασιν
2603 4748 2968 4820 Ἡρωδιανοὺς
3003 4746 3238 4801 ἐνταῦθα
3269 4744 3539 4815 λέγεσθαιι
3559 4743 3686 4808 τοὺς
3716 4759 3888 4814 στρα-
3984 4734 3985 4751 ¹

622 4854 875 4907 Pharisaei
938 4853 988 4903 in
1036 4860 1201 4905 testes
1248 4862 1433 4903 eorum
1488 4860 1608 4915 quae
1651 4843 1905 4897 Christus
1952 4842 2172 4894 dicturu:

2295 4844 2497 4908 τιώτας
2529 4841 2624 4896 τοῦ
2663 4840 2926 4912 Ἡρώδου,
2956 4838 3050 4903 οὒς
3079 4838 3477 4909 προσελάϐοντο
3501 4837 3552 4890 οἱ
3579 4836 3888 4905 Φαρισαῖοι,
3984 4844 3985 4901 ς

622 4958 758 5009 erat,
792 4954 1092 5007 assumunt,
1126 4953 1181 4997 ut
1204 4946 1601 5010 consequenter
1639 4936 2104 5004 comprehendant
2135 4933 2197 4985 il-

626 5041 731 5091 hnn
786 5046 839 5091 et
888 5038 1175 5090 abducant.
1233 5033 1365 5088 Vide
1417 5045 1593 5087 autem
1650 5030 1906 5083 malitiam
1960 5027 2193 5089 illorum,

626 5146 790 5200 quom
832 5132 900 5183 do
952 5128 1261 5181 adulatione
1316 5135 1524 5179 tentent
1583 5124 1829 5191 decipere
1887 5120 2195 5174 Dominum.

630 5229 865 5288 Srimus,
894 5223 1098 5282 dicunt,
1133 5220 1275 5287 quod
1300 5232 1403 5270 non
1440 5216 1661 5286 respicis
1694 5228 1981 5284 personant
2026 5210 2201 5264 homi-

632 5334 781 5379 num,
814 5327 866 5369 et
896 5317 965 5369 ita
998 5327 1172 5382 neque
1198 5311 1466 5367 Caesarem
1502 5310 1787 5363 revereris.
1819 5306 2013 5361 Totum
2052 5307 2201 5360 enim

633 5412 734 5463 hoc
776 5406 1057 5460 artiﬁcium
1100 5414 1217 5460 erat
1250 5404 1503 5471 utrinque
1532 5402 1735 5457 habens
1772 5400 2108 5469 prmcipitia:
2148 5410 2202 5452 ut

630 5501 675 5554 si
700 5499 910 5568 quidem
938 5499 1137 5552 diceret
1163 5498 1303 5567 quod
1330 5497 1487 5551 liceat
1519 5495 1646 5548 dare
1678 5494 1877 5549 Caesari
1919 5495 2176 5568 tributum

632 5602 925 5660 arguerent
954 5607 1074 5645 eum
1106 5592 1245 5659 apud
1280 5591 1553 5660 pupulum,
1590 5599 1841 5656 tanquam
1887 5558 1977 5657 ῳῘί
2020 5602 2116 5640 eos
2151 5586 2201 5638 in

634 5682 950 5736 servitutem
979 5682 1278 5751 redigeret:
1305 5683 1385 5737 sin
1410 5682 1613 5735 diceret
1635 5697 1740 5735 non
1767 5677 2201 5749 persolvcndum,

638 5772 959 5827 accusarent
996 5787 1119 5827 cum
1150 5783 1205 5825 ut
1245 5774 1308 5827 ad
1344 5772 1662 5827 seditionem
1698 5772 1947 5840 populum
1986 5785 2206 5824 moveu-

642 5874 748 5917 tcm
773 5871 957 5916 contra
976 5861 1263 5918 Caesarem.
1288 5863 1352 5916 At
1377 5864 1495 5918 fons
1517 5860 1798 5931 sapientia:
1820 5861 1970 5915 dolos
1992 5859 2204 5916 illorum

2296 4938 2444 4989 ὼσάν
2508 4934 2783 5005 μάρτυρες
2839 4926 2941 4986 ὦσι
2996 4931 3115 4984 τῶν
3162 4929 3583 5002 λεχθησομένων
3636 4928 3742 4980 ὑπὸ
3794 4925 3887 4979 τοῦ

2299 5027 2558 5100 Χριστοῦ,
2605 5028 2699 5081 καὶ
2764 5025 2952 5079 λοιπὸν
3005 5023 3345 5080 συλλάϐωσιν
3388 5021 3575 5087 αὐτὸν,
3634 5020 3729 5073 καὶ
3782 5020 3893 5072 ἀπ-
3983 5026 3985 5043 ‘

2302 5123 2603 5190 ἀγάγωσιν.
2638 5120 2783 5191 Ὅρα
2807 5118 2865 5171 δὲ
2886 5116 2985 5187 τὴν
3015 5114 3346 5186 κακοήθειαν
3368 5112 3569 5178 αὐτῶν,
3603 5111 3721 5174 πῶς
3756 5111 3894 5180 μετά

2302 5215 2591 5277 κολακείας
2633 5214 2935 5283 πειρῶνται
2968 5211 3309 5279 ἐξαπατῆσαι
3339 5210 3430 5262 τὸν
3468 5207 3694 5279 Κύριον.
3732 5206 3893 5259 Οἶδα·
3983 5191 3985 5199 4

2310 5328 2409 5381 μεν
2447 5313 2529 5364 ὅτι
2574 5308 2637 5361 οῦ
2683 5307 2903 5378 βλέπεις
2948 5309 3028 5369 είς
3076 5306 3365 5377 πρόσωπον
3397 5302 3715 5373 ἀνθρώπου,
3752 5298 3893 5352 ὥστε

2304 5402 2422 5455 οὐδὲ
2469 5399 2559 5453 τὸν
2621 5398 2881 5468 Καίσαρα
2922 5397 3292 5467 εὐλαϐηθήσ-ῃ.
3340 5395 3414 5448 Τὸ
3460 5394 3579 5447 ὅλον
3636 5392 3694 5444 δὲ
3737 5390 3893 5443 τοῦτο

2248 5514 2254 5523 κ
2304 5493 2585 5562 τέχνασμα
2615 5488 2703 5562 ἦν,
2744 5489 3140 5561 ἀμφοτέρωθεν
3179 5490 3300 5559 ἔχον
3354 5487 3654 5559 κρημνοὺς,
3686 5485 3772 5537 ἵνα
3798 5484 3892 5534 ἐάν

2309 5585 2407 5652 μὲν
2438 5585 2566 5653 εῐπη
2593 5584 2676 5636 ὅτι
2716 5582 2895 5647 ἔξεστι
2927 5580 3104 5635 τελείν
3134 5581 3212 5648 τῷ
3242 5581 3506 5647 Καίσαρι,
3536 5575 3893 5631 διαϐάλλωσιν
3983 5568 3985 5593 λ

2307 5674 2469 5728 αὑτὸν
2494 5674 2627 5745 πρὸς
2652 5674 2744 5725 τὸν
2770 5673 2951 5743 δχλον,
2974 5672 3052 5736 ὼς
3076 5670 3512 5725 καταδουλοῦντα
3538 5668 3727 5723 αὐτοῦ·
3770 5669 3814 5719 εἰ
3840 5668 3891 5719 δὲ
3984 5660 3985 5665 “

2312 5767 2388 5839 μὴ
2432 5768 2607 5820 τελεῖν
2639 5765 2790 5839 εἴπῃ,
2838 5770 3296 5837 κατηγορήσωσιν
3328 5764 3515 5829 αὑτοῦ,
3549 5765 3624 5827 ὡς
3659 5764 3891 5817 ἀναστα·
3984 5758 3985 5783 ³

2309 5862 2526 5924 τοῦντος
2560 5862 2652 5914 τὸν
2701 5862 2829 5917 λαὸν
2886 5864 3026 5915 κατά
3073 5861 3167 5915 τοῦ
3210 5860 3505 5929 Καίσαρος.
3554 5858 3692 5912 ’Δλλ⁹
3732 5862 3764 5930 ἡ
3798 5860 3890 5928 τῆς
