4028 6438
185 395 275 460 625

873 396 1320 459 ENARRATIO
1361 394 1445 456 1N
1483 393 1987 458 EVANGELIUM
2025 394 2285 456 MARCI.
2309 420 2379 432 --
2415 393 2574 456 CAP.
2621 392 2767 455 XII.

3343 397 3452 463 626

189 508 355 578 σοφίας
401 509 554 580 πηγὴ
599 509 859 579 ἐκφεύγει
903 511 1032 573 τοὺς
1101 509 1284 573 δόλους
1329 509 1532 563 αὐτῶν.
1592 508 1747 564 Ἐπιο

1856 506 2053 562 t-vadit.
2081 504 2365 563 Ostendite
2395 508 2548 576 milii,
2578 509 2775 578 inquit,
2807 506 3101 564 numisma.
3131 509 3268 566 Cum
3302 517 3451 568 enim

183 602 368 668 δείξατε
397 603 507 676 γάρ
541 619 653 673 μοι,
689 605 846 673 φησὶ,
877 604 938 659 τὸ
956 605 1218 676 νόμισμα..
1273 602 1418 658 ’ἰδὼν
1463 603 1520 657 δὲ
1553 603 1637 657 δτι
1667 605 1718 657 εί

184 696 294 747 κόνει
320 696 431 767 ἔχει
460 695 555 750 τοῦ
583 697 886 768 Καίσαρος,
919 698 1107 766 φησὶν,
1136 698 1388 752 Ἀπόδοτε
1417 697 1479 750 τὸ
1497 698 1621 768 ἔχον
1650 695 1751 767 τὴν

181 787 363 852 εἰκόνα,
393 787 470 860 τῷ
493 789 903 861 είκονιζομένῳ,
929 789 1179 843 τουτέστι
1233 788 1311 860 τῷ
1341 790 1619 858 Καίσαρι,
1653 789 1754 843 καὶ

180 883 237 934 τὰ
293 879 426 936 Θεοῦ
465 882 544 955 τῷ
590 882 731 954 Θεῷ,
769 883 1071 948 τουτέστιν,
1101 883 1253 937 οὐδὲν
1291 883 1587 953 ἐμποδίζει,
1620 884 1751 954 ὑμῖν

182 972 302 1044 πρὸς
354 971 667 1028 θεοσέϐειαν
723 975 784 1029 τὸ
837 975 1014 1029 τελεῖν
1059 973 1138 1044 τῷ
1181 973 1445 1045 Καίσαρι.
1504 973 1748 1030 Δύνασθε

178 1067 271 1136 γὰρ
301 1065 394 1120 καὶ
426 1066 504 1137 τῷ
538 1067 781 1138 Κεαίσαρι
815 1068 1118 1130 ὑποτελεῖν,
1151 1073 1247 1120 καὶ
1277 1065 1356 1135 τῷ
1406 1066 1529 1136 Θεῷ
1569 1069 1638 1121 τὰ
1672 1069 1751 1121 οξ-

175 1161 282 1212 κεῑα
305 1159 509 1229 νέμειν.
563 1162 786 1231 Καῖσαρ
838 1159 896 1215 δέ
943 1162 1093 1214 ἐστιν
1126 1161 1344 1230 ἑκάστῳ
1383 1159 1543 1230 ἡμῶν
1581 1162 1676 1214 καὶ
1713 1161 1748 1233 ἡ

171 1250 256 1303 τοῦ
292 1251 543 1322 σώματος
595 1252 969 1322 ἀπαραίτητος
1013 1252 1250 1322 ἀνάγκη.
1308 1251 1540 1305 Κελεύει
1589 1248 1684 1306 οὖν
1720 1256 1749 1306 6

176 1343 368 1413 Κύριος
392 1344 707 1401 ἀποδιδόναι
731 1347 824 1398 καὶ
844 1343 922 1414 τῷ
953 1343 1255 1414 σώματιτά
1276 1346 1454 1398 οίκεῖα
1482 1343 1749 1415 βρώματα

171 1437 255 1488 καὶ
298 1438 571 1504 ἀναγκαῖα
629 1437 1021 1506 σκεπάσματα,
1075 1436 1172 1491 καὶ
1225 1435 1298 1490 τὰ
1346 1435 1443 1489 τοῦ
1497 1432 1635 1489 Θεοῦ
1672 1435 1748 1507 τῷ

167 1526 295 1596 Θεῷ,
360 1528 674 1596 ἀγρυπνίαν
696 1528 1057 1600 ἐνδεχομένην
1077 1529 1411 1599 προσευχὴν,
1437 1527 1531 1581 καλ¹
1551 1523 1746 1584 τᾶλλα.

173 1619 325 1673 ’Λλλά
351 1621 443 1672 καὶ
476 1618 555 1689 τῷ
576 1619 834 1691 διαϐόλῳ,
884 1611 1126 1690 Καίσαρι
1177 1620 1312 1686 δντι,
1345 1620 1652 1692 ἀπόρριψον
1678 1619 1748 1674 τά

166 1709 286 1780 παρ’
322 1711 484 1764 αὑτοῦ
536 1729 618 1765 σοι
651 1711 892 1776 δοθέντα,
946 1712 1143 1782 θυμὸν,
1200 1711 1501 1782 ἐπιθυμίαν
1543 1711 1743 1782 κακὴν,

163 1804 246 1856 καὶ
274 1803 341 1855 τα
371 1802 465 1856 τοῦ
489 1803 649 1869 Θεοῦ,
674 1805 1010 1875 προσένεγκε
1037 1803 1115 1874 τῷ
1154 1803 1295 1874 Θεῷ.

1856 601 2076 656 vidisset
2125 601 2272 672 qttod
2323 602 2612 672 imaginem
2674 601 2900 658 haberet
2949 602 3205 671 Caesaris,
3249 607 3385 662 dicit
3433 623 3447 662 :

1855 691 2084 750 Reddite
2121 695 2265 767 quod
2299 695 2467 750 habet
2501 696 2820 766 imaginem,
2854 696 2902 751 ei
2935 695 3094 767 cujus
3134 701 3274 770 gerit
3306 699 3451 755 ima-

1851 787 2054 855 ginem,
2087 788 2189 844 hoc
2241 797 2325 844 est
2357 787 2564 844 Caesari
2595 798 2690 844 :et
2719 803 2842 859 quae
2872 799 3000 844 sunt
3026 789 3145 854 Dei,
3181 793 3310 855 Deo,
3345 794 3449 848 hoc

1850 889 1955 946 est,
1988 882 2122 936 nihil
2151 883 2331 938 obstat
2374 881 2528 938 vobis
2579 881 2645 936 ad
2691 884 2948 952 pietatem
2983 883 3291 952 persolvere
3322 884 3445 939 Cae-

1852 968 1986 1024 sari.
2045 968 2282 1026 Potestis
2324 972 2469 1033 enim
2519 979 2576 1026 et
2605 970 2807 1028 Caesari
2841 971 3180 1044 persolvere,
3230 983 3286 1029 et
3337 975 3446 1029 Deo

1849 1076 1946 1116 sua
1994 1063 2252 1118 tribuere.
2288 1062 2475 1118 Caesar
2519 1065 2645 1120 item
2693 1066 2989 1137 unicuique
3021 1079 3266 1123 nostrum
3326 1068 3446 1123 ine-

1851 1154 2087 1210 vitabilis
2120 1156 2205 1210 illa
2229 1157 2477 1226 corporis
2503 1159 2674 1213 nostri
2702 1160 3000 1216 necessitas
3027 1169 3132 1217 est.
3151 1159 3313 1215 lubet
3347 1162 3446 1231 igi-

1852 1255 1939 1300 tur
1972 1246 2236 1303 Dominus
2267 1249 2495 1303 reddere
2520 1249 2685 1303 etiam
2736 1252 2950 1318 corpori
2983 1266 3080 1306 sua
3112 1255 3446 1318 necessaria,

1850 1338 2001 1392 cibos
2035 1338 2245 1394 scilicet
2283 1356 2346 1394 ac
2389 1351 2567 1396 veSIes
2607 1358 2619 1393 :
2661 1352 2714 1394 et
2746 1357 2865 1410 qua:
2919 1342 3035 1407 Dei,
3079 1341 3210 1402 Deo.
3256 1357 3449 1411 nempe

1851 1432 2060 1502 vigilias
2099 1446 2329 1503 quantas
2370 1451 2684 1503 possumus,
2732 1438 3030 1501 orationes,
3076 1446 3184 1491 etc.
3235 1435 3342 1492 Sed
3393 1444 3449 1490 et

1850 1524 2086 1584 diabolo.
2118 1527 2206 1592 qui
2235 1525 2418 1581 Cmsar
2446 1539 2552 1592 est,
2586 1530 2762 1599 olijice
2785 1544 2905 1595 qua:
2932 1529 3026 1582 tilii
3050 1527 3118 1583 ab
3150 1528 3241 1582 illo
3272 1529 3399 1583 data
3428 1545 3443 1579 :

1851 1618 2010 1682 iram,
2026 1618 2187 1690 237
2205 1619 2702 1690 concupiscentiam
2725 1623 2955 1677 malam:
2976 1631 3164 1691 etquae
3182 1621 3277 1678 Dei
3298 1634 3446 1687 sunt,

1851 1708 1986 1764 offer
2024 1711 2152 1765 Deo.

231 1915 247 1946 ι
282 1897 396 1970 ⁵Και
443 1895 698 1966 ἔρχονται
729 1896 1079 1950 Σαδδουκαῖοι
1125 1897 1260 1967 πρὸς
1311 1897 1497 1954 αὐτὸν.
1525 1897 1746 1960 οἵτινες

1923 1894 2090 1951 Vsus.
2140 1896 2330 1951 18-27.
2376 1916 2394 1949 ι
2443 1898 2505 1952 Ει
2560 1899 2788 1952 veniunt
2842 1897 3126 1953 Sadducaei
3179 1899 3244 1952 ad
3294 1897 3446 1952 illum

159 1991 395 2058 λέγουσιν
429 1990 727 2042 ἀνάστασιν
779 1990 852 2059 μὴ
905 1987 1069 2054 εἶναι,
1103 1990 1198 2042 καὶ
1250 1988 1622 2061 ἐπηρώτησαν
1649 1991 1746 2042 αὑ-

157 2083 261 2146 τὸν,
292 2081 546 2149 λέγοντες
567 2099 579 2110 ·
619 2083 954 2146 Διδάσκαλε,
986 2083 1194 2150 Μωσῆς
1222 2082 1464 2152 ἔγραψεν
1496 2084 1628 2154 ἡμῖν
1662 2083 1744 2136 ὅτι

156 2171 242 2224 ἐάν
273 2190 416 2237 τινος
440 2174 666 2241 ἀδελφὸς
685 2175 956 2245 ἀποθάνῃ,
977 2175 1071 2226 καὶ
1091 2175 1370 2247 καταλίπῃ
1392 2179 1629 2242 γυναῖκα
1654 2178 1746 2229 καὶ

153 2265 306 2318 τέκνα
338 2269 413 2337 μὴ
444 2268 580 2336 ἀφῇ,
611 2268 695 2320 ἵνα
729 2267 869 2340 λάθῃ
903 2270 930 2319 6
956 2268 1362 2338 ἁδελφὸςαύτοῦ
1395 2268 1492 2338 τὴν
1512 2271 1746 2336 γυναῖκα

153 2359 326 2424 αύτιῦ,
381 2360 480 2413 καὶ
524 2360 870 2433 ἐξαναστήσῃ
912 2363 1134 2431 σπέρμα
1165 2361 1242 2432 τῷ
1289 2362 1507 2432 ἀδελφῷ
1553 2363 1741 2417 αὐτοῦ.

161 2451 331 2504 Ἐπτά
369 2452 589 2522 ἀδελφοὶ
632 2448 799 2524 ἦσαν,
825 2454 920 2506 καὶ
961 2455 987 2505 6
1025 2455 1244 2524 πρῶτος
1290 2455 1451 2508 ἔλαϐε
1487 2458 1746 2522 γυναῖκα,

151 2545 239 2595 καὶ
273 2544 664 2615 ἀποθνήσκων,
696 2546 797 2598 οὐκ
829 2547 1008 2615 ἀφῆκε
1036 2549 1282 2620 σπέρμα,
1314 2551 1405 2602 κα“·.
1440 2550 1466 2600 6
1494 2548 1744 2618 δεύτερος

152 2636 340 2690 ἐλαδεν
382 2639 554 2709 αὐτὴν
609 2640 704 2692 καὶ
751 2641 1014 2705 ἀπέθανε,
1053 2643 1148 2695 καὶ
1187 2642 1308 2694 οὐδὲ
1349 2643 1514 2705 αὐτὸς
1565 2643 1746 2714 ἀφῆκε

152 2731 389 2804 σπέρμα,
423 2732 519 2786 καὶ
549 2734 578 2784 6
604 2735 790 2804 τρίτος
817 2734 1110 2800 ὡσαύτως,
1145 2739 1241 2788 καὶ
1270 2735 1466 2789 ἔλαϐον
1496 2737 1666 2807 αὐτὴν
1694 2739 1745 2790 oi

148 2821 305 2886 ἐτττὰ,
342 2824 434 2877 καὶ
462 2825 564 2877 οὐκ
590 2826 810 2894 ἀφῆκαν
836 2827 1081 2897 σπέρμα.
1134 2826 1373 2898 Ἐσχάτη
1409 2827 1465 2880 δὲ
1524 2828 1746 2883 πάντων

148 2916 386 2970 ἀπέθανε
434 2919 528 2972 καὶ
576 2920 610 2989 ἡ
655 2920 815 2990 γυνή.
854 2919 946 2973 Ἐν
999 2923 1063 2990 τῇ
1106 2916 1200 2973 οὖν
1260 2921 1559 3001 ἀναστάσει
1613 2923 1745 2976 ὅταν

146 3007 444 3073 ἀναστῶσι,
496 3008 643 3072 τίνος
689 3010 873 3064 αὐτῶν
928 3011 1083 3065 ἔσται
1129 3011 1304 3080 γυνή;
1351 3013 1402 3064 οἱ
1449 3013 1558 3082 γὰρ
1603 3015 1745 3067 ἐπτά

148 3100 306 3168 ἔσχον
326 3099 493 3169 αὐτὴν
511 3104 770 3169 γυναῖκα.
799 3104 903 3156 Καὶ
923 3104 1245 3176 ἀποκριθεὶς
1273 3106 1301 3158 6
1331 3103 1561 3175 Ἰησοῦς,
1587 3101 1744 3159 εἶπεν

1851 1987 1942 2053 qui
1977 1988 2162 2041 dicunt
2202 2002 2304 2041 non
2350 2004 2472 2043 csse
2508 1989 2966 2044 resurrectionem
3004 2007 3018 2043 ε
3071 1991 3448 2058 interrogare-

1852 2088 2085 2148 ruutquc
2134 2094 2256 2132 eum
2311 2080 2558 2134 dicentes
2598 2098 2610 2134 :
2653 2081 2982 2151 Praeceptor,
3016 2081 3188 2136 Moses
3229 2081 3452 2148 Scripsit

1853 2172 2008 2236 liOlIiS
2046 2189 2058 2224 :
2093 2169 2149 2224 Si
2191 2172 2346 2240 cujus
2381 2172 2547 2226 frater
2581 2173 2871 2238 moriatur,
2896 2189 2960 2230 ac
3001 2175 3273 2242 relinquat
3310 2189 3451 2228 uxo-

1850 2279 1986 2327 rem,
2013 2273 2065 2318 et
2093 2265 2292 2320 liberos
2315 2281 2422 2318 non
2455 2267 2750 2334 relinquat,
2781 2278 2838 2320 ut
2865 2269 3100 2338 accipiat
3131 2269 3302 2322 frater
3332 2268 3452 2337 ejus

1851 2373 2074 2412 uxorem
2123 2357 2288 2424 illius,
2326 2370 2380 2414 et
2413 2361 2640 2415 suscitet
2671 2375 2857 2415 Semen
2889 2361 3044 2414 fratri
3076 2377 3196 2416 suo.
3230 2361 3450 2428 Septem

1853 2451 2047 2505 fratres
2083 2449 2326 2517 fuerunt,
2375 2467 2439 2505 ac
2495 2453 2702 2518 primus
2737 2453 2951 2521 accepit
2998 2468 3248 2516 uxorem,
3298 2453 3454 2520 isque

1851 2545 2090 2599 moriens
2122 2561 2228 2599 non
2284 2546 2505 2613 reliquit
2548 2560 2734 2600 semen
2775 2565 2788 2600 :
2823 2557 2876 2600 et
2911 2548 3189 2602 secundus
3239 2548 3455 2613 accepit

1852 2640 2022 2703 illam,
2061 2654 2124 2693 ac
2157 2649 2405 2694 mortuus
2440 2650 2546 2704 est,
2578 2651 2633 2696 et
2663 2657 2762 2696 nec
2798 2642 2914 2709 ipse
2951 2641 3174 2708 reliquit
3205 2655 3389 2694 semen
3437 2657 3451 2694 :

1848 2742 1902 2783 ct
1931 2732 2122 2786 tertius
2148 2731 2399 2787 similiter
2435 2749 2450 2787 :
2483 2743 2537 2787 et
2563 2743 2897 2803 acceperunt
2925 2749 3047 2788 eam
3085 2743 3315 2801 septem,
3355 2748 3457 2786 nec

1852 2823 2190 2891 reliquerunt
2220 2839 2404 2878 semen
2432 2841 2445 2878 :
2477 2835 2756 2895 postremo
2788 2841 2918 2881 vero
2956 2826 3200 2881 omnium
3240 2835 3452 2878 mortua

1848 2924 1931 2970 est
1961 2926 2015 2970 et
2042 2931 2215 2983 uxor;
2246 2918 2298 2971 in
2328 2919 2730 2975 resurrectione
2762 2920 2946 2990 igitur,
2983 2936 3106 2974 cutn
3142 2935 3460 2974 resurre‘tr-

1851 3008 1980 3073 rint,
2003 3009 2162 3078 cujus
2187 3009 2400 3064 illorum
2418 3013 2523 3066 erit
2546 3027 2683 3066 uxor
2701 3012 2725 3066 ?
2746 3012 2879 3066 Nam
2909 3019 3119 3082 septem
3148 3011 3459 3067 habuerunt

1849 3115 1968 3153 eam
2015 3116 2260 3156 uxorem.
2313 3101 2376 3156 Et
2423 3103 2762 3172 respondens
2808 3103 2990 3167 Jesus.
3025 3105 3163 3159 dixit
3211 3108 3336 3160 eis:
3374 3105 3454 3156 Α·ι

145 3193 328 3256 αὐτοῖς
347 3207 364 3224 ο
383 3193 442 3246 ού
461 3193 549 3247 διά
565 3194 723 3248 τοῦτο
751 3196 860 3249 πλα
873 3196 1029 3249 θᾶσθε
1054 3199 1130 3268 μὴ
1145 3199 1345 3263 εἰδότες
1363 3199 1460 3263 τὰς
1495 3198 1744 3269 Γραφάς,

1856 3209 1962 3248 non
2015 3204 2301 3265 propterea
2337 3198 2558 3261 erratis,
2625 3201 2772 3267 quod
2822 3201 3077 3254 nesciatis
3116 3200 3459 3267 scripturas.

149 3285 282 3354 μηδὲ
309 3285 408 3356 τὴν
428 3284 658 3357 δύναμιν
675 3287 768 3341 τοῦ
786 3287 922 3341 Θεοῦ
941 3307 954 3356 ;
986 3289 1158 3342 Ὅταν
1176 3292 1284 3362 γὰρ
1308 3293 1371 3345 ἐκ
1392 3291 1606 3360 νεκρῶν
1625 3293 1750 3345 ἀνα·

148 3379 369 3446 στῶσιν,
398 3379 522 3433 οὗτε
547 3379 815 3448 γαμοῦσιν
843 3381 967 3433 οὗτε
997 3383 1381 3452 γαμίσκονται,
1433 3384 1575 3437 Ἀλλ’
1608 3385 1748 3438 είοὶν

145 3474 218 3534 ὡς
265 3472 493 3541 ἄγγελοι
529 3475 578 3526 oi
631 3475 689 3526 ἐν
706 3476 818 3540 τοῖς
849 3474 1126 3544 οὐρανοῖς.
1150 3476 1286 3548 Περὶ
1311 3476 1368 3530 δὲ
1400 3476 1508 3530 τῶν
1529 3478 1742 3548 νεκρῶν

144 3566 222 3618 ὃτι
259 3565 591 3637 ἐγείρονται,
634 3566 734 3620 οὐκ
762 3568 1038 3636 ἀνέγνωτε
1078 3571 1135 3622 ἐν
1167 3573 1233 3640 τῇ
1271 3570 1441 3641 βίϐλῳ
1475 3571 1744 3635 Μωσέως,

147 3658 241 3710 ἐπὶ
268 3659 368 3728 τῆς
398 3658 562 3728 βάτου
596 3659 671 3722 ὡς
700 3655 853 3713 εἶπεν
889 3659 1039 3728 αύτῷ
1069 3662 1096 3712 6
1128 3661 1261 3725 Θεὸς
1299 3663 1498 3732 λέγων·
1543 3664 1686 3730 Ἐγὼ
1717 3666 1743 3717 6

141 3749 276 3812 Θεὸς
326 3748 609 3819 Ἀϐραὰμ,
642 3751 738 3802 καὶ
772 3753 798 3803 6
832 3752 964 3811 Θεὸς
1010 3750 1217 3818 Ἰσαὰκ,
1261 3752 1359 3807 καὶ
1402 3756 1433 3806 6
1466 3755 1601 3816 Θεὸς
1639 3756 1746 3806 Ἰα-

140 3837 291 3903 κώ6;
327 3839 451 3890 Οὐκ
491 3837 685 3891 ἔστινὸ
713 3840 843 3901 Θεὸς
881 3841 1112 3910 νεκρῶν,
1143 3841 1281 3894 ἀλλὰ
1327 3843 1461 3905 Θεὸς
1503 3842 1745 3907 ζώντων.

152 3929 346 4000 Ὑμεῖς
378 3927 472 3984 οὖν
502 3930 635 3984 πολὺ
674 3931 977 3985 πλανᾶσθε.
1031 3952 1048 3984 ι
1085 3933 1312 4003 Αἵρεσις
1356 3934 1649 4001 Ἰουδαίων,
1698 3938 1747 3988 οἱ

139 4025 520 4086 Σαδδουκαῖοι,
554 4024 804 4091 λέγοντες
842 4025 916 4095 μὴ
961 4021 1104 4078 εἶναι
1128 4027 1450 4093 ἀνάστασιν,
1482 4029 1621 4097 μήτε
1651 4028 1748 4095 ἀγ-

136 4113 320 4180 γελον,
356 4115 495 4183 μήτε
537 4112 780 4182 πνεῦμα.
823 4114 1077 4181 Ιιλαγίως
1106 4115 1163 4168 δὲ
1192 4115 1268 4180 ὡς
1307 4117 1472 4170 δόλιοι
1503 4117 1746 4187 προσελ-

136 4204 330 4268 θόντες
375 4205 675 4259 πλάττουσι
716 4206 814 4278 τὴν
863 4206 1118 4277 διήγησιν
1150 4207 1376 4279 ταύτην,
1405 4209 1495 4262 διὰ
1544 4210 1748 4278 ταύτης

134 4297 303 4366 δῆθεν
354 4298 761 4367 ἀνατρέποντες
805 4297 904 4370 τὴν
946 4301 1264 4364 ἀνάστασιν,
1295 4301 1556 4358 ὑπόθεσιν
1600 4303 1747 4372 ὑφά-

135 4406 336 4451 ναντες
405 4390 675 4461 μηδέποτε
716 4392 1040 4461 γενομένην,
1101 4392 1238 4463 μηδὲ
1277 4392 1407 4456 ἴσως
1438 4394 1746 4465 γενησομέ⁴

135 4501 263 4553 νην.
337 4483 515 4537 Ἐπτά
567 4485 622 4537 δὲ
677 4484 990 4539 συντιθέασι
1053 4488 1180 4550 τοὺς
1236 4489 1599 4558 γαμήσαντας
1649 4488 1749 4558 τὴν

1859 3303 2036 3354 neque
2083 3289 2342 3342 virtutem
2393 3289 2526 3343 Dei?
2567 3291 2700 3344 Cum
2737 3293 2880 3344 enim
2934 3307 2960 3342 a
3011 3292 3238 3345 ntor;uis
3275 3307 3458 3343 resur-

1869 3382 2130 3446 rexerint,
2179 3397 2360 3448 neque
2411 3386 2742 3437 centraltuut
2795 3383 3226 3445 lltall'itllmlilltt,
3284 3398 3460 3448 neque

1861 3482 2088 3540 nuptum
2122 3474 2319 3528 dantur
2356 3494 2367 3528 :
2404 3476 2496 3529 sed
2532 3487 2661 3529 ruul
2690 3475 2835 3530 velut
2862 3475 3036 3547 angeli
3072 3477 3159 3543 qui
3194 3477 3244 3529 in
3279 3476 3456 3530 ccelis.

1859 3562 2128 3618 Caeterum
2181 3565 2247 3618 de
2297 3567 2529 3620 mortuis
2561 3571 2702 3635 quod
2761 3568 3175 3630 l'cSlisl'llaltltlr,
3229 3584 3335 3620 non
3383 3569 3460 3619 Ic-

1859 3655 2014 3722 gistis
2045 3655 2095 3708 in
2127 3656 2264 3708 libro
2293 3654 2451 3720 illusi,
2485 3657 2761 3725 ψιοιιιυιιυ
2790 3657 2840 3709 in
2877 3658 3008 3709 rubo
3036 3658 3248 3711 locutus
3282 3659 3351 3711 sit
3387 3658 3460 3710 illi

1864 3746 2025 3810 Dens,
2067 3748 2254 3801 dicens
2306 3762 2319 3800 :
2361 3746 2472 3817 Ego
2521 3749 2609 3801 ille
2673 3748 2812 3801 Deus
2862 3750 3156 3812 Abraham,
3207 3760 3261 3802 ct
3319 3748 3461 3803 Deus

1863 3836 2032 3895 Isaac.
2058 3851 2114 3893 et
2148 3839 2287 3894 Deus
2316 3838 2526 3894 Iacob?
2551 3839 2662 3892 Non
2691 3852 2766 3893 est
2799 3839 2855 3892 Di
2881 3857 2945 3896 us
2977 3852 3339 3906 mortuOrum,
3367 3845 3459 3896 sed

1865 3936 2004 3986 Deus
2051 3933 2372 3986 viventium.
2412 3934 2515 3987 Vos
2556 3934 2722 4002 igitur
2755 3936 2982 3989 multum
3022 3939 3241 3988 erratis.
3289 3955 3306 3987 ι
3346 3935 3462 3990 llae-
3546 3935 3550 3946 ’

1866 4021 2018 4076 felici
2067 4023 2206 4092 apud
2257 4021 2474 4076 Jtttltens
2505 4034 2656 4075 erant
2715 4023 3024 4087 Sadduvaﬁ,
3068 4026 3312 4077 dicentes
3356 4041 3462 4077 tmtt

1861 4130 1983 4167 esse
2017 4114 2497 4176 resurrectionem,
2536 4131 2710 4182 neque
2755 4115 3032 4182 angulum,
3067 4129 3244 4182 neque
3277 4114 3413 4182 spiri
3440 4145 3458 4153 -

1863 4215 1998 4257 tum.
2032 4200 2266 4272 Oblique
2317 4213 2526 4265 autem,
2575 4211 2628 4256 ut
2686 4202 2880 4269 dolosi,
2937 4205 3200 4273 aggressi,
3256 4204 3465 4271 fingunt

1862 4297 2233 4349 narrationem
2265 4295 2554 4363 quamdam
2585 4311 2688 4365 qua
2731 4296 3080 4350 subvertatur
3103 4297 3468 4361 resurrectio,

1860 4394 2117 4440 CtHIlt‘XlO
2152 4395 2480 4456 argumento
2510 4389 2654 4455 quod
2705 4402 2982 4456 nunquam
3033 4390 3234 4449 evenit,
3283 4404 3463 4456 neque

1863 4480 2002 4533 forte
2027 4481 2266 4533 eveniet.
2307 4478 2530 4547 Septem
2563 4491 2745 4535 autem
2788 4480 2998 4547 fingunt
3037 4482 3127 4550 qui
3170 4498 3332 4536 uuam
3361 4484 3463 4536 du-

136 4579 410 4643 γυναῖκα,
461 4576 548 4629 ἵνα
581 4576 785 4645 μᾶλλον
825 4578 1126 4647 διασύρωσι
1175 4578 1276 4650 τὴν
1309 4581 1632 4635 ἀνάστασιν.
1691 4581 1747 4634 'U

1860 4582 1989 4624 cunt
2017 4587 2264 4637 uxorem,
2291 4587 2401 4640 quo
2427 4572 2600 4640 magis
2628 4573 3090 4628 resurrectionem
3120 4575 3458 4644 discerpant.

133 4669 235 4720 οἷν
292 4669 522 4739 Κύριος,
571 4671 758 4740 ἐπειδὴ
807 4670 1206 4741 προεϐάλλοντο
1253 4674 1454 4726 ἐκεῖνοι
1506 4674 1751 4735 Μωσέως

136 4765 334 4832 νόμον,
391 4765 666 4816 δείκνυσιν
716 4764 910 4826 αὐτοὺς
962 4765 1292 4833 ἀγνοοῦντας
1354 4765 1452 4828 τὰς
1491 4766 1750 4836 Γραφάς·

135 4857 215 4909 Οὐ
231 4858 411 4908 νοεῖτε
440 4855 572 4924 γὰρ,
595 4858 750 4926 φησὶ,
780 4857 942 4911 ποίαν
969 4859 1328 4928 ἀνάστασινὴ
1358 4859 1552 4930 Γραφὴ
1581 4861 1750 4929 λέγει.

147 4947 352 5018 Ὑμεῖς
378 4948 487 5019 γὰρ
507 4948 714 5001 δοκεῖτε
739 4949 820 5002 ὅτι
847 4951 1010 5004 πάλιν
1031 4952 1256 5019 τοιαύτη
1283 4954 1619 5015 κατάστασις
1647 4971 1754 5005 σω-

137 5040 510 5110 ματικωτέρα
544 5039 730 5109 μέλλει
754 5037 916 5105 εἶναι,
951 5044 1053 5097 οὐκ
1082 5044 1200 5098 ἔστι
1225 5045 1304 5098 δέ.
1350 5044 1510 5099 Οὕτω
1541 5047 1639 5116 μὲν
1657 5044 1755 5099 οὖν

133 5133 398 5199 ἀγνοεῖτε
455 5135 555 5203 τῆς
616 5133 839 5202 Γραφῆς
894 5135 996 5205 τὴν
1051 5135 1285 5201 ἔννοιαν,
1319 5136 1454 5191 ἀλλά
1509 5138 1604 5190 καὶ
1653 5137 1754 5208 τὴν

135 5224 384 5290 δύναμιν
434 5222 529 5275 τοῦ
579 5223 715 5276 Θεοῦ
774 5227 1058 5292 ἀγνοεῖτε·
1116 5227 1276 5296 ὑμεῖς
1323 5228 1422 5296 μὲν
1462 5229 1571 5298 γὰρ
1624 5230 1755 5292 ἴσως

135 5314 500 5367 ἀποϐλέπετε
553 5315 690 5384 πρὸς
732 5316 793 5368 τὸ
842 5316 1081 5385 χαλεπὸν
1121 5317 1215 5371 τοῦ
1277 5318 1624 5390 πράγματος,
1657 5325 1754 5375 καὶ

132 5405 227 5458 δια
258 5407 424 5458 τοῦτο
453 5406 812 5477 ἐξαπορεῖσθε
842 5410 957 5472 πῶς
982 5409 1308 5480 δυνήσονται
1331 5413 1399 5465 τὰ
1435 5413 1754 5467 διαλυθέντα

137 5497 388 5569 σώματα
437 5500 714 5553 συνελθεῖν
762 5505 880 5565 ταῖς
924 5502 1144 5572 ψυχαῖς.
1187 5506 1265 5575 Τῇ
1295 5506 1352 5557 δὲ
1389 5505 1618 5576 δυνάμει
1658 5507 1752 5560 τοῦ

130 5590 286 5643 θεοῦ
315 5591 387 5655 ὡς
439 5593 591 5646 οὐδέν
618 5595 734 5647 ἐστι
762 5595 939 5648 τοῦτο.
974 5597 1168 5649 Ἔσται
1192 5595 1284 5651 οὖν
1306 5599 1629 5661 ἀνάστασις,
1661 5602 1756 5653 καὶ

133 5684 198 5734 οὐ
245 5686 564 5754 σωματικὴ,
619 5686 754 5739 ἀλλά
799 5687 1048 5757 θειοτέρα
1099 5706 1184 5753 τις
1239 5691 1572 5754 κατάστασις
1636 5690 1753 5761 βίον

139 5777 244 5826 xit
283 5777 573 5847 ἀγγελική.
625 5779 840 5848 Ἐπειδὴ
862 5781 970 5848 γὰρ
997 5780 1057 5833 οὐ
1096 5781 1365 5850 μέλλομεν
1406 5783 1750 5854 φθείρεσθαι,

136 5869 265 5920 ἁ).ὶὲ
314 5871 356 5920 ei
399 5872 548 5923 aurai.
583 5871 785 5942 μένςίν.
817 5871 902 5924 δαὶ
934 5872 1092 5926 τ’.ιῦτο
1129 5876 1215 5926 7.7.".
1253 5875 1278 5925 ὁ
1317 5875 1493 5946 γὰμης
1528 5874 1753 5948 ἀναιρε-

1862 4663 2032 4733 Igitur
2071 4665 2198 4733 quia
2246 4663 2616 4730 praetexebant
2658 4665 2731 4719 illi
2793 4666 2966 4736 legem
3019 4666 3174 4731 Mosi,
3223 4669 3467 4723 ostendit

1859 4773 1954 4810 eos
1980 4758 2242 4812 Dominus
2269 4758 2489 4826 ignaros
2520 4755 2955 4827 Scripturarum.
2985 4758 3100 4813 Non
3125 4761 3270 4814 enim
3301 4762 3464 4815 intel-

1861 4850 2047 4920 ligitis,
2087 4851 2280 4919 inquit,
2324 4851 2393 4905 de
2434 4867 2538 4920 qua
2590 4853 2990 4907 resurrectione
3035 4853 3326 4923 Scriptura
3381 4857 3462 4907 lu-

1859 4952 2079 5013 quatur.
2133 4943 2238 4998 Vos
2288 4944 2433 4998 enim
2478 4944 2780 5014 opinamini
2833 4945 2978 5015 quod
3029 4947 3227 5001 iterum
3280 4957 3461 5002 status

1861 5037 1986 5090 talis
2043 5037 2216 5106 magis
2248 5036 2549 5105 corporalis
2595 5038 2667 5091 sit
2712 5036 2928 5091 futurus
2958 5053 2972 5092 :
3008 5048 3062 5091 at
3095 5055 3198 5093 non
3229 5041 3309 5095 sic
3334 5045 3463 5097 erit.

1861 5127 2048 5195 itaque
2085 5127 2348 5198 ignoratis
2380 5125 2678 5195 Scriptura:
2724 5138 2959 5183 tuentem
2986 5147 2998 5183 :
3023 5131 3117 5185 sed
3146 5142 3200 5185 et
3231 5131 3322 5186 Dei
3360 5133 3467 5186 Vit--

1862 5231 2028 5272 tutem
2099 5220 2384 5289 ignoratis.
2435 5219 2723 5275 Enimvero
2758 5238 2854 5277 vos
2885 5225 2950 5276 ad
2982 5223 3354 5279 diliicultatetn
3389 5243 3462 5278 ιρι

1864 5315 2098 5368 fortasse
2148 5315 2439 5382 respicitis,
2488 5324 2542 5367 et
2591 5326 2877 5384 propterea
2943 5314 3278 5371 addubitatis
3329 5335 3465 5385 qun-

1864 5409 2021 5459 tnodo
2047 5417 2307 5475 poterunt
2339 5407 2600 5462 dissoluta
2637 5422 2866 5476 corpora
2892 5408 3072 5461 redire
3102 5411 3166 5461 ad
3197 5413 3457 5462 animant.

1862 5499 1965 5553 Sed
2001 5501 2187 5553 virtuti
2223 5501 2420 5554 divina:
2455 5501 2555 5554 hoc
2587 5501 2742 5569 quasi
2793 5500 2926 5554 nihil
2971 5501 3096 5554 erit.
3143 5500 3256 5555 Erit
3299 5502 3464 5570 igitur

1862 5596 2212 5660 t'csurrcCIiu,
2255 5605 2309 5649 et
2342 5613 2444 5648 non
2481 5595 2804 5662 corporalis,
2842 5595 2934 5647 sed
2973 5594 3207 5646 divinior
3239 5593 3458 5660 quidam

1859 5688 1985 5741 vita:
2018 5697 2214 5752 status,
2241 5689 2520 5756 angelicus
2555 5687 2822 5741 videlicet.
2851 5685 3292 5754 lncorruptiliiles
3314 5685 3457 5737 enim

1859 5785 2086 5847 erimus,
2111 5793 2164 5834 et
2195 5782 2357 5834 iidem
2381 5783 2470 5849 qui
2497 5795 2689 5834 sumus
2723 5791 3032 5842 uentu-tiles,
3059 5786 3459 5847 proptctcaqm:

1863 5876 2116 5932 tollentur
2161 5875 2324 5930 etiam
2361 5873 2586 5943 nuptitc.
2633 5873 2784 5929 Nunc
2820 5874 2963 5926 cuitu
3007 5871 3204 5942 nuptia;
3237 5881 3459 5940 propter
