4028 6412
504 396 605 468 631

1415 400 1999 464 THEOPHYLACTI
2039 399 2456 465 BULGARM!
2496 401 2855 465 ARCHIEP.

3646 406 3758 468 632

507 533 628 572 esse
675 518 842 574 lilium
894 515 1205 579 David,sed
1254 526 1358 569 non
1395 513 1703 571 Dominum.
1730 515 2074 570 Demonstrat

2197 518 2396 585 ιατέων
2447 515 2626 584 δόξαν,
2692 516 3190 589 ὑπολαμϐανόντων
3226 523 3316 572 τδν
3355 519 3589 590 Χριστὸν
3614 517 3764 578 εἶναι

510 608 672 675 igitur
698 620 758 664 se
791 608 956 663 Deum
988 622 1053 662 ex
1093 608 1225 676 ipsis
1259 607 1424 661 David
1460 605 1638 662 verbis
1669 626 1683 659 :
1709 612 1762 661 et
1799 621 1904 660 non
1937 608 2077 662 sim-

512 703 737 771 pliciter,
760 702 854 756 sed
884 702 1144 766 deterret,
1171 715 1236 754 eo
1265 699 1411 770 quod
1439 691 1589 764 dicit,
1620 712 1638 751 ι
1673 697 1852 755 Donec
1883 713 2080 769 posue-

512 812 572 849 ro
603 794 848 848 inimicos
895 798 1017 848 tuos
1046 793 1335 849 scabeilum
1369 790 1564 864 pedum
1597 790 1835 848 tuorum.
1885 812 1907 847 ι
1931 779 2079 849 Nam

511 886 607 952 ipsi
645 887 870 940 omnino
907 893 1059 940 erant
1093 885 1296 939 inimici
1346 887 1485 956 ejus,
1531 884 1666 954 quos
1715 884 1898 955 'posuit
1941 887 2081 942 Deus

510 978 668 1031 Pater
690 967 979 1032 scabellutn
1009 981 1198 1047 pedum
1232 978 1453 1033 Christi.
1484 977 1619 1031 Vide
1649 978 1826 1033 autem
1859 988 1910 1034 et
1942 994 2082 1049 quo-

513 1071 670 1125 modo
702 1071 1016 1141 interroget.
1044 1070 1155 1125 Non
1189 1070 1332 1124 enim
1362 1069 1496 1124 dixit
1523 1087 1538 1123 :
1563 1070 1705 1135 Quid
1737 1071 1889 1126 vobis
1931 1073 2080 1127 vide-

508 1172 596 1214 tur
627 1163 692 1214 de
728 1178 834 1228 me,
856 1164 971 1225 sed,
996 1164 1060 1218 de
1089 1161 1341 1217 Christe?
1370 1161 1434 1216 Et
1479 1163 1552 1216 ita
1601 1178 1707 1217 non
1761 1163 2078 1232 perstringit

508 1251 715 1307 eos.Et
769 1265 942 1322 neque
993 1254 1217 1322 puteStis
1265 1255 1396 1308 mihi
1451 1253 1631 1308 dicere
1681 1245 1824 1324 quod
1875 1255 2080 1322 absque

511 1342 715 1410 Spiritu
749 1345 848 1398 hoc
874 1345 1072 1408 diserit
1102 1344 1294 1412 David,
1317 1344 1411 1400 sed
1444 1342 1676 1415 Spiritus
1705 1345 1876 1399 sancti
1896 1343 2076 1398 afﬂatu

512 1437 643 1488 dixit
676 1450 797 1490 eum
836 1435 1146 1504 Dominum,
1180 1438 1234 1493 id
1258 1447 1340 1493 est
1375 1446 1555 1494 motus
1597 1438 1768 1507 gratia
1820 1436 2077 1507 Spiritus.

511 1526 790 1592 Quomodo
844 1532 974 1598 ergo
1020 1530 1269 1585 Christus
1323 1529 1464 1585 Illius
1514 1541 1598 1584 est
1646 1530 1832 1595 David,
1860 1545 1925 1583 an
1974 1546 2078 1584 non

514 1616 771 1672 Dominus
802 1620 917 1688 ejus
957 1630 1011 1675 et
1046 1620 1219 1676 Deus?
1244 1619 1424 1676 Turba
1455 1621 1621 1691 igitur
1651 1622 1906 1677 audiebat
1950 1636 2074 1676 eum

513 1710 761 1765 libenter.
814 1711 876 1766 Et
928 1712 1142 1768 dicebat
1192 1713 1363 1769 turba:
1395 1732 1408 1767 :
1439 1714 1642 1769 Cavete
1674 1728 1704 1768 a
1734 1715 1962 1778 Scribis,
1988 1715 2080 1784 qui

511 1800 899 1870 splendidiores
925 1802 1107 1858 ferunt
1139 1805 1331 1870 Stolas,
1358 1813 1413 1859 et
1446 1813 1666 1874 propter
1700 1805 1818 1860 illas
1856 1804 2077 1872 prtefer-

2183 611 2298 664 υίὸν
2320 608 2414 663 τοῦ
2437 609 2619 676 Δαϐὶδ,
2652 607 2767 664 ἀλλ’
2781 610 2906 682 οὐχὶ
2943 609 3154 681 κύριον.
3176 611 3556 667 ’Δποδείκνυσι
3581 614 3766 668 τοίνυν

2182 699 2375 755 ἑαυτὸν
2394 698 2546 766 Θεὸν,
2579 699 2640 764 ἐξ
2667 699 2845 755 αὐτῶν
2874 700 2983 754 τῶν
3016 701 3110 754 τοῦ
3145 700 3310 755 Δαϐὶδ
3336 703 3618 774 ῥημάτων,
3671 705 3767 758 καὶ

2182 794 2282 863 οὐχ
2314 793 2521 857 ἁπλῶς,
2565 793 2680 847 ἀλλ’
2711 793 2961 864 ἐκφοϐῶν
2992 794 3080 848 διὰ
3106 794 3202 848 τοῦ
3225 795 3430 864 λέγειν,
3473 814 3492 846 σ
3533 797 3677 860 Ἕως
3697 797 3767 849 ἂν

2185 883 2262 937 θῶ
2291 886 2416 948 τοὺς
2469 886 2700 958 ἐχθρούς
2741 904 2836 940 σου
2870 887 3165 941 ὑποπόδιον
3197 886 3306 939 τῶν
3362 886 3541 940 ποδῶν
3573 904 3688 943 σου.
3743 907 3762 939 ι

2180 976 2342 1030 Αὐτοὶ
2369 977 2424 1031 δὲ
2449 979 2666 1041 πάντως
2701 973 2842 1049 ἦσαν
2863 980 2912 1032 oi
2946 977 3132 1051 ἐχθροὶ
3180 976 3368 1044 αὐτοῦ,
3409 977 3504 1042 οὓς
3567 978 3771 1048 έθηκεν

2181 1070 2210 1121 ὁ
2241 1067 2374 1133 Θεὸς
2413 1068 2507 1124 καί⁸
2563 1069 2756 1140 Πατὴρ
2811 1069 3101 1123 ὑποπόδιον
3143 1067 3254 1121 τῶυ
3303 1069 3478 1122 ποδῶν
3509 1070 3602 1122 τοῦ
3633 1070 3772 1138 Χρι-

2183 1160 2330 1216 στοῦ.
2362 1161 2504 1232 Ὅρα
2531 1161 2587 1214 δὲ
2618 1162 2711 1216 καὶ
2734 1163 2852 1224 πῶς
2881 1162 3181 1233 ἐρωτᾷ.οὐ
3210 1162 3320 1232 γὰρ
3351 1157 3498 1227 εἷπε,
3535 1159 3600 1214 Τί
3636 1160 3772 1230 ὑμῖν

2182 1253 2331 1307 δοκεῖ
2368 1255 2496 1325 περὶ
2525 1255 2684 1325 ἐμοῦ,
2725 1255 2885 1321 ἀλλὰ,
2918 1255 3047 1325 περὶ
3079 1255 3171 1309 τοῦ
3202 1253 3479 1324 Χριστοῦ;
3508 1253 3647 1306 ῶστε
3690 1253 3770 1322 μὴ

2182 1344 2384 1414 πλῆξαι
2415 1346 2634 1408 αὐτούς.
2665 1343 2805 1398 Ἀλλ’
2833 1345 2951 1398 οὐδὲ
2983 1345 3135 1415 ἔχετέ
3166 1362 3252 1414 μοι
3286 1345 3462 1398 εἰπεῖν
3489 1344 3572 1397 ὄτι
3594 1345 3772 1413 χωρδς

2182 1437 2277 1490 τοῦ
2314 1436 2633 1507 Πνεύματος
2654 1436 2814 1491 τοῦτο
2835 1432 2987 1490 εἶπεν
3013 1439 3040 1490 ὁ
3057 1437 3239 1502 Δαϐὶδ,
3264 1435 3378 1488 ἀλλ’
3413 1437 3468 1488 ὲν
3487 1435 3773 1503 Πνεύματι

2182 1529 2444 1582 ἐκάλεσεν
2474 1530 2637 1582 αὐτὸν
2665 1529 2888 1599 Κύριον,
2918 1530 3186 1594 τουτέστι,
3216 1531 3282 1599 τῇ
3314 1527 3410 1582 τοῦ
3451 1529 3774 1595 Πνεύματος

2183 1621 2501 1690 κινούμενος
2555 1620 2760 1689 χάριτι.
2830 1620 2956 1683 Πῶς
3005 1616 3097 1674 οὖν
3128 1622 3156 1673 ὁ
3197 1621 3431 1690 Χριστὸς
3496 1619 3611 1681 υίός
3653 1619 3776 1669 ἐστι

2181 1711 2276 1766 τοῦ
2329 1712 2515 1777 Δαϐὶδ,
2573 1712 2687 1765 ἀλλ’
2739 1713 2858 1782 οὐχὶ
2905 1712 2999 1765 καὶ
3043 1711 3232 1782 κύριος
3271 1709 3436 1764 αὐτοῦ
3463 1709 3556 1762 καὶ
3594 1707 3772 1771 Θεός;

2197 1805 2257 1859 Ὀ
2284 1804 2377 1858 οὐν
2397 1805 2554 1874 ὄχλος
2577 1805 2772 1874 ἠκουεν
2809 1803 2973 1856 αὐτοῦ
2989 1803 3179 1873 ἡδέως.
3205 1803 3316 1856 Kal.
3343 1801 3529 1867 ἔλεγεν
3561 1800 3775 1864 αὐτοῖς,

517 1892 557 1944 ri
590 1892 792 1969 volunt,
821 1893 1282 1965 salutationesque
1314 1906 1368 1950 et
1407 1872 1750 1952 celebritates
1804 1896 1906 1950 fori
1956 1912 2083 1966 pro-

2197 1899 2304 1957 τοῖς
2340 1872 2621 1966 τοῦγήδχλου
2653 1896 2818 1966 φημὶ,
2844 1872 3183 1948 Φυλάττεσθε
3218 1894 3327 1950 ἀπὸ
3355 1895 3465 1946 τῶν
3506 1893 3778 1961 Γραμμα-

513 1983 731 2050 banl,et
755 1983 937 2052 gloria:
967 1985 1221 2042 omnibus
1249 1986 1428 2041 modis
1462 1989 1684 2043 student
1719 2005 1733 2042 :
1770 1988 1862 2056 qui
1893 1997 1948 2042 et
1975 1987 2077 2041 do-

515 2085 633 2129 nius
673 2076 954 2130 viduarum
987 2079 1294 2134 comedunt.
1341 2078 1505 2151 2m
1545 2079 1697 2134 Ciam
1736 2081 1877 2134 enim
1927 2095 2083 2135 acce-

514 2166 648 2218 dunt
671 2168 735 2219 ad
767 2168 1023 2224 mulieres
1055 2169 1307 2238 praesidio
1335 2174 1646 2234 destitutas,
1668 2172 1822 2241 quasi
1868 2172 2084 2226 illarum

516 2255 681 2312 futuri
723 2268 926 2314 tutores
954 2270 1008 2314 et
1039 2262 1272 2328 patroni,
1299 2273 1352 2318 et
1385 2274 1646 2332 praetextu
1681 2265 1851 2332 longa?
1881 2266 2086 2319 oratio-

519 2350 602 2403 nis
635 2359 686 2404 et
714 2351 930 2418 pietatis
965 2355 1145 2408 colore
1174 2364 1227 2408 et
1258 2356 1599 2410 simulatione
1645 2357 1923 2426 decipiunt
1953 2358 2084 2411 sim—

513 2439 785 2509 pliciores,
809 2445 1132 2500 devorantes
1163 2448 1354 2502 domos
1381 2447 1629 2502 divitum.
1660 2448 1739 2502 Illi
1772 2449 1936 2518 igitur
1967 2465 2092 2518 gra-

515 2532 719 2588 viorem
779 2536 1049 2605 accipient
1105 2539 1530 2606 damnationem,
1569 2553 1731 2608 quam
1781 2541 1870 2595 alii
1919 2538 2090 2596 Judaei

513 2637 825 2692 peccantes.
869 2625 1125 2683 Potentes
1170 2631 1312 2683 enim
1367 2631 1640 2698 potentius
1696 2631 1988 2699 punientur
2020 2632 2090 2685 ".

520 2715 739 2771 Interim
772 2727 828 2773 et
862 2721 1135 2788 apostolos
1167 2724 1323 2776 docet
1359 2738 1426 2775 ne
1451 2723 1603 2792 juxta
1629 2722 1942 2777 Scribarum
1975 2737 2093 2778 m0-

517 2821 628 2861 rem
682 2809 884 2873 vivant,
912 2813 1005 2866 sed
1057 2812 1231 2881 ipsum
1288 2815 1584 2869 imitentur.
1630 2815 1889 2870 Doctores
1939 2813 2086 2867 enim

516 2898 638 2953 illos
668 2901 926 2956 ordinans
956 2907 1383 2958 consentaneum
1423 2914 1561 2968 erat,
1626 2916 1682 2958 ut
1712 2916 1765 2960 et
1797 2907 1917 2959 vitae
1977 2920 2088 2960 sum

515 2987 714 3044 faceret
746 2991 1063 3050 imitatores.

2187 1991 2348 2050 τέων,
2395 1989 2504 2042 τῶν
2559 1989 2750 2051 στολὰς
2806 1988 3116 2059 φορούντων
3167 1987 3518 2057 σεμνοτέρας,
3576 1988 3671 2038 καὶ
3711 1986 3782 2037 ὲκ

2181 2081 2387 2135 τούτων
2445 2082 2710 2135 θελόντων
2786 2083 3180 2153 προτιμᾶσθαι,
3242 2083 3337 2135 καὶ
3397 2081 3524 2141 τοὺς
3593 2081 3779 2131 ἀσπα-

2187 2174 2355 2242 σμοὺς
2391 2171 2446 2226 δὲ
2481 2173 2576 2225 καὶ
2635 2174 2732 2236 τὰς
2758 2174 3036 2243 εὐφημίας
3085 2171 3500 2241 ἀποδεχομένων
3542 2171 3600 2221 ὲν
3655 2170 3780 2230 ταῖς

2185 2265 2445 2335 ἀγοραῖς,
2501 2265 2594 2318 καὶ
2641 2266 2740 2318 ὅσα
2802 2265 2937 2318 ἀλλα
2997 2265 3135 2334 πρὸς
3196 2264 3357 2329 δόξαν
3421 2260 3781 2330 ἐπιτηδευόνο

2187 2373 2315 2419 των,
2345 2357 2525 2409 οἱκαὶ
2598 2357 2695 2419 τὰς
2747 2357 2925 2421 οἰκίας
2984 2358 3093 2409 τῶν
3129 2355 3312 2427 χηρῶν
3369 2353 3777 2408 κατεσθίουσιν.

2203 2446 2632 2516 ’Υπεισήρχοντο
2653 2448 2762 2517 γὰρ
2818 2449 2916 2511 τὰς
2969 2446 3445 2518 ἀπροστατεύτους
3479 2446 3778 2514 γυναῖκας,

2189 2537 2265 2599 ὡς
2296 2537 2458 2607 δῆθεν
2481 2541 2787 2608 προστάται
2842 2539 3022 2593 αὐτῶν
3059 2538 3331 2609 ἐσόμενοι,
3371 2537 3466 2591 καὶ
3498 2537 3784 2605 προφάσει

2191 2629 2284 2679 τοῦ
2319 2627 2508 2698 μακρά
2537 2629 2958 2699 προσεύχεσθαι,
2985 2629 3081 2683 καὶ
3110 2629 3460 2700 προσχήματι
3488 2624 3782 2686 εὐλαϐείας

2192 2721 2287 2772 καὶ
2366 2721 2660 2791 ὑποκρίσει
2722 2722 3039 2786 ἀπατῶντες
3129 2724 3257 2784 τοὺς
3341 2719 3784 2788 ἀφελεστέρους,

2198 2811 2490 2879 κατήσθιον
2555 2813 2655 2875 τὰς
2707 2813 2885 2876 οἰκίας
2933 2813 3040 2867 τῶν
3082 2813 3375 2866 πλουσίων.
3413 2806 3572 2866 Οὗτοι
3603 2809 3787 2862 τοίνυν

2197 2905 2588 2975 περισσότερον
2623 2905 3125 2976 κατακριοήσονται
3163 2903 3274 2956 τῶν
3300 2904 3476 2958 ἄλλων
3510 2900 3792 2955 Ἰουδαίων

2198 2998 2783 3070 τῶννάμαρτανόντων.
2830 2998 3060 3052 Δυνατοὶ
3097 2999 3229 3070 γὰρ,
3275 2996 3518 3058 δυνατῶς
3550 2992 3792 3061 ὲτασθή-

523 3097 726 3135 σονται.
763 3084 915 3153 ’Δμα
972 3085 1029 3138 δὲ
1076 3085 1168 3140 διὰ
1220 3087 1429 3141 τούτων
1461 3089 1716 3153 καὶτοὺς
1763 3088 2096 3150 ἀποστόλους
2175 3069 2421 3142 διδάσκει
2481 3089 2555 3160 μὴ
2606 3091 2750 3143 κατά
2798 3093 2924 3154 τούς
2971 3069 3325 3161 Γραμματείς
3382 3084 3791 3150 πολιτεύεσθαι,

518 3173 634 3225 ἀλλ’
689 3174 852 3228 αὐτὸν
908 3177 1215 3247 μιμεῖσθαι.
1290 3179 1657 3244 Διδασκάλους
1711 3182 1820 3251 γάρ
1859 3181 2056 3242 αὐτοὺς
2099 3183 2699 3252 χειροτονῶν,είκότως
2736 3184 2830 3236 καὶ
2879 3186 3008 3253 περὶ
3078 3181 3171 3234 τοῦ
3251 3181 3368 3252 βίου
3414 3180 3600 3242 αὐτοῖς
3653 3179 3793 3233 ὐπο-

517 3267 742 3322 τίθεται.

589 3362 754 3417 Vsus.
779 3362 972 3418 41-44.
1023 3381 1043 3415 ι
1085 3362 1152 3420 Ει
1188 3379 1311 3420 cum
1361 3365 1572 3421 sederet
1593 3363 1753 3421 Jesus
1779 3381 1845 3420 ex
1867 3367 2090 3420 adverso

2279 3385 2296 3416 ι
2339 3365 2447 3417 Kal.
2469 3364 2698 3427 καθίσας
2754 3365 2782 3417 ὁ
2821 3361 3025 3433 Ἰησοῦς
3074 3361 3362 3416 κατέναντι
3401 3357 3497 3412 τοῦ
3539 3358 3788 3426 γαζοφυο

519 3454 911 3526 gazophylacii,
944 3457 1221 3526 spectabat
1257 3459 1526 3524 quomodo
1563 3457 1718 3512 turba
1752 3458 1987 3511 mitteret
2021 3472 2096 3510 tes

522 3546 574 3599 in
606 3544 1070 3615 gazophylacium,
1095 3554 1147 3599 et
1173 3545 1327 3600 multi
1357 3546 1552 3601 divites
1575 3548 1857 3602 mittebant
1885 3547 2046 3599 multa
2080 3565 2094 3601 :

520 3647 574 3692 ct
624 3637 771 3692 venit
818 3637 1063 3707 quaedam
1101 3639 1259 3693 vidua
1311 3654 1533 3710 pauper,
1581 3640 1837 3709 misitque
1892 3639 2095 3692 minuta

524 3727 651 3791 duo,
675 3727 817 3795 quod
847 3735 929 3781 est
953 3727 1246 3797 quadrans.
1278 3726 1609 3797 Vocatisque
1637 3728 1703 3783 ad
1735 3744 1794 3784 se
1817 3729 2099 3797 discipulis

523 3819 637 3873 Suis
679 3819 810 3873 dicit
855 3819 959 3872 illis
993 3837 1006 3874 :
1043 3821 1210 3877 Amen
1243 3820 1362 3873 dico
1394 3821 1562 3884 vobis,
1596 3821 1738 3889 quod
1793 3821 1949 3873 vidua
1983 3822 2096 3873 hac

525 3927 726 3980 pauper
775 3911 896 3980 plus
941 3912 1112 3978 misit,
1155 3927 1318 3982 quam
1373 3927 1564 3968 omnes
1597 3914 1686 3982 qui
1723 3914 1989 3967 miserunt
2035 3915 2087 3967 in

526 4003 994 4072 gazophylacium.
1023 4002 1156 4058 Nam
1192 4017 1378 4057 omnes
1403 4017 1467 4057 ex
1503 4018 1567 4058 eo
1598 4003 1739 4071 quod
1775 4004 1907 4072 ipsis
1937 4017 2099 4073 supe-

527 4104 691 4157 rerat,
715 4094 972 4148 miserunt
1005 4113 1020 4151 z
1051 4107 1106 4148 at
1141 4097 1253 4148 haec
1285 4114 1312 4148 e
1345 4095 1567 4164 penuria
1599 4110 1695 4149 sua
1731 4095 1910 4148 omnia
1960 4109 2104 4163 qutu-

527 4200 738 4251 eunque
773 4185 1000 4239 habebat
1029 4187 1194 4247 misit,
1234 4195 1399 4239 totam
1431 4187 1793 4241 substantiam
1840 4201 2015 4240 suam.
2080 4205 2097 4236 ο

530 4277 788 4330 Mirabilis
836 4279 1079 4346 quaedam
1131 4276 1464 4331 consuetudo
1521 4279 1657 4345 apud
1700 4277 1913 4333 Judzeos
1962 4285 2098 4331 erat.

530 4369 630 4434 Qui
657 4368 797 4422 enim
829 4363 1074 4436 poterant
1099 4377 1152 4423 et
1183 4368 1452 4430 volebant,
1476 4367 1767 4420 mittebant
1800 4369 1850 4420 in
1887 4369 2103 4420 thesau-

532 4478 647 4514 rum
699 4460 1016 4531 templi,qui
1076 4461 1370 4514 vocabatur
1418 4461 1885 4530 gazophylacium,
1915 4473 1945 4511 e
1995 4472 2104 4527 quo

529 4555 841 4608 sacerdotes
867 4563 915 4606 et
948 4565 1212 4622 pauperes
1243 4560 1296 4607 et
1329 4553 1502 4605 vidua:
1533 4553 1834 4605 alebantur.
1857 4551 2102 4620 Cumque

534 4648 586 4697 id
637 4645 788 4698 multi
825 4644 1082 4708 facerent,
1105 4655 1158 4697 et
1188 4644 1344 4698 vidua
1378 4645 1629 4709 accessit,
1658 4661 1810 4699 suam
1860 4647 2105 4700 volunta-

2199 3455 2410 3518 λακίου,
2445 3454 2674 3526 ἐθεώρει
2732 3452 2850 3516 πῶς
2896 3453 2925 3505 ὁ
2981 3452 3136 3523 ὄχλος
3172 3450 3355 3521 βάλλει
3386 3448 3585 3519 χαλκὸν
3625 3448 3706 3509 είς
3729 3445 3792 3499 τὸ

2200 3547 2623 3616 γαζοφυλάκιον.
2656 3545 2767 3598 Καὶ
2791 3544 2976 3597 πολλοὶ
3016 3545 3262 3597 πλούσιοι
3329 3540 3557 3595 ἔϐαλλον
3589 3538 3788 3602 πολλὰ,

2205 3638 2297 3691 καὶ
2327 3636 2560 3689 ἐλθοῦσα
2611 3637 2710 3707 μία
2762 3638 2908 3707 χήρα
2958 3635 3148 3705 πτωχὴ
3178 3633 3371 3688 ἔϐαλλε
3416 3632 3590 3686 λεπτά
3613 3633 3730 3696 δύο,
3760 3629 3790 3682 δ

2202 3729 2317 3782 ἐστι
2351 3728 2810 3799 κοδράντηςυΚαὶ
2840 3727 3355 3799 προσκαλεσάμενος
3377 3725 3508 3786 τούς
3538 3722 3792 3794 μαθητὰς

2201 3821 2390 3889 αὐτοῦ,
2421 3821 2572 3889 λέγει
2623 3821 2807 3884 αὐτοῖς
2829 3837 2842 3850 ο
2908 3821 3080 3891 ’Λμὴν
3116 3820 3260 3886 λέγω
3305 3820 3432 3888 ὑμῖν
3457 3818 3540 3870 ὅτι
3569 3819 3603 3886 ὴ
3646 3817 3794 3886 χήρα

2204 3915 2344 3984 αὕτη
2385 3916 2633 3984 ἠπτωχὴ
2688 3913 2875 3966 πλεῖον
2896 3913 3116 3966 πάντων
3172 3911 3404 3981 βέϐληκε
3433 3909 3542 3962 τῶν
3595 3907 3793 3978 βαλόν-

2203 4024 2311 4059 των
2342 4006 2420 4067 είς
2447 4006 2952 4073 τδγαζοφυλάκιον.
2991 4004 3200 4065 Πάντες
3238 4003 3347 4072 γὰρ
3373 4005 3437 4054 ὲκ
3463 3999 3559 4052 τοῦ
3592 4015 3793 4067 περισε-

2207 4095 2462 4157 σεύοντος
2505 4097 2689 4158 αὐτοῖς
2718 4095 2928 4158 ἔϐαλον,
2958 4093 3097 4161 αὐτη
3127 4095 3204 4158 δὲ,
3228 4095 3291 4144 ὲκ
3310 4093 3407 4160 τῆς
3440 4090 3795 4159 ὑστερήσεως

2204 4191 2398 4258 αὐτῆς,
2436 4188 2614 4241 πάντα
2656 4189 2757 4240 ὅσα
2818 4182 2964 4256 εἶχεν
3000 4187 3213 4252 ἔϐαλεν,
3267 4185 3387 4238 ὅλον
3416 4184 3509 4235 τὸν
3549 4182 3666 4253 βίον
3695 4182 3796 4234 αὐ-

2207 4285 2326 4353 τῆς.
2372 4302 2389 4334 ι
2428 4280 2756 4351 Θαυμαστόν
2777 4297 2827 4332 τι
2859 4279 2979 4340 ἔθος
3008 4279 3160 4346 παρά
3189 4280 3303 4340 τοῖς
3334 4276 3605 4339 Ἰουδαίοις
3625 4275 3791 4345 ἐκρά-

2205 4393 2310 4440 τει,
2360 4375 2500 4429 ὥστε
2559 4374 2684 4436 τοὺς
2739 4373 2959 4442 ἔχοντας
2987 4375 3083 4426 καὶ
3141 4371 3502 4441 βουλομένους
3569 4369 3794 4439 βάλλειν

2212 4471 2291 4532 εἰς
2322 4472 2412 4521 τὸν
2459 4469 2516 4521 ὲν
2568 4467 2644 4536 τῷ
2697 4465 2826 4537 ἱερῷ
2875 4464 3148 4535 θησαυρὸν
3181 4457 3355 4534 (οὗτος
3394 4464 3500 4532 γὰρ
3546 4463 3801 4516 ἐκαλεῖτο

2211 4559 2655 4631 γαζοφυλάκιον),
2675 4558 2747 4620 ὡς
2779 4559 2844 4610 ἂν
2873 4557 3006 4609 οἵτε
3038 4559 3204 4627 ἱερεῖς
3235 4556 3329 4609 καὶ
3356 4557 3406 4607 οἱ
3437 4556 3670 4624 πένητες
3701 4556 3801 4608 καὶ

2212 4654 2266 4706 αἱ
2309 4653 2474 4722 χῆραι
2535 4655 2596 4704 ὲκ
2631 4650 2836 4702 τούτων
2890 4649 3289 4719 διατρέφοιντο.
3333 4645 3554 4699 Πολλῶν
3605 4641 3703 4698 οὖν
3740 4646 3802 4698 τὸ

539 4749 640 4788 tem
677 4735 960 4789 declarans
1009 4737 1202 4804 opibus
1256 4736 1931 4791 abundantiorem.Gloria
1985 4739 2090 4792 tibi.

2215 4744 2426 4797 τοιοῦτο
2460 4744 2778 4807 ποιούντων,
2833 4743 2924 4794 καὶ
2949 4743 3090 4810 χήρα
3127 4737 3502 4810 προσελθοῦσα
3532 4738 3635 4809 τὴν
3663 4738 3799 4792 ἑαυσ

531 4829 763 4890 ChriSIe,
789 4828 877 4896 qui
934 4839 987 4882 et
1043 4845 1203 4898 parva
1263 4832 1497 4899 gratiora
1556 4845 1697 4898 smpe
1753 4832 1916 4884 habes
1949 4847 2106 4898 quam

537 4937 744 4992 nmgua.
773 4921 965 4986 Quaeso
1003 4933 1057 4974 ttt
1096 4921 1258 4975 etiam
1320 4937 1435 4976 mea
1468 4924 1644 4976 anima
1677 4923 1828 4975 vidua
1866 4925 1986 4977 talis
2014 4927 2102 4984 sit,

535 5029 653 5080 qua:
701 5012 920 5081 abjiciat
963 5013 1242 5080 Satanam,
1279 5016 1362 5069 cui
1419 5016 1665 5078 adhaesit,
1699 5027 1752 5070 et
1807 5020 1990 5070 mittat
2055 5018 2104 5070 in

538 5106 844 5158 thesaurum
873 5119 1088 5159 sacrum
1121 5106 1227 5160 duo
1259 5107 1487 5171 minuta,
1516 5123 1731 5163 carnem
1761 5119 1814 5163 et
1843 5117 2102 5170 mentem,

538 5195 762 5262 ipsaque
797 5194 1102 5262 imminuat,
1125 5197 1455 5252 continentia
1485 5199 1701 5267 quidem
1739 5214 1982 5262 earuem,
2007 5201 2108 5253 hu-

540 5283 764 5339 militate
799 5300 926 5342 vero
974 5297 1228 5355 mentem,
1256 5300 1310 5342 ut
1359 5300 1413 5345 et
1459 5306 1558 5361 ego
1605 5295 1816 5348 audiam
1855 5295 1998 5363 quod
2034 5303 2112 5350 to-

542 5385 647 5428 tam
683 5390 855 5429 meam
887 5377 1050 5434 vitam
1087 5372 1452 5436 consecrari'm
1486 5383 1614 5448 Deo,
1641 5399 1744 5440 non
1781 5386 1964 5442 relicta
2003 5386 2107 5442 ulla

539 5469 866 5534 eugitatioue
905 5470 984 5523 vel
1016 5470 1298 5528 aifectione
1338 5471 1464 5531 huic
1500 5477 1720 5535 mundo.

613 5823 654 5856 ’⁷
692 5822 813 5884 Sap.
862 5840 932 5886 vt,
972 5826 1024 5879 7.

2217 4835 2318 4903 τῆς
2354 4833 2675 4904 προαίρεσιν
2705 4831 3019 4897 ἐπεδείξατο
3066 4829 3450 4899 εὐπορωτέραν
3490 4829 3589 4897 τῆς
3631 4828 3799 4883 δυνά-

2221 4947 2382 4998 μεως.
2414 4927 2548 4991 Δόξα
2585 4945 2688 4990 σοι,
2720 4927 2941 4994 Χριστὲ,
2978 4925 3034 4988 ὃς
3074 4924 3165 4977 καὶ
3200 4924 3266 4976 τά
3302 4923 3474 4994 μικρά
3491 4923 3622 4995 δέχῃ
3651 4922 3798 4996 ὑπὲρ

2215 5019 2282 5073 τὰ
2312 5019 2523 5088 μεγάλα
2551 5017 2831 5078 πολλάκις.
2881 5017 3094 5068 Γένοιτο
3150 5019 3242 5069 καὶ
3279 5015 3378 5084 τὴν
3422 5015 3562 5085 ἐμὴν
3611 5015 3798 5086 ψυχὴν

2214 5112 2390 5180 χήραν
2425 5108 2703 5177 γενέσθαι,
2735 5106 3116 5160 ἀποϐαλοῦσαν
3137 5105 3229 5159 τὸν
3254 5105 3524 5166 Σατανᾶν,
3557 5097 3601 5172 ᾧ
3622 5121 3796 5173 προσ-

2219 5202 2505 5272 εκολλήθη.
2565 5201 2660 5255 καὶ
2700 5199 2881 5269 βαλεῖν
2941 5200 3021 5262 είς
3054 5199 3147 5251 τὸν
3206 5197 3350 5268 ἱερὸν
3381 5195 3658 5267 θησαυρὸν
3704 5196 3801 5249 δύο

2217 5293 2411 5359 λεπτὰ,
2439 5294 2539 5362 τὴν
2568 5293 2748 5362 σάρκα
2801 5292 2895 5345 καὶ
2942 5291 3032 5343 τὸν
3063 5289 3209 5355 νοῦν,
3247 5289 3590 5342 λεπτύνασαν
3631 5287 3798 5353 αὐτὰ,

2214 5381 2303 5434 διὰ
2357 5382 2455 5450 τῆς
2485 5380 2814 5450 ἐγκρατείας
2864 5380 2963 5450 μὲν
2993 5380 3092 5450 τὴν
3135 5382 3337 5449 σάρκα,
3367 5379 3453 5432 διὰ
3483 5379 3540 5432 δὲ
3568 5379 3667 5448 τῆς
3699 5396 3798 5430 τα-

2216 5474 2550 5536 πεινώσεως.
2586 5473 2678 5525 τὸν
2705 5472 2854 5537 νοῦν,
2888 5473 2974 5527 ἵνα
3005 5473 3101 5527 καὶ
3159 5474 3270 5542 ἐγὼ
3302 5473 3520 5527 ἀκούσω
3549 5473 3630 5524 ὅτι
3674 5471 3797 5524 ὅλον

2219 5582 2321 5632 μου
2367 5565 2458 5616 τὸν
2521 5564 2632 5634 βίον
2684 5565 2826 5635 ίερδ)
2884 5565 3250 5635 ἐποιησάμην,
3300 5565 3448 5618 οὐδὲν
3494 5561 3795 5631 ὑπολείψας

2219 5657 2391 5727 νόημα
2496 5657 2700 5728 κίνημα
2731 5657 2808 5726 τῷ
2843 5659 3050 5727 κόσμῳ.
