  <div class='ocr_page' id='page_1' title='image "/cluster/home/n/w/nwhite01/storage/ocr_20150623/123/ien.35556001659978/324.png"; bbox 0 0 4028 6406; ppageno 0'>
   <div class='ocr_carea' id='block_1_1' title="bbox 229 426 447 495">
    <p class='ocr_par' dir='ltr' id='par_1_1' title="bbox 229 426 447 495">
     <span class='ocr_line' id='line_1_1' title="bbox 229 426 447 495; baseline 0.009 -2"><span class='ocrx_word' id='word_1_1' title='bbox 229 426 447 495; x_wconf 77' lang='lat'><strong>633‘</strong></span> 
     </span>
    </p>
   </div>
   <div class='ocr_carea' id='block_1_2' title="bbox 854 545 1239 604">
    <p class='ocr_par' dir='ltr' id='par_1_2' title="bbox 854 545 1239 604">
     <span class='ocr_line' id='line_1_2' title="bbox 854 545 1239 604; baseline 0.008 -4"><span class='ocrx_word' id='word_1_2' title='bbox 854 547 1107 602; x_wconf 78' lang='grc' dir='ltr'><strong>ΚΕΦΑΔ.</strong></span> <span class='ocrx_word' id='word_1_3' title='bbox 1141 545 1239 604; x_wconf 86' lang='grc' dir='ltr'><strong>ΙΓ’.</strong></span> 
     </span>
    </p>
   </div>
   <div class='ocr_carea' id='block_1_3' title="bbox 232 678 1842 754">
    <p class='ocr_par' dir='ltr' id='par_1_3' title="bbox 232 678 1842 754">
     <span class='ocr_line' id='line_1_3' title="bbox 232 678 1842 754; baseline -0.002 -14"><span class='ocrx_word' id='word_1_4' title='bbox 232 683 378 754; x_wconf 72' lang='grc' dir='ltr'><strong>Περὶ</strong></span> <span class='ocrx_word' id='word_1_5' title='bbox 417 678 535 754; x_wconf 79' lang='grc' dir='ltr'><strong>τῆς</strong></span> <span class='ocrx_word' id='word_1_6' title='bbox 574 682 959 748; x_wconf 74' lang='grc' dir='ltr'><strong>συντελείας.</strong></span> <span class='ocrx_word' id='word_1_7' title='bbox 984 683 1126 753; x_wconf 77' lang='grc' dir='ltr'><strong>Περὶ</strong></span> <span class='ocrx_word' id='word_1_8' title='bbox 1153 681 1263 752; x_wconf 82' lang='grc' dir='ltr'><strong>τῆς</strong></span> <span class='ocrx_word' id='word_1_9' title='bbox 1282 680 1514 753; x_wconf 79' lang='grc' dir='ltr'><strong>ἡμέρας</strong></span> <span class='ocrx_word' id='word_1_10' title='bbox 1537 680 1633 736; x_wconf 78' lang='grc' dir='ltr'><strong>καὶ</strong></span> <span class='ocrx_word' id='word_1_11' title='bbox 1664 680 1842 751; x_wconf 82' lang='grc' dir='ltr'><strong>ὥρας.</strong></span> 
     </span>
    </p>
   </div>
   <div class='ocr_carea' id='block_1_4' title="bbox 317 816 1846 892">
    <p class='ocr_par' dir='ltr' id='par_1_4' title="bbox 317 816 1846 892">
     <span class='ocr_line' id='line_1_4' title="bbox 317 816 1846 892; baseline -0.002 -20"><span class='ocrx_word' id='word_1_12' title='bbox 317 839 337 872; x_wconf 74' lang='grc' dir='ltr'><strong>ι</strong></span> <span class='ocrx_word' id='word_1_13' title='bbox 371 821 484 874; x_wconf 79' lang='lat' dir='ltr'><strong>Kal</strong></span> <span class='ocrx_word' id='word_1_14' title='bbox 523 818 970 892; x_wconf 73' lang='grc' dir='ltr'><strong>ικπορευομένου</strong></span> <span class='ocrx_word' id='word_1_15' title='bbox 1019 818 1189 872; x_wconf 82' lang='grc' dir='ltr'><strong>αὐτοῦ</strong></span> <span class='ocrx_word' id='word_1_16' title='bbox 1235 819 1301 872; x_wconf 79' lang='grc' dir='ltr'><strong>ὲκ</strong></span> <span class='ocrx_word' id='word_1_17' title='bbox 1343 816 1439 872; x_wconf 92' lang='grc' dir='ltr'><strong>τοῦ</strong></span> <span class='ocrx_word' id='word_1_18' title='bbox 1474 816 1648 886; x_wconf 86' lang='grc' dir='ltr'><strong>ίεροῦ,</strong></span> <span class='ocrx_word' id='word_1_19' title='bbox 1696 816 1846 885; x_wconf 87' lang='grc' dir='ltr'><strong>λέγει</strong></span> 
     </span>
    </p>
   </div>
   <div class='ocr_carea' id='block_1_5' title="bbox 233 906 1847 982">
    <p class='ocr_par' dir='ltr' id='par_1_5' title="bbox 233 906 1847 982">
     <span class='ocr_line' id='line_1_5' title="bbox 233 906 1847 982; baseline -0.003 -15"><span class='ocrx_word' id='word_1_20' title='bbox 233 911 394 981; x_wconf 82' lang='grc' dir='ltr'><strong>αὐτῷ</strong></span> <span class='ocrx_word' id='word_1_21' title='bbox 411 906 494 976; x_wconf 76' lang='grc' dir='ltr'><strong>εἷς</strong></span> <span class='ocrx_word' id='word_1_22' title='bbox 517 910 626 965; x_wconf 88' lang='grc' dir='ltr'><strong>τῶν</strong></span> <span class='ocrx_word' id='word_1_23' title='bbox 655 910 918 982; x_wconf 81' lang='grc' dir='ltr'><strong>μαθητῶν</strong></span> <span class='ocrx_word' id='word_1_24' title='bbox 945 909 1120 965; x_wconf 85' lang='grc' dir='ltr'><strong>αὐτοῦ</strong></span> <span class='ocrx_word' id='word_1_25' title='bbox 1143 926 1156 941; x_wconf 77' lang='grc' dir='ltr'><strong>ο</strong></span> <span class='ocrx_word' id='word_1_26' title='bbox 1207 910 1533 974; x_wconf 85' lang='grc' dir='ltr'><strong>Διδάσκαλε,</strong></span> <span class='ocrx_word' id='word_1_27' title='bbox 1568 909 1646 963; x_wconf 79' lang='grc' dir='ltr'><strong>ῐδε</strong></span> <span class='ocrx_word' id='word_1_28' title='bbox 1675 926 1847 962; x_wconf 84' lang='grc' dir='ltr'><strong>ποτα-</strong></span> 
     </span>
    </p>
   </div>
   <div class='ocr_carea' id='block_1_6' title="bbox 236 994 1847 1073">
    <p class='ocr_par' dir='ltr' id='par_1_6' title="bbox 236 994 1847 1073">
     <span class='ocr_line' id='line_1_6' title="bbox 236 994 1847 1073; baseline 0 -17"><span class='ocrx_word' id='word_1_29' title='bbox 236 1007 332 1058; x_wconf 77' lang='grc' dir='ltr'><strong>ποὶ</strong></span> <span class='ocrx_word' id='word_1_30' title='bbox 361 1002 528 1066; x_wconf 90' lang='grc' dir='ltr'><strong>λίθοι,</strong></span> <span class='ocrx_word' id='word_1_31' title='bbox 563 994 660 1057; x_wconf 64' lang='grc' dir='ltr'><strong>καὶ</strong></span> <span class='ocrx_word' id='word_1_32' title='bbox 711 1004 958 1057; x_wconf 75' lang='grc' dir='ltr'><strong>ποταπαὶ</strong></span> <span class='ocrx_word' id='word_1_33' title='bbox 1010 1003 1316 1073; x_wconf 77' lang='grc' dir='ltr'><strong>οἰκοδομαί.</strong></span> <span class='ocrx_word' id='word_1_34' title='bbox 1381 1002 1493 1056; x_wconf 85' lang='grc' dir='ltr'><strong>Καὶ</strong></span> <span class='ocrx_word' id='word_1_35' title='bbox 1552 1003 1582 1055; x_wconf 83' lang='grc' dir='ltr'>ὁ</span> <span class='ocrx_word' id='word_1_36' title='bbox 1637 1001 1847 1070; x_wconf 88' lang='grc' dir='ltr'><strong>Ἰησοῦς</strong></span> 
     </span>
    </p>
   </div>
   <div class='ocr_carea' id='block_1_7' title="bbox 234 1092 1847 1168">
    <p class='ocr_par' dir='ltr' id='par_1_7' title="bbox 234 1092 1847 1168">
     <span class='ocr_line' id='line_1_7' title="bbox 234 1092 1847 1168; baseline -0.002 -16"><span class='ocrx_word' id='word_1_37' title='bbox 234 1095 567 1168; x_wconf 65' lang='grc' dir='ltr'><strong>ἀποκριθεὶς</strong></span> <span class='ocrx_word' id='word_1_38' title='bbox 592 1092 748 1151; x_wconf 75' lang='grc' dir='ltr'><strong>εἶπεν</strong></span> <span class='ocrx_word' id='word_1_39' title='bbox 774 1095 925 1166; x_wconf 81' lang='grc' dir='ltr'><strong>αὐτῷ</strong></span> <span class='ocrx_word' id='word_1_40' title='bbox 946 1112 962 1128; x_wconf 81' lang='grc'><em>’</em></span> <span class='ocrx_word' id='word_1_41' title='bbox 992 1095 1227 1159; x_wconf 81' lang='grc' dir='ltr'><strong>Βλέπεις</strong></span> <span class='ocrx_word' id='word_1_42' title='bbox 1247 1095 1455 1159; x_wconf 88' lang='grc' dir='ltr'><strong>ταύτας</strong></span> <span class='ocrx_word' id='word_1_43' title='bbox 1471 1097 1570 1157; x_wconf 76' lang='grc' dir='ltr'><strong>τὰς</strong></span> <span class='ocrx_word' id='word_1_44' title='bbox 1597 1094 1847 1164; x_wconf 76' lang='grc' dir='ltr'><strong>μεγάλας</strong></span> 
     </span>
    </p>
   </div>
   <div class='ocr_carea' id='block_1_8' title="bbox 233 1186 1845 1259">
    <p class='ocr_par' dir='ltr' id='par_1_8' title="bbox 233 1186 1845 1259">
     <span class='ocr_line' id='line_1_8' title="bbox 233 1186 1845 1259; baseline -0.002 -16"><span class='ocrx_word' id='word_1_45' title='bbox 233 1189 572 1258; x_wconf 82' lang='grc' dir='ltr'><strong>οίκοδομάς;</strong></span> <span class='ocrx_word' id='word_1_46' title='bbox 613 1189 674 1241; x_wconf 83' lang='grc' dir='ltr'><strong>οὐ</strong></span> <span class='ocrx_word' id='word_1_47' title='bbox 711 1187 787 1259; x_wconf 82' lang='grc' dir='ltr'><strong>μὴ</strong></span> <span class='ocrx_word' id='word_1_48' title='bbox 809 1187 987 1259; x_wconf 82' lang='grc' dir='ltr'><strong>ἀφεθῇ</strong></span> <span class='ocrx_word' id='word_1_49' title='bbox 1029 1187 1197 1251; x_wconf 68' lang='grc' dir='ltr'><strong>ιλίθος</strong></span> <span class='ocrx_word' id='word_1_50' title='bbox 1261 1187 1358 1240; x_wconf 78' lang='grc' dir='ltr'><strong>ἐπὶ</strong></span> <span class='ocrx_word' id='word_1_51' title='bbox 1404 1186 1538 1256; x_wconf 90' lang='grc' dir='ltr'><strong>λίθῳ</strong></span> <span class='ocrx_word' id='word_1_52' title='bbox 1570 1186 1631 1250; x_wconf 85' lang='grc' dir='ltr'><strong>ὃς</strong></span> <span class='ocrx_word' id='word_1_53' title='bbox 1660 1186 1723 1240; x_wconf 80' lang='grc' dir='ltr'><strong>οὐ</strong></span> <span class='ocrx_word' id='word_1_54' title='bbox 1769 1187 1845 1258; x_wconf 83' lang='grc' dir='ltr'><strong>μὴ</strong></span> 
     </span>
    </p>
   </div>
   <div class='ocr_carea' id='block_1_9' title="bbox 235 1279 1846 1354">
    <p class='ocr_par' dir='ltr' id='par_1_9' title="bbox 235 1279 1846 1354">
     <span class='ocr_line' id='line_1_9' title="bbox 235 1279 1846 1354; baseline -0.003 -18"><span class='ocrx_word' id='word_1_55' title='bbox 235 1284 549 1354; x_wconf 81' lang='grc' dir='ltr'><strong>καταλυθῇ.</strong></span> <span class='ocrx_word' id='word_1_56' title='bbox 611 1284 724 1337; x_wconf 84' lang='lat' dir='ltr'><strong>Kal</strong></span> <span class='ocrx_word' id='word_1_57' title='bbox 773 1282 1094 1352; x_wconf 79' lang='grc' dir='ltr'><strong>καθημένου</strong></span> <span class='ocrx_word' id='word_1_58' title='bbox 1153 1281 1334 1336; x_wconf 80' lang='grc' dir='ltr'><strong>αὐτοῦ</strong></span> <span class='ocrx_word' id='word_1_59' title='bbox 1367 1282 1450 1346; x_wconf 79' lang='grc' dir='ltr'><strong>είς</strong></span> <span class='ocrx_word' id='word_1_60' title='bbox 1483 1281 1546 1334; x_wconf 82' lang='grc' dir='ltr'><strong>τὸ</strong></span> <span class='ocrx_word' id='word_1_61' title='bbox 1581 1280 1707 1349; x_wconf 73' lang='grc' dir='ltr'><strong>ὅρος</strong></span> <span class='ocrx_word' id='word_1_62' title='bbox 1736 1279 1846 1332; x_wconf 88' lang='grc' dir='ltr'><strong>τῶν</strong></span> 
     </span>
    </p>
   </div>
   <div class='ocr_carea' id='block_1_10' title="bbox 247 1361 1845 1444">
    <p class='ocr_par' dir='ltr' id='par_1_10' title="bbox 247 1361 1845 1444">
     <span class='ocr_line' id='line_1_10' title="bbox 247 1361 1845 1444; baseline -0.004 -16"><span class='ocrx_word' id='word_1_63' title='bbox 247 1375 506 1442; x_wconf 83' lang='grc' dir='ltr'>Ἐλαιῶν,</span> <span class='ocrx_word' id='word_1_64' title='bbox 538 1375 835 1430; x_wconf 79' lang='grc' dir='ltr'><strong>κατέναντι</strong></span> <span class='ocrx_word' id='word_1_65' title='bbox 860 1372 955 1426; x_wconf 88' lang='grc' dir='ltr'><strong>τοῦ</strong></span> <span class='ocrx_word' id='word_1_66' title='bbox 985 1371 1157 1444; x_wconf 86' lang='grc' dir='ltr'><strong>ίεροῦ,</strong></span> <span class='ocrx_word' id='word_1_67' title='bbox 1181 1372 1487 1443; x_wconf 76' lang='grc' dir='ltr'><strong>ἐπηρώτων</strong></span> <span class='ocrx_word' id='word_1_68' title='bbox 1521 1361 1845 1426; x_wconf 24' lang='grc' dir='ltr'><strong>αὐτδνκκαθ</strong></span> 
     </span>
    </p>
   </div>
   <div class='ocr_carea' id='block_1_11' title="bbox 237 1464 1846 1539">
    <p class='ocr_par' dir='ltr' id='par_1_11' title="bbox 237 1464 1846 1539">
     <span class='ocr_line' id='line_1_11' title="bbox 237 1464 1846 1539; baseline -0.002 -18"><span class='ocrx_word' id='word_1_69' title='bbox 237 1467 386 1522; x_wconf 85' lang='grc' dir='ltr'><strong>ίδίαν</strong></span> <span class='ocrx_word' id='word_1_70' title='bbox 416 1468 628 1539; x_wconf 83' lang='grc' dir='ltr'><strong>Πέτρος</strong></span> <span class='ocrx_word' id='word_1_71' title='bbox 654 1468 749 1522; x_wconf 76' lang='grc' dir='ltr'><strong>καὶ</strong></span> <span class='ocrx_word' id='word_1_72' title='bbox 795 1465 1058 1530; x_wconf 74' lang='grc' dir='ltr'><strong>Ἰάκωϐος</strong></span> <span class='ocrx_word' id='word_1_73' title='bbox 1118 1467 1217 1520; x_wconf 72' lang='grc' dir='ltr'><strong>καὶ</strong></span> <span class='ocrx_word' id='word_1_74' title='bbox 1271 1466 1532 1536; x_wconf 80' lang='grc' dir='ltr'><strong>Ἰωάννης</strong></span> <span class='ocrx_word' id='word_1_75' title='bbox 1588 1464 1684 1518; x_wconf 79' lang='grc' dir='ltr'><strong>καὶ</strong></span> <span class='ocrx_word' id='word_1_76' title='bbox 1723 1465 1846 1518; x_wconf 82' lang='grc' dir='ltr'><strong>Ἀν-</strong></span> 
     </span>
    </p>
   </div>
   <div class='ocr_carea' id='block_1_12' title="bbox 234 1556 1846 1631">
    <p class='ocr_par' dir='ltr' id='par_1_12' title="bbox 234 1556 1846 1631">
     <span class='ocr_line' id='line_1_12' title="bbox 234 1556 1846 1631; baseline -0.002 -17"><span class='ocrx_word' id='word_1_77' title='bbox 234 1559 426 1631; x_wconf 54' lang='lat' dir='ltr'><strong>optas“</strong></span> <span class='ocrx_word' id='word_1_78' title='bbox 466 1560 608 1614; x_wconf 76' lang='grc' dir='ltr'><strong>Εἰπὲ</strong></span> <span class='ocrx_word' id='word_1_79' title='bbox 642 1562 777 1631; x_wconf 79' lang='grc' dir='ltr'><strong>ἡμῖν</strong></span> <span class='ocrx_word' id='word_1_80' title='bbox 811 1559 945 1612; x_wconf 86' lang='grc' dir='ltr'><strong>πότε</strong></span> <span class='ocrx_word' id='word_1_81' title='bbox 988 1557 1166 1612; x_wconf 85' lang='grc' dir='ltr'><strong>ταῦτα</strong></span> <span class='ocrx_word' id='word_1_82' title='bbox 1213 1558 1405 1621; x_wconf 61' lang='lat' dir='ltr'><strong>terat;</strong></span> <span class='ocrx_word' id='word_1_83' title='bbox 1446 1559 1542 1612; x_wconf 67' lang='grc' dir='ltr'><strong>καὶ</strong></span> <span class='ocrx_word' id='word_1_84' title='bbox 1568 1556 1621 1610; x_wconf 88' lang='grc' dir='ltr'><strong>τί</strong></span> <span class='ocrx_word' id='word_1_85' title='bbox 1654 1557 1716 1610; x_wconf 80' lang='grc' dir='ltr'><strong>τὸ</strong></span> <span class='ocrx_word' id='word_1_86' title='bbox 1747 1573 1846 1626; x_wconf 86' lang='grc' dir='ltr'><strong>ση-</strong></span> 
     </span>
    </p>
   </div>
   <div class='ocr_carea' id='block_1_13' title="bbox 240 1651 1835 1726">
    <p class='ocr_par' dir='ltr' id='par_1_13' title="bbox 240 1651 1835 1726">
     <span class='ocr_line' id='line_1_13' title="bbox 240 1651 1835 1726; baseline -0.004 -19"><span class='ocrx_word' id='word_1_87' title='bbox 240 1655 396 1724; x_wconf 87' lang='grc' dir='ltr'><strong>μεῖον</strong></span> <span class='ocrx_word' id='word_1_88' title='bbox 455 1655 589 1709; x_wconf 80' lang='grc' dir='ltr'><strong>ὅταν</strong></span> <span class='ocrx_word' id='word_1_89' title='bbox 655 1653 829 1726; x_wconf 82' lang='grc' dir='ltr'><strong>μέλλῃ</strong></span> <span class='ocrx_word' id='word_1_90' title='bbox 886 1653 1062 1708; x_wconf 86' lang='grc' dir='ltr'><strong>ταῦτα</strong></span> <span class='ocrx_word' id='word_1_91' title='bbox 1115 1653 1300 1708; x_wconf 82' lang='grc' dir='ltr'><strong>πάντα</strong></span> <span class='ocrx_word' id='word_1_92' title='bbox 1361 1651 1784 1716; x_wconf 83' lang='grc' dir='ltr'><strong>συντελεῖσθαι;</strong></span> <span class='ocrx_word' id='word_1_93' title='bbox 1817 1667 1835 1701; x_wconf 78' lang='grc' dir='ltr'><strong>ι</strong></span> 
     </span>
    </p>
   </div>
   <div class='ocr_carea' id='block_1_14' title="bbox 250 1742 1843 1816">
    <p class='ocr_par' dir='ltr' id='par_1_14' title="bbox 250 1742 1843 1816">
     <span class='ocr_line' id='line_1_14' title="bbox 250 1742 1843 1816; baseline -0.003 -17"><span class='ocrx_word' id='word_1_94' title='bbox 250 1745 483 1816; x_wconf 78' lang='grc' dir='ltr'><strong>Ἐπειδὴ</strong></span> <span class='ocrx_word' id='word_1_95' title='bbox 521 1745 694 1798; x_wconf 80' lang='grc' dir='ltr'>πολλὰ</span> <span class='ocrx_word' id='word_1_96' title='bbox 736 1745 865 1815; x_wconf 80' lang='grc' dir='ltr'><strong>περὶ</strong></span> <span class='ocrx_word' id='word_1_97' title='bbox 904 1745 1004 1814; x_wconf 77' lang='grc' dir='ltr'><strong>τῆς</strong></span> <span class='ocrx_word' id='word_1_98' title='bbox 1038 1743 1380 1815; x_wconf 73' lang='grc' dir='ltr'><strong>ἐρημώσεως</strong></span> <span class='ocrx_word' id='word_1_99' title='bbox 1415 1744 1515 1812; x_wconf 80' lang='grc' dir='ltr'><strong>τῆς</strong></span> <span class='ocrx_word' id='word_1_100' title='bbox 1565 1742 1843 1812; x_wconf 88' lang='grc' dir='ltr'><strong>Ἰερουσα-</strong></span> 
     </span>
    </p>
   </div>
   <div class='ocr_carea' id='block_1_15' title="bbox 238 1832 1843 1910">
    <p class='ocr_par' dir='ltr' id='par_1_15' title="bbox 238 1832 1843 1910">
     <span class='ocr_line' id='line_1_15' title="bbox 238 1832 1843 1910; baseline 0.001 -20"><span class='ocrx_word' id='word_1_101' title='bbox 238 1838 356 1910; x_wconf 80' lang='grc' dir='ltr'><strong>λὴμ</strong></span> <span class='ocrx_word' id='word_1_102' title='bbox 376 1837 566 1904; x_wconf 75' lang='grc' dir='ltr'><strong>ἔλεγεν</strong></span> <span class='ocrx_word' id='word_1_103' title='bbox 591 1839 619 1891; x_wconf 81' lang='grc' dir='ltr'><strong><em>ὁ</em></strong></span> <span class='ocrx_word' id='word_1_104' title='bbox 640 1838 864 1908; x_wconf 86' lang='grc' dir='ltr'><strong>Κύριος,</strong></span> <span class='ocrx_word' id='word_1_105' title='bbox 883 1839 988 1904; x_wconf 76' lang='grc' dir='ltr'><strong>ὅτι,</strong></span> <span class='ocrx_word' id='word_1_106' title='bbox 1026 1837 1278 1906; x_wconf 81' lang='grc' dir='ltr'><strong>Ἀφίεται</strong></span> <span class='ocrx_word' id='word_1_107' title='bbox 1301 1840 1329 1890; x_wconf 86' lang='grc' dir='ltr'>ὁ</span> <span class='ocrx_word' id='word_1_108' title='bbox 1353 1832 1502 1900; x_wconf 79' lang='grc' dir='ltr'><strong>οἶκος</strong></span> <span class='ocrx_word' id='word_1_109' title='bbox 1535 1836 1694 1907; x_wconf 76' lang='grc' dir='ltr'><strong>ὑμῶν</strong></span> <span class='ocrx_word' id='word_1_110' title='bbox 1722 1833 1843 1907; x_wconf 76' lang='grc' dir='ltr'><strong>ἔρη-</strong></span> 
     </span>
    </p>
   </div>
   <div class='ocr_carea' id='block_1_16' title="bbox 243 1904 1919 2003">
    <p class='ocr_par' dir='ltr' id='par_1_16' title="bbox 243 1904 1919 2003">
     <span class='ocr_line' id='line_1_16' title="bbox 243 1904 1919 2003; baseline -0.002 -18"><span class='ocrx_word' id='word_1_111' title='bbox 243 1904 368 2002; x_wconf 80' lang='grc' dir='ltr'><strong>μος,</strong></span> <span class='ocrx_word' id='word_1_112' title='bbox 433 1934 483 1986; x_wconf 79' lang='lat' dir='ltr'><strong>oi</strong></span> <span class='ocrx_word' id='word_1_113' title='bbox 554 1904 798 2002; x_wconf 72' lang='grc' dir='ltr'><strong>μαθηταὶ</strong></span> <span class='ocrx_word' id='word_1_114' title='bbox 845 1931 1012 1985; x_wconf 84' lang='grc' dir='ltr'><strong>αὐτοῦ</strong></span> <span class='ocrx_word' id='word_1_115' title='bbox 1074 1904 1488 2003; x_wconf 79' lang='grc' dir='ltr'><strong>θαυμάζοντες,</strong></span> <span class='ocrx_word' id='word_1_116' title='bbox 1555 1904 1841 1999; x_wconf 24' lang='grc' dir='ltr'><strong>ῶσπερ-εί</strong></span> <span class='ocrx_word' id='word_1_117' title='bbox 1879 1904 1919 1961; x_wconf 72' lang='grc' dir='ltr'>Β</span> 
     </span>
    </p>
   </div>
   <div class='ocr_carea' id='block_1_17' title="bbox 240 2021 1842 2097">
    <p class='ocr_par' dir='ltr' id='par_1_17' title="bbox 240 2021 1842 2097">
     <span class='ocr_line' id='line_1_17' title="bbox 240 2021 1842 2097; baseline -0.003 -19"><span class='ocrx_word' id='word_1_118' title='bbox 240 2023 488 2078; x_wconf 87' lang='grc' dir='ltr'><strong>τοσαῦτα</strong></span> <span class='ocrx_word' id='word_1_119' title='bbox 521 2024 730 2097; x_wconf 81' lang='grc' dir='ltr'><strong>μεγέθη</strong></span> <span class='ocrx_word' id='word_1_120' title='bbox 765 2026 860 2078; x_wconf 74' lang='grc' dir='ltr'><strong>καὶ</strong></span> <span class='ocrx_word' id='word_1_121' title='bbox 914 2024 1089 2096; x_wconf 83' lang='grc' dir='ltr'><strong>κάλλη</strong></span> <span class='ocrx_word' id='word_1_122' title='bbox 1137 2021 1598 2092; x_wconf 74' lang='grc' dir='ltr'><strong>οἰκοδομημάτων</strong></span> <span class='ocrx_word' id='word_1_123' title='bbox 1645 2024 1842 2092; x_wconf 80' lang='grc' dir='ltr'><strong>ἀφανι-</strong></span> 
     </span>
    </p>
   </div>
   <div class='ocr_carea' id='block_1_18' title="bbox 241 2115 1843 2189">
    <p class='ocr_par' dir='ltr' id='par_1_18' title="bbox 241 2115 1843 2189">
     <span class='ocr_line' id='line_1_18' title="bbox 241 2115 1843 2189; baseline -0.002 -18"><span class='ocrx_word' id='word_1_124' title='bbox 241 2118 532 2189; x_wconf 86' lang='grc' dir='ltr'><strong>σθήσεται,</strong></span> <span class='ocrx_word' id='word_1_125' title='bbox 567 2117 910 2172; x_wconf 80' lang='grc' dir='ltr'><strong>δεικνύουσιν</strong></span> <span class='ocrx_word' id='word_1_126' title='bbox 940 2118 1091 2188; x_wconf 82' lang='grc' dir='ltr'><strong>αὑτῷ</strong></span> <span class='ocrx_word' id='word_1_127' title='bbox 1122 2116 1222 2188; x_wconf 79' lang='grc' dir='ltr'><strong>τὴν</strong></span> <span class='ocrx_word' id='word_1_128' title='bbox 1247 2117 1342 2170; x_wconf 89' lang='grc' dir='ltr'><strong>τοῦ</strong></span> <span class='ocrx_word' id='word_1_129' title='bbox 1396 2116 1525 2170; x_wconf 83' lang='grc' dir='ltr'><strong>ναοῦ</strong></span> <span class='ocrx_word' id='word_1_130' title='bbox 1569 2115 1843 2184; x_wconf 85' lang='grc' dir='ltr'><strong>τοσαύτην</strong></span> 
     </span>
    </p>
   </div>
   <div class='ocr_carea' id='block_1_19' title="bbox 238 2204 1840 2283">
    <p class='ocr_par' dir='ltr' id='par_1_19' title="bbox 238 2204 1840 2283">
     <span class='ocr_line' id='line_1_19' title="bbox 238 2204 1840 2283; baseline -0.001 -21"><span class='ocrx_word' id='word_1_131' title='bbox 238 2209 610 2280; x_wconf 76' lang='grc' dir='ltr'><strong>εὐπρέπειαν.</strong></span> <span class='ocrx_word' id='word_1_132' title='bbox 671 2210 730 2264; x_wconf 91' lang='grc' dir='ltr'>Ὁ</span> <span class='ocrx_word' id='word_1_133' title='bbox 777 2211 835 2264; x_wconf 85' lang='grc' dir='ltr'><strong>δὲ</strong></span> <span class='ocrx_word' id='word_1_134' title='bbox 899 2210 1053 2264; x_wconf 82' lang='grc' dir='ltr'><strong>οὐδὲν</strong></span> <span class='ocrx_word' id='word_1_135' title='bbox 1117 2204 1284 2283; x_wconf 81' lang='grc' dir='ltr'><strong>ἦττον</strong></span> <span class='ocrx_word' id='word_1_136' title='bbox 1361 2208 1840 2277; x_wconf 80' lang='grc' dir='ltr'><strong>ἀπολεσθήσεσθαι</strong></span> 
     </span>
    </p>
   </div>
   <div class='ocr_carea' id='block_1_20' title="bbox 238 2297 1842 2384">
    <p class='ocr_par' dir='ltr' id='par_1_20' title="bbox 238 2297 1842 2384">
     <span class='ocr_line' id='line_1_20' title="bbox 238 2297 1842 2384; baseline -0.001 -29"><span class='ocrx_word' id='word_1_137' title='bbox 238 2301 418 2384; x_wconf 70' lang='grc' dir='ltr'><strong>ταῦτα</strong></span> <span class='ocrx_word' id='word_1_138' title='bbox 457 2307 867 2374; x_wconf 82' lang='grc' dir='ltr'><strong>προαναφωνετ,</strong></span> <span class='ocrx_word' id='word_1_139' title='bbox 903 2305 1001 2358; x_wconf 80' lang='grc' dir='ltr'><strong>καὶ</strong></span> <span class='ocrx_word' id='word_1_140' title='bbox 1030 2303 1307 2365; x_wconf 82' lang='grc' dir='ltr'><strong>τοσοῦτον,</strong></span> <span class='ocrx_word' id='word_1_141' title='bbox 1353 2297 1496 2356; x_wconf 79' lang='grc' dir='ltr'><strong>ὥστε</strong></span> <span class='ocrx_word' id='word_1_142' title='bbox 1531 2301 1667 2371; x_wconf 80' lang='grc' dir='ltr'><strong>μηδὲ</strong></span> <span class='ocrx_word' id='word_1_143' title='bbox 1695 2301 1842 2354; x_wconf 87' lang='grc' dir='ltr'><strong>λίθον</strong></span> 
     </span>
    </p>
   </div>
   <div class='ocr_carea' id='block_1_21' title="bbox 240 2395 1846 2468">
    <p class='ocr_par' dir='ltr' id='par_1_21' title="bbox 240 2395 1846 2468">
     <span class='ocr_line' id='line_1_21' title="bbox 240 2395 1846 2468; baseline 0 -20"><span class='ocrx_word' id='word_1_144' title='bbox 240 2397 337 2449; x_wconf 68' lang='grc' dir='ltr'><strong>ἐπὶ</strong></span> <span class='ocrx_word' id='word_1_145' title='bbox 392 2396 530 2466; x_wconf 83' lang='grc' dir='ltr'>λίθῳ</span> <span class='ocrx_word' id='word_1_146' title='bbox 581 2399 786 2466; x_wconf 88' lang='grc' dir='ltr'><strong>μεῖναι.</strong></span> <span class='ocrx_word' id='word_1_147' title='bbox 830 2398 940 2451; x_wconf 85' lang='lat' dir='ltr'><strong>Kal</strong></span> <span class='ocrx_word' id='word_1_148' title='bbox 1007 2399 1120 2468; x_wconf 86' lang='grc' dir='ltr'><strong>μήν</strong></span> <span class='ocrx_word' id='word_1_149' title='bbox 1178 2397 1314 2467; x_wconf 87' lang='grc' dir='ltr'><strong>φασί</strong></span> <span class='ocrx_word' id='word_1_150' title='bbox 1367 2414 1515 2457; x_wconf 81' lang='grc' dir='ltr'><strong>τινες</strong></span> <span class='ocrx_word' id='word_1_151' title='bbox 1556 2395 1633 2459; x_wconf 84' lang='grc' dir='ltr'><strong>ὡς</strong></span> <span class='ocrx_word' id='word_1_152' title='bbox 1672 2395 1846 2448; x_wconf 78' lang='grc' dir='ltr'><strong>πολλὰ</strong></span> 
     </span>
    </p>
   </div>
   <div class='ocr_carea' id='block_1_22' title="bbox 243 2488 1843 2560">
    <p class='ocr_par' dir='ltr' id='par_1_22' title="bbox 243 2488 1843 2560">
     <span class='ocr_line' id='line_1_22' title="bbox 243 2488 1843 2560; baseline -0.002 -17"><span class='ocrx_word' id='word_1_153' title='bbox 243 2489 554 2560; x_wconf 79' lang='grc' dir='ltr'><strong>ἀπέμειναν</strong></span> <span class='ocrx_word' id='word_1_154' title='bbox 599 2489 836 2560; x_wconf 76' lang='grc' dir='ltr'><strong>λείψανα</strong></span> <span class='ocrx_word' id='word_1_155' title='bbox 890 2491 991 2560; x_wconf 86' lang='grc' dir='ltr'><strong>τῆς</strong></span> <span class='ocrx_word' id='word_1_156' title='bbox 1050 2489 1413 2560; x_wconf 78' lang='grc' dir='ltr'><strong>Ἰερουσαλὴμ</strong></span> <span class='ocrx_word' id='word_1_157' title='bbox 1460 2490 1559 2560; x_wconf 86' lang='grc' dir='ltr'><strong>τῆς</strong></span> <span class='ocrx_word' id='word_1_158' title='bbox 1601 2488 1843 2550; x_wconf 81' lang='grc' dir='ltr'><strong>παλαιᾶς</strong></span> 
     </span>
    </p>
   </div>
   <div class='ocr_carea' id='block_1_23' title="bbox 243 2581 1843 2653">
    <p class='ocr_par' dir='ltr' id='par_1_23' title="bbox 243 2581 1843 2653">
     <span class='ocr_line' id='line_1_23' title="bbox 243 2581 1843 2653; baseline -0.001 -19"><span class='ocrx_word' id='word_1_159' title='bbox 243 2581 480 2647; x_wconf 71' lang='grc' dir='ltr'><strong>πόλεως,</strong></span> <span class='ocrx_word' id='word_1_160' title='bbox 524 2583 663 2638; x_wconf 83' lang='grc' dir='ltr'><strong>ὥστε</strong></span> <span class='ocrx_word' id='word_1_161' title='bbox 711 2582 1014 2653; x_wconf 86' lang='grc' dir='ltr'><strong>πειρῶνται</strong></span> <span class='ocrx_word' id='word_1_162' title='bbox 1039 2583 1211 2648; x_wconf 77' lang='grc' dir='ltr'><strong>δείξαι</strong></span> <span class='ocrx_word' id='word_1_163' title='bbox 1259 2583 1430 2653; x_wconf 74' lang='grc' dir='ltr'><strong>ψευδῆ</strong></span> <span class='ocrx_word' id='word_1_164' title='bbox 1459 2582 1551 2636; x_wconf 82' lang='grc' dir='ltr'><strong>τὸν</strong></span> <span class='ocrx_word' id='word_1_165' title='bbox 1583 2581 1843 2652; x_wconf 73' lang='grc' dir='ltr'><strong>Χριστὸν,</strong></span> 
     </span>
    </p>
   </div>
   <div class='ocr_carea' id='block_1_24' title="bbox 243 2674 1847 2748">
    <p class='ocr_par' dir='ltr' id='par_1_24' title="bbox 243 2674 1847 2748">
     <span class='ocr_line' id='line_1_24' title="bbox 243 2674 1847 2748; baseline -0.001 -18"><span class='ocrx_word' id='word_1_166' title='bbox 243 2675 360 2730; x_wconf 75' lang='grc' dir='ltr'><strong>ἀλλ’</strong></span> <span class='ocrx_word' id='word_1_167' title='bbox 387 2676 492 2729; x_wconf 83' lang='grc' dir='ltr'><strong>οὐκ</strong></span> <span class='ocrx_word' id='word_1_168' title='bbox 515 2674 631 2729; x_wconf 73' lang='grc' dir='ltr'><strong>ἔστι</strong></span> <span class='ocrx_word' id='word_1_169' title='bbox 661 2676 843 2732; x_wconf 88' lang='grc' dir='ltr'><strong>τοῦτο.</strong></span> <span class='ocrx_word' id='word_1_170' title='bbox 889 2677 952 2730; x_wconf 84' lang='lat' dir='ltr'><strong>El</strong></span> <span class='ocrx_word' id='word_1_171' title='bbox 984 2677 1095 2748; x_wconf 84' lang='grc' dir='ltr'><strong>γὰρ</strong></span> <span class='ocrx_word' id='word_1_172' title='bbox 1135 2677 1229 2730; x_wconf 77' lang='grc' dir='ltr'><strong>καὶ</strong></span> <span class='ocrx_word' id='word_1_173' title='bbox 1269 2676 1683 2746; x_wconf 73' lang='grc' dir='ltr'><strong>ὑπελείφθησαν</strong></span> <span class='ocrx_word' id='word_1_174' title='bbox 1722 2691 1847 2728; x_wconf 90' lang='grc' dir='ltr'><strong>τινα</strong></span> 
     </span>
    </p>
   </div>
   <div class='ocr_carea' id='block_1_25' title="bbox 243 2764 1847 2840">
    <p class='ocr_par' dir='ltr' id='par_1_25' title="bbox 243 2764 1847 2840">
     <span class='ocr_line' id='line_1_25' title="bbox 243 2764 1847 2840; baseline -0.001 -19"><span class='ocrx_word' id='word_1_175' title='bbox 243 2767 499 2837; x_wconf 78' lang='grc' dir='ltr'><strong>λείψανα,</strong></span> <span class='ocrx_word' id='word_1_176' title='bbox 534 2770 671 2839; x_wconf 81' lang='grc' dir='ltr'><strong>ὅπερ</strong></span> <span class='ocrx_word' id='word_1_177' title='bbox 699 2769 817 2824; x_wconf 81' lang='grc' dir='ltr'><strong>οὐκ.</strong></span> <span class='ocrx_word' id='word_1_178' title='bbox 837 2769 986 2824; x_wconf 76' lang='grc' dir='ltr'><strong>ἐστιν</strong></span> <span class='ocrx_word' id='word_1_179' title='bbox 1040 2771 1263 2840; x_wconf 80' lang='grc' dir='ltr'><strong>ἀληθὲς,</strong></span> <span class='ocrx_word' id='word_1_180' title='bbox 1295 2769 1412 2824; x_wconf 74' lang='grc' dir='ltr'><strong>ἀλλ’</strong></span> <span class='ocrx_word' id='word_1_181' title='bbox 1446 2764 1543 2823; x_wconf 81' lang='grc' dir='ltr'><strong>οὖν</strong></span> <span class='ocrx_word' id='word_1_182' title='bbox 1571 2768 1700 2838; x_wconf 78' lang='grc' dir='ltr'><strong>ἄχρι</strong></span> <span class='ocrx_word' id='word_1_183' title='bbox 1745 2767 1847 2837; x_wconf 80' lang='grc' dir='ltr'><strong>τῆς</strong></span> 
     </span>
    </p>
   </div>
   <div class='ocr_carea' id='block_1_26' title="bbox 243 2860 1845 2938">
    <p class='ocr_par' dir='ltr' id='par_1_26' title="bbox 243 2860 1845 2938">
     <span class='ocr_line' id='line_1_26' title="bbox 243 2860 1845 2938; baseline 0.001 -24"><span class='ocrx_word' id='word_1_184' title='bbox 243 2860 478 2914; x_wconf 80' lang='grc' dir='ltr'><strong>καθόλου</strong></span> <span class='ocrx_word' id='word_1_185' title='bbox 548 2862 861 2928; x_wconf 85' lang='grc' dir='ltr'><strong>συντελείας</strong></span> <span class='ocrx_word' id='word_1_186' title='bbox 914 2863 977 2917; x_wconf 78' lang='grc' dir='ltr'><strong>οὐ</strong></span> <span class='ocrx_word' id='word_1_187' title='bbox 1039 2863 1113 2933; x_wconf 78' lang='grc' dir='ltr'><strong>μὴ</strong></span> <span class='ocrx_word' id='word_1_188' title='bbox 1171 2863 1331 2938; x_wconf 86' lang='grc' dir='ltr'><strong>μείνῃ</strong></span> <span class='ocrx_word' id='word_1_189' title='bbox 1369 2862 1517 2926; x_wconf 91' lang='grc' dir='ltr'><strong>λίθος</strong></span> <span class='ocrx_word' id='word_1_190' title='bbox 1566 2862 1660 2915; x_wconf 69' lang='grc' dir='ltr'><strong>ἐπὶ</strong></span> <span class='ocrx_word' id='word_1_191' title='bbox 1691 2860 1845 2928; x_wconf 86' lang='grc' dir='ltr'><strong>λίθῳ.</strong></span> 
     </span>
    </p>
   </div>
   <div class='ocr_carea' id='block_1_27' title="bbox 247 2953 1848 3028">
    <p class='ocr_par' dir='ltr' id='par_1_27' title="bbox 247 2953 1848 3028">
     <span class='ocr_line' id='line_1_27' title="bbox 247 2953 1848 3028; baseline 0 -20"><span class='ocrx_word' id='word_1_192' title='bbox 247 2953 396 3024; x_wconf 81' lang='grc' dir='ltr'><strong>Πλὴν</strong></span> <span class='ocrx_word' id='word_1_193' title='bbox 430 2953 742 3026; x_wconf 73' lang='grc' dir='ltr'><strong>ἱστόρηται,</strong></span> <span class='ocrx_word' id='word_1_194' title='bbox 772 2956 857 3010; x_wconf 81' lang='grc' dir='ltr'><strong>ὅτι</strong></span> <span class='ocrx_word' id='word_1_195' title='bbox 909 2957 938 3010; x_wconf 84' lang='grc'>6</span> <span class='ocrx_word' id='word_1_196' title='bbox 981 2957 1166 3019; x_wconf 80' lang='grc' dir='ltr'><strong>Αἴλιος</strong></span> <span class='ocrx_word' id='word_1_197' title='bbox 1207 2957 1494 3028; x_wconf 78' lang='grc' dir='ltr'><strong>Ἀδριανὸς</strong></span> <span class='ocrx_word' id='word_1_198' title='bbox 1527 2953 1848 3024; x_wconf 76' lang='grc' dir='ltr'><strong>κατέσκαψε</strong></span> 
     </span>
    </p>
   </div>
   <div class='ocr_carea' id='block_1_28' title="bbox 244 3045 1848 3118">
    <p class='ocr_par' dir='ltr' id='par_1_28' title="bbox 244 3045 1848 3118">
     <span class='ocr_line' id='line_1_28' title="bbox 244 3045 1848 3118; baseline 0 -20"><span class='ocrx_word' id='word_1_199' title='bbox 244 3045 347 3113; x_wconf 81' lang='grc' dir='ltr'><strong>τὴν</strong></span> <span class='ocrx_word' id='word_1_200' title='bbox 383 3045 542 3098; x_wconf 88' lang='grc' dir='ltr'><strong>πόλιν</strong></span> <span class='ocrx_word' id='word_1_201' title='bbox 575 3045 671 3100; x_wconf 76' lang='grc' dir='ltr'><strong>καὶ</strong></span> <span class='ocrx_word' id='word_1_202' title='bbox 689 3046 751 3098; x_wconf 78' lang='grc' dir='ltr'><strong>τὸ</strong></span> <span class='ocrx_word' id='word_1_203' title='bbox 781 3046 930 3116; x_wconf 74' lang='grc' dir='ltr'><strong>ἱερὸν</strong></span> <span class='ocrx_word' id='word_1_204' title='bbox 970 3050 1034 3101; x_wconf 73' lang='grc' dir='ltr'><strong>ὲκ</strong></span> <span class='ocrx_word' id='word_1_205' title='bbox 1072 3047 1292 3118; x_wconf 78' lang='grc' dir='ltr'><strong>βάθρων</strong></span> <span class='ocrx_word' id='word_1_206' title='bbox 1343 3046 1546 3110; x_wconf 81' lang='grc' dir='ltr'><strong>αὐτῶν,</strong></span> <span class='ocrx_word' id='word_1_207' title='bbox 1579 3046 1723 3100; x_wconf 83' lang='grc' dir='ltr'><strong>ὥστε</strong></span> <span class='ocrx_word' id='word_1_208' title='bbox 1755 3046 1848 3099; x_wconf 75' lang='grc' dir='ltr'><strong>καὶ</strong></span> 
     </span>
    </p>
   </div>
   <div class='ocr_carea' id='block_1_29' title="bbox 245 3137 1850 3212">
    <p class='ocr_par' dir='ltr' id='par_1_29' title="bbox 245 3137 1850 3212">
     <span class='ocr_line' id='line_1_29' title="bbox 245 3137 1850 3212; baseline 0 -20"><span class='ocrx_word' id='word_1_209' title='bbox 245 3137 408 3192; x_wconf 88' lang='grc' dir='ltr'><strong>τοῦτο</strong></span> <span class='ocrx_word' id='word_1_210' title='bbox 448 3140 537 3192; x_wconf 73' lang='grc' dir='ltr'><strong>ἐπ’</strong></span> <span class='ocrx_word' id='word_1_211' title='bbox 601 3139 767 3193; x_wconf 84' lang='grc' dir='ltr'><strong>αὐτοῦ</strong></span> <span class='ocrx_word' id='word_1_212' title='bbox 804 3140 1185 3211; x_wconf 79' lang='grc' dir='ltr'><strong>πληρωθῆναι,</strong></span> <span class='ocrx_word' id='word_1_213' title='bbox 1242 3141 1325 3205; x_wconf 80' lang='grc' dir='ltr'><strong>τὸ,</strong></span> <span class='ocrx_word' id='word_1_214' title='bbox 1363 3141 1499 3212; x_wconf 82' lang='grc' dir='ltr'><strong>μηδὲ</strong></span> <span class='ocrx_word' id='word_1_215' title='bbox 1526 3140 1672 3194; x_wconf 86' lang='grc' dir='ltr'><strong>λίθον</strong></span> <span class='ocrx_word' id='word_1_216' title='bbox 1713 3141 1850 3193; x_wconf 78' lang='grc' dir='ltr'><strong>ὐπο-</strong></span> 
     </span>
    </p>
   </div>
   <div class='ocr_carea' id='block_1_30' title="bbox 932 429 2894 499">
    <p class='ocr_par' dir='ltr' id='par_1_30' title="bbox 932 429 2894 499">
     <span class='ocr_line' id='line_1_30' title="bbox 932 429 2894 499; baseline 0.004 -9"><span class='ocrx_word' id='word_1_217' title='bbox 932 429 1385 496; x_wconf 74' lang='lat' dir='ltr'><strong>ENARRATIO</strong></span> <span class='ocrx_word' id='word_1_218' title='bbox 1425 429 1509 492; x_wconf 85' lang='lat' dir='ltr'><strong>IN</strong></span> <span class='ocrx_word' id='word_1_219' title='bbox 1551 430 2058 498; x_wconf 73' lang='lat' dir='ltr'><strong>EVANGEIJUM</strong></span> <span class='ocrx_word' id='word_1_220' title='bbox 2099 434 2364 498; x_wconf 80' lang='lat' dir='ltr'><strong>MARCI.</strong></span> <span class='ocrx_word' id='word_1_221' title='bbox 2395 460 2466 473; x_wconf 85' lang='lat'><strong>-</strong></span> <span class='ocrx_word' id='word_1_222' title='bbox 2504 434 2670 499; x_wconf 81' lang='lat' dir='ltr'><strong>CAP.</strong></span> <span class='ocrx_word' id='word_1_223' title='bbox 2714 437 2894 498; x_wconf 83' lang='lat' dir='ltr'><strong>XIII.</strong></span> 
     </span>
    </p>
   </div>
   <div class='ocr_carea' id='block_1_31' title="bbox 1877 555 1924 612">
    <p class='ocr_par' dir='ltr' id='par_1_31' title="bbox 1877 555 1924 612">
     <span class='ocr_line' id='line_1_31' title="bbox 1877 555 1924 612; baseline 0 0"><span class='ocrx_word' id='word_1_224' title='bbox 1877 555 1924 612; x_wconf 76' lang='grc' dir='ltr'><strong>Α</strong></span> 
     </span>
    </p>
   </div>
   <div class='ocr_carea' id='block_1_32' title="bbox 3450 428 3559 494">
    <p class='ocr_par' dir='ltr' id='par_1_32' title="bbox 3450 428 3559 494">
     <span class='ocr_line' id='line_1_32' title="bbox 3450 428 3559 494; baseline 0.009 -1"><span class='ocrx_word' id='word_1_225' title='bbox 3450 428 3559 494; x_wconf 71' lang='grc'><strong>634</strong></span> 
     </span>
    </p>
   </div>
   <div class='ocr_carea' id='block_1_33' title="bbox 2559 548 2968 607">
    <p class='ocr_par' dir='ltr' id='par_1_33' title="bbox 2559 548 2968 607">
     <span class='ocr_line' id='line_1_33' title="bbox 2559 548 2968 607; baseline 0 -1"><span class='ocrx_word' id='word_1_226' title='bbox 2559 549 2795 607; x_wconf 79' lang='lat' dir='ltr'><strong>CAPUT</strong></span> <span class='ocrx_word' id='word_1_227' title='bbox 2828 548 2968 606; x_wconf 81' lang='lat' dir='ltr'>XIII.</span> 
     </span>
    </p>
   </div>
   <div class='ocr_carea' id='block_1_34' title="bbox 2238 687 3312 747">
    <p class='ocr_par' dir='ltr' id='par_1_34' title="bbox 2238 687 3312 747">
     <span class='ocr_line' id='line_1_34' title="bbox 2238 687 3312 747; baseline -0.004 -1"><span class='ocrx_word' id='word_1_228' title='bbox 2238 691 2313 747; x_wconf 77' lang='lat' dir='ltr'><strong>De</strong></span> <span class='ocrx_word' id='word_1_229' title='bbox 2347 691 2824 746; x_wconf 73' lang='lat' dir='ltr'><strong>consummatione.</strong></span> <span class='ocrx_word' id='word_1_230' title='bbox 2861 689 2934 744; x_wconf 79' lang='lat' dir='ltr'><strong>De</strong></span> <span class='ocrx_word' id='word_1_231' title='bbox 2966 689 3052 743; x_wconf 75' lang='lat' dir='ltr'><strong>die</strong></span> <span class='ocrx_word' id='word_1_232' title='bbox 3081 697 3129 743; x_wconf 79' lang='lat' dir='ltr'><strong>et</strong></span> <span class='ocrx_word' id='word_1_233' title='bbox 3159 687 3312 742; x_wconf 77' lang='lat' dir='ltr'><strong>hora.</strong></span> 
     </span>
    </p>
   </div>
   <div class='ocr_carea' id='block_1_35' title="bbox 2026 819 3558 894">
    <p class='ocr_par' dir='ltr' id='par_1_35' title="bbox 2026 819 3558 894">
     <span class='ocr_line' id='line_1_35' title="bbox 2026 819 3558 894; baseline -0.005 -12"><span class='ocrx_word' id='word_1_234' title='bbox 2026 829 2190 885; x_wconf 76' lang='lat' dir='ltr'><strong>Vens.</strong></span> <span class='ocrx_word' id='word_1_235' title='bbox 2216 829 2334 884; x_wconf 75' lang='grc' dir='ltr'><strong>ι-ι.</strong></span> <span class='ocrx_word' id='word_1_236' title='bbox 2368 846 2390 881; x_wconf 75' lang='grc' dir='ltr'>σ</span> <span class='ocrx_word' id='word_1_237' title='bbox 2411 829 2622 884; x_wconf 87' lang='lat' dir='ltr'><strong>Etcum</strong></span> <span class='ocrx_word' id='word_1_238' title='bbox 2643 828 2821 883; x_wconf 75' lang='lat' dir='ltr'><strong>exiret</strong></span> <span class='ocrx_word' id='word_1_239' title='bbox 2849 825 2919 882; x_wconf 90' lang='lat' dir='ltr'><strong>de</strong></span> <span class='ocrx_word' id='word_1_240' title='bbox 2942 823 3165 894; x_wconf 89' lang='lat' dir='ltr'><strong>templo,</strong></span> <span class='ocrx_word' id='word_1_241' title='bbox 3185 822 3318 879; x_wconf 95' lang='lat' dir='ltr'><strong>dicit</strong></span> <span class='ocrx_word' id='word_1_242' title='bbox 3344 819 3558 891; x_wconf 86' lang='lat' dir='ltr'><strong>illiqui-</strong></span> 
     </span>
    </p>
   </div>
   <div class='ocr_carea' id='block_1_36' title="bbox 1951 910 3556 988">
    <p class='ocr_par' dir='ltr' id='par_1_36' title="bbox 1951 910 3556 988">
     <span class='ocr_line' id='line_1_36' title="bbox 1951 910 3556 988; baseline -0.007 -13"><span class='ocrx_word' id='word_1_243' title='bbox 1951 923 2074 975; x_wconf 90' lang='lat' dir='ltr'><strong>dam</strong></span> <span class='ocrx_word' id='word_1_244' title='bbox 2109 935 2141 974; x_wconf 91' lang='lat' dir='ltr'><strong>e</strong></span> <span class='ocrx_word' id='word_1_245' title='bbox 2166 919 2453 988; x_wconf 76' lang='lat' dir='ltr'><strong>discipulis</strong></span> <span class='ocrx_word' id='word_1_246' title='bbox 2487 917 2632 972; x_wconf 90' lang='lat' dir='ltr'><strong>illius</strong></span> <span class='ocrx_word' id='word_1_247' title='bbox 2661 934 2675 972; x_wconf 93' lang='lat'><strong>:</strong></span> <span class='ocrx_word' id='word_1_248' title='bbox 2706 917 3042 984; x_wconf 70' lang='lat' dir='ltr'><strong>Praeceptor.</strong></span> <span class='ocrx_word' id='word_1_249' title='bbox 3071 913 3194 968; x_wconf 86' lang='lat' dir='ltr'><strong>vide</strong></span> <span class='ocrx_word' id='word_1_250' title='bbox 3223 910 3415 977; x_wconf 80' lang='lat' dir='ltr'><strong>quales</strong></span> <span class='ocrx_word' id='word_1_251' title='bbox 3470 910 3556 965; x_wconf 81' lang='lat' dir='ltr'><strong>la-</strong></span> 
     </span>
    </p>
   </div>
   <div class='ocr_carea' id='block_1_37' title="bbox 1951 1004 3550 1086">
    <p class='ocr_par' dir='ltr' id='par_1_37' title="bbox 1951 1004 3550 1086">
     <span class='ocr_line' id='line_1_37' title="bbox 1951 1004 3550 1086; baseline -0.008 -18"><span class='ocrx_word' id='word_1_252' title='bbox 1951 1016 2122 1086; x_wconf 88' lang='lat' dir='ltr'><strong>pides,</strong></span> <span class='ocrx_word' id='word_1_253' title='bbox 2139 1024 2194 1068; x_wconf 89' lang='lat' dir='ltr'><strong>et</strong></span> <span class='ocrx_word' id='word_1_254' title='bbox 2220 1013 2409 1083; x_wconf 84' lang='lat' dir='ltr'><strong>quales</strong></span> <span class='ocrx_word' id='word_1_255' title='bbox 2433 1009 2893 1068; x_wconf 76' lang='lat' dir='ltr'><strong>substructiones.</strong></span> <span class='ocrx_word' id='word_1_256' title='bbox 2918 1007 2984 1062; x_wconf 79' lang='lat' dir='ltr'><strong>Et</strong></span> <span class='ocrx_word' id='word_1_257' title='bbox 2999 1005 3163 1062; x_wconf 68' lang='lat' dir='ltr'><strong>Iesus</strong></span> <span class='ocrx_word' id='word_1_258' title='bbox 3187 1004 3550 1074; x_wconf 79' lang='lat' dir='ltr'><strong>respondens.</strong></span> 
     </span>
    </p>
   </div>
   <div class='ocr_carea' id='block_1_38' title="bbox 1951 1095 3556 1173">
    <p class='ocr_par' dir='ltr' id='par_1_38' title="bbox 1951 1095 3556 1173">
     <span class='ocr_line' id='line_1_38' title="bbox 1951 1095 3556 1173; baseline -0.009 -9"><span class='ocrx_word' id='word_1_259' title='bbox 1951 1111 2021 1165; x_wconf 86' lang='lat' dir='ltr'><strong>ait</strong></span> <span class='ocrx_word' id='word_1_260' title='bbox 2057 1108 2133 1163; x_wconf 89' lang='lat' dir='ltr'>illi</span> <span class='ocrx_word' id='word_1_261' title='bbox 2157 1127 2169 1162; x_wconf 88' lang='lat'><strong>:</strong></span> <span class='ocrx_word' id='word_1_262' title='bbox 2189 1106 2356 1162; x_wconf 81' lang='lat' dir='ltr'><strong>Vides</strong></span> <span class='ocrx_word' id='word_1_263' title='bbox 2383 1107 2481 1161; x_wconf 84' lang='lat' dir='ltr'><strong>bas</strong></span> <span class='ocrx_word' id='word_1_264' title='bbox 2499 1119 2725 1173; x_wconf 76' lang='lat' dir='ltr'><strong>magnas</strong></span> <span class='ocrx_word' id='word_1_265' title='bbox 2748 1098 3224 1158; x_wconf 82' lang='lat' dir='ltr'><strong>substructiones?</strong></span> <span class='ocrx_word' id='word_1_266' title='bbox 3243 1097 3359 1152; x_wconf 87' lang='lat' dir='ltr'><strong>Non</strong></span> <span class='ocrx_word' id='word_1_267' title='bbox 3389 1095 3556 1152; x_wconf 82' lang='lat' dir='ltr'><strong>relin-</strong></span> 
     </span>
    </p>
   </div>
   <div class='ocr_carea' id='block_1_39' title="bbox 1950 1190 3552 1273">
    <p class='ocr_par' dir='ltr' id='par_1_39' title="bbox 1950 1190 3552 1273">
     <span class='ocr_line' id='line_1_39' title="bbox 1950 1190 3552 1273; baseline -0.008 -16"><span class='ocrx_word' id='word_1_268' title='bbox 1950 1201 2306 1273; x_wconf 81' lang='lat' dir='ltr'><strong>quetnrlapis</strong></span> <span class='ocrx_word' id='word_1_269' title='bbox 2332 1195 2873 1269; x_wconf 84' lang='lat' dir='ltr'><strong>superlapidem,qui</strong></span> <span class='ocrx_word' id='word_1_270' title='bbox 2895 1209 3000 1249; x_wconf 91' lang='lat' dir='ltr'><strong>non</strong></span> <span class='ocrx_word' id='word_1_271' title='bbox 3036 1190 3552 1270; x_wconf 26' lang='lat' dir='ltr'><strong>diruatur..Etcum</strong></span> 
     </span>
    </p>
   </div>
   <div class='ocr_carea' id='block_1_40' title="bbox 1950 1285 3558 1354">
    <p class='ocr_par' dir='ltr' id='par_1_40' title="bbox 1950 1285 3558 1354">
     <span class='ocr_line' id='line_1_40' title="bbox 1950 1285 3558 1354; baseline -0.011 -3"><span class='ocrx_word' id='word_1_272' title='bbox 1950 1295 2232 1351; x_wconf 87' lang='lat' dir='ltr'><strong>sederetin</strong></span> <span class='ocrx_word' id='word_1_273' title='bbox 2253 1304 2434 1348; x_wconf 89' lang='lat' dir='ltr'><strong>monte</strong></span> <span class='ocrx_word' id='word_1_274' title='bbox 2456 1291 2722 1345; x_wconf 86' lang='lat' dir='ltr'><strong>olivarum</strong></span> <span class='ocrx_word' id='word_1_275' title='bbox 2739 1305 2769 1344; x_wconf 90' lang='lat' dir='ltr'><strong>e</strong></span> <span class='ocrx_word' id='word_1_276' title='bbox 2789 1288 3013 1354; x_wconf 75' lang='lat' dir='ltr'><strong>regione</strong></span> <span class='ocrx_word' id='word_1_277' title='bbox 3030 1285 3238 1354; x_wconf 86' lang='lat' dir='ltr'><strong>templi,</strong></span> <span class='ocrx_word' id='word_1_278' title='bbox 3257 1285 3558 1353; x_wconf 74' lang='lat' dir='ltr'><strong>interroga-</strong></span> 
     </span>
    </p>
   </div>
   <div class='ocr_carea' id='block_1_41' title="bbox 1951 1375 3552 1444">
    <p class='ocr_par' dir='ltr' id='par_1_41' title="bbox 1951 1375 3552 1444">
     <span class='ocr_line' id='line_1_41' title="bbox 1951 1375 3552 1444; baseline -0.007 -2"><span class='ocrx_word' id='word_1_279' title='bbox 1951 1390 2079 1442; x_wconf 86' lang='lat' dir='ltr'><strong>bant</strong></span> <span class='ocrx_word' id='word_1_280' title='bbox 2109 1387 2262 1442; x_wconf 92' lang='lat' dir='ltr'><strong>illum</strong></span> <span class='ocrx_word' id='word_1_281' title='bbox 2297 1393 2507 1442; x_wconf 85' lang='lat' dir='ltr'><strong>secreto</strong></span> <span class='ocrx_word' id='word_1_282' title='bbox 2537 1382 2731 1438; x_wconf 86' lang='lat' dir='ltr'><strong>Petrus</strong></span> <span class='ocrx_word' id='word_1_283' title='bbox 2762 1390 2815 1436; x_wconf 87' lang='lat' dir='ltr'><strong>et</strong></span> <span class='ocrx_word' id='word_1_284' title='bbox 2841 1379 3104 1444; x_wconf 68' lang='lat' dir='ltr'><strong>Iacobus,</strong></span> <span class='ocrx_word' id='word_1_285' title='bbox 3131 1385 3188 1434; x_wconf 88' lang='lat' dir='ltr'><strong>et</strong></span> <span class='ocrx_word' id='word_1_286' title='bbox 3215 1375 3455 1432; x_wconf 80' lang='lat' dir='ltr'><strong>Joannes</strong></span> <span class='ocrx_word' id='word_1_287' title='bbox 3492 1384 3552 1430; x_wconf 86' lang='lat' dir='ltr'><strong>et</strong></span> 
     </span>
    </p>
   </div>
   <div class='ocr_carea' id='block_1_42' title="bbox 1949 1470 3556 1545">
    <p class='ocr_par' dir='ltr' id='par_1_42' title="bbox 1949 1470 3556 1545">
     <span class='ocr_line' id='line_1_42' title="bbox 1949 1470 3556 1545; baseline -0.007 -10"><span class='ocrx_word' id='word_1_288' title='bbox 1949 1482 2243 1538; x_wconf 81' lang='lat' dir='ltr'><strong>Andreas:</strong></span> <span class='ocrx_word' id='word_1_289' title='bbox 2274 1477 2373 1534; x_wconf 90' lang='lat' dir='ltr'><strong>Dic</strong></span> <span class='ocrx_word' id='word_1_290' title='bbox 2419 1477 2597 1544; x_wconf 90' lang='lat' dir='ltr'><strong>nobis,</strong></span> <span class='ocrx_word' id='word_1_291' title='bbox 2643 1475 2864 1545; x_wconf 85' lang='lat' dir='ltr'><strong>quando</strong></span> <span class='ocrx_word' id='word_1_292' title='bbox 2926 1473 3042 1529; x_wconf 75' lang='lat' dir='ltr'><strong>lucc</strong></span> <span class='ocrx_word' id='word_1_293' title='bbox 3087 1471 3366 1527; x_wconf 79' lang='lat' dir='ltr'><strong>eruntlet</strong></span> <span class='ocrx_word' id='word_1_294' title='bbox 3410 1470 3556 1540; x_wconf 83' lang='lat' dir='ltr'><strong>quod</strong></span> 
     </span>
    </p>
   </div>
   <div class='ocr_carea' id='block_1_43' title="bbox 1954 1566 3555 1645">
    <p class='ocr_par' dir='ltr' id='par_1_43' title="bbox 1954 1566 3555 1645">
     <span class='ocr_line' id='line_1_43' title="bbox 1954 1566 3555 1645; baseline -0.007 -15"><span class='ocrx_word' id='word_1_295' title='bbox 1954 1577 2170 1645; x_wconf 74' lang='lat' dir='ltr'><strong>signum</strong></span> <span class='ocrx_word' id='word_1_296' title='bbox 2225 1583 2311 1628; x_wconf 89' lang='lat' dir='ltr'><strong>est</strong></span> <span class='ocrx_word' id='word_1_297' title='bbox 2365 1571 2584 1642; x_wconf 86' lang='lat' dir='ltr'><strong>quando</strong></span> <span class='ocrx_word' id='word_1_298' title='bbox 2666 1569 2785 1624; x_wconf 67' lang='lat' dir='ltr'><strong>bace</strong></span> <span class='ocrx_word' id='word_1_299' title='bbox 2857 1568 3043 1623; x_wconf 86' lang='lat' dir='ltr'><strong>omnia</strong></span> <span class='ocrx_word' id='word_1_300' title='bbox 3113 1566 3226 1622; x_wconf 85' lang='lat' dir='ltr'><strong>sint</strong></span> <span class='ocrx_word' id='word_1_301' title='bbox 3294 1579 3555 1620; x_wconf 90' lang='lat' dir='ltr'><strong>consum-</strong></span> 
     </span>
    </p>
   </div>
   <div class='ocr_carea' id='block_1_44' title="bbox 1953 1656 3555 1733">
    <p class='ocr_par' dir='ltr' id='par_1_44' title="bbox 1953 1656 3555 1733">
     <span class='ocr_line' id='line_1_44' title="bbox 1953 1656 3555 1733; baseline -0.007 -11"><span class='ocrx_word' id='word_1_302' title='bbox 1953 1668 2189 1722; x_wconf 78' lang='lat' dir='ltr'><strong>manda?</strong></span> <span class='ocrx_word' id='word_1_303' title='bbox 2224 1685 2244 1719; x_wconf 73' lang='grc' dir='ltr'><strong>ι</strong></span> <span class='ocrx_word' id='word_1_304' title='bbox 2296 1666 2568 1733; x_wconf 84' lang='lat' dir='ltr'><strong>Quoniam</strong></span> <span class='ocrx_word' id='word_1_305' title='bbox 2634 1662 2805 1719; x_wconf 88' lang='lat' dir='ltr'><strong>multa</strong></span> <span class='ocrx_word' id='word_1_306' title='bbox 2841 1662 2909 1719; x_wconf 88' lang='lat' dir='ltr'><strong>de</strong></span> <span class='ocrx_word' id='word_1_307' title='bbox 2945 1661 3288 1718; x_wconf 82' lang='lat' dir='ltr'><strong>desolatione</strong></span> <span class='ocrx_word' id='word_1_308' title='bbox 3331 1656 3555 1714; x_wconf 79' lang='lat' dir='ltr'><strong>Jerusa-</strong></span> 
     </span>
    </p>
   </div>
   <div class='ocr_carea' id='block_1_45' title="bbox 1949 1754 3559 1828">
    <p class='ocr_par' dir='ltr' id='par_1_45' title="bbox 1949 1754 3559 1828">
     <span class='ocr_line' id='line_1_45' title="bbox 1949 1754 3559 1828; baseline -0.006 -12"><span class='ocrx_word' id='word_1_309' title='bbox 1949 1762 2056 1816; x_wconf 91' lang='lat' dir='ltr'><strong>lem</strong></span> <span class='ocrx_word' id='word_1_310' title='bbox 2085 1761 2299 1816; x_wconf 90' lang='lat' dir='ltr'><strong>dicebat</strong></span> <span class='ocrx_word' id='word_1_311' title='bbox 2327 1758 2510 1825; x_wconf 79' lang='lat' dir='ltr'><strong>Jesus,</strong></span> <span class='ocrx_word' id='word_1_312' title='bbox 2570 1758 2716 1828; x_wconf 89' lang='lat' dir='ltr'><strong>quod</strong></span> <span class='ocrx_word' id='word_1_313' title='bbox 2748 1755 3176 1828; x_wconf 86' lang='lat' dir='ltr'><strong>relinqueretur</strong></span> <span class='ocrx_word' id='word_1_314' title='bbox 3219 1754 3417 1809; x_wconf 88' lang='lat' dir='ltr'><strong>domus</strong></span> <span class='ocrx_word' id='word_1_315' title='bbox 3464 1766 3559 1806; x_wconf 76' lang='lat' dir='ltr'><strong>ve-</strong></span> 
     </span>
    </p>
   </div>
   <div class='ocr_carea' id='block_1_46' title="bbox 1951 1825 3556 1922">
    <p class='ocr_par' dir='ltr' id='par_1_46' title="bbox 1951 1825 3556 1922">
     <span class='ocr_line' id='line_1_46' title="bbox 1951 1825 3556 1922; baseline -0.01 -11"><span class='ocrx_word' id='word_1_316' title='bbox 1951 1863 2068 1911; x_wconf 86' lang='lat' dir='ltr'><strong>stra</strong></span> <span class='ocrx_word' id='word_1_317' title='bbox 2100 1855 2340 1919; x_wconf 86' lang='lat' dir='ltr'><strong>deserta,</strong></span> <span class='ocrx_word' id='word_1_318' title='bbox 2365 1825 2620 1922; x_wconf 77' lang='lat' dir='ltr'><strong>discipuli</strong></span> <span class='ocrx_word' id='word_1_319' title='bbox 2643 1825 2759 1920; x_wconf 79' lang='lat' dir='ltr'><strong>ejus</strong></span> <span class='ocrx_word' id='word_1_320' title='bbox 2805 1825 3165 1910; x_wconf 83' lang='lat' dir='ltr'><strong>admirantes,</strong></span> <span class='ocrx_word' id='word_1_321' title='bbox 3191 1845 3336 1916; x_wconf 89' lang='lat' dir='ltr'><strong>quod</strong></span> <span class='ocrx_word' id='word_1_322' title='bbox 3387 1851 3556 1900; x_wconf 79' lang='lat' dir='ltr'><strong>tantae</strong></span> 
     </span>
    </p>
   </div>
   <div class='ocr_carea' id='block_1_47' title="bbox 1950 1933 3556 2015">
    <p class='ocr_par' dir='ltr' id='par_1_47' title="bbox 1950 1933 3556 2015">
     <span class='ocr_line' id='line_1_47' title="bbox 1950 1933 3556 2015; baseline -0.009 -13"><span class='ocrx_word' id='word_1_323' title='bbox 1950 1945 2343 2015; x_wconf 78' lang='lat' dir='ltr'><strong>magnitudinis</strong></span> <span class='ocrx_word' id='word_1_324' title='bbox 2419 1952 2640 2012; x_wconf 90' lang='lat' dir='ltr'><strong>tamque</strong></span> <span class='ocrx_word' id='word_1_325' title='bbox 2702 1939 2936 2011; x_wconf 88' lang='lat' dir='ltr'><strong>pulchra</strong></span> <span class='ocrx_word' id='word_1_326' title='bbox 2993 1937 3225 1994; x_wconf 66' lang='lat' dir='ltr'><strong>aedilicia</strong></span> <span class='ocrx_word' id='word_1_327' title='bbox 3289 1933 3556 1990; x_wconf 87' lang='lat' dir='ltr'><strong>abolenda</strong></span> 
     </span>
    </p>
   </div>
   <div class='ocr_carea' id='block_1_48' title="bbox 1947 2027 3553 2104">
    <p class='ocr_par' dir='ltr' id='par_1_48' title="bbox 1947 2027 3553 2104">
     <span class='ocr_line' id='line_1_48' title="bbox 1947 2027 3553 2104; baseline -0.009 -8"><span class='ocrx_word' id='word_1_328' title='bbox 1947 2050 2156 2104; x_wconf 83' lang='lat' dir='ltr'><strong>essent,</strong></span> <span class='ocrx_word' id='word_1_329' title='bbox 2181 2038 2479 2096; x_wconf 83' lang='lat' dir='ltr'><strong>ostendunt</strong></span> <span class='ocrx_word' id='word_1_330' title='bbox 2506 2037 2580 2091; x_wconf 92' lang='lat' dir='ltr'><strong>illi</strong></span> <span class='ocrx_word' id='word_1_331' title='bbox 2608 2037 2859 2091; x_wconf 85' lang='lat' dir='ltr'><strong>decorem</strong></span> <span class='ocrx_word' id='word_1_332' title='bbox 2888 2033 3094 2103; x_wconf 84' lang='lat' dir='ltr'><strong>templi.</strong></span> <span class='ocrx_word' id='word_1_333' title='bbox 3123 2031 3195 2086; x_wconf 80' lang='lat' dir='ltr'><strong>At</strong></span> <span class='ocrx_word' id='word_1_334' title='bbox 3226 2030 3316 2085; x_wconf 89' lang='lat' dir='ltr'><strong>ille</strong></span> <span class='ocrx_word' id='word_1_335' title='bbox 3346 2027 3553 2084; x_wconf 84' lang='lat' dir='ltr'><strong>nihilo-</strong></span> 
     </span>
    </p>
   </div>
   <div class='ocr_carea' id='block_1_49' title="bbox 1949 2129 3557 2207">
    <p class='ocr_par' dir='ltr' id='par_1_49' title="bbox 1949 2129 3557 2207">
     <span class='ocr_line' id='line_1_49' title="bbox 1949 2129 3557 2207; baseline -0.007 -17"><span class='ocrx_word' id='word_1_336' title='bbox 1949 2138 2130 2192; x_wconf 87' lang='lat' dir='ltr'><strong>minus</strong></span> <span class='ocrx_word' id='word_1_337' title='bbox 2191 2134 2438 2207; x_wconf 73' lang='lat' dir='ltr'><strong>pracdicit</strong></span> <span class='ocrx_word' id='word_1_338' title='bbox 2470 2131 2768 2203; x_wconf 81' lang='lat' dir='ltr'><strong>perdenda,</strong></span> <span class='ocrx_word' id='word_1_339' title='bbox 2815 2136 2871 2186; x_wconf 90' lang='lat' dir='ltr'><strong>et</strong></span> <span class='ocrx_word' id='word_1_340' title='bbox 2909 2129 2965 2182; x_wconf 93' lang='lat' dir='ltr'><strong>in</strong></span> <span class='ocrx_word' id='word_1_341' title='bbox 3003 2138 3237 2193; x_wconf 90' lang='lat' dir='ltr'><strong>tantum,</strong></span> <span class='ocrx_word' id='word_1_342' title='bbox 3285 2134 3343 2179; x_wconf 91' lang='lat' dir='ltr'><strong>ut</strong></span> <span class='ocrx_word' id='word_1_343' title='bbox 3379 2138 3557 2193; x_wconf 84' lang='lat' dir='ltr'><strong>neque</strong></span> 
     </span>
    </p>
   </div>
   <div class='ocr_carea' id='block_1_50' title="bbox 1949 2217 3558 2299">
    <p class='ocr_par' dir='ltr' id='par_1_50' title="bbox 1949 2217 3558 2299">
     <span class='ocr_line' id='line_1_50' title="bbox 1949 2217 3558 2299; baseline -0.009 -16"><span class='ocrx_word' id='word_1_344' title='bbox 1949 2230 2086 2298; x_wconf 78' lang='lat' dir='ltr'><strong>lapis</strong></span> <span class='ocrx_word' id='word_1_345' title='bbox 2143 2245 2309 2299; x_wconf 86' lang='lat' dir='ltr'><strong>super</strong></span> <span class='ocrx_word' id='word_1_346' title='bbox 2359 2227 2596 2297; x_wconf 84' lang='lat' dir='ltr'><strong>lapidem</strong></span> <span class='ocrx_word' id='word_1_347' title='bbox 2651 2234 2888 2278; x_wconf 78' lang='lat' dir='ltr'><strong>maneat.</strong></span> <span class='ocrx_word' id='word_1_348' title='bbox 2933 2219 3094 2294; x_wconf 61' lang='grc'><strong>24],</strong></span> <span class='ocrx_word' id='word_1_349' title='bbox 3150 2219 3313 2288; x_wconf 80' lang='lat' dir='ltr'><strong>Atqui</strong></span> <span class='ocrx_word' id='word_1_350' title='bbox 3368 2217 3558 2272; x_wconf 90' lang='lat' dir='ltr'><strong>dicunt</strong></span> 
     </span>
    </p>
   </div>
   <div class='ocr_carea' id='block_1_51' title="bbox 1947 2309 3558 2392">
    <p class='ocr_par' dir='ltr' id='par_1_51' title="bbox 1947 2309 3558 2392">
     <span class='ocr_line' id='line_1_51' title="bbox 1947 2309 3558 2392; baseline -0.008 -20"><span class='ocrx_word' id='word_1_351' title='bbox 1947 2323 2166 2392; x_wconf 87' lang='lat' dir='ltr'><strong>quidam</strong></span> <span class='ocrx_word' id='word_1_352' title='bbox 2201 2321 2398 2376; x_wconf 85' lang='lat' dir='ltr'><strong>multas</strong></span> <span class='ocrx_word' id='word_1_353' title='bbox 2434 2319 2634 2375; x_wconf 81' lang='lat' dir='ltr'><strong>veteris</strong></span> <span class='ocrx_word' id='word_1_354' title='bbox 2664 2317 2903 2374; x_wconf 81' lang='lat' dir='ltr'><strong>civitatis</strong></span> <span class='ocrx_word' id='word_1_355' title='bbox 2936 2313 3242 2371; x_wconf 77' lang='lat' dir='ltr'><strong>Jerusalem</strong></span> <span class='ocrx_word' id='word_1_356' title='bbox 3301 2309 3558 2379; x_wconf 78' lang='lat' dir='ltr'><strong>reliquias</strong></span> 
     </span>
    </p>
   </div>
   <div class='ocr_carea' id='block_1_52' title="bbox 1950 2404 3556 2486">
    <p class='ocr_par' dir='ltr' id='par_1_52' title="bbox 1950 2404 3556 2486">
     <span class='ocr_line' id='line_1_52' title="bbox 1950 2404 3556 2486; baseline -0.011 -14"><span class='ocrx_word' id='word_1_357' title='bbox 1950 2417 2300 2486; x_wconf 80' lang='lat' dir='ltr'><strong>Superstites,</strong></span> <span class='ocrx_word' id='word_1_358' title='bbox 2321 2425 2376 2468; x_wconf 87' lang='lat' dir='ltr'><strong>et</strong></span> <span class='ocrx_word' id='word_1_359' title='bbox 2421 2414 2494 2468; x_wconf 89' lang='lat' dir='ltr'><strong>ita</strong></span> <span class='ocrx_word' id='word_1_360' title='bbox 2547 2413 2828 2469; x_wconf 87' lang='lat' dir='ltr'><strong>Christum</strong></span> <span class='ocrx_word' id='word_1_361' title='bbox 2884 2408 3206 2466; x_wconf 85' lang='lat' dir='ltr'><strong>mendacem</strong></span> <span class='ocrx_word' id='word_1_362' title='bbox 3263 2404 3556 2459; x_wconf 79' lang='lat' dir='ltr'><strong>ostendere</strong></span> 
     </span>
    </p>
   </div>
   <div class='ocr_carea' id='block_1_53' title="bbox 1953 2495 3554 2577">
    <p class='ocr_par' dir='ltr' id='par_1_53' title="bbox 1953 2495 3554 2577">
     <span class='ocr_line' id='line_1_53' title="bbox 1953 2495 3554 2577; baseline -0.011 -11"><span class='ocrx_word' id='word_1_363' title='bbox 1953 2509 2300 2574; x_wconf 84' lang='lat' dir='ltr'><strong>tentant,sed</strong></span> <span class='ocrx_word' id='word_1_364' title='bbox 2336 2509 2442 2564; x_wconf 92' lang='lat' dir='ltr'><strong>hoc</strong></span> <span class='ocrx_word' id='word_1_365' title='bbox 2473 2508 2792 2577; x_wconf 85' lang='lat' dir='ltr'><strong>neutiquam</strong></span> <span class='ocrx_word' id='word_1_366' title='bbox 2819 2501 3009 2561; x_wconf 75' lang='lat' dir='ltr'><strong>verum</strong></span> <span class='ocrx_word' id='word_1_367' title='bbox 3032 2509 3137 2558; x_wconf 86' lang='lat' dir='ltr'><strong>est.</strong></span> <span class='ocrx_word' id='word_1_368' title='bbox 3173 2498 3309 2553; x_wconf 81' lang='lat' dir='ltr'><strong>Nam</strong></span> <span class='ocrx_word' id='word_1_369' title='bbox 3339 2495 3554 2552; x_wconf 85' lang='lat' dir='ltr'><strong>etiamsi</strong></span> 
     </span>
    </p>
   </div>
   <div class='ocr_carea' id='block_1_54' title="bbox 1949 2591 3551 2674">
    <p class='ocr_par' dir='ltr' id='par_1_54' title="bbox 1949 2591 3551 2674">
     <span class='ocr_line' id='line_1_54' title="bbox 1949 2591 3551 2674; baseline -0.012 -17"><span class='ocrx_word' id='word_1_370' title='bbox 1949 2597 2194 2674; x_wconf 69' lang='lat' dir='ltr'><strong>reliquiz&#39;e</strong></span> <span class='ocrx_word' id='word_1_371' title='bbox 2233 2600 2484 2672; x_wconf 67' lang='lat' dir='ltr'><strong>quaedam</strong></span> <span class='ocrx_word' id='word_1_372' title='bbox 2522 2599 2724 2655; x_wconf 76' lang='lat' dir='ltr'><strong>relicta:</strong></span> <span class='ocrx_word' id='word_1_373' title='bbox 2774 2604 2982 2660; x_wconf 86' lang='lat' dir='ltr'><strong>essent,</strong></span> <span class='ocrx_word' id='word_1_374' title='bbox 3007 2591 3155 2665; x_wconf 88' lang='lat' dir='ltr'><strong>quod</strong></span> <span class='ocrx_word' id='word_1_375' title='bbox 3204 2604 3394 2644; x_wconf 83' lang='lat' dir='ltr'><strong>verum</strong></span> <span class='ocrx_word' id='word_1_376' title='bbox 3445 2599 3551 2639; x_wconf 89' lang='lat' dir='ltr'><strong>non</strong></span> 
     </span>
    </p>
   </div>
   <div class='ocr_carea' id='block_1_55' title="bbox 1948 2680 3555 2764">
    <p class='ocr_par' dir='ltr' id='par_1_55' title="bbox 1948 2680 3555 2764">
     <span class='ocr_line' id='line_1_55' title="bbox 1948 2680 3555 2764; baseline -0.014 -10"><span class='ocrx_word' id='word_1_377' title='bbox 1948 2709 2051 2759; x_wconf 87' lang='lat' dir='ltr'><strong>est,</strong></span> <span class='ocrx_word' id='word_1_378' title='bbox 2080 2711 2186 2751; x_wconf 91' lang='lat' dir='ltr'><strong>non</strong></span> <span class='ocrx_word' id='word_1_379' title='bbox 2213 2703 2400 2751; x_wconf 87' lang='lat' dir='ltr'><strong>tamen</strong></span> <span class='ocrx_word' id='word_1_380' title='bbox 2440 2693 2783 2764; x_wconf 86' lang='lat' dir='ltr'><strong>relinquetur</strong></span> <span class='ocrx_word' id='word_1_381' title='bbox 2809 2690 2982 2761; x_wconf 82' lang='lat' dir='ltr'><strong>usque</strong></span> <span class='ocrx_word' id='word_1_382' title='bbox 3028 2689 3096 2744; x_wconf 89' lang='lat' dir='ltr'><strong>ad</strong></span> <span class='ocrx_word' id='word_1_383' title='bbox 3123 2680 3555 2742; x_wconf 86' lang='lat' dir='ltr'><strong>consummatio-</strong></span> 
     </span>
    </p>
   </div>
   <div class='ocr_carea' id='block_1_56' title="bbox 1952 2773 3556 2856">
    <p class='ocr_par' dir='ltr' id='par_1_56' title="bbox 1952 2773 3556 2856">
     <span class='ocr_line' id='line_1_56' title="bbox 1952 2773 3556 2856; baseline -0.011 -12"><span class='ocrx_word' id='word_1_384' title='bbox 1952 2808 2074 2844; x_wconf 82' lang='lat' dir='ltr'><strong>ttcm</strong></span> <span class='ocrx_word' id='word_1_385' title='bbox 2115 2788 2300 2845; x_wconf 63' lang='lat' dir='ltr'><strong>saeculi</strong></span> <span class='ocrx_word' id='word_1_386' title='bbox 2334 2786 2473 2856; x_wconf 88' lang='lat' dir='ltr'><strong>lapis</strong></span> <span class='ocrx_word' id='word_1_387' title='bbox 2504 2800 2672 2855; x_wconf 88' lang='lat' dir='ltr'><strong>super</strong></span> <span class='ocrx_word' id='word_1_388' title='bbox 2707 2782 2966 2856; x_wconf 85' lang='lat' dir='ltr'><strong>lapidem.</strong></span> <span class='ocrx_word' id='word_1_389' title='bbox 2996 2779 3141 2848; x_wconf 85' lang='lat' dir='ltr'><strong>Quin</strong></span> <span class='ocrx_word' id='word_1_390' title='bbox 3175 2775 3420 2832; x_wconf 74' lang='lat' dir='ltr'><strong>historias</strong></span> <span class='ocrx_word' id='word_1_391' title='bbox 3453 2773 3556 2828; x_wconf 89' lang='lat' dir='ltr'><strong>ba-</strong></span> 
     </span>
    </p>
   </div>
   <div class='ocr_carea' id='block_1_57' title="bbox 1951 2871 3555 2951">
    <p class='ocr_par' dir='ltr' id='par_1_57' title="bbox 1951 2871 3555 2951">
     <span class='ocr_line' id='line_1_57' title="bbox 1951 2871 3555 2951; baseline -0.011 -13"><span class='ocrx_word' id='word_1_392' title='bbox 1951 2882 2082 2938; x_wconf 89' lang='lat' dir='ltr'><strong>bent</strong></span> <span class='ocrx_word' id='word_1_393' title='bbox 2119 2881 2279 2951; x_wconf 70' lang='lat' dir='ltr'><strong>quod</strong></span> <span class='ocrx_word' id='word_1_394' title='bbox 2297 2878 2481 2936; x_wconf 67' lang='lat' dir='ltr'><strong>Elius</strong></span> <span class='ocrx_word' id='word_1_395' title='bbox 2524 2877 2799 2933; x_wconf 83' lang='lat' dir='ltr'><strong>Adrianus</strong></span> <span class='ocrx_word' id='word_1_396' title='bbox 2833 2873 3091 2946; x_wconf 85' lang='lat' dir='ltr'><strong>templum</strong></span> <span class='ocrx_word' id='word_1_397' title='bbox 3132 2882 3187 2926; x_wconf 89' lang='lat' dir='ltr'><strong>et</strong></span> <span class='ocrx_word' id='word_1_398' title='bbox 3217 2871 3494 2926; x_wconf 86' lang='lat' dir='ltr'><strong>civitatem</strong></span> <span class='ocrx_word' id='word_1_399' title='bbox 3526 2883 3555 2920; x_wconf 83' lang='lat' dir='ltr'><strong>a</strong></span> 
     </span>
    </p>
   </div>
   <div class='ocr_carea' id='block_1_58' title="bbox 1953 2963 3559 3037">
    <p class='ocr_par' dir='ltr' id='par_1_58' title="bbox 1953 2963 3559 3037">
     <span class='ocr_line' id='line_1_58' title="bbox 1953 2963 3559 3037; baseline -0.012 -4"><span class='ocrx_word' id='word_1_400' title='bbox 1953 2977 2326 3034; x_wconf 83' lang='lat' dir='ltr'><strong>fundamentis</strong></span> <span class='ocrx_word' id='word_1_401' title='bbox 2353 2973 2704 3037; x_wconf 72' lang='lat' dir='ltr'><strong>eﬂoderit,et</strong></span> <span class='ocrx_word' id='word_1_402' title='bbox 2755 2970 2830 3025; x_wconf 92' lang='lat' dir='ltr'><strong>ita</strong></span> <span class='ocrx_word' id='word_1_403' title='bbox 2882 2970 2935 3023; x_wconf 93' lang='lat' dir='ltr'><strong>in</strong></span> <span class='ocrx_word' id='word_1_404' title='bbox 2989 2967 3083 3022; x_wconf 90' lang='lat' dir='ltr'><strong>illo</strong></span> <span class='ocrx_word' id='word_1_405' title='bbox 3137 2963 3419 3034; x_wconf 88' lang='lat' dir='ltr'><strong>impletum</strong></span> <span class='ocrx_word' id='word_1_406' title='bbox 3473 2968 3559 3016; x_wconf 88' lang='lat' dir='ltr'><strong>est</strong></span> 
     </span>
    </p>
   </div>
   <div class='ocr_carea' id='block_1_59' title="bbox 1951 3054 3559 3144">
    <p class='ocr_par' dir='ltr' id='par_1_59' title="bbox 1951 3054 3559 3144">
     <span class='ocr_line' id='line_1_59' title="bbox 1951 3054 3559 3144; baseline -0.011 -21"><span class='ocrx_word' id='word_1_407' title='bbox 1951 3075 2095 3144; x_wconf 85' lang='lat' dir='ltr'><strong>quod</strong></span> <span class='ocrx_word' id='word_1_408' title='bbox 2129 3087 2238 3127; x_wconf 93' lang='lat' dir='ltr'><strong>non</strong></span> <span class='ocrx_word' id='word_1_409' title='bbox 2270 3071 2341 3126; x_wconf 88' lang='lat' dir='ltr'><strong>sit</strong></span> <span class='ocrx_word' id='word_1_410' title='bbox 2394 3068 2620 3124; x_wconf 90' lang='lat' dir='ltr'><strong>relictus</strong></span> <span class='ocrx_word' id='word_1_411' title='bbox 2673 3066 2812 3134; x_wconf 87' lang='lat' dir='ltr'><strong>lapis</strong></span> <span class='ocrx_word' id='word_1_412' title='bbox 2853 3076 3020 3133; x_wconf 84' lang='lat' dir='ltr'><strong>super</strong></span> <span class='ocrx_word' id='word_1_413' title='bbox 3073 3059 3332 3130; x_wconf 84' lang='lat' dir='ltr'><strong>lapidem.</strong></span> <span class='ocrx_word' id='word_1_414' title='bbox 3384 3054 3559 3110; x_wconf 82' lang='lat' dir='ltr'><strong>Porro</strong></span> 
     </span>
    </p>
   </div>
   <div class='ocr_carea' id='block_1_60' title="bbox 1952 3146 3552 3219">
    <p class='ocr_par' dir='ltr' id='par_1_60' title="bbox 1952 3146 3552 3219">
     <span class='ocr_line' id='line_1_60' title="bbox 1952 3146 3552 3219; baseline -0.012 0"><span class='ocrx_word' id='word_1_415' title='bbox 1952 3165 2178 3219; x_wconf 88' lang='lat' dir='ltr'><strong>sedente</strong></span> <span class='ocrx_word' id='word_1_416' title='bbox 2231 3161 2324 3216; x_wconf 92' lang='lat' dir='ltr'><strong>illo</strong></span> <span class='ocrx_word' id='word_1_417' title='bbox 2373 3164 2428 3215; x_wconf 91' lang='lat' dir='ltr'><strong>in</strong></span> <span class='ocrx_word' id='word_1_418' title='bbox 2489 3167 2676 3214; x_wconf 86' lang='lat' dir='ltr'><strong>monte</strong></span> <span class='ocrx_word' id='word_1_419' title='bbox 2728 3157 3426 3217; x_wconf 82' lang='lat' dir='ltr'><strong>olivarum,accesserunt</strong></span> <span class='ocrx_word' id='word_1_420' title='bbox 3483 3146 3552 3201; x_wconf 85' lang='lat' dir='ltr'><strong>ad</strong></span> 
     </span>
    </p>
   </div>
   <div class='ocr_carea' id='block_1_61' title="bbox 243 3229 1843 3324">
    <p class='ocr_par' dir='ltr' id='par_1_61' title="bbox 243 3229 1843 3308">
     <span class='ocr_line' id='line_1_61' title="bbox 243 3229 1843 3308; baseline 0.001 -27"><span class='ocrx_word' id='word_1_421' title='bbox 243 3229 536 3299; x_wconf 75' lang='grc' dir='ltr'><strong>λειφθῆναι</strong></span> <span class='ocrx_word' id='word_1_422' title='bbox 558 3232 650 3283; x_wconf 76' lang='grc' dir='ltr'><strong>ἐπὶ</strong></span> <span class='ocrx_word' id='word_1_423' title='bbox 687 3231 842 3301; x_wconf 87' lang='grc' dir='ltr'>λίθῳ.</span> <span class='ocrx_word' id='word_1_424' title='bbox 879 3232 1212 3302; x_wconf 78' lang='grc' dir='ltr'><strong>Καθημένου</strong></span> <span class='ocrx_word' id='word_1_425' title='bbox 1238 3232 1294 3286; x_wconf 81' lang='grc' dir='ltr'><strong>δὲ</strong></span> <span class='ocrx_word' id='word_1_426' title='bbox 1325 3231 1506 3308; x_wconf 30' lang='grc' dir='ltr'><strong>αὑτοῦ,</strong></span> <span class='ocrx_word' id='word_1_427' title='bbox 1527 3236 1606 3295; x_wconf 76' lang='grc' dir='ltr'><strong>είς</strong></span> <span class='ocrx_word' id='word_1_428' title='bbox 1630 3231 1690 3284; x_wconf 77' lang='grc' dir='ltr'><strong>τὸ</strong></span> <span class='ocrx_word' id='word_1_429' title='bbox 1718 3232 1843 3299; x_wconf 79' lang='grc' dir='ltr'><strong>ὅρος</strong></span> 
     </span>
    </p>
   </div>
   <div class='ocr_carea' id='block_1_62' title="bbox 1954 3229 3554 3324">
    <p class='ocr_par' dir='ltr' id='par_1_62' title="bbox 1955 3243 3554 3324">
     <span class='ocr_line' id='line_1_62' title="bbox 1955 3243 3554 3324; baseline -0.011 -14"><span class='ocrx_word' id='word_1_430' title='bbox 1955 3270 2077 3310; x_wconf 89' lang='lat' dir='ltr'><strong>eum</strong></span> <span class='ocrx_word' id='word_1_431' title='bbox 2144 3256 2592 3324; x_wconf 75' lang='lat' dir='ltr'><strong>interrogantes:</strong></span> <span class='ocrx_word' id='word_1_432' title='bbox 2624 3249 2855 3318; x_wconf 86' lang='lat' dir='ltr'><strong>Quando</strong></span> <span class='ocrx_word' id='word_1_433' title='bbox 2880 3249 2998 3302; x_wconf 67' lang='lat' dir='ltr'><strong>{nec</strong></span> <span class='ocrx_word' id='word_1_434' title='bbox 3048 3243 3252 3300; x_wconf 84' lang='lat' dir='ltr'><strong>erunt?</strong></span> <span class='ocrx_word' id='word_1_435' title='bbox 3283 3243 3388 3297; x_wconf 87' lang='lat' dir='ltr'><strong>hoc</strong></span> <span class='ocrx_word' id='word_1_436' title='bbox 3448 3248 3554 3305; x_wconf 87' lang='lat' dir='ltr'><strong>est,</strong></span> 
     </span>
    </p>
   </div>
   <div class='ocr_carea' id='block_1_63' title="bbox 246 3323 1850 3396">
    <p class='ocr_par' dir='ltr' id='par_1_63' title="bbox 246 3323 1850 3396">
     <span class='ocr_line' id='line_1_63' title="bbox 246 3323 1850 3396; baseline 0 -20"><span class='ocrx_word' id='word_1_437' title='bbox 246 3325 356 3378; x_wconf 79' lang='grc' dir='ltr'><strong>τῶν</strong></span> <span class='ocrx_word' id='word_1_438' title='bbox 385 3323 645 3390; x_wconf 83' lang='grc' dir='ltr'><strong>Ἐλαιῶν,</strong></span> <span class='ocrx_word' id='word_1_439' title='bbox 662 3324 972 3394; x_wconf 79' lang='grc' dir='ltr'><strong>προσῆλθον</strong></span> <span class='ocrx_word' id='word_1_440' title='bbox 997 3326 1145 3396; x_wconf 85' lang='grc' dir='ltr'><strong>αὑτῷ</strong></span> <span class='ocrx_word' id='word_1_441' title='bbox 1162 3326 1496 3395; x_wconf 80' lang='grc' dir='ltr'><strong>ἐρωτῶντες,</strong></span> <span class='ocrx_word' id='word_1_442' title='bbox 1522 3325 1656 3378; x_wconf 85' lang='grc' dir='ltr'><strong>Πότε</strong></span> <span class='ocrx_word' id='word_1_443' title='bbox 1674 3323 1850 3377; x_wconf 90' lang='grc' dir='ltr'><strong>ταῦτα</strong></span> 
     </span>
    </p>
   </div>
   <div class='ocr_carea' id='block_1_64' title="bbox 247 3415 1849 3487">
    <p class='ocr_par' dir='ltr' id='par_1_64' title="bbox 247 3415 1849 3487">
     <span class='ocr_line' id='line_1_64' title="bbox 247 3415 1849 3487; baseline -0.002 -16"><span class='ocrx_word' id='word_1_444' title='bbox 247 3417 437 3482; x_wconf 74' lang='grc' dir='ltr'><strong>ἔσταις</strong></span> <span class='ocrx_word' id='word_1_445' title='bbox 463 3416 734 3480; x_wconf 85' lang='grc' dir='ltr'><strong>τουτέστι,</strong></span> <span class='ocrx_word' id='word_1_446' title='bbox 773 3417 906 3470; x_wconf 83' lang='grc' dir='ltr'><strong>πότε</strong></span> <span class='ocrx_word' id='word_1_447' title='bbox 967 3415 1459 3487; x_wconf 84' lang='grc' dir='ltr'><strong>συντελεσθήσεται</strong></span> <span class='ocrx_word' id='word_1_448' title='bbox 1489 3416 1556 3469; x_wconf 64' lang='grc' dir='ltr'><strong>τὰ</strong></span> <span class='ocrx_word' id='word_1_449' title='bbox 1603 3419 1704 3485; x_wconf 88' lang='grc' dir='ltr'><strong>τῆς</strong></span> <span class='ocrx_word' id='word_1_450' title='bbox 1747 3416 1849 3468; x_wconf 84' lang='grc' dir='ltr'><strong>Ἰε-</strong></span> 
     </span>
    </p>
   </div>
   <div class='ocr_carea' id='block_1_65' title="bbox 247 3506 1851 3580">
    <p class='ocr_par' dir='ltr' id='par_1_65' title="bbox 247 3506 1851 3580">
     <span class='ocr_line' id='line_1_65' title="bbox 247 3506 1851 3580; baseline -0.002 -17"><span class='ocrx_word' id='word_1_451' title='bbox 247 3509 574 3580; x_wconf 83' lang='grc' dir='ltr'><strong>ρουσαλήμ;</strong></span> <span class='ocrx_word' id='word_1_452' title='bbox 626 3507 687 3562; x_wconf 84' lang='grc'><strong>’0</strong></span> <span class='ocrx_word' id='word_1_453' title='bbox 721 3507 923 3575; x_wconf 75' lang='grc' dir='ltr'><strong>δὲ,πρὸ</strong></span> <span class='ocrx_word' id='word_1_454' title='bbox 946 3508 1039 3560; x_wconf 88' lang='grc' dir='ltr'><strong>τοῦ</strong></span> <span class='ocrx_word' id='word_1_455' title='bbox 1067 3506 1476 3578; x_wconf 69' lang='grc' dir='ltr'><strong>ἀποκρίνασθαι</strong></span> <span class='ocrx_word' id='word_1_456' title='bbox 1500 3508 1686 3566; x_wconf 85' lang='grc' dir='ltr'><strong>αὐτοῖς</strong></span> <span class='ocrx_word' id='word_1_457' title='bbox 1719 3507 1851 3577; x_wconf 77' lang='grc' dir='ltr'><strong>περὶ</strong></span> 
     </span>
    </p>
   </div>
   <div class='ocr_carea' id='block_1_66' title="bbox 241 3594 1848 3671">
    <p class='ocr_par' dir='ltr' id='par_1_66' title="bbox 241 3594 1848 3671">
     <span class='ocr_line' id='line_1_66' title="bbox 241 3594 1848 3671; baseline -0.001 -16"><span class='ocrx_word' id='word_1_458' title='bbox 241 3594 318 3655; x_wconf 83' lang='grc' dir='ltr'><strong>ὧν</strong></span> <span class='ocrx_word' id='word_1_459' title='bbox 347 3601 664 3670; x_wconf 79' lang='grc' dir='ltr'><strong>ἠρώτησαν,</strong></span> <span class='ocrx_word' id='word_1_460' title='bbox 701 3598 1065 3669; x_wconf 76' lang='grc' dir='ltr'><strong>ἀσφαλίζεται</strong></span> <span class='ocrx_word' id='word_1_461' title='bbox 1115 3598 1216 3671; x_wconf 86' lang='grc' dir='ltr'><strong>τὴν</strong></span> <span class='ocrx_word' id='word_1_462' title='bbox 1250 3599 1492 3653; x_wconf 87' lang='grc' dir='ltr'><strong>διάνοιαν</strong></span> <span class='ocrx_word' id='word_1_463' title='bbox 1530 3599 1729 3662; x_wconf 81' lang='grc' dir='ltr'><strong>αὐτῶν,</strong></span> <span class='ocrx_word' id='word_1_464' title='bbox 1759 3600 1848 3654; x_wconf 84' lang='grc' dir='ltr'><strong>ἵνα</strong></span> 
     </span>
    </p>
   </div>
   <div class='ocr_carea' id='block_1_67' title="bbox 249 3690 1849 3764">
    <p class='ocr_par' dir='ltr' id='par_1_67' title="bbox 249 3690 1849 3764">
     <span class='ocr_line' id='line_1_67' title="bbox 249 3690 1849 3764; baseline 0 -18"><span class='ocrx_word' id='word_1_465' title='bbox 249 3693 325 3764; x_wconf 78' lang='grc' dir='ltr'><strong>μὴ</strong></span> <span class='ocrx_word' id='word_1_466' title='bbox 358 3690 738 3760; x_wconf 75' lang='grc' dir='ltr'><strong>πλανηθῶσιν.</strong></span> <span class='ocrx_word' id='word_1_467' title='bbox 779 3690 932 3743; x_wconf 76' lang='grc' dir='ltr'><strong>Ἐπεὶ</strong></span> <span class='ocrx_word' id='word_1_468' title='bbox 988 3690 1099 3759; x_wconf 78' lang='grc' dir='ltr'><strong>γὰρ</strong></span> <span class='ocrx_word' id='word_1_469' title='bbox 1145 3690 1478 3759; x_wconf 75' lang='grc' dir='ltr'><strong>ἀρξαμένων</strong></span> <span class='ocrx_word' id='word_1_470' title='bbox 1532 3690 1644 3743; x_wconf 86' lang='grc' dir='ltr'><strong>τῶν</strong></span> <span class='ocrx_word' id='word_1_471' title='bbox 1706 3695 1849 3746; x_wconf 73' lang='grc' dir='ltr'><strong>κατὰ</strong></span> 
     </span>
    </p>
   </div>
   <div class='ocr_carea' id='block_1_68' title="bbox 242 3782 1848 3858">
    <p class='ocr_par' dir='ltr' id='par_1_68' title="bbox 242 3782 1848 3858">
     <span class='ocr_line' id='line_1_68' title="bbox 242 3782 1848 3858; baseline -0.003 -17"><span class='ocrx_word' id='word_1_472' title='bbox 242 3787 342 3858; x_wconf 77' lang='grc' dir='ltr'><strong>τὴν</strong></span> <span class='ocrx_word' id='word_1_473' title='bbox 377 3784 646 3840; x_wconf 84' lang='grc' dir='ltr'><strong>Ἰουδαίαν</strong></span> <span class='ocrx_word' id='word_1_474' title='bbox 668 3785 871 3850; x_wconf 82' lang='grc' dir='ltr'><strong>νοσεῖν,</strong></span> <span class='ocrx_word' id='word_1_475' title='bbox 908 3782 1293 3852; x_wconf 75' lang='grc' dir='ltr'><strong>ἐπανέστησαν</strong></span> <span class='ocrx_word' id='word_1_476' title='bbox 1312 3801 1459 3846; x_wconf 90' lang='grc' dir='ltr'><strong>τινες</strong></span> <span class='ocrx_word' id='word_1_477' title='bbox 1486 3783 1848 3848; x_wconf 81' lang='grc' dir='ltr'><strong>διδασκάλους</strong></span> 
     </span>
    </p>
   </div>
   <div class='ocr_carea' id='block_1_69' title="bbox 243 3876 1849 3948">
    <p class='ocr_par' dir='ltr' id='par_1_69' title="bbox 243 3876 1849 3948">
     <span class='ocr_line' id='line_1_69' title="bbox 243 3876 1849 3948; baseline -0.002 -15"><span class='ocrx_word' id='word_1_478' title='bbox 243 3879 476 3942; x_wconf 77' lang='grc' dir='ltr'><strong>ἑαυτοὺς</strong></span> <span class='ocrx_word' id='word_1_479' title='bbox 497 3878 772 3946; x_wconf 85' lang='grc' dir='ltr'><strong>λέγοντες,</strong></span> <span class='ocrx_word' id='word_1_480' title='bbox 809 3878 976 3946; x_wconf 70' lang='grc' dir='ltr'><strong>φησὶν</strong></span> <span class='ocrx_word' id='word_1_481' title='bbox 997 3879 1025 3930; x_wconf 85' lang='grc' dir='ltr'>ὁ</span> <span class='ocrx_word' id='word_1_482' title='bbox 1060 3876 1298 3948; x_wconf 75' lang='grc' dir='ltr'><strong>Κύριοςο</strong></span> <span class='ocrx_word' id='word_1_483' title='bbox 1332 3876 1569 3930; x_wconf 75' lang='grc' dir='ltr'><strong>Βλέπετε</strong></span> <span class='ocrx_word' id='word_1_484' title='bbox 1606 3877 1680 3948; x_wconf 79' lang='grc' dir='ltr'><strong>μὴ</strong></span> <span class='ocrx_word' id='word_1_485' title='bbox 1705 3877 1849 3930; x_wconf 88' lang='grc' dir='ltr'><strong>πλα-</strong></span> 
     </span>
    </p>
   </div>
   <div class='ocr_carea' id='block_1_70' title="bbox 243 3972 468 4045">
    <p class='ocr_par' dir='ltr' id='par_1_70' title="bbox 243 3972 468 4045">
     <span class='ocr_line' id='line_1_70' title="bbox 243 3972 468 4045; baseline -0.018 -18"><span class='ocrx_word' id='word_1_486' title='bbox 243 3972 468 4045; x_wconf 85' lang='grc' dir='ltr'><strong>νηθῆτε.</strong></span> 
     </span>
    </p>
   </div>
   <div class='ocr_carea' id='block_1_71' title="bbox 323 4064 1843 4137">
    <p class='ocr_par' dir='ltr' id='par_1_71' title="bbox 323 4064 1843 4137">
     <span class='ocr_line' id='line_1_71' title="bbox 323 4064 1843 4137; baseline 0.002 -19"><span class='ocrx_word' id='word_1_487' title='bbox 323 4084 343 4118; x_wconf 76' lang='grc' dir='ltr'><strong>ι</strong></span> <span class='ocrx_word' id='word_1_488' title='bbox 385 4065 445 4118; x_wconf 87' lang='lat'><strong>&#39;0</strong></span> <span class='ocrx_word' id='word_1_489' title='bbox 467 4065 525 4119; x_wconf 82' lang='grc' dir='ltr'><strong>δὲ</strong></span> <span class='ocrx_word' id='word_1_490' title='bbox 561 4064 795 4136; x_wconf 80' lang='grc' dir='ltr'><strong>Ἰησοῦς,</strong></span> <span class='ocrx_word' id='word_1_491' title='bbox 822 4065 1148 4137; x_wconf 70' lang='grc' dir='ltr'><strong>ἀποκριθεὶς</strong></span> <span class='ocrx_word' id='word_1_492' title='bbox 1176 4066 1382 4128; x_wconf 81' lang='grc' dir='ltr'><strong>αὐτοῖς,</strong></span> <span class='ocrx_word' id='word_1_493' title='bbox 1409 4067 1616 4137; x_wconf 70' lang='grc' dir='ltr'><strong>ἤρξατο</strong></span> <span class='ocrx_word' id='word_1_494' title='bbox 1638 4067 1843 4136; x_wconf 85' lang='grc' dir='ltr'><strong>λέγειν,</strong></span> 
     </span>
    </p>
   </div>
   <div class='ocr_carea' id='block_1_72' title="bbox 243 4157 1844 4231">
    <p class='ocr_par' dir='ltr' id='par_1_72' title="bbox 243 4157 1844 4231">
     <span class='ocr_line' id='line_1_72' title="bbox 243 4157 1844 4231; baseline 0.003 -20"><span class='ocrx_word' id='word_1_495' title='bbox 243 4157 483 4211; x_wconf 83' lang='grc' dir='ltr'><strong>Βλέπετε</strong></span> <span class='ocrx_word' id='word_1_496' title='bbox 509 4157 583 4227; x_wconf 87' lang='grc' dir='ltr'><strong>μή</strong></span> <span class='ocrx_word' id='word_1_497' title='bbox 597 4175 680 4218; x_wconf 80' lang='grc' dir='ltr'><strong>τις</strong></span> <span class='ocrx_word' id='word_1_498' title='bbox 707 4159 851 4228; x_wconf 75' lang='grc' dir='ltr'><strong>ὑμᾶς</strong></span> <span class='ocrx_word' id='word_1_499' title='bbox 879 4159 1130 4231; x_wconf 83' lang='grc' dir='ltr'><strong>πλανήσῃ</strong></span> <span class='ocrx_word' id='word_1_500' title='bbox 1160 4177 1173 4190; x_wconf 85' lang='grc'><strong>·</strong></span> <span class='ocrx_word' id='word_1_501' title='bbox 1201 4159 1386 4213; x_wconf 72' lang='grc' dir='ltr'><strong>πολλοὶ</strong></span> <span class='ocrx_word' id='word_1_502' title='bbox 1400 4161 1509 4231; x_wconf 78' lang='grc' dir='ltr'><strong>γὰρ</strong></span> <span class='ocrx_word' id='word_1_503' title='bbox 1529 4161 1844 4216; x_wconf 78' lang='grc' dir='ltr'><strong>ἐλεύσονται</strong></span> 
     </span>
    </p>
   </div>
   <div class='ocr_carea' id='block_1_73' title="bbox 244 4251 1842 4327">
    <p class='ocr_par' dir='ltr' id='par_1_73' title="bbox 244 4251 1842 4327">
     <span class='ocr_line' id='line_1_73' title="bbox 244 4251 1842 4327; baseline 0.004 -24"><span class='ocrx_word' id='word_1_504' title='bbox 244 4253 338 4305; x_wconf 71' lang='grc' dir='ltr'><strong>ἐπὶ</strong></span> <span class='ocrx_word' id='word_1_505' title='bbox 361 4251 440 4319; x_wconf 82' lang='grc' dir='ltr'><strong>τῷ</strong></span> <span class='ocrx_word' id='word_1_506' title='bbox 458 4251 685 4321; x_wconf 72' lang='grc' dir='ltr'><strong>ὀνόματί</strong></span> <span class='ocrx_word' id='word_1_507' title='bbox 712 4271 837 4321; x_wconf 88' lang='grc' dir='ltr'><strong>μου,</strong></span> <span class='ocrx_word' id='word_1_508' title='bbox 856 4253 1106 4322; x_wconf 80' lang='grc' dir='ltr'><strong>λέγοντες</strong></span> <span class='ocrx_word' id='word_1_509' title='bbox 1130 4255 1235 4317; x_wconf 80' lang='grc' dir='ltr'><strong>ὅτι,</strong></span> <span class='ocrx_word' id='word_1_510' title='bbox 1273 4255 1416 4323; x_wconf 85' lang='grc' dir='ltr'><strong>Ἐγώ</strong></span> <span class='ocrx_word' id='word_1_511' title='bbox 1443 4257 1557 4326; x_wconf 78' lang='grc' dir='ltr'><strong>εἶμι</strong></span> <span class='ocrx_word' id='word_1_512' title='bbox 1582 4258 1842 4327; x_wconf 70' lang='grc' dir='ltr'><strong>Χριστὸς,</strong></span> 
     </span>
    </p>
   </div>
   <div class='ocr_carea' id='block_1_74' title="bbox 245 4344 1846 4420">
    <p class='ocr_par' dir='ltr' id='par_1_74' title="bbox 245 4344 1846 4420">
     <span class='ocr_line' id='line_1_74' title="bbox 245 4344 1846 4420; baseline 0.004 -23"><span class='ocrx_word' id='word_1_513' title='bbox 245 4346 340 4398; x_wconf 78' lang='grc' dir='ltr'><strong>καὶ</strong></span> <span class='ocrx_word' id='word_1_514' title='bbox 361 4344 592 4408; x_wconf 80' lang='grc' dir='ltr'><strong>πολλοὺς</strong></span> <span class='ocrx_word' id='word_1_515' title='bbox 621 4347 984 4417; x_wconf 75' lang='grc' dir='ltr'><strong>πλανήσουσιν</strong></span> <span class='ocrx_word' id='word_1_516' title='bbox 1009 4365 1020 4377; x_wconf 90' lang='grc'><strong>·</strong></span> <span class='ocrx_word' id='word_1_517' title='bbox 1049 4348 1181 4401; x_wconf 82' lang='grc' dir='ltr'><strong>ὅταν</strong></span> <span class='ocrx_word' id='word_1_518' title='bbox 1202 4348 1257 4400; x_wconf 85' lang='grc' dir='ltr'><strong>δὲ</strong></span> <span class='ocrx_word' id='word_1_519' title='bbox 1283 4349 1553 4420; x_wconf 73' lang='grc' dir='ltr'><strong>ἀκούσητε</strong></span> <span class='ocrx_word' id='word_1_520' title='bbox 1576 4351 1846 4420; x_wconf 82' lang='grc' dir='ltr'><strong>πολέμους</strong></span> 
     </span>
    </p>
   </div>
   <div class='ocr_carea' id='block_1_75' title="bbox 244 4437 1842 4511">
    <p class='ocr_par' dir='ltr' id='par_1_75' title="bbox 244 4437 1842 4511">
     <span class='ocr_line' id='line_1_75' title="bbox 244 4437 1842 4511; baseline 0.004 -21"><span class='ocrx_word' id='word_1_521' title='bbox 244 4437 340 4491; x_wconf 78' lang='grc' dir='ltr'><strong>καὶ</strong></span> <span class='ocrx_word' id='word_1_522' title='bbox 370 4438 544 4501; x_wconf 77' lang='grc' dir='ltr'><strong>ἀκοὰς</strong></span> <span class='ocrx_word' id='word_1_523' title='bbox 575 4438 854 4510; x_wconf 86' lang='grc' dir='ltr'><strong>πολέμων.</strong></span> <span class='ocrx_word' id='word_1_524' title='bbox 893 4443 967 4509; x_wconf 86' lang='grc' dir='ltr'><strong>μὴ</strong></span> <span class='ocrx_word' id='word_1_525' title='bbox 994 4441 1272 4510; x_wconf 85' lang='grc' dir='ltr'><strong>θροεῖσθε·</strong></span> <span class='ocrx_word' id='word_1_526' title='bbox 1311 4443 1394 4495; x_wconf 85' lang='grc' dir='ltr'><strong>δεῖ</strong></span> <span class='ocrx_word' id='word_1_527' title='bbox 1418 4445 1695 4511; x_wconf 86' lang='grc' dir='ltr'><strong>γενέσθαι,</strong></span> <span class='ocrx_word' id='word_1_528' title='bbox 1725 4445 1842 4498; x_wconf 81' lang='grc' dir='ltr'><strong>ἀλλ’</strong></span> 
     </span>
    </p>
   </div>
   <div class='ocr_carea' id='block_1_76' title="bbox 241 4532 1839 4606">
    <p class='ocr_par' dir='ltr' id='par_1_76' title="bbox 241 4532 1839 4606">
     <span class='ocr_line' id='line_1_76' title="bbox 241 4532 1839 4606; baseline 0.003 -22"><span class='ocrx_word' id='word_1_529' title='bbox 241 4532 400 4588; x_wconf 84' lang='grc' dir='ltr'><strong>οῦπω</strong></span> <span class='ocrx_word' id='word_1_530' title='bbox 439 4532 501 4586; x_wconf 83' lang='grc' dir='ltr'><strong>τὸ</strong></span> <span class='ocrx_word' id='word_1_531' title='bbox 543 4533 716 4597; x_wconf 86' lang='grc' dir='ltr'><strong>τέλος.</strong></span> <span class='ocrx_word' id='word_1_532' title='bbox 775 4533 1173 4605; x_wconf 79' lang='grc' dir='ltr'><strong>Ἐγερθήσεται</strong></span> <span class='ocrx_word' id='word_1_533' title='bbox 1220 4537 1330 4606; x_wconf 81' lang='grc' dir='ltr'><strong>γὰρ</strong></span> <span class='ocrx_word' id='word_1_534' title='bbox 1359 4537 1514 4601; x_wconf 80' lang='grc' dir='ltr'><strong>ἔθνος</strong></span> <span class='ocrx_word' id='word_1_535' title='bbox 1539 4538 1632 4590; x_wconf 77' lang='grc' dir='ltr'><strong>ἐπὶ</strong></span> <span class='ocrx_word' id='word_1_536' title='bbox 1666 4538 1839 4603; x_wconf 74' lang='grc' dir='ltr'><strong>ἔθνος,</strong></span> 
     </span>
    </p>
   </div>
   <div class='ocr_carea' id='block_1_77' title="bbox 1956 3334 3553 3418">
    <p class='ocr_par' dir='ltr' id='par_1_77' title="bbox 1956 3334 3553 3418">
     <span class='ocr_line' id='line_1_77' title="bbox 1956 3334 3553 3418; baseline -0.012 -16"><span class='ocrx_word' id='word_1_537' title='bbox 1956 3348 2173 3418; x_wconf 84' lang='lat' dir='ltr'><strong>quando</strong></span> <span class='ocrx_word' id='word_1_538' title='bbox 2191 3344 2665 3402; x_wconf 81' lang='lat' dir='ltr'><strong>consummabilnr</strong></span> <span class='ocrx_word' id='word_1_539' title='bbox 2688 3337 3037 3396; x_wconf 81' lang='lat' dir='ltr'><strong>Jerusalem?</strong></span> <span class='ocrx_word' id='word_1_540' title='bbox 3063 3337 3136 3392; x_wconf 80' lang='lat' dir='ltr'><strong>At</strong></span> <span class='ocrx_word' id='word_1_541' title='bbox 3154 3334 3271 3405; x_wconf 88' lang='lat' dir='ltr'><strong>ipse</strong></span> <span class='ocrx_word' id='word_1_542' title='bbox 3290 3341 3553 3402; x_wconf 83' lang='lat' dir='ltr'><strong>tanquam</strong></span> 
     </span>
    </p>
   </div>
   <div class='ocr_carea' id='block_1_78' title="bbox 1956 3429 3557 3510">
    <p class='ocr_par' dir='ltr' id='par_1_78' title="bbox 1956 3429 3557 3510">
     <span class='ocr_line' id='line_1_78' title="bbox 1956 3429 3557 3510; baseline -0.012 -14"><span class='ocrx_word' id='word_1_543' title='bbox 1956 3441 2314 3510; x_wconf 89' lang='lat' dir='ltr'><strong>responderet</strong></span> <span class='ocrx_word' id='word_1_544' title='bbox 2348 3439 2431 3494; x_wconf 91' lang='lat' dir='ltr'><strong>eis</strong></span> <span class='ocrx_word' id='word_1_545' title='bbox 2464 3437 2531 3492; x_wconf 83' lang='lat' dir='ltr'><strong>de</strong></span> <span class='ocrx_word' id='word_1_546' title='bbox 2594 3435 2681 3491; x_wconf 86' lang='lat' dir='ltr'><strong>bis</strong></span> <span class='ocrx_word' id='word_1_547' title='bbox 2737 3435 2806 3489; x_wconf 90' lang='lat' dir='ltr'><strong>de</strong></span> <span class='ocrx_word' id='word_1_548' title='bbox 2865 3432 3067 3501; x_wconf 87' lang='lat' dir='ltr'><strong>quibus</strong></span> <span class='ocrx_word' id='word_1_549' title='bbox 3121 3429 3557 3495; x_wconf 75' lang='lat' dir='ltr'><strong>interrogabant,</strong></span> 
     </span>
    </p>
   </div>
   <div class='ocr_carea' id='block_1_79' title="bbox 1955 3517 3553 3604">
    <p class='ocr_par' dir='ltr' id='par_1_79' title="bbox 1955 3517 3553 3604">
     <span class='ocr_line' id='line_1_79' title="bbox 1955 3517 3553 3604; baseline -0.011 -16"><span class='ocrx_word' id='word_1_550' title='bbox 1955 3534 2133 3588; x_wconf 86' lang='lat' dir='ltr'><strong>munit</strong></span> <span class='ocrx_word' id='word_1_551' title='bbox 2167 3530 2557 3604; x_wconf 80' lang='lat' dir='ltr'><strong>cogitationem</strong></span> <span class='ocrx_word' id='word_1_552' title='bbox 2589 3527 2833 3590; x_wconf 87' lang='lat' dir='ltr'><strong>illorum,</strong></span> <span class='ocrx_word' id='word_1_553' title='bbox 2857 3531 2917 3580; x_wconf 91' lang='lat' dir='ltr'><strong>ut</strong></span> <span class='ocrx_word' id='word_1_554' title='bbox 2959 3537 3027 3578; x_wconf 88' lang='lat' dir='ltr'><strong>ne</strong></span> <span class='ocrx_word' id='word_1_555' title='bbox 3063 3526 3274 3577; x_wconf 83' lang='lat' dir='ltr'><strong>errent.</strong></span> <span class='ocrx_word' id='word_1_556' title='bbox 3298 3517 3438 3588; x_wconf 86' lang='lat' dir='ltr'><strong>Quia</strong></span> <span class='ocrx_word' id='word_1_557' title='bbox 3475 3517 3553 3571; x_wconf 87' lang='lat' dir='ltr'><strong>in-</strong></span> 
     </span>
    </p>
   </div>
   <div class='ocr_carea' id='block_1_80' title="bbox 1951 3615 3557 3694">
    <p class='ocr_par' dir='ltr' id='par_1_80' title="bbox 1951 3615 3557 3694">
     <span class='ocr_line' id='line_1_80' title="bbox 1951 3615 3557 3694; baseline -0.01 -13"><span class='ocrx_word' id='word_1_558' title='bbox 1951 3623 2283 3694; x_wconf 88' lang='lat' dir='ltr'><strong>cipientibus</strong></span> <span class='ocrx_word' id='word_1_559' title='bbox 2306 3632 2487 3678; x_wconf 88' lang='lat' dir='ltr'><strong>autem</strong></span> <span class='ocrx_word' id='word_1_560' title='bbox 2515 3621 2678 3676; x_wconf 89' lang='lat' dir='ltr'><strong>rebus</strong></span> <span class='ocrx_word' id='word_1_561' title='bbox 2703 3619 2949 3674; x_wconf 80' lang='lat' dir='ltr'><strong>Judaicis</strong></span> <span class='ocrx_word' id='word_1_562' title='bbox 2974 3615 3278 3679; x_wconf 86' lang='lat' dir='ltr'><strong>labescere,</strong></span> <span class='ocrx_word' id='word_1_563' title='bbox 3301 3625 3557 3668; x_wconf 78' lang='lat' dir='ltr'><strong>surrexe-</strong></span> 
     </span>
    </p>
   </div>
   <div class='ocr_carea' id='block_1_81' title="bbox 1955 3703 3558 3784">
    <p class='ocr_par' dir='ltr' id='par_1_81' title="bbox 1955 3703 3558 3784">
     <span class='ocr_line' id='line_1_81' title="bbox 1955 3703 3558 3784; baseline -0.008 -14"><span class='ocrx_word' id='word_1_564' title='bbox 1955 3725 2082 3770; x_wconf 89' lang='lat' dir='ltr'><strong>runt</strong></span> <span class='ocrx_word' id='word_1_565' title='bbox 2111 3715 2332 3784; x_wconf 87' lang='lat' dir='ltr'><strong>quidam</strong></span> <span class='ocrx_word' id='word_1_566' title='bbox 2365 3713 2458 3783; x_wconf 89' lang='lat' dir='ltr'><strong>qui</strong></span> <span class='ocrx_word' id='word_1_567' title='bbox 2493 3727 2551 3766; x_wconf 89' lang='lat' dir='ltr'><strong>se</strong></span> <span class='ocrx_word' id='word_1_568' title='bbox 2573 3710 2834 3766; x_wconf 87' lang='lat' dir='ltr'><strong>dicebant</strong></span> <span class='ocrx_word' id='word_1_569' title='bbox 2865 3707 3186 3780; x_wconf 79' lang='lat' dir='ltr'><strong>magistros,</strong></span> <span class='ocrx_word' id='word_1_570' title='bbox 3210 3704 3346 3760; x_wconf 87' lang='lat' dir='ltr'><strong>dicit</strong></span> <span class='ocrx_word' id='word_1_571' title='bbox 3372 3703 3558 3759; x_wconf 87' lang='lat' dir='ltr'><strong>Domi-</strong></span> 
     </span>
    </p>
   </div>
   <div class='ocr_carea' id='block_1_82' title="bbox 1954 3801 2834 3875">
    <p class='ocr_par' dir='ltr' id='par_1_82' title="bbox 1954 3801 2834 3875">
     <span class='ocr_line' id='line_1_82' title="bbox 1954 3801 2834 3875; baseline -0.008 -13"><span class='ocrx_word' id='word_1_572' title='bbox 1954 3822 2057 3862; x_wconf 89' lang='lat' dir='ltr'><strong>nus</strong></span> <span class='ocrx_word' id='word_1_573' title='bbox 2083 3823 2098 3860; x_wconf 91' lang='lat'><strong>:</strong></span> <span class='ocrx_word' id='word_1_574' title='bbox 2129 3804 2323 3860; x_wconf 81' lang='lat' dir='ltr'><strong>Videte</strong></span> <span class='ocrx_word' id='word_1_575' title='bbox 2354 3819 2422 3859; x_wconf 89' lang='lat' dir='ltr'><strong>ne</strong></span> <span class='ocrx_word' id='word_1_576' title='bbox 2454 3801 2834 3875; x_wconf 84' lang='lat' dir='ltr'><strong>decipiamini.</strong></span> 
     </span>
    </p>
   </div>
   <div class='ocr_carea' id='block_1_83' title="bbox 2022 4065 3559 4142">
    <p class='ocr_par' dir='ltr' id='par_1_83' title="bbox 2022 4065 3559 4142">
     <span class='ocr_line' id='line_1_83' title="bbox 2022 4065 3559 4142; baseline -0.007 -10"><span class='ocrx_word' id='word_1_577' title='bbox 2022 4077 2190 4132; x_wconf 74' lang='lat' dir='ltr'><strong>Vens.</strong></span> <span class='ocrx_word' id='word_1_578' title='bbox 2237 4076 2395 4132; x_wconf 73' lang='lat'><strong>5-10.</strong></span> <span class='ocrx_word' id='word_1_579' title='bbox 2432 4094 2451 4127; x_wconf 77' lang='grc' dir='ltr'><strong>ι</strong></span> <span class='ocrx_word' id='word_1_580' title='bbox 2482 4076 2550 4129; x_wconf 86' lang='lat' dir='ltr'><strong>At</strong></span> <span class='ocrx_word' id='word_1_581' title='bbox 2613 4072 2776 4129; x_wconf 88' lang='lat' dir='ltr'><strong>Jesns</strong></span> <span class='ocrx_word' id='word_1_582' title='bbox 2834 4069 3177 4142; x_wconf 85' lang='lat' dir='ltr'><strong>respondens</strong></span> <span class='ocrx_word' id='word_1_583' title='bbox 3226 4066 3334 4122; x_wconf 88' lang='lat' dir='ltr'><strong>illis</strong></span> <span class='ocrx_word' id='word_1_584' title='bbox 3392 4065 3559 4135; x_wconf 64' lang='lat' dir='ltr'><strong>carpit</strong></span> 
     </span>
    </p>
   </div>
   <div class='ocr_carea' id='block_1_84' title="bbox 1951 4159 3554 4234">
    <p class='ocr_par' dir='ltr' id='par_1_84' title="bbox 1951 4159 3554 4234">
     <span class='ocr_line' id='line_1_84' title="bbox 1951 4159 3554 4234; baseline -0.009 -9"><span class='ocrx_word' id='word_1_585' title='bbox 1951 4171 2136 4225; x_wconf 69' lang='lat' dir='ltr'><strong>dicere</strong></span> <span class='ocrx_word' id='word_1_586' title='bbox 2185 4191 2196 4224; x_wconf 89' lang='lat'>:</span> <span class='ocrx_word' id='word_1_587' title='bbox 2248 4166 2440 4221; x_wconf 80' lang='lat' dir='ltr'><strong>Videte</strong></span> <span class='ocrx_word' id='word_1_588' title='bbox 2492 4181 2564 4220; x_wconf 88' lang='lat' dir='ltr'><strong>ne</strong></span> <span class='ocrx_word' id='word_1_589' title='bbox 2623 4166 2746 4234; x_wconf 92' lang='lat' dir='ltr'><strong>quis</strong></span> <span class='ocrx_word' id='word_1_590' title='bbox 2801 4178 2897 4218; x_wconf 81' lang='lat' dir='ltr'><strong>vos</strong></span> <span class='ocrx_word' id='word_1_591' title='bbox 2953 4161 3146 4215; x_wconf 81' lang='lat' dir='ltr'><strong>fallat:</strong></span> <span class='ocrx_word' id='word_1_592' title='bbox 3182 4160 3337 4214; x_wconf 89' lang='lat' dir='ltr'><strong>multi</strong></span> <span class='ocrx_word' id='word_1_593' title='bbox 3406 4159 3554 4214; x_wconf 86' lang='lat' dir='ltr'><strong>enim</strong></span> 
     </span>
    </p>
   </div>
   <div class='ocr_carea' id='block_1_85' title="bbox 1948 4254 3561 4328">
    <p class='ocr_par' dir='ltr' id='par_1_85' title="bbox 1948 4254 3561 4328">
     <span class='ocr_line' id='line_1_85' title="bbox 1948 4254 3561 4328; baseline -0.005 -12"><span class='ocrx_word' id='word_1_594' title='bbox 1948 4266 2169 4319; x_wconf 84' lang='lat' dir='ltr'><strong>venient</strong></span> <span class='ocrx_word' id='word_1_595' title='bbox 2220 4264 2274 4317; x_wconf 91' lang='lat' dir='ltr'><strong>in</strong></span> <span class='ocrx_word' id='word_1_596' title='bbox 2311 4263 2536 4318; x_wconf 90' lang='lat' dir='ltr'><strong>nomine</strong></span> <span class='ocrx_word' id='word_1_597' title='bbox 2589 4276 2711 4316; x_wconf 91' lang='lat' dir='ltr'><strong>meo</strong></span> <span class='ocrx_word' id='word_1_598' title='bbox 2746 4255 3182 4328; x_wconf 64' lang='lat' dir='ltr'><strong>dicenteszEgo</strong></span> <span class='ocrx_word' id='word_1_599' title='bbox 3230 4272 3350 4312; x_wconf 88' lang='lat' dir='ltr'><strong>sum</strong></span> <span class='ocrx_word' id='word_1_600' title='bbox 3406 4254 3561 4310; x_wconf 88' lang='lat' dir='ltr'><strong>Chri-</strong></span> 
     </span>
    </p>
   </div>
   <div class='ocr_carea' id='block_1_86' title="bbox 1949 4348 3557 4427">
    <p class='ocr_par' dir='ltr' id='par_1_86' title="bbox 1949 4348 3557 4427">
     <span class='ocr_line' id='line_1_86' title="bbox 1949 4348 3557 4427; baseline -0.009 -13"><span class='ocrx_word' id='word_1_601' title='bbox 1949 4370 2089 4424; x_wconf 87' lang='lat' dir='ltr'><strong>stus,</strong></span> <span class='ocrx_word' id='word_1_602' title='bbox 2139 4359 2449 4427; x_wconf 87' lang='lat' dir='ltr'><strong>nmltosque</strong></span> <span class='ocrx_word' id='word_1_603' title='bbox 2500 4355 2796 4423; x_wconf 87' lang='lat' dir='ltr'><strong>decipient.</strong></span> <span class='ocrx_word' id='word_1_604' title='bbox 2842 4352 2978 4409; x_wconf 88' lang='lat' dir='ltr'><strong>Cum</strong></span> <span class='ocrx_word' id='word_1_605' title='bbox 3031 4361 3212 4406; x_wconf 88' lang='lat' dir='ltr'><strong>autem</strong></span> <span class='ocrx_word' id='word_1_606' title='bbox 3266 4348 3557 4404; x_wconf 86' lang='lat' dir='ltr'><strong>audieritis</strong></span> 
     </span>
    </p>
   </div>
   <div class='ocr_carea' id='block_1_87' title="bbox 1948 4441 3559 4514">
    <p class='ocr_par' dir='ltr' id='par_1_87' title="bbox 1948 4441 3559 4514">
     <span class='ocr_line' id='line_1_87' title="bbox 1948 4441 3559 4514; baseline -0.007 -11"><span class='ocrx_word' id='word_1_607' title='bbox 1948 4450 2088 4504; x_wconf 83' lang='lat' dir='ltr'><strong>bella</strong></span> <span class='ocrx_word' id='word_1_608' title='bbox 2129 4459 2182 4502; x_wconf 90' lang='lat' dir='ltr'><strong>et</strong></span> <span class='ocrx_word' id='word_1_609' title='bbox 2219 4463 2465 4503; x_wconf 90' lang='lat' dir='ltr'><strong>rumores</strong></span> <span class='ocrx_word' id='word_1_610' title='bbox 2518 4447 2808 4514; x_wconf 88' lang='lat' dir='ltr'><strong>bellorum,</strong></span> <span class='ocrx_word' id='word_1_611' title='bbox 2852 4459 2919 4501; x_wconf 86' lang='lat' dir='ltr'><strong>ne</strong></span> <span class='ocrx_word' id='word_1_612' title='bbox 2957 4441 3249 4499; x_wconf 86' lang='lat' dir='ltr'><strong>Iurbctnini</strong></span> <span class='ocrx_word' id='word_1_613' title='bbox 3286 4461 3300 4497; x_wconf 90' lang='lat'><strong>:</strong></span> <span class='ocrx_word' id='word_1_614' title='bbox 3341 4449 3559 4511; x_wconf 83' lang='lat' dir='ltr'><strong>Oportet</strong></span> 
     </span>
    </p>
   </div>
   <div class='ocr_carea' id='block_1_88' title="bbox 1947 4535 3555 4607">
    <p class='ocr_par' dir='ltr' id='par_1_88' title="bbox 1947 4535 3555 4607">
     <span class='ocr_line' id='line_1_88' title="bbox 1947 4535 3555 4607; baseline -0.006 -11"><span class='ocrx_word' id='word_1_615' title='bbox 1947 4543 2090 4596; x_wconf 80' lang='lat' dir='ltr'><strong>enim</strong></span> <span class='ocrx_word' id='word_1_616' title='bbox 2147 4542 2285 4606; x_wconf 83' lang='lat' dir='ltr'><strong>ﬁeri,</strong></span> <span class='ocrx_word' id='word_1_617' title='bbox 2334 4551 2388 4594; x_wconf 87' lang='lat' dir='ltr'><strong>at</strong></span> <span class='ocrx_word' id='word_1_618' title='bbox 2444 4541 2681 4596; x_wconf 73' lang='lat' dir='ltr'><strong>nondum</strong></span> <span class='ocrx_word' id='word_1_619' title='bbox 2727 4539 2872 4594; x_wconf 88' lang='lat' dir='ltr'><strong>linis.</strong></span> <span class='ocrx_word' id='word_1_620' title='bbox 2913 4539 3163 4607; x_wconf 78' lang='lat' dir='ltr'><strong>lnsurget</strong></span> <span class='ocrx_word' id='word_1_621' title='bbox 3214 4535 3360 4591; x_wconf 88' lang='lat' dir='ltr'><strong>enim</strong></span> <span class='ocrx_word' id='word_1_622' title='bbox 3419 4547 3555 4604; x_wconf 78' lang='lat' dir='ltr'><strong>gens</strong></span> 
     </span>
    </p>
   </div>
   <div class='ocr_carea' id='block_1_89' title="bbox 244 4624 1843 4705">
    <p class='ocr_par' dir='ltr' id='par_1_89' title="bbox 244 4624 1838 4701">
     <span class='ocr_line' id='line_1_89' title="bbox 244 4624 1838 4701; baseline 0.004 -22"><span class='ocrx_word' id='word_1_623' title='bbox 244 4629 340 4679; x_wconf 78' lang='grc' dir='ltr'><strong>καὶ</strong></span> <span class='ocrx_word' id='word_1_624' title='bbox 390 4624 642 4696; x_wconf 86' lang='grc' dir='ltr'><strong>βασιλεία</strong></span> <span class='ocrx_word' id='word_1_625' title='bbox 703 4627 797 4679; x_wconf 77' lang='grc' dir='ltr'><strong>ἐπὶ</strong></span> <span class='ocrx_word' id='word_1_626' title='bbox 846 4626 1147 4697; x_wconf 84' lang='grc' dir='ltr'><strong>βασιλείαν.</strong></span> <span class='ocrx_word' id='word_1_627' title='bbox 1198 4631 1309 4684; x_wconf 80' lang='grc' dir='ltr'><strong>Καὶ</strong></span> <span class='ocrx_word' id='word_1_628' title='bbox 1353 4632 1566 4684; x_wconf 80' lang='grc' dir='ltr'><strong>ἔσονται</strong></span> <span class='ocrx_word' id='word_1_629' title='bbox 1622 4633 1838 4701; x_wconf 69' lang='grc' dir='ltr'><strong>σεισμοὶ</strong></span> 
     </span>
    </p>
   </div>
   <div class='ocr_carea' id='block_1_90' title="bbox 1954 4624 3554 4705">
    <p class='ocr_par' dir='ltr' id='par_1_90' title="bbox 1954 4633 3554 4705">
     <span class='ocr_line' id='line_1_90' title="bbox 1954 4633 3554 4705; baseline -0.006 -13"><span class='ocrx_word' id='word_1_630' title='bbox 1954 4639 2214 4692; x_wconf 85' lang='lat' dir='ltr'><strong>adversus</strong></span> <span class='ocrx_word' id='word_1_631' title='bbox 2265 4645 2508 4704; x_wconf 69' lang='lat' dir='ltr'><strong>gentem,</strong></span> <span class='ocrx_word' id='word_1_632' title='bbox 2565 4645 2621 4688; x_wconf 89' lang='lat' dir='ltr'><strong>et</strong></span> <span class='ocrx_word' id='word_1_633' title='bbox 2667 4648 2895 4705; x_wconf 79' lang='lat' dir='ltr'><strong>regnum</strong></span> <span class='ocrx_word' id='word_1_634' title='bbox 2964 4633 3230 4687; x_wconf 88' lang='lat' dir='ltr'><strong>adversus</strong></span> <span class='ocrx_word' id='word_1_635' title='bbox 3303 4645 3554 4702; x_wconf 78' lang='lat' dir='ltr'><strong>regnum.</strong></span> 
     </span>
    </p>
   </div>
   <div class='ocr_carea' id='block_1_91' title="bbox 244 4716 1842 4798">
    <p class='ocr_par' dir='ltr' id='par_1_91' title="bbox 244 4716 1842 4798">
     <span class='ocr_line' id='line_1_91' title="bbox 244 4716 1842 4798; baseline 0.007 -29"><span class='ocrx_word' id='word_1_636' title='bbox 244 4717 384 4771; x_wconf 82' lang='grc' dir='ltr'><strong>κατὰ</strong></span> <span class='ocrx_word' id='word_1_637' title='bbox 412 4716 633 4782; x_wconf 82' lang='grc' dir='ltr'><strong>τόπους.</strong></span> <span class='ocrx_word' id='word_1_638' title='bbox 665 4718 776 4772; x_wconf 80' lang='grc' dir='ltr'><strong>Καὶ</strong></span> <span class='ocrx_word' id='word_1_639' title='bbox 801 4718 1014 4774; x_wconf 75' lang='grc' dir='ltr'><strong>ἔσονται</strong></span> <span class='ocrx_word' id='word_1_640' title='bbox 1037 4722 1186 4792; x_wconf 81' lang='grc' dir='ltr'><strong>λιμοὶ</strong></span> <span class='ocrx_word' id='word_1_641' title='bbox 1231 4726 1322 4777; x_wconf 75' lang='grc' dir='ltr'><strong>καὶ</strong></span> <span class='ocrx_word' id='word_1_642' title='bbox 1349 4743 1411 4778; x_wconf 82' lang='grc' dir='ltr'><strong>τα</strong></span> <span class='ocrx_word' id='word_1_643' title='bbox 1423 4727 1606 4796; x_wconf 74' lang='grc' dir='ltr'><strong>ραχαί.</strong></span> <span class='ocrx_word' id='word_1_644' title='bbox 1651 4728 1842 4798; x_wconf 72' lang='grc' dir='ltr'><strong>Ἀρχαὶ</strong></span> 
     </span>
    </p>
   </div>
   <div class='ocr_carea' id='block_1_92' title="bbox 247 4808 1843 4890">
    <p class='ocr_par' dir='ltr' id='par_1_92' title="bbox 247 4808 1843 4890">
     <span class='ocr_line' id='line_1_92' title="bbox 247 4808 1843 4890; baseline 0.008 -27"><span class='ocrx_word' id='word_1_645' title='bbox 247 4808 458 4864; x_wconf 80' lang='grc' dir='ltr'><strong>ὠδίνων</strong></span> <span class='ocrx_word' id='word_1_646' title='bbox 477 4809 673 4864; x_wconf 87' lang='grc' dir='ltr'><strong>ταῦτα.</strong></span> <span class='ocrx_word' id='word_1_647' title='bbox 706 4811 944 4867; x_wconf 79' lang='grc' dir='ltr'><strong>Βλέπετε</strong></span> <span class='ocrx_word' id='word_1_648' title='bbox 978 4815 1034 4868; x_wconf 85' lang='grc' dir='ltr'><strong>δὲ</strong></span> <span class='ocrx_word' id='word_1_649' title='bbox 1078 4816 1237 4886; x_wconf 83' lang='grc' dir='ltr'><strong>ὑμεῖς</strong></span> <span class='ocrx_word' id='word_1_650' title='bbox 1275 4819 1503 4881; x_wconf 78' lang='grc' dir='ltr'><strong>ἑαυτούς</strong></span> <span class='ocrx_word' id='word_1_651' title='bbox 1531 4836 1542 4849; x_wconf 91' lang='grc'><strong>·</strong></span> <span class='ocrx_word' id='word_1_652' title='bbox 1580 4822 1843 4890; x_wconf 72' lang='grc' dir='ltr'><strong>παραδώ-</strong></span> 
     </span>
    </p>
   </div>
   <div class='ocr_carea' id='block_1_93' title="bbox 248 4899 1845 4980">
    <p class='ocr_par' dir='ltr' id='par_1_93' title="bbox 248 4899 1845 4980">
     <span class='ocr_line' id='line_1_93' title="bbox 248 4899 1845 4980; baseline 0.009 -28"><span class='ocrx_word' id='word_1_653' title='bbox 248 4917 401 4953; x_wconf 87' lang='grc' dir='ltr'><strong>σουσι</strong></span> <span class='ocrx_word' id='word_1_654' title='bbox 451 4899 561 4970; x_wconf 80' lang='grc' dir='ltr'><strong>γὰρ</strong></span> <span class='ocrx_word' id='word_1_655' title='bbox 606 4901 752 4970; x_wconf 83' lang='grc' dir='ltr'><strong>ὑμᾶς</strong></span> <span class='ocrx_word' id='word_1_656' title='bbox 804 4906 887 4966; x_wconf 87' lang='grc' dir='ltr'><strong>είς</strong></span> <span class='ocrx_word' id='word_1_657' title='bbox 928 4906 1208 4977; x_wconf 78' lang='grc' dir='ltr'><strong>συνέδρια,</strong></span> <span class='ocrx_word' id='word_1_658' title='bbox 1255 4911 1347 4962; x_wconf 72' lang='grc' dir='ltr'><strong>καὶ</strong></span> <span class='ocrx_word' id='word_1_659' title='bbox 1391 4912 1470 4973; x_wconf 83' lang='grc' dir='ltr'><strong>είς</strong></span> <span class='ocrx_word' id='word_1_660' title='bbox 1520 4914 1845 4980; x_wconf 75' lang='grc' dir='ltr'><strong>συναγωγὰς</strong></span> 
     </span>
    </p>
   </div>
   <div class='ocr_carea' id='block_1_94' title="bbox 246 4991 1843 5076">
    <p class='ocr_par' dir='ltr' id='par_1_94' title="bbox 246 4991 1843 5076">
     <span class='ocr_line' id='line_1_94' title="bbox 246 4991 1843 5076; baseline 0.008 -32"><span class='ocrx_word' id='word_1_661' title='bbox 246 4991 578 5061; x_wconf 82' lang='grc' dir='ltr'><strong>δαρήσεσθε,</strong></span> <span class='ocrx_word' id='word_1_662' title='bbox 616 4994 711 5047; x_wconf 74' lang='grc' dir='ltr'><strong>καὶ</strong></span> <span class='ocrx_word' id='word_1_663' title='bbox 739 4996 833 5048; x_wconf 71' lang='grc' dir='ltr'><strong>ἐπὶ</strong></span> <span class='ocrx_word' id='word_1_664' title='bbox 879 4998 1166 5068; x_wconf 83' lang='grc' dir='ltr'><strong>ἡγεμόνων</strong></span> <span class='ocrx_word' id='word_1_665' title='bbox 1215 5001 1312 5056; x_wconf 74' lang='grc' dir='ltr'><strong>καὶ</strong></span> <span class='ocrx_word' id='word_1_666' title='bbox 1346 5004 1612 5074; x_wconf 75' lang='grc' dir='ltr'><strong>βασιλέων</strong></span> <span class='ocrx_word' id='word_1_667' title='bbox 1641 5006 1843 5076; x_wconf 77' lang='grc' dir='ltr'><strong>σταθή-</strong></span> 
     </span>
    </p>
   </div>
   <div class='ocr_carea' id='block_1_95' title="bbox 247 5084 1844 5165">
    <p class='ocr_par' dir='ltr' id='par_1_95' title="bbox 247 5084 1844 5165">
     <span class='ocr_line' id='line_1_95' title="bbox 247 5084 1844 5165; baseline 0.01 -28"><span class='ocrx_word' id='word_1_668' title='bbox 247 5085 406 5138; x_wconf 87' lang='grc' dir='ltr'><strong>σεσθε</strong></span> <span class='ocrx_word' id='word_1_669' title='bbox 439 5084 630 5140; x_wconf 76' lang='grc' dir='ltr'><strong>ἕνεκεν</strong></span> <span class='ocrx_word' id='word_1_670' title='bbox 683 5089 841 5157; x_wconf 74' lang='grc' dir='ltr'><strong>ἐμοῦ,</strong></span> <span class='ocrx_word' id='word_1_671' title='bbox 901 5093 981 5155; x_wconf 80' lang='grc' dir='ltr'><strong>είς</strong></span> <span class='ocrx_word' id='word_1_672' title='bbox 1025 5095 1332 5165; x_wconf 86' lang='grc' dir='ltr'><strong>μαρτύριον</strong></span> <span class='ocrx_word' id='word_1_673' title='bbox 1381 5097 1586 5161; x_wconf 83' lang='grc' dir='ltr'><strong>αὐτοῖς.</strong></span> <span class='ocrx_word' id='word_1_674' title='bbox 1627 5100 1736 5152; x_wconf 82' lang='lat' dir='ltr'><strong>Kal</strong></span> <span class='ocrx_word' id='word_1_675' title='bbox 1761 5101 1844 5164; x_wconf 84' lang='grc' dir='ltr'><strong>εἰς</strong></span> 
     </span>
    </p>
   </div>
   <div class='ocr_carea' id='block_1_96' title="bbox 245 5177 1841 5261">
    <p class='ocr_par' dir='ltr' id='par_1_96' title="bbox 245 5177 1841 5261">
     <span class='ocr_line' id='line_1_96' title="bbox 245 5177 1841 5261; baseline 0.012 -33"><span class='ocrx_word' id='word_1_676' title='bbox 245 5177 428 5234; x_wconf 76' lang='grc' dir='ltr'><strong>πάντα</strong></span> <span class='ocrx_word' id='word_1_677' title='bbox 461 5179 533 5231; x_wconf 80' lang='grc' dir='ltr'><strong>τὰ</strong></span> <span class='ocrx_word' id='word_1_678' title='bbox 562 5179 690 5250; x_wconf 77' lang='grc' dir='ltr'><strong>ἔθνη</strong></span> <span class='ocrx_word' id='word_1_679' title='bbox 717 5182 800 5236; x_wconf 85' lang='grc' dir='ltr'><strong>δεῖ</strong></span> <span class='ocrx_word' id='word_1_680' title='bbox 854 5184 1075 5253; x_wconf 90' lang='grc' dir='ltr'><strong>πρῶτον</strong></span> <span class='ocrx_word' id='word_1_681' title='bbox 1114 5189 1462 5261; x_wconf 78' lang='grc' dir='ltr'><strong>κηρυχθῆναι</strong></span> <span class='ocrx_word' id='word_1_682' title='bbox 1492 5193 1553 5244; x_wconf 71' lang='grc' dir='ltr'><strong>τὺ</strong></span> <span class='ocrx_word' id='word_1_683' title='bbox 1595 5193 1841 5261; x_wconf 79' lang='grc' dir='ltr'><strong>Εὐαγγέ-</strong></span> 
     </span>
    </p>
   </div>
   <div class='ocr_carea' id='block_1_97' title="bbox 240 5270 1843 5354">
    <p class='ocr_par' dir='ltr' id='par_1_97' title="bbox 240 5270 1843 5354">
     <span class='ocr_line' id='line_1_97' title="bbox 240 5270 1843 5354; baseline 0.012 -33"><span class='ocrx_word' id='word_1_684' title='bbox 240 5270 375 5325; x_wconf 90' lang='grc' dir='ltr'><strong>λιον.</strong></span> <span class='ocrx_word' id='word_1_685' title='bbox 417 5291 436 5321; x_wconf 75' lang='grc' dir='ltr'><strong>ι</strong></span> <span class='ocrx_word' id='word_1_686' title='bbox 490 5273 686 5327; x_wconf 75' lang='grc' dir='ltr'><strong>Πολλοὶ</strong></span> <span class='ocrx_word' id='word_1_687' title='bbox 735 5274 1072 5347; x_wconf 77' lang='grc' dir='ltr'><strong>ἐλεύσονται,</strong></span> <span class='ocrx_word' id='word_1_688' title='bbox 1138 5278 1250 5345; x_wconf 71' lang='grc' dir='ltr'><strong>οἶος</strong></span> <span class='ocrx_word' id='word_1_689' title='bbox 1313 5277 1382 5354; x_wconf 79' lang='grc' dir='ltr'><strong>ἦν</strong></span> <span class='ocrx_word' id='word_1_690' title='bbox 1449 5285 1667 5348; x_wconf 82' lang='grc' dir='ltr'><strong>Ἰούδας,</strong></span> <span class='ocrx_word' id='word_1_691' title='bbox 1729 5281 1843 5351; x_wconf 75' lang='grc' dir='ltr'><strong>οἷος</strong></span> 
     </span>
    </p>
   </div>
   <div class='ocr_carea' id='block_1_98' title="bbox 243 5362 1838 5450">
    <p class='ocr_par' dir='ltr' id='par_1_98' title="bbox 243 5362 1838 5450">
     <span class='ocr_line' id='line_1_98' title="bbox 243 5362 1838 5450; baseline 0.012 -35"><span class='ocrx_word' id='word_1_692' title='bbox 243 5362 475 5429; x_wconf 71' lang='grc' dir='ltr'><strong>Θευδᾶς,</strong></span> <span class='ocrx_word' id='word_1_693' title='bbox 513 5367 562 5418; x_wconf 80' lang='grc' dir='ltr'><strong>οἳ</strong></span> <span class='ocrx_word' id='word_1_694' title='bbox 614 5366 804 5436; x_wconf 80' lang='grc' dir='ltr'><strong>ἔλεγον</strong></span> <span class='ocrx_word' id='word_1_695' title='bbox 835 5370 1062 5436; x_wconf 77' lang='grc' dir='ltr'><strong>ἑαυτοὺς</strong></span> <span class='ocrx_word' id='word_1_696' title='bbox 1086 5374 1191 5427; x_wconf 76' lang='grc' dir='ltr'><strong>ὑπὸ</strong></span> <span class='ocrx_word' id='word_1_697' title='bbox 1217 5374 1311 5428; x_wconf 88' lang='grc' dir='ltr'><strong>τοῦ</strong></span> <span class='ocrx_word' id='word_1_698' title='bbox 1331 5376 1467 5431; x_wconf 82' lang='grc' dir='ltr'><strong>Θεοῦ</strong></span> <span class='ocrx_word' id='word_1_699' title='bbox 1499 5379 1838 5450; x_wconf 75' lang='grc' dir='ltr'><strong>πεμφθῆναι.</strong></span> 
     </span>
    </p>
   </div>
   <div class='ocr_carea' id='block_1_99' title="bbox 243 5456 1841 5545">
    <p class='ocr_par' dir='ltr' id='par_1_99' title="bbox 243 5456 1841 5545">
     <span class='ocr_line' id='line_1_99' title="bbox 243 5456 1841 5545; baseline 0.013 -39"><span class='ocrx_word' id='word_1_700' title='bbox 243 5456 530 5526; x_wconf 83' lang='grc' dir='ltr'><strong>Πολέμους</strong></span> <span class='ocrx_word' id='word_1_701' title='bbox 553 5459 609 5512; x_wconf 84' lang='grc' dir='ltr'><strong>δὲ</strong></span> <span class='ocrx_word' id='word_1_702' title='bbox 645 5462 972 5545; x_wconf 66' lang='grc' dir='ltr'><strong>ἀκούσεσθε,</strong></span> <span class='ocrx_word' id='word_1_703' title='bbox 1016 5467 1204 5537; x_wconf 71' lang='grc' dir='ltr'><strong>φησὶν,</strong></span> <span class='ocrx_word' id='word_1_704' title='bbox 1268 5469 1362 5533; x_wconf 85' lang='grc' dir='ltr'><strong>οὓς</strong></span> <span class='ocrx_word' id='word_1_705' title='bbox 1391 5472 1483 5523; x_wconf 82' lang='grc' dir='ltr'><strong>καὶ</strong></span> <span class='ocrx_word' id='word_1_706' title='bbox 1518 5473 1545 5524; x_wconf 87' lang='grc' dir='ltr'>ὁ</span> <span class='ocrx_word' id='word_1_707' title='bbox 1579 5471 1841 5543; x_wconf 80' lang='grc' dir='ltr'><strong>Ἰώσηπος</strong></span> 
     </span>
    </p>
   </div>
   <div class='ocr_carea' id='block_1_100' title="bbox 243 5550 1840 5635">
    <p class='ocr_par' dir='ltr' id='par_1_100' title="bbox 243 5550 1840 5635">
     <span class='ocr_line' id='line_1_100' title="bbox 243 5550 1840 5635; baseline 0.012 -35"><span class='ocrx_word' id='word_1_708' title='bbox 243 5550 451 5621; x_wconf 70' lang='grc' dir='ltr'><strong>ἱστορεῖ</strong></span> <span class='ocrx_word' id='word_1_709' title='bbox 483 5557 818 5625; x_wconf 85' lang='grc' dir='ltr'><strong>γεγενῆσθαι</strong></span> <span class='ocrx_word' id='word_1_710' title='bbox 846 5560 953 5628; x_wconf 85' lang='grc' dir='ltr'><strong>πρὸ</strong></span> <span class='ocrx_word' id='word_1_711' title='bbox 981 5560 1081 5628; x_wconf 87' lang='grc' dir='ltr'><strong>τῆς</strong></span> <span class='ocrx_word' id='word_1_712' title='bbox 1113 5561 1391 5626; x_wconf 81' lang='grc' dir='ltr'><strong>ἁλώσεως.</strong></span> <span class='ocrx_word' id='word_1_713' title='bbox 1425 5565 1536 5617; x_wconf 81' lang='lat' dir='ltr'><strong>Kal</strong></span> <span class='ocrx_word' id='word_1_714' title='bbox 1576 5564 1685 5635; x_wconf 80' lang='grc' dir='ltr'><strong>γὰρ</strong></span> <span class='ocrx_word' id='word_1_715' title='bbox 1715 5567 1840 5619; x_wconf 83' lang='grc' dir='ltr'><strong>ἀντ-</strong></span> 
     </span>
    </p>
   </div>
   <div class='ocr_carea' id='block_1_101' title="bbox 241 5641 1834 5725">
    <p class='ocr_par' dir='ltr' id='par_1_101' title="bbox 241 5641 1834 5725">
     <span class='ocr_line' id='line_1_101' title="bbox 241 5641 1834 5725; baseline -0.018 -2"><span class='ocrx_word' id='word_1_716' title='bbox 241 5641 339 5709; x_wconf 38' lang='lat' dir='ltr'><strong>in”</strong></span> <span class='ocrx_word' id='word_1_717' title='bbox 393 5642 494 5711; x_wconf 70' lang='grc' dir='ltr'><strong>μὲν</strong></span> <span class='ocrx_word' id='word_1_718' title='bbox 517 5645 577 5696; x_wconf 75' lang='grc' dir='ltr'><strong>τδ</strong></span> <span class='ocrx_word' id='word_1_719' title='bbox 616 5645 789 5713; x_wconf 75' lang='grc' dir='ltr'><strong>ἔθνος.</strong></span> <span class='ocrx_word' id='word_1_720' title='bbox 823 5652 917 5702; x_wconf 73' lang='grc' dir='ltr'><strong>καί</strong></span> <span class='ocrx_word' id='word_1_721' title='bbox 943 5653 1041 5704; x_wconf 72' lang='grc' dir='ltr'><strong>οὐκ</strong></span> <span class='ocrx_word' id='word_1_722' title='bbox 1077 5653 1251 5705; x_wconf 80' lang='grc' dir='ltr'><strong>ἐδίδου</strong></span> <span class='ocrx_word' id='word_1_723' title='bbox 1281 5655 1409 5718; x_wconf 75' lang='grc' dir='ltr'><strong>τοὺς</strong></span> <span class='ocrx_word' id='word_1_724' title='bbox 1451 5658 1650 5725; x_wconf 69' lang='grc' dir='ltr'><strong>φόρους</strong></span> <span class='ocrx_word' id='word_1_725' title='bbox 1704 5658 1834 5711; x_wconf 70' lang='grc' dir='ltr'><strong>Ῥω,</strong></span> 
     </span>
    </p>
   </div>
   <div class='ocr_carea' id='block_1_102' title="bbox 244 5734 1839 5820">
    <p class='ocr_par' dir='ltr' id='par_1_102' title="bbox 244 5734 1839 5820">
     <span class='ocr_line' id='line_1_102' title="bbox 244 5734 1839 5820; baseline 0.012 -35"><span class='ocrx_word' id='word_1_726' title='bbox 244 5734 446 5800; x_wconf 79' lang='grc' dir='ltr'><strong>μαεοις.</strong></span> <span class='ocrx_word' id='word_1_727' title='bbox 509 5740 574 5791; x_wconf 81' lang='lat' dir='ltr'><strong>Oi</strong></span> <span class='ocrx_word' id='word_1_728' title='bbox 603 5738 680 5799; x_wconf 74' lang='grc' dir='ltr'><strong>δὲ,</strong></span> <span class='ocrx_word' id='word_1_729' title='bbox 723 5741 1098 5810; x_wconf 74' lang='grc' dir='ltr'><strong>ὀργισθέντες,</strong></span> <span class='ocrx_word' id='word_1_730' title='bbox 1162 5748 1402 5816; x_wconf 75' lang='grc' dir='ltr'><strong>ἐπῆλθον</strong></span> <span class='ocrx_word' id='word_1_731' title='bbox 1453 5751 1548 5803; x_wconf 76' lang='grc' dir='ltr'><strong>καὶ</strong></span> <span class='ocrx_word' id='word_1_732' title='bbox 1591 5754 1839 5820; x_wconf 79' lang='grc' dir='ltr'><strong>συνεχεῖς</strong></span> 
     </span>
    </p>
   </div>
   <div class='ocr_carea' id='block_1_103' title="bbox 240 5827 1805 5914">
    <p class='ocr_par' dir='ltr' id='par_1_103' title="bbox 240 5828 1805 5914">
     <span class='ocr_line' id='line_1_103' title="bbox 240 5828 1805 5910; baseline 0.012 -32"><span class='ocrx_word' id='word_1_733' title='bbox 240 5828 460 5893; x_wconf 65' lang='grc' dir='ltr'><strong>(πρόδους</strong></span> <span class='ocrx_word' id='word_1_734' title='bbox 505 5833 747 5899; x_wconf 54' lang='lat' dir='ltr'><strong>trained,</strong></span> <span class='ocrx_word' id='word_1_735' title='bbox 789 5837 905 5887; x_wconf 70' lang='grc' dir='ltr'><strong>ἀλλ’</strong></span> <span class='ocrx_word' id='word_1_736' title='bbox 958 5840 1109 5891; x_wconf 45' lang='lat' dir='ltr'><strong>uirus.</strong></span> <span class='ocrx_word' id='word_1_737' title='bbox 1148 5841 1199 5891; x_wconf 74' lang='grc' dir='ltr'><strong>ῗὲ</strong></span> <span class='ocrx_word' id='word_1_738' title='bbox 1238 5843 1389 5897; x_wconf 55' lang='grc' dir='ltr'><strong>τᾶἷκοζ</strong></span> <span class='ocrx_word' id='word_1_739' title='bbox 1428 5844 1515 5910; x_wconf 43' lang='lat' dir='ltr'><strong>ri};</strong></span> <span class='ocrx_word' id='word_1_740' title='bbox 1561 5846 1805 5897; x_wconf 63' lang='lat' dir='ltr'><strong>&#39;liunun</strong></span> 
     </span>
     <span class='ocr_line' id='line_1_104' title="bbox 1637 5899 1644 5914; baseline 0 0"><span class='ocrx_word' id='word_1_741' title='bbox 1637 5899 1644 5914; x_wconf 70' lang='grc' dir='ltr'>λ</span> 
     </span>
    </p>
   </div>
   <div class='ocr_carea' id='block_1_104' title="bbox 241 5919 1834 6001">
    <p class='ocr_par' dir='ltr' id='par_1_104' title="bbox 241 5919 1834 6001">
     <span class='ocr_line' id='line_1_105' title="bbox 241 5919 1834 6001; baseline 0.013 -28"><span class='ocrx_word' id='word_1_742' title='bbox 241 5919 368 5989; x_wconf 78' lang='grc' dir='ltr'><strong>Αήμ.</strong></span> <span class='ocrx_word' id='word_1_743' title='bbox 393 5923 983 5994; x_wconf 62' lang='grc' dir='ltr'><strong>’Ἐφιλανθρωπευονιιι</strong></span> <span class='ocrx_word' id='word_1_744' title='bbox 1018 5935 1121 5998; x_wconf 70' lang='grc' dir='ltr'><strong>γὲιρ</strong></span> <span class='ocrx_word' id='word_1_745' title='bbox 1156 5938 1212 5988; x_wconf 66' lang='lat' dir='ltr'><strong>ob</strong></span> <span class='ocrx_word' id='word_1_746' title='bbox 1251 5935 1532 6000; x_wconf 62' lang='grc' dir='ltr'><strong>Ῥωμαῖοί.</strong></span> <span class='ocrx_word' id='word_1_747' title='bbox 1573 5939 1644 5992; x_wconf 79' lang='grc' dir='ltr'><strong>Οὐ</strong></span> <span class='ocrx_word' id='word_1_748' title='bbox 1677 5937 1834 6001; x_wconf 79' lang='grc' dir='ltr'><strong>μόνον</strong></span> 
     </span>
    </p>
   </div>
   <div class='ocr_carea' id='block_1_105' title="bbox 1960 4721 3560 4796">
    <p class='ocr_par' dir='ltr' id='par_1_105' title="bbox 1960 4721 3560 4796">
     <span class='ocr_line' id='line_1_106' title="bbox 1960 4721 3560 4796; baseline -0.006 -11"><span class='ocrx_word' id='word_1_749' title='bbox 1960 4733 2022 4785; x_wconf 77' lang='lat' dir='ltr'><strong>Et</strong></span> <span class='ocrx_word' id='word_1_750' title='bbox 2044 4741 2205 4786; x_wconf 87' lang='lat' dir='ltr'><strong>erunt</strong></span> <span class='ocrx_word' id='word_1_751' title='bbox 2234 4739 2390 4783; x_wconf 67' lang='lat' dir='ltr'><strong>terrm</strong></span> <span class='ocrx_word' id='word_1_752' title='bbox 2405 4740 2586 4783; x_wconf 80' lang='lat' dir='ltr'><strong>motus</strong></span> <span class='ocrx_word' id='word_1_753' title='bbox 2613 4729 2666 4782; x_wconf 88' lang='lat' dir='ltr'><strong>in</strong></span> <span class='ocrx_word' id='word_1_754' title='bbox 2696 4728 2925 4796; x_wconf 77' lang='lat' dir='ltr'><strong>singulis</strong></span> <span class='ocrx_word' id='word_1_755' title='bbox 2951 4726 3107 4792; x_wconf 87' lang='lat' dir='ltr'><strong>locis,</strong></span> <span class='ocrx_word' id='word_1_756' title='bbox 3122 4735 3175 4780; x_wconf 88' lang='lat' dir='ltr'><strong>et</strong></span> <span class='ocrx_word' id='word_1_757' title='bbox 3198 4732 3362 4780; x_wconf 85' lang='lat' dir='ltr'><strong>erunt</strong></span> <span class='ocrx_word' id='word_1_758' title='bbox 3386 4721 3560 4777; x_wconf 74' lang='lat' dir='ltr'><strong>faunos</strong></span> 
     </span>
    </p>
   </div>
   <div class='ocr_carea' id='block_1_106' title="bbox 1961 4817 3558 4884">
    <p class='ocr_par' dir='ltr' id='par_1_106' title="bbox 1961 4817 3558 4884">
     <span class='ocr_line' id='line_1_107' title="bbox 1961 4817 3558 4884; baseline -0.003 -8"><span class='ocrx_word' id='word_1_759' title='bbox 1961 4839 2023 4877; x_wconf 88' lang='lat' dir='ltr'><strong>ac</strong></span> <span class='ocrx_word' id='word_1_760' title='bbox 2080 4823 2438 4877; x_wconf 88' lang='lat' dir='ltr'><strong>turbationcs.</strong></span> <span class='ocrx_word' id='word_1_761' title='bbox 2467 4820 2626 4875; x_wconf 91' lang='lat' dir='ltr'><strong>Initia</strong></span> <span class='ocrx_word' id='word_1_762' title='bbox 2658 4821 2905 4876; x_wconf 89' lang='lat' dir='ltr'><strong>dolorum</strong></span> <span class='ocrx_word' id='word_1_763' title='bbox 2946 4820 3084 4884; x_wconf 77' lang='lat' dir='ltr'><strong>haec,</strong></span> <span class='ocrx_word' id='word_1_764' title='bbox 3109 4817 3203 4872; x_wconf 90' lang='lat' dir='ltr'><strong>sed</strong></span> <span class='ocrx_word' id='word_1_765' title='bbox 3234 4826 3426 4873; x_wconf 85' lang='lat' dir='ltr'><strong>cavete</strong></span> <span class='ocrx_word' id='word_1_766' title='bbox 3463 4831 3558 4871; x_wconf 84' lang='lat' dir='ltr'><strong>vos</strong></span> 
     </span>
    </p>
   </div>
   <div class='ocr_carea' id='block_1_107' title="bbox 1958 4910 3558 4981">
    <p class='ocr_par' dir='ltr' id='par_1_107' title="bbox 1958 4910 3558 4981">
     <span class='ocr_line' id='line_1_108' title="bbox 1958 4910 3558 4981; baseline -0.004 -12"><span class='ocrx_word' id='word_1_767' title='bbox 1958 4917 2132 4970; x_wconf 85' lang='lat' dir='ltr'><strong>vobis.</strong></span> <span class='ocrx_word' id='word_1_768' title='bbox 2155 4915 2398 4969; x_wconf 82' lang='lat' dir='ltr'><strong>Tra‘dcnt</strong></span> <span class='ocrx_word' id='word_1_769' title='bbox 2423 4914 2569 4968; x_wconf 89' lang='lat' dir='ltr'><strong>enim</strong></span> <span class='ocrx_word' id='word_1_770' title='bbox 2615 4929 2711 4969; x_wconf 83' lang='lat' dir='ltr'><strong>vos</strong></span> <span class='ocrx_word' id='word_1_771' title='bbox 2752 4913 2803 4968; x_wconf 89' lang='lat' dir='ltr'><strong>in</strong></span> <span class='ocrx_word' id='word_1_772' title='bbox 2855 4911 3198 4976; x_wconf 88' lang='lat' dir='ltr'><strong>concilia,et</strong></span> <span class='ocrx_word' id='word_1_773' title='bbox 3231 4910 3284 4964; x_wconf 93' lang='lat' dir='ltr'><strong>in</strong></span> <span class='ocrx_word' id='word_1_774' title='bbox 3316 4923 3558 4981; x_wconf 76' lang='lat' dir='ltr'><strong>synago—</strong></span> 
     </span>
    </p>
   </div>
   <div class='ocr_carea' id='block_1_108' title="bbox 1955 5005 3558 5080">
    <p class='ocr_par' dir='ltr' id='par_1_108' title="bbox 1955 5005 3558 5080">
     <span class='ocr_line' id='line_1_109' title="bbox 1955 5005 3558 5080; baseline -0.001 -20"><span class='ocrx_word' id='word_1_775' title='bbox 1955 5011 2038 5078; x_wconf 74' lang='lat' dir='ltr'><strong>gis</strong></span> <span class='ocrx_word' id='word_1_776' title='bbox 2072 5008 2384 5074; x_wconf 61' lang='lat' dir='ltr'><strong>cuedemini,</strong></span> <span class='ocrx_word' id='word_1_777' title='bbox 2409 5016 2463 5061; x_wconf 88' lang='lat' dir='ltr'><strong>et</strong></span> <span class='ocrx_word' id='word_1_778' title='bbox 2495 5008 2598 5062; x_wconf 90' lang='lat' dir='ltr'><strong>sub</strong></span> <span class='ocrx_word' id='word_1_779' title='bbox 2632 5006 2972 5080; x_wconf 87' lang='lat' dir='ltr'><strong>principibus</strong></span> <span class='ocrx_word' id='word_1_780' title='bbox 3003 5020 3067 5060; x_wconf 91' lang='lat' dir='ltr'><strong>ac</strong></span> <span class='ocrx_word' id='word_1_781' title='bbox 3119 5005 3340 5075; x_wconf 81' lang='lat' dir='ltr'><strong>regibus</strong></span> <span class='ocrx_word' id='word_1_782' title='bbox 3387 5005 3558 5059; x_wconf 80' lang='lat' dir='ltr'><strong>duce-</strong></span> 
     </span>
    </p>
   </div>
   <div class='ocr_carea' id='block_1_109' title="bbox 1955 5097 3559 5170">
    <p class='ocr_par' dir='ltr' id='par_1_109' title="bbox 1955 5097 3559 5170">
     <span class='ocr_line' id='line_1_110' title="bbox 1955 5097 3559 5170; baseline -0.002 -15"><span class='ocrx_word' id='word_1_783' title='bbox 1955 5101 2087 5155; x_wconf 91' lang='lat' dir='ltr'><strong>mini</strong></span> <span class='ocrx_word' id='word_1_784' title='bbox 2156 5109 2380 5170; x_wconf 86' lang='lat' dir='ltr'><strong>prepter</strong></span> <span class='ocrx_word' id='word_1_785' title='bbox 2445 5114 2550 5168; x_wconf 88' lang='lat' dir='ltr'><strong>me,</strong></span> <span class='ocrx_word' id='word_1_786' title='bbox 2604 5100 2656 5154; x_wconf 92' lang='lat' dir='ltr'><strong>in</strong></span> <span class='ocrx_word' id='word_1_787' title='bbox 2713 5100 3085 5156; x_wconf 89' lang='lat' dir='ltr'><strong>testimonium</strong></span> <span class='ocrx_word' id='word_1_788' title='bbox 3140 5099 3268 5153; x_wconf 86' lang='lat' dir='ltr'><strong>illis.</strong></span> <span class='ocrx_word' id='word_1_789' title='bbox 3295 5097 3362 5152; x_wconf 84' lang='lat' dir='ltr'><strong>Et</strong></span> <span class='ocrx_word' id='word_1_790' title='bbox 3415 5100 3559 5164; x_wconf 84' lang='lat' dir='ltr'><strong>apud</strong></span> 
     </span>
    </p>
   </div>
   <div class='ocr_carea' id='block_1_110' title="bbox 1953 5191 3551 5264">
    <p class='ocr_par' dir='ltr' id='par_1_110' title="bbox 1953 5191 3551 5264">
     <span class='ocr_line' id='line_1_111' title="bbox 1953 5191 3551 5264; baseline -0.002 -17"><span class='ocrx_word' id='word_1_791' title='bbox 1953 5209 2144 5248; x_wconf 88' lang='lat' dir='ltr'><strong>omnes</strong></span> <span class='ocrx_word' id='word_1_792' title='bbox 2167 5205 2357 5263; x_wconf 79' lang='lat' dir='ltr'><strong>gentes</strong></span> <span class='ocrx_word' id='word_1_793' title='bbox 2385 5202 2599 5263; x_wconf 85' lang='lat' dir='ltr'><strong>oportet</strong></span> <span class='ocrx_word' id='word_1_794' title='bbox 2624 5194 2775 5264; x_wconf 92' lang='lat' dir='ltr'><strong>prius</strong></span> <span class='ocrx_word' id='word_1_795' title='bbox 2800 5193 3085 5263; x_wconf 69' lang='lat' dir='ltr'><strong>praedicari</strong></span> <span class='ocrx_word' id='word_1_796' title='bbox 3117 5191 3494 5264; x_wconf 81' lang='lat' dir='ltr'><strong>Evangelium.</strong></span> <span class='ocrx_word' id='word_1_797' title='bbox 3533 5211 3551 5244; x_wconf 75' lang='grc' dir='ltr'><strong>ι</strong></span> 
     </span>
    </p>
   </div>
   <div class='ocr_carea' id='block_1_111' title="bbox 1953 5285 3557 5356">
    <p class='ocr_par' dir='ltr' id='par_1_111' title="bbox 1953 5285 3557 5356">
     <span class='ocr_line' id='line_1_112' title="bbox 1953 5285 3557 5356; baseline -0.001 -15"><span class='ocrx_word' id='word_1_798' title='bbox 1953 5286 2110 5341; x_wconf 86' lang='lat' dir='ltr'><strong>Multi</strong></span> <span class='ocrx_word' id='word_1_799' title='bbox 2161 5288 2399 5354; x_wconf 83' lang='lat' dir='ltr'><strong>venient,</strong></span> <span class='ocrx_word' id='word_1_800' title='bbox 2433 5286 2613 5356; x_wconf 85' lang='lat' dir='ltr'><strong>qualis</strong></span> <span class='ocrx_word' id='word_1_801' title='bbox 2668 5294 2786 5342; x_wconf 82' lang='lat' dir='ltr'><strong>erat</strong></span> <span class='ocrx_word' id='word_1_802' title='bbox 2834 5285 3024 5352; x_wconf 85' lang='lat' dir='ltr'><strong>Judas,</strong></span> <span class='ocrx_word' id='word_1_803' title='bbox 3053 5287 3234 5356; x_wconf 84' lang='lat' dir='ltr'><strong>qualis</strong></span> <span class='ocrx_word' id='word_1_804' title='bbox 3275 5285 3557 5350; x_wconf 83' lang='lat' dir='ltr'><strong>Tbcudas,</strong></span> 
     </span>
    </p>
   </div>
   <div class='ocr_carea' id='block_1_112' title="bbox 1953 5377 3562 5450">
    <p class='ocr_par' dir='ltr' id='par_1_112' title="bbox 1953 5377 3562 5450">
     <span class='ocr_line' id='line_1_113' title="bbox 1953 5377 3562 5450; baseline -0.003 -18"><span class='ocrx_word' id='word_1_805' title='bbox 1953 5382 2044 5450; x_wconf 92' lang='lat' dir='ltr'><strong>qui</strong></span> <span class='ocrx_word' id='word_1_806' title='bbox 2079 5380 2335 5435; x_wconf 81' lang='lat' dir='ltr'><strong>dicebant</strong></span> <span class='ocrx_word' id='word_1_807' title='bbox 2368 5395 2426 5433; x_wconf 87' lang='lat' dir='ltr'><strong>se</strong></span> <span class='ocrx_word' id='word_1_808' title='bbox 2457 5395 2486 5432; x_wconf 90' lang='lat' dir='ltr'><strong>a</strong></span> <span class='ocrx_word' id='word_1_809' title='bbox 2519 5379 2631 5434; x_wconf 89' lang='lat' dir='ltr'><strong>Deo</strong></span> <span class='ocrx_word' id='word_1_810' title='bbox 2663 5381 2865 5435; x_wconf 88' lang='lat' dir='ltr'><strong>missos</strong></span> <span class='ocrx_word' id='word_1_811' title='bbox 2900 5393 3044 5435; x_wconf 82' lang='lat' dir='ltr'><strong>esse.</strong></span> <span class='ocrx_word' id='word_1_812' title='bbox 3073 5377 3224 5433; x_wconf 86' lang='lat' dir='ltr'><strong>Bella</strong></span> <span class='ocrx_word' id='word_1_813' title='bbox 3270 5387 3452 5433; x_wconf 89' lang='lat' dir='ltr'><strong>autem</strong></span> <span class='ocrx_word' id='word_1_814' title='bbox 3485 5378 3562 5432; x_wconf 77' lang='lat' dir='ltr'><strong>fu.</strong></span> 
     </span>
    </p>
   </div>
   <div class='ocr_carea' id='block_1_113' title="bbox 1957 5470 3555 5542">
    <p class='ocr_par' dir='ltr' id='par_1_113' title="bbox 1957 5470 3555 5542">
     <span class='ocr_line' id='line_1_114' title="bbox 1957 5470 3555 5542; baseline -0.001 -17"><span class='ocrx_word' id='word_1_815' title='bbox 1957 5482 2075 5526; x_wconf 89' lang='lat' dir='ltr'><strong>tura</strong></span> <span class='ocrx_word' id='word_1_816' title='bbox 2106 5472 2396 5541; x_wconf 79' lang='lat' dir='ltr'><strong>dicit,qu:e</strong></span> <span class='ocrx_word' id='word_1_817' title='bbox 2423 5480 2478 5526; x_wconf 90' lang='lat' dir='ltr'><strong>et</strong></span> <span class='ocrx_word' id='word_1_818' title='bbox 2501 5470 2778 5542; x_wconf 78' lang='lat' dir='ltr'><strong>Juseplius</strong></span> <span class='ocrx_word' id='word_1_819' title='bbox 2803 5481 2998 5527; x_wconf 84' lang='lat' dir='ltr'><strong>narrat</strong></span> <span class='ocrx_word' id='word_1_820' title='bbox 3023 5485 3153 5526; x_wconf 86' lang='lat' dir='ltr'><strong>ante</strong></span> <span class='ocrx_word' id='word_1_821' title='bbox 3179 5472 3555 5542; x_wconf 79' lang='lat' dir='ltr'><strong>captivitatem</strong></span> 
     </span>
    </p>
   </div>
   <div class='ocr_carea' id='block_1_114' title="bbox 1953 5564 3554 5639">
    <p class='ocr_par' dir='ltr' id='par_1_114' title="bbox 1953 5564 3554 5639">
     <span class='ocr_line' id='line_1_115' title="bbox 1953 5564 3554 5639; baseline 0.001 -20"><span class='ocrx_word' id='word_1_822' title='bbox 1953 5565 2116 5620; x_wconf 80' lang='lat' dir='ltr'><strong>facta.</strong></span> <span class='ocrx_word' id='word_1_823' title='bbox 2146 5564 2283 5620; x_wconf 84' lang='lat' dir='ltr'><strong>Nam</strong></span> <span class='ocrx_word' id='word_1_824' title='bbox 2328 5567 2648 5638; x_wconf 79' lang='lat' dir='ltr'><strong>insurgebat</strong></span> <span class='ocrx_word' id='word_1_825' title='bbox 2680 5567 2901 5636; x_wconf 89' lang='lat' dir='ltr'><strong>quidem</strong></span> <span class='ocrx_word' id='word_1_826' title='bbox 2934 5582 3092 5639; x_wconf 82' lang='lat' dir='ltr'><strong>gens,</strong></span> <span class='ocrx_word' id='word_1_827' title='bbox 3126 5577 3180 5620; x_wconf 90' lang='lat' dir='ltr'><strong>et</strong></span> <span class='ocrx_word' id='word_1_828' title='bbox 3222 5582 3327 5621; x_wconf 90' lang='lat' dir='ltr'><strong>non</strong></span> <span class='ocrx_word' id='word_1_829' title='bbox 3363 5565 3554 5621; x_wconf 77' lang='lat' dir='ltr'><strong>redde-</strong></span> 
     </span>
    </p>
   </div>
   <div class='ocr_carea' id='block_1_115' title="bbox 1956 5657 3555 5723">
    <p class='ocr_par' dir='ltr' id='par_1_115' title="bbox 1956 5657 3555 5723">
     <span class='ocr_line' id='line_1_116' title="bbox 1956 5657 3555 5723; baseline 0.001 -12"><span class='ocrx_word' id='word_1_830' title='bbox 1956 5669 2046 5711; x_wconf 82' lang='lat' dir='ltr'><strong>nat</strong></span> <span class='ocrx_word' id='word_1_831' title='bbox 2087 5657 2579 5713; x_wconf 77' lang='lat' dir='ltr'><strong>tribula.ﬂmnatti</strong></span> <span class='ocrx_word' id='word_1_832' title='bbox 2633 5668 2817 5715; x_wconf 86' lang='lat' dir='ltr'><strong>autem</strong></span> <span class='ocrx_word' id='word_1_833' title='bbox 2863 5661 2990 5716; x_wconf 89' lang='lat' dir='ltr'><strong>irati</strong></span> <span class='ocrx_word' id='word_1_834' title='bbox 3044 5677 3138 5717; x_wconf 89' lang='lat' dir='ltr'><strong>eos</strong></span> <span class='ocrx_word' id='word_1_835' title='bbox 3193 5660 3555 5723; x_wconf 83' lang='lat' dir='ltr'><strong>infestarunt,</strong></span> 
     </span>
    </p>
   </div>
   <div class='ocr_carea' id='block_1_116' title="bbox 1951 5751 3553 5822">
    <p class='ocr_par' dir='ltr' id='par_1_116' title="bbox 1951 5751 3553 5822">
     <span class='ocr_line' id='line_1_117' title="bbox 1951 5751 3553 5822; baseline 0 -17"><span class='ocrx_word' id='word_1_836' title='bbox 1951 5764 2001 5805; x_wconf 85' lang='lat' dir='ltr'><strong>ct</strong></span> <span class='ocrx_word' id='word_1_837' title='bbox 2035 5754 2309 5808; x_wconf 75' lang='lat' dir='ltr'><strong>CtHllllllllS</strong></span> <span class='ocrx_word' id='word_1_838' title='bbox 2353 5755 2778 5810; x_wconf 75' lang='lat' dir='ltr'><strong>excursionibus</strong></span> <span class='ocrx_word' id='word_1_839' title='bbox 2829 5771 2893 5809; x_wconf 86' lang='lat' dir='ltr'><strong>ae</strong></span> <span class='ocrx_word' id='word_1_840' title='bbox 2933 5755 3180 5822; x_wconf 67' lang='lat' dir='ltr'><strong>cladibus</strong></span> <span class='ocrx_word' id='word_1_841' title='bbox 3230 5751 3553 5815; x_wconf 67' lang='lat' dir='ltr'><strong>elicuerunt,</strong></span> 
     </span>
    </p>
   </div>
   <div class='ocr_carea' id='block_1_117' title="bbox 1951 5846 3552 5906">
    <p class='ocr_par' dir='ltr' id='par_1_117' title="bbox 1951 5846 3552 5906">
     <span class='ocr_line' id='line_1_118' title="bbox 1951 5846 3552 5906; baseline 0.004 -9"><span class='ocrx_word' id='word_1_842' title='bbox 1951 5846 2044 5901; x_wconf 84' lang='lat' dir='ltr'><strong>sed</strong></span> <span class='ocrx_word' id='word_1_843' title='bbox 2081 5847 2321 5899; x_wconf 85' lang='lat' dir='ltr'><strong>nondum</strong></span> <span class='ocrx_word' id='word_1_844' title='bbox 2370 5849 2490 5901; x_wconf 73' lang='lat' dir='ltr'><strong>linis</strong></span> <span class='ocrx_word' id='word_1_845' title='bbox 2523 5847 2851 5905; x_wconf 58' lang='lat' dir='ltr'><strong>der-malent.</strong></span> <span class='ocrx_word' id='word_1_846' title='bbox 2889 5848 3116 5906; x_wconf 55' lang='lat' dir='ltr'><strong>Romani</strong></span> <span class='ocrx_word' id='word_1_847' title='bbox 3153 5850 3296 5902; x_wconf 59' lang='lat' dir='ltr'><strong>enim</strong></span> <span class='ocrx_word' id='word_1_848' title='bbox 3337 5848 3552 5903; x_wconf 79' lang='lat' dir='ltr'><strong>miseri—</strong></span> 
     </span>
    </p>
   </div>
   <div class='ocr_carea' id='block_1_118' title="bbox 1955 5938 3553 6002">
    <p class='ocr_par' dir='ltr' id='par_1_118' title="bbox 1955 5938 3553 6002">
     <span class='ocr_line' id='line_1_119' title="bbox 1955 5938 3553 6002; baseline 0.001 -10"><span class='ocrx_word' id='word_1_849' title='bbox 1955 5939 2149 5994; x_wconf 85' lang='lat' dir='ltr'><strong>cordes</strong></span> <span class='ocrx_word' id='word_1_850' title='bbox 2201 5950 2376 5995; x_wconf 86' lang='lat' dir='ltr'><strong>erant.</strong></span> <span class='ocrx_word' id='word_1_851' title='bbox 2426 5938 2541 5998; x_wconf 82' lang='lat' dir='ltr'><strong>Non</strong></span> <span class='ocrx_word' id='word_1_852' title='bbox 2598 5942 2774 5996; x_wconf 85' lang='lat' dir='ltr'><strong>solum</strong></span> <span class='ocrx_word' id='word_1_853' title='bbox 2831 5951 3008 5997; x_wconf 86' lang='lat' dir='ltr'><strong>autem</strong></span> <span class='ocrx_word' id='word_1_854' title='bbox 3066 5942 3200 5996; x_wconf 78' lang='lat' dir='ltr'><strong>bella</strong></span> <span class='ocrx_word' id='word_1_855' title='bbox 3253 5947 3430 6002; x_wconf 81' lang='lat' dir='ltr'><strong>erant.</strong></span> <span class='ocrx_word' id='word_1_856' title='bbox 3458 5939 3553 5995; x_wconf 86' lang='lat' dir='ltr'><strong>sed</strong></span> 
     </span>
    </p>
   </div>
  </div>
