4028 6406
251 415 361 482 631

946 408 1395 473 ENARRATIO
1454 407 1535 467 ΙΝ
1577 401 2084 467 EVANGELIUM
2142 400 2407 467 MARCI.
2468 426 2538 439 -
2574 399 2738 464 CAP.
2785 398 2962 463 XIII.

3455 391 3565 457 638

251 539 337 594 τὸ,
379 530 608 587 Ἕνεκεν
639 528 776 601 ἐμοῦ
809 529 1000 584 ἔσεσθε
1036 528 1377 600 μισούμενοι.
1413 529 1486 579 Τὸ
1512 526 1619 597 γὰρ
1661 526 1849 578 ἕνεκεν

1961 530 2172 587 rentur,
2199 533 2255 579 et
2274 521 2574 593 periculum
2602 519 2819 576 facilius
2851 520 3029 573 ferant
3057 533 3070 570 :
3098 513 3297 580 deiide
3316 510 3566 567 consola-

249 626 423 681 αὐτοῦ
457 622 761 696 μισείσθαι,
789 623 975 679 ἱκανόν
1000 624 1116 677 ἐστι
1151 622 1336 685 πάσας
1367 619 1724 687 ἐπικουφίσαι
1750 617 1850 682 τὰς

253 718 569 791 σῖσμφορὰς.
636 716 801 772 Ἀλλὰ
853 718 951 771 καὶ
1008 718 1071 771 τδ
1146 715 1495 787 σωθήσεσθαι
1548 711 1641 769 τὸν
1701 712 1851 765 ὑπο-

254 812 522 885 μείναντα
551 811 634 875 είς
658 809 950 877 τέλος,καὶ
969 809 1131 864 τοῦτο
1162 807 1399 879 μεγίστη
1422 805 1794 878 παράκλησις.

330 1091 349 1124 ι
392 1072 568 1126 Ὄταν
592 1071 649 1126 δέ
681 1070 829 1141 ἴδητε
856 1070 917 1123 τὸ
952 1069 1232 1141 βδέλυγμα
1278 1064 1378 1137 τῆς
1401 1062 1760 1137 ἐρημώσεως,
1792 1062 1849 1115 τὸ

251 1166 419 1239 ῥηθὲν
443 1165 550 1218 ὑπὸ
584 1164 784 1233 Δανιὴλ
814 1160 909 1215 τοῦ
933 1162 1242 1233 προφήτου,
1292 1156 1467 1221 ἑστὼς
1493 1158 1629 1210 ὅπου
1656 1154 1716 1208 ού
1749 1154 1849 1219 δεῖ,

247 1262 278 1314 6
318 1255 719 1327 ἀναγινώσκων
746 1253 961 1320 νοείτω,
1006 1253 1130 1306 τότε
1167 1252 1219 1305 oi
1246 1253 1304 1304 ἐν
1342 1252 1410 1320 τῇ
1454 1248 1686 1321 Ἰουδαίᾳ
1718 1260 1849 1315 φευ-

248 1353 501 1422 γέτωσαν
533 1352 613 1412 είς
652 1349 722 1403 τὰ
765 1347 891 1419 ὅρη.
936 1346 996 1401 Ὀ
1053 1345 1112 1399 δέ
1152 1345 1245 1399 ἐπὶ
1292 1342 1387 1396 τοῦ
1448 1341 1724 1412 δώματος,
1775 1339 1853 1409 μὴ

248 1445 553 1499 καταϐάτω
598 1445 679 1506 είς
724 1440 825 1512 τὴν
860 1440 1061 1503 οίκίαν,
1114 1438 1250 1509 μηδὲ
1284 1434 1579 1490 εἰσελθέτω
1634 1428 1769 1504 ἅραί
1800 1448 1855 1485 τι

247 1541 316 1593 ἐκ
356 1538 458 1607 τῆς
509 1534 690 1597 οίκίας
748 1532 939 1594 αὑτοῦ,
995 1531 1092 1585 καὶ
1139 1533 1167 1584 ὁ
1214 1530 1297 1592 είς
1328 1528 1421 1581 τὸν
1453 1525 1625 1597 ἀγρὸν
1646 1518 1744 1587 ὢν,
1777 1522 1854 1593 μὴ

248 1628 644 1699 ἐπιστρεψάτω
677 1628 757 1691 είς
808 1625 879 1678 τὰ
926 1625 1126 1687 ὀπίσω,
1156 1620 1289 1693 ἆραι
1317 1622 1377 1674 τὸ
1417 1621 1635 1691 ίμάτιον
1662 1615 1851 1671 αὑτοῦ.

246 1726 389 1780 Οὐαὶ
415 1724 472 1777 δέ
505 1723 625 1785 ταῖς
652 1723 710 1774 ἐν
739 1718 944 1790 γαστρὶ
982 1716 1240 1789 ἐχούσαις
1290 1715 1385 1769 καὶ
1432 1715 1552 1776 ταίς
1571 1707 1851 1783 θηλαζού-

247 1832 373 1877 σεις
408 1817 462 1865 ἐν
495 1812 738 1874 ἐκείναις
770 1812 891 1872 ταῖς
925 1809 1182 1880 ἡμέραις.
1217 1824 1233 1857 ι
1273 1803 1560 1873 Βδέλυγμα
1580 1803 1678 1872 τῆς
1720 1802 1854 1871 ἐρη-

1958 617 2313 685 tiosequitttr,
2330 617 2473 687 quod
2496 614 2726 683 Propter
2757 626 2842 667 Ine
2859 610 2986 666 odio
3011 606 3167 662 erit'is
3198 602 3564 670 habiti.Quod

1952 713 2099 767 enim
2132 718 2353 782 propter
2387 710 2562 779 ipsum
2593 707 2815 762 fuerunt
2858 704 2984 758 odio
3016 699 3213 762 habiti,
3256 697 3393 752 satis
3443 704 3566 751 erat

1954 807 2020 860 ad
2085 821 2276 860 omnes
2345 804 2690 857 calamitates
2765 798 3067 853 leniendas.
3112 793 3254 860 Quin
3315 803 3369 846 et
3420 789 3565 859 quod

1954 899 2197 954 Salvandi
2238 905 2398 952 erant
2443 897 2845 967 perseveraturi
2882 906 3054 961 usque
3087 888 3143 943 iu
3174 887 3361 951 finem,
3400 885 3568 939 etiam

1958 992 2136 1060 ipsum
2168 992 2465 1045 maximam
2499 989 2769 1044 afferebat
2795 984 3254 1042 consolationem.

2030 1086 2197 1140 Vens.
2223 1084 2415 1139 M-l‘i.
2444 1102 2461 1135 ι
2493 1083 2664 1138 Porro
2682 1096 2807 1136 cum
2835 1075 3084 1134 videritis
3103 1072 3568 1130 abominationetn

1958 1179 2318 1237 desolatiom’s
2348 1176 2416 1231 de
2443 1176 2786 1244 qua'diclttni
2820 1183 2969 1229 estwa
3005 1169 3230 1226 Daniele
3276 1168 3567 1237 propheta,

1959 1285 2194 1330 stantem
2226 1271 2316 1327 ubi
2346 1272 2449 1325 non
2480 1279 2719 1341 oportet,
2744 1268 2839 1340 qui
2867 1267 3060 1337 legerit
3098 1265 3390 1334 intelligat.
3412 1261 3571 1319 Tunc

1956 1368 2050 1439 qui
2082 1359 2289 1419 fuerint
2339 1362 2394 1418 in
2416 1360 2638 1426 Iuda,
2663 1362 2874 1430 fugiant
2907 1360 2975 1414 ad
3011 1367 3229 1414 montes
3256 1374 3271 1412 :
3298 1356 3392 1426 qui
3437 1369 3573 1411 vero

1956 1460 2122 1516 fuerit
2149 1458 2406 1523 intecto,
2442 1469 2510 1511 ne
2546 1456 2843 1511 descendat
2890 1454 2944 1508 in
2972 1453 3223 1517 domum,
3250 1465 3351 1507 nec
3388 1449 3573 1519 ingre-

1958 1553 2141 1608 diatur
2195 1557 2254 1603 nt
2299 1548 2594 1617 quicquam
2650 1543 2808 1601 tonat
2860 1560 2893 1600 e
2938 1545 3103 1599 domo
3152 1556 3251 1598 sua
3299 1551 3421 1595 :‘et
3475 1538 3568 1609 qui

1961 1645 2123 1699 ΐιιειτὶι
2152 1644 2204 1697 in
2246 1657 2395 1713 agro,
2437 1656 2504 1695 ne
2552 1626 2863 1695 revertatur
2895 1638 2962 1693 ad
3002 1652 3067 1693 ea
3104 1650 3227 1706 quae
3284 1633 3506 1705 reliquit
3538 1649 3567 1685 a

1964 1751 2136 1808 tergo,
2166 1739 2233 1791 ad
2277 1735 2573 1790 tollendum
2607 1726 2831 1802 pallium
2864 1745 3050 1787 suum.
3078 1727 3173 1785 νω
3206 1714 3391 1785 autem
3428 1742 3567 1795 pra:-

1960 1814 2273 1902 gnantibus,
2307 1836 2363 1883 et
2418 1816 2751 1882 lactantibus
2784 1826 2838 1880 in
2875 1824 3072 1881 diebus
3108 1822 3237 1879 illis.
3287 1840 3309 1877 ι
3345 1817 3571 1875 Abomi-

247 1906 506 1979 μώσεως,
538 1908 565 1959 ὁ
602 1905 827 1972 ἀνδριὰς
861 1901 953 1956 τοῦ
987 1902 1087 1971 τήν
1103 1901 1258 1953 πόλιν
1290 1899 1526 1961 ἑλόντος.
1558 1894 1850 1963 Βδέλυγμα

1961 1928 2106 1980 natio
2162 1921 2522 1979 desolationis
2565 1929 2747 1976 statua
2806 1929 2892 1975 est
2962 1917 3083 1989 ejus
3140 1933 3235 1988 qut
3289 1915 3568 1973 civitatem

239 2002 356 2071 γὰρ
401 1999 513 2051 πᾶν
568 1996 790 2051 εἴδωλον
839 1994 1086 2063 λέγεται.
1154 1990 1525 2063 Ἐρημώσεως
1574 1988 1651 2052 δὲ.
1712 1986 1847 2040 διότι

238 2090 484 2160 ἁλούσης
500 2090 601 2159 τῆς
636 2086 1019 2160 Ἰερουσαλὴμ,
1060 2085 1156 2139 καὶ
1212 2085 1500 2155 ἐρήμωσιν
1526 2077 1850 2151 πασχούσης

242 2181 487 2253 εστησαν
521 2181 655 2234 αὐτὸ
680 2179 790 2232 εσω
817 2178 929 2231 τῶν
960 2176 1173 2230 ἀδύτων
1218 2173 1313 2228 τοῦ
1353 2173 1507 2227 ναοῦ.
1561 2171 1724 2226 Ἀλλὰ
1752 2168 1850 2223 καὶ

239 2278 270 2329 6
306 2273 565 2338 Πιλᾶτος,
591 2273 693 2331 τὰς
725 2270 820 2323 τοῦ
856 2268 1141 2339 Καίσαρος
1167 2265 1388 2331 είκόνας
1419 2266 1641 2333 νύκτωρ
1681 2266 1762 2327 είς
1789 2264 1850 2315 τδ

244 2368 396 2439 ἱερὸν
426 2364 674 2435 ἀγαγὼν,
729 2361 928 2417 πολλοῦ
975 2361 1212 2432 θορύϐου
1262 2360 1342 2431 τῷ
1388 2357 1587 2429 πλήθει
1627 2356 1850 2425 ἐγένετο

239 2460 440 2523 αἴτιος.
477 2459 706 2511 Ἐκτοτε
735 2454 941 2527 ἤρξατο
977 2454 1072 2507 καὶ
1103 2456 1131 2506 6
1172 2453 1409 2523 πόλεμος
1440 2450 1593 2519 καὶὴ
1621 2450 1849 2519 ἐρήμω-

243 2570 331 2616 σις
366 2551 469 2621 τῆς
511 2549 892 2620 Ἰερουσαλήμ.
945 2547 1082 2602 Τότε
1129 2545 1313 2599 τοίνυν
1337 2545 1388 2597 oi
1422 2546 1479 2596 ἐν
1507 2544 1574 2613 τῇ
1619 2540 1851 2613 Ἰουδαίᾳ

242 2646 419 2711 ὄντες,
444 2644 801 2713 φευγέτωσαν
832 2644 911 2705 είς
945 2642 1015 2695 τὰ
1042 2640 1166 2712 ὅρη.
1201 2638 1400 2701 Καλῶς
1430 2638 1487 2691 δέ
1503 2632 1687 2701 εἶπεν,
1717 2637 1765 2689 οί
1788 2636 1847 2687 ἐν

242 2744 310 2813 τῇ
376 2737 630 2807 Ἰουδαίᾳ.
680 2738 744 2792 Οί
792 2737 905 2806 γὰρ
954 2734 1250 2791 ἀπόστολοι
1316 2733 1417 2787 οὐκ
1462 2727 1604 2804 ἦσαν
1665 2732 1723 2783 ἐν
1780 2731 1848 2801 τῇ

255 2832 510 2901 Ἰουδαίᾳ,
538 2828 679 2893 ἀλλ’,
710 2829 786 2892 ώς
827 2829 930 2898 ἐφη
941 2844 1063 2898 μεν,
1087 2826 1193 2896 πρὸ
1207 2824 1301 2879 τοῦ
1321 2824 1563 2893 πολέμου
1590 2819 1854 2890 ἐδιώχθη-

246 2943 347 2981 σαν
368 2926 479 2978 ἁπδ
506 2924 608 2991 τῆς
650 2920 1011 2992 Ἰερουσαλήμ
1031 2937 1046 2952 ·
1094 2920 1297 2990 μᾶλλον
1324 2918 1381 2972 δὲ
1408 2915 1632 2987 ἐξῆλθον
1671 2915 1848 2975 αὐτοὶ,

247 3020 382 3091 θείῳ
402 3018 716 3087 κινούμενοι
745 3016 1053 3087 Πνεύματι.
1089 3015 1151 3067 Ol
1180 3012 1312 3081 γοῦν
1338 3011 1661 3083 εὑρεθέντες
1692 3012 1750 3063 ἐν
1781 3012 1849 3081 τῇ

254 3112 510 3184 Ἰουδαίᾳ,
547 3114 928 3182 φευγέτωσαν,
964 3111 1060 3163 καὶ
1088 3111 1116 3163 6
1142 3110 1235 3161 ἐπὶ
1258 3107 1350 3161 τοῦ
1379 3107 1653 3177 δώματος,
1682 3105 1851 3175 μηδε-

1952 2016 2248 2073 destruxit.
2273 2014 2624 2072 Abominatio
2676 2014 2825 2068 eni-n
2864 2028 3027 2067 omne
3058 2012 3265 2067 idolum
3316 2010 3518 2065 dicitur
3554 2032 3567 2067 :

1952 2110 2311 2166 desolationis
2340 2123 2473 2165 vero
2502 2122 2568 2163 eo
2594 2106 2764 2178 quod,
2787 2116 2947 2176 capta
2980 2114 3034 2160 et
3066 2103 3310 2161 desolata
3340 2098 3583 2158 Jerusa?

1953 2204 2082 2271 lein,
2110 2202 2257 2258 illam
2313 2210 2636 2257 statuerunt
2670 2203 2812 2256 intra
2850 2199 3076 2271 adytum
3114 2196 3330 2269 templi.
3362 2195 3570 2252 Pilatus

1952 2304 2171 2367 quoque
2213 2293 2451 2351 Cmsaris
2504 2294 2744 2363 imagine
2793 2307 2955 2347 noctu
2987 2293 3040 2347 in
3077 2288 3342 2359 templum
3390 2286 3570 2355 illata,

1954 2389 2135 2459 magni
2172 2390 2437 2443 tumultus
2465 2396 2659 2443 auctor
2690 2384 2793 2441 fuit
2830 2387 2995 2456 plebi.
3031 2384 3187 2441 Tunc
3213 2383 3362 2440 enim
3400 2381 3568 2453 cmpit

1953 2494 2009 2538 et
2039 2481 2237 2537 bellum
2283 2491 2337 2536 et
2367 2478 2637 2537 desolatio
2667 2478 2995 2535 Jerusalem.
3021 2477 3194 2549 Igitur
3225 2488 3357 2532 tunc
3386 2475 3440 2529 hi
3468 2481 3565 2545 th

1954 2576 2007 2631 in
2044 2574 2231 2630 Judtea
2286 2572 2513 2637 fuerint,
2544 2570 2756 2643 fugiant
2812 2572 2864 2626 in
2920 2582 3157 2625 montes.
3187 2567 3335 2624 Bene
3380 2573 3569 2621 autem

1955 2670 2111 2736 dixit,
2144 2669 2199 2723 hi
2246 2674 2342 2738 qui
2394 2666 2449 2722 in
2484 2664 2716 2721 ‘Judzea.
2745 2665 2884 2721 Nam
2934 2664 3168 2735 apostoli
3209 2679 3317 2720 non
3347 2660 3572 2716 fuerunt

1956 2762 2008 2815 in
2065 2760 2252 2817 Iudaea
2315 2777 2331 2815 :
2386 2760 2507 2826 sed,
2559 2770 2620 2814 ut
2679 2758 2946 2824 diximus,
2997 2767 3291 2826 antequam
3365 2753 3569 2809 bellum

1954 2849 2117 2925 253
2166 2862 2419 2906 exortum
2470 2860 2573 2913 est,
2624 2850 2677 2903 in
2731 2853 3116 2919 persecutione
3162 2845 3347 2901 exaCti
3383 2852 3573 2900 snnte

1954 2941 2279 3007 Jerusalem,
2302 2943 2415 2995 imo
2445 2940 2548 3011 ipsi
2583 2941 2861 3005 exierunt,
2892 2940 3077 2995 diviuu
3110 2936 3281 2993 amati
3334 2934 3568 3005 Spiritu.

1956 3034 2059 3101 Qui
2098 3037 2263 3104 igitur
2298 3035 2501 3089 inventi
2531 3032 2743 3089 fuerint
2772 3033 2823 3087 iu
2864 3029 3075 3097 Iudaea,
3110 3030 3367 3102 fugiant:
3413 3035 3472 3082 et
3524 3026 3574 3082 is

1958 3130 2053 3201 qui
2087 3145 2249 3200 supra
2285 3138 2513 3194 tectum,
2538 3128 2744 3182 nullius
2780 3126 2859 3181 rei
2895 3126 3070 3197 gratia
3104 3139 3227 3195 qua:
3272 3123 3329 3178 in
3384 3122 3569 3182 domo,

246 3208 337 3272 νὸς
370 3207 481 3260 τῶν
509 3206 566 3258 ἐν
599 3208 665 3275 τῇ
716 3204 869 3275 οίκία
932 3203 1349 3273 ἐπιστραφήτω.
1388 3198 1701 3269 Ἀγαπητὸν
1743 3196 1850 3267 γὰρ

1962 3196 2295 3277 revertatur.
2341 3219 2572 3289 Expedit
2608 3220 2756 3274 enim
2790 3228 2847 3272 ut
2880 3196 3003 3288 quis
3036 3216 3121 3271 vel
3164 3214 3309 3270 nudo
3341 3226 3576 3282 corpore

242 3303 291 3356 li
327 3299 425 3354 καὶ
455 3296 651 3368 γυμνῷ
680 3296 760 3367 τῷ
812 3295 1029 3365 σώματι
1079 3293 1377 3364 διασωθείη
1430 3309 1537 3354 τις,
1573 3289 1712 3344 ἀλλὰ
1759 3290 1863 3342 καὶ·

243 3393 367 3458 τᾶς
400 3390 659 3461 ἐχούσαις
680 3390 849 3442 τέκνα
876 3390 973 3442 καὶ
1014 3389 1137 3451 ταῖς
1186 3386 1431 3456 ἐγκύοις,
1459 3385 1605 3439 οὐαί.
1648 3382 1803 3437 Διατί
1835 3397 1851 3448 ;

247 3486 400 3542 metu
429 3484 487 3540 ai
516 3483 615 3554 μὲν
646 3482 870 3552 εχουσαι
931 3482 1219 3551 τέκνα,τῇ
1266 3479 1401 3551 «pb;
1446 3478 1588 3533 αὐτὰ
1646 3477 1850 3547 στοργῇ

243 3578 638 3649 κατεχόμεναι,
674 3576 737 3629 οὐ
776 3573 1363 3645 δυνήσονταιφεύγειν,
1399 3572 1531 3624 αίδέ
1561 3573 1620 3623 ἐν
1651 3570 1854 3638 γαστρὶ

243 3670 490 3742 Ιχουσαι,
522 3669 612 3723 διὰ
636 3669 698 3721 τὸ
725 3668 824 3737 τῆς
850 3667 1154 3737 κυοφορίας
1178 3666 1366 3736 ἄχθος,
1397 3664 1520 3717 οὐδὲ
1548 3655 1711 3718 αὗται
1749 3664 1849 3733 ρᾳ-

244 3765 365 3819 δίαν
391 3765 493 3833 τὴν
529 3762 708 3834 φυγὴν
748 3762 984 3828 ἕξουσιν.
1020 3755 1192 3827 Οἶμαι
1236 3761 1292 3813 δὲ
1326 3761 1421 3813 καὶ
1449 3758 1548 3831 τὴν
1579 3774 1853 3825 τεκνοφα-

244 3857 373 3926 γίαν
400 3853 637 3908 ἐνταῦθα
668 3854 975 3923 σημαίνειν.
997 3852 1085 3905 Ἐν
1113 3853 1221 3921 γὰρ
1243 3850 1322 3921 τῷ
1353 3850 1500 3922 λιμῷ
1527 3848 1854 3922 πολιορκού-

248 3967 426 4021 μενοι,
448 3967 541 4001 και
568 3946 681 4001 τῶν
720 3945 926 3998 τέκνων
953 3947 1187 4015 ἥψαντο.

321 4059 339 4091 ι
381 4037 761 4109 Προσεύχεσθε
791 4035 869 4103 δὲ,
906 4035 992 4090 ἵνα
1039 4038 1112 4107 μὴ
1159 4038 1386 4106 γένηται
1421 4038 1455 4108 ἡ
1493 4034 1642 4105 φυγὴ
1695 4033 1853 4105 ήμῶν

246 4135 537 4209 χειμῶνος.
569 4132 825 4183 Ἔσονται
868 4131 977 4201 γὰρ
1019 4132 1072 4183 α’
1124 4129 1333 4200 ἡμέραι
1376 4131 1585 4183 ἐκεῖναι
1641 4125 1849 4195 θλίψις,

144 4252 152 4259 ·
246 4229 334 4285 οἶα
368 4228 433 4280 ού
460 4228 654 4291 γέγονε
700 4222 921 4292 τοιαύτη
964 4225 1041 4276 ἀπ
1107 4223 1284 4293 ἀρχῆς
1338 4225 1573 4285 κτίσεως
1604 4218 1670 4293 ἧς
1701 4223 1853 4273 ἐκτι-

252 4340 341 4376 σεν
371 4325 399 4373 ὁ
428 4320 559 4379 Θεὸς
588 4318 693 4379 ἓως
722 4315 816 4368 τοῦ
849 4316 969 4383 νῦν,
1004 4334 1035 4369 κ
1091 4357 1104 4369 .
1149 4317 1211 4369 οὑ
1249 4316 1325 4387 μὴ
1360 4320 1608 4386 γένηται.
1649 4315 1759 4369 Καὶ
1800 4318 1849 4368 εί

253 4417 327 4487 μὴ
384 4416 598 4485 Κύριος
636 4411 943 4471 ἐκολόὸωσε
1001 4431 1023 4464 τ
1080 4412 1369 4481 ςήμέρας,
1412 4412 1513 4464 οὐκ
1549 4411 1615 4464 ἂν
1663 4410 1853 4481 ἐσώθη

248 4508 403 4561 πᾶσα
438 4507 596 4577 σὰρξ,
628 4507 763 4560 ἀλλὰ
793 4506 881 4558 διὰ
911 4504 1039 4565 τοὺς
1086 4502 1379 4564 ἐκλεκτοὺς
1409 4501 1502 4564 οὓς
1543 4501 1851 4569 ἐξελέξατο,

1950 3317 2144 3372 salvus
2177 3315 2290 3371 llat.
2325 3312 2558 3385 Insuper
2586 3329 2667 3369 va:
2699 3323 2749 3367 et
2786 3312 3220 3384 praegnantibus,
3249 3321 3306 3365 et
3359 3309 3574 3363 lactan-

1961 3409 2104 3463 tibus
2132 3426 2231 3464 ναξ.
2257 3406 2477 3475 Quare?
2511 3407 2652 3475 Quia
2685 3422 2794 3461 non
2819 3416 3046 3475 possunt
3086 3404 3275 3475 fugere
3306 3401 3573 3478 mulieres

1957 3504 2154 3571 quibus
2186 3512 2315 3557 sunt
2373 3503 2551 3571 pueri,
2608 3499 2908 3554 affectione
2958 3515 3086 3566 erga
3135 3498 3258 3552 illos
3310 3495 3571 3551 detenta.

1957 3593 2311 3666 Prteguantes
2347 3607 2567 3664 quoque
2596 3601 2822 3662 propter
2858 3590 2997 3644 uteri
3051 3590 3333 3646 sarcinam
3396 3602 3577 3657 neque

1958 3688 2092 3757 ipsa:
2124 3686 2281 3742 facile
2316 3686 2499 3756 fugam
2532 3686 2842 3741 inveniunt.
2880 3684 3152 3739 Existimo
3208 3693 3390 3737 autem
3429 3682 3577 3752 quod

1959 3792 2014 3847 ct
2045 3799 2244 3853 pueros
2278 3785 2381 3838 hoc
2416 3783 2543 3839 luco
2578 3782 2862 3853 significet
2892 3784 3187 3837 vorandos.
3220 3778 3388 3835 Fame
3426 3777 3575 3835 enim

1914 3907 1918 3911 ε
1957 3877 2167 3933 obsessi
2202 3892 2301 3932 nec
2328 3876 2512 3947 pueri-
2541 3884 2932 3948 pepercerunt.

2037 4059 2204 4115 Vens.
2268 4057 2465 4114 18-20.
2530 4076 2549 4110 ι
2601 4055 2772 4114 Orate
2822 4069 3007 4115 autem
3069 4073 3138 4113 ne
3208 4056 3335 4129 fuga
3383 4065 3569 4114 vestra

1962 4151 2056 4206 flat
2092 4153 2308 4221 hyeme.
2342 4148 2522 4207 Erunt
2550 4151 2697 4207 enim
2734 4152 2851 4206 dies
2894 4152 2969 4205 illi
3004 4152 3128 4206 talis
3164 4149 3407 4216 afflictio,
3442 4166 3576 4221 qua-

1958 4244 2026 4298 lis
2084 4260 2192 4299 non
2251 4243 2353 4298 fuit
2425 4245 2495 4299 ab
2565 4244 2723 4299 initio
2781 4258 2966 4299 rerum
3019 4244 3387 4311 conditarum,
3436 4259 3576 4315 quas

1958 4337 2203 4392 condidit
2234 4336 2401 4405 Deus,
2427 4352 2604 4407 usque
2633 4338 2698 4393 ad
2730 4338 2832 4393 hoc
2863 4344 3101 4405 tempus,
3133 4352 3234 4393 nec
3260 4336 3444 4393 futura
3469 4349 3576 4394 est.

1958 4428 2025 4485 Et
2055 4430 2157 4486 nisi
2190 4430 2455 4485 Dominus
2504 4430 2885 4485 abb'reviasset
2936 4430 3054 4485 dies
3104 4432 3251 4496 illos,
3288 4431 3577 4502 haudqua-

1962 4538 2125 4593 quam
2160 4521 2309 4577 salva
2348 4522 2543 4578 fuisset
2572 4523 2826 4577 universa
2861 4538 3014 4577 caro.
3059 4520 3168 4578 S'ed
3218 4530 3441 4592 pr0pter
3463 4522 3574 4577 ele-

248 4596 558 4651 ἐκολόϐωσε
592 4599 691 4660 τὰς
720 4598 956 4669 ἡμέρας.
1004 4614 1021 4646 ι
1062 4596 1124 4648 Εἰ
1155 4596 1424 4665 χειμῶνος
1483 4596 1591 4665 γὰρ
1639 4595 1850 4665 γένοιτο

1963 4624 2082 4671 ctos
2116 4630 2253 4685 quos
2286 4615 2470 4686 elegit,
2507 4614 2849 4671 abbrevlavit
2881 4617 3024 4671 dies.
3067 4636 3085 4668 ι
3126 4615 3184 4670 Si
3221 4618 3415 4686 hyeme
3450 4615 3575 4686 fuga

249 4694 282 4759 ἡ
328 4691 501 4761 φυγὴ,
533 4690 640 4742 ἀπὸ
664 4693 763 4761 τῆς
808 4690 904 4741 τοῦ
946 4687 1140 4756 καιροῦ
1178 4687 1467 4753 δυσκολίας
1520 4688 1854 4758 ὲμποδισθή-

252 4799 439 4837 σονται
466 4783 519 4834 οί
567 4781 789 4850 φεύγειν
818 4780 1089 4844 θέλοντες,
1126 4780 1226 4832 καὶ
1268 4779 1406 4843 ὅλως
1446 4780 1629 4849 θλίψις
1674 4780 1853 4843 ἐσται,

248 4878 361 4932 τῶν
383 4879 607 4931 πώποτε
640 4878 954 4946 γενομένων
1004 4877 1036 4948 ἦ
1066 4878 1450 4947 γενησομένων
1467 4878 1852 4948 χαλεπωτέρα.

252 4970 365 5025 Καὶ
396 4970 443 5021 εί
502 4968 576 5039 μὴ
618 4969 958 5022 ἐκολόϐωσεν
980 4972 1035 5023 ιὸ
1071 4971 1227 5035 Θεὸς,
1256 4972 1529 5032 τουτέστι,
1570 4972 1857 5042 συντόμως

253 5064 524 5119 κατέλυσε
553 5064 644 5115 τὸν
673 5064 911 5133 πόλεμον
937 5063 1049 5117 τῶν
1092 5065 1406 5134 Ῥωμαίων,
1437 5067 1538 5118 οὐκ
1571 5066 1638 5119 ἂν
1667 5065 1849 5137 ἐσώθη

254 5157 407 5209 πᾶσα
454 5154 619 5233 σὰρξ,
647 5157 949 5224 τουτέστιν,
991 5157 1241 5221 Ἰουδαῖος
1271 5159 1372 5211 οὐκ
1404 5158 1469 5211 ἂν
1504 5159 1805 5229 ὑπελείφθη
1837 5177 1850 5191 ·

257 5247 395 5302 ἀλλὰ
453 5246 545 5301 διὰ
580 5248 709 5310 τοὺς
735 5247 1051 5311 ἐκλεκτοὺς,
1077 5249 1330 5301 τουτέστι
1352 5249 1478 5313 τοὺς
1501 5248 1558 5314 ἐξ
1585 5250 1854 5319 Ἐὅραίων

253 5341 684 5405 πιστεύσαντας,
716 5342 749 5413 ἦ
784 5341 879 5393 καὶ
926 5340 1156 5410 ὕστερον
1208 5342 1502 5412 μέλλοντας
1550 5346 1852 5406 πιστεύειν,

256 5433 533 5504 κατελύθη
572 5435 851 5504 συντόμως
911 5436 938 5486 ὁ
977 5436 1241 5504 πόλεμος.
1285 5437 1343 5489 Ὀ
1369 5439 1475 5508 γὰρ
1499 5439 1633 5501 Θεὸς
1660 5457 1853 5509 προγι-

256 5526 510 5589 νώσκων,
544 5528 626 5579 ὅτι
654 5527 712 5592 ἐξ
745 5528 1018 5599 Ἐϐραίων
1066 5530 1256 5581 ’πολλολ⁷
1310 5532 1665 5584 πιστεύσουσι
1716 5534 1855 5602 μετὰ

264 5618 368 5689 τὴν
392 5619 618 5684 ἅλωσιν,
645 5620 837 5673 τούτου
874 5622 1035 5691 χάριν
1084 5623 1143 5675 ού
1193 5623 1540 5695 συνεχώρησε
1575 5627 1856 5691 παντελῶς

253 5710 624 5780 ἀφανισθῆναι
678 5714 738 5763 τὸ
772 5719 947 5780 γένος.
980 5713 1217 5767 Δύναται
1256 5718 1312 5769 δὲ
1353 5716 1525 5769 ταῦτα
1582 5720 1674 5771 καὶ
1720 5722 1852 5773 ἁνα-

252 5801 452 5871 χθῆναι
488 5804 846 5875 ἠθικώτερον.
879 5806 1167 5878 Βδέλυγμα
1210 5810 1309 5878 τῆς
1336 5810 1697 5881 ἐρημώσεως,
1735 5814 1855 5865 ἐστὶ

256 5896 363 5946 πᾶ)
394 5898 574 5966 νόημα
609 5900 920 5965 sata-2min,
968 5902 1140 5966 ἐστώς
1176 5905 1233 5957 ἐν
1254 5905 1405 5975 τόπῳ
1427 5905 1587 5976 ἁγίῳ,
1611 5906 1688 5976 τῷ
1717 5908 1854 5977 ἡμε-

1962 4710 2139 4772 ﬁeret,
2170 4712 2435 4778 temporis
2465 4709 2663 4778 injuria
2692 4710 3084 4778 impedimenta
3120 4709 3362 4765 habituri
3386 4718 3578 4765 essent

1960 4800 2149 4871 fugere
2169 4800 2433 4865 volentes,
2459 4810 2513 4856 et
2532 4803 2760 4856 omnino
2782 4799 3007 4856 afﬂictio
3042 4800 3226 4856 futura
3259 4808 3339 4856 ast
3359 4815 3572 4866 earum,

1962 4909 2083 4962 quae
2120 4892 2341 4947 luerunt
2380 4892 2463 4947 vel
2494 4902 2659 4947 erunt
2689 4908 2927 4963 unquam
2962 4893 3319 4964 gravissima,
3366 4902 3423 4947 et
3469 4891 3578 4947 nisi

1963 4983 2341 5038 abbreviasset
2374 4982 2541 5048 Deus,
2576 4983 2679 5038 hoc
2712 4993 2819 5050 est,
2855 4985 3019 5041 citius
3052 4984 3429 5040 Romanorum
3464 4981 3579 5038 bel-

1962 5075 2074 5129 lum
2131 5074 2496 5141 dissolvisset,
2554 5089 2665 5130 non
2703 5074 2904 5131 fuisset
2938 5076 3090 5131 salva
3129 5077 3387 5131 universa
3421 5090 3573 5139 caro,

1964 5170 2070 5222 hoc
2117 5178 2223 5229 est,
2259 5166 2481 5223 Judaeus
2528 5182 2636 5223 non
2688 5167 2887 5224 fuisset
2927 5169 3173 5225 relictus.
3206 5169 3314 5225 Sed
3351 5179 3575 5239 propter

1960 5258 2186 5324 electos,
2216 5259 2321 5314 hoc
2355 5267 2461 5325 est,
2495 5274 2593 5314 eos
2629 5260 2722 5329 qui
2757 5273 2824 5315 ex
2855 5258 3059 5317 Iudaeis
3086 5261 3461 5325 crediderunt,
3488 5261 3574 5315 vrl

1960 5362 2147 5422 postea
2183 5352 2445 5407 credituri
2482 5363 2633 5417 sunt,
2661 5354 2869 5409 bellum
2900 5355 3066 5411 citius
3092 5355 3427 5425 diremptum
3459 5364 3567 5409 est.

1960 5443 2102 5499 Deus
2135 5445 2279 5500 enim
2303 5446 2428 5514 quia
2463 5448 2836 5517 praecognovit
2858 5461 2925 5502 ex
2956 5446 3200 5504 Hebraeis
3227 5447 3425 5501 multos
3453 5456 3578 5515 post

1962 5540 2338 5606 captivitatem
2372 5540 2704 5604 credituros,
2741 5556 2846 5595 non
2879 5543 3130 5611 permisit
3185 5551 3354 5596 totum
3401 5544 3572 5607 genus

1968 5631 2200 5685 aboleri.
2237 5631 2473 5686 Possunt
2513 5645 2696 5686 autem
2743 5635 2858 5689 ham
2910 5637 3101 5690 morali
3153 5650 3315 5689 sensu
3356 5635 3438 5688 sic
3476 5650 3573 5687 ex-

1963 5725 2126 5792 poni:
2174 5726 2527 5782 Abominatio
2558 5727 2911 5783 desolationis
2957 5740 3041 5784 est
3093 5730 3273 5785 omnis
3299 5727 3569 5783 diabolica

1961 5833 2004 5871 ct
2030 5818 2242 5887 gitatio.
2272 5835 2393 5888 quae
2430 5832 2538 5873 stat
2570 5822 2620 5875 in
2682 5822 2800 5877 loco
2834 5832 3050 5889 sancto,
3102 5822 3205 5876 hoc
3257 5830 3341 5876 est
3382 5830 3566 5876 nostra

1965 5921 2160 5965 mente.
2191 5910 2345 5969 Tunc
2383 5914 2544 5983 igitur
2581 5916 2667 5984 qui
2704 5923 2784 5970 est
2810 5916 2864 5970 iu
2890 5914 3102 5981 Iudaea,
3130 5914 3301 5987 fugiat
3328 5916 3381 5971 in
3410 5927 3568 5969 nton~
