4028 6414
520 430 629 495 C39
1430 427 2008 488 THEOPHYLACTI
2046 427 2456 489 BULGARLE
2492 429 2849 490 ARCHIEP.
3674 422 3786 484 6ἶο

523 551 671 598 tanta.
700 537 799 590 hoc
834 545 935 599 est,
960 536 1047 601 qui
1074 534 1353 588 confessus
1385 532 1567 597 fuerit,
1594 544 1777 589 currat
1808 536 1870 587 ad
1908 535 2081 587 virtu-

2193 537 2329 605 τέρῳ
2360 536 2458 588 vet.
2494 537 2626 588 Τότε
2654 536 2833 589 τοίνυν
2862 535 2890 588 6
2919 534 2977 588 ὲν
3012 535 3075 604 τῇ
3126 530 3358 603 Ἰουδαίᾳ
3404 530 3478 585 ὢν
3529 530 3784 599 φευγέτω

524 638 633 681 tum
670 635 903 678 montes.
936 622 1119 678 Jndzea
1160 626 1303 678 enim
1340 624 1615 679 confessio
1647 625 1864 678 dicitur.
1896 626 1958 678 Et
1993 627 2084 693 qui

2191 629 2269 689 είς
2299 628 2364 678 τά
2409 627 2613 697 ὀρεινὰ,
2644 628 2939 691 τουτέστιν,
2977 627 3006 679 6
3050 624 3591 697 ἐξομολογησάμενος
3641 624 3782 675 ἀνα-

523 719 579 771 in
612 729 819 770 summo
850 724 979 779 stat,
1030 732 1135 769 non
1191 717 1499 771 descendat.
1534 717 1759 782 Quando
1790 717 1932 770 enim
1968 716 2086 771 affe-

2202 719 2440 788 τρεχέτω
2484 722 2562 782 εἷς
2599 719 2665 771 τὰ
2698 719 2798 789 ὅρη
2858 718 2966 772 τῶν
2996 718 3227 790 ἀρετῶν.
3276 716 3503 769 Ἰουδαία
3543 714 3652 784 γὰρ
3690 713 3785 777 ἑξ-

522 810 627 866 ctio
656 810 895 875 quaedam
935 810 984 861 in
1018 818 1194 862 mente
1215 820 1397 863 nostra
1434 809 1721 877 reperitur,
1744 818 1962 876 oportet
1994 822 2089 878 per

2198 810 2523 878 ομολόγησις
2553 810 2787 877 λέγεται⁹
2827 810 2919 864 καὶ
2951 810 2981 862 6
3014 810 3079 861 ιν
3113 806 3303 878 ὑψηλῷ
3348 807 3639 876 ἱστάμενος
3705 804 3784 874 μὴ

533 900 925 954 confessionem
958 900 1021 951 ad
1047 915 1255 953 summa
1306 914 1607 963 recurrere,
1633 910 1686 954 et
1718 915 1746 953 a
1778 900 2089 955 summitate

2192 900 2506 954 καταϐάτω.
2536 902 2706 954 ὀταν
2728 903 2836 970 γὰρ
2874 900 3119 971 ἐμπαθές
3170 917 3222 953 τι
3269 899 3447 969 νόημα
3503 897 3676 967 σταθῇ
3724 898 3783 947 ὲν

521 992 739 1047 virtutis
788 1008 894 1046 non
945 993 1288 1047 descendere.
1322 991 1385 1045 Et
1425 993 1516 1063 qtti
1562 1002 1820 1061 operatur
1865 994 2087 1060 bonum,

2195 995 2342 1063 ἡμῖν,
2378 993 2459 1046 δεῖ
2481 993 2567 1046 διὰ
2596 993 2700 1063 τῆς
2756 992 3203 1061 ὲξομολογήσεως
3227 990 3550 1058 ἀνατρέχειν
3600 989 3681 1047 είς
3713 985 3786 1037 τὶ

524 1098 631 1138 non
666 1094 968 1138 revertatur
993 1094 1049 1138 ut
1076 1085 1226 1139 tollat
1256 1095 1489 1141 veterem
1526 1087 1939 1151 conscientiam,
1971 1101 2090 1155 qua:

2196 1084 2397 1153 ὑψηλὰ,
2424 1085 2518 1137 καὶ
2548 1083 2624 1155 μὴ
2665 1082 3016 1137 καταδαίνειν
3047 1080 3274 1137 ἀπὸτοῦ
3306 1079 3474 1149 ὕψους
3512 1076 3613 1147 τῆς
3641 1079 3782 1145 ἀρε-

520 1183 601 1229 est
634 1175 799 1231 vestis
828 1191 982 1244 quam
1014 1178 1179 1230 exuit.
1216 1174 1307 1229 Vae
1339 1186 1518 1231 autem
1548 1176 1771 1247 fugienti
1795 1180 1845 1232 in
1877 1180 2087 1247 hyeme.

2201 1175 2313 1244 τῆς.
2348 1176 2455 1229 Καὶ
2492 1176 2520 1227 6
2551 1174 2919 1245 ἐργαζόμενος
2966 1174 3027 1226 τὸ
3055 1171 3233 1227 καλὸν·
3264 1171 3340 1243 μὴ
3389 1166 3792 1237 ἐπιστρεψάτω

521 1266 907 1335 Oportetenim
938 1282 1033 1321 nos
1052 1266 1235 1334 fugere
1262 1282 1290 1320 a
1316 1278 1539 1337 peccato
1558 1284 1678 1323 cum
1707 1269 2011 1333 alacritate,
2037 1278 2094 1323 et

2199 1267 2341 1320 ὥστε
2370 1264 2501 1339 ἆραι
2534 1268 2632 1337 τὴν
2676 1268 2916 1319 παλαιὰν
2950 1264 3278 1335 συνείδησιν,
3303 1264 3427 1333 ἣτις
3467 1263 3617 1314 ἐστὶν
3648 1260 3788 1327 ἰμά-

522 1357 840 1430 nonfrigide
880 1367 933 1413 et
975 1363 1236 1427 segniter.
1277 1358 1388 1415 Hoc
1442 1361 1585 1415 enim
1643 1375 1740 1430 per
1797 1361 1973 1431 fugam
2036 1362 2089 1415 in

2195 1375 2328 1426 τιον,
2364 1361 2393 1413 ὃ
2431 1360 2758 1413 ἀπεδύσατο.
2782 1360 2919 1413 Οὐαὶ
2938 1359 2994 1413 δὲ
3022 1357 3100 1429 τῷ
3154 1359 3213 1409 ὲν
3239 1356 3468 1427 χειμῶνι
3500 1352 3785 1424 φεύγοντι·

521 1451 714 1522 hyeme
762 1451 1085 1506 insinuatur.

2205 1447 2277 1500 δεῖ
2296 1450 2405 1519 γάρ
2428 1450 2575 1519 ἡμᾶς
2600 1448 2822 1517 φεύγειν
2852 1450 2961 1501 ἀπὸ
2997 1447 3096 1517 τῆς
3136 1447 3411 1516 ἁμαρτίας
3467 1443 3603 1513 μετὰ
3659 1441 3796 1508 θερ·

1594 1552 1607 1571 ‘
2203 1540 2451 1609 μότητος,
2491 1540 2584 1592 καὶ
2636 1540 2709 1609 μὴ
2765 1539 2989 1609 ψυχρῶς
3057 1538 3151 1590 καὶ
3200 1538 3497 1605 ἀκινήτως.
3529 1532 3795 1586 Τοιοῦτον

2202 1630 2307 1697 γὰρ
2327 1630 2387 1680 τὸ
2419 1631 2475 1680 ἐν
2514 1630 2591 1697 τῷ
2621 1628 2851 1697 χειμῶνι
2883 1627 3106 1695 φεύγειν
3133 1626 3451 1678 αἰνίττεται.

592 1712 751 1768 Vsus.
780 1713 974 1770 2l-26.
1021 1734 1038 1766 ι
1093 1715 1243 1770 Tunc
1274 1717 1316 1771 si
1348 1715 1471 1787 quis
1505 1718 1657 1774 vobis
1692 1718 1927 1783 dixerit,
1964 1718 2098 1775 Ecce

2277 1738 2297 1771 ι
2321 1719 2453 1772 Τότε
2473 1720 2569 1772 ἐὰν
2596 1737 2676 1781 τις
2709 1719 2735 1770 ὑ
2751 1722 2840 1788 μῖν
2862 1718 3011 1789 εῐπῃ,
3047 1718 3181 1770 Ἰδοὺ
3204 1709 3304 1769 ὧδε
3327 1718 3354 1767 6
3373 1712 3637 1785 Χριστὸς,
3672 1714 3790 1765 ἰδοὺ

521 1805 612 1859 hic
644 1805 913 1869 Christus,
958 1823 1084 1863 ecce
1148 1808 1256 1863 illic
1292 1826 1305 1862 :
1344 1824 1411 1863 ne
1463 1810 1719 1864 credatis.
1766 1811 2096 1864 Exorientur

2204 1813 2337 1877 ἐκεῖ,
2359 1813 2431 1880 μὴ
2453 1810 2800 1881 πιστεύσητε.
2841 1809 3260 1879 Ἐγιρθήσονται
3282 1806 3391 1875 γὰρ
3406 1806 3795 1875 ψευδόχριστοι

522 1898 920 1965 pseudocbristi
958 1908 1013 1953 et
1042 1900 1543 1970 pseudoprophetze,
1570 1910 1623 1955 et
1656 1903 1817 1955 edent
1850 1902 2004 1971 signa
2029 1917 2092 1957 ac

2207 1904 2293 1954 καὶ
2313 1902 2783 1969 ψευδοπροφῆται,
2842 1901 2938 1952 καὶ
2959 1897 3192 1951 δώσουσι
3218 1899 3420 1965 σημεῖα
3460 1898 3552 1947 καὶ
3580 1897 3798 1964 τέρατα

523 1991 765 2057 prodigia
798 1992 863 2046 ad
896 1992 1288 2060 decipiendum,
1317 1994 1361 2047 si
1399 1993 1513 2046 fieri
1546 1995 1740 2061 possit,
1792 1996 1955 2048 etiam
1981 1995 2091 2049 ele-

2201 1994 2336 2062 πρὸς
2364 1993 2422 2045 τὸ
2445 1993 2783 2061 ἀποπλανᾷν,
2814 1992 2861 2043 εί
2882 1990 3131 2052 δυνατὸν,
3174 1991 3268 2041 καὶ
3298 1988 3425 2049 τοὺς
3473 1986 3792 2048 ἐκλεκτούς.

520 2091 637 2135 ctos
668 2096 682 2134 :
712 2097 808 2137 vos
841 2095 1019 2137 autem
1065 2094 1275 2150 cavete,
1304 2100 1431 2140 ecce
1463 2086 1683 2153 praedixi
1716 2086 1865 2140 vobis
1888 2089 2091 2143 omnia.

2214 2084 2397 2153 Ὑμεῖς
2411 2086 2467 2137 δὲ
2490 2084 2715 2154 βλέπετε
2742 2100 2755 2112 ⁸
2786 2084 2893 2135 ίδοηὺ
2919 2082 3229 2153 προείρηκα
3253 2081 3381 2148 ὑμῖν
3410 2080 3610 2131 πάντα.
3648 2079 3793 2131 Ἀλλ’

521 2168 789 2225 Caeterum
827 2173 880 2226 in
914 2173 1019 2227 illis
1057 2174 1245 2230 diebus
1293 2186 1410 2244 post
1459 2176 1799 2232 aﬂiictionem
1840 2179 1981 2232 illam
2016 2181 2096 2235 sol

2205 2176 2253 2227 ὲν
2283 2176 2519 2238 ἐκείναις
2546 2178 2662 2236 ταῖς
2693 2176 2951 2245 ἡμέραις,
2982 2174 3120 2245 μετᾶ
3145 2174 3243 2242 τὴν
3275 2172 3455 2242 Ολίψιν
3480 2173 3723 2240 ἐκείνην,
3766 2174 3796 2224 ό

521 2258 986 2326 obtenebrabitur,
1019 2274 1073 2317 et
1101 2264 1223 2317 luna
1250 2280 1353 2319 non
1381 2268 1529 2321 dabit
1554 2268 1896 2336 splendorem
1918 2285 2093 2336 suum,

2206 2267 2345 2334 ἥλιος
2379 2268 2820 2335 σκοτισθήσεται,
2852 2268 2948 2321 καὶ
2976 2270 3007 2336 ἡ
3048 2266 3248 2335 σελήνη
3267 2266 3328 2317 ού
3374 2264 3535 2317 δώσει
3571 2264 3631 2315 τὸ
3658 2263 3797 2332 φέγ-

522 2358 576 2400 et
611 2350 777 2403 stellre
817 2352 938 2405 cali
995 2354 1260 2418 deciderit,
1313 2363 1367 2410 et
1415 2356 1645 2412 virtutes
1681 2371 1800 2425 qua:
1847 2360 1900 2413 in
1945 2361 2097 2416 ctelis

2203 2375 2295 2427 γος
2325 2360 2515 2429 αὐτῆς,
2541 2360 2635 2413 καὶ
2662 2360 2709 2411 οἱ
2735 2360 2962 2429 ἀστέρες
2996 2359 3089 2411 τοῦ
3126 2356 3360 2427 ούρανοῦ
3416 2356 3633 2408 ἔσονται
3690 2357 3787 2407 ὲκ-

525 2450 673 2505 sunt,
700 2442 1078 2497 concutientur
1106 2463 1119 2500 :
1148 2454 1203 2499 et
1231 2454 1354 2501 tunc
1384 2447 1640 2502 videbunt
1690 2448 1880 2504 Filium
1926 2452 2096 2506 homi-

2204 2452 2515 2516 πίπτοντες,
2544 2451 2637 2505 καὶ
2664 2452 2721 2504 αἱ
2743 2450 3003 2519 δυνάμεις
3038 2453 3091 2502 αἱ
3120 2453 3177 2501 ὲν
3215 2452 3328 2510 τοϊς
3378 2449 3629 2516 οὐρανοῖς
3694 2463 3794 2499 σα-

524 2532 608 2585 nis
644 2533 947 2589 venientem
981 2536 1031 2588 in
1064 2537 1298 2591 nubibus
1346 2555 1464 2591 cum
1503 2550 1770 2608 potestate
1822 2552 1875 2597 et
1924 2544 2093 2613 gloria

2218 2542 2590 2612 λευθήσονται.
2611 2544 2719 2594 Καὶ
2737 2542 2857 2593 τότε
2884 2534 3206 2609 memmi
3230 2540 3357 2592 Υίὸν
3381 2538 3474 2591 τοῦ
3498 2537 3797 2608 ἀνθρώπου

522 2625 710 2676 multa.
745 2643 762 2675 ι
802 2626 939 2691 Quia
979 2628 1223 2696 implevit
1254 2645 1373 2698 quae
1404 2631 1467 2685 ad
1498 2629 1799 2687 Jerusalem
1836 2634 2092 2701 attinent,

2204 2634 2499 2704 ἐρχόμενον
2552 2635 2611 2685 ὲν
2664 2633 2917 2699 νεφέλαις
2970 2632 3108 2701 μετά
3184 2632 3469 2699 δυνάμεως
3532 2629 3628 2680 καὶ
3691 2629 3789 2682 δό-

523 2710 687 2788 2“
717 2718 902 2788 incipit
934 2719 1252 2790 igiturnunc
1275 2722 1339 2777 de
1377 2725 1607 2778 adventu
1656 2726 1981 2782 Antichristi
2011 2730 2098 2782 di-

2202 2728 2298 2797 ξης
2329 2726 2553 2798 πολλῆς.
2586 2744 2603 2778 t
2642 2726 2977 2796 Πεπλήρωκε
3006 2724 3103 2795 μὲν
3135 2723 3235 2795 ἤδη
3256 2723 3326 2775 τὰ
3357 2722 3488 2791 περὶ
3542 2720 3644 2790 τῆς
3683 2721 3789 2774 '1:-

524 2822 668 2863 cere.
714 2808 867 2875 Quod
918 2821 1093 2865 autem
1145 2814 1295 2879 dicit,
1350 2824 1498 2879 tunc,
1528 2831 1596 2869 ne
1633 2817 1901 2887 intelligas
1954 2821 2098 2889 quod

2211 2821 2504 2889 ρουσαλήμ.
2542 2818 2880 2891 Ἀρχεταιδὲ
2908 2817 3093 2870 λοιπὸν
3146 2818 3276 2884 περὶ
3319 2816 3419 2885 τῆς
3466 2814 3561 2866 τοῦ
3620 2814 3802 2867 Ἀντι-

524 2899 743 2966 quando
774 2899 899 2953 flent
924 2916 987 2956 ea
1018 2917 1136 2971 qua:
1164 2919 1323 2972 supra
1350 2907 1491 2959 dicta
1515 2917 1645 2961 sunt
1676 2908 1743 2962 de
1770 2907 2095 2975 Jerusalem,

2205 2909 2421 2983 χρίστου
2448 2908 2747 2977 παρουσίας
2801 2908 3001 2977 λέγειν.
3057 2906 3129 2961 Τὸ
3160 2906 3237 2974 δὲ,
3278 2907 3421 2971 τότε,
3458 2905 3531 2974 μὴ
3563 2906 3796 2976 νοήσῃς,

528 3002 653 3044 tuttc
675 2992 719 3045 si
744 2992 865 3059 quis
890 2994 1043 3048 vobis
1066 2995 1260 3049 dixerit
1285 3014 1296 3051 :
1326 2997 1461 3052 Ecce
1482 2998 1568 3053 hic
1590 3000 1859 3063 Christus.
1883 3018 1949 3058 ne
1978 3018 2097 3060 cre-

2210 3003 2281 3055 Ιἐτι
2311 3002 2439 3055 ὅταν
2467 3003 2535 3054 τὰ
2562 3002 2817 3070 ἀνωτέρω
2850 3000 3085 3070 ρηθέντα
3125 3001 3255 3069 περὶ
3294 2998 3393 3068 τῆς
3435 2997 3801 3067 Ἰερουσαλὴμ

523 3082 696 3137 datis:
726 3083 816 3136 sed
839 3085 1034 3139 scitote
1054 3087 1194 3155 quod
1217 3086 1507 3157 Scripturaa
1529 3091 1833 3160 proprietas
1856 3095 1971 3148 haec
1988 3105 2093 3160 est,

2190 3096 2482 3163 -γένωνται,
2515 3094 2637 3146 τότε
2663 3095 2755 3147 ὲάν
2786 3111 2868 3155 τις
2928 3094 3056 3162 ὑμῖν
3097 3091 3227 3164 εἴπῃ
3254 3109 3267 3122 ·
3310 3090 3441 3143 Ἰδοὺ
3474 3083 3577 3143 ὧδε
3609 3090 3636 3140 6
3671 3090 3781 3157 Xpt.

524 3173 663 3225 sicut
685 3174 844 3226 etiam
864 3173 1144 3230 Mattheus
1164 3186 1284 3244 post
1304 3180 1675 3249 geneaIOgiam
1700 3180 1902 3238 Christi
1930 3183 2092 3238 dicit:

524 3262 580 3285 1--
627 3264 808 3285 Αε-ι.---
832 3266 935 3285 2119-
965 3283 977 3285 _
1006 3268 1169 3285 J,_-,,0.
1203 3267 1275 3285 1-,
1314 3284 1319 3285 ,
1385 3284 1392 3285 ,
1480 3269 1518 3285 Λ
1566 3272 1596 3285 ιι
1736 3274 1767 3285 ι.
1809 3274 1820 3285 ι
1922 3276 1943 3285 -

2207 3184 2347 3250 στὺς,
2383 3183 2456 3254 μὴ
2480 3186 2825 3255 πιστεύσητε,
2866 3183 3007 3235 ἀλλά
3032 3180 3328 3249 γινώσκετε
3353 3181 3436 3232 ὃτι
3454 3176 3655 3247 ἰδίωμά
3672 3178 3798 3229 ἐστι

524 3262 583 3317 lu
622 3264 811 3318 diebus
832 3266 937 3320 illis
960 3268 1174 3321 advenit
1196 3267 1449 3324 Joannes.
1477 3269 1683 3337 Quibus
1718 3274 1944 3329 diebus?
1970 3293 2093 3330 num

2209 3275 2302 3343 τῆς
2331 3276 2553 3346 Γραφῆς
2586 3274 2768 3337 τοῦτο,
2787 3274 2981 3343 ὥσπερ
3015 3274 3111 3326 καὶ
3133 3273 3162 3324 6
3193 3272 3498 3337 ΜατθαῙος,
3519 3270 3664 3340 μετά
3695 3270 3800 3340 τὴν

528 3370 649 3411 mox
680 3359 1032 3425 sequentibus
1060 3370 1179 3428 post
1202 3359 1404 3415 Christi
1427 3365 1805 3419 nativitatem?
1833 3365 1977 3431 Non,
2000 3370 2093 3423 sed

2208 3370 2465 3437 γέννησιν
2515 3368 2610 3420 τοῦ
2658 3367 2919 3437 Χριστοῦ,
2973 3366 3124 3433 λέγει
3168 3383 3181 3397 ο
3228 3364 3318 3417 Ἐν
3372 3366 3495 3427 ταῖς
3552 3364 3798 3433 ἡμέραις

527 3448 821 3504 indefinite.
843 3449 932 3504 Sic
953 3451 1107 3520 igitur
1120 3461 1174 3506 et
1192 3453 1291 3507 hoc
1310 3452 1427 3509 loco
1446 3455 1597 3521 dicit,
1618 3468 1745 3512 tunc
1774 3478 1785 3513 :
1808 3473 1912 3513 non
1928 3476 2097 3529 quan-

2206 3464 2443 3523 ἐκείναις
2482 3460 2844 3531 παραγίνεται
2880 3461 2908 3512 6
2950 3458 3229 3525 Ἰωάννης.
3266 3456 3451 3517 Ποίαις
3515 3455 3796 3524 ἡμέραιςς

534 3541 599 3593 do
622 3539 919 3594 Jerusalem
941 3542 1178 3597 desolata
1216 3542 1335 3607 fuit,
1363 3546 1454 3599 sed
1476 3561 1569 3613 per
1590 3554 1803 3617 tempus
1833 3550 2099 3607 adventus

2211 3552 2359 3625 Ἀρα
2391 3557 2512 3615 ταῖς
2544 3552 2739 3622 ἐφεξῆς
2770 3552 2908 3621 μετὰ
2942 3550 3039 3620 τὴν
3098 3550 3193 3603 τοῦ
3230 3547 3475 3619 Χριστοῦ
3506 3548 3802 3618 γέννησιν;

535 3634 874 3700 Antichristi,
910 3649 977 3687 ne
1016 3637 1376 3691 seducamini.
1431 3639 1577 3694 Multi
1620 3643 1764 3696 enim
1805 3654 2103 3711 przetexent

2212 3648 2369 3715 Obxi,
2409 3645 2524 3699 ἀλλ’
2574 3646 2862 3715 ἀορίστως.
2902 3642 3088 3704 Οὕτως
3117 3637 3215 3694 οὖν
3244 3641 3338 3694 καὶ
3367 3640 3601 3693 ἐνταῦθα
3624 3639 3800 3707 λέγει,

531 3740 725 3779 nomen
766 3725 990 3790 Christi,
1027 3728 1098 3781 ita
1133 3740 1192 3781 ut
1232 3738 1285 3782 et
1320 3730 1519 3785 electos
1569 3737 1829 3789 seducere
1878 3746 2098 3804 queant.

2216 3740 2351 3801 τότε,
2383 3739 2478 3806 οὐχ
2508 3738 2635 3789 ὅταν
2670 3739 2701 3805 ἡ
2748 3735 3114 3805 Ἰερουσαλὴμ
3144 3732 3431 3802 ὲρημωθῇ,
3473 3732 3611 3785 ἀλλά
3657 3732 3807 3785 κατά

529 3818 597 3870 At
640 3828 761 3886 post
803 3820 1091 3873 adventum
1129 3820 1451 3876 Antichristi
1502 3825 1677 3877 omnis
1707 3808 1955 3879 creatura
1996 3828 2099 3880 im-

2215 3831 2336 3891 τοὺς
2368 3828 2594 3896 καιροὺς
2638 3826 2735 3893 τῆς
2787 3824 2882 3877 τοῦ
2928 3824 3308 3893 Ἀντιχρίστου
3361 3823 3696 3892 παρουσίας,
3730 3824 3806 3892 μὴ

532 3908 847 3972 mutabitur,
903 3910 1117 3978 quando
1148 3908 1313 3965 s'tellre
1342 3896 1842 3970 obtenebrabuntur
1886 3928 2103 3986 propter

2213 3920 2540 3989 πλανηθῆτε.
2580 3917 2773 3969 Πολλοὶ
2797 3916 2905 3985 γὰρ
2938 3915 3363 3984 ὑποποιήσονται
3404 3914 3466 3965 τὸ
3521 3912 3615 3965 τοῦ
3667 3914 3804 3982 Χρι-

532 3999 850 4052 immensam
896 4001 1066 4054 lucem
1100 4001 1335 4057 Christi.
1381 4004 1884 4061 Commovebuntur
1921 4019 2103 4063 autem

2218 4014 2341 4064 στοῦ
2382 4013 2574 4080 ὖνομα,
2606 4008 2747 4062 ὥστε
2784 4010 3025 4071 καὶτοὺς
3056 4008 3351 4071 ἐκλεκτοὺς
3389 4007 3619 4075 πλανᾷν.
3648 4007 3809 4061 Μετὰ

530 4100 584 4144 et
614 4092 869 4155 angelica:
901 4093 1146 4159 virtutes,
1179 4094 1279 4149 hoc
1308 4105 1410 4163 est,
1440 4099 1824 4167 obstupescent
1860 4101 2107 4156 videntes

2216 4103 2393 4174 δὲτὴν
2433 4103 2526 4155 τοῦ
2562 4101 2931 4171 Ἀντιχρίστου
2970 4100 3300 4169 παρουσίαν,
3338 4101 3371 4170 ἠ
3423 4100 3604 4162 κτίσις
3652 4102 3807 4153 πᾶσα

538 4194 742 4237 tantam
776 4201 954 4238 rerum
991 4188 1349 4241 mutationem
1391 4190 1531 4255 lieri,
1567 4198 1619 4242 et
1647 4206 1947 4247 conservos
1981 4207 2107 4247 suos

2218 4194 2667 4263 ἀλλοιωΟήσεται,
2697 4191 3098 4261 σκοτιζομένων
3131 4190 3240 4243 τῶν
3281 4191 3533 4259 ἀστέρων
3564 4190 3654 4245 δια
3704 4193 3804 4261 τὴν

529 4276 782 4344 judicari.
820 4278 885 4331 Et
920 4289 1043 4332 tunc
1063 4281 1317 4333 videbunt
1338 4280 1619 4336 Do:ttinum
1638 4294 1695 4337 ut
1723 4285 1913 4339 Filium
1939 4288 2108 4339 homi-

2219 4285 2519 4358 ὑπερϐολὴν
2552 4286 2644 4338 τοῦ
2673 4285 2850 4352 φωτὸς
2874 4283 2970 4337 τοῦ
2995 4284 3255 4356 Χριστοῦ.
3286 4283 3726 4352 Σαλευθήσονται
3752 4284 3810 4336 δὲ

536 4372 638 4433 nis,
666 4373 767 4427 hoc
789 4381 871 4427 est
909 4374 957 4425 in
981 4388 1227 4440 corpore.
1254 4373 1385 4426 Nam
1410 4377 1551 4445 quod
1579 4389 1871 4444 Spectatur,
1893 4381 2110 4433 omnino

2220 4380 2272 4431 αἱ
2342 4377 2629 4445 ἀγγελικαὶ
2681 4378 2955 4447 δυνάμεις,
3018 4378 3295 4430 τουτέστιν
3339 4374 3811 4445 ὲκπλαγῆσο·.ται,

533 4476 725 4531 corpus
788 4472 889 4517 est.
926 4466 1180 4529 Quamvis
1237 4476 1414 4519 autent
1459 4467 1509 4519 itt
1558 4482 1785 4535 Corpore
1839 4478 1893 4521 ut
1954 4472 2111 4525 homo

2224 4471 2426 4542 ὁρῶσαι
2470 4472 2742 4539 τοσαύτην
2806 4470 3110 4540 μεταϐολὴν
3165 4470 3480 4540 γινομένην,
3537 4472 3632 4523 καὶ
3682 4488 3815 4535 τους

537 4558 735 4621 veniet,
767 4556 945 4608 aderit
974 4565 1148 4609 tamen
1184 4571 1304 4609 cum
1337 4566 1604 4623 potestate
1626 4558 1866 4625 rtgloria
1895 4577 2108 4625 magna.

2224 4563 2541 4625 συνδούλους
2588 4562 2767 4615 αὐτῶν
2825 4563 3207 4633 κρινομένους.
3267 4564 3377 4615 Καὶ
3423 4560 3543 4614 τότε
3586 4561 3815 4629 ὄψονται

534 4651 625 4700 τὸν
671 4648 893 4719 Κύριον,
942 4648 1016 4712 ὡς
1074 4649 1201 4700 Υἱὸν
1260 4649 1570 4718 ἀνθρώπου,
1622 4652 1900 4705 τούτεστιν
1942 4656 2279 4727 ἐνσώματον.
2345 4654 2419 4708 Τὸ
2481 4660 2589 4727 γὰρ
2619 4655 3014 4725 Οεωρούμενον,
3051 4656 3267 4718 πάντως
3338 4655 3518 4725 σῶμα.
3582 4654 3725 4707 Ἀλλ’
3765 4664 3817 4717 εί

538 4745 631 4797 καὶ
668 4742 977 4812 ὲνσώματος
998 4742 1071 4803 ώς
1096 4742 1376 4812 ἀνδρωπος
1404 4743 1643 4813 ἔρχεται,
1676 4747 1813 4799 ἀ).λὰ
1856 4764 1918 4814 γε
1966 4750 2103 4820 μετὰ
2142 4750 2427 4819 δυνάμεως
2462 4750 2558 4801 καὶ
2589 4748 2745 4816 δόξης
2784 4749 3005 4817 πολλῆς.

614 4837 988 4892 ἵειιελἹ-ὃί.
1022 4855 1039 4888 ι
1096 4836 1161 4889 Et
1206 4848 1332 4892 tunc
1382 4839 1557 4891 mittet
1616 4842 1832 4908 angelos
1878 4858 2026 4907 suos,
2070 4852 2124 4899 et

2301 4863 2319 4897 ι
2354 4844 2462 4897 Καὶ
2491 4844 2612 4896 τότε
2666 4844 2955 4897 ἀποστελεῖ
3003 4843 3129 4904 τοὺς
3168 4841 3435 4909 ἀγγέλους
3484 4843 3682 4909 αὐτοῦ,
3717 4846 3817 4899 καὶ

537 4931 849 4999 aggregabit
890 4930 1091 4983 electos
1130 4943 1256 4982 suos
1292 4944 1320 4981 a
1350 4937 1583 4997 quatuor
1630 4936 1825 4996 ventis,
1855 4948 1881 4983 a
1914 4948 2124 4988 summo

2226 4940 2538 5005 ἐπισυνάξει
2570 4942 2695 5003 τοὺς
2739 4940 3032 5001 ἐκλεκτοὺς
3058 4939 3245 4992 αὐτοῦ
3277 4942 3340 4991 ὲκ
3388 4938 3496 4991 τῶν
3528 4942 3817 5013 τεσσάρων

540 5034 696 5077 terra:
720 5040 889 5093 usque
914 5023 977 5075 ad
1018 5040 1289 5076 summum
1342 5025 1484 5079 coeli.
1534 5028 1704 5078 Alicu
1755 5042 1884 5080 vero
1927 5029 2123 5083 discite

2229 5034 2459 5103 ἀνέμων,
2485 5034 2581 5085 ἀπ’
2632 5035 2803 5103 άκρευ
2850 5033 2951 5102 γῆς
2996 5033 3099 5095 ἕως
3155 5031 3327 5101 ἄκρου
3376 5032 3631 5102 οὐρανοῦ.
3684 5034 3820 5087 Ἀπὸ

541 5115 945 5170 similitudinem
970 5131 1119 5169 :cum
1139 5133 1320 5170 ramus
1341 5117 1456 5185 ejus
1481 5129 1631 5173 tener
1660 5121 1840 5184 fuerit,
1858 5122 2127 5187 produxe-

2227 5125 2398 5193 δὲτῆς
2439 5126 2612 5193 συκῆς
2658 5125 2858 5192 μάθετε
2916 5127 3013 5192 τὴν
3068 5125 3408 5195 παραδολήΨ
3449 5126 3580 5179 ὅταν
3642 5115 3818 5193 αὺτῆς

544 5208 723 5275 ritque
748 5206 893 5273 folia,
921 5210 1071 5264 scitis
1098 5208 1240 5277 quod
1276 5225 1438 5279 prope
1470 5211 1541 5264 sit
1587 5222 1765 5267 (BSlﬂS.
1803 5212 1895 5268 Sic
1919 5224 1972 5268 et
2005 5230 2118 5282 vos,

2232 5218 2331 5288 ήδη
2368 5221 2395 5271 6
2421 5218 2613 5281 κλάδος
2646 5218 2854 5279 ἁπαλὸς
2908 5218 3157 5288 γένηται,
3188 5220 3284 5269 καὶ
3309 5219 3482 5287 ὲκφυῇ
3522 5219 3588 5269 τὰ
3617 5218 3823 5283 φύλλα,

544 5314 665 5353 cum
705 5300 957 5354 videretis
1000 5302 1109 5354 hcce
1144 5302 1280 5363 fieri,
1327 5303 1520 5357 scitote
1582 5305 1722 5371 quod
1760 5322 1924 5375 prope
1957 5309 2028 5360 sit
2064 5308 2115 5360 in

2226 5311 2523 5376 γινώσκετε
2554 5310 2634 5362 ὃτι
2666 5309 2830 5377 ὲγγὺς
2848 5309 2907 5361 τὸ
2927 5308 3084 5379 Θέρος
3104 5308 3272 5362 ἐστίν.
3322 5308 3478 5362 Οὕτω
3509 5308 3603 5361 καὶ
3627 5309 3814 5377 ὑμεῖς,

546 5391 778 5446 foribus.
813 5390 981 5445 Amen
1018 5393 1141 5446 dico
1172 5394 1344 5457 vobis,
1378 5395 1518 5461 quod
1569 5412 1671 5448 non
1700 5400 1990 5465 praeteribit
2023 5414 2118 5465 ge-

2227 5402 2355 5454 ὄταν
2417 5402 2588 5455 ταῦτα
2646 5401 2791 5472 ῐόητε
2848 5400 3129 5471 γινόμενα,
3168 5400 3467 5469 γινώσκετε
3516 5402 3600 5453 ὅτι
3646 5400 3818 5469 ἐγγύς

547 5485 757 5537 neratio
783 5484 895 5537 lttec
920 5482 1095 5537 donec
1118 5476 1295 5539 omnia
1328 5489 1436 5540 Iure
1472 5487 1608 5541 facta
1657 5490 1871 5544 fuerint.
1907 5492 2115 5546 Ccelum

2228 5496 2376 5547 ἐστιν
2409 5496 2501 5547 ἐπὶ
2556 5494 2769 5565 θύραις.
2809 5494 2983 5564 ’Λμὴν
3022 5492 3165 5561 λέγω
3194 5494 3324 5562 ὑμῖν
3352 5494 3433 5545 ὃτι
3457 5494 3520 5545 οὐ
3559 5494 3633 5560 μὴ
3670 5511 3816 5563 παρ-

547 5585 600 5628 ct
661 5586 803 5628 terra
864 5576 1163 5629 transibunt
1198 5616 1210 5638 ,
1254 5580 1343 5631 sed
1408 5582 1564 5633 verba
1620 5599 1735 5635 inca
1809 5599 1913 5636 non
1975 5602 2115 5654 pra)—

2228 5589 2357 5659 έλΟῃ
2396 5590 2426 5657 ἡ
2479 5590 2639 5655 γενεὰ
2683 5586 2845 5655 αὕτη,
2896 5586 3087 5656 μέχρις
3126 5580 3186 5639 οὗ
3215 5588 3392 5639 πάντα
3438 5586 3613 5637 ταῦτα
3654 5587 3818 5657 γένη-

553 5667 807 5720 tet'ibttttt.
850 5687 865 5716 ι
910 5667 1069 5720 Vides
1130 5672 1269 5736 quod
1320 5680 1369 5723 et
1437 5673 1599 5726 Filius
1664 5674 1881 5741 angelos
1934 5677 2117 5741 mittit,
2230 5700 2340 5734 ται.
2396 5680 2704 5751 ’(λούρανος
2732 5680 2823 5733 καὶ
2856 5681 2887 5748 ἡ
2924 5681 2990 5746 γῆ
3029 5678 3551 5747 παρελεύσονται,οἱ
3578 5678 3634 5729 δὲ
3671 5680 3820 5745 λόγοι

551 5762 691 5814 sicut
718 5774 770 5815 et
804 5760 958 5813 [‘ntt‘r
1016 5764 1113 5817 [Usi
1152 5766 1453 5828 igitttrsttttt
1498 5784 1581 5829 qut
1618 5771 1798 5821 dicunt
1836 5788 1843 5819 :
1881 5770 1995 5824 Non
2043 5785 2122 5824 est

2240 5792 2337 5842 pou
2370 5774 2425 5825 οὐ
2469 5773 2543 5842 μὴ
2597 5772 2957 5842 παρέλθωσιν.
2998 5792 3013 5821 ι
3048 5772 3210 5839 Ὁρᾷς
3234 5771 3313 5821 ὅτι
3340 5770 3431 5822 καὶ
3457 5774 3483 5823 ο
3527 5773 3647 5832 Υἱὸς
3695 5774 3819 5832 τοὺς

552 5856 780 5922 zeqttal's
820 5857 923 5909 Deo
958 5866 1001 5908 cl
1040 5856 1218 5909 l‘atti.’
1252 5858 1475 5912 Veniunt
1516 5861 1661 5927 igitttt
1707 5863 1876 5930 illtgt‘ll
1908 5874 1955 5917 ut
1996 5880 2119 5918 t'on-

2240 5867 2501 5933 ἁγγὲὶους
2554 5867 2780 5931 στὶ),).;ν,
2811 5866 2996 5934 ὥσπερ
3033 5863 3120 5917 καὶ
3146 5863 3171 5914 ὁ
3210 5864 3430 5932 llus“;
3486 5864 3593 5916 [lo-3
3643 5863 3821 5916 τιίνυν
