4028 6412
948 426 1392 489 ΕΝΑΒΛΒΤΙΟ
1434 425 1517 488 IN
1559 420 1851 486 EVANGE

1958 418 2062 479 ΗΜ
2097 417 2361 479 MARCI.
2417 444 2477 454 -α
2507 420 2668 483 CAP.
2709 417 2888 481 XlII.

3450 416 3557 482 652

242 542 297 595 οι
324 539 578 609 λέγῃ-,τες
619 539 699 591 ὃῖι
733 539 832 591 οὐκ
868 536 1017 591 ἔστιν
1051 538 1163 603 ῐσος
1200 539 1277 609 τῷ
1312 538 1433 609 Θεῷ
1486 536 1580 592 καὶ
1629 535 1844 603 "arpi;

1958 539 2174 601 gregem
2202 530 2428 594 electos,
2458 530 2550 600 qui
2582 540 2842 602 tanquam
2879 530 2933 585 in
2972 530 3146 585 nubes
3178 528 3341 606 rapti,
3364 543 3557 588 occur.—

259 634 613 689 Ἑλεύσοιται
645 633 827 685 τοίνυν
878 633 925 685 οἱ
959 631 1184 700 ἄγγελοι
1242 632 1663 699 ὲπισυνάγοντες
1712 629 1841 690 τοὺς

243 726 568 789 ἐκλεκτοὺς,
604 725 680 786 ὡς
714 722 782 777 ἂν
807 724 1153 793 ἁρπαγέντες
1184 726 1242 777 ἐν
1291 724 1567 793 νεφέλαις,
1599 722 1841 789 ὑπαντή-

245 835 385 872 mat
438 819 519 886 τῷ
586 816 797 887 Κυρίῳ.
851 816 984 868 Ἀπὸ
1030 815 1087 868 δὲ
1147 816 1250 881 τῆς
1294 817 1467 884 συκῆς
1544 814 1780 883 μάνθανε
1816 811 1845 863 ὂ

244 911 398 976 λέγω
429 926 442 940 ·
479 910 673 977 ὥσπερ
729 908 825 961 καὶ
868 908 969 977 τῆς
1012 908 1183 977 συκῆς
1238 908 1414 976 φύλλα
1465 907 1567 975 ἠδη
1612 904 1845 974 ἐχούσης

245 1002 420 1086 εξθὺς,
446 1002 506 1053 τὸ
538 1000 717 1069 θέρος,
756 998 904 1053 οὕτω
940 1001 1038 1052 καὶ
1074 1000 1211 1069 μετά
1241 1000 1341 1068 τὴν
1370 997 1549 1067 θλίψιν
1580 995 1673 1049 τοῦ
1719 998 1842 1048 Ἀν-

245 1093 531 1163 τιχρίστου
570 1093 731 1155 εὐθὺς
758 1092 971 1154 οὐδενὸς
1000 1090 1451 1161 μεσολαϐοῦντος,
1482 1094 1513 1161 ἡ
1560 1090 1652 1143 τοῦ
1704 1090 1844 1157 Χρι-

250 1182 382 1235 στοῦ
404 1182 698 1251 παρουσία,
756 1182 880 1252 ἣτις
911 1183 1067 1251 θέρος
1097 1182 1173 1252 τῷ
1202 1182 1314 1235 ὄντι
1342 1184 1456 1235 ὲστὶ
1480 1185 1591 1245 τοῖς
1611 1181 1843 1243 δικαίοις

249 1277 359 1331 ἀπὸ
382 1277 677 1347 χειμῶνος,
708 1278 821 1339 τοῖς
866 1277 1050 1343 μέντοι
1086 1275 1436 1346 ἁμαρτωλοῖς
1491 1274 1699 1345 χειμὼν
1736 1273 1844 1326 ἀπὸ

250 1370 470 1439 θέρους,
517 1370 572 1421 ’Δ
585 1371 691 1439 μὴν
720 1369 864 1433 λέγω
890 1368 1017 1437 ὑμῖν
1042 1369 1175 1437 ὁτιὴ
1200 1369 1364 1434 γενεὰ
1384 1366 1551 1437 αὕτη,
1595 1366 1845 1419 τουτέστι

248 1462 364 1514 τῶν
391 1462 624 1524 πιστῶν,
658 1461 769 1513 τῶν
798 1460 1142 1529 Χριστιανῶν
1177 1461 1343 1528 λέγω,
1376 1460 1435 1512 ού
1472 1459 1545 1527 μὴ
1573 1450 1842 1530 παρέλθῃ,

251 1554 359 1618 ἕως
387 1554 563 1607 ταῦτα
597 1557 797 1617 πάντα,
824 1554 892 1606 τά
919 1570 975 1606 τε
1013 1554 1145 1623 περὶ
1182 1552 1286 1622 τῆς
1336 1552 1718 1621 Ἰερουσαλὴμ,
1752 1552 1845 1603 καὶ

250 1648 351 1717 τῆς
374 1647 470 1701 τοῦ
503 1647 874 1718 ’Δντιχρίστυυ
904 1646 1173 1711 ἐλεύσεως
1220 1648 1467 1716 γένηται.
1504 1646 1579 1699 Ού
1608 1645 1717 1715 γὰρ
1750 1644 1843 1715 δή·

253 1753 358 1791 που
394 1739 591 1807 γενεὰν
638 1736 787 1805 λέγει
820 1739 919 1809 τὴν
968 1738 1079 1790 τῶν
1129 1736 1465 1791 ἀποστόλων.
1516 1738 1669 1789 Ἐπεὶ
1723 1727 1846 1789 οὐδὲ

251 1831 384 1901 ἄχρι
408 1833 509 1900 τῆς
534 1832 847 1893 συντελείας
866 1830 960 1884 τοῦ
1011 1830 1220 1899 κόσμου
1266 1828 1433 1895 ζῶσιν
1456 1831 1503 1881 oi
1533 1827 1841 1893 ἀπόστολοι,

1946 632 2071 677 rant
2130 624 2378 679 Domino.
2413 627 2455 678 Δ
2507 626 2737 681 liculnea
2781 637 2967 681 autem
3006 626 3159 682 disce
3202 626 3349 696 quod
3413 624 3559 681 dico.

1944 714 2413 781 Quemadtnodum
2478 719 2622 772 enim
2693 718 2799 785 ﬁcu
2862 718 2991 773 folia
3043 719 3322 783 habente,
3369 720 3558 775 statim

1943 817 2107 861 aestas
2141 809 2317 873 adest,
2376 809 2453 862 sic
2482 818 2536 862 et
2566 820 2687 877 post
2708 807 3061 865 amictionem
3088 808 3416 867 Antichristi
3446 818 3559 866 sta-

1947 899 2041 951 tim
2071 899 2276 967 absque
2308 898 2417 954 ullo
2455 899 2757 954 mediatore
2800 899 2975 955 aderit
3022 898 3228 954 Christi
3263 886 3559 961 adventus,

1944 1002 2067 1058 quae
2105 1003 2165 1043 re
2199 1004 2323 1042 veru
2375 992 2537 1058 jnstis
2567 1002 2728 1044 aestas
2780 993 3029 1059 qumdam
3100 1000 3186 1051 est
3245 991 3313 1045 ab
3344 990 3561 1061 hyeme,

1946 1083 2335 1152 peccatoribus
2382 1092 2563 1136 autem
2596 1082 2792 1153 byems
2822 1084 2890 1138 ab
2943 1093 3154 1139 aestate.
3204 1081 3380 1138 Amen
3436 1084 3562 1139 dico

1947 1174 2102 1229 vobis
2126 1177 2268 1243 quod
2291 1175 2575 1243 generatio
2606 1176 2722 1229 haec
2746 1173 2847 1245 (a),
2872 1176 2971 1231 hoc
2997 1186 3082 1231 est
3113 1174 3376 1239 ﬁdelium,
3397 1175 3591 1236 Cltri-.

1946 1270 2250 1323 stianornm
2323 1270 2569 1337 inquam,
2615 1286 2725 1326 non
2776 1270 3035 1327 transibit
3083 1270 3255 1326 donec
3286 1271 3401 1325 haec
3442 1286 3560 1327 om-

1950 1363 2059 1427 nia,
2109 1363 2174 1417 de
2232 1360 2535 1417 Jerusalem
2594 1374 2651 1418 et
2712 1364 3033 1419 Antichristi
3102 1366 3363 1429 adventu,
3404 1362 3557 1418 liant.

1948 1455 2065 1510 Non
2098 1456 2241 1511 enim
2285 1467 2437 1511 certe
2468 1458 2878 1528 generationem
2922 1459 3053 1514 dicit
3086 1474 3205 1513 eam
3229 1496 3243 1521 ,
3292 1472 3413 1526 qua:
3459 1455 3563 1510 fuit

1948 1548 2359 1618 apostolorum;
2396 1550 2527 1618 quin
2561 1563 2667 1602 non
2710 1564 2887 1619 usque
2923 1552 2991 1605 ad
3022 1549 3560 1606 consummationem

1951 1640 2135 1693 mundi
2170 1639 2350 1694 vivent
2374 1642 2603 1709 apostoli
2641 1660 2653 1696 :
2680 1642 2771 1712 qui
2804 1656 2981 1709 neque
3008 1655 3180 1711 usque
3201 1640 3267 1694 ad
3296 1652 3559 1696 consum-

1952 1732 2242 1785 mationem
2260 1730 2560 1789 Jerusalem
2597 1735 2758 1788 vitam
2792 1732 3036 1804 plerique
3054 1730 3565 1803 produxerunt.Go-

1952 1824 2289 1879 mirationem
2318 1828 2502 1894 itaque
2526 1827 2963 1881 Christianorum
2988 1827 3139 1891 dicit,
3167 1826 3239 1880 ita
3264 1824 3561 1881 consolans

250 1924 370 1990 οἵγε
397 1923 520 1976 οὐδὲ
568 1924 698 1993 ἄχρι
750 1922 850 1993 τῆς
901 1922 1213 1985 συντελείας
1261 1923 1361 1993 τῆς
1408 1920 1769 1991 Ἰερουσαλὴμ
1802 1922 1850 1975 οἱ

1958 1918 2255 1983 apostolos,
2284 1934 2348 1971 ne
2376 1923 2729 1988 suspicentur
2748 1921 2891 1983 quod
2914 1934 3037 1973 eum
3062 1926 3212 1971 tanta
3239 1917 3380 1971 mala
3400 1917 3558 1979 liant,

252 2016 503 2080 πλείονες
536 2015 781 2085 ἔφθασαν
808 2016 931 2085 ζῇν.
965 2014 1163 2069 Γενεάν
1194 2010 1287 2069 οὖν
1315 2016 1415 2084 τὴν
1444 2014 1553 2066 τῶν
1580 2014 1848 2083 Χριστια-

249 2105 360 2157 νῶν
419 2105 592 2171 λέγει,
644 2104 1142 2173 παραμυθούμενος
1186 2103 1315 2166 τεὺς
1343 2104 1694 2167 ἀποστόλους.
1732 2104 1848 2157 Ἵνα

251 2195 363 2268 γὰρ
394 2197 473 2267 μὴ
500 2196 849 2249 ὑπολάϐωσιν
878 2195 961 2248 ὃτι
1000 2192 1271 2247 τοσούτων
1303 2193 1492 2246 κακῶν
1520 2193 1845 2263 γινομένων,

258 2290 393 2352 ἴσως
414 2288 656 2358 ικλείψει
681 2290 714 2359 ἡ
744 2288 951 2353 πίστις,
979 2288 1144 2358 φησιν
1170 2287 1272 2351 ὅτι,
1300 2286 1591 2356 Θαρρεἶτε,
1612 2286 1674 2337 ού
1708 2302 1847 2356 παρ-

251 2379 538 2439 ελεύσεται
587 2384 619 2451 ἡ
670 2382 834 2451 γενεὰ
858 2380 965 2433 τῶν
994 2379 1223 2442 πιστῶν,
1251 2378 1371 2431 οὐδὲ
1416 2378 1677 2446 ἐκλείψει.
1708 2379 1851 2448 Πρό-

249 2488 413 2543 τερον
438 2474 549 2543 γὰρ
570 2473 634 2527 ἂν
659 2475 729 2527 sit
751 2475 989 2545 ἀκίνητα
1030 2472 1203 2526 ταῦτα
1255 2475 1519 2540 στοιχεῖα,
1548 2474 1575 2525 6
1615 2472 1849 2542 οὐρανός

1960 2008 2098 2062 forte
2128 2008 2348 2062 dellciat
2377 2008 2530 2063 tides.
2556 2010 2725 2076 Quasi
2755 2010 2986 2075 diceret,
3016 2007 3308 2072 Confidite,
3336 2010 3392 2060 et
3415 2006 3562 2061 bono

1958 2102 2140 2155 animo
2157 2110 2360 2157 estote:
2379 2116 2483 2156 non
2506 2101 3093 2173 praeteribitgeneratio
3108 2100 3372 2168 ﬁdelium,
3386 2114 3563 2169 neque

1956 2193 2193 2247 deficiet.
2221 2191 2380 2247 Prius
2397 2195 2541 2249 enim
2564 2194 2877 2250 transibunt
2915 2193 3077 2266 245
3111 2195 3411 2249 immobilia
3443 2196 3562 2249 lmc

1957 2287 2248 2351 elementa,
2276 2289 2473 2343 cmlum
2502 2298 2559 2343 et
2607 2298 2810 2344 terram
2840 2290 2983 2354 dico,
3010 2304 3172 2359 quam
3206 2288 3315 2344 mei
3348 2303 3562 2343 sermo-

1959 2396 2056 2435 nes
2102 2382 2153 2434 in
2205 2381 2313 2434 ullo
2364 2382 2721 2437 intercidant.
2774 2380 2973 2436 Omnia
3011 2395 3357 2452 quaecunque
3411 2380 3547 2443 dixi,

1958 2472 2337 2541 perlicientur.

251 2586 400 2639 φημι
436 2571 704 2641 καὶήγῆ,
735 2568 1213 2640 παρελεύσεται,ἢ
1244 2568 1293 2621 οἱ
1346 2568 1471 2638 ἐμοὶ
1538 2567 1689 2635 λόγοι
1740 2568 1881 2623 κατὰ
1921 2585 1973 2623 τι
2025 2568 2438 2623 διαπεσοῦνται.
2509 2569 2695 2623 Πάντα
2745 2570 2855 2642 γὰρ
2894 2571 2996 2625 ὅσα
3061 2565 3238 2635 εἷπον,
3303 2563 3567 2638 τελεσθή-

255 2681 461 2719 σονται.

338 2775 358 2811 ι
395 2759 534 2830 Περὶ
558 2757 617 2812 δὲ
637 2757 738 2827 τῆς
755 2756 971 2827 ἡμέρας
994 2755 1209 2826 ἐκείνης
1226 2756 1323 2809 καὶ
1351 2757 1449 2826 τῆς
1497 2756 1645 2825 ὥρας
1672 2757 1849 2822 οὐδεὶς

251 2845 433 2916 οἶδεν,
482 2848 608 2904 οὐδὲ
658 2850 708 2902 οί
752 2846 979 2919 ἄγγελοι
1025 2848 1075 2901 al
1116 2847 1174 2901 ἐν
1212 2846 1451 2917 οὐρανῷ,
1482 2846 1606 2900 οὐδὲ
1633 2848 1662 2902 6
1697 2848 1845 2911 Υἱὸς,

253 2945 306 3000 ιι
346 2945 430 3015 μὴ
465 2944 498 2996 6
540 2942 757 3013 ῦατήρ.
798 2940 1057 3005 Βλέπετε,
1086 2940 1419 3011 ἀγρυπνεῖτε
1469 2940 1565 2993 καὶ
1617 2941 1847 3012 προσεύ-

255 3034 447 3108 χεσθε,
473 3035 575 3089 οὐκ
613 3033 793 3087 οῑδατε
820 3030 933 3102 γάρ
961 3030 1095 3084 πότε
1136 3032 1164 3084 6
1194 3030 1389 3100 καιρός
1413 3031 1584 3086 ἐστιν.
1627 3031 1714 3094 Ὦς
1748 3030 1843 3085 ἀν-

253 3126 480 3198 θρωποῖ
504 3124 810 3197 ἀπόδημος,
837 3123 998 3193 ἀφεὶς
1027 3122 1128 3192 τὴν
1156 3120 1338 3176 οίκίαν
1363 3122 1551 3190 αὑτοῦ,
1601 3124 1695 3177 καὶ
1732 3124 1855 3187 δοὺς

252 3222 371 3284 τοις
422 3200 633 3282 δούλοις
679 3214 847 3270 αὐτοῦ
891 3214 995 3287 τὴν
1059 3213 1336 3281 ἐξουσίαν,
1384 3215 1482 3269 καὶ
1535 3215 1752 3287 ἑκάστῳ
1795 3215 1855 3269 τὸ

256 3308 648 3385 (mutauit,
688 3306 795 3379 etut
819 3306 901 3379 τῷ
931 3304 1168 3379 θυρωρῷ
1193 3305 1502 3359 ἐνετείλατο
1522 3344 1539 3370 ,
1585 3306 1672 3359 ἵνα
1718 3322 1856 3377 γρη-

257 3408 425 3477 γορῇ.
461 3403 795 3475 Γρηγορείπ
824 3396 922 3456 οὖν
944 3417 958 3431 ·
1001 3401 1106 3455 οὐκ
1137 3399 1319 3455 οἴδατε
1357 3401 1469 3471 γάρ
1501 3400 1631 3453 πότε
1680 3402 1708 3453 6
1739 3399 1857 3454 Κύ-

258 3514 380 3567 ριος
434 3494 558 3564 τῆς,
604 3494 784 3558 οίκίας
826 3493 1077 3563 ἔρχεται,
1123 3490 1245 3561 ὀψὲ,
1310 3491 1345 3563 ἢ
1390 3490 1772 3562 μεσονυκτίου,
1821 3490 1854 3561 ἢ

256 3584 758 3656 ἀλεκτοροφωνίας,
792 3582 837 3654 -ἢ
880 3582 1031 3653 πρωΐ
1057 3597 1072 3612 ⁸
1108 3581 1183 3652 μὴ
1212 3579 1383 3635 ἐλθὼν
1428 3580 1691 3651 ἐξαίφνης
1717 3579 1856 3653 εὕρῃ

256 3680 407 3750 ὑμᾶς
435 3675 821 3740 καθεύδοντας.
844 3676 911 3728 Ἀ
932 3674 989 3729 δὲ
1016 3674 1147 3745 ὑμῖν
1174 3673 1339 3741 λέγω,
1365 3675 1501 3727 πᾶσι
1526 3671 1692 3741 λέγω,
1712 3673 1855 3743 Γρη-

260 3771 504 3841 γορεῖτε.
563 3786 582 3820 ι
630 3767 815 3822 Θίλων
846 3767 1111 3837 όΚύριος
1156 3766 1401 3819 κωλύσαι
1444 3764 1573 3827 τοὺς
1603 3764 1853 3834 μαθητὰς

257 3862 370 3918 ἀπὸ
406 3858 505 3915 τοῦ
545 3860 761 3931 ἐρωτᾷν
815 3858 946 3927 περὶ
982 3856 1083 3927 τῆς
1118 3856 1333 3927 ἡμέρας
1368 3854 1586 3923 ἐκείνης
1634 3856 1854 3924 καὶτῆς

256 3955 437 4027 ὥρας,
466 3953 638 4025 φησὶν
666 3954 752 4008 ὅτι
782 3950 905 4006 οὐδὲ
952 3951 1002 4004 οι
1023 3948 1273 4019 ἄγγελοι,
1310 3946 1436 4001 οὐδὲ
1468 3949 1496 4000 6
1531 3947 1657 4010 Υἱὸς
1691 3943 1850 4001 οἶδεν.

258 4047 325 4102 ει
363 4050 478 4118 γὰρ
510 4041 665 4099 εἶπεν
695 4045 777 4099 δτι
804 4040 936 4098 Οἶδα
976 4044 1095 4114 μιν,
1122 4041 1182 4095 οὐ
1219 4039 1357 4095 θέλω
1385 4040 1445 4095 δὶ
1482 4039 1608 4110 ὑμῖν
1640 4041 1855 4095 ἀποκα-

254 4138 451 4211 λύψαι,
488 4136 767 4208 δλύπτςσςν
795 4136 864 4191 ἂν
893 4133 1113 4199 αὐτούς.
1149 4132 1262 4188 Νῦν
1284 4133 1342 4187 δὲ
1377 4133 1687 4202 σοφώτερον
1755 4149 1853 4202 με·

256 4231 657 4303 ταχειρίζεται,
703 4229 800 4284 καὶ
833 4228 1092 4298 ἀπείργει
1122 4226 1320 4291 αὐτοὺς
1368 4226 1508 4290 ὅλως
1543 4226 1637 4277 τοῦ
1670 4224 1856 4294 ζητεῖν

262 4326 462 4398 μαθεῖν
490 4322 591 4378 καὶ
613 4319 853 4392 ἐνοχλεῖν
884 4318 1054 4391 αὐτῷ,
1083 4320 1142 4372 ὲν
1171 4316 1250 4388 τῷ
1278 4319 1475 4382 είπεῑν,
1506 4319 1612 4377 ὅτι.
1642 4315 1782 4371 Οὔτε
1804 4317 1853 4369 ot

2034 2757 2197 2813 νεεδ.
2227 2758 2417 2814 32-37.
2460 2777 2478 2811 ι
2527 2758 2798 2814 Caeterum
2833 2760 2898 2813 de
2939 2760 3025 2813 die
3064 2758 3158 2813 illo
3204 2774 3269 2813 ac
3318 2770 3566 2830 tempore

1959 2866 2119 2906 nemo
2145 2853 2323 2917 novit,
2352 2866 2417 2906 ne
2448 2854 2623 2918 angeli
2657 2855 2879 2921 quidem
2916 2853 3007 2921 qni
3033 2854 3085 2907 in
3110 2852 3251 2909 etelo
3290 2860 3439 2920 sunt,
3466 2868 3569 2910 nec

1959 2941 2074 3011 ipse
2098 2940 2287 3005 Filius,
2311 2943 2405 2997 sed
2423 2943 2570 2998 solus
2590 2942 2777 2997 Pater.
2799 2943 3024 3011 Cavete,
3046 2943 3271 3014 vigilate
3292 2955 3345 2999 et
3368 2952 3523 3000 orate
3548 2964 3564 3001 :

1961 3035 2186 3089 nescitis
2221 3035 2368 3088 enim
2406 3036 2627 3105 quando
2657 3046 2872 3105 tempus
2911 3038 2983 3090 sit
3014 3054 3028 3091 :
3057 3039 3202 3092 sicut
3250 3037 3417 3094 homo
3470 3038 3565 3109 qui

1961 3143 2190 3198 peregre
2220 3129 2333 3199 agit
2362 3130 2554 3183 relicta
2581 3129 2743 3183 domo
2776 3145 2902 3192 sua,
2932 3131 3191 3200 deditque
3238 3132 3413 3186 servis
3450 3132 3566 3188 suis

1960 3222 2326 3276 substantiam
2358 3237 2535 3286 suam,
2570 3238 2635 3275 ae
2662 3238 2818 3275 suum
2848 3222 3049 3286 cuique
3077 3238 3238 3293 opus,
3259 3233 3313 3279 et
3336 3224 3566 3293 ianitori

1962 3316 2235 3368 mandavit
2269 3325 2326 3369 nt
2370 3317 2639 3385 vigilaret.
2672 3315 2899 3384 Vigilate
2925 3316 3129 3385 igitur:
3166 3319 3387 3372 nescitis
3419 3318 3566 3373 enim

1958 3407 2176 3475 quando
2224 3406 2486 3461 Dominus
2513 3407 2709 3461 domus
2739 3416 3005 3461 venturus
3036 3409 3127 3471 sit,
3162 3422 3313 3477 seru,
3348 3425 3416 3463 an
3456 3423 3572 3465 me-

1960 3500 2050 3555 dio
2085 3502 2281 3564 noctis,
2310 3514 2379 3552 an
2413 3500 2465 3553 in
2502 3500 2799 3570 gallicinio,
2835 3516 2902 3554 an
2946 3501 3191 3557 diluculo
3225 3521 3238 3555 :
3275 3518 3341 3557 ne
3390 3503 3434 3557 si
3468 3517 3566 3559 ve-

1960 3593 2103 3647 nerit
2138 3604 2379 3660 rt'pcnte,
2426 3592 2665 3647 oll‘endat
2719 3609 2819 3649 vos
2872 3594 3235 3650 dormientes.
3283 3594 3559 3651 Caeterum

1960 3701 2083 3753 qua:
2144 3686 2269 3740 dico
2319 3685 2497 3749 vobis,
2535 3686 2795 3741 onmibns
2826 3690 2970 3750 dico,
3010 3687 3266 3757 Vigilate.
3312 3707 3329 3739 ι
3366 3688 3571 3744 Volens

1959 3780 2219 3836 Dominus
2234 3779 2533 3849 discipulos
2559 3797 2586 3833 a
2614 3782 2718 3836 diei
2746 3792 2798 3836 et
2819 3782 2969 3836 hora:
2993 3782 3139 3839 illius
3168 3783 3563 3851 interrogatio-

1960 3886 2027 3925 ne
2077 3872 2355 3936 cohibere,
2402 3870 2536 3925 dicit
2569 3873 2714 3941 quod
2760 3890 2938 3943 neque
2965 3874 3142 3945 angeli
3181 3889 3359 3945 neque
3394 3874 3566 3931 Filius

1959 3964 2157 4018 Sciant.
2188 3962 2245 4016 Si
2274 3964 2415 4017 enim
2446 3961 2699 4030 dixisset,
2728 3964 2853 4020 Scio
2882 3968 3124 4035 quidem,
3148 3967 3243 4023 sed
3271 3968 3393 4023 nolo
3416 3968 3569 4024 vobis

1961 4052 2225 4117 revelare,
2260 4066 2499 4107 mmrore
2527 4053 2663 4109 .illos
2698 4054 2971 4110 silc-cisset
2999 4072 3012 4108 :
3042 4071 3186 4112 nunc
3217 4065 3399 4112 autem
3436 4074 3567 4127 pru-

1959 4143 2153 4196 denter
2181 4156 2294 4196 rem
2326 4142 2459 4213 agit,
2491 4152 2544 4198 et
2577 4158 2671 4198 eos
2704 4146 2931 4201 omnino
2967 4146 3221 4214 prohibet
3253 4161 3321 4201 ne
3346 4146 3565 4203 discere

1959 4232 2211 4288 aﬂectent
2244 4250 2306 4289 ac
2357 4233 2570 4289 molesti
2618 4234 2749 4300 sint,
2814 4237 3001 4290 dicens
3053 4253 3066 4289 ε
3128 4236 3313 4306 Neque
3383 4239 3565 4307 angeli

1958 4324 2164 4391 sciunt,
2201 4340 2376 4395 neque
2395 4342 2515 4398 ego.
2537 4328 2617 4382 Ab
2640 4330 2889 4399 exemplo
2924 4340 3103 4384 autem
3126 4331 3399 4403 intelligas
3421 4332 3566 4401 quod

263 4417 516 4487 ἄγγελοι,
570 4413 696 4469 οὔτε
750 4413 865 4484 ἐγὼ
911 4410 1051 4469 οῖδα.
1119 4412 1253 4467 Ἀπὸ
1301 4412 1362 4466 δὲ
1403 4410 1851 4484 παραδείγματός

1968 4413 2193 4469 dicitur.
2261 4415 2418 4485 Saepe
2464 4418 2675 4487 pueruli
2729 4421 2914 4475 vident
2962 4430 3145 4491 patres
3188 4436 3319 4477 suos
3380 4432 3566 4480 tenere

260 4528 415 4576 τινος
474 4509 693 4579 νοήσεις
717 4507 781 4561 τὸ
822 4507 1133 4578 λεγόμενον.
1169 4506 1438 4569 Πολλάκις
1465 4506 1657 4561 παιδία
1683 4506 1856 4577 μικρὰ

262 4604 527 4675 βλέπουσι
550 4604 678 4666 τοὺς
707 4601 957 4671 πατιρας
988 4598 1172 4654 αὐτῶν
1202 4596 1543 4671 κρατοῦντας
1563 4616 1618 4652 τι
1651 4600 1710 4652 ὲν
1735 4600 1857 4663 ταῖς

259 4697 446 4769 χερσὶ,
474 4696 575 4750 καὶ
607 4692 834 4766 ζητοῦσι
862 4691 1043 4748 τοῦτο.
1078 4692 1140 4745 Οί
1171 4691 1228 4745 δὲ
1262 4691 1501 4763 πατέρες
1548 4690 1611 4744 ού
1642 4690 1858 4761 βούλον-

262 4809 353 4846 ται
380 4790 591 4845 δοῦναι.
619 4788 702 4842 Τά
753 4787 811 4841 δὲ
848 4783 1343 4857 κλαυθμυρίζονται
1386 4783 1463 4846 ὡς
1503 4783 1579 4855 μὴ
1643 4785 1859 4856 λαμδά-

261 4898 463 4943 νοντα,
513 4880 824 4935 τελευταῖον
886 4877 1071 4947 μέντοι
1134 4878 1184 4929 oi
1236 4876 1473 4946 πατέρες
1518 4876 1858 4942 κρύπτουσιν

261 4972 516 5038 ἑκείνο,δ
547 4969 815 5042 κρατοῦσι
842 5010 857 5034 ,
917 4969 1013 5022 καὶ
1064 4965 1474 5029 ἐπιδεικνύντες
1518 4966 1616 5030 τὰς
1668 4970 1859 5039 χεῖρας

265 5062 428 5125 κενάς
492 5063 606 5122 τοῖς
646 5058 906 5121 παιδίοις,
951 5056 1175 5109 ἱστῶσιν
1225 5054 1363 5109 αύτά
1414 5053 1509 5108 τοῦ
1545 5055 1855 5125 κλαυθμοῦ.

264 5142 430 5210 Οῦτω
464 5152 557 5205 καὶ
604 5153 633 5205 6
685 5149 925 5216 Κύριος,
980 5148 1056 5210 ὡς
1106 5147 1343 5209 παιδίοις
1382 5150 1495 5211 τοῖς
1530 5148 1854 5211 ἀποστόλοις

264 5245 738 5319 προσφερόμενος,
797 5239 1088 5311 ἀπέκρυψε
1128 5239 1227 5310 τὴν
1258 5239 1495 5311 ἡμέραν.
1540 5240 1603 5292 El
1654 5240 1763 5309 γάρ
1792 5238 1862 5293 εἷ-

264 5358 387 5402 πεν,
417 5338 500 5391 ὅτι
531 5330 762 5398 υἷδα,οὸ
786 5333 931 5403 λέγω
947 5333 1023 5397 δὲ,
1043 5331 1383 5403 ἠνιάσθησαν
1408 5331 1497 5398 ἂν,
1520 5332 1596 5395 ὼς
1627 5332 1703 5404 μὴ
1730 5332 1862 5403 παρ’

264 5432 432 5488 αὑτοῦ
473 5429 859 5500 μανθάνοντες.
896 5426 1020 5481 Ὀτι
1063 5426 1121 5479 δὲ
1170 5424 1489 5494 γινώσκειὸ
1534 5426 1740 5496 Κύριος
1762 5428 1861 5499 τὴν

263 5526 488 5598 ἡμέραν
536 5521 638 5576 καὶ
676 5520 775 5591 τὴν
809 5519 981 5590 ὥραν,
1025 5517 1313 5589 πρόδηλον.
1361 5518 1534 5582 Αὐτὸς
1575 5520 1685 5590 γάρ
1734 5522 1858 5586 τοὺς

265 5618 473 5678 αίῶνας
506 5614 766 5684 ἐποίησεν
788 5627 803 5642 ·
837 5612 866 5665 ὃ
895 5607 991 5665 οὖν
1023 5610 1271 5676 εποίησε,
1317 5610 1433 5674 πῶς
1465 5612 1525 5663 ού
1562 5610 1859 5679 γινώσκεις

266 5710 432 5764 ,Αλλά
451 5709 518 5778 δὴ
560 5708 656 5760 καὶ
703 5704 1093 5776 συμφερόντως
1140 5702 1461 5773 ἀπέκρυψεν
1513 5704 1540 5755 6
1578 5702 1710 5766 Θεὸς
1762 5703 1863 5776 τὴν

1960 4505 2218 4575 quiddam
2255 4508 2308 4561 in
2354 4510 2628 4573 manibus,
2674 4522 2730 4565 et
2790 4512 2894 4567 hoc
2948 4523 3163 4582 petunt,
3206 4516 3567 4587 patribusque

1960 4600 2092 4653 dare
2160 4600 2496 4669 nolentibus,
2564 4602 2786 4673 plorant
2841 4607 2987 4674 quod
3042 4623 3148 4662 non
3208 4608 3497 4677 accipiunt“
3544 4625 3559 4661 :

1958 4692 2197 4762 denique
2255 4704 2443 4764 patres
2495 4697 2781 4752 occultant
2850 4697 2981 4752 illud
3050 4698 3195 4767 quod
3249 4706 3460 4763 tenent,
3509 4708 3567 4755 et

1959 4785 2316 4841 ostendentes
2366 4803 2562 4843 manus
2609 4803 2813 4845 vacuas
2860 4790 3068 4859 pueris,
3105 4790 3292 4845 tletum
3344 4790 3564 4846 illorum

1962 4878 2186 4932 sistunt.
2229 4878 2320 4933 Sic
2376 4887 2430 4933 et
2490 4880 2753 4937 Dominus
2803 4882 2965 4951 quasi
3030 4897 3231 4952 pueros
3287 4886 3566 4953 apostolos

1962 4968 2260 5035 alloquens,
2279 4971 2757 5027 occultavitdiem.
2782 4971 2919 5028 Nam
2942 4974 2995 5029 si
3015 4974 3259 5038 dixisset,
3282 4974 3431 5042 Scio,
3458 4992 3567 5033 non

1960 5060 2085 5114 dico
2112 5063 2707 5123 antem,imloluissent
2732 5066 2876 5134 quod
2903 5065 2970 5119 ub
2992 5065 3087 5119 illo
3117 5080 3225 5120 non
3268 5065 3565 5123 discerent.

1963 5152 2122 5219 Quod
2148 5164 2331 5209 autem
2378 5154 2643 5211 Dominus
2699 5158 2928 5212 sciverit
2962 5167 3018 5213 et
3060 5160 3207 5213 diem
3258 5167 3313 5213 et
3349 5159 3565 5225 horam,

1964 5247 2339 5315 manifestum,
2364 5250 2490 5317 quia
2519 5249 2701 5305 saeculi
2739 5249 2999 5309 Conditor
3028 5260 3136 5307 est.
3174 5250 3243 5306 Et
3270 5266 3379 5321 quo
3409 5266 3570 5321 pacto

1964 5341 2109 5409 quod
2134 5338 2263 5396 fecit
2291 5343 2565 5398 nesciret?
2594 5342 2792 5397 Verum
2826 5344 3039 5399 utiliter
3087 5345 3381 5401 abscondit
3423 5344 3569 5402 Deus

1964 5436 2498 5490 consummationem
2549 5435 2697 5502 vitae,
2735 5436 2853 5493 sive
2896 5438 3142 5492 omnium
3177 5438 3231 5492 in
3266 5440 3567 5503 communi,

1951 5524 2082 5579 sive
2145 5527 2580 5597 uniuscujusque
2634 5528 2686 5581 in
2734 5529 3019 5598 singulari,
3051 5539 3110 5583 nt
3150 5530 3278 5584 dum
3327 5530 3569 5587 incertus

1967 5626 2050 5671 est
2082 5617 2227 5682 linis,
2261 5634 2478 5690 semper
2510 5620 2732 5675 solliciti
2765 5623 2937 5675 simus
2958 5638 3021 5676 ac
3040 5624 3209 5689 anxii,
3242 5634 3571 5691 exspectan-

1973 5717 2052 5763 tes
2084 5710 2259 5775 illum,
2297 5722 2349 5766 et
2379 5712 2637 5769 timentes
2672 5727 2739 5767 ne
2768 5714 3163 5783 impraparatis
3194 5714 3565 5783 superveniat.

344 5834 425 5901 (α)
470 5830 615 5884 Edit.
654 5828 777 5904 Lut.
821 5826 984 5892 iouia
1038 5824 1273 5904 plerique
1324 5841 1634 5904 uenasque
1683 5827 1769 5904 ad‘
1815 5834 2317 5890 consummationem
2402 5836 2701 5891 Jerusalem
2775 5834 3065 5889 vixerunt:
3113 5836 3376 5902 quomodo
3446 5848 3567 5904 ergo

268 5895 876 5963 “consummationem
908 5895 1097 5951 mundi
1115 5896 1406 5966 pertingere
1429 5898 1771 5953 dicerentur?
