  <div class='ocr_page' id='page_1' title='image "/cluster/home/n/w/nwhite01/storage/ocr_20150623/123/ien.35556001659978/330.png"; bbox 0 0 4028 6410; ppageno 0'>
   <div class='ocr_carea' id='block_1_1' title="bbox 206 424 318 489">
    <p class='ocr_par' dir='ltr' id='par_1_1' title="bbox 206 424 318 489">
     <span class='ocr_line' id='line_1_1' title="bbox 206 424 318 489; baseline 0 0"><span class='ocrx_word' id='word_1_1' title='bbox 206 424 318 489; x_wconf 70' lang='grc'><strong>645</strong></span> 
     </span>
    </p>
   </div>
   <div class='ocr_carea' id='block_1_2' title="bbox 894 427 2796 499">
    <p class='ocr_par' dir='ltr' id='par_1_2' title="bbox 894 427 2796 499">
     <span class='ocr_line' id='line_1_2' title="bbox 894 427 2796 499; baseline 0.005 -9"><span class='ocrx_word' id='word_1_2' title='bbox 894 429 1345 492; x_wconf 68' lang='lat' dir='ltr'><strong>EN‘ABRATIO</strong></span> <span class='ocrx_word' id='word_1_3' title='bbox 1385 428 1464 490; x_wconf 82' lang='lat' dir='ltr'><strong>IN</strong></span> <span class='ocrx_word' id='word_1_4' title='bbox 1504 427 2017 493; x_wconf 79' lang='lat' dir='ltr'><strong>EVANGELIUM</strong></span> <span class='ocrx_word' id='word_1_5' title='bbox 2060 433 2401 495; x_wconf 66' lang='lat' dir='ltr'><strong>MARCL—</strong></span> <span class='ocrx_word' id='word_1_6' title='bbox 2432 436 2596 497; x_wconf 82' lang='lat' dir='ltr'><strong>CAP.</strong></span> <span class='ocrx_word' id='word_1_7' title='bbox 2636 438 2796 499; x_wconf 80' lang='lat' dir='ltr'><strong>XIV-</strong></span> 
     </span>
    </p>
   </div>
   <div class='ocr_carea' id='block_1_3' title="bbox 3439 438 3550 504">
    <p class='ocr_par' dir='ltr' id='par_1_3' title="bbox 3439 438 3550 504">
     <span class='ocr_line' id='line_1_3' title="bbox 3439 438 3550 504; baseline 0.045 -5"><span class='ocrx_word' id='word_1_8' title='bbox 3439 438 3550 504; x_wconf 65' lang='grc'><strong>646</strong></span> 
     </span>
    </p>
   </div>
   <div class='ocr_carea' id='block_1_4' title="bbox 207 539 1818 630">
    <p class='ocr_par' dir='ltr' id='par_1_4' title="bbox 207 539 1818 614">
     <span class='ocr_line' id='line_1_4' title="bbox 207 539 1818 614; baseline 0.003 -20"><span class='ocrx_word' id='word_1_9' title='bbox 207 542 438 610; x_wconf 84' lang='grc' dir='ltr'>τασχεῖν</span> <span class='ocrx_word' id='word_1_10' title='bbox 480 539 686 610; x_wconf 73' lang='grc' dir='ltr'>αὐτὸν,</span> <span class='ocrx_word' id='word_1_11' title='bbox 730 542 837 598; x_wconf 80' lang='grc' dir='ltr'>οὐκ</span> <span class='ocrx_word' id='word_1_12' title='bbox 880 544 1151 614; x_wconf 66' lang='grc' dir='ltr'>ὴδᾶναντο</span> <span class='ocrx_word' id='word_1_13' title='bbox 1180 561 1194 575; x_wconf 78' lang='lat'><strong><em>°</em></strong></span> <span class='ocrx_word' id='word_1_14' title='bbox 1232 546 1323 599; x_wconf 80' lang='grc' dir='ltr'>ὅτε</span> <span class='ocrx_word' id='word_1_15' title='bbox 1364 546 1421 600; x_wconf 84' lang='grc' dir='ltr'>δὲ</span> <span class='ocrx_word' id='word_1_16' title='bbox 1468 547 1672 601; x_wconf 83' lang='grc' dir='ltr'>ὲκεῐνοι</span> <span class='ocrx_word' id='word_1_17' title='bbox 1722 546 1818 599; x_wconf 74' lang='grc' dir='ltr'>οὐκ</span> 
     </span>
    </p>
   </div>
   <div class='ocr_carea' id='block_1_5' title="bbox 1925 539 3553 630">
    <p class='ocr_par' dir='ltr' id='par_1_5' title="bbox 1934 551 3553 630">
     <span class='ocr_line' id='line_1_5' title="bbox 1934 551 3553 630; baseline 0.004 -26"><span class='ocrx_word' id='word_1_18' title='bbox 1934 563 2057 620; x_wconf 99' lang='lat' dir='ltr'><strong>pter</strong></span> <span class='ocrx_word' id='word_1_19' title='bbox 2090 551 2292 607; x_wconf 72' lang='lat' dir='ltr'><strong>festum</strong></span> <span class='ocrx_word' id='word_1_20' title='bbox 2315 556 2483 617; x_wconf 86' lang='lat' dir='ltr'><strong>dicm,</strong></span> <span class='ocrx_word' id='word_1_21' title='bbox 2515 566 2640 609; x_wconf 84' lang='lat' dir='ltr'><strong>tune</strong></span> <span class='ocrx_word' id='word_1_22' title='bbox 2663 556 3004 614; x_wconf 74' lang='lat' dir='ltr'><strong>voluntarius</strong></span> <span class='ocrx_word' id='word_1_23' title='bbox 3027 558 3149 629; x_wconf 84' lang='lat' dir='ltr'><strong>ipse</strong></span> <span class='ocrx_word' id='word_1_24' title='bbox 3172 558 3411 630; x_wconf 77' lang='lat' dir='ltr'><strong>seipsnm</strong></span> <span class='ocrx_word' id='word_1_25' title='bbox 3442 569 3553 618; x_wconf 68' lang='lat' dir='ltr'><strong>trs-</strong></span> 
     </span>
    </p>
   </div>
   <div class='ocr_carea' id='block_1_6' title="bbox 208 634 1819 710">
    <p class='ocr_par' dir='ltr' id='par_1_6' title="bbox 208 634 1819 710">
     <span class='ocr_line' id='line_1_6' title="bbox 208 634 1819 710; baseline 0.002 -23"><span class='ocrx_word' id='word_1_26' title='bbox 208 634 514 704; x_wconf 68' lang='grc' dir='ltr'>ἠϐούλοντο</span> <span class='ocrx_word' id='word_1_27' title='bbox 548 634 639 691; x_wconf 78' lang='grc' dir='ltr'><strong>διά</strong></span> <span class='ocrx_word' id='word_1_28' title='bbox 667 635 767 709; x_wconf 82' lang='grc' dir='ltr'>τὴν</span> <span class='ocrx_word' id='word_1_29' title='bbox 801 637 1022 710; x_wconf 74' lang='grc' dir='ltr'>ἑορτὴν,</span> <span class='ocrx_word' id='word_1_30' title='bbox 1053 638 1178 693; x_wconf 82' lang='grc' dir='ltr'>τότε</span> <span class='ocrx_word' id='word_1_31' title='bbox 1224 640 1390 704; x_wconf 84' lang='grc' dir='ltr'>αὐτὸς</span> <span class='ocrx_word' id='word_1_32' title='bbox 1427 638 1574 694; x_wconf 73' lang='grc' dir='ltr'>ἑκὼν</span> <span class='ocrx_word' id='word_1_33' title='bbox 1622 641 1819 693; x_wconf 80' lang='grc' dir='ltr'>ἑαυτὸν</span> 
     </span>
    </p>
   </div>
   <div class='ocr_carea' id='block_1_7' title="bbox 209 724 1824 804">
    <p class='ocr_par' dir='ltr' id='par_1_7' title="bbox 209 724 1824 804">
     <span class='ocr_line' id='line_1_7' title="bbox 209 724 1824 804; baseline 0.002 -23"><span class='ocrx_word' id='word_1_34' title='bbox 209 724 499 792; x_wconf 60' lang='lat' dir='ltr'><strong>litor-Juv.</strong></span> <span class='ocrx_word' id='word_1_35' title='bbox 530 730 725 793; x_wconf 88' lang='grc' dir='ltr'>Ὄντος</span> <span class='ocrx_word' id='word_1_36' title='bbox 756 729 815 784; x_wconf 84' lang='grc' dir='ltr'>δὲ</span> <span class='ocrx_word' id='word_1_37' title='bbox 850 730 1020 785; x_wconf 82' lang='grc' dir='ltr'>αὐτοῦ</span> <span class='ocrx_word' id='word_1_38' title='bbox 1056 732 1114 786; x_wconf 81' lang='grc' dir='ltr'>ὲν</span> <span class='ocrx_word' id='word_1_39' title='bbox 1145 732 1393 804; x_wconf 76' lang='grc' dir='ltr'><strong>Βηθανίᾳ</strong></span> <span class='ocrx_word' id='word_1_40' title='bbox 1433 735 1493 787; x_wconf 70' lang='grc' dir='ltr'>ἐν</span> <span class='ocrx_word' id='word_1_41' title='bbox 1527 733 1676 803; x_wconf 62' lang='grc' dir='ltr'>οἰκίᾳ</span> <span class='ocrx_word' id='word_1_42' title='bbox 1729 732 1824 785; x_wconf 80' lang='grc' dir='ltr'><strong>Σί-</strong></span> 
     </span>
    </p>
   </div>
   <div class='ocr_carea' id='block_1_8' title="bbox 213 816 1824 894">
    <p class='ocr_par' dir='ltr' id='par_1_8' title="bbox 213 816 1824 894">
     <span class='ocr_line' id='line_1_8' title="bbox 213 816 1824 894; baseline 0 -20"><span class='ocrx_word' id='word_1_43' title='bbox 213 836 400 891; x_wconf 81' lang='grc' dir='ltr'>μωνος</span> <span class='ocrx_word' id='word_1_44' title='bbox 447 820 543 875; x_wconf 89' lang='grc' dir='ltr'><strong>τοῦ</strong></span> <span class='ocrx_word' id='word_1_45' title='bbox 597 818 805 891; x_wconf 88' lang='grc' dir='ltr'>λεπροῦ</span> <span class='ocrx_word' id='word_1_46' title='bbox 834 860 849 887; x_wconf 95' lang='grc'><strong>,</strong></span> <span class='ocrx_word' id='word_1_47' title='bbox 893 816 1029 894; x_wconf 76' lang='grc' dir='ltr'>ἦλθε</span> <span class='ocrx_word' id='word_1_48' title='bbox 1072 824 1236 894; x_wconf 83' lang='grc' dir='ltr'>γυνή.</span> <span class='ocrx_word' id='word_1_49' title='bbox 1302 823 1410 875; x_wconf 80' lang='grc' dir='ltr'><strong>Καὶ</strong></span> <span class='ocrx_word' id='word_1_50' title='bbox 1450 823 1500 875; x_wconf 75' lang='grc' dir='ltr'>οἱ</span> <span class='ocrx_word' id='word_1_51' title='bbox 1549 822 1824 893; x_wconf 77' lang='grc' dir='ltr'>τέσσαρες</span> 
     </span>
    </p>
   </div>
   <div class='ocr_carea' id='block_1_9' title="bbox 212 912 1826 986">
    <p class='ocr_par' dir='ltr' id='par_1_9' title="bbox 212 912 1826 986">
     <span class='ocr_line' id='line_1_9' title="bbox 212 912 1826 986; baseline 0 -20"><span class='ocrx_word' id='word_1_52' title='bbox 212 912 624 985; x_wconf 70' lang='grc' dir='ltr'><strong>μνημονεύουσι</strong></span> <span class='ocrx_word' id='word_1_53' title='bbox 648 912 743 967; x_wconf 84' lang='grc' dir='ltr'><strong>τοῦ</strong></span> <span class='ocrx_word' id='word_1_54' title='bbox 778 914 979 985; x_wconf 80' lang='grc' dir='ltr'>μύρου.</span> <span class='ocrx_word' id='word_1_55' title='bbox 1016 914 1128 969; x_wconf 76' lang='grc' dir='ltr'><strong>Καὶ</strong></span> <span class='ocrx_word' id='word_1_56' title='bbox 1166 913 1320 968; x_wconf 74' lang='grc' dir='ltr'>δοκεῖ</span> <span class='ocrx_word' id='word_1_57' title='bbox 1373 914 1476 986; x_wconf 81' lang='grc' dir='ltr'>μὲν</span> <span class='ocrx_word' id='word_1_58' title='bbox 1507 915 1662 985; x_wconf 83' lang='grc' dir='ltr'>παρά</span> <span class='ocrx_word' id='word_1_59' title='bbox 1714 931 1826 967; x_wconf 88' lang='grc' dir='ltr'>τισι</span> 
     </span>
    </p>
   </div>
   <div class='ocr_carea' id='block_1_10' title="bbox 212 1004 1825 1079">
    <p class='ocr_par' dir='ltr' id='par_1_10' title="bbox 212 1004 1825 1079">
     <span class='ocr_line' id='line_1_10' title="bbox 212 1004 1825 1079; baseline -0.003 -16"><span class='ocrx_word' id='word_1_60' title='bbox 212 1008 319 1079; x_wconf 72' lang='grc' dir='ltr'><strong>μία</strong></span> <span class='ocrx_word' id='word_1_61' title='bbox 346 1004 513 1076; x_wconf 75' lang='grc' dir='ltr'>εἶναι,</span> <span class='ocrx_word' id='word_1_62' title='bbox 549 1006 652 1061; x_wconf 86' lang='grc' dir='ltr'>οὐκ</span> <span class='ocrx_word' id='word_1_63' title='bbox 680 1006 799 1062; x_wconf 76' lang='grc' dir='ltr'>ἐστι</span> <span class='ocrx_word' id='word_1_64' title='bbox 827 1008 906 1073; x_wconf 77' lang='grc' dir='ltr'>δὲ,</span> <span class='ocrx_word' id='word_1_65' title='bbox 937 1006 1033 1062; x_wconf 88' lang='grc' dir='ltr'><strong>δύο</strong></span> <span class='ocrx_word' id='word_1_66' title='bbox 1049 1007 1106 1062; x_wconf 68' lang='grc' dir='ltr'>δὲ</span> <span class='ocrx_word' id='word_1_67' title='bbox 1134 1006 1263 1060; x_wconf 71' lang='grc' dir='ltr'>εἰσί.</span> <span class='ocrx_word' id='word_1_68' title='bbox 1297 1007 1415 1061; x_wconf 75' lang='grc' dir='ltr'>Μία</span> <span class='ocrx_word' id='word_1_69' title='bbox 1448 1008 1571 1077; x_wconf 69' lang='grc' dir='ltr'>μὲν,</span> <span class='ocrx_word' id='word_1_70' title='bbox 1599 1010 1632 1077; x_wconf 80' lang='grc' dir='ltr'>ἡ</span> <span class='ocrx_word' id='word_1_71' title='bbox 1672 1005 1825 1077; x_wconf 82' lang='grc' dir='ltr'>παρὰ</span> 
     </span>
    </p>
   </div>
   <div class='ocr_carea' id='block_1_11' title="bbox 209 1097 1825 1172">
    <p class='ocr_par' dir='ltr' id='par_1_11' title="bbox 209 1097 1825 1172">
     <span class='ocr_line' id='line_1_11' title="bbox 209 1097 1825 1172; baseline -0.002 -19"><span class='ocrx_word' id='word_1_72' title='bbox 209 1098 293 1171; x_wconf 71' lang='grc' dir='ltr'>τῷ</span> <span class='ocrx_word' id='word_1_73' title='bbox 318 1098 569 1171; x_wconf 77' lang='grc' dir='ltr'>Ἰωάννῃ,</span> <span class='ocrx_word' id='word_1_74' title='bbox 598 1100 632 1170; x_wconf 76' lang='grc' dir='ltr'><strong>ἡ</strong></span> <span class='ocrx_word' id='word_1_75' title='bbox 663 1100 759 1154; x_wconf 79' lang='grc' dir='ltr'>καὶ</span> <span class='ocrx_word' id='word_1_76' title='bbox 785 1099 881 1154; x_wconf 87' lang='grc' dir='ltr'><strong>τοῦ</strong></span> <span class='ocrx_word' id='word_1_77' title='bbox 906 1099 1167 1172; x_wconf 76' lang='grc' dir='ltr'>Λαζάρου</span> <span class='ocrx_word' id='word_1_78' title='bbox 1195 1100 1406 1172; x_wconf 76' lang='grc' dir='ltr'>ἀδελφὴ</span> <span class='ocrx_word' id='word_1_79' title='bbox 1431 1099 1592 1155; x_wconf 76' lang='grc' dir='ltr'>οὖσα.</span> <span class='ocrx_word' id='word_1_80' title='bbox 1626 1097 1825 1168; x_wconf 80' lang='grc' dir='ltr'>Ἑτέρα</span> 
     </span>
    </p>
   </div>
   <div class='ocr_carea' id='block_1_12' title="bbox 214 1192 1826 1268">
    <p class='ocr_par' dir='ltr' id='par_1_12' title="bbox 214 1192 1826 1268">
     <span class='ocr_line' id='line_1_12' title="bbox 214 1192 1826 1268; baseline -0.001 -21"><span class='ocrx_word' id='word_1_81' title='bbox 214 1192 297 1255; x_wconf 69' lang='grc' dir='ltr'><strong>δὲ.</strong></span> <span class='ocrx_word' id='word_1_82' title='bbox 328 1194 363 1264; x_wconf 77' lang='grc' dir='ltr'><strong>ἡ</strong></span> <span class='ocrx_word' id='word_1_83' title='bbox 404 1194 560 1264; x_wconf 65' lang='grc' dir='ltr'>παρά</span> <span class='ocrx_word' id='word_1_84' title='bbox 610 1196 727 1258; x_wconf 75' lang='grc' dir='ltr'>τοῖς</span> <span class='ocrx_word' id='word_1_85' title='bbox 775 1194 987 1258; x_wconf 77' lang='grc' dir='ltr'>λοιποῖς</span> <span class='ocrx_word' id='word_1_86' title='bbox 1020 1193 1191 1268; x_wconf 75' lang='grc' dir='ltr'>τρισί.</span> <span class='ocrx_word' id='word_1_87' title='bbox 1234 1194 1394 1265; x_wconf 77' lang='grc' dir='ltr'>Πλὴν</span> <span class='ocrx_word' id='word_1_88' title='bbox 1427 1195 1694 1265; x_wconf 81' lang='grc' dir='ltr'>πρόσεχε,</span> <span class='ocrx_word' id='word_1_89' title='bbox 1731 1194 1826 1246; x_wconf 76' lang='grc' dir='ltr'>καὶ</span> 
     </span>
    </p>
   </div>
   <div class='ocr_carea' id='block_1_13' title="bbox 210 1284 1822 1359">
    <p class='ocr_par' dir='ltr' id='par_1_13' title="bbox 210 1284 1822 1359">
     <span class='ocr_line' id='line_1_13' title="bbox 210 1284 1822 1359; baseline -0.002 -19"><span class='ocrx_word' id='word_1_90' title='bbox 210 1285 476 1356; x_wconf 72' lang='grc' dir='ltr'><strong>εὑρήσεις</strong></span> <span class='ocrx_word' id='word_1_91' title='bbox 503 1284 710 1349; x_wconf 86' lang='grc' dir='ltr'>ταύτας</span> <span class='ocrx_word' id='word_1_92' title='bbox 737 1286 886 1356; x_wconf 81' lang='grc' dir='ltr'>τρεῖς</span> <span class='ocrx_word' id='word_1_93' title='bbox 921 1284 1111 1348; x_wconf 76' lang='grc' dir='ltr'>οὔσας.</span> <span class='ocrx_word' id='word_1_94' title='bbox 1146 1286 1307 1359; x_wconf 75' lang='grc' dir='ltr'>Παρὰ</span> <span class='ocrx_word' id='word_1_95' title='bbox 1330 1287 1431 1358; x_wconf 70' lang='grc' dir='ltr'>μὲν</span> <span class='ocrx_word' id='word_1_96' title='bbox 1458 1288 1535 1358; x_wconf 87' lang='grc' dir='ltr'>τῷ</span> <span class='ocrx_word' id='word_1_97' title='bbox 1574 1286 1822 1357; x_wconf 77' lang='grc' dir='ltr'>Ἰωάννῃ,</span> 
     </span>
    </p>
   </div>
   <div class='ocr_carea' id='block_1_14' title="bbox 210 1374 1824 1450">
    <p class='ocr_par' dir='ltr' id='par_1_14' title="bbox 210 1374 1824 1450">
     <span class='ocr_line' id='line_1_14' title="bbox 210 1374 1824 1450; baseline 0.001 -23"><span class='ocrx_word' id='word_1_98' title='bbox 210 1374 372 1447; x_wconf 75' lang='grc' dir='ltr'>μίαν,</span> <span class='ocrx_word' id='word_1_99' title='bbox 401 1375 559 1446; x_wconf 82' lang='grc' dir='ltr'>παρά</span> <span class='ocrx_word' id='word_1_100' title='bbox 586 1375 645 1429; x_wconf 76' lang='grc' dir='ltr'>δὲ</span> <span class='ocrx_word' id='word_1_101' title='bbox 672 1374 753 1447; x_wconf 78' lang='grc' dir='ltr'>τῷ</span> <span class='ocrx_word' id='word_1_102' title='bbox 774 1377 985 1448; x_wconf 66' lang='grc' dir='ltr'>Δουκᾷ.</span> <span class='ocrx_word' id='word_1_103' title='bbox 1008 1375 1203 1449; x_wconf 81' lang='grc' dir='ltr'>άλλην,</span> <span class='ocrx_word' id='word_1_104' title='bbox 1228 1378 1381 1450; x_wconf 71' lang='grc' dir='ltr'>παρὰ</span> <span class='ocrx_word' id='word_1_105' title='bbox 1405 1378 1463 1431; x_wconf 78' lang='grc' dir='ltr'>δὲ</span> <span class='ocrx_word' id='word_1_106' title='bbox 1496 1379 1612 1441; x_wconf 83' lang='grc' dir='ltr'>τοῖς</span> <span class='ocrx_word' id='word_1_107' title='bbox 1643 1377 1824 1440; x_wconf 75' lang='grc' dir='ltr'>δυσὶν,</span> 
     </span>
    </p>
   </div>
   <div class='ocr_carea' id='block_1_15' title="bbox 208 1464 1821 1542">
    <p class='ocr_par' dir='ltr' id='par_1_15' title="bbox 208 1464 1821 1542">
     <span class='ocr_line' id='line_1_15' title="bbox 208 1464 1821 1542; baseline -0.002 -18"><span class='ocrx_word' id='word_1_108' title='bbox 208 1468 411 1541; x_wconf 62' lang='grc' dir='ltr'>ιτεραν</span> <span class='ocrx_word' id='word_1_109' title='bbox 440 1468 593 1538; x_wconf 74' lang='grc' dir='ltr'>μξαν.</span> <span class='ocrx_word' id='word_1_110' title='bbox 638 1469 704 1527; x_wconf 82' lang='grc' dir='ltr'><strong>Ἦ</strong></span> <span class='ocrx_word' id='word_1_111' title='bbox 733 1470 841 1541; x_wconf 75' lang='grc' dir='ltr'>γὰρ</span> <span class='ocrx_word' id='word_1_112' title='bbox 865 1471 1017 1542; x_wconf 71' lang='grc' dir='ltr'>παρὰ</span> <span class='ocrx_word' id='word_1_113' title='bbox 1046 1469 1126 1541; x_wconf 81' lang='grc' dir='ltr'><strong>τῷ</strong></span> <span class='ocrx_word' id='word_1_114' title='bbox 1155 1472 1368 1542; x_wconf 81' lang='grc' dir='ltr'>Λουκᾷ.</span> <span class='ocrx_word' id='word_1_115' title='bbox 1400 1470 1501 1523; x_wconf 80' lang='grc' dir='ltr'>καὶ</span> <span class='ocrx_word' id='word_1_116' title='bbox 1531 1472 1708 1541; x_wconf 85' lang='grc' dir='ltr'>πόρνη</span> <span class='ocrx_word' id='word_1_117' title='bbox 1729 1464 1821 1542; x_wconf 73' lang='grc' dir='ltr'>ἦν,</span> 
     </span>
    </p>
   </div>
   <div class='ocr_carea' id='block_1_16' title="bbox 209 1561 1824 1636">
    <p class='ocr_par' dir='ltr' id='par_1_16' title="bbox 209 1561 1824 1636">
     <span class='ocr_line' id='line_1_16' title="bbox 209 1561 1824 1636; baseline -0.001 -19"><span class='ocrx_word' id='word_1_118' title='bbox 209 1562 309 1617; x_wconf 69' lang='grc' dir='ltr'>καὶ</span> <span class='ocrx_word' id='word_1_119' title='bbox 343 1563 476 1634; x_wconf 71' lang='grc' dir='ltr'>περὶ</span> <span class='ocrx_word' id='word_1_120' title='bbox 522 1562 596 1616; x_wconf 85' lang='grc' dir='ltr'>τὰ</span> <span class='ocrx_word' id='word_1_121' title='bbox 639 1562 787 1632; x_wconf 81' lang='grc' dir='ltr'>μέσα</span> <span class='ocrx_word' id='word_1_122' title='bbox 819 1561 915 1616; x_wconf 91' lang='grc' dir='ltr'><strong>τοῦ</strong></span> <span class='ocrx_word' id='word_1_123' title='bbox 945 1563 1308 1636; x_wconf 72' lang='grc' dir='ltr'><strong>κηρύγματος</strong></span> <span class='ocrx_word' id='word_1_124' title='bbox 1329 1603 1345 1628; x_wconf 89' lang='grc'><strong>,</strong></span> <span class='ocrx_word' id='word_1_125' title='bbox 1384 1566 1423 1635; x_wconf 64' lang='grc' dir='ltr'>νὴ</span> <span class='ocrx_word' id='word_1_126' title='bbox 1458 1563 1514 1618; x_wconf 74' lang='grc' dir='ltr'>δὲ</span> <span class='ocrx_word' id='word_1_127' title='bbox 1561 1564 1713 1636; x_wconf 78' lang='grc' dir='ltr'>παρὰ</span> <span class='ocrx_word' id='word_1_128' title='bbox 1745 1561 1824 1633; x_wconf 79' lang='grc' dir='ltr'>τῷ</span> 
     </span>
    </p>
   </div>
   <div class='ocr_carea' id='block_1_17' title="bbox 209 1653 1823 1729">
    <p class='ocr_par' dir='ltr' id='par_1_17' title="bbox 209 1653 1823 1729">
     <span class='ocr_line' id='line_1_17' title="bbox 209 1653 1823 1729; baseline 0.001 -20"><span class='ocrx_word' id='word_1_129' title='bbox 209 1653 519 1726; x_wconf 73' lang='grc' dir='ltr'>Μπθαίφ,</span> <span class='ocrx_word' id='word_1_130' title='bbox 574 1655 714 1727; x_wconf 80' lang='grc' dir='ltr'>πρὸς</span> <span class='ocrx_word' id='word_1_131' title='bbox 761 1654 842 1727; x_wconf 82' lang='grc' dir='ltr'><strong>τῷ</strong></span> <span class='ocrx_word' id='word_1_132' title='bbox 896 1656 1076 1729; x_wconf 80' lang='grc' dir='ltr'>καιρῷ</span> <span class='ocrx_word' id='word_1_133' title='bbox 1118 1656 1213 1711; x_wconf 85' lang='grc' dir='ltr'><strong>τοῦ</strong></span> <span class='ocrx_word' id='word_1_134' title='bbox 1270 1658 1501 1721; x_wconf 68' lang='grc' dir='ltr'>πάθους.</span> <span class='ocrx_word' id='word_1_135' title='bbox 1550 1659 1659 1710; x_wconf 75' lang='grc' dir='ltr'><strong>Καὶ</strong></span> <span class='ocrx_word' id='word_1_136' title='bbox 1700 1656 1823 1711; x_wconf 70' lang='grc' dir='ltr'>οὐδὲ</span> 
     </span>
    </p>
   </div>
   <div class='ocr_carea' id='block_1_18' title="bbox 212 1746 1819 1821">
    <p class='ocr_par' dir='ltr' id='par_1_18' title="bbox 212 1746 1819 1821">
     <span class='ocr_line' id='line_1_18' title="bbox 212 1746 1819 1821; baseline 0.002 -21"><span class='ocrx_word' id='word_1_137' title='bbox 212 1746 395 1819; x_wconf 65' lang='grc' dir='ltr'><strong>Δπόρνη</strong></span> <span class='ocrx_word' id='word_1_138' title='bbox 410 1747 889 1820; x_wconf 70' lang='grc' dir='ltr'>ὁμολογουμένωςο</span> <span class='ocrx_word' id='word_1_139' title='bbox 920 1750 1251 1821; x_wconf 77' lang='grc' dir='ltr'><strong>ἀποδέχεται</strong></span> <span class='ocrx_word' id='word_1_140' title='bbox 1277 1750 1334 1804; x_wconf 74' lang='grc' dir='ltr'>δὲ</span> <span class='ocrx_word' id='word_1_141' title='bbox 1367 1751 1537 1821; x_wconf 75' lang='grc' dir='ltr'>αὐτῆς</span> <span class='ocrx_word' id='word_1_142' title='bbox 1556 1753 1584 1804; x_wconf 81' lang='grc' dir='ltr'><strong>ὁ</strong></span> <span class='ocrx_word' id='word_1_143' title='bbox 1612 1750 1819 1821; x_wconf 82' lang='grc' dir='ltr'>Κύριος</span> 
     </span>
    </p>
   </div>
   <div class='ocr_carea' id='block_1_19' title="bbox 210 1834 1824 1915">
    <p class='ocr_par' dir='ltr' id='par_1_19' title="bbox 210 1834 1824 1915">
     <span class='ocr_line' id='line_1_19' title="bbox 210 1834 1824 1915; baseline 0.003 -23"><span class='ocrx_word' id='word_1_144' title='bbox 210 1834 313 1911; x_wconf 71' lang='grc' dir='ltr'>τὴν</span> <span class='ocrx_word' id='word_1_145' title='bbox 338 1838 706 1913; x_wconf 72' lang='grc' dir='ltr'>προαίρεσιν,</span> <span class='ocrx_word' id='word_1_146' title='bbox 739 1839 815 1904; x_wconf 81' lang='grc' dir='ltr'>ὡς</span> <span class='ocrx_word' id='word_1_147' title='bbox 844 1842 1091 1898; x_wconf 84' lang='grc' dir='ltr'>τοσαῦτα</span> <span class='ocrx_word' id='word_1_148' title='bbox 1135 1843 1499 1915; x_wconf 78' lang='grc' dir='ltr'>ἁναλωσάσης</span> <span class='ocrx_word' id='word_1_149' title='bbox 1547 1844 1681 1914; x_wconf 81' lang='grc' dir='ltr'>περὶ</span> <span class='ocrx_word' id='word_1_150' title='bbox 1723 1845 1824 1915; x_wconf 83' lang='grc' dir='ltr'>τὴν</span> 
     </span>
    </p>
   </div>
   <div class='ocr_carea' id='block_1_20' title="bbox 1932 646 3548 720">
    <p class='ocr_par' dir='ltr' id='par_1_20' title="bbox 1932 646 3548 720">
     <span class='ocr_line' id='line_1_20' title="bbox 1932 646 3548 720; baseline 0.006 -20"><span class='ocrx_word' id='word_1_151' title='bbox 1932 646 2091 701; x_wconf 77' lang='lat' dir='ltr'><strong>didit.</strong></span> <span class='ocrx_word' id='word_1_152' title='bbox 2125 649 2194 701; x_wconf 79' lang='lat' dir='ltr'><strong>At</strong></span> <span class='ocrx_word' id='word_1_153' title='bbox 2218 665 2341 703; x_wconf 83' lang='lat' dir='ltr'><strong>cum</strong></span> <span class='ocrx_word' id='word_1_154' title='bbox 2368 650 2485 720; x_wconf 86' lang='lat' dir='ltr'><strong>ipse</strong></span> <span class='ocrx_word' id='word_1_155' title='bbox 2512 662 2660 708; x_wconf 90' lang='lat' dir='ltr'><strong>esset</strong></span> <span class='ocrx_word' id='word_1_156' title='bbox 2689 653 2742 705; x_wconf 91' lang='lat' dir='ltr'><strong>in</strong></span> <span class='ocrx_word' id='word_1_157' title='bbox 2776 650 3043 707; x_wconf 85' lang='lat' dir='ltr'><strong>Bethania</strong></span> <span class='ocrx_word' id='word_1_158' title='bbox 3079 654 3133 708; x_wconf 89' lang='lat' dir='ltr'><strong>in</strong></span> <span class='ocrx_word' id='word_1_159' title='bbox 3166 654 3330 708; x_wconf 86' lang='lat' dir='ltr'><strong>domn</strong></span> <span class='ocrx_word' id='word_1_160' title='bbox 3362 654 3548 709; x_wconf 86' lang='lat' dir='ltr'><strong>Simo-</strong></span> 
     </span>
    </p>
   </div>
   <div class='ocr_carea' id='block_1_21' title="bbox 1929 739 3547 817">
    <p class='ocr_par' dir='ltr' id='par_1_21' title="bbox 1929 739 3547 817">
     <span class='ocr_line' id='line_1_21' title="bbox 1929 739 3547 817; baseline 0.006 -23"><span class='ocrx_word' id='word_1_161' title='bbox 1929 739 2017 794; x_wconf 88' lang='lat' dir='ltr'><strong>nis</strong></span> <span class='ocrx_word' id='word_1_162' title='bbox 2067 740 2293 811; x_wconf 87' lang='lat' dir='ltr'><strong>Ieprosi,</strong></span> <span class='ocrx_word' id='word_1_163' title='bbox 2337 744 2488 800; x_wconf 80' lang='lat' dir='ltr'><strong>venit</strong></span> <span class='ocrx_word' id='word_1_164' title='bbox 2533 745 2753 801; x_wconf 82' lang='lat' dir='ltr'><strong>mulier.</strong></span> <span class='ocrx_word' id='word_1_165' title='bbox 2805 745 2870 801; x_wconf 89' lang='lat' dir='ltr'><strong>Et</strong></span> <span class='ocrx_word' id='word_1_166' title='bbox 2917 762 3160 817; x_wconf 84' lang='lat' dir='ltr'><strong>quatuor</strong></span> <span class='ocrx_word' id='word_1_167' title='bbox 3207 750 3547 804; x_wconf 71' lang='lat' dir='ltr'><strong>mentionem</strong></span> 
     </span>
    </p>
   </div>
   <div class='ocr_carea' id='block_1_22' title="bbox 1932 830 3538 908">
    <p class='ocr_par' dir='ltr' id='par_1_22' title="bbox 1932 830 3538 908">
     <span class='ocr_line' id='line_1_22' title="bbox 1932 830 3538 908; baseline 0.007 -25"><span class='ocrx_word' id='word_1_168' title='bbox 1932 830 2140 886; x_wconf 78' lang='lat' dir='ltr'><strong>faciunt</strong></span> <span class='ocrx_word' id='word_1_169' title='bbox 2173 836 2459 902; x_wconf 78' lang='lat' dir='ltr'><strong>unguenti,</strong></span> <span class='ocrx_word' id='word_1_170' title='bbox 2499 846 2555 891; x_wconf 90' lang='lat' dir='ltr'><strong>et</strong></span> <span class='ocrx_word' id='word_1_171' title='bbox 2589 838 2806 892; x_wconf 79' lang='lat' dir='ltr'><strong>videtur</strong></span> <span class='ocrx_word' id='word_1_172' title='bbox 2841 838 3172 908; x_wconf 84' lang='lat' dir='ltr'><strong>quihusdam</strong></span> <span class='ocrx_word' id='word_1_173' title='bbox 3218 856 3329 895; x_wconf 82' lang='lat' dir='ltr'><strong>una</strong></span> <span class='ocrx_word' id='word_1_174' title='bbox 3366 855 3538 897; x_wconf 70' lang='lat' dir='ltr'><strong>esse:</strong></span> 
     </span>
    </p>
   </div>
   <div class='ocr_carea' id='block_1_23' title="bbox 1932 926 3543 1004">
    <p class='ocr_par' dir='ltr' id='par_1_23' title="bbox 1932 926 3543 1004">
     <span class='ocr_line' id='line_1_23' title="bbox 1932 926 3543 1004; baseline 0.006 -25"><span class='ocrx_word' id='word_1_175' title='bbox 1932 941 2041 979; x_wconf 88' lang='lat' dir='ltr'><strong>non</strong></span> <span class='ocrx_word' id='word_1_176' title='bbox 2069 936 2251 979; x_wconf 85' lang='lat' dir='ltr'><strong>autem</strong></span> <span class='ocrx_word' id='word_1_177' title='bbox 2290 926 2363 980; x_wconf 79' lang='lat' dir='ltr'><strong>ita</strong></span> <span class='ocrx_word' id='word_1_178' title='bbox 2398 940 2504 991; x_wconf 84' lang='lat' dir='ltr'><strong>est,</strong></span> <span class='ocrx_word' id='word_1_179' title='bbox 2530 929 2626 985; x_wconf 85' lang='lat' dir='ltr'><strong>sed</strong></span> <span class='ocrx_word' id='word_1_180' title='bbox 2660 930 2779 984; x_wconf 69' lang='lat' dir='ltr'><strong>duae</strong></span> <span class='ocrx_word' id='word_1_181' title='bbox 2812 942 2962 987; x_wconf 88' lang='lat' dir='ltr'><strong>sunt.</strong></span> <span class='ocrx_word' id='word_1_182' title='bbox 3000 931 3118 988; x_wconf 89' lang='lat' dir='ltr'><strong>Una</strong></span> <span class='ocrx_word' id='word_1_183' title='bbox 3149 932 3394 1004; x_wconf 81' lang='lat' dir='ltr'><strong>quidem,</strong></span> <span class='ocrx_word' id='word_1_184' title='bbox 3420 950 3543 1003; x_wconf 84' lang='lat' dir='ltr'><strong>qme</strong></span> 
     </span>
    </p>
   </div>
   <div class='ocr_carea' id='block_1_24' title="bbox 1928 1015 3547 1094">
    <p class='ocr_par' dir='ltr' id='par_1_24' title="bbox 1928 1015 3547 1094">
     <span class='ocr_line' id='line_1_24' title="bbox 1928 1015 3547 1094; baseline 0.007 -23"><span class='ocrx_word' id='word_1_185' title='bbox 1928 1018 2072 1085; x_wconf 87' lang='lat' dir='ltr'><strong>apud</strong></span> <span class='ocrx_word' id='word_1_186' title='bbox 2122 1015 2419 1084; x_wconf 81' lang='lat' dir='ltr'><strong>Joannem,</strong></span> <span class='ocrx_word' id='word_1_187' title='bbox 2452 1036 2575 1091; x_wconf 76' lang='lat' dir='ltr'><strong>qua:</strong></span> <span class='ocrx_word' id='word_1_188' title='bbox 2658 1034 2711 1076; x_wconf 87' lang='lat' dir='ltr'><strong>et</strong></span> <span class='ocrx_word' id='word_1_189' title='bbox 2764 1022 2962 1079; x_wconf 69' lang='lat' dir='ltr'><strong>Lauri</strong></span> <span class='ocrx_word' id='word_1_190' title='bbox 3019 1041 3178 1081; x_wconf 80' lang='lat' dir='ltr'><strong>soror</strong></span> <span class='ocrx_word' id='word_1_191' title='bbox 3224 1038 3333 1094; x_wconf 88' lang='lat' dir='ltr'><strong>est,</strong></span> <span class='ocrx_word' id='word_1_192' title='bbox 3376 1030 3547 1084; x_wconf 84' lang='lat' dir='ltr'><strong>altera</strong></span> 
     </span>
    </p>
   </div>
   <div class='ocr_carea' id='block_1_25' title="bbox 1929 1116 3543 1186">
    <p class='ocr_par' dir='ltr' id='par_1_25' title="bbox 1929 1116 3543 1186">
     <span class='ocr_line' id='line_1_25' title="bbox 1929 1116 3543 1186; baseline 0.01 -22"><span class='ocrx_word' id='word_1_193' title='bbox 1929 1128 2052 1184; x_wconf 70' lang='lat' dir='ltr'><strong>quae</strong></span> <span class='ocrx_word' id='word_1_194' title='bbox 2084 1129 2114 1169; x_wconf 86' lang='lat' dir='ltr'><strong>a</strong></span> <span class='ocrx_word' id='word_1_195' title='bbox 2145 1116 2374 1186; x_wconf 77' lang='lat' dir='ltr'><strong>reliquis</strong></span> <span class='ocrx_word' id='word_1_196' title='bbox 2414 1121 2591 1172; x_wconf 85' lang='lat' dir='ltr'><strong>tribus</strong></span> <span class='ocrx_word' id='word_1_197' title='bbox 2630 1130 2987 1174; x_wconf 79' lang='lat' dir='ltr'><strong>memoratur.</strong></span> <span class='ocrx_word' id='word_1_198' title='bbox 3021 1120 3415 1178; x_wconf 84' lang='lat' dir='ltr'><strong>Verumtamen</strong></span> <span class='ocrx_word' id='word_1_199' title='bbox 3457 1134 3543 1180; x_wconf 86' lang='lat' dir='ltr'><strong>at-</strong></span> 
     </span>
    </p>
   </div>
   <div class='ocr_carea' id='block_1_26' title="bbox 1933 1208 3546 1286">
    <p class='ocr_par' dir='ltr' id='par_1_26' title="bbox 1933 1208 3546 1286">
     <span class='ocr_line' id='line_1_26' title="bbox 1933 1208 3546 1286; baseline 0.008 -27"><span class='ocrx_word' id='word_1_200' title='bbox 1933 1208 2093 1261; x_wconf 87' lang='lat' dir='ltr'><strong>tende</strong></span> <span class='ocrx_word' id='word_1_201' title='bbox 2145 1216 2200 1263; x_wconf 91' lang='lat' dir='ltr'><strong>et</strong></span> <span class='ocrx_word' id='word_1_202' title='bbox 2255 1209 2504 1266; x_wconf 84' lang='lat' dir='ltr'><strong>invenies</strong></span> <span class='ocrx_word' id='word_1_203' title='bbox 2533 1210 2678 1280; x_wconf 88' lang='lat' dir='ltr'><strong>quod</strong></span> <span class='ocrx_word' id='word_1_204' title='bbox 2741 1222 2854 1267; x_wconf 87' lang='lat' dir='ltr'><strong>tres</strong></span> <span class='ocrx_word' id='word_1_205' title='bbox 2899 1215 3035 1269; x_wconf 83' lang='lat' dir='ltr'><strong>sint.</strong></span> <span class='ocrx_word' id='word_1_206' title='bbox 3079 1215 3235 1286; x_wconf 82' lang='lat' dir='ltr'><strong>Apud</strong></span> <span class='ocrx_word' id='word_1_207' title='bbox 3271 1214 3546 1272; x_wconf 75' lang='lat' dir='ltr'><strong>Joannem</strong></span> 
     </span>
    </p>
   </div>
   <div class='ocr_carea' id='block_1_27' title="bbox 1930 1301 3549 1378">
    <p class='ocr_par' dir='ltr' id='par_1_27' title="bbox 1930 1301 3549 1378">
     <span class='ocr_line' id='line_1_27' title="bbox 1930 1301 3549 1378; baseline 0.011 -26"><span class='ocrx_word' id='word_1_208' title='bbox 1930 1301 2149 1371; x_wconf 89' lang='lat' dir='ltr'><strong>quidem</strong></span> <span class='ocrx_word' id='word_1_209' title='bbox 2189 1318 2326 1369; x_wconf 90' lang='lat' dir='ltr'><strong>una,</strong></span> <span class='ocrx_word' id='word_1_210' title='bbox 2361 1306 2505 1375; x_wconf 86' lang='lat' dir='ltr'><strong>apud</strong></span> <span class='ocrx_word' id='word_1_211' title='bbox 2540 1304 2740 1359; x_wconf 75' lang='lat' dir='ltr'><strong>Lucam</strong></span> <span class='ocrx_word' id='word_1_212' title='bbox 2776 1305 2906 1371; x_wconf 86' lang='lat' dir='ltr'><strong>alia,</strong></span> <span class='ocrx_word' id='word_1_213' title='bbox 2944 1319 2998 1362; x_wconf 86' lang='lat' dir='ltr'><strong>et</strong></span> <span class='ocrx_word' id='word_1_214' title='bbox 3049 1310 3190 1378; x_wconf 88' lang='lat' dir='ltr'><strong>apud</strong></span> <span class='ocrx_word' id='word_1_215' title='bbox 3224 1310 3377 1366; x_wconf 70' lang='lat' dir='ltr'><strong>duos</strong></span> <span class='ocrx_word' id='word_1_216' title='bbox 3427 1313 3549 1369; x_wconf 84' lang='lat' dir='ltr'><strong>illos</strong></span> 
     </span>
    </p>
   </div>
   <div class='ocr_carea' id='block_1_28' title="bbox 1930 1397 3550 1474">
    <p class='ocr_par' dir='ltr' id='par_1_28' title="bbox 1930 1397 3550 1474">
     <span class='ocr_line' id='line_1_28' title="bbox 1930 1397 3550 1474; baseline 0.007 -24"><span class='ocrx_word' id='word_1_217' title='bbox 1930 1397 2111 1452; x_wconf 88' lang='lat' dir='ltr'><strong>adhuc</strong></span> <span class='ocrx_word' id='word_1_218' title='bbox 2140 1414 2246 1452; x_wconf 91' lang='lat' dir='ltr'><strong>una</strong></span> <span class='ocrx_word' id='word_1_219' title='bbox 2278 1399 2408 1454; x_wconf 70' lang='lat' dir='ltr'><strong>alia.</strong></span> <span class='ocrx_word' id='word_1_220' title='bbox 2465 1400 2602 1455; x_wconf 73' lang='lat' dir='ltr'><strong>Nam</strong></span> <span class='ocrx_word' id='word_1_221' title='bbox 2642 1402 2730 1456; x_wconf 73' lang='lat' dir='ltr'><strong>illa</strong></span> <span class='ocrx_word' id='word_1_222' title='bbox 2765 1417 2889 1471; x_wconf 67' lang='lat' dir='ltr'><strong>quae</strong></span> <span class='ocrx_word' id='word_1_223' title='bbox 2943 1404 3086 1474; x_wconf 89' lang='lat' dir='ltr'><strong>apud</strong></span> <span class='ocrx_word' id='word_1_224' title='bbox 3129 1402 3335 1460; x_wconf 83' lang='lat' dir='ltr'><strong>Lucam</strong></span> <span class='ocrx_word' id='word_1_225' title='bbox 3371 1422 3550 1462; x_wconf 85' lang='lat' dir='ltr'><strong>mere-</strong></span> 
     </span>
    </p>
   </div>
   <div class='ocr_carea' id='block_1_29' title="bbox 1931 1490 3547 1563">
    <p class='ocr_par' dir='ltr' id='par_1_29' title="bbox 1931 1490 3547 1563">
     <span class='ocr_line' id='line_1_29' title="bbox 1931 1490 3547 1563; baseline 0.007 -20"><span class='ocrx_word' id='word_1_226' title='bbox 1931 1490 2039 1543; x_wconf 77' lang='lat' dir='ltr'><strong>trix</strong></span> <span class='ocrx_word' id='word_1_227' title='bbox 2092 1501 2235 1557; x_wconf 79' lang='lat' dir='ltr'><strong>erat,</strong></span> <span class='ocrx_word' id='word_1_228' title='bbox 2264 1491 2319 1545; x_wconf 91' lang='lat' dir='ltr'><strong>in</strong></span> <span class='ocrx_word' id='word_1_229' title='bbox 2351 1493 2532 1548; x_wconf 87' lang='lat' dir='ltr'><strong>medio</strong></span> <span class='ocrx_word' id='word_1_230' title='bbox 2581 1493 2991 1563; x_wconf 68' lang='lat' dir='ltr'><strong>pmditzationis</strong></span> <span class='ocrx_word' id='word_1_231' title='bbox 3038 1495 3246 1552; x_wconf 88' lang='lat' dir='ltr'><strong>Christi</strong></span> <span class='ocrx_word' id='word_1_232' title='bbox 3278 1496 3345 1551; x_wconf 84' lang='lat' dir='ltr'><strong>ad</strong></span> <span class='ocrx_word' id='word_1_233' title='bbox 3380 1497 3547 1554; x_wconf 82' lang='lat' dir='ltr'><strong>Chri-</strong></span> 
     </span>
    </p>
   </div>
   <div class='ocr_carea' id='block_1_30' title="bbox 1934 1580 3545 1658">
    <p class='ocr_par' dir='ltr' id='par_1_30' title="bbox 1934 1580 3545 1658">
     <span class='ocr_line' id='line_1_30' title="bbox 1934 1580 3545 1658; baseline 0.006 -22"><span class='ocrx_word' id='word_1_234' title='bbox 1934 1589 2079 1636; x_wconf 71' lang='lat' dir='ltr'><strong>stum</strong></span> <span class='ocrx_word' id='word_1_235' title='bbox 2112 1586 2261 1638; x_wconf 82' lang='lat' dir='ltr'><strong>venit</strong></span> <span class='ocrx_word' id='word_1_236' title='bbox 2290 1601 2303 1638; x_wconf 90' lang='lat'><strong>:</strong></span> <span class='ocrx_word' id='word_1_237' title='bbox 2330 1600 2452 1652; x_wconf 74' lang='lat' dir='ltr'><strong>qua:</strong></span> <span class='ocrx_word' id='word_1_238' title='bbox 2491 1586 2633 1653; x_wconf 88' lang='lat' dir='ltr'><strong>apud</strong></span> <span class='ocrx_word' id='word_1_239' title='bbox 2670 1584 3010 1652; x_wconf 70' lang='lat' dir='ltr'><strong>Matthzemn,</strong></span> <span class='ocrx_word' id='word_1_240' title='bbox 3045 1580 3288 1658; x_wconf 60' lang='lat' dir='ltr'><strong>tet-{pore</strong></span> <span class='ocrx_word' id='word_1_241' title='bbox 3328 1590 3545 1658; x_wconf 78' lang='lat' dir='ltr'><strong>passio-</strong></span> 
     </span>
    </p>
   </div>
   <div class='ocr_carea' id='block_1_31' title="bbox 1931 1673 3544 1739">
    <p class='ocr_par' dir='ltr' id='par_1_31' title="bbox 1931 1673 3544 1739">
     <span class='ocr_line' id='line_1_31' title="bbox 1931 1673 3544 1739; baseline 0.007 -12"><span class='ocrx_word' id='word_1_242' title='bbox 1931 1673 2039 1737; x_wconf 88' lang='lat' dir='ltr'><strong>nis,</strong></span> <span class='ocrx_word' id='word_1_243' title='bbox 2064 1683 2120 1729; x_wconf 93' lang='lat' dir='ltr'><strong>et</strong></span> <span class='ocrx_word' id='word_1_244' title='bbox 2154 1690 2260 1729; x_wconf 88' lang='lat' dir='ltr'><strong>non</strong></span> <span class='ocrx_word' id='word_1_245' title='bbox 2296 1677 2501 1732; x_wconf 85' lang='lat' dir='ltr'><strong>dicitur</strong></span> <span class='ocrx_word' id='word_1_246' title='bbox 2532 1678 2816 1733; x_wconf 76' lang='lat' dir='ltr'><strong>meretrix.</strong></span> <span class='ocrx_word' id='word_1_247' title='bbox 2844 1677 3047 1733; x_wconf 81' lang='lat' dir='ltr'><strong>[’rohut</strong></span> <span class='ocrx_word' id='word_1_248' title='bbox 3077 1687 3262 1736; x_wconf 87' lang='lat' dir='ltr'><strong>autem</strong></span> <span class='ocrx_word' id='word_1_249' title='bbox 3288 1682 3544 1739; x_wconf 73' lang='lat' dir='ltr'><strong>Christus</strong></span> 
     </span>
    </p>
   </div>
   <div class='ocr_carea' id='block_1_32' title="bbox 1929 1766 3539 1841">
    <p class='ocr_par' dir='ltr' id='par_1_32' title="bbox 1929 1766 3539 1841">
     <span class='ocr_line' id='line_1_32' title="bbox 1929 1766 3539 1841; baseline 0.006 -22"><span class='ocrx_word' id='word_1_250' title='bbox 1929 1767 2049 1836; x_wconf 88' lang='lat' dir='ltr'><strong>ejus</strong></span> <span class='ocrx_word' id='word_1_251' title='bbox 2080 1766 2444 1836; x_wconf 79' lang='lat' dir='ltr'><strong>voluntatem,</strong></span> <span class='ocrx_word' id='word_1_252' title='bbox 2470 1769 2617 1841; x_wconf 86' lang='lat' dir='ltr'><strong>quod</strong></span> <span class='ocrx_word' id='word_1_253' title='bbox 2654 1780 2802 1825; x_wconf 78' lang='lat' dir='ltr'><strong>tanta</strong></span> <span class='ocrx_word' id='word_1_254' title='bbox 2827 1773 3154 1841; x_wconf 78' lang='lat' dir='ltr'><strong>expcuderit</strong></span> <span class='ocrx_word' id='word_1_255' title='bbox 3190 1773 3244 1827; x_wconf 90' lang='lat' dir='ltr'><strong>in</strong></span> <span class='ocrx_word' id='word_1_256' title='bbox 3274 1775 3539 1830; x_wconf 82' lang='lat' dir='ltr'><strong>nardum.</strong></span> 
     </span>
    </p>
   </div>
   <div class='ocr_carea' id='block_1_33' title="bbox 1931 1854 3544 1937">
    <p class='ocr_par' dir='ltr' id='par_1_33' title="bbox 1931 1854 3544 1937">
     <span class='ocr_line' id='line_1_33' title="bbox 1931 1854 3544 1937; baseline 0.009 -27"><span class='ocrx_word' id='word_1_257' title='bbox 1931 1854 2009 1911; x_wconf 86' lang='lat' dir='ltr'><strong>De</strong></span> <span class='ocrx_word' id='word_1_258' title='bbox 2046 1858 2221 1912; x_wconf 82' lang='lat' dir='ltr'><strong>nardo</strong></span> <span class='ocrx_word' id='word_1_259' title='bbox 2254 1860 2454 1930; x_wconf 85' lang='lat' dir='ltr'><strong>pistica</strong></span> <span class='ocrx_word' id='word_1_260' title='bbox 2500 1863 2647 1917; x_wconf 83' lang='lat' dir='ltr'><strong>scias</strong></span> <span class='ocrx_word' id='word_1_261' title='bbox 2694 1863 2841 1933; x_wconf 87' lang='lat' dir='ltr'><strong>quod</strong></span> <span class='ocrx_word' id='word_1_262' title='bbox 2890 1874 2976 1919; x_wconf 88' lang='lat' dir='ltr'><strong>est</strong></span> <span class='ocrx_word' id='word_1_263' title='bbox 3025 1867 3241 1934; x_wconf 83' lang='lat' dir='ltr'><strong>species</strong></span> <span class='ocrx_word' id='word_1_264' title='bbox 3291 1869 3544 1937; x_wconf 69' lang='lat' dir='ltr'><strong>quaedam</strong></span> 
     </span>
    </p>
   </div>
   <div class='ocr_carea' id='block_1_34' title="bbox 211 1912 1818 2028">
    <p class='ocr_par' dir='ltr' id='par_1_34' title="bbox 211 1912 1818 2008">
     <span class='ocr_line' id='line_1_34' title="bbox 211 1912 1818 2008; baseline 0.002 -23"><span class='ocrx_word' id='word_1_265' title='bbox 211 1934 430 2002; x_wconf 78' lang='grc' dir='ltr'>νάρδον.</span> <span class='ocrx_word' id='word_1_266' title='bbox 460 1912 734 2007; x_wconf 77' lang='grc' dir='ltr'>Πιστικὴν</span> <span class='ocrx_word' id='word_1_267' title='bbox 758 1933 816 1988; x_wconf 71' lang='grc' dir='ltr'>δι</span> <span class='ocrx_word' id='word_1_268' title='bbox 852 1933 1051 2008; x_wconf 82' lang='grc' dir='ltr'>νάρδον</span> <span class='ocrx_word' id='word_1_269' title='bbox 1086 1935 1219 2000; x_wconf 80' lang='grc' dir='ltr'>νόει,</span> <span class='ocrx_word' id='word_1_270' title='bbox 1257 1936 1380 2006; x_wconf 70' lang='grc' dir='ltr'>ἦτοι</span> <span class='ocrx_word' id='word_1_271' title='bbox 1420 1912 1563 2000; x_wconf 67' lang='lat' dir='ltr'><strong>sieo;</strong></span> <span class='ocrx_word' id='word_1_272' title='bbox 1598 1912 1818 2006; x_wconf 81' lang='grc' dir='ltr'>νάρδου,</span> 
     </span>
    </p>
   </div>
   <div class='ocr_carea' id='block_1_35' title="bbox 1925 1912 3546 2028">
    <p class='ocr_par' dir='ltr' id='par_1_35' title="bbox 1929 1912 3546 2028">
     <span class='ocr_line' id='line_1_35' title="bbox 2254 1912 3544 1937; baseline 0.006 -8"><span class='ocrx_word' id='word_1_273' title='bbox 2254 1912 2275 1930; x_wconf 73' lang='lat' dir='ltr'>r</span> <span class='ocrx_word' id='word_1_274' title='bbox 2313 1912 2453 1917; x_wconf 45' lang='grc' dir='ltr'><strong>*νίν-</strong></span> <span class='ocrx_word' id='word_1_275' title='bbox 2500 1912 2643 1917; x_wconf 65' lang='lat'><strong>&quot;&quot;&quot;</strong></span> <span class='ocrx_word' id='word_1_276' title='bbox 2699 1912 2841 1933; x_wconf 71' lang='lat'><strong>1&quot;“</strong></span> <span class='ocrx_word' id='word_1_277' title='bbox 2895 1912 2975 1919; x_wconf 75' lang='lat'><em>“‘</em></span> <span class='ocrx_word' id='word_1_278' title='bbox 3025 1912 3241 1934; x_wconf 75' lang='lat' dir='ltr'><strong>&#39;l&#39;&quot;&quot;&#39;</strong></span> <span class='ocrx_word' id='word_1_279' title='bbox 3293 1912 3544 1937; x_wconf 68' lang='lat' dir='ltr'><strong>‘I&#39;“&#39;&quot;&quot;&quot;&#39;</strong></span> 
     </span>
     <span class='ocr_line' id='line_1_36' title="bbox 1929 1950 3546 2028; baseline 0.007 -23"><span class='ocrx_word' id='word_1_280' title='bbox 1929 1950 2083 2011; x_wconf 76' lang='lat' dir='ltr'><strong>nardi</strong></span> <span class='ocrx_word' id='word_1_281' title='bbox 2114 1966 2239 2021; x_wconf 78' lang='lat' dir='ltr'><strong>qua:</strong></span> <span class='ocrx_word' id='word_1_282' title='bbox 2271 1952 2467 2022; x_wconf 86' lang='lat' dir='ltr'><strong>pistica</strong></span> <span class='ocrx_word' id='word_1_283' title='bbox 2510 1955 2750 2019; x_wconf 76' lang='lat' dir='ltr'><strong>dicatur,</strong></span> <span class='ocrx_word' id='word_1_284' title='bbox 2795 1956 2878 2012; x_wconf 86' lang='lat' dir='ltr'><strong>vel</strong></span> <span class='ocrx_word' id='word_1_285' title='bbox 2925 1959 3072 2028; x_wconf 90' lang='lat' dir='ltr'><strong>quod</strong></span> <span class='ocrx_word' id='word_1_286' title='bbox 3118 1960 3337 2015; x_wconf 79' lang='lat' dir='ltr'><strong>sincera</strong></span> <span class='ocrx_word' id='word_1_287' title='bbox 3368 1960 3461 2027; x_wconf 86' lang='lat' dir='ltr'><strong>sit,</strong></span> <span class='ocrx_word' id='word_1_288' title='bbox 3488 1972 3546 2017; x_wconf 88' lang='lat' dir='ltr'><strong>et</strong></span> 
     </span>
    </p>
   </div>
   <div class='ocr_carea' id='block_1_36' title="bbox 209 2026 1824 2103">
    <p class='ocr_par' dir='ltr' id='par_1_36' title="bbox 209 2026 1824 2103">
     <span class='ocr_line' id='line_1_37' title="bbox 209 2026 1824 2103; baseline 0.002 -20"><span class='ocrx_word' id='word_1_289' title='bbox 209 2027 357 2083; x_wconf 76' lang='grc' dir='ltr'>οὕτω</span> <span class='ocrx_word' id='word_1_290' title='bbox 383 2027 691 2100; x_wconf 72' lang='grc' dir='ltr'>λεγόμενον</span> <span class='ocrx_word' id='word_1_291' title='bbox 715 2030 967 2103; x_wconf 75' lang='grc' dir='ltr'>πιστικη,</span> <span class='ocrx_word' id='word_1_292' title='bbox 1006 2030 1040 2102; x_wconf 72' lang='grc' dir='ltr'>ἢ</span> <span class='ocrx_word' id='word_1_293' title='bbox 1092 2029 1191 2103; x_wconf 79' lang='grc' dir='ltr'>τὴν</span> <span class='ocrx_word' id='word_1_294' title='bbox 1235 2026 1428 2085; x_wconf 77' lang='grc' dir='ltr'>ἄδολον</span> <span class='ocrx_word' id='word_1_295' title='bbox 1472 2032 1693 2103; x_wconf 79' lang='grc' dir='ltr'>νάρδον,</span> <span class='ocrx_word' id='word_1_296' title='bbox 1728 2034 1824 2086; x_wconf 75' lang='grc' dir='ltr'>καὶ</span> 
     </span>
    </p>
   </div>
   <div class='ocr_carea' id='block_1_37' title="bbox 210 2119 1824 2193">
    <p class='ocr_par' dir='ltr' id='par_1_37' title="bbox 210 2119 1824 2193">
     <span class='ocr_line' id='line_1_38' title="bbox 210 2119 1824 2193; baseline 0.002 -18"><span class='ocrx_word' id='word_1_297' title='bbox 210 2121 356 2193; x_wconf 61' lang='grc' dir='ltr'>μετὰ</span> <span class='ocrx_word' id='word_1_298' title='bbox 414 2119 657 2186; x_wconf 75' lang='grc' dir='ltr'>πίστεως</span> <span class='ocrx_word' id='word_1_299' title='bbox 710 2122 1291 2186; x_wconf 68' lang='grc' dir='ltr'><strong>κατασκευασθεῖσαν.</strong></span> <span class='ocrx_word' id='word_1_300' title='bbox 1325 2119 1514 2177; x_wconf 81' lang='grc' dir='ltr'>Ἶισαν</span> <span class='ocrx_word' id='word_1_301' title='bbox 1566 2124 1624 2178; x_wconf 73' lang='grc' dir='ltr'><strong><em>δέ</em></strong></span> <span class='ocrx_word' id='word_1_302' title='bbox 1677 2142 1824 2190; x_wconf 68' lang='grc' dir='ltr'>τινες</span> 
     </span>
    </p>
   </div>
   <div class='ocr_carea' id='block_1_38' title="bbox 211 2211 1823 2288">
    <p class='ocr_par' dir='ltr' id='par_1_38' title="bbox 211 2211 1823 2288">
     <span class='ocr_line' id='line_1_39' title="bbox 211 2211 1823 2288; baseline 0.002 -21"><span class='ocrx_word' id='word_1_303' title='bbox 211 2211 682 2283; x_wconf 84' lang='grc' dir='ltr'>αγανακτοῦντες.</span> <span class='ocrx_word' id='word_1_304' title='bbox 728 2213 787 2269; x_wconf 89' lang='lat'><strong>&#39;0</strong></span> <span class='ocrx_word' id='word_1_305' title='bbox 838 2215 898 2270; x_wconf 76' lang='grc' dir='ltr'><strong>δι</strong></span> <span class='ocrx_word' id='word_1_306' title='bbox 942 2214 1223 2286; x_wconf 76' lang='grc' dir='ltr'>Ἰωάννης,</span> <span class='ocrx_word' id='word_1_307' title='bbox 1276 2217 1371 2270; x_wconf 72' lang='grc' dir='ltr'><strong>τὸν</strong></span> <span class='ocrx_word' id='word_1_308' title='bbox 1418 2215 1623 2271; x_wconf 76' lang='grc' dir='ltr'>Ἰούδαν</span> <span class='ocrx_word' id='word_1_309' title='bbox 1650 2218 1823 2288; x_wconf 80' lang='grc' dir='ltr'>φησὶν</span> 
     </span>
    </p>
   </div>
   <div class='ocr_carea' id='block_1_39' title="bbox 210 2303 1823 2380">
    <p class='ocr_par' dir='ltr' id='par_1_39' title="bbox 210 2303 1823 2380">
     <span class='ocr_line' id='line_1_40' title="bbox 210 2303 1823 2380; baseline 0 -18"><span class='ocrx_word' id='word_1_310' title='bbox 210 2306 621 2378; x_wconf 74' lang='grc' dir='ltr'>ἀγανακτῆσαι.</span> <span class='ocrx_word' id='word_1_311' title='bbox 652 2307 814 2373; x_wconf 73' lang='grc' dir='ltr'>Εἰκὸς</span> <span class='ocrx_word' id='word_1_312' title='bbox 834 2303 930 2362; x_wconf 81' lang='grc' dir='ltr'>οὖν</span> <span class='ocrx_word' id='word_1_313' title='bbox 961 2308 1056 2364; x_wconf 75' lang='grc' dir='ltr'>καὶ</span> <span class='ocrx_word' id='word_1_314' title='bbox 1082 2310 1209 2373; x_wconf 81' lang='grc' dir='ltr'>τοὺς</span> <span class='ocrx_word' id='word_1_315' title='bbox 1238 2308 1431 2373; x_wconf 72' lang='grc' dir='ltr'>ἄλλους</span> <span class='ocrx_word' id='word_1_316' title='bbox 1463 2310 1563 2380; x_wconf 73' lang='grc' dir='ltr'><strong>μιν</strong></span> <span class='ocrx_word' id='word_1_317' title='bbox 1586 2309 1823 2363; x_wconf 71' lang='lat' dir='ltr'><strong>tinos-rd-</strong></span> 
     </span>
    </p>
   </div>
   <div class='ocr_carea' id='block_1_40' title="bbox 206 2397 1821 2472">
    <p class='ocr_par' dir='ltr' id='par_1_40' title="bbox 206 2397 1821 2472">
     <span class='ocr_line' id='line_1_41' title="bbox 206 2397 1821 2472; baseline 0.002 -20"><span class='ocrx_word' id='word_1_318' title='bbox 206 2397 336 2462; x_wconf 85' lang='grc' dir='ltr'>λους</span> <span class='ocrx_word' id='word_1_319' title='bbox 377 2397 706 2471; x_wconf 71' lang='grc' dir='ltr'>μέμψασθαι</span> <span class='ocrx_word' id='word_1_320' title='bbox 750 2400 848 2472; x_wconf 77' lang='grc' dir='ltr'>τὴν</span> <span class='ocrx_word' id='word_1_321' title='bbox 892 2403 1154 2470; x_wconf 77' lang='grc' dir='ltr'>γυναῖκα,</span> <span class='ocrx_word' id='word_1_322' title='bbox 1202 2403 1279 2466; x_wconf 82' lang='grc' dir='ltr'><strong>ὡς</strong></span> <span class='ocrx_word' id='word_1_323' title='bbox 1323 2403 1673 2466; x_wconf 69' lang='grc' dir='ltr'>ἀκούσαντας</span> <span class='ocrx_word' id='word_1_324' title='bbox 1724 2402 1821 2457; x_wconf 86' lang='grc' dir='ltr'><strong>τοῦ</strong></span> 
     </span>
    </p>
   </div>
   <div class='ocr_carea' id='block_1_41' title="bbox 212 2492 1825 2568">
    <p class='ocr_par' dir='ltr' id='par_1_41' title="bbox 212 2492 1825 2568">
     <span class='ocr_line' id='line_1_42' title="bbox 212 2492 1825 2568; baseline 0.004 -24"><span class='ocrx_word' id='word_1_325' title='bbox 212 2492 455 2563; x_wconf 70' lang='grc' dir='ltr'>Χριστοῦ</span> <span class='ocrx_word' id='word_1_326' title='bbox 520 2493 609 2547; x_wconf 74' lang='grc' dir='ltr'><strong>ἀεὶ</strong></span> <span class='ocrx_word' id='word_1_327' title='bbox 658 2494 791 2564; x_wconf 78' lang='grc' dir='ltr'>περὶ</span> <span class='ocrx_word' id='word_1_328' title='bbox 854 2494 1234 2568; x_wconf 75' lang='grc' dir='ltr'>ὲλιημοσύνης</span> <span class='ocrx_word' id='word_1_329' title='bbox 1296 2496 1650 2560; x_wconf 77' lang='grc' dir='ltr'>διδάσκοντος</span> <span class='ocrx_word' id='word_1_330' title='bbox 1674 2537 1693 2564; x_wconf 93' lang='grc'><strong>,</strong></span> <span class='ocrx_word' id='word_1_331' title='bbox 1732 2499 1825 2550; x_wconf 80' lang='grc' dir='ltr'>τὸν</span> 
     </span>
    </p>
   </div>
   <div class='ocr_carea' id='block_1_42' title="bbox 215 2584 1823 2660">
    <p class='ocr_par' dir='ltr' id='par_1_42' title="bbox 215 2584 1823 2660">
     <span class='ocr_line' id='line_1_43' title="bbox 215 2584 1823 2660; baseline 0.003 -22"><span class='ocrx_word' id='word_1_332' title='bbox 215 2585 407 2655; x_wconf 72' lang='grc' dir='ltr'>μέντοι</span> <span class='ocrx_word' id='word_1_333' title='bbox 449 2584 679 2652; x_wconf 81' lang='grc' dir='ltr'>Ἰούδαν,</span> <span class='ocrx_word' id='word_1_334' title='bbox 702 2586 763 2640; x_wconf 84' lang='grc' dir='ltr'><strong>ού</strong></span> <span class='ocrx_word' id='word_1_335' title='bbox 798 2585 879 2656; x_wconf 79' lang='grc' dir='ltr'>τῷ</span> <span class='ocrx_word' id='word_1_336' title='bbox 905 2588 1060 2659; x_wconf 86' lang='grc' dir='ltr'>αύτῷ</span> <span class='ocrx_word' id='word_1_337' title='bbox 1094 2587 1287 2660; x_wconf 80' lang='grc' dir='ltr'>σκοπῷ</span> <span class='ocrx_word' id='word_1_338' title='bbox 1323 2587 1468 2644; x_wconf 71' lang='grc' dir='ltr'>κατὰ</span> <span class='ocrx_word' id='word_1_339' title='bbox 1505 2588 1608 2660; x_wconf 77' lang='grc' dir='ltr'>τῆς</span> <span class='ocrx_word' id='word_1_340' title='bbox 1630 2606 1823 2657; x_wconf 89' lang='grc' dir='ltr'>γυναι-</span> 
     </span>
    </p>
   </div>
   <div class='ocr_carea' id='block_1_43' title="bbox 210 2679 1820 2755">
    <p class='ocr_par' dir='ltr' id='par_1_43' title="bbox 210 2679 1820 2755">
     <span class='ocr_line' id='line_1_44' title="bbox 210 2679 1820 2755; baseline 0.002 -22"><span class='ocrx_word' id='word_1_341' title='bbox 210 2681 307 2742; x_wconf 58' lang='grc' dir='ltr'><strong>κὸς</strong></span> <span class='ocrx_word' id='word_1_342' title='bbox 332 2681 744 2750; x_wconf 78' lang='grc' dir='ltr'>ἀγανακτῆσαι,</span> <span class='ocrx_word' id='word_1_343' title='bbox 771 2679 911 2734; x_wconf 81' lang='grc' dir='ltr'><strong>ἀλλὰ</strong></span> <span class='ocrx_word' id='word_1_344' title='bbox 929 2680 1020 2734; x_wconf 79' lang='grc' dir='ltr'><strong>διά</strong></span> <span class='ocrx_word' id='word_1_345' title='bbox 1038 2682 1100 2736; x_wconf 85' lang='grc' dir='ltr'>τὸ</span> <span class='ocrx_word' id='word_1_346' title='bbox 1118 2680 1460 2754; x_wconf 72' lang='grc' dir='ltr'>φιλάργυρον</span> <span class='ocrx_word' id='word_1_347' title='bbox 1482 2684 1578 2737; x_wconf 57' lang='grc' dir='ltr'><strong>καὶ⁸</strong></span> <span class='ocrx_word' id='word_1_348' title='bbox 1597 2683 1820 2755; x_wconf 82' lang='grc' dir='ltr'>αἰσχρο-</span> 
     </span>
    </p>
   </div>
   <div class='ocr_carea' id='block_1_44' title="bbox 212 2770 1825 2847">
    <p class='ocr_par' dir='ltr' id='par_1_44' title="bbox 212 2770 1825 2847">
     <span class='ocr_line' id='line_1_45' title="bbox 212 2770 1825 2847; baseline 0.002 -19"><span class='ocrx_word' id='word_1_349' title='bbox 212 2773 407 2845; x_wconf 83' lang='grc' dir='ltr'>κερδὲς</span> <span class='ocrx_word' id='word_1_350' title='bbox 431 2774 623 2829; x_wconf 80' lang='grc' dir='ltr'>αὑτοῦ.</span> <span class='ocrx_word' id='word_1_351' title='bbox 652 2774 754 2829; x_wconf 82' lang='grc' dir='ltr'><strong>Διὰ</strong></span> <span class='ocrx_word' id='word_1_352' title='bbox 782 2775 941 2830; x_wconf 87' lang='grc' dir='ltr'>τοῦτο</span> <span class='ocrx_word' id='word_1_353' title='bbox 968 2770 1063 2829; x_wconf 81' lang='grc' dir='ltr'>οὖν</span> <span class='ocrx_word' id='word_1_354' title='bbox 1091 2779 1186 2829; x_wconf 81' lang='grc' dir='ltr'>καὶ</span> <span class='ocrx_word' id='word_1_355' title='bbox 1218 2777 1471 2847; x_wconf 78' lang='grc' dir='ltr'>Ἰωάννης</span> <span class='ocrx_word' id='word_1_356' title='bbox 1500 2775 1691 2831; x_wconf 80' lang='grc' dir='ltr'>τούτου</span> <span class='ocrx_word' id='word_1_357' title='bbox 1726 2777 1825 2847; x_wconf 73' lang='grc' dir='ltr'>μό-</span> 
     </span>
    </p>
   </div>
   <div class='ocr_carea' id='block_1_45' title="bbox 213 2866 1817 2941">
    <p class='ocr_par' dir='ltr' id='par_1_45' title="bbox 213 2866 1817 2941">
     <span class='ocr_line' id='line_1_46' title="bbox 213 2866 1817 2941; baseline 0.001 -20"><span class='ocrx_word' id='word_1_358' title='bbox 213 2883 308 2921; x_wconf 84' lang='grc' dir='ltr'><strong>νου</strong></span> <span class='ocrx_word' id='word_1_359' title='bbox 343 2866 706 2939; x_wconf 71' lang='grc' dir='ltr'><strong>μνημονεύει,</strong></span> <span class='ocrx_word' id='word_1_360' title='bbox 732 2868 805 2931; x_wconf 85' lang='grc' dir='ltr'>ὼς</span> <span class='ocrx_word' id='word_1_361' title='bbox 836 2867 1045 2939; x_wconf 79' lang='grc' dir='ltr'>δολερῷ</span> <span class='ocrx_word' id='word_1_362' title='bbox 1076 2868 1268 2940; x_wconf 86' lang='grc' dir='ltr'>σκοπῷ</span> <span class='ocrx_word' id='word_1_363' title='bbox 1312 2869 1680 2941; x_wconf 71' lang='grc' dir='ltr'>μεμψαμένου</span> <span class='ocrx_word' id='word_1_364' title='bbox 1716 2870 1817 2941; x_wconf 83' lang='grc' dir='ltr'>τὴν</span> 
     </span>
    </p>
   </div>
   <div class='ocr_carea' id='block_1_46' title="bbox 212 2956 1819 3029">
    <p class='ocr_par' dir='ltr' id='par_1_46' title="bbox 212 2956 1819 3029">
     <span class='ocr_line' id='line_1_47' title="bbox 212 2956 1819 3029; baseline 0 -17"><span class='ocrx_word' id='word_1_365' title='bbox 212 2958 483 3027; x_wconf 73' lang='grc' dir='ltr'>γυναῖκα.</span> <span class='ocrx_word' id='word_1_366' title='bbox 518 2957 629 3013; x_wconf 74' lang='grc' dir='ltr'><strong>Καὶ</strong></span> <span class='ocrx_word' id='word_1_367' title='bbox 652 2956 1031 3028; x_wconf 78' lang='grc' dir='ltr'>ἐνεσριμῶντο</span> <span class='ocrx_word' id='word_1_368' title='bbox 1076 2958 1241 3029; x_wconf 77' lang='grc' dir='ltr'>αὐτῇ,</span> <span class='ocrx_word' id='word_1_369' title='bbox 1274 2958 1556 3012; x_wconf 73' lang='grc' dir='ltr'>τουτέστιν</span> <span class='ocrx_word' id='word_1_370' title='bbox 1605 2959 1819 3029; x_wconf 71' lang='grc' dir='ltr'>ἠγανά-</span> 
     </span>
    </p>
   </div>
   <div class='ocr_carea' id='block_1_47' title="bbox 211 3049 1245 3125">
    <p class='ocr_par' dir='ltr' id='par_1_47' title="bbox 211 3049 1245 3125">
     <span class='ocr_line' id='line_1_48' title="bbox 211 3049 1245 3125; baseline 0.001 -20"><span class='ocrx_word' id='word_1_371' title='bbox 211 3067 401 3118; x_wconf 80' lang='grc' dir='ltr'>κτουν,</span> <span class='ocrx_word' id='word_1_372' title='bbox 423 3049 676 3122; x_wconf 74' lang='grc' dir='ltr'>ῦῦριζον,</span> <span class='ocrx_word' id='word_1_373' title='bbox 704 3051 1058 3123; x_wconf 72' lang='grc' dir='ltr'>ὲπέπληκτον</span> <span class='ocrx_word' id='word_1_374' title='bbox 1083 3052 1245 3125; x_wconf 72' lang='grc' dir='ltr'>αὐτῇ.</span> 
     </span>
    </p>
   </div>
   <div class='ocr_carea' id='block_1_48' title="bbox 284 3201 1821 3281">
    <p class='ocr_par' dir='ltr' id='par_1_48' title="bbox 284 3201 1821 3281">
     <span class='ocr_line' id='line_1_49' title="bbox 284 3201 1821 3281; baseline 0 -20"><span class='ocrx_word' id='word_1_375' title='bbox 284 3227 306 3261; x_wconf 72' lang='grc' dir='ltr'><strong>ι</strong></span> <span class='ocrx_word' id='word_1_376' title='bbox 375 3212 421 3263; x_wconf 87' lang='grc'><strong>0</strong></span> <span class='ocrx_word' id='word_1_377' title='bbox 448 3208 507 3263; x_wconf 65' lang='grc' dir='ltr'>δὲ</span> <span class='ocrx_word' id='word_1_378' title='bbox 552 3207 763 3281; x_wconf 82' lang='grc' dir='ltr'>Ἰησοῦς</span> <span class='ocrx_word' id='word_1_379' title='bbox 787 3201 962 3263; x_wconf 81' lang='grc' dir='ltr'>εἶπεν·</span> <span class='ocrx_word' id='word_1_380' title='bbox 997 3209 1199 3279; x_wconf 72' lang='grc' dir='ltr'>Ἄφετε</span> <span class='ocrx_word' id='word_1_381' title='bbox 1231 3208 1423 3279; x_wconf 71' lang='grc' dir='ltr'>αὐτὴν.</span> <span class='ocrx_word' id='word_1_382' title='bbox 1444 3209 1509 3262; x_wconf 79' lang='grc' dir='ltr'><strong>Τί</strong></span> <span class='ocrx_word' id='word_1_383' title='bbox 1543 3208 1681 3280; x_wconf 76' lang='grc' dir='ltr'>αὐτῇ</span> <span class='ocrx_word' id='word_1_384' title='bbox 1730 3209 1821 3261; x_wconf 83' lang='grc' dir='ltr'>κό-</span> 
     </span>
    </p>
   </div>
   <div class='ocr_carea' id='block_1_49' title="bbox 211 3294 1814 3375">
    <p class='ocr_par' dir='ltr' id='par_1_49' title="bbox 211 3294 1814 3375">
     <span class='ocr_line' id='line_1_50' title="bbox 211 3294 1814 3375; baseline -0.002 -18"><span class='ocrx_word' id='word_1_385' title='bbox 211 3320 349 3366; x_wconf 83' lang='grc' dir='ltr'>πους</span> <span class='ocrx_word' id='word_1_386' title='bbox 395 3302 706 3374; x_wconf 69' lang='grc' dir='ltr'>παρίχετες</span> <span class='ocrx_word' id='word_1_387' title='bbox 745 3294 931 3357; x_wconf 79' lang='grc' dir='ltr'>Καλὸν</span> <span class='ocrx_word' id='word_1_388' title='bbox 990 3301 1153 3375; x_wconf 70' lang='grc' dir='ltr'>ἔργον</span> <span class='ocrx_word' id='word_1_389' title='bbox 1198 3302 1498 3371; x_wconf 70' lang='grc' dir='ltr'>εἰργάσατο</span> <span class='ocrx_word' id='word_1_390' title='bbox 1564 3302 1623 3354; x_wconf 83' lang='grc' dir='ltr'>ὲν</span> <span class='ocrx_word' id='word_1_391' title='bbox 1670 3300 1814 3372; x_wconf 72' lang='grc' dir='ltr'>ἐμοί.</span> 
     </span>
    </p>
   </div>
   <div class='ocr_carea' id='block_1_50' title="bbox 210 3391 1823 3467">
    <p class='ocr_par' dir='ltr' id='par_1_50' title="bbox 210 3391 1823 3467">
     <span class='ocr_line' id='line_1_51' title="bbox 210 3391 1823 3467; baseline -0.004 -16"><span class='ocrx_word' id='word_1_392' title='bbox 210 3396 456 3451; x_wconf 75' lang='grc' dir='ltr'>Πάντοτε</span> <span class='ocrx_word' id='word_1_393' title='bbox 486 3396 599 3467; x_wconf 76' lang='grc' dir='ltr'><strong>γάρ</strong></span> <span class='ocrx_word' id='word_1_394' title='bbox 633 3396 763 3460; x_wconf 78' lang='grc' dir='ltr'>τοὺς</span> <span class='ocrx_word' id='word_1_395' title='bbox 812 3396 1071 3466; x_wconf 82' lang='grc' dir='ltr'>πτωχοὺς</span> <span class='ocrx_word' id='word_1_396' title='bbox 1121 3394 1276 3464; x_wconf 69' lang='grc' dir='ltr'>ἔχετε</span> <span class='ocrx_word' id='word_1_397' title='bbox 1310 3393 1435 3464; x_wconf 84' lang='grc' dir='ltr'>μεθ’</span> <span class='ocrx_word' id='word_1_398' title='bbox 1459 3392 1695 3457; x_wconf 79' lang='grc' dir='ltr'>ἑαυτῶν,</span> <span class='ocrx_word' id='word_1_399' title='bbox 1727 3391 1823 3445; x_wconf 78' lang='grc' dir='ltr'>καὶ</span> 
     </span>
    </p>
   </div>
   <div class='ocr_carea' id='block_1_51' title="bbox 209 3488 1817 3564">
    <p class='ocr_par' dir='ltr' id='par_1_51' title="bbox 209 3488 1817 3564">
     <span class='ocr_line' id='line_1_52' title="bbox 209 3488 1817 3564; baseline -0.001 -18"><span class='ocrx_word' id='word_1_400' title='bbox 209 3493 341 3546; x_wconf 78' lang='grc' dir='ltr'>ὅταν</span> <span class='ocrx_word' id='word_1_401' title='bbox 374 3490 592 3564; x_wconf 74' lang='grc' dir='ltr'>θέλητε,</span> <span class='ocrx_word' id='word_1_402' title='bbox 622 3488 855 3546; x_wconf 80' lang='grc' dir='ltr'>δύνασθε</span> <span class='ocrx_word' id='word_1_403' title='bbox 905 3491 1109 3555; x_wconf 80' lang='grc' dir='ltr'>αὐτοὺς</span> <span class='ocrx_word' id='word_1_404' title='bbox 1136 3489 1199 3546; x_wconf 73' lang='grc' dir='ltr'><strong>τῦ</strong></span> <span class='ocrx_word' id='word_1_405' title='bbox 1240 3493 1490 3562; x_wconf 80' lang='grc' dir='ltr'>ποιῆσαι,</span> <span class='ocrx_word' id='word_1_406' title='bbox 1519 3491 1619 3561; x_wconf 77' lang='grc' dir='ltr'><strong>ἐμὲ</strong></span> <span class='ocrx_word' id='word_1_407' title='bbox 1652 3490 1709 3544; x_wconf 87' lang='grc' dir='ltr'>δὲ</span> <span class='ocrx_word' id='word_1_408' title='bbox 1757 3489 1817 3544; x_wconf 84' lang='grc' dir='ltr'>οὐ</span> 
     </span>
    </p>
   </div>
   <div class='ocr_carea' id='block_1_52' title="bbox 208 3583 1818 3657">
    <p class='ocr_par' dir='ltr' id='par_1_52' title="bbox 208 3583 1818 3657">
     <span class='ocr_line' id='line_1_53' title="bbox 208 3583 1818 3657; baseline -0.004 -15"><span class='ocrx_word' id='word_1_409' title='bbox 208 3589 451 3642; x_wconf 77' lang='grc' dir='ltr'>πάντοτε</span> <span class='ocrx_word' id='word_1_410' title='bbox 495 3585 672 3657; x_wconf 68' lang='grc' dir='ltr'>ἔχετε.</span> <span class='ocrx_word' id='word_1_411' title='bbox 705 3586 774 3638; x_wconf 89' lang='grc' dir='ltr'><em>Ὃ</em></span> <span class='ocrx_word' id='word_1_412' title='bbox 816 3585 977 3657; x_wconf 71' lang='grc' dir='ltr'>ἔσχεν</span> <span class='ocrx_word' id='word_1_413' title='bbox 1028 3586 1195 3654; x_wconf 82' lang='grc' dir='ltr'>αῦτη,</span> <span class='ocrx_word' id='word_1_414' title='bbox 1235 3584 1486 3656; x_wconf 73' lang='grc' dir='ltr'>ἐποίησε,</span> <span class='ocrx_word' id='word_1_415' title='bbox 1540 3583 1818 3656; x_wconf 74' lang='grc' dir='ltr'>προέλαϐε</span> 
     </span>
    </p>
   </div>
   <div class='ocr_carea' id='block_1_53' title="bbox 214 3676 1819 3750">
    <p class='ocr_par' dir='ltr' id='par_1_53' title="bbox 214 3676 1819 3750">
     <span class='ocr_line' id='line_1_54' title="bbox 214 3676 1819 3750; baseline -0.002 -18"><span class='ocrx_word' id='word_1_416' title='bbox 214 3677 452 3750; x_wconf 78' lang='grc' dir='ltr'>μυρίσαι</span> <span class='ocrx_word' id='word_1_417' title='bbox 479 3692 583 3749; x_wconf 82' lang='grc' dir='ltr'><strong>μου</strong></span> <span class='ocrx_word' id='word_1_418' title='bbox 612 3679 675 3732; x_wconf 67' lang='grc' dir='ltr'>τὸ</span> <span class='ocrx_word' id='word_1_419' title='bbox 708 3676 873 3749; x_wconf 85' lang='grc' dir='ltr'>σῶμα</span> <span class='ocrx_word' id='word_1_420' title='bbox 926 3680 1008 3742; x_wconf 76' lang='grc' dir='ltr'>εἰς</span> <span class='ocrx_word' id='word_1_421' title='bbox 1062 3677 1155 3732; x_wconf 78' lang='grc' dir='ltr'>τὸν</span> <span class='ocrx_word' id='word_1_422' title='bbox 1202 3677 1601 3748; x_wconf 67' lang='grc' dir='ltr'>ἐνταφιασμόν.</span> <span class='ocrx_word' id='word_1_423' title='bbox 1642 3677 1819 3748; x_wconf 73' lang='grc' dir='ltr'>Ἀμὴν</span> 
     </span>
    </p>
   </div>
   <div class='ocr_carea' id='block_1_54' title="bbox 207 3769 1819 3843">
    <p class='ocr_par' dir='ltr' id='par_1_54' title="bbox 207 3769 1819 3843">
     <span class='ocr_line' id='line_1_55' title="bbox 207 3769 1819 3843; baseline -0.002 -16"><span class='ocrx_word' id='word_1_424' title='bbox 207 3772 265 3827; x_wconf 79' lang='grc' dir='ltr'>δὲ</span> <span class='ocrx_word' id='word_1_425' title='bbox 290 3772 439 3841; x_wconf 79' lang='grc' dir='ltr'>λέγω</span> <span class='ocrx_word' id='word_1_426' title='bbox 493 3772 646 3842; x_wconf 74' lang='grc' dir='ltr'>ὑμῖν,</span> <span class='ocrx_word' id='word_1_427' title='bbox 672 3771 808 3825; x_wconf 83' lang='grc' dir='ltr'>ὅπου</span> <span class='ocrx_word' id='word_1_428' title='bbox 834 3771 901 3825; x_wconf 84' lang='grc' dir='ltr'>ἂν</span> <span class='ocrx_word' id='word_1_429' title='bbox 920 3769 1175 3843; x_wconf 78' lang='grc' dir='ltr'>κηρυχθῇ</span> <span class='ocrx_word' id='word_1_430' title='bbox 1209 3772 1270 3824; x_wconf 83' lang='grc' dir='ltr'>τὸ</span> <span class='ocrx_word' id='word_1_431' title='bbox 1292 3770 1629 3839; x_wconf 78' lang='grc' dir='ltr'>Εὑαγγέλιον</span> <span class='ocrx_word' id='word_1_432' title='bbox 1658 3770 1819 3824; x_wconf 83' lang='grc' dir='ltr'>τοῦτο</span> 
     </span>
    </p>
   </div>
   <div class='ocr_carea' id='block_1_55' title="bbox 208 3860 1817 3933">
    <p class='ocr_par' dir='ltr' id='par_1_55' title="bbox 208 3860 1817 3933">
     <span class='ocr_line' id='line_1_56' title="bbox 208 3860 1817 3933; baseline -0.003 -16"><span class='ocrx_word' id='word_1_433' title='bbox 208 3868 289 3929; x_wconf 81' lang='grc' dir='ltr'>εἰς</span> <span class='ocrx_word' id='word_1_434' title='bbox 318 3864 443 3917; x_wconf 80' lang='grc' dir='ltr'>ὅλον</span> <span class='ocrx_word' id='word_1_435' title='bbox 474 3862 567 3919; x_wconf 69' lang='grc' dir='ltr'><strong>τὸν</strong></span> <span class='ocrx_word' id='word_1_436' title='bbox 608 3864 839 3932; x_wconf 84' lang='grc' dir='ltr'>κόσμον,</span> <span class='ocrx_word' id='word_1_437' title='bbox 896 3862 993 3917; x_wconf 74' lang='grc' dir='ltr'>καὶ</span> <span class='ocrx_word' id='word_1_438' title='bbox 1023 3861 1053 3916; x_wconf 78' lang='grc' dir='ltr'><strong>ὃ</strong></span> <span class='ocrx_word' id='word_1_439' title='bbox 1083 3862 1345 3933; x_wconf 73' lang='grc' dir='ltr'>εποίησεν</span> <span class='ocrx_word' id='word_1_440' title='bbox 1403 3861 1544 3931; x_wconf 79' lang='grc' dir='ltr'>αὕτη</span> <span class='ocrx_word' id='word_1_441' title='bbox 1577 3860 1817 3932; x_wconf 72' lang='grc' dir='ltr'>λαληθή-</span> 
     </span>
    </p>
   </div>
   <div class='ocr_carea' id='block_1_56' title="bbox 211 3953 1819 4025">
    <p class='ocr_par' dir='ltr' id='par_1_56' title="bbox 211 3953 1819 4025">
     <span class='ocr_line' id='line_1_57' title="bbox 211 3953 1819 4025; baseline -0.001 -17"><span class='ocrx_word' id='word_1_442' title='bbox 211 3970 367 4008; x_wconf 77' lang='grc' dir='ltr'>σεται</span> <span class='ocrx_word' id='word_1_443' title='bbox 392 3957 477 4017; x_wconf 69' lang='grc' dir='ltr'>εἰς</span> <span class='ocrx_word' id='word_1_444' title='bbox 500 3954 849 4025; x_wconf 85' lang='grc' dir='ltr'>μνημόσυνον</span> <span class='ocrx_word' id='word_1_445' title='bbox 906 3953 1103 4024; x_wconf 80' lang='grc' dir='ltr'>αὐτῆς.</span> <span class='ocrx_word' id='word_1_446' title='bbox 1148 3972 1166 4006; x_wconf 72' lang='grc' dir='ltr'><strong>ι</strong></span> <span class='ocrx_word' id='word_1_447' title='bbox 1194 3955 1490 4024; x_wconf 74' lang='grc' dir='ltr'>Μέμφεται</span> <span class='ocrx_word' id='word_1_448' title='bbox 1546 3956 1575 4007; x_wconf 91' lang='grc' dir='ltr'><strong>ό</strong></span> <span class='ocrx_word' id='word_1_449' title='bbox 1608 3955 1819 4025; x_wconf 81' lang='grc' dir='ltr'>Κύριος</span> 
     </span>
    </p>
   </div>
   <div class='ocr_carea' id='block_1_57' title="bbox 206 4045 1819 4119">
    <p class='ocr_par' dir='ltr' id='par_1_57' title="bbox 206 4045 1819 4119">
     <span class='ocr_line' id='line_1_58' title="bbox 206 4045 1819 4119; baseline 0.001 -19"><span class='ocrx_word' id='word_1_450' title='bbox 206 4048 319 4111; x_wconf 73' lang='grc' dir='ltr'>τοῖς</span> <span class='ocrx_word' id='word_1_451' title='bbox 346 4045 696 4109; x_wconf 76' lang='grc' dir='ltr'>ἀποστόλοις,</span> <span class='ocrx_word' id='word_1_452' title='bbox 728 4045 804 4109; x_wconf 83' lang='grc' dir='ltr'>ὡς</span> <span class='ocrx_word' id='word_1_453' title='bbox 826 4045 1073 4118; x_wconf 84' lang='grc' dir='ltr'>άκαῐρως</span> <span class='ocrx_word' id='word_1_454' title='bbox 1104 4046 1461 4116; x_wconf 70' lang='grc' dir='ltr'>ἐμποδίζουσι</span> <span class='ocrx_word' id='word_1_455' title='bbox 1510 4050 1576 4118; x_wconf 78' lang='grc' dir='ltr'><strong>τῇ</strong></span> <span class='ocrx_word' id='word_1_456' title='bbox 1612 4047 1819 4119; x_wconf 83' lang='grc' dir='ltr'>προθυ-</span> 
     </span>
    </p>
   </div>
   <div class='ocr_carea' id='block_1_58' title="bbox 212 4138 1816 4211">
    <p class='ocr_par' dir='ltr' id='par_1_58' title="bbox 212 4138 1816 4211">
     <span class='ocr_line' id='line_1_59' title="bbox 212 4138 1816 4211; baseline 0 -16"><span class='ocrx_word' id='word_1_457' title='bbox 212 4140 310 4210; x_wconf 63' lang='grc' dir='ltr'>μίᾳ</span> <span class='ocrx_word' id='word_1_458' title='bbox 332 4140 437 4210; x_wconf 76' lang='grc' dir='ltr'>τῆς</span> <span class='ocrx_word' id='word_1_459' title='bbox 456 4139 739 4209; x_wconf 81' lang='grc' dir='ltr'>γυναικός.</span> <span class='ocrx_word' id='word_1_460' title='bbox 782 4138 849 4192; x_wconf 79' lang='lat' dir='ltr'><strong>Ti</strong></span> <span class='ocrx_word' id='word_1_461' title='bbox 881 4140 1011 4211; x_wconf 75' lang='grc' dir='ltr'>γάρ,</span> <span class='ocrx_word' id='word_1_462' title='bbox 1037 4141 1225 4210; x_wconf 69' lang='grc' dir='ltr'>φησιν,</span> <span class='ocrx_word' id='word_1_463' title='bbox 1256 4141 1394 4211; x_wconf 80' lang='grc' dir='ltr'>αὐτῇ</span> <span class='ocrx_word' id='word_1_464' title='bbox 1431 4141 1635 4204; x_wconf 75' lang='grc' dir='ltr'>κόπους</span> <span class='ocrx_word' id='word_1_465' title='bbox 1674 4157 1816 4210; x_wconf 70' lang='lat' dir='ltr'><strong>nap-</strong></span> 
     </span>
    </p>
   </div>
   <div class='ocr_carea' id='block_1_59' title="bbox 204 4231 1816 4306">
    <p class='ocr_par' dir='ltr' id='par_1_59' title="bbox 204 4231 1816 4306">
     <span class='ocr_line' id='line_1_60' title="bbox 204 4231 1816 4306; baseline -0.001 -20"><span class='ocrx_word' id='word_1_466' title='bbox 204 4232 399 4303; x_wconf 74' lang='grc' dir='ltr'>άχετε;</span> <span class='ocrx_word' id='word_1_467' title='bbox 445 4232 567 4302; x_wconf 81' lang='grc' dir='ltr'>μεθ’</span> <span class='ocrx_word' id='word_1_468' title='bbox 613 4232 643 4285; x_wconf 79' lang='grc' dir='ltr'><strong>ὅ</strong></span> <span class='ocrx_word' id='word_1_469' title='bbox 674 4231 984 4303; x_wconf 80' lang='grc' dir='ltr'>προσέφερε</span> <span class='ocrx_word' id='word_1_470' title='bbox 1038 4234 1100 4285; x_wconf 75' lang='grc' dir='ltr'>τὸ</span> <span class='ocrx_word' id='word_1_471' title='bbox 1144 4231 1339 4300; x_wconf 84' lang='grc' dir='ltr'>δῶρον,</span> <span class='ocrx_word' id='word_1_472' title='bbox 1375 4233 1816 4306; x_wconf 72' lang='grc' dir='ltr'>ἀποστρέφοντες</span> 
     </span>
    </p>
   </div>
   <div class='ocr_carea' id='block_1_60' title="bbox 208 4323 1816 4397">
    <p class='ocr_par' dir='ltr' id='par_1_60' title="bbox 208 4323 1816 4397">
     <span class='ocr_line' id='line_1_61' title="bbox 208 4323 1816 4397; baseline 0 -18"><span class='ocrx_word' id='word_1_473' title='bbox 208 4327 384 4396; x_wconf 71' lang='grc' dir='ltr'>αὐτὴν</span> <span class='ocrx_word' id='word_1_474' title='bbox 415 4325 506 4379; x_wconf 64' lang='grc' dir='ltr'>διὰ</span> <span class='ocrx_word' id='word_1_475' title='bbox 539 4324 635 4379; x_wconf 90' lang='grc' dir='ltr'><strong>τοῦ</strong></span> <span class='ocrx_word' id='word_1_476' title='bbox 660 4323 1010 4396; x_wconf 79' lang='grc' dir='ltr'>όνειδισμοῦ;</span> <span class='ocrx_word' id='word_1_477' title='bbox 1042 4324 1197 4396; x_wconf 57' lang='lat' dir='ltr'><strong>&quot;Atta.</strong></span> <span class='ocrx_word' id='word_1_478' title='bbox 1244 4324 1300 4378; x_wconf 68' lang='grc' dir='ltr'>δὲ</span> <span class='ocrx_word' id='word_1_479' title='bbox 1338 4328 1435 4380; x_wconf 73' lang='grc' dir='ltr'>καὶ</span> <span class='ocrx_word' id='word_1_480' title='bbox 1470 4326 1697 4397; x_wconf 76' lang='grc' dir='ltr'>πλήττει</span> <span class='ocrx_word' id='word_1_481' title='bbox 1722 4327 1816 4379; x_wconf 78' lang='grc' dir='ltr'>τὸν</span> 
     </span>
    </p>
   </div>
   <div class='ocr_carea' id='block_1_61' title="bbox 207 4417 1813 4491">
    <p class='ocr_par' dir='ltr' id='par_1_61' title="bbox 207 4417 1813 4491">
     <span class='ocr_line' id='line_1_62' title="bbox 207 4417 1813 4491; baseline 0 -19"><span class='ocrx_word' id='word_1_482' title='bbox 207 4420 501 4491; x_wconf 80' lang='grc' dir='ltr'>προδότην,</span> <span class='ocrx_word' id='word_1_483' title='bbox 533 4435 593 4472; x_wconf 83' lang='grc' dir='ltr'><strong>εν</strong></span> <span class='ocrx_word' id='word_1_484' title='bbox 621 4417 699 4489; x_wconf 84' lang='grc' dir='ltr'>τῷ</span> <span class='ocrx_word' id='word_1_485' title='bbox 732 4418 933 4487; x_wconf 81' lang='grc' dir='ltr'>λέγειν,</span> <span class='ocrx_word' id='word_1_486' title='bbox 967 4419 1050 4471; x_wconf 79' lang='grc' dir='ltr'><strong>ότι</strong></span> <span class='ocrx_word' id='word_1_487' title='bbox 1076 4417 1170 4482; x_wconf 79' lang='grc' dir='ltr'><strong>Εἰς</strong></span> <span class='ocrx_word' id='word_1_488' title='bbox 1190 4418 1281 4471; x_wconf 80' lang='grc' dir='ltr'>τὸν</span> <span class='ocrx_word' id='word_1_489' title='bbox 1312 4418 1685 4489; x_wconf 64' lang='grc' dir='ltr'>ἐνταφιασμόν</span> <span class='ocrx_word' id='word_1_490' title='bbox 1712 4436 1813 4489; x_wconf 89' lang='grc' dir='ltr'><strong>μου</strong></span> 
     </span>
    </p>
   </div>
   <div class='ocr_carea' id='block_1_62' title="bbox 206 4509 1816 4581">
    <p class='ocr_par' dir='ltr' id='par_1_62' title="bbox 206 4509 1816 4581">
     <span class='ocr_line' id='line_1_63' title="bbox 206 4509 1816 4581; baseline -0.001 -14"><span class='ocrx_word' id='word_1_491' title='bbox 206 4512 370 4567; x_wconf 87' lang='grc' dir='ltr'>τοῦτο</span> <span class='ocrx_word' id='word_1_492' title='bbox 394 4510 650 4580; x_wconf 75' lang='grc' dir='ltr'>εποίησε,</span> <span class='ocrx_word' id='word_1_493' title='bbox 701 4512 797 4564; x_wconf 77' lang='grc' dir='ltr'>καὶ</span> <span class='ocrx_word' id='word_1_494' title='bbox 842 4509 919 4575; x_wconf 82' lang='grc' dir='ltr'><strong>ὡς</strong></span> <span class='ocrx_word' id='word_1_495' title='bbox 971 4510 1324 4581; x_wconf 78' lang='grc' dir='ltr'>άσυνείδητον</span> <span class='ocrx_word' id='word_1_496' title='bbox 1370 4512 1607 4581; x_wconf 77' lang='grc' dir='ltr'>ἐλέγχει.</span> <span class='ocrx_word' id='word_1_497' title='bbox 1640 4514 1816 4565; x_wconf 87' lang='grc' dir='ltr'>Μονο-</span> 
     </span>
    </p>
   </div>
   <div class='ocr_carea' id='block_1_63' title="bbox 209 4602 1813 4675">
    <p class='ocr_par' dir='ltr' id='par_1_63' title="bbox 209 4602 1813 4675">
     <span class='ocr_line' id='line_1_64' title="bbox 209 4602 1813 4675; baseline -0.002 -16"><span class='ocrx_word' id='word_1_498' title='bbox 209 4605 367 4675; x_wconf 75' lang='grc' dir='ltr'>νουχὶ</span> <span class='ocrx_word' id='word_1_499' title='bbox 401 4602 564 4657; x_wconf 89' lang='grc' dir='ltr'>τοῦτο</span> <span class='ocrx_word' id='word_1_500' title='bbox 606 4602 783 4672; x_wconf 75' lang='grc' dir='ltr'>λέγων</span> <span class='ocrx_word' id='word_1_501' title='bbox 809 4602 983 4670; x_wconf 81' lang='grc' dir='ltr'>αὐτῷ,</span> <span class='ocrx_word' id='word_1_502' title='bbox 1007 4603 1090 4656; x_wconf 81' lang='grc' dir='ltr'>ὅτι</span> <span class='ocrx_word' id='word_1_503' title='bbox 1126 4604 1199 4656; x_wconf 67' lang='grc' dir='ltr'>Συ</span> <span class='ocrx_word' id='word_1_504' title='bbox 1234 4603 1335 4674; x_wconf 85' lang='grc' dir='ltr'>μὲν</span> <span class='ocrx_word' id='word_1_505' title='bbox 1365 4604 1447 4666; x_wconf 76' lang='grc' dir='ltr'>εἰς</span> <span class='ocrx_word' id='word_1_506' title='bbox 1487 4604 1717 4657; x_wconf 80' lang='grc' dir='ltr'>θάνατόν</span> <span class='ocrx_word' id='word_1_507' title='bbox 1747 4620 1813 4674; x_wconf 82' lang='grc' dir='ltr'><strong>με</strong></span> 
     </span>
    </p>
   </div>
   <div class='ocr_carea' id='block_1_64' title="bbox 211 4692 1809 4768">
    <p class='ocr_par' dir='ltr' id='par_1_64' title="bbox 211 4692 1809 4768">
     <span class='ocr_line' id='line_1_65' title="bbox 211 4692 1809 4768; baseline -0.002 -18"><span class='ocrx_word' id='word_1_508' title='bbox 211 4696 525 4768; x_wconf 75' lang='grc' dir='ltr'>προδιδοὺς,</span> <span class='ocrx_word' id='word_1_509' title='bbox 558 4696 661 4749; x_wconf 83' lang='grc' dir='ltr'>οὐκ</span> <span class='ocrx_word' id='word_1_510' title='bbox 726 4694 974 4765; x_wconf 69' lang='grc' dir='ltr'>ἐλέγχεις</span> <span class='ocrx_word' id='word_1_511' title='bbox 1027 4694 1275 4749; x_wconf 86' lang='grc' dir='ltr'>σεαυτόν.</span> <span class='ocrx_word' id='word_1_512' title='bbox 1310 4692 1459 4764; x_wconf 81' lang='grc' dir='ltr'>Αῦτη</span> <span class='ocrx_word' id='word_1_513' title='bbox 1506 4693 1562 4747; x_wconf 87' lang='grc' dir='ltr'>δὲ</span> <span class='ocrx_word' id='word_1_514' title='bbox 1604 4695 1685 4757; x_wconf 80' lang='grc' dir='ltr'><strong>εις</strong></span> <span class='ocrx_word' id='word_1_515' title='bbox 1718 4695 1809 4747; x_wconf 82' lang='grc' dir='ltr'>τὸν</span> 
     </span>
    </p>
   </div>
   <div class='ocr_carea' id='block_1_65' title="bbox 208 4788 1813 4860">
    <p class='ocr_par' dir='ltr' id='par_1_65' title="bbox 208 4788 1813 4860">
     <span class='ocr_line' id='line_1_66' title="bbox 208 4788 1813 4860; baseline -0.001 -15"><span class='ocrx_word' id='word_1_516' title='bbox 208 4789 588 4860; x_wconf 75' lang='grc' dir='ltr'>ινταφιασμόν</span> <span class='ocrx_word' id='word_1_517' title='bbox 644 4805 748 4860; x_wconf 87' lang='grc' dir='ltr'><strong>μου</strong></span> <span class='ocrx_word' id='word_1_518' title='bbox 786 4788 848 4841; x_wconf 84' lang='grc' dir='ltr'>τὸ</span> <span class='ocrx_word' id='word_1_519' title='bbox 900 4788 1075 4859; x_wconf 90' lang='grc' dir='ltr'>μύρον</span> <span class='ocrx_word' id='word_1_520' title='bbox 1136 4788 1403 4858; x_wconf 82' lang='grc' dir='ltr'>φέρουσα,</span> <span class='ocrx_word' id='word_1_521' title='bbox 1439 4788 1643 4843; x_wconf 79' lang='grc' dir='ltr'>ὡσανεὶ</span> <span class='ocrx_word' id='word_1_522' title='bbox 1707 4791 1813 4844; x_wconf 83' lang='grc' dir='ltr'><strong>ὑπὸ</strong></span> 
     </span>
    </p>
   </div>
   <div class='ocr_carea' id='block_1_66' title="bbox 208 4883 1809 4955">
    <p class='ocr_par' dir='ltr' id='par_1_66' title="bbox 208 4883 1809 4955">
     <span class='ocr_line' id='line_1_67' title="bbox 208 4883 1809 4955; baseline 0.001 -18"><span class='ocrx_word' id='word_1_523' title='bbox 208 4885 347 4939; x_wconf 79' lang='grc' dir='ltr'>θεοῦ</span> <span class='ocrx_word' id='word_1_524' title='bbox 400 4884 723 4955; x_wconf 80' lang='grc' dir='ltr'>κινηθεῖσα,</span> <span class='ocrx_word' id='word_1_525' title='bbox 762 4883 888 4950; x_wconf 78' lang='grc' dir='ltr'>ἀξία</span> <span class='ocrx_word' id='word_1_526' title='bbox 947 4884 1098 4937; x_wconf 75' lang='grc' dir='ltr'>ἐστὶν</span> <span class='ocrx_word' id='word_1_527' title='bbox 1142 4883 1464 4954; x_wconf 74' lang='grc' dir='ltr'>ἐλέγχεσθαι</span> <span class='ocrx_word' id='word_1_528' title='bbox 1510 4884 1615 4937; x_wconf 70' lang='grc' dir='ltr'><strong>ύπδ</strong></span> <span class='ocrx_word' id='word_1_529' title='bbox 1680 4884 1809 4952; x_wconf 85' lang='grc' dir='ltr'>σοῦ;</span> 
     </span>
    </p>
   </div>
   <div class='ocr_carea' id='block_1_67' title="bbox 208 4976 1810 5049">
    <p class='ocr_par' dir='ltr' id='par_1_67' title="bbox 208 4976 1810 5049">
     <span class='ocr_line' id='line_1_68' title="bbox 208 4976 1810 5049; baseline -0.008 -16"><span class='ocrx_word' id='word_1_530' title='bbox 208 4977 559 5049; x_wconf 69' lang='grc' dir='ltr'>ιιροφητεύει</span> <span class='ocrx_word' id='word_1_531' title='bbox 602 4978 658 5031; x_wconf 67' lang='grc' dir='ltr'>δὲ</span> <span class='ocrx_word' id='word_1_532' title='bbox 714 4976 955 5031; x_wconf 76' lang='grc' dir='ltr'>ἐνταῦθα</span> <span class='ocrx_word' id='word_1_533' title='bbox 1002 4980 1028 5031; x_wconf 89' lang='grc' dir='ltr'><strong>ό</strong></span> <span class='ocrx_word' id='word_1_534' title='bbox 1065 4976 1272 5048; x_wconf 79' lang='grc' dir='ltr'>Κύριος</span> <span class='ocrx_word' id='word_1_535' title='bbox 1312 4977 1409 5033; x_wconf 86' lang='grc' dir='ltr'><strong>δύο</strong></span> <span class='ocrx_word' id='word_1_536' title='bbox 1446 4980 1810 5049; x_wconf 54' lang='grc' dir='ltr'><strong>ιπτιςιωρητειοιςι</strong></span> 
     </span>
    </p>
   </div>
   <div class='ocr_carea' id='block_1_68' title="bbox 208 5070 1813 5143">
    <p class='ocr_par' dir='ltr' id='par_1_68' title="bbox 208 5070 1813 5143">
     <span class='ocr_line' id='line_1_69' title="bbox 208 5070 1813 5143; baseline -0.002 -17"><span class='ocrx_word' id='word_1_537' title='bbox 208 5074 290 5126; x_wconf 83' lang='grc' dir='ltr'>ὅτι</span> <span class='ocrx_word' id='word_1_538' title='bbox 338 5088 400 5125; x_wconf 92' lang='grc' dir='ltr'><strong>τε</strong></span> <span class='ocrx_word' id='word_1_539' title='bbox 468 5071 532 5124; x_wconf 80' lang='grc' dir='ltr'>τὸ</span> <span class='ocrx_word' id='word_1_540' title='bbox 595 5070 931 5138; x_wconf 80' lang='grc' dir='ltr'>Εὑαγγέλιον</span> <span class='ocrx_word' id='word_1_541' title='bbox 1000 5070 1411 5143; x_wconf 84' lang='grc' dir='ltr'>κηρυχθήσεται</span> <span class='ocrx_word' id='word_1_542' title='bbox 1462 5073 1521 5126; x_wconf 81' lang='grc' dir='ltr'>ὲν</span> <span class='ocrx_word' id='word_1_543' title='bbox 1580 5072 1687 5141; x_wconf 78' lang='grc' dir='ltr'><strong>ὅλῳ</strong></span> <span class='ocrx_word' id='word_1_544' title='bbox 1736 5071 1813 5143; x_wconf 83' lang='grc' dir='ltr'>τῷ</span> 
     </span>
    </p>
   </div>
   <div class='ocr_carea' id='block_1_69' title="bbox 210 5160 1813 5234">
    <p class='ocr_par' dir='ltr' id='par_1_69' title="bbox 210 5160 1813 5234">
     <span class='ocr_line' id='line_1_70' title="bbox 210 5160 1813 5234; baseline -0.002 -17"><span class='ocrx_word' id='word_1_545' title='bbox 210 5164 425 5234; x_wconf 78' lang='grc' dir='ltr'>κόσμῳ,</span> <span class='ocrx_word' id='word_1_546' title='bbox 464 5163 557 5215; x_wconf 73' lang='grc' dir='ltr'>καὶ</span> <span class='ocrx_word' id='word_1_547' title='bbox 580 5162 663 5215; x_wconf 82' lang='grc' dir='ltr'>ὃτι</span> <span class='ocrx_word' id='word_1_548' title='bbox 694 5162 754 5215; x_wconf 78' lang='grc' dir='ltr'>τὸ</span> <span class='ocrx_word' id='word_1_549' title='bbox 787 5161 952 5231; x_wconf 75' lang='grc' dir='ltr'>ἔργον</span> <span class='ocrx_word' id='word_1_550' title='bbox 979 5160 1080 5231; x_wconf 80' lang='grc' dir='ltr'>τῆς</span> <span class='ocrx_word' id='word_1_551' title='bbox 1125 5162 1388 5229; x_wconf 83' lang='grc' dir='ltr'>γυναικὸς</span> <span class='ocrx_word' id='word_1_552' title='bbox 1418 5163 1813 5234; x_wconf 75' lang='grc' dir='ltr'>συγκηρνχοή-</span> 
     </span>
    </p>
   </div>
   <div class='ocr_carea' id='block_1_70' title="bbox 210 5248 1815 5325">
    <p class='ocr_par' dir='ltr' id='par_1_70' title="bbox 210 5248 1815 5325">
     <span class='ocr_line' id='line_1_71' title="bbox 210 5248 1815 5325; baseline 0 -18"><span class='ocrx_word' id='word_1_553' title='bbox 210 5270 385 5308; x_wconf 77' lang='grc' dir='ltr'>σεται.</span> <span class='ocrx_word' id='word_1_554' title='bbox 439 5251 898 5325; x_wconf 77' lang='grc' dir='ltr'>Αἰσχυνὲσθωσαν</span> <span class='ocrx_word' id='word_1_555' title='bbox 950 5248 1044 5306; x_wconf 78' lang='grc' dir='ltr'>οὖν</span> <span class='ocrx_word' id='word_1_556' title='bbox 1088 5250 1348 5305; x_wconf 79' lang='grc' dir='ltr'>ἐντεῦθεν</span> <span class='ocrx_word' id='word_1_557' title='bbox 1387 5254 1437 5305; x_wconf 82' lang='lat' dir='ltr'><strong>oi.</strong></span> <span class='ocrx_word' id='word_1_558' title='bbox 1487 5255 1615 5317; x_wconf 81' lang='grc' dir='ltr'>τοὺς</span> <span class='ocrx_word' id='word_1_559' title='bbox 1667 5271 1815 5307; x_wconf 87' lang='grc' dir='ltr'>πτω-</span> 
     </span>
    </p>
   </div>
   <div class='ocr_carea' id='block_1_71' title="bbox 210 5344 1813 5418">
    <p class='ocr_par' dir='ltr' id='par_1_71' title="bbox 210 5344 1813 5418">
     <span class='ocr_line' id='line_1_72' title="bbox 210 5344 1813 5418; baseline -0.001 -19"><span class='ocrx_word' id='word_1_560' title='bbox 210 5347 342 5418; x_wconf 76' lang='grc' dir='ltr'>χοὺς</span> <span class='ocrx_word' id='word_1_561' title='bbox 392 5345 776 5417; x_wconf 83' lang='grc' dir='ltr'>προτιμῶντες</span> <span class='ocrx_word' id='word_1_562' title='bbox 805 5344 901 5399; x_wconf 87' lang='grc' dir='ltr'><strong>τοῦ</strong></span> <span class='ocrx_word' id='word_1_563' title='bbox 936 5345 1203 5415; x_wconf 80' lang='grc' dir='ltr'>Χριστοῦ.</span> <span class='ocrx_word' id='word_1_564' title='bbox 1249 5346 1503 5400; x_wconf 81' lang='grc' dir='ltr'>Ἤκουσα</span> <span class='ocrx_word' id='word_1_565' title='bbox 1556 5348 1665 5417; x_wconf 82' lang='grc' dir='ltr'>γὰρ</span> <span class='ocrx_word' id='word_1_566' title='bbox 1702 5346 1813 5413; x_wconf 82' lang='grc' dir='ltr'><strong>ἐγὼ</strong></span> 
     </span>
    </p>
   </div>
   <div class='ocr_carea' id='block_1_72' title="bbox 210 5437 1813 5509">
    <p class='ocr_par' dir='ltr' id='par_1_72' title="bbox 210 5437 1813 5509">
     <span class='ocr_line' id='line_1_73' title="bbox 210 5437 1813 5509; baseline 0.002 -18"><span class='ocrx_word' id='word_1_567' title='bbox 210 5438 528 5509; x_wconf 84' lang='grc' dir='ltr'>χρυσοχόων</span> <span class='ocrx_word' id='word_1_568' title='bbox 552 5438 848 5506; x_wconf 83' lang='grc' dir='ltr'>λεγόντων,</span> <span class='ocrx_word' id='word_1_569' title='bbox 878 5438 963 5492; x_wconf 82' lang='grc' dir='ltr'>ὅτι</span> <span class='ocrx_word' id='word_1_570' title='bbox 994 5437 1123 5491; x_wconf 80' lang='grc' dir='ltr'><strong>Ἐὰν</strong></span> <span class='ocrx_word' id='word_1_571' title='bbox 1162 5438 1223 5491; x_wconf 83' lang='grc' dir='ltr'>τὸ</span> <span class='ocrx_word' id='word_1_572' title='bbox 1253 5437 1397 5509; x_wconf 75' lang='grc' dir='ltr'>ἱερὸν</span> <span class='ocrx_word' id='word_1_573' title='bbox 1415 5438 1609 5503; x_wconf 86' lang='grc' dir='ltr'>σκεῦος</span> <span class='ocrx_word' id='word_1_574' title='bbox 1645 5457 1813 5494; x_wconf 85' lang='grc' dir='ltr'>κατα-</span> 
     </span>
    </p>
   </div>
   <div class='ocr_carea' id='block_1_73' title="bbox 210 5530 1809 5605">
    <p class='ocr_par' dir='ltr' id='par_1_73' title="bbox 210 5530 1809 5605">
     <span class='ocr_line' id='line_1_74' title="bbox 210 5530 1809 5605; baseline 0.004 -21"><span class='ocrx_word' id='word_1_575' title='bbox 210 5532 377 5597; x_wconf 77' lang='grc' dir='ltr'>λύσας</span> <span class='ocrx_word' id='word_1_576' title='bbox 402 5531 479 5585; x_wconf 85' lang='grc' dir='ltr'>δῶ</span> <span class='ocrx_word' id='word_1_577' title='bbox 516 5533 777 5602; x_wconf 79' lang='grc' dir='ltr'>πτωχοῐς,</span> <span class='ocrx_word' id='word_1_578' title='bbox 813 5530 908 5585; x_wconf 77' lang='grc' dir='ltr'>καὶ</span> <span class='ocrx_word' id='word_1_579' title='bbox 962 5530 1074 5598; x_wconf 75' lang='grc' dir='ltr'><strong>ἐγὼ</strong></span> <span class='ocrx_word' id='word_1_580' title='bbox 1109 5531 1283 5602; x_wconf 79' lang='grc' dir='ltr'>ζήσω,</span> <span class='ocrx_word' id='word_1_581' title='bbox 1315 5532 1416 5585; x_wconf 77' lang='grc' dir='ltr'>οὐκ</span> <span class='ocrx_word' id='word_1_582' title='bbox 1468 5531 1585 5586; x_wconf 77' lang='grc' dir='ltr'>ἐστι</span> <span class='ocrx_word' id='word_1_583' title='bbox 1614 5533 1809 5605; x_wconf 80' lang='grc' dir='ltr'>κρίμα.</span> 
     </span>
    </p>
   </div>
   <div class='ocr_carea' id='block_1_74' title="bbox 222 5618 1811 5699">
    <p class='ocr_par' dir='ltr' id='par_1_74' title="bbox 222 5618 1811 5699">
     <span class='ocr_line' id='line_1_75' title="bbox 222 5618 1811 5699; baseline 0.003 -22"><span class='ocrx_word' id='word_1_584' title='bbox 222 5624 601 5678; x_wconf 79' lang='grc' dir='ltr'>Ἀκουέτωσαν</span> <span class='ocrx_word' id='word_1_585' title='bbox 635 5618 731 5676; x_wconf 79' lang='grc' dir='ltr'>οὖν</span> <span class='ocrx_word' id='word_1_586' title='bbox 759 5623 875 5687; x_wconf 82' lang='grc' dir='ltr'>πῶς</span> <span class='ocrx_word' id='word_1_587' title='bbox 904 5627 933 5678; x_wconf 92' lang='grc' dir='ltr'><strong>ό</strong></span> <span class='ocrx_word' id='word_1_588' title='bbox 965 5626 1204 5695; x_wconf 71' lang='grc' dir='ltr'>Χριστὶς</span> <span class='ocrx_word' id='word_1_589' title='bbox 1257 5628 1503 5697; x_wconf 80' lang='grc' dir='ltr'>προτιμᾷ</span> <span class='ocrx_word' id='word_1_590' title='bbox 1558 5626 1657 5699; x_wconf 78' lang='grc' dir='ltr'>τὴν</span> <span class='ocrx_word' id='word_1_591' title='bbox 1681 5629 1811 5681; x_wconf 79' lang='grc' dir='ltr'>ἐαυ-</span> 
     </span>
    </p>
   </div>
   <div class='ocr_carea' id='block_1_75' title="bbox 209 5716 1811 5791">
    <p class='ocr_par' dir='ltr' id='par_1_75' title="bbox 209 5716 1811 5791">
     <span class='ocr_line' id='line_1_76' title="bbox 209 5716 1811 5791; baseline 0.002 -22"><span class='ocrx_word' id='word_1_592' title='bbox 209 5716 301 5770; x_wconf 74' lang='grc' dir='ltr'><strong>τοῦ</strong></span> <span class='ocrx_word' id='word_1_593' title='bbox 333 5716 660 5784; x_wconf 75' lang='grc' dir='ltr'>θεραπείαν,</span> <span class='ocrx_word' id='word_1_594' title='bbox 697 5716 804 5769; x_wconf 79' lang='grc' dir='ltr'>τῶν</span> <span class='ocrx_word' id='word_1_595' title='bbox 829 5718 1083 5789; x_wconf 85' lang='grc' dir='ltr'>πτωχῶν.</span> <span class='ocrx_word' id='word_1_596' title='bbox 1122 5718 1369 5790; x_wconf 81' lang='grc' dir='ltr'>Χριστοῦ</span> <span class='ocrx_word' id='word_1_597' title='bbox 1424 5720 1481 5773; x_wconf 76' lang='grc' dir='ltr'>δὲ</span> <span class='ocrx_word' id='word_1_598' title='bbox 1523 5720 1682 5791; x_wconf 83' lang='grc' dir='ltr'>σῶμα</span> <span class='ocrx_word' id='word_1_599' title='bbox 1713 5739 1811 5774; x_wconf 88' lang='grc' dir='ltr'>κυ-</span> 
     </span>
    </p>
   </div>
   <div class='ocr_carea' id='block_1_76' title="bbox 209 5807 1811 5888">
    <p class='ocr_par' dir='ltr' id='par_1_76' title="bbox 209 5807 1811 5888">
     <span class='ocr_line' id='line_1_77' title="bbox 209 5807 1811 5888; baseline 0.004 -28"><span class='ocrx_word' id='word_1_600' title='bbox 209 5810 362 5879; x_wconf 76' lang='grc' dir='ltr'>ρίως,</span> <span class='ocrx_word' id='word_1_601' title='bbox 395 5810 455 5864; x_wconf 81' lang='grc' dir='ltr'>τὸ</span> <span class='ocrx_word' id='word_1_602' title='bbox 490 5810 550 5863; x_wconf 74' lang='grc' dir='ltr'>ὲν</span> <span class='ocrx_word' id='word_1_603' title='bbox 573 5809 651 5879; x_wconf 82' lang='grc' dir='ltr'>τῷ</span> <span class='ocrx_word' id='word_1_604' title='bbox 678 5807 849 5883; x_wconf 75' lang='grc' dir='ltr'>δίσκῳ</span> <span class='ocrx_word' id='word_1_605' title='bbox 873 5809 952 5881; x_wconf 83' lang='grc' dir='ltr'>τῷ</span> <span class='ocrx_word' id='word_1_606' title='bbox 979 5810 1187 5883; x_wconf 84' lang='grc' dir='ltr'>χρυσῷ,</span> <span class='ocrx_word' id='word_1_607' title='bbox 1225 5813 1320 5865; x_wconf 69' lang='grc' dir='ltr'>καὶ</span> <span class='ocrx_word' id='word_1_608' title='bbox 1360 5809 1499 5884; x_wconf 79' lang='grc' dir='ltr'>αἷμα</span> <span class='ocrx_word' id='word_1_609' title='bbox 1536 5815 1597 5869; x_wconf 86' lang='grc' dir='ltr'>τὸ</span> <span class='ocrx_word' id='word_1_610' title='bbox 1626 5818 1683 5870; x_wconf 82' lang='grc' dir='ltr'>ὲν</span> <span class='ocrx_word' id='word_1_611' title='bbox 1733 5817 1811 5888; x_wconf 84' lang='grc' dir='ltr'>τῷ</span> 
     </span>
    </p>
   </div>
   <div class='ocr_carea' id='block_1_77' title="bbox 209 5903 1809 5979">
    <p class='ocr_par' dir='ltr' id='par_1_77' title="bbox 209 5903 1809 5979">
     <span class='ocr_line' id='line_1_78' title="bbox 209 5903 1809 5979; baseline 0.006 -21"><span class='ocrx_word' id='word_1_612' title='bbox 209 5906 479 5978; x_wconf 69' lang='grc' dir='ltr'>ποτηρίῳ.</span> <span class='ocrx_word' id='word_1_613' title='bbox 526 5903 589 5958; x_wconf 84' lang='grc' dir='ltr'><strong>Ὅ</strong></span> <span class='ocrx_word' id='word_1_614' title='bbox 625 5903 755 5973; x_wconf 81' lang='grc' dir='ltr'>γοῦν</span> <span class='ocrx_word' id='word_1_615' title='bbox 786 5904 1195 5979; x_wconf 76' lang='grc' dir='ltr'>ἀφαιρούμενος</span> <span class='ocrx_word' id='word_1_616' title='bbox 1225 5906 1316 5961; x_wconf 69' lang='grc' dir='ltr'><strong>τὸν</strong></span> <span class='ocrx_word' id='word_1_617' title='bbox 1362 5907 1551 5965; x_wconf 74' lang='grc' dir='ltr'>δίσκον</span> <span class='ocrx_word' id='word_1_618' title='bbox 1596 5911 1686 5966; x_wconf 75' lang='grc' dir='ltr'>τὸν</span> <span class='ocrx_word' id='word_1_619' title='bbox 1714 5931 1809 5967; x_wconf 86' lang='grc' dir='ltr'>πο-</span> 
     </span>
    </p>
   </div>
   <div class='ocr_carea' id='block_1_78' title="bbox 1848 4647 1895 4704">
    <p class='ocr_par' dir='ltr' id='par_1_78' title="bbox 1848 4647 1895 4704">
     <span class='ocr_line' id='line_1_79' title="bbox 1848 4647 1895 4704; baseline 0 0"><span class='ocrx_word' id='word_1_620' title='bbox 1848 4647 1895 4704; x_wconf 79' lang='grc'><strong>1)</strong></span> 
     </span>
    </p>
   </div>
   <div class='ocr_carea' id='block_1_79' title="bbox 1930 2044 3538 2112">
    <p class='ocr_par' dir='ltr' id='par_1_79' title="bbox 1930 2044 3538 2112">
     <span class='ocr_line' id='line_1_80' title="bbox 1930 2044 3538 2112; baseline 0.01 -16"><span class='ocrx_word' id='word_1_621' title='bbox 1930 2058 2036 2097; x_wconf 90' lang='lat' dir='ltr'><strong>non</strong></span> <span class='ocrx_word' id='word_1_622' title='bbox 2063 2044 2397 2112; x_wconf 75' lang='lat' dir='ltr'><strong>adulterata,</strong></span> <span class='ocrx_word' id='word_1_623' title='bbox 2429 2046 2513 2102; x_wconf 88' lang='lat' dir='ltr'><strong>vel</strong></span> <span class='ocrx_word' id='word_1_624' title='bbox 2539 2064 2665 2104; x_wconf 88' lang='lat' dir='ltr'><strong>cum</strong></span> <span class='ocrx_word' id='word_1_625' title='bbox 2698 2050 2803 2105; x_wconf 86' lang='lat' dir='ltr'><strong>llde</strong></span> <span class='ocrx_word' id='word_1_626' title='bbox 2831 2051 3111 2108; x_wconf 82' lang='lat' dir='ltr'><strong>confecta.</strong></span> <span class='ocrx_word' id='word_1_627' title='bbox 3147 2053 3319 2110; x_wconf 83' lang='lat' dir='ltr'><strong>Erant</strong></span> <span class='ocrx_word' id='word_1_628' title='bbox 3352 2064 3538 2112; x_wconf 85' lang='lat' dir='ltr'><strong>autem</strong></span> 
     </span>
    </p>
   </div>
   <div class='ocr_carea' id='block_1_80' title="bbox 1926 2134 3536 2210">
    <p class='ocr_par' dir='ltr' id='par_1_80' title="bbox 1926 2134 3536 2210">
     <span class='ocr_line' id='line_1_81' title="bbox 1926 2134 3536 2210; baseline 0.011 -22"><span class='ocrx_word' id='word_1_629' title='bbox 1926 2134 2149 2206; x_wconf 79' lang='lat' dir='ltr'><strong>quidam</strong></span> <span class='ocrx_word' id='word_1_630' title='bbox 2198 2153 2344 2210; x_wconf 69' lang='lat' dir='ltr'><strong>a&#39;gre</strong></span> <span class='ocrx_word' id='word_1_631' title='bbox 2368 2140 2636 2197; x_wconf 77' lang='lat' dir='ltr'><strong>ferentes.</strong></span> <span class='ocrx_word' id='word_1_632' title='bbox 2668 2140 2913 2200; x_wconf 82' lang='lat' dir='ltr'><strong>Joannes</strong></span> <span class='ocrx_word' id='word_1_633' title='bbox 2950 2154 3135 2202; x_wconf 73' lang='lat' dir='ltr'><strong>autem</strong></span> <span class='ocrx_word' id='word_1_634' title='bbox 3176 2148 3536 2205; x_wconf 86' lang='lat' dir='ltr'><strong>dicitJudam</strong></span> 
     </span>
    </p>
   </div>
   <div class='ocr_carea' id='block_1_81' title="bbox 1926 2228 3539 2312">
    <p class='ocr_par' dir='ltr' id='par_1_81' title="bbox 1926 2228 3539 2312">
     <span class='ocr_line' id='line_1_82' title="bbox 1926 2228 3539 2312; baseline 0.008 -29"><span class='ocrx_word' id='word_1_635' title='bbox 1926 2243 2071 2298; x_wconf 65' lang='lat' dir='ltr'><strong>agre</strong></span> <span class='ocrx_word' id='word_1_636' title='bbox 2135 2228 2347 2288; x_wconf 89' lang='lat' dir='ltr'><strong>tulisse.</strong></span> <span class='ocrx_word' id='word_1_637' title='bbox 2399 2232 2712 2291; x_wconf 84' lang='lat' dir='ltr'><strong>Verisimile</strong></span> <span class='ocrx_word' id='word_1_638' title='bbox 2775 2236 2942 2308; x_wconf 91' lang='lat' dir='ltr'><strong>igitur</strong></span> <span class='ocrx_word' id='word_1_639' title='bbox 2996 2248 3052 2294; x_wconf 92' lang='lat' dir='ltr'><strong>et</strong></span> <span class='ocrx_word' id='word_1_640' title='bbox 3109 2239 3251 2296; x_wconf 86' lang='lat' dir='ltr'><strong>alios</strong></span> <span class='ocrx_word' id='word_1_641' title='bbox 3315 2242 3539 2312; x_wconf 87' lang='lat' dir='ltr'><strong>quidem</strong></span> 
     </span>
    </p>
   </div>
   <div class='ocr_carea' id='block_1_82' title="bbox 1927 2324 3541 2403">
    <p class='ocr_par' dir='ltr' id='par_1_82' title="bbox 1927 2324 3541 2403">
     <span class='ocr_line' id='line_1_83' title="bbox 1927 2324 3541 2403; baseline 0.01 -28"><span class='ocrx_word' id='word_1_642' title='bbox 1927 2324 2208 2392; x_wconf 80' lang='lat' dir='ltr'><strong>apostolos</strong></span> <span class='ocrx_word' id='word_1_643' title='bbox 2247 2324 2535 2386; x_wconf 74' lang='lat' dir='ltr'><strong>meliorem</strong></span> <span class='ocrx_word' id='word_1_644' title='bbox 2575 2327 2932 2400; x_wconf 64' lang='lat' dir='ltr'><strong>obiurgasse,</strong></span> <span class='ocrx_word' id='word_1_645' title='bbox 2964 2343 3155 2403; x_wconf 83' lang='lat' dir='ltr'><strong>utpote</strong></span> <span class='ocrx_word' id='word_1_646' title='bbox 3204 2335 3296 2403; x_wconf 82' lang='lat' dir='ltr'><strong>qui</strong></span> <span class='ocrx_word' id='word_1_647' title='bbox 3343 2335 3541 2390; x_wconf 86' lang='lat' dir='ltr'><strong>audie-</strong></span> 
     </span>
    </p>
   </div>
   <div class='ocr_carea' id='block_1_83' title="bbox 1927 2416 3539 2501">
    <p class='ocr_par' dir='ltr' id='par_1_83' title="bbox 1927 2416 3539 2501">
     <span class='ocr_line' id='line_1_84' title="bbox 1927 2416 3539 2501; baseline 0.013 -33"><span class='ocrx_word' id='word_1_648' title='bbox 1927 2426 2052 2470; x_wconf 91' lang='lat' dir='ltr'><strong>rant</strong></span> <span class='ocrx_word' id='word_1_649' title='bbox 2078 2416 2363 2474; x_wconf 80' lang='lat' dir='ltr'><strong>Christum</strong></span> <span class='ocrx_word' id='word_1_650' title='bbox 2390 2435 2611 2491; x_wconf 80' lang='lat' dir='ltr'><strong>semper</strong></span> <span class='ocrx_word' id='word_1_651' title='bbox 2640 2423 2809 2480; x_wconf 91' lang='lat' dir='ltr'><strong>multa</strong></span> <span class='ocrx_word' id='word_1_652' title='bbox 2841 2425 2908 2481; x_wconf 87' lang='lat' dir='ltr'><strong>de</strong></span> <span class='ocrx_word' id='word_1_653' title='bbox 2930 2426 3284 2501; x_wconf 85' lang='lat' dir='ltr'><strong>eleemosyna</strong></span> <span class='ocrx_word' id='word_1_654' title='bbox 3316 2429 3539 2489; x_wconf 86' lang='lat' dir='ltr'><strong>docere.</strong></span> 
     </span>
    </p>
   </div>
   <div class='ocr_carea' id='block_1_84' title="bbox 1923 2506 3544 2591">
    <p class='ocr_par' dir='ltr' id='par_1_84' title="bbox 1923 2506 3544 2591">
     <span class='ocr_line' id='line_1_85' title="bbox 1923 2506 3544 2591; baseline 0.009 -28"><span class='ocrx_word' id='word_1_655' title='bbox 1923 2506 2096 2565; x_wconf 80' lang='lat' dir='ltr'><strong>Judas</strong></span> <span class='ocrx_word' id='word_1_656' title='bbox 2122 2526 2256 2567; x_wconf 91' lang='lat' dir='ltr'><strong>sane</strong></span> <span class='ocrx_word' id='word_1_657' title='bbox 2287 2529 2395 2568; x_wconf 92' lang='lat' dir='ltr'><strong>non</strong></span> <span class='ocrx_word' id='word_1_658' title='bbox 2418 2513 2586 2588; x_wconf 67' lang='grc'><strong>247</strong></span> <span class='ocrx_word' id='word_1_659' title='bbox 2624 2516 2818 2573; x_wconf 89' lang='lat' dir='ltr'><strong>eodem</strong></span> <span class='ocrx_word' id='word_1_660' title='bbox 2848 2532 3017 2591; x_wconf 88' lang='lat' dir='ltr'><strong>scopo</strong></span> <span class='ocrx_word' id='word_1_661' title='bbox 3056 2521 3325 2577; x_wconf 84' lang='lat' dir='ltr'><strong>adversus</strong></span> <span class='ocrx_word' id='word_1_662' title='bbox 3350 2524 3544 2580; x_wconf 82' lang='lat' dir='ltr'><strong>mulie-</strong></span> 
     </span>
    </p>
   </div>
   <div class='ocr_carea' id='block_1_85' title="bbox 1928 2603 3541 2683">
    <p class='ocr_par' dir='ltr' id='par_1_85' title="bbox 1928 2603 3541 2683">
     <span class='ocr_line' id='line_1_86' title="bbox 1928 2603 3541 2683; baseline 0.007 -26"><span class='ocrx_word' id='word_1_663' title='bbox 1928 2616 2041 2671; x_wconf 81' lang='lat' dir='ltr'><strong>rem</strong></span> <span class='ocrx_word' id='word_1_664' title='bbox 2065 2603 2481 2674; x_wconf 75' lang='lat' dir='ltr'><strong>indignabatur,</strong></span> <span class='ocrx_word' id='word_1_665' title='bbox 2508 2607 2602 2662; x_wconf 90' lang='lat' dir='ltr'><strong>sed</strong></span> <span class='ocrx_word' id='word_1_666' title='bbox 2623 2619 2849 2679; x_wconf 87' lang='lat' dir='ltr'><strong>propter</strong></span> <span class='ocrx_word' id='word_1_667' title='bbox 2873 2612 3163 2667; x_wconf 80' lang='lat' dir='ltr'><strong>avaritiam</strong></span> <span class='ocrx_word' id='word_1_668' title='bbox 3201 2622 3256 2665; x_wconf 91' lang='lat' dir='ltr'><strong>et</strong></span> <span class='ocrx_word' id='word_1_669' title='bbox 3280 2621 3438 2683; x_wconf 88' lang='lat' dir='ltr'><strong>turpe</strong></span> <span class='ocrx_word' id='word_1_670' title='bbox 3458 2614 3541 2668; x_wconf 81' lang='lat' dir='ltr'><strong>lu-</strong></span> 
     </span>
    </p>
   </div>
   <div class='ocr_carea' id='block_1_86' title="bbox 1924 2694 3544 2772">
    <p class='ocr_par' dir='ltr' id='par_1_86' title="bbox 1924 2694 3544 2772">
     <span class='ocr_line' id='line_1_87' title="bbox 1924 2694 3544 2772; baseline 0.006 -22"><span class='ocrx_word' id='word_1_671' title='bbox 1924 2707 2079 2750; x_wconf 87' lang='lat' dir='ltr'><strong>crum</strong></span> <span class='ocrx_word' id='word_1_672' title='bbox 2125 2708 2311 2752; x_wconf 91' lang='lat' dir='ltr'><strong>suum.</strong></span> <span class='ocrx_word' id='word_1_673' title='bbox 2343 2694 2644 2763; x_wconf 82' lang='lat' dir='ltr'><strong>Propterea</strong></span> <span class='ocrx_word' id='word_1_674' title='bbox 2688 2710 2744 2754; x_wconf 90' lang='lat' dir='ltr'><strong>et</strong></span> <span class='ocrx_word' id='word_1_675' title='bbox 2782 2697 3029 2756; x_wconf 75' lang='lat' dir='ltr'><strong>Joannes</strong></span> <span class='ocrx_word' id='word_1_676' title='bbox 3062 2702 3232 2772; x_wconf 87' lang='lat' dir='ltr'><strong>ipsius</strong></span> <span class='ocrx_word' id='word_1_677' title='bbox 3268 2704 3544 2759; x_wconf 81' lang='lat' dir='ltr'><strong>duntaxat</strong></span> 
     </span>
    </p>
   </div>
   <div class='ocr_carea' id='block_1_87' title="bbox 1926 2788 3541 2859">
    <p class='ocr_par' dir='ltr' id='par_1_87' title="bbox 1926 2788 3541 2859">
     <span class='ocr_line' id='line_1_88' title="bbox 1926 2788 3541 2859; baseline 0.007 -18"><span class='ocrx_word' id='word_1_678' title='bbox 1926 2788 2202 2854; x_wconf 87' lang='lat' dir='ltr'><strong>meminit,</strong></span> <span class='ocrx_word' id='word_1_679' title='bbox 2250 2799 2512 2859; x_wconf 84' lang='lat' dir='ltr'><strong>tanquam</strong></span> <span class='ocrx_word' id='word_1_680' title='bbox 2569 2792 2763 2847; x_wconf 90' lang='lat' dir='ltr'><strong>dolosa</strong></span> <span class='ocrx_word' id='word_1_681' title='bbox 2813 2796 3182 2851; x_wconf 83' lang='lat' dir='ltr'><strong>mordacitate</strong></span> <span class='ocrx_word' id='word_1_682' title='bbox 3253 2798 3541 2854; x_wconf 86' lang='lat' dir='ltr'><strong>mulierem</strong></span> 
     </span>
    </p>
   </div>
   <div class='ocr_carea' id='block_1_88' title="bbox 1926 2882 3536 2956">
    <p class='ocr_par' dir='ltr' id='par_1_88' title="bbox 1926 2882 3536 2956">
     <span class='ocr_line' id='line_1_89' title="bbox 1926 2882 3536 2956; baseline 0.004 -20"><span class='ocrx_word' id='word_1_683' title='bbox 1926 2882 2372 2952; x_wconf 86' lang='lat' dir='ltr'><strong>reprehenderit.</strong></span> <span class='ocrx_word' id='word_1_684' title='bbox 2424 2882 2487 2939; x_wconf 89' lang='lat' dir='ltr'><strong>Et</strong></span> <span class='ocrx_word' id='word_1_685' title='bbox 2517 2883 2937 2942; x_wconf 63' lang='lat' dir='ltr'><strong>intumuerunt</strong></span> <span class='ocrx_word' id='word_1_686' title='bbox 2986 2890 3042 2942; x_wconf 92' lang='lat' dir='ltr'><strong>in</strong></span> <span class='ocrx_word' id='word_1_687' title='bbox 3099 2903 3240 2954; x_wconf 81' lang='lat' dir='ltr'><strong>eam,</strong></span> <span class='ocrx_word' id='word_1_688' title='bbox 3278 2888 3383 2945; x_wconf 85' lang='lat' dir='ltr'><strong>huc</strong></span> <span class='ocrx_word' id='word_1_689' title='bbox 3425 2901 3536 2956; x_wconf 89' lang='lat' dir='ltr'><strong>est,</strong></span> 
     </span>
    </p>
   </div>
   <div class='ocr_carea' id='block_1_89' title="bbox 1923 2974 3534 3053">
    <p class='ocr_par' dir='ltr' id='par_1_89' title="bbox 1923 2974 3534 3053">
     <span class='ocr_line' id='line_1_90' title="bbox 1923 2974 3534 3053; baseline 0.006 -23"><span class='ocrx_word' id='word_1_690' title='bbox 1923 2974 2374 3046; x_wconf 82' lang='lat' dir='ltr'><strong>indignabantur,</strong></span> <span class='ocrx_word' id='word_1_691' title='bbox 2396 2978 2869 3043; x_wconf 85' lang='lat' dir='ltr'><strong>convitiabantur,</strong></span> <span class='ocrx_word' id='word_1_692' title='bbox 2895 2981 3350 3053; x_wconf 79' lang='lat' dir='ltr'><strong>perstringebant</strong></span> <span class='ocrx_word' id='word_1_693' title='bbox 3384 2998 3534 3039; x_wconf 83' lang='lat' dir='ltr'><strong>eam.</strong></span> 
     </span>
    </p>
   </div>
   <div class='ocr_carea' id='block_1_90' title="bbox 1998 3225 3538 3302">
    <p class='ocr_par' dir='ltr' id='par_1_90' title="bbox 1998 3225 3538 3302">
     <span class='ocr_line' id='line_1_91' title="bbox 1998 3225 3538 3302; baseline 0.01 -23"><span class='ocrx_word' id='word_1_694' title='bbox 1998 3225 2169 3293; x_wconf 71' lang='lat' dir='ltr'><strong>Vens.</strong></span> <span class='ocrx_word' id='word_1_695' title='bbox 2202 3227 2327 3284; x_wconf 61' lang='lat'><strong>6.9.</strong></span> <span class='ocrx_word' id='word_1_696' title='bbox 2372 3250 2390 3283; x_wconf 84' lang='grc' dir='ltr'><strong>ι</strong></span> <span class='ocrx_word' id='word_1_697' title='bbox 2432 3230 2494 3284; x_wconf 78' lang='lat' dir='ltr'><strong>AI</strong></span> <span class='ocrx_word' id='word_1_698' title='bbox 2521 3228 2684 3287; x_wconf 77' lang='lat' dir='ltr'><strong>Jesus</strong></span> <span class='ocrx_word' id='word_1_699' title='bbox 2716 3232 2893 3287; x_wconf 77' lang='lat' dir='ltr'><strong>dixit:</strong></span> <span class='ocrx_word' id='word_1_700' title='bbox 2925 3234 3103 3289; x_wconf 88' lang='lat' dir='ltr'><strong>Sinite</strong></span> <span class='ocrx_word' id='word_1_701' title='bbox 3134 3234 3306 3302; x_wconf 81' lang='lat' dir='ltr'><strong>illam,</strong></span> <span class='ocrx_word' id='word_1_702' title='bbox 3330 3251 3429 3293; x_wconf 90' lang='lat' dir='ltr'><strong>cur</strong></span> <span class='ocrx_word' id='word_1_703' title='bbox 3459 3238 3538 3294; x_wconf 84' lang='lat' dir='ltr'><strong>illi</strong></span> 
     </span>
    </p>
   </div>
   <div class='ocr_carea' id='block_1_91' title="bbox 1926 3322 3535 3403">
    <p class='ocr_par' dir='ltr' id='par_1_91' title="bbox 1926 3322 3535 3403">
     <span class='ocr_line' id='line_1_92' title="bbox 1926 3322 3535 3403; baseline 0.012 -30"><span class='ocrx_word' id='word_1_704' title='bbox 1926 3322 2336 3377; x_wconf 74' lang='lat' dir='ltr'><strong>molesticstis?</strong></span> <span class='ocrx_word' id='word_1_705' title='bbox 2368 3324 2579 3379; x_wconf 86' lang='lat' dir='ltr'><strong>Bonum</strong></span> <span class='ocrx_word' id='word_1_706' title='bbox 2640 3341 2779 3395; x_wconf 89' lang='lat' dir='ltr'><strong>opus</strong></span> <span class='ocrx_word' id='word_1_707' title='bbox 2829 3340 3053 3397; x_wconf 81' lang='lat' dir='ltr'><strong>operata</strong></span> <span class='ocrx_word' id='word_1_708' title='bbox 3105 3339 3189 3384; x_wconf 89' lang='lat' dir='ltr'><strong>est</strong></span> <span class='ocrx_word' id='word_1_709' title='bbox 3238 3346 3368 3403; x_wconf 84' lang='lat' dir='ltr'><strong>erga</strong></span> <span class='ocrx_word' id='word_1_710' title='bbox 3426 3348 3535 3391; x_wconf 85' lang='lat' dir='ltr'><strong>me.</strong></span> 
     </span>
    </p>
   </div>
   <div class='ocr_carea' id='block_1_92' title="bbox 1924 3412 3537 3495">
    <p class='ocr_par' dir='ltr' id='par_1_92' title="bbox 1924 3412 3537 3495">
     <span class='ocr_line' id='line_1_93' title="bbox 1924 3412 3537 3495; baseline 0.01 -29"><span class='ocrx_word' id='word_1_711' title='bbox 1924 3412 2154 3484; x_wconf 84' lang='lat' dir='ltr'><strong>Semper</strong></span> <span class='ocrx_word' id='word_1_712' title='bbox 2184 3416 2330 3470; x_wconf 89' lang='lat' dir='ltr'><strong>enim</strong></span> <span class='ocrx_word' id='word_1_713' title='bbox 2364 3432 2632 3487; x_wconf 76' lang='lat' dir='ltr'><strong>pauperes</strong></span> <span class='ocrx_word' id='word_1_714' title='bbox 2666 3418 2887 3474; x_wconf 75' lang='lat' dir='ltr'><strong>habetis</strong></span> <span class='ocrx_word' id='word_1_715' title='bbox 2930 3420 3236 3488; x_wconf 83' lang='lat' dir='ltr'><strong>vobiscum,</strong></span> <span class='ocrx_word' id='word_1_716' title='bbox 3260 3434 3317 3479; x_wconf 91' lang='lat' dir='ltr'><strong>et</strong></span> <span class='ocrx_word' id='word_1_717' title='bbox 3357 3438 3537 3495; x_wconf 80' lang='lat' dir='ltr'><strong>quan-</strong></span> 
     </span>
    </p>
   </div>
   <div class='ocr_carea' id='block_1_93' title="bbox 1921 3503 3539 3580">
    <p class='ocr_par' dir='ltr' id='par_1_93' title="bbox 1921 3503 3539 3580">
     <span class='ocr_line' id='line_1_94' title="bbox 1921 3503 3539 3580; baseline 0.011 -23"><span class='ocrx_word' id='word_1_718' title='bbox 1921 3503 2213 3576; x_wconf 82' lang='lat' dir='ltr'><strong>dneunque</strong></span> <span class='ocrx_word' id='word_1_719' title='bbox 2254 3508 2561 3576; x_wconf 78' lang='lat' dir='ltr'><strong>volueritis,</strong></span> <span class='ocrx_word' id='word_1_720' title='bbox 2606 3513 2835 3580; x_wconf 88' lang='lat' dir='ltr'><strong>potestis</strong></span> <span class='ocrx_word' id='word_1_721' title='bbox 2890 3513 2998 3568; x_wconf 86' lang='lat' dir='ltr'><strong>illis</strong></span> <span class='ocrx_word' id='word_1_722' title='bbox 3034 3516 3407 3572; x_wconf 78' lang='lat' dir='ltr'><strong>benefacere:</strong></span> <span class='ocrx_word' id='word_1_723' title='bbox 3449 3535 3539 3575; x_wconf 84' lang='lat' dir='ltr'><strong>me</strong></span> 
     </span>
    </p>
   </div>
   <div class='ocr_carea' id='block_1_94' title="bbox 1920 3603 3531 3677">
    <p class='ocr_par' dir='ltr' id='par_1_94' title="bbox 1920 3603 3531 3677">
     <span class='ocr_line' id='line_1_95' title="bbox 1920 3603 3531 3677; baseline 0.011 -25"><span class='ocrx_word' id='word_1_724' title='bbox 1920 3612 2052 3655; x_wconf 79' lang='lat' dir='ltr'><strong>vero</strong></span> <span class='ocrx_word' id='word_1_725' title='bbox 2085 3615 2189 3655; x_wconf 88' lang='lat' dir='ltr'><strong>non</strong></span> <span class='ocrx_word' id='word_1_726' title='bbox 2227 3614 2446 3671; x_wconf 83' lang='lat' dir='ltr'><strong>semper</strong></span> <span class='ocrx_word' id='word_1_727' title='bbox 2495 3603 2731 3661; x_wconf 88' lang='lat' dir='ltr'><strong>habetis.</strong></span> <span class='ocrx_word' id='word_1_728' title='bbox 2773 3604 2928 3672; x_wconf 86' lang='lat' dir='ltr'><strong>Quod</strong></span> <span class='ocrx_word' id='word_1_729' title='bbox 2953 3610 3130 3677; x_wconf 89' lang='lat' dir='ltr'><strong>potuit</strong></span> <span class='ocrx_word' id='word_1_730' title='bbox 3179 3611 3317 3675; x_wconf 65' lang='lat' dir='ltr'><strong>haec,</strong></span> <span class='ocrx_word' id='word_1_731' title='bbox 3347 3610 3477 3669; x_wconf 75' lang='lat' dir='ltr'><strong>fecit</strong></span> <span class='ocrx_word' id='word_1_732' title='bbox 3512 3629 3531 3670; x_wconf 88' lang='lat'><strong>:</strong></span> 
     </span>
    </p>
   </div>
   <div class='ocr_carea' id='block_1_95' title="bbox 1920 3694 3532 3775">
    <p class='ocr_par' dir='ltr' id='par_1_95' title="bbox 1920 3694 3532 3775">
     <span class='ocr_line' id='line_1_96' title="bbox 1920 3694 3532 3775; baseline 0.012 -32"><span class='ocrx_word' id='word_1_733' title='bbox 1920 3694 2186 3761; x_wconf 54' lang='lat' dir='ltr'><strong>praevenit</strong></span> <span class='ocrx_word' id='word_1_734' title='bbox 2237 3702 2297 3747; x_wconf 89' lang='lat' dir='ltr'><strong>ut</strong></span> <span class='ocrx_word' id='word_1_735' title='bbox 2356 3706 2588 3765; x_wconf 90' lang='lat' dir='ltr'><strong>ungeret</strong></span> <span class='ocrx_word' id='word_1_736' title='bbox 2614 3711 2818 3768; x_wconf 88' lang='lat' dir='ltr'><strong>corpus</strong></span> <span class='ocrx_word' id='word_1_737' title='bbox 2843 3715 3025 3755; x_wconf 91' lang='lat' dir='ltr'><strong>meum</strong></span> <span class='ocrx_word' id='word_1_738' title='bbox 3056 3703 3123 3757; x_wconf 86' lang='lat' dir='ltr'><strong>ad</strong></span> <span class='ocrx_word' id='word_1_739' title='bbox 3167 3705 3532 3775; x_wconf 82' lang='lat' dir='ltr'><strong>sepulturam.</strong></span> 
     </span>
    </p>
   </div>
   <div class='ocr_carea' id='block_1_96' title="bbox 1920 3785 3531 3863">
    <p class='ocr_par' dir='ltr' id='par_1_96' title="bbox 1920 3785 3531 3863">
     <span class='ocr_line' id='line_1_97' title="bbox 1920 3785 3531 3863; baseline 0.01 -24"><span class='ocrx_word' id='word_1_740' title='bbox 1920 3785 2092 3840; x_wconf 85' lang='lat' dir='ltr'><strong>Amen</strong></span> <span class='ocrx_word' id='word_1_741' title='bbox 2117 3788 2239 3842; x_wconf 90' lang='lat' dir='ltr'><strong>dico</strong></span> <span class='ocrx_word' id='word_1_742' title='bbox 2257 3788 2431 3849; x_wconf 85' lang='lat' dir='ltr'><strong>vobis,</strong></span> <span class='ocrx_word' id='word_1_743' title='bbox 2458 3791 2770 3861; x_wconf 76' lang='lat' dir='ltr'><strong>ubicunque</strong></span> <span class='ocrx_word' id='word_1_744' title='bbox 2788 3794 3144 3863; x_wconf 60' lang='lat' dir='ltr'><strong>pradicatum</strong></span> <span class='ocrx_word' id='word_1_745' title='bbox 3168 3794 3327 3855; x_wconf 78' lang='lat' dir='ltr'><strong>fuerit</strong></span> <span class='ocrx_word' id='word_1_746' title='bbox 3350 3799 3531 3855; x_wconf 79' lang='lat' dir='ltr'><strong>Evan-</strong></span> 
     </span>
    </p>
   </div>
   <div class='ocr_carea' id='block_1_97' title="bbox 1920 3879 3535 3961">
    <p class='ocr_par' dir='ltr' id='par_1_97' title="bbox 1920 3879 3535 3961">
     <span class='ocr_line' id='line_1_98' title="bbox 1920 3879 3535 3961; baseline 0.011 -30"><span class='ocrx_word' id='word_1_747' title='bbox 1920 3879 2119 3948; x_wconf 89' lang='lat' dir='ltr'><strong>gelium</strong></span> <span class='ocrx_word' id='word_1_748' title='bbox 2154 3880 2256 3935; x_wconf 91' lang='lat' dir='ltr'><strong>hoc</strong></span> <span class='ocrx_word' id='word_1_749' title='bbox 2298 3880 2350 3934; x_wconf 92' lang='lat' dir='ltr'><strong>in</strong></span> <span class='ocrx_word' id='word_1_750' title='bbox 2381 3890 2553 3937; x_wconf 88' lang='lat' dir='ltr'><strong>totum</strong></span> <span class='ocrx_word' id='word_1_751' title='bbox 2578 3886 2864 3950; x_wconf 90' lang='lat' dir='ltr'><strong>mundum,</strong></span> <span class='ocrx_word' id='word_1_752' title='bbox 2889 3887 3055 3941; x_wconf 81' lang='lat' dir='ltr'><strong>etiam</strong></span> <span class='ocrx_word' id='word_1_753' title='bbox 3083 3888 3188 3945; x_wconf 91' lang='lat' dir='ltr'><strong>hoc</strong></span> <span class='ocrx_word' id='word_1_754' title='bbox 3223 3891 3371 3961; x_wconf 89' lang='lat' dir='ltr'><strong>quod</strong></span> <span class='ocrx_word' id='word_1_755' title='bbox 3402 3889 3535 3948; x_wconf 80' lang='lat' dir='ltr'><strong>fecit</strong></span> 
     </span>
    </p>
   </div>
   <div class='ocr_carea' id='block_1_98' title="bbox 1922 3973 3534 4054">
    <p class='ocr_par' dir='ltr' id='par_1_98' title="bbox 1922 3973 3534 4054">
     <span class='ocr_line' id='line_1_99' title="bbox 1922 3973 3534 4054; baseline 0.01 -28"><span class='ocrx_word' id='word_1_756' title='bbox 1922 3973 2059 4039; x_wconf 67' lang='lat' dir='ltr'><strong>haac,</strong></span> <span class='ocrx_word' id='word_1_757' title='bbox 2092 3975 2305 4029; x_wconf 76' lang='lat' dir='ltr'><strong>dicetur</strong></span> <span class='ocrx_word' id='word_1_758' title='bbox 2360 3975 2413 4029; x_wconf 93' lang='lat' dir='ltr'><strong>in</strong></span> <span class='ocrx_word' id='word_1_759' title='bbox 2464 3980 2807 4033; x_wconf 80' lang='lat' dir='ltr'><strong>memoriam</strong></span> <span class='ocrx_word' id='word_1_760' title='bbox 2870 3980 3050 4037; x_wconf 90' lang='lat' dir='ltr'><strong>istius.</strong></span> <span class='ocrx_word' id='word_1_761' title='bbox 3090 4001 3111 4035; x_wconf 71' lang='grc' dir='ltr'><strong>ι</strong></span> <span class='ocrx_word' id='word_1_762' title='bbox 3151 3981 3534 4054; x_wconf 82' lang='lat' dir='ltr'><strong>Reprehendit</strong></span> 
     </span>
    </p>
   </div>
   <div class='ocr_carea' id='block_1_99' title="bbox 1920 4067 3531 4145">
    <p class='ocr_par' dir='ltr' id='par_1_99' title="bbox 1920 4067 3531 4145">
     <span class='ocr_line' id='line_1_100' title="bbox 1920 4067 3531 4145; baseline 0.009 -23"><span class='ocrx_word' id='word_1_763' title='bbox 1920 4067 2183 4123; x_wconf 86' lang='lat' dir='ltr'><strong>Dominus</strong></span> <span class='ocrx_word' id='word_1_764' title='bbox 2204 4069 2527 4138; x_wconf 83' lang='lat' dir='ltr'><strong>discipulos,</strong></span> <span class='ocrx_word' id='word_1_765' title='bbox 2546 4075 2694 4142; x_wconf 85' lang='lat' dir='ltr'><strong>quod</strong></span> <span class='ocrx_word' id='word_1_766' title='bbox 2724 4073 3108 4145; x_wconf 88' lang='lat' dir='ltr'><strong>intempestive</strong></span> <span class='ocrx_word' id='word_1_767' title='bbox 3141 4079 3385 4136; x_wconf 89' lang='lat' dir='ltr'><strong>mulieris</strong></span> <span class='ocrx_word' id='word_1_768' title='bbox 3411 4081 3531 4136; x_wconf 81' lang='lat' dir='ltr'><strong>ala-</strong></span> 
     </span>
    </p>
   </div>
   <div class='ocr_carea' id='block_1_100' title="bbox 1920 4161 3527 4245">
    <p class='ocr_par' dir='ltr' id='par_1_100' title="bbox 1920 4161 3527 4245">
     <span class='ocr_line' id='line_1_101' title="bbox 1920 4161 3527 4245; baseline 0.009 -30"><span class='ocrx_word' id='word_1_769' title='bbox 1920 4161 2102 4216; x_wconf 84' lang='lat' dir='ltr'><strong>critati</strong></span> <span class='ocrx_word' id='word_1_770' title='bbox 2168 4162 2462 4219; x_wconf 84' lang='lat' dir='ltr'><strong>obsistant.</strong></span> <span class='ocrx_word' id='word_1_771' title='bbox 2495 4165 2607 4219; x_wconf 89' lang='lat' dir='ltr'><strong>Cur</strong></span> <span class='ocrx_word' id='word_1_772' title='bbox 2674 4169 2818 4222; x_wconf 90' lang='lat' dir='ltr'><strong>enim</strong></span> <span class='ocrx_word' id='word_1_773' title='bbox 2852 4170 3075 4243; x_wconf 85' lang='lat' dir='ltr'><strong>(inquit)</strong></span> <span class='ocrx_word' id='word_1_774' title='bbox 3125 4173 3200 4226; x_wconf 91' lang='lat' dir='ltr'><strong>illi</strong></span> <span class='ocrx_word' id='word_1_775' title='bbox 3251 4177 3527 4245; x_wconf 81' lang='lat' dir='ltr'><strong>negotium</strong></span> 
     </span>
    </p>
   </div>
   <div class='ocr_carea' id='block_1_101' title="bbox 1919 4250 3522 4335">
    <p class='ocr_par' dir='ltr' id='par_1_101' title="bbox 1919 4250 3522 4335">
     <span class='ocr_line' id='line_1_102' title="bbox 1919 4250 3522 4335; baseline 0.009 -30"><span class='ocrx_word' id='word_1_776' title='bbox 1919 4250 2121 4318; x_wconf 67' lang='lat' dir='ltr'><strong>facitis,</strong></span> <span class='ocrx_word' id='word_1_777' title='bbox 2159 4265 2214 4307; x_wconf 89' lang='lat' dir='ltr'><strong>et</strong></span> <span class='ocrx_word' id='word_1_778' title='bbox 2266 4256 2401 4309; x_wconf 80' lang='lat' dir='ltr'><strong>estis</strong></span> <span class='ocrx_word' id='word_1_779' title='bbox 2444 4257 2698 4312; x_wconf 62' lang='lat' dir='ltr'><strong>molesti?</strong></span> <span class='ocrx_word' id='word_1_780' title='bbox 2726 4259 3021 4329; x_wconf 76' lang='lat' dir='ltr'><strong>PoSIquam</strong></span> <span class='ocrx_word' id='word_1_781' title='bbox 3081 4265 3282 4318; x_wconf 89' lang='lat' dir='ltr'><strong>donum</strong></span> <span class='ocrx_word' id='word_1_782' title='bbox 3318 4267 3522 4335; x_wconf 85' lang='lat' dir='ltr'><strong>attulit,</strong></span> 
     </span>
    </p>
   </div>
   <div class='ocr_carea' id='block_1_102' title="bbox 1920 4349 3527 4422">
    <p class='ocr_par' dir='ltr' id='par_1_102' title="bbox 1920 4349 3527 4422">
     <span class='ocr_line' id='line_1_103' title="bbox 1920 4349 3527 4422; baseline 0.011 -22"><span class='ocrx_word' id='word_1_783' title='bbox 1920 4349 2249 4402; x_wconf 86' lang='lat' dir='ltr'><strong>aversamini</strong></span> <span class='ocrx_word' id='word_1_784' title='bbox 2307 4365 2429 4403; x_wconf 84' lang='lat' dir='ltr'><strong>eam</strong></span> <span class='ocrx_word' id='word_1_785' title='bbox 2494 4366 2617 4405; x_wconf 89' lang='lat' dir='ltr'><strong>cum</strong></span> <span class='ocrx_word' id='word_1_786' title='bbox 2679 4354 3019 4422; x_wconf 79' lang='lat' dir='ltr'><strong>ignominia?</strong></span> <span class='ocrx_word' id='word_1_787' title='bbox 3076 4355 3296 4414; x_wconf 88' lang='lat' dir='ltr'><strong>Interim</strong></span> <span class='ocrx_word' id='word_1_788' title='bbox 3345 4373 3527 4419; x_wconf 89' lang='lat' dir='ltr'><strong>autem</strong></span> 
     </span>
    </p>
   </div>
   <div class='ocr_carea' id='block_1_103' title="bbox 1919 4442 3525 4522">
    <p class='ocr_par' dir='ltr' id='par_1_103' title="bbox 1919 4442 3525 4522">
     <span class='ocr_line' id='line_1_104' title="bbox 1919 4442 3525 4522; baseline 0.011 -31"><span class='ocrx_word' id='word_1_789' title='bbox 1919 4442 2239 4511; x_wconf 87' lang='lat' dir='ltr'><strong>perstringit</strong></span> <span class='ocrx_word' id='word_1_790' title='bbox 2280 4452 2333 4496; x_wconf 89' lang='lat' dir='ltr'><strong>et</strong></span> <span class='ocrx_word' id='word_1_791' title='bbox 2381 4444 2714 4511; x_wconf 86' lang='lat' dir='ltr'><strong>proditorem</strong></span> <span class='ocrx_word' id='word_1_792' title='bbox 2767 4448 3034 4508; x_wconf 79' lang='lat' dir='ltr'><strong>dicendo.</strong></span> <span class='ocrx_word' id='word_1_793' title='bbox 3087 4450 3145 4505; x_wconf 86' lang='lat' dir='ltr'><strong>In</strong></span> <span class='ocrx_word' id='word_1_794' title='bbox 3190 4452 3525 4522; x_wconf 81' lang='lat' dir='ltr'><strong>sepulturam</strong></span> 
     </span>
    </p>
   </div>
   <div class='ocr_carea' id='block_1_104' title="bbox 1921 4530 3525 4615">
    <p class='ocr_par' dir='ltr' id='par_1_104' title="bbox 1921 4530 3525 4615">
     <span class='ocr_line' id='line_1_105' title="bbox 1921 4530 3525 4615; baseline 0.012 -33"><span class='ocrx_word' id='word_1_795' title='bbox 1921 4544 2098 4585; x_wconf 83' lang='lat' dir='ltr'><strong>meam</strong></span> <span class='ocrx_word' id='word_1_796' title='bbox 2152 4530 2256 4586; x_wconf 86' lang='lat' dir='ltr'><strong>hoc</strong></span> <span class='ocrx_word' id='word_1_797' title='bbox 2293 4534 2441 4589; x_wconf 80' lang='lat' dir='ltr'><strong>fecit.</strong></span> <span class='ocrx_word' id='word_1_798' title='bbox 2504 4534 2572 4590; x_wconf 85' lang='lat' dir='ltr'><strong>Et</strong></span> <span class='ocrx_word' id='word_1_799' title='bbox 2628 4538 2790 4607; x_wconf 84' lang='lat' dir='ltr'><strong>plane</strong></span> <span class='ocrx_word' id='word_1_800' title='bbox 2843 4542 3193 4596; x_wconf 62' lang='lat' dir='ltr'><strong>conscientiae</strong></span> <span class='ocrx_word' id='word_1_801' title='bbox 3245 4556 3525 4615; x_wconf 81' lang='lat' dir='ltr'><strong>expertem</strong></span> 
     </span>
    </p>
   </div>
   <div class='ocr_carea' id='block_1_105' title="bbox 1921 4621 3523 4700">
    <p class='ocr_par' dir='ltr' id='par_1_105' title="bbox 1921 4621 3523 4700">
     <span class='ocr_line' id='line_1_106' title="bbox 1921 4621 3523 4700; baseline 0.016 -30"><span class='ocrx_word' id='word_1_802' title='bbox 1921 4621 2122 4691; x_wconf 83' lang='lat' dir='ltr'><strong>arguit,</strong></span> <span class='ocrx_word' id='word_1_803' title='bbox 2164 4623 2321 4691; x_wconf 89' lang='lat' dir='ltr'><strong>quasi</strong></span> <span class='ocrx_word' id='word_1_804' title='bbox 2360 4626 2430 4678; x_wconf 87' lang='lat' dir='ltr'><strong>ita</strong></span> <span class='ocrx_word' id='word_1_805' title='bbox 2464 4626 2668 4682; x_wconf 77' lang='lat' dir='ltr'><strong>(liceret</strong></span> <span class='ocrx_word' id='word_1_806' title='bbox 2704 4627 2789 4683; x_wconf 88' lang='lat' dir='ltr'><strong>ei:</strong></span> <span class='ocrx_word' id='word_1_807' title='bbox 2822 4629 2900 4682; x_wconf 84' lang='lat' dir='ltr'><strong>Tu</strong></span> <span class='ocrx_word' id='word_1_808' title='bbox 2943 4632 3162 4700; x_wconf 87' lang='lat' dir='ltr'><strong>quidem</strong></span> <span class='ocrx_word' id='word_1_809' title='bbox 3198 4636 3249 4689; x_wconf 92' lang='lat' dir='ltr'><strong>in</strong></span> <span class='ocrx_word' id='word_1_810' title='bbox 3294 4649 3523 4696; x_wconf 78' lang='lat' dir='ltr'><strong>mortem</strong></span> 
     </span>
    </p>
   </div>
   <div class='ocr_carea' id='block_1_106' title="bbox 1922 4716 3522 4797">
    <p class='ocr_par' dir='ltr' id='par_1_106' title="bbox 1922 4716 3522 4797">
     <span class='ocr_line' id='line_1_107' title="bbox 1922 4716 3522 4797; baseline 0.015 -32"><span class='ocrx_word' id='word_1_811' title='bbox 1922 4728 2007 4766; x_wconf 82' lang='lat' dir='ltr'><strong>tne.</strong></span> <span class='ocrx_word' id='word_1_812' title='bbox 2040 4716 2337 4783; x_wconf 83' lang='lat' dir='ltr'><strong>tradidisti,</strong></span> <span class='ocrx_word' id='word_1_813' title='bbox 2374 4728 2424 4771; x_wconf 90' lang='lat' dir='ltr'><strong>et</strong></span> <span class='ocrx_word' id='word_1_814' title='bbox 2453 4735 2559 4773; x_wconf 91' lang='lat' dir='ltr'><strong>non</strong></span> <span class='ocrx_word' id='word_1_815' title='bbox 2612 4724 2968 4789; x_wconf 81' lang='lat' dir='ltr'><strong>reprehendis</strong></span> <span class='ocrx_word' id='word_1_816' title='bbox 2997 4728 3340 4797; x_wconf 73' lang='lat' dir='ltr'><strong>term-tipsntn</strong></span> <span class='ocrx_word' id='word_1_817' title='bbox 3376 4750 3389 4785; x_wconf 91' lang='lat'>:</span> <span class='ocrx_word' id='word_1_818' title='bbox 3419 4732 3522 4789; x_wconf 84' lang='lat' dir='ltr'><strong>ista</strong></span> 
     </span>
    </p>
   </div>
   <div class='ocr_carea' id='block_1_107' title="bbox 1919 4808 3521 4891">
    <p class='ocr_par' dir='ltr' id='par_1_107' title="bbox 1919 4808 3521 4891">
     <span class='ocr_line' id='line_1_108' title="bbox 1919 4808 3521 4891; baseline 0.014 -32"><span class='ocrx_word' id='word_1_819' title='bbox 1919 4816 2100 4861; x_wconf 86' lang='lat' dir='ltr'><strong>autem</strong></span> <span class='ocrx_word' id='word_1_820' title='bbox 2134 4808 2186 4861; x_wconf 91' lang='lat' dir='ltr'><strong>in</strong></span> <span class='ocrx_word' id='word_1_821' title='bbox 2249 4810 2584 4880; x_wconf 75' lang='lat' dir='ltr'><strong>sepulturam</strong></span> <span class='ocrx_word' id='word_1_822' title='bbox 2650 4829 2826 4868; x_wconf 87' lang='lat' dir='ltr'><strong>meam</strong></span> <span class='ocrx_word' id='word_1_823' title='bbox 2885 4831 3217 4887; x_wconf 82' lang='lat' dir='ltr'><strong>unguentum</strong></span> <span class='ocrx_word' id='word_1_824' title='bbox 3263 4822 3521 4891; x_wconf 73' lang='lat' dir='ltr'><strong>alierens.</strong></span> 
     </span>
    </p>
   </div>
   <div class='ocr_carea' id='block_1_108' title="bbox 1922 4902 3525 4989">
    <p class='ocr_par' dir='ltr' id='par_1_108' title="bbox 1922 4902 3525 4989">
     <span class='ocr_line' id='line_1_109' title="bbox 1922 4902 3525 4989; baseline 0.015 -37"><span class='ocrx_word' id='word_1_825' title='bbox 1922 4907 2177 4970; x_wconf 89' lang='lat' dir='ltr'><strong>tanquam</strong></span> <span class='ocrx_word' id='word_1_826' title='bbox 2212 4918 2240 4955; x_wconf 88' lang='lat' dir='ltr'><strong>a</strong></span> <span class='ocrx_word' id='word_1_827' title='bbox 2281 4902 2391 4960; x_wconf 90' lang='lat' dir='ltr'><strong>Deo</strong></span> <span class='ocrx_word' id='word_1_828' title='bbox 2424 4917 2569 4960; x_wconf 89' lang='lat' dir='ltr'><strong>mota</strong></span> <span class='ocrx_word' id='word_1_829' title='bbox 2602 4908 2761 4979; x_wconf 80' lang='lat' dir='ltr'><strong>digna</strong></span> <span class='ocrx_word' id='word_1_830' title='bbox 2804 4925 2891 4965; x_wconf 89' lang='lat' dir='ltr'><strong>me</strong></span> <span class='ocrx_word' id='word_1_831' title='bbox 2913 4922 3016 4977; x_wconf 87' lang='lat' dir='ltr'><strong>est,</strong></span> <span class='ocrx_word' id='word_1_832' title='bbox 3051 4927 3171 4981; x_wconf 77' lang='lat' dir='ltr'><strong>qua-</strong></span> <span class='ocrx_word' id='word_1_833' title='bbox 3193 4929 3221 4968; x_wconf 86' lang='lat' dir='ltr'><strong>a</strong></span> <span class='ocrx_word' id='word_1_834' title='bbox 3254 4924 3305 4971; x_wconf 90' lang='lat' dir='ltr'><strong>te</strong></span> <span class='ocrx_word' id='word_1_835' title='bbox 3334 4934 3525 4989; x_wconf 85' lang='lat' dir='ltr'><strong>repre-</strong></span> 
     </span>
    </p>
   </div>
   <div class='ocr_carea' id='block_1_109' title="bbox 1920 4992 3522 5083">
    <p class='ocr_par' dir='ltr' id='par_1_109' title="bbox 1920 4992 3522 5083">
     <span class='ocr_line' id='line_1_110' title="bbox 1920 4992 3522 5083; baseline 0.016 -37"><span class='ocrx_word' id='word_1_836' title='bbox 1920 4992 2231 5049; x_wconf 81' lang='lat' dir='ltr'><strong>hendatur?</strong></span> <span class='ocrx_word' id='word_1_837' title='bbox 2262 4994 2589 5067; x_wconf 81' lang='lat' dir='ltr'><strong>Prophetam</strong></span> <span class='ocrx_word' id='word_1_838' title='bbox 2610 5012 2790 5057; x_wconf 85' lang='lat' dir='ltr'><strong>autem</strong></span> <span class='ocrx_word' id='word_1_839' title='bbox 2820 5006 2933 5077; x_wconf 87' lang='lat' dir='ltr'><strong>agit</strong></span> <span class='ocrx_word' id='word_1_840' title='bbox 2963 5008 3063 5062; x_wconf 89' lang='lat' dir='ltr'><strong>hoc</strong></span> <span class='ocrx_word' id='word_1_841' title='bbox 3091 5008 3211 5064; x_wconf 91' lang='lat' dir='ltr'><strong>loco</strong></span> <span class='ocrx_word' id='word_1_842' title='bbox 3237 5010 3522 5083; x_wconf 85' lang='lat' dir='ltr'><strong>Dominus,</strong></span> 
     </span>
    </p>
   </div>
   <div class='ocr_carea' id='block_1_110' title="bbox 1916 5082 3518 5169">
    <p class='ocr_par' dir='ltr' id='par_1_110' title="bbox 1916 5082 3518 5169">
     <span class='ocr_line' id='line_1_111' title="bbox 1916 5082 3518 5169; baseline 0.016 -32"><span class='ocrx_word' id='word_1_843' title='bbox 1916 5082 2131 5153; x_wconf 88' lang='lat' dir='ltr'><strong>duoque</strong></span> <span class='ocrx_word' id='word_1_844' title='bbox 2150 5088 2420 5156; x_wconf 64' lang='lat' dir='ltr'><strong>praedicit,</strong></span> <span class='ocrx_word' id='word_1_845' title='bbox 2454 5106 2509 5145; x_wconf 83' lang='lat' dir='ltr'><strong>et</strong></span> <span class='ocrx_word' id='word_1_846' title='bbox 2541 5096 2685 5162; x_wconf 89' lang='lat' dir='ltr'><strong>quod</strong></span> <span class='ocrx_word' id='word_1_847' title='bbox 2723 5093 3079 5163; x_wconf 75' lang='lat' dir='ltr'><strong>Evangelinm</strong></span> <span class='ocrx_word' id='word_1_848' title='bbox 3108 5082 3518 5169; x_wconf 65' lang='lat' dir='ltr'><strong>prastlicaudum</strong></span> 
     </span>
    </p>
   </div>
   <div class='ocr_carea' id='block_1_111' title="bbox 1918 5177 3524 5271">
    <p class='ocr_par' dir='ltr' id='par_1_111' title="bbox 1918 5177 3524 5271">
     <span class='ocr_line' id='line_1_112' title="bbox 1918 5177 3524 5271; baseline 0.016 -39"><span class='ocrx_word' id='word_1_849' title='bbox 1918 5177 1989 5232; x_wconf 86' lang='lat' dir='ltr'><strong>sit</strong></span> <span class='ocrx_word' id='word_1_850' title='bbox 2021 5179 2072 5233; x_wconf 89' lang='lat' dir='ltr'><strong>iu</strong></span> <span class='ocrx_word' id='word_1_851' title='bbox 2108 5189 2218 5235; x_wconf 88' lang='lat' dir='ltr'><strong>toto</strong></span> <span class='ocrx_word' id='word_1_852' title='bbox 2246 5188 2470 5251; x_wconf 86' lang='lat' dir='ltr'><strong>mundo,</strong></span> <span class='ocrx_word' id='word_1_853' title='bbox 2514 5196 2567 5242; x_wconf 87' lang='lat' dir='ltr'><strong>et</strong></span> <span class='ocrx_word' id='word_1_854' title='bbox 2591 5190 2730 5257; x_wconf 79' lang='lat' dir='ltr'><strong>quod</strong></span> <span class='ocrx_word' id='word_1_855' title='bbox 2767 5208 2904 5260; x_wconf 68' lang='lat' dir='ltr'><strong>(qius</strong></span> <span class='ocrx_word' id='word_1_856' title='bbox 2930 5191 3175 5251; x_wconf 84' lang='lat' dir='ltr'><strong>mulieris</strong></span> <span class='ocrx_word' id='word_1_857' title='bbox 3200 5199 3524 5271; x_wconf 65' lang='lat' dir='ltr'><strong>simulprte—</strong></span> 
     </span>
    </p>
   </div>
   <div class='ocr_carea' id='block_1_112' title="bbox 1919 5273 3524 5361">
    <p class='ocr_par' dir='ltr' id='par_1_112' title="bbox 1919 5273 3524 5361">
     <span class='ocr_line' id='line_1_113' title="bbox 1919 5273 3524 5361; baseline 0.017 -37"><span class='ocrx_word' id='word_1_858' title='bbox 1919 5273 2233 5328; x_wconf 76' lang='lat' dir='ltr'><strong>dit-nudum.</strong></span> <span class='ocrx_word' id='word_1_859' title='bbox 2274 5276 2699 5335; x_wconf 79' lang='lat' dir='ltr'><strong>Confundautur</strong></span> <span class='ocrx_word' id='word_1_860' title='bbox 2771 5284 2873 5339; x_wconf 84' lang='lat' dir='ltr'><strong>hoc</strong></span> <span class='ocrx_word' id='word_1_861' title='bbox 2939 5286 3062 5343; x_wconf 90' lang='lat' dir='ltr'><strong>loco</strong></span> <span class='ocrx_word' id='word_1_862' title='bbox 3105 5290 3199 5360; x_wconf 88' lang='lat' dir='ltr'><strong>qui</strong></span> <span class='ocrx_word' id='word_1_863' title='bbox 3258 5307 3524 5361; x_wconf 75' lang='lat' dir='ltr'><strong>pauperes</strong></span> 
     </span>
    </p>
   </div>
   <div class='ocr_carea' id='block_1_113' title="bbox 1917 5365 3518 5452">
    <p class='ocr_par' dir='ltr' id='par_1_113' title="bbox 1917 5365 3518 5452">
     <span class='ocr_line' id='line_1_114' title="bbox 1917 5365 3518 5452; baseline 0.017 -33"><span class='ocrx_word' id='word_1_864' title='bbox 1917 5365 2137 5420; x_wconf 88' lang='lat' dir='ltr'><strong>Christo</strong></span> <span class='ocrx_word' id='word_1_865' title='bbox 2162 5370 2478 5433; x_wconf 70' lang='lat' dir='ltr'><strong>prmfertmt.</strong></span> <span class='ocrx_word' id='word_1_866' title='bbox 2519 5375 2713 5429; x_wconf 81' lang='lat' dir='ltr'><strong>Audivi</strong></span> <span class='ocrx_word' id='word_1_867' title='bbox 2746 5379 2893 5433; x_wconf 80' lang='lat' dir='ltr'><strong>enim</strong></span> <span class='ocrx_word' id='word_1_868' title='bbox 2929 5396 3029 5452; x_wconf 85' lang='lat' dir='ltr'><strong>ego</strong></span> <span class='ocrx_word' id='word_1_869' title='bbox 3064 5382 3376 5443; x_wconf 75' lang='lat' dir='ltr'><strong>aurifubros</strong></span> <span class='ocrx_word' id='word_1_870' title='bbox 3434 5391 3518 5445; x_wconf 78' lang='lat' dir='ltr'><strong>di-</strong></span> 
     </span>
    </p>
   </div>
   <div class='ocr_carea' id='block_1_114' title="bbox 1919 5463 3521 5548">
    <p class='ocr_par' dir='ltr' id='par_1_114' title="bbox 1919 5463 3521 5548">
     <span class='ocr_line' id='line_1_115' title="bbox 1919 5463 3521 5548; baseline 0.014 -36"><span class='ocrx_word' id='word_1_871' title='bbox 1919 5469 2128 5525; x_wconf 81' lang='lat' dir='ltr'><strong>centes,</strong></span> <span class='ocrx_word' id='word_1_872' title='bbox 2154 5463 2295 5528; x_wconf 85' lang='lat' dir='ltr'><strong>quod</strong></span> <span class='ocrx_word' id='word_1_873' title='bbox 2333 5464 2377 5517; x_wconf 87' lang='lat' dir='ltr'><strong>si</strong></span> <span class='ocrx_word' id='word_1_874' title='bbox 2413 5479 2512 5534; x_wconf 88' lang='lat' dir='ltr'><strong>ego</strong></span> <span class='ocrx_word' id='word_1_875' title='bbox 2538 5466 2831 5542; x_wconf 74' lang='lat' dir='ltr'><strong>dissectum</strong></span> <span class='ocrx_word' id='word_1_876' title='bbox 2864 5487 3082 5529; x_wconf 88' lang='lat' dir='ltr'><strong>sacrum</strong></span> <span class='ocrx_word' id='word_1_877' title='bbox 3112 5490 3207 5531; x_wconf 89' lang='lat' dir='ltr'><strong>vas</strong></span> <span class='ocrx_word' id='word_1_878' title='bbox 3234 5478 3357 5533; x_wconf 90' lang='lat' dir='ltr'><strong>dem</strong></span> <span class='ocrx_word' id='word_1_879' title='bbox 3392 5496 3521 5548; x_wconf 84' lang='lat' dir='ltr'><strong>pau-</strong></span> 
     </span>
    </p>
   </div>
   <div class='ocr_carea' id='block_1_115' title="bbox 1918 5552 3522 5641">
    <p class='ocr_par' dir='ltr' id='par_1_115' title="bbox 1918 5552 3522 5641">
     <span class='ocr_line' id='line_1_116' title="bbox 1918 5552 3522 5641; baseline 0.011 -37"><span class='ocrx_word' id='word_1_880' title='bbox 1918 5552 2159 5622; x_wconf 86' lang='lat' dir='ltr'><strong>peribus,</strong></span> <span class='ocrx_word' id='word_1_881' title='bbox 2188 5564 2244 5609; x_wconf 87' lang='lat' dir='ltr'><strong>et</strong></span> <span class='ocrx_word' id='word_1_882' title='bbox 2266 5570 2365 5624; x_wconf 87' lang='lat' dir='ltr'><strong>ego</strong></span> <span class='ocrx_word' id='word_1_883' title='bbox 2402 5557 2601 5622; x_wconf 78' lang='lat' dir='ltr'><strong>vivam,</strong></span> <span class='ocrx_word' id='word_1_884' title='bbox 2639 5576 2737 5615; x_wconf 88' lang='lat' dir='ltr'><strong>nec</strong></span> <span class='ocrx_word' id='word_1_885' title='bbox 2765 5565 3124 5622; x_wconf 87' lang='lat' dir='ltr'><strong>condemuer.</strong></span> <span class='ocrx_word' id='word_1_886' title='bbox 3157 5570 3399 5626; x_wconf 74' lang='lat' dir='ltr'><strong>Audiant</strong></span> <span class='ocrx_word' id='word_1_887' title='bbox 3420 5574 3522 5641; x_wconf 79' lang='lat' dir='ltr'><strong>igi-</strong></span> 
     </span>
    </p>
   </div>
   <div class='ocr_carea' id='block_1_116' title="bbox 1921 5647 3523 5736">
    <p class='ocr_par' dir='ltr' id='par_1_116' title="bbox 1921 5647 3523 5736">
     <span class='ocr_line' id='line_1_117' title="bbox 1921 5647 3523 5736; baseline 0.014 -39"><span class='ocrx_word' id='word_1_888' title='bbox 1921 5654 2007 5697; x_wconf 91' lang='lat' dir='ltr'><strong>tur</strong></span> <span class='ocrx_word' id='word_1_889' title='bbox 2035 5647 2312 5714; x_wconf 90' lang='lat' dir='ltr'><strong>quomodo</strong></span> <span class='ocrx_word' id='word_1_890' title='bbox 2342 5647 2593 5707; x_wconf 87' lang='lat' dir='ltr'><strong>Christus</strong></span> <span class='ocrx_word' id='word_1_891' title='bbox 2642 5654 2897 5724; x_wconf 69' lang='lat' dir='ltr'><strong>praeferat</strong></span> <span class='ocrx_word' id='word_1_892' title='bbox 2922 5660 3007 5716; x_wconf 89' lang='lat' dir='ltr'><strong>sui</strong></span> <span class='ocrx_word' id='word_1_893' title='bbox 3040 5676 3229 5717; x_wconf 88' lang='lat' dir='ltr'><strong>curam</strong></span> <span class='ocrx_word' id='word_1_894' title='bbox 3270 5666 3523 5736; x_wconf 86' lang='lat' dir='ltr'><strong>pauperi-</strong></span> 
     </span>
    </p>
   </div>
   <div class='ocr_carea' id='block_1_117' title="bbox 1919 5736 3523 5825">
    <p class='ocr_par' dir='ltr' id='par_1_117' title="bbox 1919 5736 3523 5825">
     <span class='ocr_line' id='line_1_118' title="bbox 1919 5736 3523 5825; baseline 0.014 -34"><span class='ocrx_word' id='word_1_895' title='bbox 1919 5736 2040 5791; x_wconf 88' lang='lat' dir='ltr'><strong>bus.</strong></span> <span class='ocrx_word' id='word_1_896' title='bbox 2096 5736 2301 5795; x_wconf 82' lang='lat' dir='ltr'><strong>Christi</strong></span> <span class='ocrx_word' id='word_1_897' title='bbox 2371 5752 2553 5797; x_wconf 86' lang='lat' dir='ltr'><strong>autem</strong></span> <span class='ocrx_word' id='word_1_898' title='bbox 2600 5761 2803 5819; x_wconf 90' lang='lat' dir='ltr'><strong>corpus</strong></span> <span class='ocrx_word' id='word_1_899' title='bbox 2868 5755 3090 5822; x_wconf 89' lang='lat' dir='ltr'><strong>proprie</strong></span> <span class='ocrx_word' id='word_1_900' title='bbox 3121 5767 3229 5818; x_wconf 88' lang='lat' dir='ltr'><strong>est,</strong></span> <span class='ocrx_word' id='word_1_901' title='bbox 3274 5760 3418 5825; x_wconf 81' lang='lat' dir='ltr'><strong>quod</strong></span> <span class='ocrx_word' id='word_1_902' title='bbox 3470 5760 3523 5813; x_wconf 89' lang='lat' dir='ltr'><strong>in</strong></span> 
     </span>
    </p>
   </div>
   <div class='ocr_carea' id='block_1_118' title="bbox 1920 5827 3525 5919">
    <p class='ocr_par' dir='ltr' id='par_1_118' title="bbox 1920 5827 3525 5919">
     <span class='ocr_line' id='line_1_119' title="bbox 1920 5827 3525 5919; baseline 0.012 -38"><span class='ocrx_word' id='word_1_903' title='bbox 1920 5827 2071 5882; x_wconf 79' lang='lat' dir='ltr'><strong>disco</strong></span> <span class='ocrx_word' id='word_1_904' title='bbox 2095 5843 2286 5899; x_wconf 89' lang='lat' dir='ltr'><strong>aureo,</strong></span> <span class='ocrx_word' id='word_1_905' title='bbox 2322 5842 2375 5887; x_wconf 91' lang='lat' dir='ltr'><strong>et</strong></span> <span class='ocrx_word' id='word_1_906' title='bbox 2424 5838 2647 5906; x_wconf 81' lang='lat' dir='ltr'><strong>sanguis</strong></span> <span class='ocrx_word' id='word_1_907' title='bbox 2699 5845 2794 5909; x_wconf 87' lang='lat' dir='ltr'><strong>qui</strong></span> <span class='ocrx_word' id='word_1_908' title='bbox 2861 5844 2911 5895; x_wconf 89' lang='lat' dir='ltr'><strong>in</strong></span> <span class='ocrx_word' id='word_1_909' title='bbox 2970 5848 3183 5915; x_wconf 88' lang='lat' dir='ltr'><strong>poculo.</strong></span> <span class='ocrx_word' id='word_1_910' title='bbox 3226 5849 3328 5915; x_wconf 82' lang='lat' dir='ltr'><strong>Qui</strong></span> <span class='ocrx_word' id='word_1_911' title='bbox 3358 5849 3525 5919; x_wconf 79' lang='lat' dir='ltr'><strong>igitur</strong></span> 
     </span>
    </p>
   </div>
   <div class='ocr_carea' id='block_1_119' title="bbox 1918 5921 3523 6013">
    <p class='ocr_par' dir='ltr' id='par_1_119' title="bbox 1918 5921 3523 6013">
     <span class='ocr_line' id='line_1_120' title="bbox 1918 5921 3523 6013; baseline 0.016 -38"><span class='ocrx_word' id='word_1_912' title='bbox 1918 5921 2207 5978; x_wconf 82' lang='lat' dir='ltr'><strong>abstulerit</strong></span> <span class='ocrx_word' id='word_1_913' title='bbox 2256 5926 2468 5983; x_wconf 77' lang='lat' dir='ltr'><strong>discum</strong></span> <span class='ocrx_word' id='word_1_914' title='bbox 2533 5932 2855 6005; x_wconf 86' lang='lat' dir='ltr'><strong>pretiosum,</strong></span> <span class='ocrx_word' id='word_1_915' title='bbox 2887 5948 2940 5995; x_wconf 88' lang='lat' dir='ltr'><strong>et</strong></span> <span class='ocrx_word' id='word_1_916' title='bbox 3004 5942 3149 6012; x_wconf 88' lang='lat' dir='ltr'><strong>cogit</strong></span> <span class='ocrx_word' id='word_1_917' title='bbox 3206 5952 3262 5997; x_wconf 91' lang='lat' dir='ltr'><strong>ut</strong></span> <span class='ocrx_word' id='word_1_918' title='bbox 3322 5960 3523 6013; x_wconf 83' lang='lat' dir='ltr'><strong>corpus</strong></span> 
     </span>
    </p>
   </div>
  </div>
