4028 6428
577 460 677 531 651

1518 443 2096 511 THEOPHYLACTI
2135 440 2546 504 BULGARLE
2583 439 2941 502 ABCHIEP.

581 584 641 633 e'.
671 590 891 633 carnem
931 575 1195 632 videntes,
1232 581 1340 622 non
1377 562 1664 625 ferremus,
1695 558 1792 615 sed
1833 558 2153 612 abhorrere-

2264 554 2513 624 κείμενον
2553 556 2646 605 xui.
2684 553 2867 624 σάρκα
2905 550 3140 623 δρῶντες
3167 590 3182 615 ,
3232 548 3335 603 οὐκ
3387 548 3457 604 ἂν
3503 548 3851 620 ἠνέγκαμεν,

583 686 706 725 mus
754 667 1010 722 :idcirco
1062 659 1373 716 misericors
1418 653 1561 709 Deus
1612 660 1814 707 nostra:
1855 647 2155 704 inﬁrmitati

582 756 1040 821 condescendens,
1066 752 1299 823 speciem
1322 748 1539 817 quidem
1564 744 1719 813 panis
1739 753 1795 798 et
1816 741 1926 796 vini
1953 747 2155 804 servat,

582 851 636 906 in
684 850 942 904 virtutem
998 855 1179 898 autem
1228 838 1411 895 carnis
1459 845 1515 892 et
1559 832 1844 904 sanguinis
1890 828 2157 884 transele-

580 950 805 995 meutat.
856 937 1189 1007 Sanguinem
1244 945 1377 985 vero
1420 927 1555 983 Novi
1613 921 1925 979 testamenti
1993 920 2154 984 dixit,

577 1028 899 1100 opponendo
935 1026 1140 1080 Veteri.
1176 1020 1422 1076 Habebat
1455 1017 1597 1072 enim
1637 1023 1691 1069 et
1731 1010 1903 1067 Vetus
1950 1009 2159 1100 Testa-

579 1097 821 1175 mentum
854 1116 1171 1185 sanguinem
1204 1126 1311 1180 quo
1350 1106 1783 1175 aspergebantur
1814 1112 1868 1154 et
1909 1097 2159 1169 pupulus,

580 1218 637 1265 et
704 1208 842 1261 liber
890 1206 1024 1277 legis
1059 1206 1101 1259 ¹.
1146 1202 1266 1257 Non
1309 1206 1493 1253 autem
1532 1195 1710 1250 bibam
1750 1208 1817 1247 ex
1864 1192 1968 1246 hoc
2011 1190 2160 1254 vino,

578 1301 733 1365 dicit,
764 1313 936 1368 usque
970 1300 1040 1351 ad
1083 1292 1559 1349 resurrectionem.
1601 1287 1846 1355 Regnum
1894 1282 2039 1337 enim
2071 1297 2160 1337 re-

581 1392 971 1450 surrectionem
1032 1396 1234 1448 vocat,
1285 1394 1540 1450 tanquam
1598 1393 1693 1432 rex
1747 1376 1836 1445 qui
1896 1375 2159 1429 adversus

584 1487 813 1535 mortem
848 1475 1092 1539 certarit,
1130 1484 1185 1527 et
1218 1481 1425 1540 regnat.
1470 1467 1618 1521 Sane
1650 1474 1773 1535 post
1805 1462 2163 1519 resurrectio-

580 1586 703 1628 nem
736 1570 869 1623 bibit
890 1578 944 1623 et
982 1565 1216 1621 comedit
1248 1577 1373 1616 cum
1400 1557 1703 1628 discipulis,
1740 1558 1975 1625 probans
2013 1555 2157 1623 quod

581 1660 671 1716 ille
695 1660 809 1728 ipse
829 1668 973 1713 esset
1001 1656 1091 1726 qui
1118 1668 1313 1725 passus
1340 1650 1538 1705 fuerat.
1564 1647 1774 1703 Novum
1807 1656 1989 1701 autem
2026 1644 2157 1699 illud

577 1751 734 1816 bibit,
764 1750 866 1805 hoc
902 1759 987 1804 est
1022 1761 1163 1802 novo
1198 1744 1431 1814 quodam
1481 1742 1640 1796 modo
1685 1749 1740 1795 et
1778 1739 2016 1805 insolito,
2050 1753 2159 1790 non

582 1843 727 1898 enim
762 1843 905 1897 ultra
944 1855 1141 1908 corpus
1170 1838 1404 1891 habebat
1433 1832 1711 1904 possibile,
1746 1829 1893 1899 quod
1928 1828 2050 1883 cibo
2083 1828 2163 1881 in-

583 1938 811 2009 digeret,
861 1934 953 1990 sed
1006 1930 1308 1988 immortale
1342 1940 1396 1983 et
1430 1924 1861 1995 iucorruptihile.
1894 1922 2159 1990 llntellige

584 2040 761 2085 autem
798 2030 961 2083 etiam
1007 2026 1132 2080 sic:
1176 2020 1316 2077 Vitis
1342 2019 1604 2075 Dominus
1650 2019 1765 2087 ipse
1798 2025 1902 2082 est,
1950 2014 2160 2071 fructus

585 2133 765 2177 ..atem
811 2119 936 2173 vitis
970 2115 1226 2188 mysteria
1272 2123 1399 2168 sunt
1442 2120 1499 2165 et
1548 2109 1863 2164 abscondita
1910 2106 2157 2170 scientia,

583 2231 743 2286 quam
776 2214 889 2283 ipse
926 2211 1153 2281 profert,
1189 2208 1389 2261 docens
1438 2202 1710 2259 hominem
1759 2200 2068 2254 scientiam.
2099 2198 2158 2251 In

583 2321 747 2378 legito
788 2306 967 2373 itaque
1006 2299 1122 2367 Dei,
1149 2300 1251 2353 hoc
1310 2306 1416 2363 est,
1452 2298 1503 2349 in
1536 2301 1731 2349 octavo
1760 2290 1979 2353 szeculo,
2013 2288 2161 2343 bibet

582 2415 707 2455 cum
735 2396 1009 2464 discipulis
1061 2391 1195 2456 suis,
1241 2388 1405 2459 250
1441 2386 1697 2459 mysteria
1740 2392 1795 2437 et
1840 2380 2157 2451 sapientiam

583 2506 775 2546 novam
798 2486 1088 2557 quamdam
1119 2484 1322 2538 docens
1354 2494 1475 2543 nos,
1493 2485 1548 2532 et
1575 2474 1829 2531 revelans
1859 2488 1981 2542 quan
2015 2486 2161 2525 nune

580 2580 898 2638 abscondita
927 2586 1076 2632 sunt.

654 2671 820 2727 Vsus.
853 2669 1041 2725 ﬁli-5|.
1084 2687 1103 2719 ε
1136 2668 1201 2719 Ει
1240 2680 1363 2720 cum
1411 2664 1669 2735 hymnum
1704 2660 1994 2723 dixissent,
2040 2658 2159 2714 cxi-

586 2774 751 2821 etuut
803 2766 855 2817 in
906 2769 1147 2815 montem
1196 2758 1475 2814 0|.varum
1506 2773 1520 2809 :
1556 2765 1611 2809 et
1644 2755 1775 2808 dicit
1818 2752 1926 2807 illis
1956 2751 2112 2806 Iesus
2141 2767 2155 2804 :

579 2856 783 2913 Omnes
804 2850 1185 2909 olendiculum
1211 2846 1491 2916 patiemini
1522 2860 1617 2911 per
1641 2858 1727 2899 me
1750 2843 1802 2896 iu
1826 2842 1930 2896 hac
1956 2852 2115 2896 nocte
2140 2854 2156 2893 :

582 2951 711 3018 quia
754 2947 1017 3017 scriptum
1049 2955 1132 2998 est
1161 2961 1175 2996 :
1209 2941 1518 2997 Percutiam
1546 2949 1840 3008 pastorem,
1864 2946 1921 2992 et
1950 2938 2160 3006 disper-

582 3049 775 3110 geutur
798 3051 943 3092 oves.
966 3033 1072 3090 Sed
1101 3043 1445 3103 posteaquam
1470 3046 1840 3096 resurrexero,
1859 3029 2157 3100 praecedam

583 3147 679 3188 vos
714 3132 765 3185 in
807 3129 1106 3186 Galilaeam.
1139 3125 1334 3181 Petrus
1368 3133 1549 3178 autem
1596 3122 1732 3177 dixit
1776 3122 1851 3176 illi
1885 3140 1900 3176 :
1930 3120 2154 3175 Etiamsi

2264 648 2379 701 ἀλλ’
2415 648 2902 718 ἀπεναρκήσαμεν’
2932 644 3022 699 διὰ
3041 643 3205 698 τοῦτο
3232 640 3689 711 συγκαταϐαίνων
3714 643 3857 711 ήμιν

2271 740 2300 792 6
2329 737 2735 809 φιλάνθρωπος,
2765 737 2828 790 τδ
2859 736 2961 807 μιν
2990 731 3131 801 εῐδος
3163 736 3331 806 ἄρτου
3353 734 3451 787 καὶ
3478 732 3625 786 οἴνου
3645 732 3856 801 φυλάτ-

2261 848 2345 885 τει
2371 847 2387 861 ο
2423 830 2504 892 είς
2548 828 2778 899 δύναμιν
2808 828 2866 882 δὲ
2901 827 3103 899 σαρκὸς
3138 828 3232 880 καὶ
3276 827 3510 895 αἵματος
3554 839 3849 895 μεταστοι-

2262 922 2423 993 χειοῖ.
2466 914 2617 991 Αἷμα
2660 919 2718 973 δὲ
2759 906 2970 990 Καινῆς
3000 912 3277 989 Διαθήκης
3327 912 3473 985 εἷπε,
3519 916 3661 986 πρὸς
3696 916 3856 968 άντιο

2264 1012 2549 1085 διαστολὴν
2586 1013 2684 1083 τῆς
2716 1011 3105 1075 Παλαιᾶς.Καὶ
3133 1010 3243 1081 γάρ
3272 1008 3552 1079 ήἿῙαλαιὰ
3580 1008 3854 1079 Διαθήκη,

2264 1106 2495 1176 κάκείνη
2526 1098 2666 1175 αἷμα
2696 1100 2837 1174 εἶχε,
2862 1103 2933 1157 δι’
2974 1095 3039 1156 οἶν
3078 1101 3413 1176 ἒρραντίσθη
3442 1104 3473 1157 δ
3497 1119 3559 1156 τε
3596 1101 3724 1164 λαὸς
3755 1104 3857 1154 καὶ

2264 1200 2327 1252 τὴ
2356 1197 2564 1268 βιϐλίον
2595 1196 2692 1250 τοῦ
2721 1197 2910 1267 νόμου.
2947 1197 3023 1249 Οὐ
3058 1197 3133 1264 μὴ
3178 1194 3287 1247 πίω
3328 1194 3390 1247 δὲ
3430 1198 3494 1249 ἐκ
3524 1192 3622 1248 τοῦ
3666 1195 3849 1260 οτνου,

2264 1292 2434 1359 λέγει,
2483 1290 2614 1361 ἄχρι
2671 1288 2772 1358 τῆς
2826 1288 3200 1350 ἀναστάσεως.
3256 1286 3547 1340 Βασιλείαν
3594 1287 3706 1356 γὰρ
3747 1287 3855 1355 τήν

2264 1383 2561 1439 ἀνάστασιν
2591 1381 2873 1451 ὀνομάζει,
2906 1380 2980 1443 ὡς
3022 1379 3350 1451 βασιλεύσας
3399 1379 3519 1432 τότε
3568 1378 3712 1432 κατὰ
3752 1375 3855 1430 τοῦ

2272 1475 2532 1529 θανάτου.
2572 1476 2730 1529 Mem
2755 1474 2885 1542 γοῦν
2925 1472 3025 1543 τήν
3055 1470 3379 1536 ἀνάστασιν,
3408 1470 3579 1540 ἔφαγε
3609 1468 3707 1523 καὶ
3727 1468 3857 1523 hu

2270 1569 2415 1639 μετὰ
2444 1568 2554 1623 τῶν
2589 1566 2870 1639 μαθητῶν,
2904 1565 3289 1636 πιστούμενος,
3324 1565 3406 1618 δτι
3450 1562 3612 1627 αὐτὸς
3640 1562 3860 1628 ικεῖνός

2266 1662 2420 1715 ἐστιν
2474 1663 2505 1715 ὁ
2540 1662 2752 1716 παθων.
2793 1660 2997 1718 Καινδν
3022 1659 3081 1717 δὲ
3138 1660 3285 1712 πίνει
3332 1657 3489 1721 αὐτὸ,
3545 1655 3858 1719 τουτέστιν,

2264 1756 2452 1808 καινόν
2474 1771 2600 1807 τινα
2615 1753 2819 1823 τρόπον
2841 1753 2933 1806 καὶ
2958 1750 3129 1815 ξένον,
3154 1752 3256 1805 οὐκ
3285 1750 3366 1805 ἔτι
3396 1751 3507 1821 γάρ
3543 1749 3705 1819 σῶμα
3744 1766 3858 1802 πα-

2193 1876 2236 1936 B
2274 1844 2438 1917 θητὸν
2462 1841 2601 1917 εἶχε,
2627 1846 2882 1920 δεόμενον
2908 1844 3136 1915 τροφῆς,
3155 1842 3271 1897 ἀλλ’
3302 1842 3581 1913 ἄφθαρτον
3601 1842 3696 1895 καὶ
3718 1840 3857 1895 ἀθά*

2262 1955 2442 1994 νατον.
2474 1938 2605 1991 Νόει
2626 1937 2683 1990 δὲ
2705 1936 2801 1992 καὶ
2824 1936 3021 1999 οὕτως’
3054 1935 3355 2009 ’ᾼμπελο;,
3379 1935 3407 1987 6
3438 1934 3645 2006 Κύριος
3661 1933 3855 1998 αὐτὸς,

2262 2032 2511 2102 γέννημα
2544 2032 2602 2085 δὲ
2630 2030 2903 2102 ἀμπέλου,
2951 2029 3022 2082 τά
3063 2029 3367 2101 μυστήρια,
3403 2029 3501 2082 καὶ
3557 2030 3593 2099 ή
3646 2028 3749 2095 γνέ
3767 2042 3858 2092 at:

2267 2126 2296 2196 η
2325 2124 2699 2198 ὰτιιὸκρυφοςζ
2725 2123 2795 2194 ήν
2852 2120 3012 2183 αὐτὸς
3058 2121 3245 2190 γεννᾷ,
3270 2121 3299 2173 6
3328 2119 3599 2173 διδᾶσκων
3632 2116 3850 2189 άνθρω-

2262 2232 2367 2270 πον
2396 2214 2621 2283 γνῶσιν.
2660 2214 2751 2268 Ἐν
2787 2213 2969 2267 τοίνυν
3000 2215 3066 2282 τῇ
3109 2210 3359 2282 βασιλείᾳ
3382 2210 3477 2264 τοῦ
3502 2208 3665 2275 Θεοῦ,
3690 2225 3854 2264 τουτο

2262 2307 2431 2371 ἐστιν,
2455 2308 2511 2361 ὲν
2534 2306 2614 2377 τῷ
2635 2305 2805 2376 ὀγδόῳ
2834 2305 3012 2371 αἰῶνι,
3045 2305 3231 2357 πίεται
3262 2302 3402 2374 μετὰ
3433 2301 3544 2355 τῶν
3588 2298 3856 2371 μαθητῶν

2264 2398 2455 2464 αὐτοῦ,
2502 2399 2572 2451 τὰ
2614 2401 2892 2469 μυστήρια
2935 2399 3031 2450 καὶ
3086 2397 3187 2467 τὴν
3240 2398 3469 2467 σοφίαν,
3520 2395 3685 2448 καινά
3725 2410 3852 2447 τινα

2261 2492 2527 2546 διδάσκων
2552 2491 2725 2561 ἡμᾶς,
2760 2492 2852 2544 καὶ
2878 2488 3281 2545 ἀποκαλύπτων
3309 2488 3346 2543 ἃ
3384 2486 3481 2542 νῦν
3518 2485 3852 2557 κέκρυπται.

2339 2691 2361 2725 ε
2422 2674 2534 2728 Καὶ
2596 2674 2987 2744 ὑμνήσαντες,
3022 2672 3250 2743 ἐξῆλθον
3306 2672 3388 2734 είς
3436 2670 3500 2723 τὸ
3545 2669 3674 2739 δρος
3733 2669 3852 2723 τῶν

2275 2764 2527 2826 Ἐλαιῶν.
2568 2765 2662 2817 καὶ
2698 2764 2847 2833 λέγει
2900 2767 3087 2827 αὐτοῖς
3134 2765 3165 2817 6
3205 2762 3441 2835 Ἰησοῦς,
3501 2763 3585 2817 ὅτι
3639 2762 3853 2824 Πάντες

2262 2852 2801 2925 ,σκανδαλισθήσεσθε
2852 2856 2912 2907 ιν
2949 2855 3095 2924 ἐμοὶ,
3128 2856 3189 2907 ὲν
3232 2856 3301 2925 τῇ
3348 2853 3503 2908 νυκτὶ
3531 2851 3727 2923 ταύτῃ,
3765 2852 3827 2904 ὂτ

2267 2946 2605 3018 γέγραπταιθ
2662 2946 2896 3011 Πατάξω
2940 2947 3033 3000 τὸν
3080 2947 3346 3016 ποιμένα,
3406 2944 3500 2998 καὶ
3530 2944 3855 3016 διασκορπι-

2270 3042 2563 3113 σθήσονται
2592 3040 2664 3093 τὰ
2719 3040 2990 3111 πρόόατα.
3035 3038 3200 3091 Ἀλλὰ
3250 3039 3391 3108 μετὰ
3445 3036 3508 3089 τὸ
3549 3035 3854 3108 ἐγερθῆναί

2270 3150 2361 3205 με,
2387 3132 2613 3205 προάξω
2662 3133 2808 3204 ὑμᾶς
2848 3132 2929 3196 είς
2965 3131 3065 3203 τὴν
3092 3130 3407 3186 Γαλιλαίαν.
3444 3128 3504 3184 '0
3554 3130 3611 3185 δὲ
3641 3130 3852 3202 Uirgo:

583 3240 772 3299 omnes
810 3221 1193 3278 offendiculum
1242 3220 1385 3289 passi
1426 3217 1647 3281 fuerint,
1677 3227 1731 3271 at
1766 3232 1867 3287 ego
1920 3233 2050 3272 non.
2086 3217 2154 3273 Et

2264 3228 2367 3298 ἔφη
2402 3224 2577 3294 αὐτῷ,
2616 3225 2729 3280 Καὶ
2765 3224 2816 3277 εί
2865 3223 3087 3287 πάντες·
3118 3222 3701 3294 σκανδαλισθήσονται,
3731 3222 3852 3277 ἀλλ’

584 3319 717 3373 dicit
760 3316 834 3373 illi
875 3314 1075 3370 Jesus:
1114 3314 1285 3368 Amen
1334 3312 1457 3366 dico
1487 3311 1581 3365 tibi
1613 3310 1759 3381 quod
1793 3321 1849 3366 tu
1891 3309 2053 3365 hodie
2102 3312 2154 3365 in

584 3419 746 3467 nocte
782 3410 882 3464 hac
904 3408 1215 3477 priusquam
1248 3406 1333 3459 bis
1356 3402 1529 3474 gallus
1567 3403 1847 3469 cecinerit,
1878 3412 1961 3458 ter
1991 3405 2156 3458 abne-

584 3502 737 3573 gabis
770 3516 876 3555 me.
911 3501 980 3554 At
1013 3498 1102 3553 ille
1130 3496 1504 3551 vehementius
1547 3496 1760 3550 dicebat
1797 3512 1810 3548 :
1841 3493 1955 3551 lmo
1991 3495 2036 3549 si
2071 3510 2156 3549 me

585 3593 886 3662 oportuerit
932 3589 1193 3646 commori
1228 3588 1353 3650 tibi,
1390 3603 1494 3642 non
1531 3597 1583 3641 te
1614 3590 1841 3658 negabo.
1894 3586 2158 3643 Similiter

588 3695 772 3741 autem
806 3693 858 3738 et
885 3697 1077 3737 amnes
1109 3681 1378 3736 dicebant.
1420 3700 1439 3731 ι
1474 3678 1690 3734 Gratias
1722 3692 1945 3750 egerunt
1977 3691 2031 3735 et
2063 3699 2162 3733 an-

593 3791 809 3849 tequam
863 3777 1124 3831 bibissent
1168 3793 1181 3827 :
1230 3783 1284 3829 et
1321 3782 1603 3843 postquam
1649 3772 1913 3828 bibissent
1961 3774 2163 3842 gratias

590 3876 816 3937 egerunt
845 3881 858 3916 :
893 3874 1029 3919 utet
1059 3879 1156 3918 nos
1185 3862 1459 3916 discamus
1508 3864 1647 3929 quod
1679 3872 1927 3929 oporteat
1964 3862 2164 3931 gratias

592 3973 754 4031 agerc
786 3956 1004 4011 Christo
1043 3963 1099 4007 et
1134 3956 1307 4024 ipsum
1354 3952 1579 4007 laudare
1621 3961 1677 4006 et
1718 3961 1844 4005 ante
1873 3953 2078 4017 cibum,
2108 3964 2162 4007 et

592 4058 711 4118 post
741 4047 941 4102 cibum.
976 4045 1247 4099 Praeterea
1275 4045 1438 4098 etiam
1481 4046 1582 4099 hoc
1608 4045 1805 4099 indicat
1842 4046 1982 4115 quod
2010 4060 2159 4115 grata

595 4141 667 4191 sit
721 4138 769 4192 ei
814 4153 957 4191 mors
1000 4152 1096 4205 pro
1137 4135 1311 4199 nobis,
1362 4136 1621 4205 quoniam
1667 4137 1829 4190 etiam
1884 4139 2072 4191 exiens
2107 4148 2165 4193 ut

595 4231 920 4293 traderetur,
942 4227 1123 4282 laudat
1157 4226 1460 4280 Dominum.
1497 4226 1731 4281 Omnino
1764 4235 1944 4280 autem
1974 4239 2030 4282 et
2064 4244 2163 4282 nos

595 4322 777 4388 docet,
815 4321 859 4374 si
894 4320 1109 4387 quando
1140 4319 1192 4370 in
1241 4321 1466 4370 adversa
1516 4333 1614 4385 pro
1655 4318 1946 4371 multorum
1991 4320 2163 4374 salute

595 4412 961 4474 inciderimus,
986 4424 1053 4462 ue
1081 4408 1260 4462 tristes
1282 4409 1472 4479 simus,
1500 4409 1593 4461 sed
1617 4416 1672 4461 et
1702 4408 1910 4477 gratias
1936 4424 2161 4477 agamus

594 4507 723 4571 Deo,
749 4504 838 4573 qui
870 4513 1108 4555 nostram
1141 4499 1483 4554 alliictionem
1519 4499 1571 4552 iu
1608 4500 1897 4553 multorum
1928 4501 2156 4556 salutem

590 4606 865 4665 operatur.
897 4593 1189 4663 Egreditur
1236 4607 1365 4646 vero
1412 4592 1464 4645 in
1515 4600 1753 4646 montem
1798 4591 2069 4645 Olivarum
2104 4605 2161 4647 ut

591 4689 892 4743 solitarium
946 4687 1311 4748 adorirentur,
1364 4694 1418 4737 et
1462 4683 1783 4745 detinerent,
1844 4700 1908 4738 ne
1952 4695 2159 4739 tantum

596 4778 882 4833 tumultum
922 4778 1137 4831 faciant.
1172 4774 1304 4829 Nam
1352 4776 1395 4828 si
1434 4776 1487 4828 in
1528 4776 1749 4828 civitate
1792 4776 1965 4845 ipsum
2002 4777 2160 4831 inva-

592 4873 811 4933 sissent,
851 4869 1101 4924 fortassis
1150 4870 1371 4923 subortu
1408 4868 1597 4921 fuisset
1643 4868 1820 4933 turba,
1860 4880 1912 4921 et
1952 4869 2156 4925 inimici

590 4964 871 5018 occasione
902 4962 1171 5030 quapiam,
1219 4974 1338 5028 qum
1378 4961 1523 5027 justa
1562 4959 1731 5014 videri
1756 4960 2039 5028 potuisset,
2066 4976 2159 5030 ap-

590 5056 875 5122 prehensa,
924 5052 1024 5105 visi
1081 5052 1306 5104 fuissent
1349 5050 1519 5118 ipsum
1549 5050 1697 5118 juste
1743 5059 1798 5101 ttt
1842 5049 2155 5103 seditiosum

594 5147 913 5199 interﬁcere.
950 5143 1203 5197 Prtedicit
1238 5153 1413 5195 autem
1444 5143 1547 5195 illis
1584 5143 1728 5210 quod
1770 5151 1825 5196 et
1864 5139 2156 5195 οίῖυιιᾱὶοιι-

592 5234 699 5288 lum
739 5235 949 5301 paSsuri
993 5244 1194 5287 essent.
1228 5232 1417 5285 Postea
1462 5249 1528 5284 ne
1570 5234 1854 5285 videantur
1894 5230 2005 5286 haec
2032 5247 2155 5285 esse

592 5325 645 5377 in
698 5324 1037 5377 manifestum
1110 5324 1347 5375 nuntium
1418 5323 1863 5385 accusationem,
1935 5322 2155 5376 adducit

592 5417 753 5469 etiam
799 5416 1162 5469 testimonium
1196 5430 1259 5467 ex
1298 5414 1557 5482 propheta
1594 5413 1853 5467 Zacharia
1898 5415 2038 5481 quod
2074 5417 2155 5467 di-

590 5508 873 5577 spergendi
930 5518 1131 5562 essent.
1187 5507 1427 5575 Denique
1476 5516 1528 5560 et
1576 5506 1999 5561 consolationem
2050 5507 2155 5563 illis

590 5600 745 5653 aﬂ'ert
768 5599 951 5654 dicens
982 5619 995 5650 :
1032 5600 1337 5654 Pra‘cedam
1371 5615 1465 5653 vos
1500 5601 1550 5651 in
1585 5597 1882 5659 Galilaeam,
1917 5598 2017 5651 hoc
2047 5608 2150 5665 est,

589 5692 932 5760 praeveniam.
971 5694 1035 5746 At
1079 5691 1269 5747 Petrus
1302 5692 1515 5747 obsistit
1552 5706 1565 5745 :
1599 5692 1718 5744 ideo
1746 5698 1798 5744 et
1832 5689 1981 5745 audit
2012 5692 2152 5760 quod

664 5871 679 5899 ’
734 5867 900 5924 Exod.
952 5882 1097 5936 xxiv,
1127 5872 1178 5925 8.

2262 3317 2365 3370 οὐκ
2399 3317 2533 3385 ἐγώ.
2574 3315 2691 3371 Καὶ
2737 3315 2891 3384 λέγει
2940 3313 3090 3385 αὐτῷ
3127 3317 3157 3369 6
3213 3314 3449 3384 ἰησοῦςο
3495 3314 3669 3386 ’Δμὴν
3699 3314 3850 3383 λέγω

2266 3424 2372 3475 σοι,
2407 3408 2493 3461 ὅτι
2532 3406 2598 3460 σὺ
2635 3408 2877 3477 σήμερον
2906 3410 2965 3459 ὲν
3010 3408 3081 3476 τῇ
3112 3405 3271 3458 νυκτὶ
3302 3406 3497 3477 ταύτῃ,
3542 3406 3673 3475 πρὶν
3702 3406 3737 3477 ἢ
3768 3406 3853 3471 δὶς

2264 3501 2535 3571 ἀλέκτορα
2564 3501 2833 3569 φωνῆσαι,
2868 3486 2987 3569 τρὶς
3013 3498 3314 3571 ἀπαρνήσῃ
3343 3515 3434 3568 με.
3480 3497 3540 3551 '0
3576 3496 3635 3551 δι
3661 3500 3727 3551 ὲκ
3751 3518 3855 3554 n-

2268 3591 2458 3663 ρισσοῦ
2478 3592 2657 3659 ἔλεγε·
2700 3591 2920 3645 Μᾶλλον
2950 3590 3047 3644 ὲάν
3069 3608 3140 3659 με
3163 3590 3257 3661 δέῃ
3298 3589 3695 3644 συναποθανεῖν
3740 3607 3848 3651 σοι.

2264 3683 2326 3736 οὐ
2360 3682 2434 3753 μή
2472 3699 2531 3734 σε
2576 3682 3005 3750 ἁπαρνήσωμαι.
3069 3677 3346 3742 Ὡσαύτως
3400 3679 3458 3734 δι
3494 3680 3591 3735 καὶ
3644 3680 3852 3744 πάντες

2264 3776 2472 3844 ἔλεγον.
2516 3792 2535 3827 s
2571 3774 2987 3845 Εὐχαρίστησαν
3032 3773 3130 3825 καὶ
3170 3771 3277 3842 πρὸ
3313 3772 3410 3826 τοῦ
3478 3774 3646 3837 πιεῖν,
3684 3772 3854 3844 εὐχαο

2270 3868 2539 3938 ρίστήσαν
2566 3868 2663 3920 καὶ
2712 3866 2854 3936 μετὰ
2891 3865 2954 3918 τὶ
2991 3866 3162 3930 πιεῖν,
3214 3864 3302 3918 ίνα
3328 3866 3424 3919 καὶ
3444 3867 3611 3936 ἡμεῖς
3653 3866 3850 3927 μάθω-

2270 3975 2393 4029 μεν,
2417 3958 2501 4011 ὄτι
2538 3957 2619 4009 δεῖ
2655 3957 3002 4027 εὐχαριστεῖν
3048 3958 3144 4009 καὶ
3201 3955 3416 4026 ὑμνεῖν,
3472 3956 3569 4009 καὶ
3608 3956 3717 4027 πρὸ
3749 3956 3851 4027 τῆς

2266 4048 2493 4117 τροφῆς,
2549 4046 2643 4097 καὶ
2686 4044 2825 4115 μετὰ
2853 4043 2954 4112 τὴν
3001 4046 3234 4115 τροφήν.
3272 4044 3425 4114 Ἀμα
3455 4044 3515 4098 δὲ
3557 4046 3653 4099 καὶ
3689 4046 3857 4101 τοῦτο

2267 4143 2566 4204 δείκνυσιν,
2607 4140 2692 4194 δτι
2731 4137 3015 4201 ἀσπαστός
3076 4140 3224 4191 ἐστιν
3255 4137 3407 4205 αὐτῷ
3452 4144 3483 4191 6
3517 4137 3658 4207 ὑπὲρ
3686 4138 3852 4207 ἡμῶν

2267 4233 2524 4297 θάνατος,
2566 4232 2630 4293 ὃς
2660 4247 2723 4298 γε
2776 4230 2871 4284 ἐπὶ
2916 4228 2995 4299 τῷ
3050 4227 3424 4300 παραδοθῆναι
3458 4227 3620 4295 ἐξιὼν
3686 4229 3854 4299 ὑμνεῖ

2266 4326 2358 4378 τὸν
2383 4324 2539 4378 Θεόν.
2580 4324 2802 4385 Πάντως
2821 4322 2879 4375 δὲ
2914 4323 3011 4375 καὶ
3040 4323 3188 4392 ἡμᾶς
3209 4321 3472 4386 διδάσκει,
3506 4322 3635 4377 ὅταν
3664 4322 3852 4376 0M6;-

2272 4415 2386 4484 ροῖς
2432 4413 2821 4483 περιπέσωμεν
2869 4412 2950 4474 είς
3001 4411 3279 4481 σωτηρίαν
3319 4411 3550 4477 πολλῶν,
3596 4414 3673 4483 μὴ
3710 4413 3850 4468 seu-

2272 4509 2413 4575 μεῖν,
2462 4505 2579 4558 ἀλλ’
2623 4506 2965 4574 εὐχαριστεῖν
3015 4503 3096 4575 τῷ
3149 4502 3289 4574 Θεῷ,
3340 4504 3417 4573 τῷ
3460 4503 3549 4558 διὰ
3575 4506 3676 4575 τῆς
3706 4507 3852 4577 ἠμε-

2266 4599 2430 4668 τέρας
2474 4596 2708 4665 θλίψεως
2760 4594 3224 4665 κατεργαζομένῳ
3272 4597 3553 4665 σωτηρίαν
3602 4598 3845 4655 πολλῶν.

2276 4689 2588 4760 Ἐξέρχεται
2617 4687 2672 4739 δὲ
2698 4688 2775 4751 είς
2792 4688 2853 4739 τὺ
2876 4687 3003 4756 δρος
3025 4686 3132 4739 τῶν
3150 4685 3400 4749 Ἐλαιῶν,
3422 4687 3509 4740 ἵνα
3530 4689 3851 4758 καταμόνας

2262 4781 2378 4833 ὄντι
2414 4779 2736 4841 ἐπελθόντες
2780 4779 2876 4830 καὶ
2920 4776 3310 4847 κατασχόντες,
3344 4777 3421 4848 μὴ
3469 4779 3726 4831 τοσοῦτον
3752 4779 3835 4833 θό-

2265 4867 2428 4938 ρυόον
2453 4867 2777 4937 ποιήσωσιν.
2816 4866 2879 4919 Εί
2908 4866 3018 4937 γὰρ
3049 4867 3107 4919 ἐν
3134 4869 3201 4937 τῇ
3238 4866 3392 4920 πόλει
3433 4868 3551 4921 δντι
3582 4868 3845 4940 ἐπῆλθον,

2262 4956 2424 5027 τυχὸν
2462 4958 2528 5009 ἂν
2589 4955 2863 5026 ἐταράχθη
2892 4955 2953 5009 τὸ
3000 4955 3205 5026 πλῆθος
3238 4958 3329 5010 ἐπ’
3359 4958 3510 5029 αὐτῷ
3532 4979 3545 4991 ·
3583 4960 3680 5013 καὶ
3717 4962 3846 5015 τότε

2261 5046 2655 5116 εὐλογοφανοῦς
2683 5047 2941 5117 ἀφορμῆς
2964 5047 3295 5119 δραξάμενοι
3324 5049 3375 5103 οί
3411 5050 3620 5119 ἐχθροὶ,
3651 5052 3844 5118 ἔδοξαν

2261 5141 2327 5195 ἂν
2376 5144 2540 5195 αὑτὸν
2587 5140 2799 5194 ἀνελεῖν
2843 5142 3069 5204 δικαίως
3116 5142 3191 5205 ὡς
3230 5145 3581 5216 στασιαστήν.
3614 5145 3842 5217 Προφή-

2257 5239 2405 5287 τεύει
2439 5234 2496 5286 δὲ
2526 5236 2704 5296 αὐτοῖς
2732 5236 2814 5286 ὃτι
2849 5236 2943 5287 καὶ
2972 5236 3547 5306 σκανδαλισθήσονται.
3589 5234 3719 5291 Εἶτα
3751 5240 3841 5293 ῐνα

2262 5327 2335 5395 μὴ
2390 5325 2516 5394 δόξῃ
2572 5327 2857 5397 προφανὴς
2892 5322 3059 5397 ¹εἶναι
3124 5331 3427 5399 κατηγορία
3497 5330 3715 5385 πάντων
3777 5333 3842 5386 τὸ

2257 5416 2522 5481 τοιοῦτον,
2556 5418 2800 5487 παράγει
2837 5419 2933 5472 καὶ
2982 5423 3295 5491 μαρτυρίαν
3323 5425 3387 5475 ἐκ
3423 5425 3519 5475 τοῦ
3551 5429 3840 5493 προφήτου

2259 5509 2550 5577 Ζαχαρίου,
2604 5511 2685 5561 ὅτι
2733 5510 3343 5581 διασκορπισθήσονται.
3387 5515 3711 5569 Τελευταῖον
3754 5520 3835 5580 δὲ,

2259 5603 2351 5653 καὶ
2404 5604 2763 5669 παραμυθίαν
2796 5604 2990 5671 ἐπάγει
3048 5606 3253 5669 αὐτοῖς,
3300 5608 3382 5659 ὃτι
3429 5607 3657 5678 Προάξω
3684 5611 3839 5678 ὑμᾶς

2258 5695 2336 5756 είς
2364 5694 2461 5763 τὴν
2493 5693 2804 5765 Γαλιλαίαν,
2834 5696 3103 5759 τουτέστι,
3136 5699 3411 5766 προλάὃω.
3462 5700 3603 5753 Ἀλλ’
3646 5702 3673 5753 6
3725 5705 3837 5757 Πέ-
