4028 6414
241 487 352 554 πω

942 483 1394 549 ENARRATIO
1429 482 1511 544 IN
1550 477 2062 544 EVANGELIUM
2101 476 2366 539 MARCI.
2408 497 2476 511 -·
2506 474 2664 536 CAP.
2704 474 2865 536 XIV.

3442 474 3551 537 05S

237 616 369 670 τρος
400 598 702 663 ἐνίσταται,
735 594 815 649 διὸ
849 596 943 650 καὶ
964 597 1179 664 ακούιι,
1210 595 1294 651 δτι
1326 595 1466 666 Πρὶν
1492 596 1528 666 ἢ
1572 593 1845 663 ἀλέκτορα

1960 590 2259 659 Antequam
2292 586 2467 659 gallus
2500 589 2585 644 his
2610 598 2794 653 canat,
2839 596 2924 642 ter
2954 602 3041 642 me
3068 585 3393 658 almegabis.
3435 583 3553 644 Hoc

238 693 324 755 δὶς
352 690 626 762 φωνῆσαι,
662 688 784 760 τρὶς
821 687 1123 759 ἀπαρνήσῃ
1152 704 1241 757 με.
1273 685 1449 740 Τοῦτο
1494 684 1554 737 δι
1598 682 1842 737 τοιοῦτόν

240 786 418 839 ἑστιν.
484 779 794 853 Ἦρνηαατο
838 779 990 834 απαξ
1041 781 1072 830 ό
1127 778 1373 848 Πέτρος·
1418 770 1541 829 εἶτα
1591 772 1843 842 ἀλέκτωρ

239 872 549 944 έφύνησεν,
579 870 967 941 ἀρνησαμένου
993 867 1052 922 δὲ
1086 870 1183 923 καὶ
1211 869 1311 931 τὰς
1334 867 1506 930 ἄλλας
1532 864 1631 919 δύο
1665 863 1842 935 ἀρνή-

241 982 383 1029 σεις,
407 962 535 1017 τότε
569 960 853 1033 έφώνιςσεν
896 963 925 1016 ό
963 961 1240 1030 ἀλέκτωρ.
1273 960 1450 1014 Τοῦτο
1480 958 1577 1014 οὖν
1604 956 1844 1014 ένταῦθα

241 1055 420 1121 λέγει’
455 1053 597 1124 Πρὶν
631 1051 904 1122 ἀλέκτορα
960 1051 1216 1120 φωνῆσαι
1262 1049 1369 1114 δὶς,
1416 1049 1715 1121 ἀπαρνήσῃ
1773 1064 1842 1118 με

243 1147 387 1217 τρίς.
455 1142 691 1216 ὀμοίως
734 1144 792 1198 δὲ
846 1145 957 1222 καὶ.
996 1143 1204 1206 πάντες
1258 1141 1577 1212 θερμότητα
1624 1140 1845 1211 ψυχρὰν

243 1236 675 1309 ινδεικνύμενοι,
709 1234 1091 1305 ὑπισχνοῦντοθ
1119 1232 1219 1304 τὴν
1258 1232 1661 1303 αὐτοαλήθειαν
1708 1232 1848 1303 ψεύ-

249 1329 445 1383 δεσθαι
479 1329 787 1392 ποιοῦντες,
817 1327 902 1381 διδ
932 1328 1029 1381 καὶ
1070 1328 1399 1397 παραχωρεῖ
1428 1326 1457 1379 ό
1490 1323 1718 1396 Κύριος,
1754 1326 1849 1378 καὶ

247 1422 282 1489 ἡ
308 1418 631 1492 ἀνθρωπίνη
664 1417 832 1487 φύσις
861 1420 930 1473 τὰ
958 1419 1162 1488 έαυτῆς
1186 1416 1587 1471 ἐπιδείκνυται.
1617 1416 1848 1482 Πάντως

246 1514 357 1583 γάρ
376 1513 406 1565 ό
436 1511 645 1579 Κύριος
675 1511 912 1580 ἠδύνατο
936 1513 1180 1581 τηρῆσαι
1206 1510 1416 1571 αὐτοὺς
1437 1550 1453 1574 ,
1486 1510 1581 1563 xal
1608 1507 1850 1579 μάλιστα

244 1603 343 1655 τδν
371 1602 601 1674 Πέτρον·
644 1599 763 1657 ἀλλ’
801 1601 954 1671 ὅμως
995 1601 1234 1671 ἀφῆκεν,
1267 1600 1357 1654 ῖνα
1390 1601 1467 1671 μὴ
1523 1600 1850 1664 πεποιθότες

245 1689 401 1765 ὦμεν
432 1696 517 1763 ἐφ’
548 1694 785 1757 ἑαυτοῖς.
813 1693 890 1747 Τδ
940 1693 1020 1758 δὲ,
1076 1692 1310 1758 Πατάξω
1358 1693 1454 1746 τὸν
1510 1691 1747 1761 ποιμένα
1771 1734 1787 1757 ,
1820 1693 1852 1745 ὁ

250 1788 445 1857 Πατὴρ
487 1786 659 1853 λέγει.
710 1785 867 1839 Ἐπεὶ
913 1787 1026 1856 γὰρ
1056 1785 1433 1857 παρεχώρησε.
1478 1784 1847 1857 παταχθῆναι,

251 1879 492 1945 πατάξαι
516 1878 683 1942 αὐτὸς
712 1878 936 1946 λέγεται
963 1879 1057 1932 τὸν
1082 1877 1229 1934 κατὰ
1255 1876 1656 1948 παραχώρησιν
1679 1875 1849 1930 αὐτοῦ

1955 688 2142 736 autem
2174 680 2227 737 in
2273 681 2417 735 hunc
2455 680 2676 735 modum
2709 696 2769 736 se
2792 681 2953 736 habet
2987 697 3003 734 :
3035 677 3346 751 Negaverat
3376 681 3550 736 semel

1947 774 2169 837 Petrus,
2200 774 2397 828 deinde
2435 773 2613 846 gallus
2648 776 2891 829 cantavit
2923 791 2938 828 :
2970 782 3027 829 et
3064 788 3191 828 cum
3238 772 3379 830 alias
3413 773 3555 829 duas

1950 865 2349 935 abnegationes
2377 861 2617 931 fecisset,
2646 876 2702 920 et
2740 875 2871 921 tunc
2894 879 3117 935 quoque
3154 865 3409 919 cantavit
3437 865 3555 937 gal-

1951 953 2056 1009 lus.
2102 952 2171 1007 Et
2212 954 2315 1009 lioc
2365 963 2447 1009 est
2494 955 2645 1024 quod
2682 954 2789 1010 hoc
2822 955 2945 1009 loco
2991 955 3174 1009 dicit:
3222 952 3551 1025 Priusquam

1953 1045 2131 1117 gallus
2177 1045 2262 1101 bis
2296 1057 2504 1110 cantet,
2548 1055 2634 1102 ter
2681 1062 2770 1102 me
2805 1046 3127 1117 abnegabis.
3159 1046 3430 1103 Similiter
3460 1065 3558 1104 au-

1952 1146 2061 1192 tem
2105 1146 2163 1193 et
2186 1152 2381 1195 omnes
2411 1138 2665 1211 frigidam
2708 1140 3051 1196 alacritatem
3088 1141 3469 1206 ostendentes,
3498 1152 3557 1196 et

1952 1229 2129 1299 ipsam
2160 1233 2453 1288 veritatem
2495 1234 2815 1289 mendaeem
2858 1232 3143 1302 facientes,
3172 1234 3506 1305 pollicentur
3535 1250 3553 1288 :

1952 1322 2074 1379 ideo
2122 1322 2385 1380 Dominus
2432 1328 2702 1395 permittit
2746 1336 2805 1381 ut
2860 1327 3096 1382 humana
3157 1337 3353 1381 natura
3394 1342 3553 1383 suam

1951 1418 2149 1487 prodat
2182 1418 2638 1475 imbecillitatem.
2674 1418 2913 1476 Omnino
2946 1416 3095 1478 enim
3124 1420 3394 1491 potuisset
3432 1421 3559 1477 illos

1954 1507 2219 1566 Dominus
2244 1525 2491 1579 servare,
2519 1522 2574 1568 et
2602 1512 2824 1568 Petrum
2850 1514 3089 1569 maxime
3124 1532 3139 1569 :
3166 1515 3262 1569 sed
3284 1514 3556 1585 permisit,

1952 1608 2013 1655 ut
2043 1615 2112 1656 ne
2141 1600 2195 1656 in
2227 1602 2525 1674 nobisipsis
2542 1602 2963 1659 contideremus.
2992 1602 3290 1673 Caeterum,
3353 1604 3559 1661 Pereu-

1954 1692 2089 1749 tiam
2118 1702 2420 1764 pastorem,
2448 1712 2549 1751 vox
2581 1707 2665 1753 est
2697 1696 2881 1752 Patris
2912 1713 2929 1752 :
2963 1699 3405 1769 quandoquidem
3434 1713 3563 1771 per-

1953 1786 2067 1840 cuti
2127 1787 2396 1856 permisit,
2452 1793 2799 1861 percussisse
2854 1791 2975 1861 ipse
3025 1791 3231 1847 dicitur
3280 1807 3406 1847 eum
3464 1796 3562 1864 qui

1956 1876 2128 1947 ipsius
2155 1880 2424 1949 permissu
2480 1897 2775 1952 percussus
2808 1896 2913 1941 est.
2942 1883 3087 1941 Oves
3117 1896 3303 1941 autem
3344 1896 3567 1956 aposto-

250 1971 624 2041 παταχθὲντα.
653 1969 913 2038 Πρόὸατα
940 1969 1003 2023 δέ
1038 1970 1167 2033 τοὺς
1201 1969 1566 2034 ἀποστόλους,
1600 1968 1677 2032 ὡς
1708 1968 1850 2023 ἀκά-

1960 1969 2063 2035 los,
2099 1980 2159 2025 ut
2187 1971 2510 2028 innocentes
2541 1975 2812 2030 nominat.

250 2080 381 2125 κους
412 2063 725 2133 ὠνόμασεν.

326 2174 348 2207 ι
378 2155 494 2208 Kal
522 2158 775 2224 ἔρχονται
810 2154 891 2216 εἰς
922 2152 1127 2225 χωρίον
1164 2145 1227 2206 οὗ
1266 2154 1326 2207 τδ
1349 2153 1523 2225 ὄνομα
1560 2151 1853 2224 Γηθσεμα-

250 2247 340 2317 νῆ,
368 2247 466 2301 καὶ
487 2247 639 2315 λέγει
655 2249 769 2310 τοῖς
803 2262 882 2315 μα
921 2249 1079 2317 ηταῐς
1106 2244 1299 2299 αὐτοῦ’
1326 2246 1604 2299 Καθίσατε
1626 2238 1853 2310 ὦδεῑως

251 2338 673 2410 προσεύξωμαι.
730 2340 841 2392 Kal
890 2338 1320 2410 παραλαμϐάνει.
1374 2338 1469 2392 τὸν
1500 2337 1709 2409 Πέτρον
1756 2339 1854 2393 καὶ

264 2429 547 2495 Ἰάκωϐον,
575 2429 673 2482 καὶ
715 2428 975 2500 Ἰωάννην
1041 2428 1163 2497 μεθ’
1229 2427 1452 2495 ἑαυτοῦ,
1494 2428 1593 2482 καὶ
1643 2425 1853 2500 ἠρξατο

251 2522 660 2593 ἐκθαμϐεῖσθαι
699 2522 797 2575 καὶ
834 2521 1151 2593 ἀδημονεῖν.
1182 2522 1293 2575 Kal
1318 2521 1471 2589 λέγει
1509 2520 1718 2585 αὐτοῖς’
1745 2521 1854 2574 Πε-

255 2614 489 2685 ρίλυπός
540 2616 691 2667 ἔστιν
740 2617 775 2686 η
814 2613 964 2685 ψυχὴ
1010 2631 1112 2685 μου
1155 2613 1263 2677 lux;
1312 2612 1571 2669 θανάτου.
1609 2614 1853 2670 Μείνατε

249 2699 379 2769 ὦδε,
416 2706 514 2756 καὶ
539 2704 895 2774 γρηγορεῖτε.
932 2704 1043 2756 Kal
1087 2702 1369 2775 προελθὼν
1404 2704 1624 2775 μικρὸν,
1655 2704 1855 2759 [musto

252 2795 352 2848 επὶ
377 2794 481 2861 τῆς
525 2796 664 2863 γῆς.
698 2796 793 2847 καὶ
826 2794 1175 2865 προτηύχετο
1205 2794 1316 2857 ῖνα,
1360 2796 1410 2847 εί
1445 2795 1676 2851 δυνατόν
1711 2796 1855 2863 ἔστι,

254 2886 508 2959 παρέλθῃ
546 2886 645 2939 ἀπ’
690 2886 860 2940 αὑτοῦ
912 2888 947 2957 ἡ
997 2885 1139 2958 ὥρα.
1196 2888 1309 2941 Kal
1353 2887 1563 2957 ἔλεγεν*
1604 2889 1780 2943 ’Δσδᾶ
1826 2893 1856 2944 ό

254 2978 474 3049 ιιατηρ,
517 2980 697 3032 πάντα
738 2978 944 3032 δυνατά
977 2994 1083 3045 σοι,
1120 2979 1436 3051 παρένεγκε
1483 2981 1546 3033 τὸ
1590 2984 1856 3053 ποτήριον

254 3070 354 3125 ἀπ’
386 3069 525 3140 ἐμοῦ
570 3069 754 3137 τοῦτο,
791 3071 909 3125 ἀλλ’
950 3073 1014 3124 οὐ
1062 3070 1115 3125 τί
1156 3071 1269 3139 εγὼ
1298 3071 1461 3135 θέλω,
1493 3070 1631 3127 ἀλλὰ
1674 3072 1729 3125 τί
1764 3073 1851 3128 σύ.

254 3163 370 3216 Kal
398 3161 646 3233 ῑρχεται,
675 3165 772 3216 καὶ
800 3162 1055 3233 εὑρίσκει
1087 3162 1289 3226 αὐτοὺς
1318 3161 1690 3226 καθεύδοντας
1716 3204 1731 3230 ,
1763 3164 1857 3218 καὶ

254 3256 409 3325 λέγει
455 3255 537 3326 τῷ
571 3256 786 3328 Πέτρην
828 3257 1034 3327 Σίμων,
1091 3255 1420 3320 καθεύδεις;
1457 3258 1574 3310 Ούκ
1624 3258 1856 3329 ῖσχνσας

259 3324 395 3418 μίαν
412 3324 566 3418 ὤραν
583 3324 959 3419 γρηγορῆσαις
985 3348 1322 3419 Γρηγορεῖτε
1344 3348 1439 3403 καὶ
1461 3324 1857 3420 προσεύγεσθε,
1883 3324 1930 3387 C

256 3440 351 3494 ῖνα
391 3439 468 3510 μὴ
504 3438 791 3509 εἰσέλθητε
842 3442 923 3503 εἰς
977 3441 1293 3511 πειρασμόν
1323 3454 1341 3471 ⁸
1372 3440 1433 3494 τὸ
1490 3442 1594 3511 μὶν
1638 3439 1863 3511 πνεῦμα

254 3532 565 3601 πρόθυμον,
598 3532 632 3602 ἠ
674 3531 732 3585 δὲ
766 3530 908 3601 σὰρξ
939 3530 1201 3602 ἀσθενής.
1249 3532 1362 3587 Kal
1400 3533 1568 3587 πάλιν
1605 3532 1863 3587 ἀπελθὼν

255 3626 637 3698 προσηύξατο,
669 3626 763 3679 τὸν
808 3626 976 3681 αὑτὸν
1014 3624 1178 3695 λόγον
1205 3624 1403 3678 εἰπών.
1447 3626 1559 3678 Kal
1589 3626 1862 3695 ὑποστρέ-

251 3721 386 3790 ψας,
439 3714 602 3789 εὗρεν
630 3719 831 3781 αὐτοὺς
869 3720 1035 3772 πάλιν
1068 3717 1460 3781 καθεύδοντας
1488 3713 1632 3788 ἦσαν
1674 3719 1784 3789 γὰρ
1806 3719 1860 3771 οἱ

251 3812 537 3881 ὀφθαλμοὶ
565 3811 748 3865 αὐτῶν
783 3810 1193 3881 βεσσρημένοι,
1228 3812 1322 3863 καὶ
1373 3811 1475 3863 οὐκ
1530 3810 1754 3881 ᾔδεισαν
1808 3810 1861 3864 τί

249 3905 407 3975 αὐτῷ
444 3903 814 3974 ἅποκριθῶσι.
852 3906 961 3959 Kal
984 3904 1211 3975 ἔρχεται
1245 3904 1307 3956 τὸ
1330 3904 1538 3973 τρίτον,
1577 3908 1675 3957 καὶ
1706 3904 1859 3973 λέγει

249 4000 443 4062 αὺτοῖς
476 4016 491 4028 ο
555 4000 859 4052 Καθεύδετε
922 3997 984 4053 τὺ
1042 3997 1231 4051 λοιπὸν
1292 3999 1387 4053 καὶ⁵
1452 3996 1856 4063 ἀναπαύεσθε,

250 4097 477 4166 ἀπέχει.
511 4089 716 4147 Ἶιλθεν
744 4096 778 4165 η
816 4093 958 4166 ὥρα,
998 4092 1112 4146 ἰδοὺ
1145 4094 1506 4164 παραδίδοται
1536 4098 1565 4147 ὁ
1604 4093 1732 4156 Υἱὸς
1760 4092 1856 4145 τοῦ

249 4186 553 4257 ανθρώπου
597 4188 678 4249 είς
722 4188 821 4249 τὰς
860 4188 1050 4256 χεῖρας
1097 4184 1208 4237 τῶν
1257 4180 1627 4255 ἁμαρτωλῶν.
1673 4186 1856 4251 Ἐγεί-

254 4282 444 4355 ρεσθε,
478 4283 705 4351 ἄγωμεν
735 4325 750 4344 ,
793 4280 904 4335 ἰδοὺ
943 4284 971 4334 ό
1026 4279 1363 4351 παραδιδούς
1415 4297 1482 4349 με
1534 4281 1788 4351 ἠγγικεν.
1832 4299 1850 4331 ι

252 4376 593 4445 Καταμόνας
641 4373 836 4426 εἴωθεν
882 4374 969 4424 ἀεὶ
1016 4371 1443 4442 προσεύχεσθαι,
1504 4372 1678 4423 τύπον
1761 4372 1858 4423 καὶ

250 4469 390 4539 ἡμῖν
417 4466 618 4529 διδοὺς,
666 4467 754 4519 ἵνα
784 4466 883 4535 τὴν
939 4466 1177 4535 ἡσυχίαν
1232 4467 1591 4536 ἐπιζητὼμεν
1640 4467 1699 4517 έν
1735 4468 1857 4528 ταῖς

251 4561 617 4631 προσευχαῖς.
656 4560 1087 4629 Παραλαμϐἀνει
1137 4560 1195 4611 δὲ
1234 4560 1363 4623 τοὺς
1418 4563 1570 4629 τρεῖς
1632 4560 1853 4628 μόνους,

2032 2145 2199 2203 Vsus.
2233 2149 2425 2206 32-12.
2460 2169 2478 2201 ι
2517 2151 2583 2208 Et
2610 2154 2837 2211 veniunt
2865 2156 2918 2211 in
2960 2156 3140 2214 locum
3172 2158 3330 2229 cujus
3358 2176 3562 2217 nomen

1959 2240 2336 2312 Gethsemani,
2364 2255 2421 2301 et
2454 2247 2589 2304 dicit
2640 2248 2927 2319 discipulis
2973 2252 3089 2308 suis
3134 2270 3150 2308 :
3203 2254 3403 2310 Sedete
3450 2257 3564 2320 bie,

1961 2334 2136 2393 donec
2162 2337 2445 2409 digressus
2476 2355 2729 2397 oravero.
2767 2340 2836 2398 Et
2862 2346 3096 2402 assumit
3120 2344 3345 2404 Petrum
3384 2357 3440 2405 et
3465 2348 3563 2403 Ja-

1961 2427 2158 2484 eobum
2196 2442 2251 2488 et
2293 2430 2557 2489 Joannem
2590 2434 2753 2507 251
2796 2450 2987 2493 secum
3019 2457 3034 2494 :
3088 2443 3369 2513 erupitque
3393 2458 3562 2513 expa-

1960 2537 2185 2579 vescere
2210 2532 2265 2579 et
2291 2527 2437 2597 angi.
2461 2526 2528 2581 Et
2555 2528 2684 2584 dicit
2722 2530 2830 2587 illis
2855 2548 2871 2587 :
2903 2530 3103 2589 Dolore
3122 2534 3357 2590 adicitur
3378 2538 3560 2591 anima

1964 2628 2084 2671 mea
2112 2632 2285 2688 usque
2315 2621 2384 2672 ad
2426 2632 2683 2679 mortem.
2732 2621 2950 2680 Mauete
2996 2626 3109 2691 hic,
3140 2638 3197 2681 et
3223 2627 3469 2699 vigilate.
3498 2628 3569 2683 Et

1964 2722 2291 2779 pmgressus
2329 2712 2590 2782 paulum,
2634 2724 2945 2783 prostratus
2989 2726 3075 2773 est
3124 2720 3180 2773 in
3224 2728 3469 2786 terram,
3510 2731 3570 2775 et

1962 2804 2140 2857 oravit
2173 2814 2233 2857 ut
2260 2804 2306 2859 si
2338 2806 2598 2873 possibile
2637 2818 2806 2877 esset,
2851 2810 3116 2866 transiret
3151 2827 3181 2866 a
3212 2828 3274 2868 se
3304 2812 3463 2870 hora.
3504 2814 3572 2868 Et

1964 2894 2221 2951 dicebat:
2272 2895 2423 2951 Abba
2468 2896 2661 2963 Pater,
2707 2900 2891 2956 omnia
2933 2902 3217 2973 possibilia
3251 2914 3382 2959 sunt
3426 2906 3565 2961 tibi:

1964 2986 2119 3041 aufer
2143 2988 2398 3058 poculum
2427 3005 2456 3043 a
2482 3007 2569 3045 me
2596 2992 2733 3047 hoc:
2760 3004 3146 3051 verumtamen
3174 3012 3282 3052 non
3312 2998 3442 3069 quid
3466 3013 3572 3065 ego

1967 3076 2152 3144 velim,
2182 3079 2279 3133 sed
2301 3080 2431 3148 quid
2460 3093 2536 3135 ιιι.
2568 3079 2635 3136 Ει
2664 3082 2814 3136 venit
2836 3094 2891 3139 et
2912 3082 3145 3141 offendit
3169 3102 3265 3143 eos
3289 3089 3568 3144 dormien-

1968 3180 2093 3226 tes:
2124 3172 2369 3243 dicitque
2404 3172 2608 3231 Petro:
2647 3174 2838 3231 Simon
2862 3218 2878 3244 ,
2913 3178 3156 3234 dormis?
3192 3194 3298 3235 non
3339 3183 3566 3251 potuisti

1966 3278 2131 3318 unam
2173 3264 2365 3320 horam
2398 3266 2664 3336 vigilare?
2698 3266 2935 3341 Vigilate
2962 3282 3020 3327 et
3046 3281 3201 3329 orate
3234 3289 3303 3330 ne
3332 3277 3570 3331 veniatis

1966 3356 2021 3411 in
2053 3358 2449 3422 tentationem,
2485 3361 2716 3430 spiritus
2738 3364 2959 3433 quidem
2990 3377 3307 3437 promptus,
3344 3377 3401 3423 at
3438 3384 3572 3423 caro

1965 3448 2204 3504 inﬁrma.
2253 3447 2319 3503 Et
2366 3466 2585 3507 rursum
2634 3454 2921 3525 digressus
2964 3457 3193 3524 orabat,
3232 3469 3290 3513 et
3314 3462 3569 3516 eumdem

1964 3541 2109 3598 dixit
2147 3558 2487 3599 sermonem.
2526 3546 2593 3601 Et
2635 3563 2889 3606 reversus
2921 3549 3153 3606 oﬂ‘endit
3192 3552 3317 3609 illos
3348 3570 3569 3609 rursum

1966 3636 2327 3705 dormientes,
2354 3650 2513 3694 erant
2536 3641 2683 3696 enim
2716 3641 2863 3697 oculi
2893 3657 3084 3698 eorum
3110 3647 3349 3715 gravati,
3390 3664 3571 3719 nequi:

1965 3730 2215 3786 sciebant
2257 3733 2386 3801 quid
2427 3733 2502 3787 illi
2540 3735 2958 3803 responderent.
3003 3735 3071 3790 Et
3092 3739 3244 3799 venit
3279 3741 3444 3795 tertio
3482 3743 3571 3796 di-

1964 3823 2149 3891 citque
2184 3824 2328 3879 illis:
2362 3823 2609 3881 Dorniite
2639 3828 2893 3897 posthac,
2928 3840 2984 3884 et
3023 3832 3375 3900 requiescite,
3412 3834 3567 3890 sudi-

1963 3916 2058 3970 cit.
2082 3916 2244 3971 Venit
2270 3917 2427 3983 liora,
2450 3934 2579 3974 ecce
2610 3921 2844 3976 traditur
2874 3919 3050 3979 Filius
3080 3923 3321 3981 hominis
3352 3927 3407 3980 in
3441 3944 3567 3983 ma-

1964 4025 2067 4066 nus
2111 4024 2486 4082 peccatorum.
2541 4013 2787 4083 Surgite,
2823 4028 3017 4071 cannis
3045 4034 3061 4071 :
3094 4032 3224 4074 ecce
3260 4020 3354 4091 qui
3384 4022 3569 4091 prodit

1963 4116 2086 4167 me,
2127 4103 2550 4170 appropinquat.
2611 4124 2630 4156 ι
2672 4104 2932 4161 Seorsum
2969 4122 3189 4179 semper
3220 4125 3385 4167 orare
3426 4128 3568 4169 con-

1961 4194 2169 4257 suevit,
2196 4194 2336 4249 dans
2366 4196 2529 4248 etiam
2569 4197 2726 4252 nobis
2763 4199 3105 4269 exemplum,
3147 4210 3207 4254 ιιι
3234 4204 3477 4273 quietem
3512 4207 3569 4262 in

1963 4286 2221 4353 precibus
2274 4287 2643 4357 inquiramns.
2690 4291 2940 4346 Assumit
2988 4303 3174 4348 autem
3224 4296 3400 4350 solum
3452 4307 3569 4355 tres

1962 4378 2084 4433 illos
2118 4380 2210 4448 qui
2251 4394 2366 4434 sua:
2408 4381 2461 4433 in
2489 4379 2709 4437 Thabor
2735 4383 2921 4451 gloria!
2951 4395 3295 4454 spectatores
3326 4390 3566 4456 fuerant,

1961 4481 2020 4523 nt
2042 4472 2117 4525 illi
2150 4473 2250 4540 ipsi
2278 4474 2367 4543 qni
2399 4475 2637 4541 gloriosa
2686 4477 2959 4539 viderant.
2993 4479 3214 4535 videant
3258 4492 3313 4537 et
3343 4485 3521 4538 tristia
3549 4504 3563 4539 :

1960 4563 2286 4634 discantque
2316 4566 2461 4632 quod
2489 4576 2545 4619 et
2586 4567 2702 4635 ipse
2743 4582 2869 4623 vere
2906 4570 3069 4623 homo
3100 4573 3207 4636 sit,
3249 4586 3301 4629 et
3334 4588 3567 4630 mcerent

249 4656 377 4713 τοὺς
400 4654 500 4703 καὶ
524 4652 624 4719 τῆς
646 4651 806 4721 δόξης
829 4650 996 4705 αὐτοῦ
1032 4653 1091 4703 έν
1125 4653 1201 4719 τε,
1238 4652 1436 4721 Θαὸὼρ
1460 4651 1662 4713 θεατὰς
1702 4668 1853 4719 γενο-

1963 4665 2016 4709 et
2048 4669 2282 4725 angatur
2326 4658 2469 4709 sicut
2500 4672 2620 4711 nos.
2667 4657 2802 4711 Nam
2835 4671 2889 4713 et
2933 4661 3025 4730 qui
3077 4672 3248 4716 totum
3284 4665 3562 4720 hominem

253 4746 479 4815 μένους,
515 4745 601 4797 ἵνα
626 4746 677 4797 οἱ
711 4745 911 4807 ἰδόντες
950 4744 1020 4797 τΞι
1059 4744 1269 4808 ἔνδοξα,
1308 4748 1461 4797 ἴδωσι
1502 4745 1691 4797 καὶτὰ
1724 4761 1855 4797 σκυο

252 4837 476 4910 θρωπὰ,
515 4838 612 4890 καὶ
659 4836 929 4902 μάθωσιν,
954 4837 1037 4889 ἔτι
1071 4839 1168 4888 καὶ
1201 4837 1364 4898 αὐτὸς
1390 4836 1607 4906 ἀληθῶς
1643 4836 1855 4905 ἄνθρω-

252 4950 355 4993 πος
410 4926 501 5002 ἧν,
550 4932 647 4983 καὶ
698 4931 949 4983 λυπεῖται
1009 4931 1105 4982 καὶ
1155 4928 1420 4999 ὰδημονεῖ
1453 4930 1650 5000 ἐπίσης
1698 4932 1850 5000 ἡμῖν.

262 5023 419 5076 Ἐπεὶ
468 5024 580 5093 γὰρ
619 5023 739 5074 ὅλον
782 5023 881 5073 τὸν
923 5022 1216 5092 ἄνθρωπον
1246 5022 1545 5075 ἁνελὰϐετο
1575 5023 1715 5091 μετὰ
1746 5022 1854 5076 τῶν

254 5113 510 5184 φυσικῶν
545 5114 876 5181 ἰδιωμάτων,
933 5113 1156 5175 πάντως
1212 5114 1306 5164 καὶ
1349 5114 1727 5185 λυπηθήσεται
1759 5116 1854 5167 καὶ

250 5207 589 5276 ἁδημονήσει
622 5205 887 5272 φυσικῶς.
924 5207 987 5258 Οἱ
1036 5206 1145 5272 γὰρ
1176 5206 1479 5286 ἄνθ-ρωποι,
1525 5210 1685 5276 φύσει
1716 5211 1851 5278 πρὸς

249 5302 343 5353 τὸν
375 5300 608 5352 θάνατον
647 5299 826 5368 ἀηδῶς
866 5298 1218 5368 διακείμεθα,
1251 5298 1343 5370 Τῷ
1394 5302 1494 5370 μὲν
1526 5298 1619 5354 οὖν
1646 5303 1847 5367 εἰπεῖν,

251 5392 587 5464 Πιρελθέτω
639 5392 700 5443 τὸ
747 5393 1028 5463 ποτήριον,
1060 5392 1229 5457 ἔδειξε
1276 5394 1337 5447 τὸ
1379 5396 1748 5463 ἀν’·ρὼπινονσ
1774 5397 1853 5465 τῷ

246 5486 305 5540 δὲ
336 5487 538 5540 εἰπεῖν.
561 5485 724 5554 Ούχὸ
748 5485 857 5551 ἐγὼ
888 5486 1049 5550 θέλω,
1089 5488 1205 5540 ἀλλ’
1233 5487 1261 5539 ὃ
1290 5490 1378 5553 σὺ,
1408 5488 1651 5542 διδάσκει
1680 5491 1849 5561 ἡμᾶς,

247 5582 339 5636 tua
393 5585 489 5635 καὶ⁵
526 5583 625 5651 τῆς
668 5583 886 5649 φύσεως
929 5583 1262 5654 βιαζομένης
1293 5586 1755 5658 ὑπερφρονῶμεν,
1788 5588 1851 5641 τὸ

248 5674 483 5746 ἀρεστὸν
510 5675 589 5745 τῷ
612 5674 733 5745 Θεῷ
762 5676 1100 5745 αἰτούμενοι.
1150 5678 1237 5740 Ὠς
1269 5678 1327 5731 δὲ
1371 5680 1510 5748 μετὰ
1550 5681 1652 5749 τὴν
1680 5681 1849 5752 εὐχὴν

246 5764 459 5831 ἐλθὼν,
495 5761 627 5837 εὗρε
666 5770 795 5831 τοὺς
840 5772 991 5837 τρεῖς
1036 5770 1430 5834 καθεύδοντας,
1483 5774 1719 5844 ἐπιτιμᾷ
1770 5774 1851 5844 τῷ

248 5858 445 5928 Πέτρῳ
481 5861 651 5929 μόνῳ,
691 5862 979 5932 μονονουχὶ
1008 5862 1237 5916 τοιαῦτα
1283 5863 1459 5931 λέγων
1494 5865 1633 5934 πρὸς
1658 5866 1847 5918 αὐτόν·

248 5951 320 6001 Ού
356 5956 413 6002 σε,
472 5948 518 6004 εἷ
566 5960 594 6001 ο)
631 5953 1003 6021 ὑποσχόμενος
1039 5957 1134 6008 σὺν
1179 5956 1302 6024 ἐμοὶ
1332 5958 1667 6025 ἁποθανεῖν;
1700 5959 1849 6012 Μίαν

1962 4764 2086 4802 cum
2131 4750 2478 4805 naturalibus
2520 4752 2931 4807 conditionibus
2962 4760 3225 4825 suscepit,
3255 4760 3483 4815 omnino
3510 4774 3567 4815 et

1963 4839 2240 4893 tristitiam
2270 4852 2325 4896 et
2354 4858 2616 4912 angorem
2662 4847 2964 4900 naturalem
2993 4848 3206 4906 habuit.
3238 4850 3445 4908 Omnes
3466 4868 3567 4909 au-

1963 4943 2069 4985 tem
2112 4943 2306 4988 natura
2346 4935 2659 4993 insuaviter
2698 4955 2830 5011 erga
2871 4950 3103 4996 mortem
3130 4942 3313 5000 allecti
3350 4962 3564 5004 sumus.

1958 5023 2229 5079 Caeterum
2263 5026 2537 5083 dicendo:
2571 5027 2839 5085 Transeat
2880 5034 3045 5099 calix,
3090 5039 3422 5092 monstravit
3462 5042 3555 5095 bu.

1961 5117 2305 5169 manitatein.
2336 5116 2577 5174 Dicenda
2602 5132 2783 5175 autem
2811 5141 2824 5176 :
2856 5123 2972 5179 Non
2994 5128 3141 5196 quod
3169 5144 3271 5197 ego
3301 5130 3443 5197 volo,
3468 5134 3563 5185 sed

1958 5200 2103 5279 quod
2140 5223 2219 5273 ιιι,
2254 5212 2411 5266 docet
2454 5230 2552 5268 nos
2576 5224 2633 5267 ut
2668 5215 3015 5273 invadentetn
3052 5236 3116 5277 ac
3152 5233 3435 5291 urgentem
3474 5243 3567 5279 na-

1960 5314 2137 5357 turam
2165 5316 2607 5373 contemnamus,
2628 5312 2771 5377 quod
2799 5310 2909 5365 Deo
2932 5326 3150 5381 gratum
3181 5325 3264 5369 est
3289 5326 3563 5385 petentes.

1958 5399 2251 5467 Postquam
2280 5410 2463 5454 autent
2498 5413 2616 5471 post
2642 5419 2833 5475 preces
2857 5407 3027 5473 venit,
3056 5407 3261 5462 invenit
3292 5420 3403 5465 tres
3430 5412 3564 5466 dor-

1960 5494 2210 5559 mientcs,
2242 5506 2293 5549 et
2322 5497 2628 5567 increpavit
2660 5498 2881 5554 Petrum
2914 5500 3115 5565 solum,
3141 5505 3297 5572 quasi
3334 5506 3463 5560 talia
3492 5506 3561 5559 ad

1960 5587 2134 5655 ipsum
2185 5589 2414 5642 dicens:
2455 5590 2609 5645 Tune
2651 5592 2742 5647 ille
2781 5608 2882 5654 es.
2928 5596 3021 5663 qui
3069 5597 3347 5665 pollicitus
3402 5614 3464 5653 es
3509 5610 3561 5653 te

1960 5680 2090 5732 mihi
2142 5684 2640 5737 commoriturum?
2693 5684 2872 5741 Unam
2930 5690 3119 5742 horam
3174 5705 3280 5745 non
3337 5692 3563 5760 potuisti

1955 5773 2209 5841 vigilare,
2238 5776 2515 5842 quomodo
2548 5787 2780 5831 mortem
2809 5780 3172 5835 contemnes?
3200 5779 3305 5835 Sed
3338 5781 3564 5850 vigilate

1956 5877 2011 5922 et
2038 5878 2215 5930 orate,
2253 5879 2310 5920 ut
2361 5884 2429 5923 ne
2473 5871 2709 5926 veniatis
2748 5872 2801 5926 in
2840 5874 3201 5929 tentationem
3250 5873 3560 5946 abuegaudi

1960 5977 2063 6016 me.
2100 5960 2339 6031 Spiritus
2370 5964 2589 6031 quidem
2614 5977 2902 6034 promptus
2928 5980 3034 6037 est,
3062 5980 3121 6027 nt
3148 5986 3233 6027 me
3265 5986 3372 6026 non
3398 5971 3562 6025 abne-
