4028 6422
199 405 299 474 661

880 398 1330 465 EVARRATIO
1365 403 1447 466 ΙΝ
1478 400 1983 465 EVANGELIUM
2021 400 2286 467 MARCI.
2318 432 2389 442 —
2422 406 2583 467 CAP.
2622 408 2779 471 XIV.

3393 407 3504 481 662

206 520 668 593 εΔιεσχίσθησαν,
712 516 807 572 καὶ
868 518 932 571 οὐ
996 516 1380 586 κατενύγησαν
1406 534 1423 549 ο
1449 536 1469 570 a
1525 514 1795 587 σύμϐολον

1902 529 2012 569 nou
2043 515 2436 584 intelligerent,
2463 521 2827 589 rumpentium
2854 528 2910 576 et
2936 523 3263 579 abolendum
3285 522 3503 581 Iuda-o-

196 616 255 672 ἃ
276 616 373 671 καὶ
404 614 568 669 τοῦτο
590 607 680 681 ἦν,
706 609 809 664 κάν
831 612 1036 673 sum;
1070 610 1132 663 οὔ
1160 606 1470 673 συνίει,.τοῦ
1489 609 1591 679 τὴν
1607 608 1801 679 ἀρχιεο

203 707 459 782 ρωσύνην
494 705 605 759 τῶν
660 702 932 757 Ἰουδαίων
968 701 1335 775 διαρραγῆναι
1362 700 1457 755 καὶ
1494 699 1803 770 ἀφανισθῆ-

204 818 312 857 ναι.
337 798 499 853 Ἐπεὶ
528 796 705 850 τοίνυν
728 796 762 865 ἡ
794 793 949 865 κοινὴ
970 793 1151 865 ψῆφος
1178 795 1290 847 τῶν
1335 795 1640 864 ἀρχιερέων
1678 810 1803 847 κατ-

208 892 425 963 έκρινεν
488 890 675 955 αὐτὸν,
710 887 835 941 τότε
876 888 925 940 οί
973 886 1245 959 ὑπηρέται
1297 884 1801 954 περικαλύπτοντες

201 982 387 1047 αὐτὸν,
424 979 618 1033 έπαιον
640 979 734 1032 καλ⁵
756 976 967 1045 ἔλεγον·
1019 978 1427 1049 Προφήτευσον,
1478 977 1563 1041 τίς
1594 978 1744 1030 ἐστιν
1774 979 1803 1029 6

202 1074 408 1137 παίσας
430 1088 488 1124 σε
526 1086 541 1135 ;
575 1072 721 1124 Πόσα
744 1071 927 1123 τοίνυν
948 1068 1219 1139 πάθοιμεν
1243 1067 1312 1122 ,ἰν
1335 1070 1519 1139 ἡμεῖς.
1552 1069 1637 1122 ἶνα
1655 1070 1804 1123 ἀντι-

199 1164 429 1236 δοίημεν
487 1164 560 1217 τά
615 1164 705 1217 tua
754 1162 834 1231 τῷ
889 1160 1180 1232 Δεσπότη;
1226 1160 1435 1231 Φρίκης
1482 1159 1662 1217 ταῦτα
1704 1179 1804 1231 με·

204 1252 329 1313 στά.
1568 1264 1569 1269 “

282 1364 303 1398 ε
332 1346 445 1401 Ka‘.
486 1346 640 1407 ὄντος
665 1344 761 1397 τοῦ
808 1341 1019 1413 Πέτρου
1046 1343 1106 1395 ὲν
1154 1345 1221 1414 τῇ
1256 1343 1394 1414 αὐλῇ
1430 1345 1601 1407 κάτω,
1644 1344 1804 1414 ἔρχε-

202 1454 296 1491 ται
326 1438 429 1508 μία
446 1436 555 1490 τῶν
586 1435 991 1489 παιδισκῶνωῦ
1012 1435 1336 1505 ἀρχιερέως
1358 1438 1455 1489 καὶ
1488 1435 1677 1490 ἰδοῦσα
1704 1438 1798 1489 τὸν

204 1529 421 1601 Πέτρον
451 1528 904 1598 θερμαινόμενον,
938 1526 1258 1596 ἐμϐλέψασα
1284 1527 1456 1598 αὐτῷ,
1480 1529 1632 1596 λέγει
1652 1546 1663 1558 ·
1692 1530 1803 1582 Kal

204 1623 271 1674 σὺ
310 1621 455 1690 μετά
480 1620 575 1673 τοῦ
614 1619 937 1688 Ναζαρηνοῦ
979 1619 1156 1689 Ἰησοῦ
1222 1615 1388 1689 ἦσθα.
1434 1618 1496 1675 Ὀ
1526 1620 1583 1674 δὲ
1641 1623 1804 1692 ἠρνή-

203 1732 361 1773 σατο.
386 1714 585 1781 λέγων’
614 1714 728 1767 Οὐκ
749 1707 887 1777 οἶδα,
916 1714 1037 1766 οὐδὲ
1067 1715 1369 1785 ἐπίσταμαι
1398 1714 1452 1766 τί
1482 1716 1549 1767 σὺ
1579 1715 1759 1783 λέγεις
1783 1733 1800 1751 ο

1907 621 2028 661 rum
2059 610 2453 664 sacerdotium.
2496 610 2683 680 itaque
2714 613 2935 681 quando
2966 615 3248 669 communi
3285 617 3505 684 pontiﬁ-

1904 712 2027 752 cum
2052 698 2311 770 suffragio
2334 700 2735 757 condemnatus
2761 711 2869 770 est,
2902 712 3031 760 tunc
3062 706 3299 762 ministri
3334 709 3504 764 obvv-

1905 786 2157 842 laverunt
2206 790 2359 843 illum
2409 802 2467 845 et
2516 794 2874 859 ceciderunt,
2921 794 3323 866 dixeruntque:
3368 797 3507 854 Pro-

1904 881 2124 951 phetiza
2145 923 2162 950 ,
2198 885 2323 953 quis
2352 894 2438 940 est
2465 887 2557 955 qui
2588 896 2642 941 te
2676 887 2994 957 percussit?
3024 888 3165 957 Quid
3199 890 3365 960 igitur
3394 896 3505 965 puti

1902 984 1958 1028 et
1988 991 2090 1031 nos
2121 978 2402 1043 debemus,
2430 990 2489 1035 ut
2517 981 2813 1037 reddamus
2839 996 2939 1052 par
2965 982 3239 1040 Domino?
3269 985 3507 1043 Horrore

1903 1069 2061 1139 plena
2088 1081 2215 1124 sunt
2242 1072 2381 1125 haec.

1981 1334 2143 1391 Vens.
2179 1336 2369 1392 66.72.
2405 1358 2423 1391 t
2461 1340 2523 1395 Et
2554 1356 2680 1396 cum
2712 1353 2857 1397 esset
2888 1342 3081 1398 Petrus
3109 1345 3161 1399 in
3191 1346 3335 1400 atrio
3366 1347 3506 1400 infe-

1908 1428 2041 1492 rius,
2076 1431 2224 1483 venit
2260 1447 2364 1485 una
2400 1434 2724 1486 ancillarmn
2756 1437 2954 1490 summi
2991 1438 3324 1503 sacerdotis,
3353 1454 3506 1511 cum.

1904 1536 2013 1589 que
2045 1522 2270 1579 vidisset
2302 1522 2524 1580 Petrum
2561 1527 2981 1584 calefacientem
3006 1547 3087 1593 se.
3120 1532 3320 1587 intuita
3356 1534 3505 1588 illum

1904 1614 2040 1667 dicit
2070 1631 2083 1666 :
2121 1614 2187 1668 Et
2213 1626 2269 1669 ttt
2299 1632 2422 1672 cum
2454 1616 2583 1673 Jesu
2617 1620 2909 1677 Nazareno
2950 1622 3146 1679 fuisti?
3176 1626 3246 1679 At
3285 1624 3374 1681 ille
3412 1642 3507 1681 ne—

1905 1706 2051 1775 gavit
2084 1708 2274 1762 dicens
2306 1726 2321 1768 :
2352 1708 2471 1766 Non
2506 1714 2663 1777 novi,
2698 1728 2871 1785 neque
2912 1716 3029 1770 scio
3061 1716 3192 1786 quid
3235 1718 3405 1772 dicas.
3439 1715 3509 1771 Et

203 1810 302 1861 καὶ
332 1806 563 1875 ἐξῆλθεν
577 1806 683 1871 ἐξω
711 1809 790 1870 εἰς
817 1808 880 1859 τὸ
900 1807 1215 1875 προαύλιον.
1238 1808 1347 1861 Καὶ
1376 1807 1628 1879 ἀλέκτωρ
1659 1810 1795 1879 ἐφώ-

1908 1800 2079 1854 exivit
2128 1800 2281 1859 foras
2326 1804 2380 1859 in
2429 1807 2800 1873 vestibulum,
2846 1821 2901 1864 et
2946 1808 3121 1881 gallus
3166 1812 3385 1869 cecinit.
3440 1813 3508 1867 Et

201 1916 356 1970 νησε.
391 1900 502 1953 Kal
537 1902 571 1970 ἡ
604 1900 866 1970 παιδίσκη
920 1900 1110 1954 ίδοῦσα
1158 1902 1319 1954 αὑτὸν
1348 1902 1535 1967 πάλιν,
1597 1902 1804 1972 ήρεατο

200 1990 388 2058 λέγειν
436 1993 551 2053 τοῖς
611 1992 1019 2061 παρεστηκόσιν
1054 2032 1070 2053 ,
1140 1992 1223 2044 ὅτι
1256 1984 1430 2056 Οὗτος
1504 1993 1565 2059 εξ
1620 1993 1802 2046 αὐτῶν

200 2083 387 2136 ἐστιν·
449 2086 480 2136 6
528 2082 588 2136 st
638 2082 802 2137 πάλιν
853 2084 1095 2152 ἠρνεῖτο.
1130 2083 1240 2136 Kal
1282 2083 1423 2153 μετά
1459 2084 1659 2155 μικρὸν
1694 2086 1802 2138 πά-

200 2174 289 2225 λιν
318 2213 336 2237 ,
388 2175 440 2227 οἱ
494 2176 846 2245 παρεστῶτες
911 2176 1099 2244 ἔλεγον
1161 2175 1240 2245 τῷ
1298 2176 1523 2246 Πέτρῳ·
1556 2178 1801 2247 ’Λληθῶς

199 2265 262 2329 ἀξ
284 2266 470 2319 αὐτῶν
508 2262 557 2319 εἷ
577 2308 589 2327 ,
629 2269 724 2320 καὶ⁸
757 2267 867 2337 γάρ
902 2267 1189 2331 Γαλιλαῖος
1210 2262 1280 2331 εῐ,
1324 2270 1421 2321 καὶ
1448 2272 1481 2339 ἡ
1514 2269 1676 2323 λαλιά
1706 2274 1801 2323 σου

200 2358 480 2424 ὀμοιάζει.
513 2360 573 2413 ’0
599 2360 656 2413 δὲ
686 2359 893 2429 ἦρξατρ
918 2360 1342 2430 ἀναθεματίζειν
1407 2364 1502 2415 καὶ
1553 2366 1798 2433 ὀμνύειν,

202 2452 287 2501 ἔτι
320 2454 438 2504 υύκ
463 2449 577 2505 οἶδα
612 2454 704 2505 τὸν
732 2452 1023 2524 ἄνθρωπον
1052 2453 1243 2508 τοῦτον
1274 2455 1333 2508 ὃν
1366 2455 1574 2523 λέγετε.
1606 2458 1715 2511 Καὶ
1739 2460 1801 2511 ἐκ

203 2544 467 2614 δευτέρου
530 2547 784 2615 ἀλέκτωρ
816 2544 1066 2617 ἑφὼνησε
1090 2589 1105 2613 ,
1160 2547 1258 2601 καὶ
1292 2549 1607 2621 ἀνεμνήσθη
1634 2553 1662 2602 6
1701 2551 1804 2603 ut-

203 2651 338 2704 τρος
399 2634 495 2688 τοῦ
545 2629 901 2707 ῥηματοε,οὖ
950 2633 1106 2690 εἶπεν
1161 2637 1313 2708 αὐτῷ
1351 2641 1380 2692 6
1424 2638 1654 2708 Ἰησοῦς,
1694 2643 1803 2703 ,ὅτι

206 2726 347 2796 Πρὶν
377 2727 651 2797 ἀλέκτορα
674 2728 924 2799 φωνῆσαι
954 2729 1061 2791 δὶς,
1084 2731 1383 2803 ἀπαρνήσῃ
1410 2749 1479 2802 με
1502 2734 1623 2802 τρίς
1646 2751 1660 2764 ·
1709 2736 1802 2788 καὶ

199 2819 507 2882 ἐπισαλὼν,
546 2819 787 2875 ἔκλαιεν.
815 2839 834 2873 ι
903 2822 1236 2892 Ἦσθένησεν
1261 2825 1290 2876 6
1317 2825 1546 2895 Πέτρος,
1608 2828 1657 2879 εί
1705 2829 1803 2882 καὶ

207 2913 549 2983 θερμότερος
580 2910 671 2985 ἧν,
723 2914 817 2969 καὶ
861 2915 1111 2985 ἀρνεῖται
1140 2917 1234 2970 τὸν
1280 2917 1492 2989 Κύριον
1542 2919 1648 2973 ὑπὸ
1701 2920 1802 2989 τῆς

200 3002 410 3068 δειλίας
447 3005 837 3076 διαταραχθείς
862 3026 876 3038 ’
906 3010 1003 3062 xal
1028 3010 1205 3065 ταῦτα
1233 3010 1529 3084 παιδίσκης
1564 3014 1803 3084 ὲκπτοη-

205 3097 381 3166 σάσης
419 3098 584 3151 αὐτόν
604 3115 620 3129 ·
651 3097 808 3151 τοῦτο
833 3100 891 3152 δὲ
918 3102 1040 3154 κατ’
1056 3102 1371 3172 οἰκονομίαν
1407 3104 1799 3175 συνεχώρησεν

202 3190 372 3243 αὐτὸν
414 3191 444 3244 6
483 3189 617 3253 Θεὸς
654 3190 872 3257 παθεῖν,
927 3192 1017 3245 ῐνα
1069 3192 1147 3264 μὴ
1192 3194 1510 3267 ἑπαίρηται,
1540 3200 1635 3253 καὶ
1681 3200 1798 3269 ἀμα

204 3283 295 3335 ῖνα
321 3284 419 3336 καὶ
470 3284 585 3347 τοῖς
631 3284 885 3339 πταίουσι
941 3287 1239 3359 συμπαθὴς
1285 3290 1396 3358 εἴη,
1459 3293 1555 3363 ἀφ’
1600 3295 1795 3349 ἑαυτοῦ

204 3372 521 3439 παιδευθεὶς
565 3376 627 3429 τὺ
696 3376 800 3445 τῆς
851 3377 1203 3448 ἀνθρωπίνης
1257 3382 1544 3449 ἀσθενείας
1596 3384 1792 3456 βίαιον.

202 3465 526 3536 Ἀδεάφορον
566 3465 624 3518 δὲ
650 3466 758 3519 εἴτε
793 3468 826 3537 ή
860 3468 1000 3538 αὑτὴ
1034 3470 1291 3543 παιδίσκη
1338 3469 1429 3545 ἦν,
1466 3474 1577 3528 εἴτε
1628 3477 1792 3549 ἀλλη,

203 3558 238 3625 ἡ
294 3556 565 3626 ἐλέγξασα
603 3559 694 3611 τὸν
723 3559 953 3630 Πέτρον.
1013 3561 1298 3627 Ματθαῖος
1350 3566 1451 3635 μὲν
1482 3568 1592 3639 γὰρ
1627 3569 1797 3639 ἀλλην

201 3647 411 3717 ταύτην
437 3648 609 3716 λέγει·
646 3651 872 3721 Μάρκος
902 3651 959 3705 δὲ
978 3652 1079 3725 τὴν
1109 3656 1302 3727 αὐτήν.
1336 3659 1505 3713 Οὐδὲν
1536 3660 1593 3713 δὲ
1618 3682 1627 3690 “
1662 3664 1796 3731 ἡμῖν

200 3739 364 3793 τοῦτο
392 3740 652 3809 ἀμπόδιον
678 3743 815 3813 πρὸς
842 3743 941 3815 τὴν
975 3746 1234 3817 ἀλήθειαν
1272 3749 1370 3802 τοῦ
1431 3752 1791 3821 Εὑαγγελίου·

204 3829 285 3901 μὴ
316 3830 424 3901 γὰρ
457 3832 517 3884 έν
546 3832 770 3903 μεγάλῳ
792 3836 902 3887 τινὶ
926 3837 1021 3890 καὶ
1049 3840 1354 3910 συνεκτικῷ
1392 3842 1492 3913 τῆς
1519 3846 1795 3917 σωτηρίας

200 3922 363 3992 ἡμῶν
391 3923 759 3994 Magn-Noua;
792 3928 886 3999 Μὴ
912 3932 941 3983 6
972 3931 1071 4000 μὲν
1094 3928 1249 3985 εἶπεν
1274 3973 1291 3999 ,
1331 3935 1414 3988 ὅτι
1470 3938 1791 4010 ἐσταυρώθη

200 4016 231 4066 6
261 4013 489 4101 Κύριος,
538 4018 567 4069 6
594 4015 688 4092 δι,
718 4016 779 4070 οὔ
814 4036 829 4087 ;
891 4021 1090 4089 ἄπαγε.
1124 4023 1185 4076 '0
1216 4024 1398 4077 τοίνυν
1431 4028 1639 4101 Πέτρος
1689 4029 1796 4082 ὑπὸ

199 4105 301 4175 τῆς
332 4089 537 4169 δειλίας
565 4089 972 4178 διαταραχθεὶς,
1004 4111 1099 4164 καὶ
1121 4113 1515 4184 ἐπιλαθόμενος
1697 4120 1789 4173 λό-

200 4210 302 4263 γου
362 4190 425 4250 οὗ
453 4191 611 4250 εἶπεν
658 4200 688 4251 6
722 4199 945 4270 Κύριος,
998 4204 1082 4259 ὅτι
1133 4206 1238 4258 Τὸν
1287 4207 1670 4279 ἀρνησάμενόν
1723 4230 1791 4281 με

200 4288 519 4361 ἀρνήσομαι
557 4290 717 4360 κάγὼ
774 4293 1009 4349 ἐνώπιον
1040 4297 1136 4350 τοῦ
1186 4299 1400 4370 Πατρός
1432 4320 1559 4372 μου,
1617 4306 1792 4376 ἠρνή-

202 4395 359 4446 σατο,
391 4381 511 4435 ἀλλ’
541 4385 574 4452 ἡ
615 4387 881 4450 μετάνοια
909 4387 1072 4442 πάλιν
1091 4390 1257 4444 αὐτὸν
1285 4394 1529 4464 ᾠκείωτε
1554 4396 1633 4467 τῷ
1653 4398 1790 4467 Χρι-

1906 1893 2105 1949 ancilla
2133 1911 2259 1951 cum
2309 1897 2537 1953 vidisset
2576 1915 2726 1968 eum,
2757 1918 2975 1957 rursum
3004 1905 3173 1971 coepit
3204 1905 3389 1961 dicere
3422 1905 3508 1960 his

1903 1986 1997 2053 qui
2024 1988 2320 2043 astabant:
2356 1987 2458 2045 llic
2483 2006 2550 2045 ex
2578 1991 2685 2047 illis
2722 2005 2827 2048 est.
2866 1996 2937 2048 At
2968 1992 3056 2051 ille
3082 2011 3298 2051 rursum
3338 2011 3506 2066 nega-

1904 2077 2027 2140 bat:
2068 2094 2133 2134 ac
2172 2082 2337 2149 paulo
2376 2094 2499 2153 post
2542 2085 2741 2140 iterum
2774 2087 2869 2156 qui
2914 2090 3203 2155 astabant,
3248 2089 3507 2146 dicebant

1906 2168 2109 2223 Petro:
2142 2171 2281 2226 Vere
2311 2187 2378 2226 ex
2410 2174 2517 2228 illis
2549 2192 2648 2231 es:
2681 2192 2803 2231 nam
2846 2189 2899 2233 et
2930 2177 3190 2235 Galilaaus
3226 2196 3307 2246 es,
3336 2191 3390 2237 et
3422 2180 3505 2235 lo-

1905 2262 2065 2329 qncla
2092 2270 2181 2317 tua
2215 2266 2491 2320 convenit.
2524 2267 2592 2320 At
2636 2268 2725 2323 ille
2754 2271 2919 2340 rmpit
2950 2272 3230 2327 exsecrari
3262 2289 3325 2328 ac
3357 2273 3507 2341 deje-

1910 2371 2070 2409 rare:
2105 2356 2221 2410 Non
2260 2360 2383 2413 novi
2423 2360 2699 2415 hominem
2744 2363 2906 2417 istum
2942 2366 3011 2419 de
3051 2380 3161 2434 quo
3198 2367 3402 2421 dicitis.
3436 2365 3506 2422 Et

1906 2447 2105 2503 iterum
2137 2450 2313 2520 gallus
2348 2455 2588 2509 cecinit:
2625 2458 3052 2527 recordatusque
3081 2456 3246 2532 255
3282 2468 3365 2517 est
3400 2460 3502 2514 Pe-

1908 2551 2023 2595 trus
2054 2544 2203 2599 verbi
2232 2548 2375 2614 quod
2400 2547 2615 2604 dixerat
2645 2550 2718 2604 illi
2741 2549 2902 2607 Jesus
2930 2568 2942 2606 :
2971 2552 3297 2625 Priusquam
3324 2556 3503 2627 gallus

1906 2633 2167 2689 cecinerit
2207 2636 2319 2701 bis,
2349 2641 2647 2709 abnegabis
2696 2656 2783 2696 me
2818 2651 2922 2697 ter.
2956 2644 3167 2700 Etcum
3201 2646 3501 2715 iniecisset,

1905 2718 2072 2776 ﬂevit.
2114 2741 2133 2775 ι
2167 2723 2420 2781 Infirmus
2448 2737 2569 2781 erat
2600 2727 2800 2785 Petrus
2820 2770 2835 2794 ,
2871 2734 3087 2788 tametsi
3124 2734 3303 2789 alacer
3332 2747 3499 2800 esset.

1905 2826 1958 2867 ct
1988 2830 2102 2885 prae
2147 2818 2346 2873 timore
2386 2820 2639 2877 turbatus
2678 2820 2971 2878 Dominum
3015 2829 3287 2895 abnegat,
3336 2826 3501 2899 idque

1906 2907 1975 2963 ab
2036 2906 2231 2961 ancilla
2288 2909 2724 2977 obstupefactus.
2788 2910 3045 2968 Permisit
3114 2923 3297 2969 autem
3357 2916 3500 2972 Deus

1906 2998 2051 3053 istud
2078 3000 2342 3070 singulari
2392 3000 2805 3070 dispensatione
2842 3004 2993 3070 ﬁeri,
3026 3016 3085 3060 ut
3114 3022 3182 3061 ne
3210 3008 3502 3063 extollere-

1909 3098 2015 3155 tur,
2043 3100 2098 3144 et
2126 3091 2193 3145 ad
2220 3092 2342 3155 hoc,
2369 3102 2430 3146 ut
2455 3103 2869 3164 compateretur
2896 3095 3225 3165 labentibus,
3256 3114 3291 3153 a
3320 3101 3500 3169 seipse

1905 3184 2150 3238 eruditus
2170 3194 2375 3253 quanta
2398 3186 2471 3240 sit
2493 3187 2726 3241 humana
2756 3188 3105 3245 imbecillitas
3126 3200 3181 3245 et
3202 3191 3499 3262 fragilitas.

1903 3272 2019 3329 Non
2049 3276 2219 3330 refert
2259 3278 2374 3331 sive
2419 3293 2556 3343 una,
2584 3281 2701 3335 sive
2730 3281 2849 3335 duae
2879 3281 3092 3336 ancilla:
3134 3280 3341 3338 fuerint
3377 3299 3499 3355 qua:

1900 3369 2181 3439 arguerint
2222 3370 2462 3423 Petrum.
2509 3370 2797 3428 “animus
2833 3388 2967 3429 sane
3007 3374 3164 3429 istam
3204 3390 3313 3430 non
3342 3390 3495 3432 eant-

1901 3467 2023 3515 dem
2044 3459 2198 3526 dicit,
2235 3461 2451 3516 Marcus
2486 3478 2617 3518 vero
2646 3467 2917 3522 eamdem.
2950 3465 3095 3521 Nihil
3133 3478 3314 3523 autem
3344 3471 3503 3526 nobis

1900 3554 1957 3609 in
1999 3557 2101 3610 hoc
2136 3555 2409 3610 obstaculi
2445 3557 2515 3610 ad
2564 3557 2843 3628 Evangelii
2888 3560 3201 3619 veritatem.
3242 3561 3498 3633 Nunquid

1899 3652 2044 3704 enim
2078 3652 2131 3705 in
2168 3666 2366 3722 magno
2396 3650 2581 3721 aliquo
2615 3662 2668 3706 et
2701 3654 2933 3707 salutem
2965 3667 3213 3711 nostram
3257 3660 3498 3727 comple-

1898 3752 2084 3798 ciente
2129 3742 2494 3797 discordant?
2534 3742 2787 3815 Nunquid
2830 3745 2922 3802 ille
2956 3746 3097 3802 dixit
3134 3751 3280 3818 quod
3318 3751 3499 3805 cruci-

1901 3835 2041 3890 fixus
2061 3835 2153 3899 sit,
2181 3844 2235 3889 et
2256 3836 2396 3890 alius
2420 3850 2529 3890 non
2551 3836 2575 3888 ?
2599 3836 2763 3892 absit.
2795 3835 2965 3908 Igitur
2987 3837 3187 3895 Petrus
3211 3856 3321 3911 pra:
3346 3853 3493 3897 metu

1901 3927 2171 3992 turbatus,
2217 3938 2273 3984 et
2302 3929 2508 3982 oblitus
2538 3928 2811 3983 sermnnis
2854 3945 3016 3999 quem
3054 3932 3266 3987 dixerat
3311 3932 3496 3989 Domi-

1896 4037 2023 4087 nus,
2049 4022 2191 4090 quod
2221 4020 2353 4074 Eum
2384 4022 2475 4089 qui
2504 4034 2590 4075 me
2615 4022 2992 4091 abnegaveril,
3011 4025 3294 4096 abnegabo
3323 4036 3377 4081 et
3397 4043 3498 4099 ego

1894 4126 2081 4168 coram
2113 4111 2276 4167 Patre
2308 4128 2450 4178 meo,
2485 4115 2703 4182 negavit
2729 4133 2745 4168 :
2773 4115 2867 4169 sed
2895 4116 3217 4185 poenitentia
3239 4128 3293 4173 ct
3318 4119 3497 4193 lucry-

1896 4220 2000 4259 mae
2031 4204 2182 4259 illum
2218 4206 2283 4259 ad
2316 4206 2600 4265 Christum
2629 4208 2988 4264 reduxerunt.
3027 4209 3093 4264 Et
3119 4226 3242 4264 cum
3272 4212 3493 4284 injecis-

1895 4307 1999 4363 set,
2028 4296 2176 4352 ﬂevit
2204 4316 2217 4351 :
2248 4298 2351 4351 hoc
2383 4308 2466 4351 est
2493 4313 2620 4352 cum
2645 4307 2809 4369 caput
2833 4301 3165 4371 obvelasset,
3197 4306 3277 4359 vel
3307 4324 3403 4375 pro
3426 4324 3495 4364 eo

1894 4393 2039 4460 quod
2066 4391 2233 4460 cmpit
2255 4406 2453 4461 magna
2484 4392 2852 4449 vehementia.
2882 4394 3001 4451 Jam
3027 4397 3178 4465 quod
3206 4398 3491 4455 Hatthazus

202 4471 336 4543 στῷ,
364 4477 462 4526 καὶ
497 4473 568 4527 τὰ
590 4473 822 4546 δάκρυα.
862 4477 1169 4534 Ἐπισαλὼν
1197 4483 1325 4554 γὰρ,
1362 4486 1549 4554 φησιν,
1580 4488 1787 4552 ἔκλαιε,

1901 4485 2130 4539 obscure
2157 4484 2317 4551 dixit,
2350 4483 2496 4552 quod
2525 4482 2853 4553 Priusquam
2888 4486 3061 4556 gallus
3088 4499 3294 4557 cantet,
3326 4491 3495 4545 inter-

198 4564 507 4632 τουτέστιν,
562 4568 1045 4639 ἐπικαλυψάμενος
1071 4574 1197 4645 τὴν
1232 4577 1517 4650 κεφαλήν·
1578 4581 1610 4651 ἢ
1664 4584 1787 4637 ἀντὶ

200 4651 321 4719 τοῦ,
355 4652 663 4725 ἀρξάμενος
714 4660 853 4728 μετά
888 4660 1255 4734 σφοδρότητος
1281 4681 1297 4697 ο
1350 4668 1489 4738 ὅπερ
1536 4670 1591 4723 δὲ
1634 4668 1788 4724 εἶπεν

200 4746 489 4813 ἀσαφῶςό
535 4747 836 4815 Ματθαῖος,
883 4752 967 4805 ὅτι
1001 4753 1138 4823 Πρὶν
1202 4756 1470 4829 ἀλέκτορα
1514 4766 1783 4834 φωνῆσαι,

200 4835 556 4905 ἡρμήνευσεν
579 4840 609 4891 6
632 4840 884 4911 Μάρκος,
918 4843 1002 4897 ὅτι
1030 4845 1173 4917 Πρὶν
1205 4848 1455 4919 φωνῆσαι
1500 4852 1603 4917 δίς.
1649 4855 1789 4909 Εἰώ-

200 4925 328 4981 θασι
365 4926 478 4998 γάρ
505 4930 555 4981 οί
580 4928 896 5002 ἀλέκτορες,
931 4936 1076 4989 κατά
1112 4938 1244 5007 μίαν
1262 4941 1489 5013 ἀγωγὴν
1526 4943 1790 5012 πολλάκις

200 5019 425 5085 φωνεῖν,
465 5013 587 5075 εἶτα
613 5016 729 5078 οἷον
760 5026 1085 5095 ύπνώττειν,
1140 5031 1237 5085 καὶ
1286 5034 1454 5088 πάλιν
1477 5038 1623 5105 μετά
1664 5055 1788 5095 τινα

201 5109 416 5183 καιρὸν,
446 5112 647 5185 ιτέραν
670 5118 848 5189 ἀρχὴν
898 5119 1177 5176 ποιεῖσθαι
1202 5123 1298 5178 τοῦ
1328 5132 1548 5194 φωνεῖν.
1585 5132 1652 5185 '0
1684 5128 1783 5187 οὖν

198 5199 355 5259 εἶπεν
382 5209 413 5260 6
432 5209 733 5276 Ματθαῖος,
765 5212 926 5269 τοῦτό
958 5218 1110 5270 ἐστιν
1131 5259 1146 5281 ,
1193 5218 1275 5273 ὅτι
1328 5221 1467 5291 Πρὶν
1516 5224 1788 5300 ἀλέκτορα

200 5297 477 5367 φωνῆσαι,
492 5302 762 5367 τουτέστι,
790 5304 1080 5376 πληρῶσαι
1112 5309 1213 5373 τὰς
1240 5312 1490 5381 κραυγὰς
1516 5316 1616 5383 τῆς
1643 5297 1789 5389 πρω-

197 5402 299 5459 της
333 5390 581 5460 ἀγωγῆς.
612 5392 909 5467 ἀπαρνήσῃ
939 5414 1008 5467 με
1028 5398 1173 5470 τρίς.
1220 5402 1679 5473 Δείσχυνέσθωσαν
1730 5410 1787 5463 δὲ

200 5480 253 5532 οι
288 5478 630 5535 Ναυατιανοὶ
661 5486 711 5537 oi
759 5487 886 5549 τοὺς
946 5488 1089 5557 μετά
1122 5491 1183 5543 τὸ
1228 5492 1514 5567 βάπτισμα
1547 5500 1640 5552 καὶ
1686 5502 1788 5573 τὴν

202 5572 519 5663 μετάληψιν
543 5574 653 5663 τῶν
688 5580 1007 5651 μυστηρίων
1044 5582 1495 5655 ἁμαρτήσαντας.
1532 5591 1609 5660 μὴ
1639 5572 1789 5663 δεχό-

205 5674 381 5727 μενοι.
457 5660 594 5717 Ἰδοὺ
670 5667 779 5737 γὰρ
824 5667 855 5720 6
902 5668 1131 5741 Πέτρος,
1181 5674 1277 5728 καὶ
1324 5678 1649 5745 μεταλαϐὼν
1692 5660 1786 5737 τοῦ

198 5751 476 5846 ἀχράντου
514 5755 769 5827 σώματος
799 5761 896 5815 καὶ
932 5763 1187 5834 αῖματος.
1244 5771 1338 5824 καὶ
1378 5772 1784 5846 ἀρνησάμενος,

1893 4588 2142 4645 pretatus
2186 4586 2271 4631 est
2318 4575 2573 4642 Marcus,
2620 4578 2747 4645 quia
2782 4575 3112 4649 Priusquam
3160 4580 3246 4635 his
3286 4592 3491 4638 cantet.
3572 4612 3583 4621 -

1890 4670 2308 4725 Consueverunt
2343 4669 2489 4723 enim
2522 4670 2649 4739 galli
2680 4684 2789 4724 uno
2820 4680 3071 4742 tempore
3096 4688 3241 4743 saepe
3270 4688 3490 4741 sonare,

1890 4772 1945 4817 et
1971 4771 2161 4832 postea
2199 4762 2465 4829 dormire,
2497 4773 2553 4816 et
2592 4772 2715 4832 post
2748 4774 2960 4834 tempus
2988 4765 3262 4836 quoddam
3292 4768 3486 4823 iterum

1890 4866 2112 4913 cantum
2148 4856 2410 4926 incipere.
2466 4854 2622 4921 Quod
2662 4856 2825 4925 igitur
2855 4856 3146 4914 Ilatthzeus
3182 4860 3349 4926 dixit,
3384 4862 3489 4917 hoc

1891 4959 1976 5004 est
2000 4966 2015 5003 :
2054 4947 2379 5018 Priusquam
2415 4947 2593 5019 gallus
2621 4956 2829 5010 cantet,
2854 4947 2957 5002 hoc
2989 4958 3093 5015 est,
3122 4950 3343 5020 impleat
3372 4952 3488 5007 cla-

1890 5055 2102 5096 morem
2146 5040 2307 5110 primi
2340 5048 2570 5102 cantus.
2619 5039 2847 5110 negabis
2890 5055 2977 5094 me
3007 5051 3109 5096 ter.
3150 5040 3490 5100 Erubescaut

1891 5132 2202 5199 Novatiani,
2222 5133 2318 5204 qui
2346 5147 2442 5189 eos
2466 5133 2560 5204 qui
2589 5142 2711 5203 post
2740 5132 3069 5203 baptismum
3091 5145 3147 5190 et
3168 5151 3487 5191 sacramen-

1892 5236 2069 5280 torum
2095 5226 2538 5281 commnnionem
2595 5234 2925 5295 peccarunt.
2990 5240 3103 5281 non
3159 5228 3483 5299 suscipiunt.

1891 5319 2031 5377 Ecce
2050 5330 2106 5374 et
2132 5317 2332 5374 Petrus
2357 5328 2614 5388 suscepto
2635 5317 2989 5373 immaculato
3017 5334 3252 5391 corpore
3278 5329 3335 5377 et
3360 5335 3489 5375 san-

1890 5412 2073 5482 guine,
2098 5426 2225 5466 cum
2268 5420 2545 5480 negasset,
2577 5420 2801 5482 propter
2828 5412 3206 5481 penitentiam
3232 5423 3485 5483 receptus

1889 5511 1994 5557 est.
2025 5501 2356 5558 Sanctorum
2390 5503 2539 5558 enim
2562 5502 2759 5558 delicta
2786 5502 2911 5557 ideo
2940 5504 3141 5573 scripta
3169 5514 3315 5571 sunt,
3343 5517 3401 5559 ut
3432 5513 3489 5560 et

1892 5610 1993 5650 nos
2026 5594 2076 5651 si
2111 5595 2330 5664 quando
2365 5593 2503 5663 lapsi
2537 5594 2806 5650 fuerimus
2833 5608 2941 5651 non
2975 5597 3483 5659 animadvertendo,

1889 5688 2166 5758 possimus
2201 5688 2256 5742 in
2298 5687 2546 5757 exempla
2578 5686 2795 5742 illorum
2829 5688 3135 5758 respicere,
3164 5702 3217 5744 et
3244 5705 3341 5761 per
3369 5703 3485 5761 pm-

1895 5780 2177 5835 nitentiam
2205 5779 2428 5847 corrigi.

196 5840 289 5900 διά
320 5848 421 5919 τῆς
456 5850 749 5920 μετανοίας
776 5856 1136 5932 προσεδέχθη.
1168 5858 1249 5916 Τὰ
1276 5864 1384 5936 γὰρ
1417 5840 1782 5941 sla-crciatum
1819 5876 1930 5933 τῶν
1996 5874 2168 5944 ἁγίων
2196 5874 2287 5931 διὰ
2316 5840 2478 5931 τοῦτο
2514 5876 2931 5949 ἀνεγράφησαν,
3008 5876 3094 5933 ἵνα
3154 5878 3247 5933 καὶ
3301 5876 3485 5947 ἡμεῖς.
