4028 6438
152 446 263 515 ιω

870 446 1320 509 ENARRATIO
1352 444 1439 507 IN
1478 446 1755 510 EV’ANG]

1863 449 1989 511 TUM
2027 451 2361 512 MARCI—
2396 451 2554 512 CAP.
2595 452 2717 512 XV.

3331 449 3447 513 670

149 556 345 615 "Bm
394 556 494 612 καὶ
536 559 633 610 τδν
681 551 927 627 γραπτὸν
971 554 1035 608 ὃν
1066 552 1271 608 ιδωκεν
1317 552 1528 626 uaces
1571 553 1741 620 Θεός·

1863 573 2017 629 quam
2071 558 2339 613 naturalis
2390 556 2525 627 legis
2567 555 3059 627 praevaricatores;
3094 552 3267 610 Ιηδωὶ
3289 567 3447 617 νοω,

153 648 271 706 ω·
309 647 345 703 ὁ
376 648 481 720 μιν
521 645 759 713 ἐθνικὸς,
801 644 1103 714 εὐγνώμων
1136 645 1364 718 λῃστὴς,
1413 648 1445 701 ὁ
1489 644 1551 700 δι
1610 645 1749 699 Ίσυ.

154 741 364 806 haec,
404 738 537 809 ἄχρι
568 735 761 800 τέλους
794 733 1140 806 βλάσφημος.
1175 736 1361 790 Μέσον
1405 735 1465 791 δι
1504 735 1618 790 τῶν
1654 734 1750 790 δύο

154 832 301 887 λαῶν
329 828 667 902 σταυροῦται
694 830 723 882 ό
750 825 954 897 Κύριος
980 843 998 858 ’
1018 827 1187 892 αὐτὸς
1220 830 1332 899 γάρ
1366 830 1517 883 ἔστιν
1546 830 1575 884 ὁ
1600 827 1749 891 λίθος

156 930 180 979 ὁ
205 924 501 978 συνάπτων
527 924 699 993 ἡμᾶς.

231 1121 251 1153 ι
295 1102 411 1156 Καὶ
455 1102 508 1155 οί
547 1098 1062 1172 παραπορευόμενοι
1100 1096 1497 1168 έϐλασφήμουν
1556 1096 1745 1162 αὑτὸν,

162 1194 443 1256 κινοῦντες
470 1192 572 1256 τὰς
615 1191 859 1259 κεφαλάς
898 1189 1083 1244 αὐτῶν
1109 1190 1209 1243 καὶ
1233 1188 1512 1258 λέγοντες·
1549 1185 1690 1249 οὐᾶ,
1719 1188 1749 1239 ὁ

161 1285 455 1340 καταλύων
482 1286 574 1338 τὸν
618 1284 765 1348 ναὸν,
796 1286 893 1338 καὶ
937 1285 997 1337 ἐν
1035 1283 1219 1354 τρισὶν
1252 1280 1491 1352 ἡμέραις
1536 1279 1746 1334 οἰκοδο-

160 1378 299 1449 μῶν,
337 1376 518 1431 σῶσον
544 1376 776 1431 σεαυτόν
794 1393 808 1405 ⁸
840 1376 939 1430 καὶ
962 1375 1183 1430 κατάϐα
1213 1374 1324 1428 ἀπὸ
1348 1374 1445 1427 τοῦ
1478 1370 1744 1441 σταυροῦ.

167 1469 402 1539 ὀμοίως
430 1467 491 1521 δὲ
519 1467 617 1522 καὶ
641 1469 694 1520 οί
723 1469 1003 1535 ἀρχιερεῖς
1072 1466 1439 1538 ἐμπαίζοντες
1482 1465 1620 1530 πρὸς
1654 1464 1751 1516 ά).-

157 1559 354 1630 λήλους
388 1558 533 1629 μετὰ
562 1559 681 1611 τῶν
704 1558 745 1610 Γ
750 1558 1090 1628 ραμματέων
1114 1558 1323 1625 ελεγον·
1347 1556 1578 1619 Ἄλλους
1610 1557 1748 1609 ἐσω-

159 1668 270 1713 σεν,
307 1651 503 1703 ἑαυτὸν
529 1650 592 1703 οὐ
617 1648 1061 1703 δύναται-σῶσαι.
1080 1647 1141 1703 ’0
1170 1648 1407 1720 Χριστὸς
1435 1651 1463 1700 ὁ
1494 1648 1750 1718 βασιλεὺς

156 1747 251 1798 τοῦ
291 1743 541 1815 Ἰσραὴλ,
572 1740 868 1797 καταϐάτω
901 1741 998 1796 νῦν
1040 1740 1150 1796 άπὸ
1186 1740 1283 1794 τοῦ
1331 1740 1592 1812 σταυροῦ,
1664 1739 1750 1791 ἵνα

158 1837 360 1907 ἴδωμεν
395 1838 491 1907 καὶ
532 1832 940 1903 πιστεύσωμεν.
997 1831 1111 1887 Καὶ
1136 1833 1187 1884 oi
1234 1831 1751 1902 συνεσταυρωμένοι

156 1904 329 1999 αὐτῷ,
358 1904 638 1991 ὠνείδιζον
668 1925 857 1981 αὐτόν.
899 1944 919 1977 ι
960 1926 1070 1981 Καὶ
1108 1926 1161 1979 οί
1192 1925 1746 1996 παραπορευόμενοι,
1781 1925 1822 1977 Β

157 2020 312 2089 ςησὶ,
343 2019 653 2085 τουτέστιν,
694 2021 744 2072 οί
779 2018 1125 2090 διερχόμενοι
1156 2019 1256 2089 τὴν
1287 2019 1427 2085 ὁδὸν,
1460 2019 1557 2072 καὶ
1589 2018 1749 2072 αὐτοὶ

156 2110 552 2182 ἐϐλασφήμουν
598 2112 690 2163 τὸν
738 2112 965 2180 Κύριον,
1037 2112 1242 2165 ὡσανεὶ
1312 2111 1751 2175 ἑπιτωθάζοντες

155 2200 319 2253 αὐτὸν
347 2201 428 2263 ώς
465 2200 686 2256 πλάνον.
718 2201 956 2270 Ὀμοίως
989 2202 1083 2254 καὶ
1125 2202 1173 2254 oi
1206 2202 1489 2273 ἀρχιερεῖς
1522 2201 1710 2269 ἔλεγον
1732 2217 1745 2230 ·

170 2293 227 2348 '0
254 2294 453 2356 ἀλλους
488 2292 690 2359 σώσας,
727 2293 922 2346 ἑαυτὸν
951 2294 1012 2346 οὐ
1046 2293 1211 2358 σώζει
1233 2311 1248 2359 ;
1274 2293 1450 2347 Τοῦτο
1478 2293 1534 2348 δὲ
1562 2294 1751 2362 ελεγον

157 2382 621 2447 άποσκώπτοντες
648 2386 730 2448 είς
766 2388 835 2438 τὰ
874 2384 1132 2455 θαύματα
1162 2384 1353 2451 αὑτοῦ,
1396 2389 1490 2441 καὶ
1527 2388 1753 2456 ἐπικερ-

162 2476 487 2548 τομοῦντες,
513 2478 589 2539 ὡς
607 2477 747 2531 κατά
779 2476 1087 2547 φαντασίαν
1117 2479 1259 2548 τάχα
1282 2478 1554 2547 γενόμενα
1602 2478 1745 2529 Gau-

164 2570 497 2641 ματουργῶν
529 2572 642 2645 γάρ
675 2570 845 2634 ἔσωζε
876 2570 1129 2634 πολλούς.
1154 2573 1213 2625 '0
1241 2572 1297 2625 δὲ
1322 2571 1570 2635 διάϐολος
1606 2589 1752 2642 παρ-

166 2662 343 2715 εκίνει
377 2662 577 2725 αὐτοὺς
628 2661 808 2730 λέγειν
840 2663 923 2729 τὺ,
966 2662 1281 2718 Καταϐάτω
1313 2666 1425 2718 ἀπὸ
1459 2665 1554 2717 τοῦ
1588 2682 1754 2717 σταυ-

164 2751 285 2824 ροῦ.
329 2751 492 2806 Ἐπεὶ
534 2753 641 2824 γὰρ
679 2754 821 2824 εγνω
851 2758 879 2808 ό
928 2756 1263 2828 άρχέκακος,
1298 2757 1383 2811 ὅτι
1427 2759 1460 2826 ἡ
1504 2758 1754 2826 σωτηρία

159 2844 253 2896 διὰ
306 2844 405 2897 τοῦ
443 2844 679 2916 σταυροῦ
716 2846 950 2915 γίνεται,
992 2847 1159 2901 πάλιν
1206 2848 1465 2916 ὲπείραζε
1506 2848 1598 2901 τὸν
1650 2848 1758 2906 Κύε

165 2950 282 3004 ριον
309 2975 325 2999 ,
363 2933 452 2987 ἵνα
478 2935 574 2988 έάν
598 2934 811 3006 καταϐῇ
837 2934 946 2988 ἀπὸ
975 2959 994 2988 -,
1019 2941 1067 2989 ιῡ
1097 2936 1358 3006 σταυροῦ,
1391 2938 1753 3009 πληροφορη-

169 3025 265 3098 θῇ,
308 3027 395 3080 ὅτι
426 3026 531 3079 οὐκ
571 3026 721 3080 ἔστιν
755 3026 879 3091 Υἱὸς
918 3027 1054 3081 Θεοῦ
1081 3042 1096 3057 ο
1132 3027 1229 3081 καὶ
1274 3026 1419 3080 οὕτω
1463 3029 1743 3101 καταλυθῇ

163 3120 199 3186 ἡ
230 3119 479 3189 σωτηρία
503 3119 537 3189 ἡ
558 3118 649 3172 διὰ
678 3119 775 3172 τοῦ
797 3118 1036 3188 σταυροῦ
1064 3136 1079 3150 ·
1111 3117 1228 3172 ἀλλ’
1256 3120 1467 3179 ἐκεῖνος
1495 3121 1590 3172 καὶ
1622 3120 1756 3183 Υίὸς

165 3209 302 3263 θεοῦ
334 3205 404 3281 ἦν
438 3210 679 3278 άληθῶς,
714 3213 811 3265 καὶ
850 3211 940 3264 διὰ
974 3208 1137 3264 τοῦτο
1176 3210 1383 3282 μᾶλλον
1415 3211 1476 3263 οὐ
1513 3212 1751 3280 κατέϐη-

1851 662 1912 708 ιιι
1953 661 2359 723 contemptores
2406 663 2462 705 et
2496 650 2678 717 hujus,
2728 648 2955 719 eteius,
2984 665 3152 719 quam
3188 646 3452 701 Dominus

1849 744 2021 810 dedit,
2053 744 2208 815 legis.
2247 742 2353 798 Sed
2388 743 2475 797 hic
2505 742 2727 811 quidem
2756 740 2980 811 gentilis
3023 747 3214 807 gratus
3268 736 3352 803 lit,
3394 745 3453 791 et

1852 830 2163 904 resipiscit:
2206 833 2470 889 Judaicns
2523 843 2708 887 autem
2760 845 2936 903 usque
2983 829 3054 885 ad
3103 828 3267 883 tinem
3299 829 3451 883 blas-

1848 924 2097 994 phemat.
2185 922 2359 977 Porro
2426 918 2711 978 Dominus
2794 923 2940 976 inter
3011 921 3151 974 duos
3218 921 3450 990 populos

1849 1014 2216 1086 cruciﬁgitur.
2251 1014 2374 1083 Ipse
2404 1015 2551 1068 enim
2578 1013 2717 1083 lapis
2751 1024 2837 1067 est
2870 1011 3219 1082 conjungens
3252 1027 3373 1063 nos.

1921 1104 2089 1161 Vens.
2124 1105 2324 1161 28-52.
2373 1124 2394 1158 ι
2429 1105 2493 1159 Et
2525 1107 2618 1175 qui
2644 1104 3022 1175 pra'teribant,
3058 1102 3453 1156 conviciabzttt-

1853 1206 1941 1252 tur
1967 1197 2067 1262 illi,
2092 1208 2379 1252 moventes
2400 1198 2581 1267 capita
2612 1212 2733 1261 sua,
2766 1211 2832 1250 ac
2880 1194 3128 1249 dicentes
3155 1211 3169 1246 :
3209 1191 3325 1246 Vah
3351 1195 3445 1263 qni

1851 1289 2131 1345 tletnoliris
2174 1292 2461 1359 templum,
2512 1299 2569 1344 et
2613 1291 2668 1344 in
2709 1289 2890 1344 tribus
2946 1288 3139 1343 diebus
3186 1286 3451 1350 exstruis,

1850 1397 2007 1436 serva
2045 1382 2300 1452 teipeunt,
2349 1394 2404 1437 et
2440 1382 2711 1436 descende
2753 1382 2821 1436 de
2865 1395 3055 1434 cruce.
3096 1378 3366 1433 Similiter
3398 1386 3455 1431 rt

1851 1474 2048 1526 summi
2092 1473 2409 1527 sacerdotes
2456 1472 2743 1527 illudentes
2786 1473 2931 1526 inter
2960 1486 3083 1526 sese
3133 1485 3259 1523 cum
3302 1468 3455 1524 Scri-

1853 1567 1960 1631 bis,
1992 1565 2243 1622 dicebant
2270 1584 2288 1622 :
2320 1566 2471 1621 Alios
2505 1567 2768 1633 servavit,
2805 1567 3044 1636 seipsum
3078 1578 3304 1620 scrvare
3341 1578 3452 1619 non

1854 1669 2053 1729 petest.
2094 1660 2350 1715 Christus
2382 1659 2473 1715 ille
2508 1676 2602 1715 rex
2648 1660 2816 1715 Israel
2858 1661 3151 1715 descendat
3204 1674 3353 1715 nunc
3382 1658 3455 1716 de

1852 1767 2040 1816 cruce,
2082 1762 2142 1807 ut
2186 1754 2472 1808 videamus
2511 1761 2566 1809 et
2612 1753 2929 1807 credamus.
2966 1752 3033 1806 Et
3066 1752 3158 1821 qui
3204 1750 3453 1807 crucillxi

1853 1845 2072 1900 fuerant
2098 1861 2223 1900 cum
2258 1846 2372 1911 illo,
2410 1846 2605 1916 probra
2641 1844 3007 1915 jaciebanLin
3034 1860 3187 1898 eum.
3220 1865 3238 1896 ι
3260 1843 3329 1899 Ει
3362 1842 3455 1913 qui

1855 1938 2234 2007 praeteribant,
2281 1940 2385 1994 hoc
2415 1947 2523 2005 est,
2566 1939 2657 2007 qui
2701 1938 3012 1993 transibant
3047 1952 3147 2008 per
3189 1939 3359 2003 viam,
3394 1944 3453 1993 et

1857 2032 1961 2103 ipsi
1993 2031 2448 2102 hlasphemabant
2495 2029 2809 2095 Dominum,
2843 2030 3280 2099 improperantes
3309 2028 3358 2082 ei
3395 2037 3460 2085 ut

1858 2120 2166 2191 itnpostori.
2224 2120 2494 2175 Similiter
2529 2130 2712 2175 autem
2742 2130 2799 2175 et
2830 2121 3122 2191 pontitices
3162 2120 3455 2175 dicebant:

1858 2213 2011 2267 Alios
2042 2212 2296 2279 salvavit,
2325 2213 2565 2281 scipsum
2600 2227 2708 2266 non
2757 2210 2959 2265 salvat?
3009 2209 3122 2265 lloc
3160 2221 3342 2264 autem
3374 2209 3461 2265 dl-

1856 2306 2057 2357 cehant
2114 2302 2431 2359 deridentes
2492 2304 2612 2373 ejus
2688 2302 2952 2357 miracula
3021 2310 3077 2355 et
3134 2302 3461 2357 vellicantcs

1862 2396 2023 2462 quasi
2056 2392 2403 2463 phantastira
2422 2392 2673 2448 fuissent.
2707 2392 2842 2445 Nam
2865 2390 3145 2463 operando
3164 2392 3458 2455 miracula,

1863 2487 2044 2540 salvos
2077 2486 2208 2540 iecit
2252 2476 2479 2541 multos.
2514 2483 2773 2539 Diabolus
2804 2492 2990 2537 autem
3036 2483 3305 2538 incitabat
3333 2482 3458 2536 illos

1858 2587 1919 2630 ut
1952 2577 2223 2642 dicerent,
2257 2576 2561 2632 Descendat
2604 2590 2751 2630 nunc
2780 2575 2848 2628 de
2898 2588 3087 2629 cruce.
3127 2573 3268 2640 Quia
3308 2573 3456 2628 enim

1858 2671 2225 2742 cognoscebat
2280 2678 2475 2723 auctor
2531 2668 2658 2723 mali
2710 2667 2857 2739 quod
2901 2669 3048 2723 salus
3100 2682 3200 2737 per
3234 2678 3459 2721 crucem

1860 2764 2037 2829 lit-rel,
2071 2764 2265 2817 iterum
2313 2764 2562 2817 tentahat
2614 2762 2930 2825 Dominum,
2966 2759 3134 2829 259
3179 2767 3238 2812 ut
3278 2757 3326 2814 si
3357 2755 3460 2813 de-

1859 2855 2147 2907 scenderet
2180 2851 2251 2905 de
2283 2867 2471 2916 cruce,
2521 2862 2730 2906 certum
2778 2850 2920 2904 foret
2968 2851 3147 2920 ipsum
3191 2864 3296 2903 non
3335 2862 3462 2905 esse

1861 2941 2057 2997 Filium
2102 2940 2221 3003 Dei,
2249 2950 2303 2995 et
2340 2941 2420 2993 sic
2452 2940 2657 3009 periret
2702 2938 2853 2994 salus
2897 2954 3018 3009 qua-
3050 2953 3148 3007 per
3192 2952 3411 2993 crucem
3441 2954 3459 3005 ;

1860 3037 1957 3092 sed
1993 3036 2083 3089 ille
2107 3045 2162 3090 et
2191 3034 2285 3089 Dei
2311 3032 2483 3089 Filius
2508 3042 2634 3089 erat
2654 3048 2805 3097 vere,
2842 3042 2900 3087 et
2942 3042 3229 3103 propterea
3277 3031 3458 3086 minus

1862 3126 2166 3183 descendit.
2223 3127 2360 3179 Nam
2426 3127 2472 3181 si
2532 3125 2797 3180 voluisset
2850 3125 3207 3187 descendere,
3276 3136 3459 3192 neque

1862 3219 2129 3290 principio
2158 3216 2519 3273 ascendisset.
2554 3215 2751 3271 Sciens
2796 3216 2945 3269 enim
2976 3230 3072 3282 per
3106 3216 3211 3269 hoc
3242 3214 3461 3268 salvan.

163 3302 215 3353 εί
245 3278 580 3371 γὰργεμελλε
613 3301 951 3372 καταϐῆναι,
981 3301 1095 3356 οὐδ’
1226 3302 1325 3372 τὴν
1354 3302 1530 3373 ἀρχὴν
1548 3278 1721 3371 ἀνέϐη
1739 3318 1753 3331 ·

1864 3278 1959 3359 dos
1996 3304 2273 3367 homines,
2316 3304 2579 3358 sustinuit
2632 3313 2692 3357 ut
2741 3303 3185 3374 cruciﬁgeretur,
3239 3302 3461 3371 aliaque

167 3392 309 3446 ἀλλὰ
336 3393 449 3463 γὰρ
479 3393 637 3457 sibt‘u;
664 3395 748 3448 ὃτι
780 3392 956 3458 οὕτως
985 3394 1140 3447 ἔσται
1169 3396 1203 3464 ἡ
1235 3394 1485 3465 σωτηρία
1509 3395 1621 3454 τοῖς
1661 3394 1758 3445 άν-

166 3481 434 3552 θρώποις,
503 3485 764 3557 ἠνέσχετο
828 3485 926 3539 καὶ
992 3485 1382 3557 σταυρωθῆναι
1442 3487 1535 3538 καλ.
1588 3486 1759 3539 τᾶλλα

106 3648 111 3651 _
178 3578 365 3630 πάντα
390 3580 607 3645 παθεῖν,
654 3578 750 3632 καὶ
785 3576 1074 3639 τελειῶσαι
1119 3578 1287 3634 αὐτοῦ
1317 3579 1380 3632 τὸ
1424 3578 1612 3647 ἔργον.
1647 3577 1761 3629 Καὶ

165 3668 219 3722 oi
278 3670 792 3739 συνεσταυρωμένοι
857 3667 1133 3732 ὠνείδιζον
1189 3671 1240 3723 0i
1278 3669 1373 3723 δύο
1418 3668 1479 3733 ἐξ
1540 3668 1755 3738 ἀρχῆς⁶

1862 3397 2029 3451 multa
2071 3404 2355 3465 pateretur
2406 3395 2875 3464 perﬁcereturqne
2907 3396 3025 3465 ejus
3062 3394 3337 3466 opns.‘Et
3368 3395 3462 3464 qui

1859 3486 2022 3542 simul
2046 3487 2315 3552 crncilixi,
2344 3486 2786 3555 exprobrabant;
2810 3486 3081 3557 principio
3104 3486 3240 3548 duo,
3269 3497 3458 3555 postea

1863 3596 2008 3634 unus
2038 3579 2263 3649 agnovit
2289 3594 2418 3633 eum
2466 3578 2773 3643 innoxium,
2819 3578 2963 3633 sicut
2993 3576 3173 3633 Lucas
3216 3579 3373 3643 dicit,
3403 3587 3464 3633 et

1866 3670 2172 3739 increpavit
2201 3669 2370 3723 alium
2401 3667 2904 3735 blasphemantetn.

167 3760 290 3818 εἶτα
328 3765 360 3817 ὁ
408 3758 492 3827 εἷς
540 3764 757 3833 ἐπέγνω
797 3764 965 3819 αὐτὸν
1015 3763 1284 3835 ἀναίτιον,
1342 3764 1419 3819 ὡς
1459 3767 1489 3817 ό
1538 3764 1757 3829 Λουκᾶς
1798 3761 1972 3834 λέγει,
2014 3764 2113 3818 καὶ
2162 3764 2371 3836 μᾶλλον
2405 3763 2502 3817 καὶ
2547 3762 2629 3833 τῷ
2661 3763 2836 3835 ἑτέρῳ
2874 3764 3117 3835 ἐπετίμα
3154 3766 3231 3827 ὡς
3305 3765 3467 3835 βλασ-

166 3877 243 3930 vn
251 3858 468 3931 μοῦντιο

242 3968 264 4003 ι
320 3948 631 4019 Γενομένης
671 3948 730 4001 δὲ
769 3946 921 4021 ὥρας
953 3948 1144 4019 ῑκτης,
1176 3948 1372 4008 σκότος
1419 3946 1639 4015 ἐγένετο
1670 3947 1758 4015 ἐφ’

164 4041 294 4110 ὅλην
325 4039 427 4110 τὴν
460 4040 587 4110 γῆν,
635 4039 749 4103 ῑως¹
785 4040 935 4110 ὥρας
966 4041 1215 4111 έννάτης.
1258 4040 1368 4091 Καὶ
1420 4042 1489 4110 τῇ
1536 4038 1660 4109 ὥρα
1685 4040 1755 4109 τῇ

165 4134 392 4202 ιννάτῃ,
438 4130 670 4201 ἐϐόησεν
716 4133 745 4184 ὁ
784 4129 999 4201 Ἰησοῦς
1046 4132 1197 4200 φωνῇ
1250 4128 1487 4200 μεγάλῃ.
1536 4128 1714 4195 λέγων
1740 4143 1756 4158 '

176 4222 362 4288 Ἕλωῒ,
402 4222 554 4289 έλωτ,
586 4224 787 4295 λαμμᾶ
829 4222 1156 4293 σαϐαχθανὶ,
1208 4222 1236 4275 ὅ
1280 4224 1397 4274 ἐστι
1475 4220 1757 4291 μεθερμηο

164 4314 552 4386 νευόμινον.⁹0
575 4317 707 4380 Θεός
736 4333 861 4388 μου,
892 4318 922 4370 ὁ
943 4316 1077 4379 θεὸς
1110 4332 1238 4386 μου,
1265 4317 1345 4377 είς
1374 4313 1425 4365 τί
1457 4330 1523 4383 με
1548 4314 1756 4380 ἐγκατ-

168 4408 393 4473 nunc;
438 4409 550 4462 Καί
574 4424 721 4471 τινες
761 4406 874 4461 τῶν
915 4407 1346 4478 παρεστηκότων
1398 4403 1759 4470 ἀκούσαντες,

167 4499 391 4566 ελεγον·
431 4499 566 4553 Ἰδοὺ
606 4499 805 4553 Ἠλίαν
850 4500 1057 4566 φωνεῐο
1116 4496 1342 4569 δραμὼν
1396 4497 1455 4550 δὲ
1505 4489 1608 4559 εἷς,
1665 4497 1763 4547 καὶ

166 4590 407 4660 γεμίσας
428 4590 671 4660 σπόγγον
703 4590 863 4655 ὄξους
883 4629 901 4655 ,
941 4588 1191 4660 περιθείς
1219 4606 1278 4643 τε
1322 4587 1577 4657 καλάμῳ,
1628 4586 1755 4638 ὲπό-

1864 4600 1972 4644 tetn
1998 4591 2239 4659 quidam,
2270 4598 2324 4641 et
2354 4587 2577 4656 impleta
2606 4588 2833 4657 spongia
2891 4595 3071 4653 aceto,
3098 4586 3464 4657 impositaque
3572 4610 3581 4635 Ι

166 4681 315 4743 τιζεν
340 4677 532 4744 αὐτὸν,
555 4676 749 4748 λέγων·
777 4680 1005 4747 Ἄφετε,
1031 4677 1231 4749 ἴδωμεν
1260 4679 1309 4731 εί
1331 4675 1550 4748 ἔρχεται
1568 4675 1758 4735 Ἠλίας

169 4771 423 4824 καθελεῖν
453 4767 728 4826 αὕτόν.⁹0
754 4769 812 4824 δὲ
842 4769 1054 4838 Ἰησοῦς
1077 4769 1238 4839 ἀφεὶς
1270 4769 1455 4841 φωνὴν
1490 4769 1758 4839 μεγάλην,

168 4862 524 4928 ίξιπνευσεν.
575 4880 598 4916 a
637 4863 835 4927 Σκότος
864 4862 1105 4933 έγένετο,
1157 4864 1259 4917 οὐκ
1296 4862 1381 4932 ἐφ’
1430 4862 1527 4915 ἕνα
1560 4861 1757 4922 τόπον,

167 4953 283 5008 ἀλλ’
346 4952 435 5021 έφ⁹
492 4953 623 5023 ὅλην
687 4955 788 5023 τὴν
842 4956 980 5026 γῆν·
1045 4954 1143 5009 καὶ
1199 4956 1251 5007 εί
1298 4954 1398 5024 μὲν
1448 4949 1517 5025 ἦν
1564 4952 1759 5023 καιρὸς

169 5043 494 5115 ικλιίψεως,
512 5041 657 5115 εἶχεν
682 5047 749 5100 ἄν
770 5064 855 5109 τις
880 5045 1085 5114 λέγειν,
1110 5045 1193 5099 ὅτι
1216 5045 1444 5113 φυσικὸν
1460 5044 1520 5096 τὸ
1545 5042 1718 5105 πάθος
1737 5059 1753 5075 ·

170 5133 267 5188 νῦν
330 5134 415 5196 δι,
477 5134 1116 5204 τεσσαρεσκαιδεκαταία
1166 5129 1237 5205 ἦν
1292 5136 1327 5205 ή
1378 5134 1601 5204 σελήνη,
1668 5133 1759 5185 ὅτε

172 5222 459 5294 ἀμήχανον
489 5224 744 5293 γενέσθαι
790 5224 1035 5296 ἔκλειψιν
1074 5226 1339 5298 φυσικήν.
1374 5226 1610 5297 Ἀναϐοᾷ
1643 5227 1701 5279 δὲ
1732 5228 1763 5279 ό

174 5316 379 5387 Κύριος
418 5316 700 5388 Ἐϐραῐστὶ
728 5318 790 5371 τὸ
819 5317 1507 5389 προφητικδν,’δεικνύων,
1536 5320 1619 5372 ὅτι
1665 5319 1761 5371 καὶ

173 5408 303 5480 ἄχρι
354 5408 675 5472 τελευταίας
720 5410 997 5480 ἀναπνοῆς
1042 5411 1131 5463 τά
1169 5410 1442 5481 Ἐϐραῖκὰ
1482 5412 1637 5481 τιμᾷ.
1685 5412 1763 5466 Τὸ

171 5498 251 5565 δέ,
301 5500 396 5564 Et;
456 5500 512 5554 τί
550 5518 622 5574 με
677 5503 1071 5571 transiliuit“
1102 5502 1180 5568 ὡς
1224 5507 1290 5557 εκ
1318 5502 1615 5574 προσώπου
1664 5505 1765 5574 τῆς

176 5588 533 5661 ἀνθρωπίνης
590 5590 806 5661 φύσεως
842 5592 995 5661 λέγει
1018 5634 1033 5659 ,
1082 5592 1288 5647 ὡσανεὶ
1336 5594 1497 5647 τοῦτο
1544 5594 1723 5662 λέγων
1746 5610 1760 5623 ·

174 5678 269 5742 El;
316 5681 371 5734 τί
408 5697 479 5752 με
526 5682 621 5734 τὸν
665 5682 959 5754 ἄνθρωπον
1016 5682 1399 5751 ἐγκατέλιπες,
1433 5678 1480 5736 ὧ
1515 5684 1642 5748 βεὲ,
1676 5685 1765 5737 ἴνα

166 5768 347 5845 ϐεηθῶ
382 5771 526 5827 Θεοῦ
576 5776 991 5846 σταυρουμένου
1032 5776 1176 5848 ὑπὲρ
1214 5775 1387 5848 έμοῦς
1431 5770 1629 5847 Ἡμεῖς
1667 5777 1767 5847 μὲν

170 5866 279 5933 γάρ
342 5865 396 5918 οί
463 5863 747 5937 ἄνθρωποι
809 5861 954 5938 ἦμεν
1022 5868 1072 5921 οί
1171 5867 1759 5939 έγκαταλελειμμένοι,

1938 3947 2108 4001 Vens.
2146 3944 2342 4000 3337.
2377 3960 2398 3995 t
2443 3944 2577 3998 Cum
2604 3958 2732 3997 vero
2764 3941 2907 3995 facta
2938 3951 3085 3997 esset
3123 3942 3255 3995 hora
3283 3950 3462 4005 sexta,

1870 4040 2112 4095 tenebrae
2166 4048 2302 4094 orta:
2346 4044 2474 4092 sunt
2517 4051 2683 4107 super
2726 4045 2894 4091 totam
2929 4046 3130 4089 terram
3182 4050 3356 4105 usque
3396 4033 3468 4091 ad

1867 4130 2061 4184 horam
2099 4143 2321 4183 nonam.
2371 4126 2437 4181 Et
2475 4127 2611 4181 hora
2660 4140 2803 4180 nona
2848 4126 3103 4181 clamavit
3143 4124 3304 4182 Jesus
3334 4140 3468 4182 voce

1866 4238 2089 4292 magna,
2124 4220 2356 4275 dicens:
2396 4217 2535 4285 Elui,
2562 4218 2690 4283 eloi,
2736 4218 3268 4285 lamasabachthani,
3316 4217 3466 4289 quod

1866 4326 1972 4378 est,
2006 4311 2053 4365 si
2100 4311 2228 4380 quis
2257 4311 2671 4378 interpretetur,
2702 4307 2846 4365 Deus
2887 4324 3063 4375 meus,
3095 4307 3241 4364 Deus
3277 4324 3462 4377 meus,

1868 4421 1970 4460 cur
1996 4420 2083 4459 me
2122 4403 2451 4458 deseruisti!
2484 4401 2552 4455 Et
2594 4402 2819 4472 quidam
2864 4402 3163 4456 astantium
3206 4417 3329 4456 cum
3361 4417 3465 4456 au-

1871 4497 2103 4559 dissent,
2140 4494 2435 4549 dicebant:
2471 4493 2611 4547 Ecce
2650 4493 2829 4547 Etiam
2864 4502 3048 4549 vocat.
3081 4491 3336 4569 Accurrit
3360 4507 3462 4547 au-

1864 4678 2147 4742 arundini,
2192 4676 2437 4746 porrexit
2468 4676 2545 4730 illi
2584 4685 2799 4746 potum,
2848 4676 3083 4732 dicens:
3131 4676 3330 4745 Sinite,
3382 4678 3465 4731 vi-

1864 4771 2092 4823 deamus
2119 4786 2187 4821 an
2222 4777 2487 4823 venturus
2518 4769 2589 4821 sit
2616 4766 2768 4823 Elias
2800 4769 2869 4823 ad
2899 4750 3459 4839 deponendum‘eum.

1863 4858 2022 4914 Jesus
2046 4870 2255 4924 autem,
2288 4859 2488 4914 emissa
2518 4875 2652 4915 voce
2685 4875 2903 4927 magna,
2937 4862 3267 4931 exspiravit.
3300 4880 3321 4915 ι
3358 4863 3468 4917 Te-

1864 4951 2046 5003 nebrae
2072 4949 2225 5003 laeta.-
2274 4959 2403 5004 sunt
2442 4964 2549 5003 non
2592 4950 2646 5003 in
2682 4964 2791 5004 uno
2822 4950 2965 5016 loco,
3012 4951 3111 5006 sed
3159 4966 3328 5023 super
3378 4962 3465 5006 to-

1865 5051 1977 5095 tam
2017 5052 2261 5095 terram:
2300 5053 2355 5096 et
2384 5042 2429 5096 si
2466 5040 2688 5111 quidem
2740 5041 2937 5097 luisset
2980 5052 3194 5112 tempus
3219 5042 3464 5112 eclipsis,

1868 5134 2140 5205 putuis§ct
2181 5133 2310 5201 quis
2366 5133 2556 5187 dicere
2606 5132 2854 5187 naturale
2901 5131 3070 5187 fuisse
3120 5131 3460 5202 deliquium:

1867 5240 2014 5279 nunc
2059 5235 2241 5278 autem
2299 5223 2707 5292 decimaquarta
2759 5222 2861 5276 fuit
2890 5222 3039 5290 luna,
3068 5239 3177 5293 quo
3213 5232 3463 5292 tempore

1862 5314 2019 5383 jnxta
2050 5322 2304 5367 naturam
2333 5314 2633 5384 deliquium
2682 5314 2799 5368 lteri
2851 5314 3210 5384 impossibile.
3252 5314 3466 5370 Clamat

1870 5425 1999 5464 vero
2054 5407 2217 5465 Iesus
2272 5408 2543 5463 ﬂebraice
2600 5409 3003 5479 propheticum,
3059 5410 3356 5464 ostendens
3405 5423 3467 5465 re

1869 5514 2043 5570 usque
2089 5501 2159 5554 ad
2218 5510 2452 5553 mortem
2506 5498 2771 5554 llebraica
2829 5499 2883 5553 in
2934 5499 3143 5554 honore
3186 5499 3465 5559 habuisse.

1872 5593 2142 5649 Cancrum
2189 5592 2336 5661 quod
2364 5593 2538 5647 dicit:
2588 5592 2703 5645 Cur
2736 5606 2823 5647 me
2870 5591 3199 5648 deseruisti?
3239 5609 3306 5649 ex
3344 5607 3469 5663 per-

1869 5699 2001 5739 sona
2034 5684 2289 5738 humana
2317 5692 2531 5737 natura:
2555 5682 2729 5737 dicit:
2762 5682 2918 5751 quasi
2942 5683 3157 5738 diceret
3182 5725 3197 5744 ,
3228 5683 3337 5737 Cur
3376 5696 3467 5738 me

1872 5776 2149 5829 hominem
2176 5773 2541 5843 dereliquisti,
2567 5789 2601 5829 o
2629 5773 2792 5840 Deus,
2820 5782 2879 5828 nt
2906 5790 3045 5844 opus
3082 5775 3313 5830 habeam
3346 5772 3460 5830 που

1872 5869 1964 5938 qui
1997 5883 2095 5939 pro
2124 5882 2214 5925 me
2247 5868 2597 5939 cruciﬁgatur
2620 5869 2645 5921 ?
2669 5867 2776 5924 Nos
2805 5868 2951 5925 enim
2981 5869 3229 5924 homines
3257 5865 3460 5925 luimus
