4028 6414
561 459 663 529 οτι

1481 454 2068 519 ’τιιΕοΡΗγιΑρΤι
2113 453 2524 517 BULGARLE
2558 452 2908 514 ARCHIEP.

3712 443 3821 511 672

565 577 790 640 deserti.
821 574 912 631 ιιιο
941 585 1211 642 nunquam
1247 585 1274 624 a
1307 568 1467 625 Patre
1510 570 1802 626 derelictus
1847 571 1961 624 fuit.
1998 569 2129 624 Audi

2239 569 2445 631 ἐκεῖνος
2478 568 2534 622 δὲ
2561 568 2659 621 οὐκ
2684 562 3076 636 ἐγκατελείφθη
3109 564 3238 618 ποτέ
3270 562 3416 634 παρὰ
3449 562 3542 618 τοῦ
3558 564 3811 634 Πατρός.

560 671 706 724 enim
732 665 1036 738 quid'iﬁrat
1063 683 1074 718 :
1113 661 1227 716 Non
1259 677 1377 717 sum
1423 660 1591 726 solus,
1623 661 1819 731 inquit,
1850 663 1941 716 sed
1971 660 2130 715 Pater

571 771 780 812 mecum
802 763 905 809 est.
933 751 1028 808 Vel
1064 752 1223 806 etiam
1255 767 1352 821 pro
1385 751 1628 806 Hebraeis
1659 751 1811 814 dicit,
1840 761 1954 805 erat
1987 751 2127 806 enim

567 848 819 900 llebrams
865 852 919 897 et
963 844 1081 914 ipse
1131 845 1425 898 secundum
1465 825 1707 896 carnem.
1742 842 1851 897 Cur
1883 858 1986 907 me,
2027 841 2129 896 hoc

562 947 666 998 est,
694 953 790 991 cur
824 937 1143 990 llehraicum
1178 933 1429 1004 pupulum
1472 935 1788 998 deseruisti,
1823 943 1877 986 ut
1913 933 2129 986 cruciﬁ-

561 1039 751 1093 gerent
809 1026 1004 1081 Filium
1059 1026 1244 1079 tuum?
1295 1026 1757 1091 Quemadmodum
1809 1028 1949 1080 enim
2002 1042 2131 1081 con-

563 1119 841 1171 suevimus
867 1119 1070 1181 dicere,
1115 1119 1253 1172 lleus
1281 1117 1400 1170 tulit
1429 1133 1535 1181 me,
1570 1119 1671 1170 hoc
1700 1128 1801 1179 est,
1843 1116 2127 1170 humanam

563 1218 808 1262 naturam
845 1227 857 1262 :
889 1209 967 1263 sic
999 1210 1175 1262 ethoc
1207 1209 1322 1262 loco
1350 1208 1692 1276 Dereliquisti
1742 1223 1852 1271 nte,
1899 1209 1996 1260 hoc
2024 1219 2126 1270 est,

568 1301 650 1354 vel
687 1315 863 1354 meam
900 1301 1188 1352 humanam
1226 1310 1498 1363 naturam,
1533 1299 1613 1352 Vel
1662 1313 1837 1352 meum
1875 1299 2126 1366 populum

559 1391 856 1446 Jndairum.
896 1391 1149 1445 Cucurrit
1178 1406 1303 1444 vero
1337 1407 1475 1445 unus
1515 1400 1571 1445 ut
1603 1402 1812 1445 acetum
1855 1393 1901 1443 ei
1933 1404 2129 1459 potan-

560 1484 685 1536 dum
747 1483 1064 1551 porrigeret,
1122 1497 1228 1548 quo
1274 1482 1435 1535 citius
1479 1496 1600 1534 eum
1657 1483 1794 1536 aceti
1838 1483 2130 1536 conliceret

558 1575 885 1627 amaritudo.
912 1573 1044 1624 Cum
1072 1581 1250 1625 autem
1278 1571 1738 1627 clamassetJesus
1761 1587 1891 1627 voce
1916 1588 2128 1641 magna,

559 1664 878 1732 exspiravit,
926 1666 1078 1734 quasi
1118 1665 1338 1718 irritans
1367 1674 1590 1716 mortem
1641 1677 1696 1717 ut
1748 1665 2026 1729 DOminus,
2078 1674 2132 1717 et

562 1767 827 1826 potestate
856 1772 949 1808 sua
987 1758 1242 1810 moriens.
1279 1757 1409 1821 Quae
1449 1768 1626 1810 autem
1661 1772 1758 1810 vox
1807 1757 1891 1809 illa
1947 1756 2127 1821 fuerit,

560 1848 730 1902 Lucas
758 1848 1119 1903 manifestavit
1151 1869 1163 1903 :
1197 1849 1382 1911 Pater,
1410 1851 1460 1902 in
1492 1865 1683 1904 mantis
1711 1861 1826 1902 tuas
1857 1867 2129 1904 commen-

2236 661 2441 712 ’Λκουε
2465 659 2574 729 γὰρ
2607 657 2793 724 αὑτοῦ,
2824 656 2877 710 τί
2909 673 3073 727 φησιν
3098 674 3109 686 ·
3148 657 3260 709 Οὐκ
3292 656 3407 728 είμὶ
3457 657 3642 726 μόνος,
3675 656 3760 709 ὅτι
3785 657 3814 708 6

2232 751 2420 821 Πατὴρ
2453 752 2568 820 μετ’
2600 750 2731 820 ἐμοῦ
2783 752 2952 803 ἐστιν.
2983 747 3049 802 Ἢ
3080 748 3175 801 καὶ
3203 750 3344 818 ὑπὲρ
3379 747 3488 802 τῶν
3533 747 3811 817 Ἐϐραίων

2231 842 2388 894 τοῦτό
2427 859 2613 911 φησιν,
2649 841 2722 904 ὼς
2760 841 3012 912 Ἐὖραῖος
3041 841 3135 892 καλ⁵
3165 839 3327 902 αὐτὸς
3369 839 3430 892 τὸ
3456 841 3599 893 κατὰ
3633 840 3813 908 σάρκα

2232 934 2326 986 ὧν·
2363 935 2457 997 Ei;
2489 933 2540 986 τί
2574 934 2693 1003 ἐμὲ,
2725 935 2991 997 τουτέστι,
3020 934 3110 985 τὸν
3143 931 3431 1001 Ἐὅραικὸν
3459 932 3610 995 λαὸν,
3646 935 3814 1000 ἐγκα-

2236 1027 2478 1088 τέλιπες,
2523 1025 2609 1077 ἵνα
2639 1025 2997 1094 σταυρώσωσι
3028 1025 3120 1077 τὸν
3165 1025 3294 1077 Υίὸν
3324 1024 3414 1076 τὸν
3441 1025 3563 1090 σόν;
3596 1026 3814 1093 Ὠσπερ

2230 1116 2338 1185 γὰρ
2363 1115 2630 1184 είώθαμεν
2652 1115 2852 1183 λέγειν,
2885 1117 2965 1168 ὅτι
2997 1115 3056 1168 Ὀ
3085 1115 3215 1178 Θεὸς
3245 1115 3506 1185 ἐφόρεσεν
3537 1116 3659 1183 ἐμὲ,
3691 1113 3821 1169 ἀντὶ

2230 1206 2347 1270 τοῦ,
2393 1207 2489 1274 τὴν
2531 1207 2881 1278 ἀνθρωπίνην
2913 1207 3092 1276 φύσιν·
3131 1206 3273 1260 οὕτω
3304 1209 3395 1260 καὶ
3437 1207 3676 1261 ἐνταῦθα
3705 1207 3770 1260 τὸ
3797 1243 3818 1273 ,

2232 1294 2621 1363 Ἐγκατέλιπές
2685 1315 2775 1366 με,
2806 1297 2914 1350 νόει
2938 1298 3057 1350 ἀντί
3088 1297 3208 1363 τοῦ,
3233 1297 3332 1366 τὴν
3363 1296 3499 1366 ἐμὴν
3532 1297 3697 1365 φύσιν
3715 1299 3822 1368 τὴν

2233 1387 2589 1458 ἀνθρωπίνην
2615 1431 2629 1453 ,
2690 1389 2724 1458 ἢ
2749 1391 2840 1441 τὸν
2873 1390 2896 1441 ὲ
2908 1388 3004 1458 μὸν
3043 1389 3170 1442 λαὸν
3202 1391 3290 1442 τὸν
3322 1388 3634 1442 Ἰουδαϊκόν.
3670 1395 3822 1459 Apa-

2243 1479 2358 1549 μὼν
2380 1482 2436 1533 δὲ
2473 1477 2570 1544 εἷς,
2605 1481 2722 1545 ὅξος
2753 1480 3001 1544 ἐπότιζεν
3047 1481 3227 1544 αὑτὸν,
3269 1480 3354 1532 ἵνα
3397 1483 3820 1551 συντομώτερον

2233 1576 2395 1626 αὑτὸν
2427 1578 2458 1644 ἡ
2496 1576 2760 1645 δριμύτης
2798 1577 2889 1628 τοῦ
2917 1577 3070 1641 ὄξους
3103 1577 3415 1648 θανατώσῃ.
3451 1577 3681 1647 Κρὰξας
3704 1577 3761 1630 δὲ
3789 1579 3822 1628 6

2233 1662 2442 1732 Ἰησοῦς
2475 1669 2622 1733 φωνῇ
2654 1666 2880 1737 μεγάλῃ,
2905 1666 3243 1730 ἐξέπνευσεν,
3273 1667 3436 1718 οἱονεὶ
3466 1665 3820 1734 προσκαλού-

2238 1767 2392 1818 μενος
2431 1751 2520 1802 τὸν
2557 1751 2804 1815 θάνατον,
2855 1752 2926 1814 ὼς
2974 1755 3252 1822 Δεσπότης
3279 1755 3367 1805 καὶ
3409 1755 3529 1806 κατ’
3561 1753 3821 1818 ἐξουσίαν

2236 1841 2618 1911 ἀποθνήσκων,
2656 1842 2750 1903 Τίς
2775 1843 2830 1893 δὲ
2865 1839 2981 1912 ἦνὴ
3017 1845 3189 1913 φωνὴ,
3215 1843 3486 1911 ἐδήλωσεν
3509 1847 3536 1896 6
3563 1845 3815 1907 Λουκᾶς·

561 1942 628 1994 do
657 1941 903 2007 spiritum
935 1958 1132 1994 meum.
1164 1941 1368 1995 Etenim
1402 1953 1452 1994 et
1484 1944 1584 1995 hoc
1619 1943 1938 1996 beneﬁcium
1969 1943 2129 1996 Chri-

2240 1935 2439 2000 Πάτερ,
2475 1937 2551 1994 εἰς
2585 1934 2769 2001 χεῖράς
2813 1951 2906 1986 σου
2940 1933 3280 2004 παρατίθημι
3311 1936 3370 1986 τὸ
3407 1933 3628 2003 πνεῦμά
3666 1953 3774 2004 μου
3802 1975 3818 1989 .

557 2032 624 2086 sti
677 2042 777 2095 est,
821 2033 963 2101 quod
1022 2049 1163 2087 nunc
1206 2042 1514 2087 Sanctorum
1559 2035 1782 2101 spiritus
1834 2035 1885 2086 in
1942 2052 2132 2089 manus

561 2122 737 2178 Patris
768 2126 1086 2186 ascendunt,
1122 2125 1212 2192 qui
1248 2125 1374 2178 olim
1410 2127 1477 2178 ab
1524 2125 1736 2179 inferno
1787 2125 2128 2191 tenebantur,

557 2218 728 2271 donec
801 2217 1016 2272 veniret
1076 2216 1169 2286 qui
1250 2216 1566 2286 praedicavit
1639 2217 1868 2286 captivis
1944 2220 2129 2273 remis-

554 2322 786 2362 sionem.

628 2479 796 2536 Vens.
837 2482 1032 2537 38-41.
1087 2502 1104 2534 ι
1150 2484 1212 2538 Ει
1243 2485 1418 2539 velum
1463 2485 1646 2555 templi
1699 2489 1927 2541 scissum
1964 2500 2044 2543 est
2077 2491 2128 2542 in

556 2572 692 2627 duas
725 2583 904 2642 partes
938 2590 965 2626 a
1001 2589 1222 2628 summo
1252 2591 1423 2646 usque
1457 2577 1523 2628 ad
1553 2578 1738 2630 imum.
1777 2577 1908 2632 Cum
1943 2590 2125 2632 autem

556 2665 776 2717 vidisset
819 2665 1064 2718 centurio
1097 2664 1261 2736 260
1290 2667 1378 2734 qui
1419 2669 1630 2721 astabat
1661 2683 1724 2720 ex
1757 2669 1986 2722 adverso
2028 2670 2126 2732 illi,

555 2756 696 2820 quod
739 2756 819 2810 sic
858 2758 1058 2810 emisso
1089 2757 1322 2811 clatnore
1368 2760 1722 2827 exspirasset,
1777 2761 1953 2815 dixit:
1995 2761 2130 2816 Vere

557 2848 718 2902 homo
750 2849 832 2904 hic
877 2846 1045 2903 Filius
1075 2862 1192 2903 crat
1225 2849 1338 2904 Dei.
1373 2852 1540 2905 Erant
1581 2863 1760 2908 autem
1794 2864 1846 2907 et
1881 2854 2130 2910 mulieres

554 2953 584 2990 e
637 2939 926 3010 longinquo
992 2953 1320 3009 spectantes,
1389 2945 1533 2996 inter
1595 2961 1727 3013 quas
1783 2957 1898 3000 erat
1967 2946 2129 3000 Maria

557 3030 891 3096 Magdalene,
939 3044 994 3086 et
1028 3033 1195 3091 Maria
1246 3034 1433 3089 Jacobi
1470 3038 1642 3103 parvi,
1683 3047 1733 3090 et
1777 3037 1900 3091 Jose
1937 3048 2126 3104 mater,

553 3127 608 3169 et
651 3119 903 3174 Salome:
942 3136 1058 3189 qua:
1111 3125 1272 3176 etiam
1323 3140 1446 3178 cum
1498 3137 1641 3179 esset
1678 3129 1728 3178 in
1774 3125 2012 3190 Galilara,
2045 3143 2129 3182 se-

557 3217 692 3262 cutae
743 3208 956 3264 fuerant
988 3212 1138 3265 illum
1163 3256 1175 3277 ,
1212 3225 1265 3266 et
1300 3215 1738 3270 ministraverant
1778 3217 1850 3281 ci,
1901 3218 2126 3284 aliaeque

561 3299 864 3365 complures
895 3318 1012 3370 qua:
1037 3303 1196 3355 simul
1229 3304 1590 3358 ascenderant
1622 3321 1741 3359 cum
1784 3324 1848 3360 eo
1873 3307 2127 3362 Hieroso-

559 3388 782 3454 lymam.
825 3411 844 3443 ι
875 3392 1117 3446 Scissum
1154 3404 1232 3447 est
1254 3395 1454 3459 velum,
1489 3412 1584 3465 per
1615 3397 1715 3452 hoc
1748 3397 2128 3454 manifestante

565 3489 676 3540 heu
701 3486 845 3555 quod
876 3487 1049 3555 gratia
1085 3485 1323 3556 Spiritus
1361 3503 1392 3542 ο
1429 3489 1628 3558 templo
1667 3490 1865 3556 evolet,
1899 3501 1952 3544 et
1987 3493 2129 3560 quod

558 3577 754 3630 Sancta
799 3589 1108 3631 sanctorum
1159 3580 1413 3635 omnibus
1446 3581 1737 3649 conspicua
1794 3592 1848 3637 et
1900 3599 2118 3638 accessa

560 3669 688 3724 item
718 3686 733 3725 :
763 3670 904 3738 quod
942 3681 996 3724 et
1045 3669 1383 3737 iactum.est,
1425 3670 1687 3727 Romanis
1742 3673 2038 3742 ingressis;
2076 3685 2131 3728 rt

557 3761 702 3830 quod
733 3761 913 3828 lugeat
943 3761 1108 3815 etiam
1147 3761 1402 3830 templum
1431 3779 1444 3816 :
1483 3777 1604 3817 nam
1629 3764 1772 3832 quod
1807 3765 1858 3818 in
1895 3765 2131 3818 calami-

566 3853 765 3906 tatibus
791 3851 968 3906 l‘acere
1003 3852 1177 3908 solent
1220 3852 1410 3918 Judaei,
1451 3871 1573 3908 cum
1604 3865 1785 3909 vestes
1810 3856 2129 3915 dilacerant.

560 3941 730 3996 hocet
763 3941 1017 4009 templum
1063 3943 1218 4012 qua'si
1279 3944 1578 3998 animatum
1615 3955 1784 4009 esset,
1820 3945 1946 4001 fecit
1977 3962 2130 4002 com-

560 4032 772 4101 patiens
833 4033 1108 4086 Cortditori
1176 4049 1275 4086 suo
1342 4034 1586 4102 patienti,
1651 4045 1706 4090 et
1767 4045 1941 4090 vestes
2005 4052 2132 4092 suas

560 4123 905 4191 disrumpens
935 4140 949 4176 :
981 4133 1033 4178 et
1060 4125 1205 4178 aliud
1232 4123 1484 4193 quiddam
1517 4125 1568 4179 in
1595 4127 1697 4181 hoc
1725 4127 2123 4182 manifestatur.

558 4213 700 4270 Caro
748 4215 862 4282 ipsa
905 4217 1263 4268 velamentum
1296 4224 1382 4270 est
1415 4217 1586 4270 nostri
1645 4218 1854 4286 templi,
1897 4219 1996 4272 hoc
2027 4225 2131 4283 est,

564 4308 782 4361 mentis.
843 4306 1026 4378 Itaque
1073 4309 1244 4362 virtus
1287 4323 1446 4376 quam
1494 4310 1680 4362 habuit
1713 4325 1838 4364 caro
1873 4312 2132 4365 adversus

565 4396 835 4463 spiritum,
904 4397 1250 4466 passionibus
1318 4397 1527 4453 Christi
1606 4401 1868 4454 dissoluta
1933 4411 2037 4466 est,
2101 4417 2129 4454 a

561 4500 774 4541 summo
822 4501 992 4554 usque
1040 4487 1317 4553 deorsum,
1363 4489 1466 4542 hoc
1501 4498 1604 4550 est,
1640 4489 1709 4542 ab
1751 4491 1920 4542 Adam
1957 4498 2130 4557 itaque

2238 2027 2342 2076 Καὶ
2376 2025 2483 2093 γὰρ
2517 2028 2611 2077 καὶ
2656 2026 2812 2078 τοῦτο
2842 2025 3205 2094 κατώρθωσεν
3235 2026 3367 2094 ἡμῖν
3420 2026 3448 2077 6
3481 2026 3714 2093 Κύριος,
3752 2026 3818 2079 τὸ

2239 2121 2317 2179 εἷς
2352 2120 2537 2186 χ;ῖρας
2571 2118 2664 2168 τοῦ
2700 2117 2834 2176 Θεοῦ
2870 2117 3180 2170 ἀναϐαίνειν
3212 2117 3277 2170 τὰ
3307 2117 3414 2168 τῶν
3447 2117 3616 2185 ἁγίων
3645 2117 3821 2170 πνεῦ·

2241 2226 2387 2276 ματα
2415 2225 2428 2238 °
2462 2209 2652 2279 πρώην
2690 2209 2796 2280 γὰρ
2829 2211 2887 2260 ὲν
2923 2208 3048 2280 ᾅδου
3080 2208 3298 2261 πάντων
3346 2210 3402 2260 αἱ
3445 2207 3614 2277 ψυχαὶ
3642 2209 3820 2279 ἔκρα-

2245 2300 2454 2366 τοῦντο,
2477 2301 2581 2364 ἕως
2605 2294 2664 2354 οῦ
2688 2297 2850 2372 ἦλθεν
2884 2305 2910 2354 6
2937 2301 3180 2371 κηρύξας
3199 2300 3568 2370 αίχμαλώτοις
3592 2301 3815 2369 ἄφεσιν.

2310 2412 2326 2443 ι
2368 2395 2478 2447 Καὶ
2512 2394 2570 2447 τὸ
2601 2395 3001 2463 καταπέτασμα
3034 2394 3126 2445 τοῦ
3161 2393 3289 2447 ναοῦ
3317 2393 3536 2464 ἐσχίσθη
3573 2395 3654 2456 εἰς
3694 2393 3818 2459 δύο,

2233 2485 2339 2538 ἀπὸ
2378 2485 2581 2538 ἄνωθεν
2606 2487 2710 2548 ἕως
2740 2487 2910 2539 κάτω.
2939 2485 3087 2538 Ἰδὼν
3117 2486 3171 2537 δὲ
3199 2489 3224 2538 ὁ
3263 2485 3564 2553 κεντυρίων
3597 2487 3624 2538 6
3661 2501 3812 2557 παρ-

2235 2573 2479 2640 εστηκὼς
2500 2573 2557 2638 ἐξ
2583 2575 2831 2636 ἐναντίας
2856 2573 3019 2626 αὑτοῦ
3063 2575 3143 2628 ὃτι
3173 2575 3313 2626 οὕτω
3327 2573 3530 2643 κράξας
3556 2575 3817 2640 ὲξέπνσυο

2235 2681 2345 2726 σεν,
2372 2661 2524 2716 εἶπεν
2548 2680 2562 2692 ·
2589 2664 2832 2734 Ἀληθῶς
2852 2666 2877 2717 6
2898 2665 3181 2734 ἄνθρωπος
3214 2658 3366 2730 οὗτος
3400 2665 3524 2729 Υἱὸς
3554 2661 3623 2736 ἦν
3649 2666 3814 2721 θεοῦ.

2233 2749 2412 2806 ἰισαν
2442 2755 2496 2807 δὲ
2531 2757 2624 2809 καὶ
2659 2757 2914 2823 γυναῖκες
2946 2756 3054 2808 ἀπὸ
3093 2757 3364 2826 μακρόθεν
3395 2757 3719 2827 θεωροῦσαι.
3757 2759 3824 2812 ιν

2234 2841 2321 2906 αἶς
2359 2841 2423 2913 ἦν
2464 2845 2650 2916 Μαρία
2689 2848 2719 2916 ἡ
2754 2846 3112 2916 Μαγδαληνὴ,
3146 2849 3238 2898 καὶ
3265 2847 3447 2916 Μαρία
3477 2848 3512 2915 ἡ
3551 2846 3818 2900 Ἰακώϐου

2235 2936 2325 2989 τοῦ
2362 2936 2582 3006 μικροῦ,
2618 2940 2710 2989 καὶ
2746 2938 2901 3007 Ἰωσῆ
2942 2940 3146 3009 μήτηρ,
3187 2940 3281 2991 καὶ
3329 2939 3582 3010 Σαλώμη.
3615 2939 3682 2993 Ai
3716 2942 3818 2993 καὶ

2233 3029 2320 3080 ὅτε
2355 3025 2422 3099 ἦν
2454 3031 2511 3082 ὲν
2543 3033 2609 3100 τῇ
2631 3031 2915 3102 Γαλιλαίᾳ,
2949 3032 3278 3098 ἠκολούθουν
3305 3031 3471 3100 αὐτῷ,
3507 3033 3601 3086 καὶ
3631 3033 3820 3102 διηκό-

2233 3135 2357 3172 νουν
2385 3121 2556 3190 αὐτῷ,
2592 3123 2684 3173 καὶ
2719 3123 2874 3175 ἄλλαι
2912 3123 3124 3186 πολλαὶ,
3160 3126 3214 3176 αἱ
3260 3125 3631 3178 συναναϐᾶσαι
3662 3126 3820 3197 αὑτῷ

2237 3213 2313 3272 είς
2357 3210 2727 3281 Ἰεροσόλυμα.
2775 3231 2792 3263 ι
2845 3213 3102 3281 Ἐσχίσθη
3147 3214 3207 3265 τὸ
3254 3217 3675 3282 καταπέτασμα,
3715 3216 3817 3280 δη-

2238 3300 2453 3363 λοῦντος
2485 3302 2577 3354 τοῦ
2613 3301 2770 3364 Θεοῦ,
2813 3305 2892 3357 ὅτι
2930 3307 2961 3372 ἡ
3003 3306 3163 3374 χάρις
3217 3306 3310 3358 τοῦ
3350 3305 3670 3373 11νει5μ.ατος
3701 3307 3817 3359 ἀττ-

2232 3393 2361 3462 ἐστη
2403 3393 2510 3445 ἀπὸ
2558 3393 2651 3446 τοῦ
2689 3395 2838 3459 ναοῦ,
2881 3397 2974 3448 καὶ
3027 3398 3107 3449 ὅτι
3135 3399 3201 3449 τὰ
3261 3400 3426 3464 ’Ἅγια
3477 3398 3582 3450 τῶν
3635 3398 3812 3466 ἁγίων

2235 3485 2370 3535 πᾶσι
2405 3482 2572 3536 θεατὰ
2619 3485 2716 3537 καὶ
2762 3486 2970 3557 βάσιμα
3012 3488 3485 3557 καταστήσονταιο
3529 3489 3556 3540 ὃ
3588 3489 3683 3542 καὶ
3723 3491 3818 3558 76-

2231 3591 2379 3641 γονε,
2429 3574 2540 3628 τῶν
2597 3575 2889 3646 Ῥωμαίων
2936 3579 3289 3634 εἰσελθόντων
3323 3597 3334 3608 ·
3372 3583 3464 3634 καὶ
3508 3582 3590 3634 ὅτι
3622 3581 3822 3636 πενθιῐ

2233 3663 2328 3714 καὶ
2377 3664 2404 3715 6
2437 3664 2584 3727 ναός.
2623 3665 2805 3734 Ὅπερ
2839 3667 2948 3736 γὰρ
3001 3668 3260 3721 εἰώθασιν
3293 3669 3538 3724 Ἰουδαῖοι
3587 3672 3644 3724 ἐν
3691 3673 3819 3736 ταῖς

2247 3758 2556 3824 συμφοραῖς
2597 3761 2790 3820 ποιεῖν,
2825 3761 2916 3811 καὶ
2961 3759 3353 3830 διαρρηγνὺναι
3396 3764 3520 3824 τοῦς
3554 3763 3817 3831 χιτῶνας.

2233 3847 2389 3898 τοῦτο
2441 3848 2536 3900 καὶ
2573 3849 2601 3900 6
2635 3851 2783 3912 ναὸς,
2836 3851 3036 3904 ὡσανεὶ
3075 3853 3340 3922 ἔμψυχος,
3385 3856 3684 3918 ἐνεδείξατο
3722 3858 3819 3908 ἐπὶ

2231 3937 2308 4005 τῷ
2338 3939 2548 4008 κτίστῃ
2589 3939 2873 4008 πάσχοντι,
2909 3941 2966 3992 τὸ
2998 3942 3196 3994 ἑαυτοῦ
3237 3945 3446 4012 ἱμάτιον
3475 3946 3779 4014 διαρρήξας
3803 3964 3816 3976 ⁸

2232 4029 2324 4081 καὶ
2362 4030 2490 4082 ἄλλο
2537 4030 2593 4082 δέ
2639 4048 2690 4082 τι
2727 4033 2788 4083 ὲκ
2832 4032 3023 4085 τούτου
3059 4033 3336 4102 δηλοῦται.
3388 4036 3454 4090 ’Π
3495 4035 3631 4106 σὰρξ
3675 4037 3822 4108 αὕτη

2234 4121 2636 4190 καταπέτασμα
2670 4125 2788 4175 ἐστι
2819 4125 2909 4175 τοῦ
2940 4126 3210 4195 ἡμετέρου
3247 4127 3397 4190 ναοῦ,
3425 4131 3694 4194 τουτέστι,
3720 4131 3820 4184 τοῦ

2243 4215 2362 4274 νοός
2390 4228 2404 4242 ο
2440 4214 2474 4281 ἡ
2508 4213 2637 4278 γοῦν
2666 4214 2762 4280 τῆς
2793 4217 2994 4284 σαρκὸς
3026 4215 3275 4286 δύναμις,
3313 4217 3380 4288 ἢν
3417 4216 3528 4289 εἶχε
3561 4222 3699 4274 κατὰ
3722 4221 3820 4274 τοῦ

2233 4308 2567 4377 πνεύματος,
2600 4309 2869 4380 mappam
2899 4313 3015 4373 τοῖς
3046 4311 3242 4365 πάθεσι
3272 4314 3364 4366 τοῦ
3398 4315 3664 4385 Χριστοῦ,
3705 4319 3820 4370 ἀπὸ

2231 4400 2438 4454 ἄνωθεν
2488 4401 2592 4463 ἕως
2641 4403 2811 4464 κάτω,
2855 4405 3154 4466 τουτέστιν,
3185 4407 3290 4457 ἀπο
3347 4406 3517 4474 Ἀδὰμ
3558 4407 3666 4470 ἕως
3721 4411 3822 4463 καὶ

2230 4493 2337 4544 τῶν
2377 4493 2701 4546 τελευταίων
2730 4494 3056 4564 ἀνθρώπων.
3085 4497 3191 4548 Καὶ
3222 4499 3329 4566 γὰρ
3376 4499 3404 4550 6
3451 4501 3622 4567 ’Δδὲιμ
3660 4501 3823 4570 ἡγία-

561 4577 627 4630 ad
661 4579 978 4631 novissimos
1011 4579 1276 4633 homines.
1308 4579 1520 4634 Etenim
1564 4582 1733 4633 Adam
1777 4583 2115 4635 Sanctilicato

2247 4604 2366 4638 σται
2396 4589 2506 4649 τοῖς
2540 4586 2738 4639 πάθεσι
2795 4587 2887 4640 τοῦ
2926 4587 3189 4655 Χριστοῦ,
3224 4590 3315 4640 καὶ
3345 4591 3444 4642 οὐκ
3480 4591 3558 4642 ἔτι
3594 4593 3626 4660 ἡ
3678 4594 3823 4664 σὰρξ

563 4668 903 4740 pass'pnibus
933 4669 1160 4732 Christi,
1198 4687 1300 4724 non
1337 4672 1473 4724 ultra
1504 4686 1630 4725 caro
1665 4673 1808 4726 illius
1840 4674 2128 4727 maledicta

563 4763 687 4819 erit,
727 4773 898 4824 neque
929 4759 1260 4826 corruptiOni
1308 4761 1566 4824 obnoxia,
1617 4764 1707 4815 sed
1746 4762 2130 4831 incorruptibi-

564 4849 716 4901 litate
753 4849 1002 4902 honorati
1043 4864 1231 4902 sumus
1270 4865 1481 4905 omnes.
1525 4850 1693 4904 Porro
1725 4853 1987 4917 centurio,
2034 4854 2135 4904 hoc

562 4951 665 5002 est,
703 4941 790 5008 qui
848 4948 1062 4992 centum
1124 4950 1376 5007 prazerat,
1434 4941 1618 4994 videns
1675 4941 1816 5009 quod
1871 4951 1976 4994 tam
2042 4958 2133 5009 poo

565 5041 737 5085 tenter
768 5040 821 5086 et
864 5033 1002 5085 sicut
1049 5032 1306 5086 Dominus
1347 5034 1536 5086 mortis
1569 5035 1917 5100 exspirasset,
1969 5035 2136 5086 admi-

564 5134 712 5176 ratus
758 5133 841 5178 est
885 5133 939 5178 et
986 5125 1284 5179 confessus.
1326 5125 1459 5180 Vide
1497 5135 1675 5180 autem
1723 5128 1968 5180 ordinem
2003 5142 2135 5179 con-

567 5227 800 5266 versum.
863 5213 1030 5267 Judaei
1090 5214 1457 5275 interficiunt,
1520 5218 1733 5285 gentilis
1793 5217 2131 5271 conﬁtetur:

568 5302 812 5368 discipuli
867 5304 1096 5370 fugiunt,
1158 5305 1407 5360 mulieres
1454 5317 1692 5360 manent.
1751 5307 1915 5361 Erant
1959 5309 2128 5372 enim,

572 5394 761 5458 inquit,
803 5393 872 5447 ibi
926 5403 979 5447 et
1025 5395 1305 5458 mulieres,
1348 5399 1487 5449 inter
1536 5413 1671 5464 quas
1717 5397 1880 5451 Maria
1922 5400 2136 5467 Magda-

569 5482 709 5542 lene,
765 5491 819 5535 et
868 5482 1033 5539 Maria
1089 5483 1272 5538 Jacobi
1312 5495 1362 5539 et
1393 5485 1518 5539 Jose
1550 5498 1740 5540 mater.
1793 5489 1853 5541 Et
1890 5488 2003 5543 lucc
2042 5489 2132 5543 Dei

566 5572 810 5626 Cenitrix
856 5583 992 5638 erat,
1031 5592 1148 5646 qua:
1202 5588 1470 5645 quatenus
1526 5577 1760 5648 Josepho
1813 5582 2135 5649 desponsata

575 5665 696 5729 fuit,
726 5675 896 5718 mater
931 5677 1047 5720 erat
1076 5678 1130 5723 et
1161 5668 1389 5722 ﬁliorum
1422 5669 1644 5739 Joseph,
1678 5671 1827 5736 cujus
1861 5673 1950 5725 ﬁlii
1986 5673 2136 5727 ruere

569 5754 802 5809 Jacobus
843 5767 898 5810 et
937 5755 1108 5813 JOses.
1147 5762 1352 5814 Dicitur
1395 5762 1584 5815 horum
1633 5774 1824 5827 mater,
1885 5765 1986 5817 hoc
2033 5775 2134 5831 est,

574 5862 801 5903 noverca
833 5867 847 5905 :
884 5851 1024 5905 sicut
1053 5860 1104 5905 et
1137 5850 1332 5922 Joseph
1375 5869 1508 5909 uxor
1542 5856 1841 5921 dicebatur,
1888 5856 1981 5912 hor
2028 5867 2130 5923 est,

2235 4677 2444 4729 ἐκείνου
2495 4677 2898 4744 ὲττικατάρατος
2962 4679 3137 4747 ἔσται,
3199 4679 3318 4732 οὐδὲ
3380 4681 3557 4750 φθορᾷ
3609 4683 3819 4753 ἔνοχος,

2234 4768 2348 4820 ἀλλ’
2403 4769 2685 4837 ἀφθαρσίᾳ
2741 4767 3078 4837 ὲτιμήθημεν
3136 4771 3393 4833 ἅπαντες.
3451 4771 3600 4825 Ἰδὼν
3676 4775 3733 4826 δὲ
3792 4779 3820 4830 6

2240 4858 2563 4927 κεντυρίων,
2596 4857 2892 4922 τουτέστιν,
2936 4859 2963 4908 6
2994 4859 3384 4930 ἑκατόνταρχος
3409 4863 3672 4930 (κέντουμ
3708 4867 3818 4936 γὰρ

2240 4946 2488 5010 λέγουσιν
2528 4946 2574 4998 oi
2611 4945 2868 5015 Ῥωμαῖοι
2935 4947 2994 4998 τὸ
3042 4948 3254 5017 ἑκατόν)
3301 4950 3381 5001 ὅτι
3415 4950 3558 5003 οὕτω
3621 4953 3821 5008 δεσπο-

2238 5037 2772 5103 τικῶς-ἐξέπνευσεν,
2809 5038 3084 5106 ἐθαύμασε
3128 5042 3218 5091 καὶ
3252 5041 3628 5111 ὡμολόγησεν.
3675 5046 3822 5117 Ὅρα

2239 5127 2292 5179 δὲ
2324 5129 2415 5179 καὶ
2448 5129 2546 5196 τὴν
2572 5129 2723 5193 τάξεσι
2755 5130 3245 5197 ἁντιστραφεῖσαν·
3283 5135 3336 5184 ot
3365 5134 3612 5186 Ἰουδαῖοι
3657 5137 3823 5189 θανα-

2239 5219 2442 5283 τοῦσιν,
2470 5222 2496 5273 6
2521 5220 2731 5282 ἐθνικὸς
2757 5221 3009 5290 ὁμολογεῖ
3028 5239 3040 5250 ·
3067 5223 3116 5274 οἱ
3141 5223 3381 5289 μαθηταὶ
3412 5227 3729 5295 φεύγουσιν,
3765 5233 3819 5281 ai

2241 5316 2491 5379 γυναῖκες
2539 5311 2971 5380 παραμένουσιν.
3002 5309 3183 5367 Ἶισαν
3229 5321 3360 5387 γὰρ,
3397 5319 3551 5390 φησὶ,
3586 5322 3679 5375 καὶ
3723 5341 3822 5390 γυ-

2239 5408 2443 5463 ναῖκες,
2483 5403 2539 5452 ὲν
2569 5397 2654 5464 αἷς
2683 5398 2748 5472 ἦν
2783 5406 2972 5475 Μαρία
3092 5409 3449 5479 Μαγδαληνὴ,
3485 5413 3579 5466 καὶ
3624 5415 3822 5483 Μαρία

2239 5497 2272 5563 ἠ
2307 5494 2591 5558 Ἰακώϐου,
2635 5497 2727 5547 καὶ
2756 5498 2914 5567 Ἰωσῆ
2949 5500 3130 5569 μήτηρ
3154 5517 3165 5528 ·
3201 5501 3339 5572 αῦτη
3385 5504 3462 5570 δὲ,
3494 5508 3526 5573 +,
3555 5506 3818 5572 Θεοτόκος

2239 5582 2326 5656 ἦν,
2385 5586 2504 5654 ἥτις
2555 5586 2677 5640 καθ’
2725 5587 2753 5639 6
2809 5591 3154 5661 ὲμνηστεύθη
3213 5593 3289 5662 τῷ
3350 5595 3575 5666 Ἰωσὴφ,
3632 5602 3818 5671 μήτηρ

2240 5675 2419 5729 αὐτῶν
2454 5671 2545 5746 ἦν’
2577 5676 2667 5729 τοῦ
2699 5677 2755 5728 δὲ
2787 5679 2985 5750 Ἰωσὴφ
3021 5684 3204 5745 παῖδες
3233 5680 3400 5754 ἦσαν.
3435 5688 3695 5753 Ἰἁκωσος
3721 5696 3816 5744 καὶ

2240 5765 2445 5833 Ἰωσῆς.
2519 5767 2754 5831 Λέγεται
2805 5771 2982 5824 τοίνυν
3045 5776 3228 5844 μήτηρ
3281 5778 3483 5841 αὐτῶν,
3539 5781 3663 5833 ἀντὶ
3693 5782 3814 5845 τοῦ,

2245 5857 2483 5927 μητρυιά
2507 5874 2519 5886 ·
2557 5857 2744 5928 ὥσπερ
2783 5861 2874 5913 καὶ
2905 5861 2997 5915 τοῦ
3030 5860 3232 5936 Ἰωσὴφ
3255 5867 3474 5937 ἐλέγετο
3505 5872 3663 5943 γυνὴ,
3695 5873 3818 5926 ἀντὶ
