4028 6412
222 432 325 495 €73

929 433 1376 495 ENARRATIO
1419 435 1500 495 IN
1544 435 2047 500 EVANGELIUM
2085 437 2348 497 MARCI.
2388 460 2453 470 —
2487 438 2644 498 CAP.
2688 439 2806 498 XV.

3400 443 3509 507 ΓΗ

221 539 337 607 τοῦ,
369 542 612 610 μνηστή.
659 541 719 593 Ἠ
753 539 989 612 Σαλώμη
1033 541 1111 612 δὲ,
1138 536 1204 612 ἦν
1237 543 1269 608 ἡ
1307 541 1493 611 μήτηρ
1529 541 1638 593 τῶν
1670 539 1813 592 Υίῶν

1923 556 2147 610 sponsa.
2193 540 2414 595 Salome
2447 552 2628 595 autem
2678 554 2798 596 erat
2847 551 3020 597 mater
3067 543 3300 599 filiorum
3349 547 3518 606 lette-

221 633 534 688 Ζεϐεδαίου.
556 635 665 687 Καὶ
689 634 870 687 ἄλλαι
902 635 957 687 δὲ
985 635 1236 696 πολλαί.
1259 633 1381 687 Τῶν
1401 637 1505 706 γὰρ
1538 635 1812 704 ἐπισημο-

218 725 393 796 τέρων
434 727 698 796 ὀνομαστὶ
732 728 1040 798 ἐμνημόνευ
1051 743 1160 780 σεν.

295 837 312 867 ι
357 820 471 871 Καὶ
501 819 602 888 ήδη
638 818 797 888 ὀψίας
831 820 1153 888 γενομένης,
1185 820 1308 872 ἐπεὶ
1346 814 1414 890 ἦν
1449 817 1806 888 Παρασκευὴ,

219 909 389 961 ὅέστι
443 909 850 980 προσάϐϐατον,
901 906 1065 980 ἦλθεν
1116 909 1315 980 Ἰωσὴφ
1357 912 1382 962 ὁ
1424 912 1530 964 ἀπὸ
1579 911 1814 979 ,Ἀριμα-

224 1002 384 1064 θαίας
415 1003 713 1072 εὐσχήμων
746 1003 1060 1074 βουλευτὴς,
1105 1004 1162 1066 ὃς
1199 1006 1291 1055 καὶ
1337 1004 1500 1066 αὐτὸς
1528 999 1595 1071 ἦν
1642 1019 1812 1074 προσ-

218 1091 511 1162 δεχόμενος
591 1095 689 1162 τὴν
751 1092 1030 1162 βασιλείαν
1110 1095 1203 1147 τοῦ
1277 1093 1453 1146 Θεοῦ·
1533 1093 1810 1162 τολμήσας

215 1183 437 1254 είσῆλθε
490 1184 629 1254 πρὸς
689 1186 917 1239 Πιλάτον
947 1228 961 1250 ,
997 1187 1090 1238 καὶ
1133 1189 1377 1258 ᾐτήσατο
1417 1187 1475 1239 τὸ
1506 1186 1669 1255 σῶμα
1711 1185 1808 1239 τοῦ

229 1269 436 1337 Ἰησοῦ.
486 1270 546 1323 '0
572 1271 628 1323 δὲ
663 1272 894 1336 Πιλάτος
921 1273 1258 1344 ἐθαύμασεν,
1301 1277 1350 1327 εί
1402 1275 1502 1346 ήδη
1535 1275 1767 1344 τέθνηκε
1793 1293 1807 1307 ·

219 1363 316 1415 καὶ
389 1363 912 1434 προσκαλεσάμενος
993 1366 1085 1418 τὸν
1158 1369 1527 1437 κεντυρίωνα,
1587 1366 1811 1436 ἐπηρώ-

215 1472 384 1524 τησεν
439 1457 626 1523 αὑτὸν,
683 1461 730 1510 εί
774 1459 940 1512 πάλαι
982 1460 1266 1513 ἀπέθανεο
1314 1462 1407 1513 καὶ
1470 1463 1636 1529 γνοὺς
1701 1460 1810 1514 ἀπὸ

213 1549 308 1602 τοῦ
374 1549 776 1621 κεντυρίωνος,
847 1552 1161 1620 ἐδωρήσατο
1217 1552 1278 1604 τὸ
1356 1553 1516 1623 σῶμα
1585 1551 1662 1622 τῷ
1697 1553 1812 1605 Ἰω-

227 1641 364 1711 σὴφ.
432 1643 546 1696 Καὶ
592 1642 869 1711 ἀγοράσας
919 1644 1133 1698 σινδόνα
1179 1645 1272 1698 καὶ
1316 1643 1565 1698 καθελὼν
1621 1645 1806 1709 αὑτὸν,

214 1734 466 1804 ἐνιίλησε
501 1737 568 1804 τῇ
628 1737 850 1802 σινδόνι,
887 1737 980 1789 καὶ
1014 1737 1322 1808 κατέθηκεν
1373 1737 1537 1790 αὑτὸν
1573 1739 1630 1790 ὲν
1668 1754 1809 1806 μνη-

218 1825 380 1895 μείῳ,
415 1824 444 1878 ὃ
493 1821 563 1897 ἦν
611 1826 1052 1896 λελατομημένον
1085 1829 1149 1880 ἐκ
1185 1828 1393 1898 πέτρας
1425 1845 1436 1858 ’
1487 1827 1582 1880 καὶ
1638 1843 1808 1892 προσ-

1920 633 2040 687 dtei.
2080 633 2145 692 ιιι
2177 634 2301 686 alio:
2333 647 2548 702 quoque
2588 633 2795 697 mallit,
2831 635 3048 689 nomina
3078 640 3224 692 enim
3260 642 3521 698 celem-io.

1921 738 2040 777 rum
2081 734 2289 778 tantum
2319 722 2796 779 commemoravit.

1993 900 2157 957 Vsus.
2207 901 2398 956 liii-47.
2453 921 2470 953 ι
2520 902 2582 956 Et
2630 918 2751 955 cum
2808 903 2921 974 jam
2968 904 3207 958 venisset
3263 921 3512 978 vespera,

1914 995 2172 1063 quoniam
2220 1006 2338 1048 crat
2370 994 2678 1050 Parasceve
2715 1013 2836 1066 qua:
2883 999 3143 1064 praecedit
3192 998 3514 1062 Sabhatum.

1915 1087 2065 1138 venit
2087 1083 2289 1155 Joseph
2321 1099 2474 1141 ortus
2504 1102 2564 1140 ex
2603 1086 2826 1142 civitate
2855 1089 3216 1152 Arimathma,
3252 1092 3514 1147 honestus

1914 1188 2156 1244 senator,
2181 1181 2272 1248 qui
2299 1189 2354 1232 et
2388 1179 2503 1248 ipse
2535 1189 2653 1233 erat
2679 1189 3004 1250 exspectans
3033 1197 3258 1248 regnum
3295 1184 3384 1236 Dei
3417 1201 3429 1248 ;
3466 1201 3519 1238 ιιι

1913 1279 2126 1337 sumpta
2176 1271 2406 1323 audacia
2437 1271 2830 1342 ingressusest
2861 1274 2926 1326 ad
2967 1273 3234 1337 Pilatum,
3271 1284 3324 1327 et
3363 1279 3517 1340 petiit

1912 1377 2115 1432 corpus
2157 1359 2306 1416 Jesu.
2362 1363 2568 1418 Pilatus
2611 1375 2792 1418 autem
2839 1367 3143 1421 admiratus
3180 1378 3266 1422 est
3327 1368 3371 1424 si
3407 1368 3515 1437 iam

1917 1465 2163 1506 mortuus
2190 1462 2354 1507 esset.
2393 1454 2456 1507 Et
2500 1456 2768 1509 accersito
2803 1457 2870 1509 ad
2897 1471 2954 1511 sc
2983 1460 3308 1513 centurione
3341 1460 3514 1512 inter-

1913 1549 2124 1616 rogavit
2154 1546 2328 1610 illum,
2363 1562 2430 1599 au
2457 1546 2774 1616 jamdudum
2819 1557 3070 1603 mortuus
3097 1551 3310 1607 fuisset.
3345 1551 3404 1604 Et
3432 1568 3516 1605 rc-

1917 1638 2131 1707 cngnita
2164 1651 2229 1692 ex
2268 1639 2612 1701 Centurioue,
2647 1639 2867 1692 donavit
2913 1654 3114 1706 corpus
3148 1641 3248 1709 ipsi
3283 1641 3513 1713 Joseph.

1915 1729 1982 1782 Et
2020 1732 2066 1783 is
2103 1740 2384 1784 mercatus
2428 1729 2742 1795 sindouem,
2780 1732 3088 1798 depositum
3121 1750 3245 1787 eum
3293 1737 3519 1788 involvit

1913 1822 2173 1885 sindoni,
2233 1821 2584 1891 rcposuitque
2649 1823 2700 1875 in
2767 1835 3123 1879 monumento
3190 1826 3334 1894 quod
3401 1838 3520 1882 erat

219 1917 443 1970 εκύλισε
475 1918 622 1970 λίθον
654 1919 747 1971 ἐπὶ
799 1919 896 1988 τὴν
953 1919 1123 1990 θύραν
1169 1919 1264 1972 τοῦ
1315 1918 1605 1988 μνημείου.
1639 1918 1704 1970 Ἦ
1752 1918 1807 1970 δέ

1920 1914 2158 1968 excisum
2193 1928 2223 1966 e
2265 1923 2463 1982 petra:
2515 1920 2571 1967 et
2619 1911 2862 1967 advolvit
2915 1913 3147 1980 lapidem
3201 1917 3269 1969 ad
3316 1918 3518 1970 ostium

213 2009 408 2081 Μαρία
445 2013 476 2081 ἠ
511 2010 847 2079 Μαγδαληνὴ
881 2013 973 2064 καὶ
1020 2013 1211 2080 Μαρία
1253 2011 1494 2081 ήῚωσῆ,
1538 2010 1810 2080 ἐθεώρουν

216 2103 321 2155 ποῦ
368 2102 600 2156 τίθεται.
645 2121 662 2152 i
712 2103 769 2155 ’0
810 2105 1081 2174 μακάριος
1126 2104 1350 2174 Ἰωσὴφ,
1409 2104 1487 2156 ἐτι
1535 2102 1614 2172 τῷ
1660 2105 1810 2174 νόμῳ

211 2192 510 2258 δουλεύων,
564 2194 657 2247 καὶ
698 2195 788 2247 τὸν
833 2195 1070 2265 Χριστὸν
1120 2195 1254 2247 Θεὸν
1291 2195 1526 2264 ἐπέγνω,
1583 2195 1663 2247 διὸ
1719 2197 1810 2248 καὶ

214 2285 394 2356 τολμᾷ
420 2287 627 2354 τόλμαν
669 2290 963 2358 ἐπαινετὴν
996 2305 1008 2318 ·
1045 2289 1143 2359 οὐχ
1177 2288 1536 2356 ὑπελογίσατο
1564 2289 1695 2358 γὰρ,
1727 2271 1809 2340 ἑτι

219 2377 486 2442 Πλούσιός
525 2381 662 2449 εἰμι,
728 2383 828 2433 καὶ
879 2381 1224 2451 ἐκπεσοῦμαι
1266 2381 1359 2433 τοῦ
1409 2381 1661 2444 πλούτου,
1713 2383 1808 2434 ἐὰν

213 2471 538 2540 αἰτήσωμαι
566 2472 626 2523 τὸ
660 2473 817 2541 σῶμα
858 2471 948 2524 τοῦ
994 2474 1086 2524 ἐπὶ
1117 2473 1394 2541 τυραννίδι
1448 2474 1810 2545 κατακριθέν-

215 2577 332 2625 τος,
376 2562 474 2616 καὶ
515 2562 950 2633 διαϐληίςήσομαι
998 2566 1109 2625 τοῖς
1143 2564 1416 2625 Ἰουδαίοις
1450 2580 1462 2592 ·
1496 2565 1649 2617 οὐδὲν
1686 2565 1809 2618 τούο

213 2671 326 2708 των
374 2651 499 2708 εἷπε
547 2655 667 2708 καθ’
702 2657 893 2708 ἑαυτόν
921 2674 933 2686 ·
972 2656 1108 2709 ἀλλὰ
1156 2657 1336 2709 πάντα
1385 2656 1615 2726 δεύτερα
1672 2661 1810 2729 ἡγη-

221 2748 484 2819 σάμενος,
520 2749 766 2820 ᾐτήσατο
798 2749 886 2802 ἵνα.
918 2748 1063 2818 ϐάψῃ
1099 2748 1160 2801 τὸ
1193 2749 1286 2802 τοῦ
1321 2750 1806 2820 κατακεκριμένον

223 2839 420 2908 σῶμα.
472 2838 530 2892 ὐ
551 2839 605 2892 δὲ
648 2839 875 2902 Πιλᾶτος
919 2838 1254 2906 ἐθαύμασεν,
1312 2842 1358 2890 εἰ
1389 2841 1488 2909 ἤδη
1523 2841 1804 2910 τέθνηκεν·

218 2931 441 3000 ἐνόμιζέ
507 2933 615 3001 γὰρ
662 2932 826 2985 αὐτὸν
859 2933 952 2985 ἐπὶ
990 2932 1127 2984 πολὺ
1173 2933 1438 2997 ἀνθέξειν,
1478 2932 1665 3005 ὥσπερ
1716 2937 1809 2987 καὶ

217 3023 347 3084 τοὺς
375 3022 603 3093 λῃστάς.
627 3023 992 3094 Ἐπηρώτησε
1022 3023 1079 3076 δὲ
1126 3025 1218 3076 καὶ
1254 3025 1344 3077 τὸν
1385 3028 1719 3094 κεντυρίωνα
1759 3029 1807 3082 εί

217 3115 395 3168 πάλαι
433 3115 694 3178 ἀπέθανε,
741 3116 1042 3179 τουτέστιν,
1087 3118 1134 3167 εί
1169 3116 1277 3186 πρὸ
1329 3115 1475 3188 ὥρας
1510 3117 1804 3173 ἀπέθανεν.

1917 2007 2278 2060 monumenti.
2333 2005 2403 2059 At
2454 2003 2624 2058 Maria
2692 2005 3012 2074 Magdaleue
3069 2016 3122 2061 et
3169 2006 3339 2063 Maria
3392 2007 3518 2062 Juse

1917 2100 2244 2168 speetahant
2285 2098 2376 2152 ubi
2423 2109 2739 2166 poneretur.
2771 2116 2788 2148 ι
2856 2098 3054 2154 Beatus
3089 2098 3292 2170 Joscph
3343 2104 3522 2157 adhuc

1917 2189 2021 2259 legi
2058 2189 2220 2262 261
2263 2189 2534 2252 serviens,
2575 2188 2854 2244 Christum
2893 2191 3060 2245 Deum
3113 2197 3352 2262 agnovit.
3399 2196 3519 2248 idm

1914 2291 1970 2335 et
2002 2281 2286 2336 laudatum
2322 2281 2488 2337 audet
2513 2282 2746 2337 facinus.
2787 2281 2974 2354 Neque
3002 2286 3281 2355 cogitabat
3312 2306 3325 2341 :
3359 2287 3520 2343 Dives

1914 2388 2061 2439 sum,
2086 2384 2141 2430 et
2173 2375 2398 2429 divitias
2458 2375 2714 2431 amittere
2775 2392 2999 2446 possum
3033 2397 3046 2433 :
3082 2379 3125 2433 si
3169 2380 3518 2444 postulaverit

1913 2483 2118 2536 corpus
2178 2467 2300 2536 ejus
2361 2467 2451 2535 qui
2511 2478 2736 2538 propter
2792 2471 3138 2540 tyrannidem
3206 2470 3516 2534 affectatam

1913 2561 2312 2614 condemnatus
2367 2572 2471 2624 est,
2523 2562 2828 2616 accusabor
2874 2579 2902 2615 a
2939 2561 3166 2617 Iudaeus.
3217 2564 3363 2618 Nihil
3414 2569 3521 2623 tale

1913 2664 2099 2704 secum
2153 2651 2392 2714 dicebat,
2431 2653 2525 2706 sed
2560 2655 2743 2705 omnia
2793 2653 3132 2720 posthabens
3180 2664 3235 2708 et
3285 2655 3520 2714 minoris

1915 2742 2147 2805 faciens,
2202 2745 2398 2813 petivit
2452 2756 2510 2797 ut
2583 2746 2845 2814 sepeliret
2903 2748 3248 2802 condemnati
3294 2766 3518 2820 corpus.

1911 2833 2118 2888 Pilatus
2158 2849 2287 2888 vero
2345 2835 2650 2906 mirabatur
2703 2838 2846 2904 quod
2895 2836 3008 2905 jam
3054 2853 3304 2894 moituus
3348 2851 3495 2895 esset

1911 2923 2144 2980 Putabat
2178 2927 2323 2979 enim
2370 2927 2548 2995 ipsum
2582 2927 2674 2982 diu
2717 2928 2771 2981 iu
2815 2943 2990 2996 agone
3033 2929 3389 2996 luetaturnin,
3445 2933 3522 2985 si"

1912 3024 2005 3071 cut
2032 3027 2084 3070 et
2111 3017 2370 3073 latrones.
2403 3019 2710 3088 Interrogat
2741 3031 2925 3076 autem
2961 3034 3010 3076 et
3035 3024 3519 3086 centurionem,si

1914 3109 2117 3163 dudutn
2153 3120 2405 3165 mortuus
2436 3122 2604 3175 esset,
2641 3115 2745 3168 hoc
2777 3123 2887 3177 est,
2917 3125 3043 3168 ante
3067 3114 3281 3168 horam.
3311 3115 3520 3185 Joseph

229 3204 291 3260 '0
316 3207 496 3261 τοίνυν
522 3205 720 3278 Ἰωσὴφ
739 3207 918 3260 λαϐὼν
947 3207 1006 3260 τὸ
1038 3207 1218 3277 σῶμα,
1247 3209 1482 3278 ἠγόρασε
1516 3209 1614 3278 μὲν
1639 3209 1810 3262 σινδό-

1920 3205 2104 3273 itaque
2146 3214 2372 3274 accepto
2397 3220 2631 3273 corpore
2681 3218 2960 3261 mercatus
2993 3216 3079 3261 est
3119 3209 3431 3274 sindonein,
3467 3226 3521 3262 III

220 3315 310 3353 να.
362 3297 628 3352 Καθελὼν
659 3298 715 3350 δέ
745 3299 931 3362 αὐτὸν,
983 3298 1226 3367 ἐνείλησε
1261 3301 1326 3368 τῇ
1392 3299 1613 3358 σινδόνι,
1646 3300 1708 3352 τὸ
1737 3299 1814 3351 τί·

221 3407 350 3461 μιον
375 3390 574 3452 τιμίως
605 3389 972 3458 ἐνταφιάξων.
1007 3387 1274 3459 Μαθητής
1298 3391 1405 3458 γαρ
1429 3384 1496 3460 ἦν
1527 3391 1621 3444 καὶ
1648 3390 1813 3453 αὐτὸς

218 3477 316 3533 τοῦ
371 3477 655 3549 Χριστοῦ,
709 3480 800 3532 καὶ
848 3481 996 3541 ὅπως
1045 3480 1125 3532 δεῖ
1168 3483 1336 3551 τιμᾷν
1399 3482 1490 3533 τὸν
1534 3483 1814 3552 Δεσπότην

220 3568 405 3631 εἰδῶς’
467 3570 564 3624 καὶ
623 3571 941 3640 εὐσχήμων,
993 3573 1240 3625 τουτέστι
1289 3572 1507 3640 σεμνὸς,
1557 3573 1813 3644 εὐλαϐὴς,

220 3660 538 3731 ἄμεμπτος.
605 3659 907 3731 Βουλευτὴς
938 3662 994 3714 δέ
1038 3662 1258 3732 ἀξίωμά
1309 3679 1362 3714 τι
1390 3659 1476 3733 ἦν,
1516 3664 1719 3734 μᾶλλον
1759 3666 1816 3718 δὲ

220 3750 603 3822 λειτούργημα
655 3753 751 3806 καὶ
799 3753 965 3823 βάρος
1045 3754 1371 3819 πολιτικὸν,
1424 3754 1452 3806 ὃ
1504 3757 1553 3807 οί
1603 3757 1818 3826 ἔχοντες

220 3843 607 3914 ἠναγκάζοντο
637 3844 707 3896 τὰ
741 3843 840 3914 τῆς
890 3847 1097 3915 ἀγορᾶς
1150 3848 1474 3898 ἐπισκοπεῖν
1501 3863 1513 3876 ⁸
1545 3849 1636 3901 καὶ
1690 3849 1817 3900 πολ-

223 3935 336 3998 λοϊς
375 3935 639 3998 πολλάκις
684 3935 929 3999 κίνδυνος
963 3937 1198 4006 ἐπῆλθεν
1243 3941 1306 3990 ἐκ
1354 3938 1571 4004 τούτου,
1601 3939 1690 3992 διὰ
1720 3939 1820 4009 τὴν

221 4028 324 4098 τῆς
357 4029 563 4099 ἀγορᾶς
586 4030 992 4097 κακοπραγίαν.
1041 4030 1422 4084 Ἀκουέτωσαν
1444 4033 1492 4084 οί
1520 4031 1772 4086 πλούσιοι
1800 4078 1814 4096 ,

225 4121 322 4173 καὶ
355 4119 639 4188 δημοσίοις
673 4118 1127 4189 ἐνασχολούμενοι
1175 4122 1521 4192 πράγμασιν,
1566 4122 1712 4187 ὅπως
1743 4123 1819 4193 τῷ

223 4212 429 4281 Ἰωσὴφ
460 4211 611 4264 οὐδὲν
645 4212 928 4264 ἐνεπόδισε
962 4212 1095 4282 πρὸς
1128 4213 1331 4282 ἀρετὴν
1368 4213 1427 4266 τὺ
1469 4213 1817 4282 βουλευτικὸν

222 4302 472 4372 ἀξίωμα.
542 4302 741 4372 Ἰωσὴφ
776 4303 832 4356 δέ
868 4302 1254 4372 ἑρμηνεύεται,
1298 4304 1591 4374 πρόσθεσις
1615 4321 1628 4336 ο
1667 4305 1817 4374 Ἀρι-

227 4393 465 4462 μαθαῖος
523 4391 601 4454 δέ,
653 4394 824 4462 αἴρων
868 4394 1009 4444 ἐκεῖν
1052 4436 1063 4448 .
1123 4393 1337 4445 Γένοιτο
1387 4392 1483 4446 οὖν
1535 4395 1628 4446 καλ⁵
1668 4396 1816 4463 ἡμᾶς

225 4485 372 4536 κατὰ
418 4485 511 4534 τὶν
575 4484 770 4553 Ἰωσήφ
816 4482 1006 4552 γενέσο
1027 4502 1094 4546 ιι,
1151 4485 1238 4536 ἀεὶ
1288 4485 1686 4552 προστιθέντας
1738 4484 1817 4554 τῷ

1918 3311 2025 3364 qua
2057 3296 2364 3364 depositum
2408 3297 2636 3352 hit-olvit
2687 3310 2785 3353 τοι
2817 3297 2964 3368 quod
3011 3299 3222 3353 honore
3270 3301 3521 3369 dignum,

1917 3402 2040 3442 cum
2075 3389 2281 3444 honore
2313 3390 2586 3459 sepelivit.
2626 3390 2754 3444 Erat
2786 3392 2933 3444 enim
2967 3399 3022 3444 et
3071 3391 3190 3461 ipse
3220 3393 3524 3462 discipulus

1917 3479 2070 3544 Jesu,
2094 3479 2276 3535 sciens
2302 3481 2526 3548 dignum
2556 3481 2768 3536 honore
2795 3481 3122 3548 Dominum;
3153 3493 3205 3537 et
3234 3482 3520 3551 honestus,

1921 3572 2027 3624 huc
2074 3578 2180 3634 est,
2242 3569 2387 3637 pius,
2448 3571 2989 3639 irrepreheusibilis;
3043 3583 3270 3627 senator
3313 3584 3520 3639 autem,

1921 3677 2042 3732 qua:
2082 3663 2320 3733 dignitas
2361 3663 2609 3732 qumdatu
2658 3673 2776 3716 erat
2807 3664 2891 3718 vel
2939 3664 3122 3733 potius
3155 3665 3521 3721 ministerium

1920 3765 1976 3810 et
2007 3770 2147 3808 onus
2178 3754 2337 3807 civile
2380 3769 2476 3822 per
2524 3755 2670 3823 quod
2705 3755 3046 3822 cogebantur
3094 3756 3379 3811 intendere
3436 3757 3523 3812 his

1920 3861 2041 3915 qua:
2070 3843 2172 3899 fori
2219 3854 2398 3910 erant,
2430 3854 2484 3898 et
2518 3845 2686 3899 multa
2720 3859 2864 3913 saepe
2909 3845 3032 3899 inde
3079 3846 3404 3900 oriebantur
3427 3863 3523 3918 pe-

1926 3941 2120 4004 ricula,
2174 3950 2396 4009 propter
2427 3937 2530 3993 fori
2586 3939 2872 3994 malitiam.
2923 3941 3165 3995 Audiant
3205 3943 3426 4004 divites.
3469 3951 3526 3998 tt

1923 4031 2156 4101 publicis
2208 4031 2535 4086 muneribus
2589 4030 2901 4101 fungentes,
2962 4035 3238 4102 quomodo
3284 4029 3524 4102 Iosepho

1923 4124 2060 4177 nihil
2102 4123 2340 4177 obsistat
2391 4123 2458 4176 ad
2507 4123 2766 4177 virtutem
2812 4124 3087 4178 senatoria
3133 4123 3396 4192 dignitas.
3427 4123 3531 4178 Jo-

1922 4215 2055 4283 seph
2105 4213 2454 4283 interpretari
2510 4228 2802 4281 possumus
2865 4222 3258 4282 augmentum:
3308 4213 3525 4267 Arium-

1925 4307 2093 4360 Ihaaus
2129 4321 2280 4368 vero,
2316 4305 2511 4358 tollens
2565 4305 2689 4358 hoc.
2723 4303 2997 4357 Concedat
3035 4315 3216 4357 autent
3263 4303 3431 4367 Deus,
3466 4315 3524 4356 ut

1921 4399 2086 4450 etiam
2128 4412 2228 4451 nos
2253 4397 2394 4449 sicut
2423 4396 2625 4465 Joseph
2660 4395 2750 4449 ille
2787 4377 3232 4459 liamus'semper
3263 4397 3433 4457 aucti,
3469 4404 3526 4450 ct

1923 4490 2245 4560 adjicientes
2278 4488 2331 4542 in
2367 4504 2530 4542 CUlStl
2558 4487 2793 4552 virtutis,
2823 4501 2887 4541 ac
2911 4487 3166 4541 tollentes
3195 4488 3318 4552 hoc,
3339 4489 3389 4541 id
3413 4500 3521 4552 est,

223 4575 418 4645 δρόμῳ
460 4577 559 4641 τῆς
598 4575 825 4642 ἀρετῆς,
863 4575 958 4627 καὶ
1018 4575 1262 4646 ιῖροντας
1311 4578 1508 4638 ἐκεῖνο,
1546 4577 1813 4639 τουτέστι,

1924 4583 1975 4637 id
2009 4584 2152 4652 quod
2194 4593 2277 4638 est
2307 4597 2431 4635 vere
2469 4583 2669 4636 bonum
2702 4597 2716 4634 :
2755 4580 3092 4646 accipiamus
3148 4595 3278 4634 vero
3325 4596 3525 4650 corpus

221 4666 286 4719 τὸ
317 4665 490 4728 ὅντως
521 4664 724 4732 ἀγαθόν
753 4681 765 4693 ο
798 4665 986 4717 λαϐεῖν
1017 4665 1072 4718 δὲ
1115 4670 1206 4720 καὶ
1234 4665 1294 4718 τὸ
1327 4665 1486 4734 σῶμα
1515 4665 1610 4718 τοῦ
1642 4666 1816 4736 Ἰησοῦ

223 4756 315 4810 διὰ
339 4755 442 4825 τῆς
469 4755 781 4820 κοινωνίας,
812 4757 906 4808 καὶ
936 4756 1276 4810 καταθέσθαι
1305 4757 1462 4811 τοῦτο
1489 4759 1545 4809 ἐν
1570 4760 1822 4828 μνημείῳ

224 4848 661 4918 λελατομημένῳ
693 4849 756 4900 ἐκ
793 4847 1028 4918 πέτρας,
1063 4849 1368 4913 τουτέστιν,
1417 4851 1474 4901 ἐν
1508 4853 1819 4920 μνημονικῇ

222 4940 374 5009 ψυχῇ
407 4936 505 4990 καὶ
560 4937 634 5008 μὴ
678 4936 1143 5008 ἐπιλανθανομένῃ
1193 4937 1287 4990 τοῦ
1321 4937 1482 4992 Θεοῦ.
1536 4939 1718 4990 Ἔστω
1765 4939 1822 4992 δὲ

227 5034 418 5101 ἐκείνη
446 5033 479 5101 ή
507 5031 678 5102 ψυχὴ,
708 5032 771 5084 ἐκ
798 5031 1010 5096 πέτρας
1044 5032 1490 5102 λελατομημένη,
1519 5033 1818 5096 τουτέστιν,

226 5127 338 5176 ἀπὸ
367 5123 634 5194 Χριστοῦ,
689 5124 747 5185 ὅς
777 5125 928 5176 ἐστιν
961 5125 994 5195 ἠ
1033 5124 1208 5194 πέτρα
1255 5123 1454 5195 ἔχουσα
1490 5127 1588 5195 τὴν
1619 5125 1821 5178 σύστας

227 5236 316 5270 σιν
346 5234 361 5246 ·
391 5215 676 5286 ἐνειλῆσαι
705 5215 763 5267 δέ
790 5215 922 5268 αὐτὸ
953 5217 1010 5268 ἐν
1045 5216 1264 5282 σινδόνι,
1296 5218 1601 5282 τουτέστιν,
1635 5219 1692 5269 ἐν
1720 5217 1822 5268 σώ-

231 5327 366 5380 ματι
396 5307 624 5377 καθαρῷ
650 5307 906 5374 δέξασθαι
940 5308 1072 5360 αύτό
1101 5325 1112 5338 °
1147 5308 1354 5361 σινδὼν·
1374 5309 1482 5380 γὰρ
1516 5309 1613 5377 τῆς
1643 5309 1822 5378 ψυχῆς

229 5403 324 5454 καὶ
373 5396 486 5452 οἷον
544 5401 783 5468 ἱμάτιον,
837 5402 897 5452 τὸ
954 5401 1134 5469 σῶμα.
1171 5405 1262 5454 Δεῖ
1306 5399 1398 5454 οὖν
1438 5404 1521 5472 μὴ.
1560 5404 1722 5471 μόνον
1765 5405 1822 5455 ἐν

227 5495 378 5566 ψυχῇ
433 5493 656 5563 καθαρᾷ
707 5493 963 5562 δέχεσθαι
997 5495 1058 5546 τὸ
1093 5494 1234 5547 θεῖον
1269 5493 1430 5565 σῶμα
1459 5496 1553 5548 τοῦ
1590 5495 1820 5566 Κυρίου,

229 5589 371 5644 ἀλλά
422 5588 517 5639 καὶ
574 5589 632 5638 ἐν
679 5585 893 5656 σώματι
938 5587 1169 5657 τοιούτῳ
1198 5603 1210 5617 ·
1262 5587 1489 5640 ἐνειλεῖν
1535 5587 1592 5640 δέ
1641 5587 1818 5652 τοῦτο,

225 5679 515 5744 τουτέστι,
594 5677 920 5749 συστρέφειν
980 5680 1075 5732 καὶ
1136 5681 1487 5746 συστέλλειν,
1553 5679 1690 5734 ἀλλὰ
1749 5682 1823 5753 μὴ

227 5770 544 5836 ἐξαπλοῦν·
598 5770 658 5822 τὸ
708 5770 815 5840 γὰρ
876 5772 1177 5841 μυστήριον
1227 5774 1667 5846 συνεσταλμένον
1708 5775 1824 5830 ἐστὶ

227 5866 333 5919 καὶ
369 5861 712 5932 ἀπόκρυφον,
746 5863 836 5916 καὶ
865 5863 965 5918 οὐκ
992 5864 1399 5935 ἑξηπλωμενον.

1924 4674 2054 4728 Jesu
2103 4688 2198 4743 per
2237 4674 2706 4732 communionem,
2740 4679 2795 4722 et
2839 4667 3176 4722 collocemus
3226 4668 3280 4720 in
3331 4681 3527 4721 monu-

1927 4775 2114 4819 mento
2153 4764 2342 4818 exciso
2375 4777 2441 4816 ex
2478 4771 2656 4830 petra,
2699 4761 2801 4815 hoc
2831 4768 2935 4823 est,
2970 4760 3022 4814 in
3058 4760 3239 4814 anima
3269 4759 3522 4823 memori,

1925 4873 2046 4928 qum
2084 4857 2251 4911 Deum
2293 4870 2399 4908 non
2438 4853 2819 4909 obliviscatur.
2855 4852 2939 4906 Sit
2993 4861 3175 4906 autem
3211 4851 3388 4905 anima
3433 4851 3524 4905 illa

1925 4967 1990 5005 ex
2023 4959 2174 5017 petra
2202 4948 2409 5010 excisa,
2440 4947 2544 5001 hoc
2574 4955 2678 5008 est,
2716 4960 2745 4999 a
2775 4944 3022 5010 Christo,
3052 4945 3146 5015 qui
3178 4956 3261 4998 est
3289 4955 3441 5013 petra
3468 4945 3523 4998 iu

1925 5053 2030 5107 qua
2065 5039 2368 5093 consistere
2411 5037 2731 5106 poterimus.
2786 5033 3103 5090 lnvolvatur
3130 5050 3258 5090 vero
3307 5036 3357 5089 in
3402 5036 3524 5089 sino-

1926 5133 2090 5196 doue,
2125 5132 2227 5186 hoc
2255 5140 2360 5197 eSI,
2402 5131 2453 5182 in
2491 5143 2719 5197 corpore
2754 5130 2955 5181 mundo
3003 5129 3355 5198 suscipiatur.
3389 5128 3519 5181 Nam

1925 5224 2121 5280 sindon
2153 5225 2350 5278 anima:
2379 5233 2460 5278 est
2500 5238 2699 5290 corpus
2726 5220 2883 5292 quasi
2926 5224 3116 5276 vestis.
3148 5221 3378 5290 Oportet
3425 5221 3524 5287 igi-

1927 5325 2017 5370 tur
2071 5330 2178 5369 non
2212 5314 2388 5370 solum
2427 5314 2480 5367 iu
2533 5313 2714 5367 anima
2763 5327 2900 5382 pura
2955 5313 3233 5381 cuscipere
3279 5313 3520 5367 divinum

1925 5421 2128 5475 corpus
2172 5406 2411 5470 Domini,
2447 5405 2543 5460 sed
2577 5416 2631 5460 et
2673 5407 2725 5460 in
2774 5421 3006 5475 corpore
3038 5420 3196 5474 puro.
3235 5403 3526 5459 Involven-

1927 5501 2054 5554 dum
2095 5508 2281 5553 autem
2316 5508 2400 5555 est
2429 5499 2556 5562 hoc,
2586 5497 2637 5551 id
2663 5506 2769 5562 est,
2797 5495 3230 5552 contrahendum
3269 5504 3324 5551 et
3350 5497 3528 5551 cunti-

1929 5591 2165 5645 neudum
2217 5599 2273 5646 et
2327 5605 2430 5644 non
2496 5589 2925 5659 explanandum.
2995 5588 3314 5660 Mysterium
3378 5589 3524 5641 enim

1929 5683 1982 5736 in
2039 5690 2324 5737 contracto
2376 5689 2464 5737 cst
2511 5691 2565 5737 et
2621 5680 2921 5745 occultum,
2963 5689 3018 5736 et
3048 5695 3154 5735 non
3185 5680 3356 5734 cuivis
3392 5693 3525 5748 ape-

1931 5775 2203 5830 riendum.
