4028 6410
515 435 620 502 (ιῗθ

1427 421 1997 486 THEOPHYLACTI
2041 414 2451 478 ΒΠΕΟᾹΒῘᾹΞ
2480 416 2520 472 Α
2531 411 2829 474 RCIIIEP.

3675 398 3782 463 080

519 559 745 619 saptem.
782 549 883 602 Aut
915 553 1117 612 septem
1157 541 1413 596 daunonia
1438 579 1454 606 ,
1493 555 1612 610 qua:
1661 537 1935 593 contraria
1968 544 2092 590 sunt

2201 532 2327 601 ληνῇ
2365 531 2458 598 ἀφ’
2495 524 2560 600 ἧς
2592 526 2917 596 ἐκϐεϐλήκει
2955 522 3096 577 ἑπτὰ
3121 519 3396 592 δαιμόνια,
3427 519 3547 588 ἦτοι
3577 515 3776 568 πολλά·

521 652 726 708 septem
751 638 1033 708 spiritibus
1063 635 1301 696 virtutis,
1341 647 1534 700 nempe
1556 632 1776 700 spiritus
1800 642 2090 697 praesump-

523 732 707 792 tionis,
729 733 824 783 ltoc
845 723 1151 791 est,abjecti
1178 724 1384 779 timoris
1403 724 1440 784 ⁵,
1459 721 1680 791 spiritus
1703 719 2095 786 rnditatis,Spi-

521 823 661 877 ritus
679 818 962 881 mendacii,
989 826 1043 871 et
1078 816 1166 870 alii
1197 823 1462 884 quotquot
1489 823 1615 869 sunt
1645 813 1903 867 contrarii
1934 810 2090 865 donis

524 912 778 981 Spiritus.
816 910 944 963 Post
975 912 1088 964 haec
1121 915 1302 962 autem
1347 907 1556 960 duobus
1603 920 1668 959 ex
1708 904 1811 959 illis
1849 903 2098 972 apparuit

522 1017 644 1056 cum
676 999 1034 1061 ambularent,
1071 999 1125 1052 in
1178 997 1280 1050 alia
1336 996 1536 1057 forma,
1595 995 1658 1048 de
1705 994 1902 1062 quibus
1932 990 2093 1045 etiam

522 1090 696 1146 Lucas
727 1091 856 1144 dicit
911 1108 923 1144 :
963 1100 1015 1143 et
1063 1089 1135 1142 illi
1184 1089 1646 1141 annuutiaverunt
1681 1085 1799 1138 aliis
1852 1102 1863 1137 :
1920 1097 2092 1149 neque

522 1184 628 1237 illis
659 1182 1031 1238 crediderunt.
1074 1181 1136 1235 Et
1181 1182 1449 1249 quomodo
1479 1178 1652 1232 Lucas
1685 1180 1811 1230 dicit
1838 1176 1979 1245 quod
2013 1192 2096 1229 re-

521 1274 667 1329 versi
708 1274 1033 1327 invenerunt
1087 1281 1439 1339 cengregatos
1488 1267 1766 1329 undecim,
1814 1265 2092 1326 dicentes,

520 1369 665 1437 quod
721 1366 954 1419 surrexit
983 1363 1281 1417 Dominus?
1315 1372 1363 1416 et
1409 1361 1618 1414 Marcus
1652 1360 1737 1413 hic
1782 1359 1911 1412 dicit
1955 1357 2096 1423 quod

525 1473 698 1528 neque
733 1458 815 1512 his
833 1457 920 1524 qui
957 1471 1018 1513 ex
1051 1471 1171 1508 rure
1198 1450 1821 1516 venerttnt,creditlere?
1853 1450 2097 1503 Dicimus

524 1552 705 1620 igitur,
729 1551 868 1616 quod
902 1547 1050 1610 illud,
1092 1546 1564 1599 Aununtiaverunt
1610 1543 1851 1612 reliquis,
1892 1557 1996 1596 non
2031 1542 2098 1596 de

522 1643 770 1697 undecim
798 1640 1018 1694 ‘dicitur
1065 1639 1343 1709 apostolis,
1375 1638 1469 1692 sed
1505 1635 1572 1690 de
1597 1636 1918 1704 quibusdam
1953 1634 2093 1688 aliis.

520 1734 644 1790 Illos
663 1734 807 1787 enim
833 1734 917 1786 hic
948 1733 1183 1797 reliquos
1214 1740 1393 1790 vocat,
1418 1730 1542 1798 quia
1573 1729 1824 1782 undecim
1850 1728 2096 1781 viderant

524 1823 674 1878 illum
709 1823 760 1876 in
793 1826 908 1892 ipso
942 1823 1050 1884 die,
1085 1822 1298 1888 quando
1325 1830 1381 1873 et
1412 1819 1490 1881 bi,
1516 1820 1605 1888 qui
1637 1834 1703 1872 ex
1737 1832 1863 1871 rure
1891 1817 2092 1871 reversi

527 1915 848 1969 invenerunt
881 1913 1000 1966 illos
1028 1913 1266 1966 diecntes
1290 1928 1302 1962 :
1329 1909 1646 1966 Resurrexit
1674 1909 1952 1964 Dominus.

595 2086 759 2143 Vsus.
800 2087 864 2141 Η
892 2087 982 2143 20.
1023 2104 1041 2138 ι
1087 2085 1275 2140 Postea
1313 2086 1778 2140 discumbentibus
1829 2083 1934 2138 illis
1990 2099 2094 2136 nn-

525 2181 699 2234 decim
730 2179 995 2248 apparuit,
1027 2188 1080 2231 et
1111 2178 1460 2245 exprobravit
1519 2176 1621 2228 illis
1661 2174 2094 2229 incredulitatem

527 2272 740 2331 illorum
769 2281 825 2326 et
853 2271 1037 2327 cordis
1065 2270 1348 2333 duritiam,
1385 2267 1526 2337 quod
1572 2267 1636 2321 iis
1659 2306 1672 2330 ,
1707 2269 1796 2336 qui
1835 2266 2096 2318 vidissent

525 2379 647 2418 eum
679 2363 1063 2425 resnrrexisse,
1100 2378 1200 2414 nun
1240 2360 1601 2414 credidissent
1632 2358 1732 2428 (rt).
1768 2358 1831 2411 Et
1884 2357 2098 2410 dicebat

527 2458 638 2511 eis:
677 2454 754 2508 lte
785 2455 836 2507 in
870 2455 1125 2507 mundum
1157 2453 1489 2513 universum,
1524 2462 1578 2504 et
1609 2449 1896 2517 prredicate
1927 2446 2098 2499 Evan-

527 2547 725 2617 geliutn
758 2547 903 2599 omni
930 2555 1212 2599 creatum.
1246 2542 1350 2608 Qul
1383 2542 1676 2596 crediderit
1705 2550 1757 2594 et
1790 2539 2097 2606 baptizatus

526 2637 706 2699 fuerit,
742 2638 922 2691 salvus
951 2638 1054 2690 erit
1093 2659 1099 2689 :
1139 2635 1228 2704 qui
1280 2651 1404 2688 vero
1431 2649 1533 2686 non
1576 2631 1902 2689 crediderit.
1933 2627 2097 2699 26E.

526 2727 990 2784 condentnzibitur.
1040 2725 1202 2778 Porro
1240 2726 1389 2793 signa
1433 2737 1566 2785 eos,
1601 2721 1691 2790 qui
1743 2719 2094 2780 crediderint,

528 2822 643 2876 hazc
684 2821 1114 2888 subsequentur:
1151 2832 1244 2884 per
1276 2830 1468 2868 nomen
1502 2829 1680 2866 meum
1717 2813 1975 2866 daemonia
2002 2809 2099 2876 eji-

527 2912 696 2976 cient,
730 2911 925 2975 linguis
951 2914 1240 2975 loquuntur
1272 2905 1444 2969 novis,
1471 2913 1750 2972 serpentes
1779 2903 1968 2957 tollent
2003 2918 2016 2954 :
2043 2909 2100 2954 et

529 3003 574 3058 si
607 3002 732 3072 quid
789 3001 986 3054 letbalc
1038 3000 1308 3061 bibcriut,
1345 3013 1448 3051 non
1501 2995 1720 3050 nocebit
1767 2995 1891 3048 eis:
1937 3008 2098 3061 super

529 3102 760 3162 spretos
802 3106 994 3145 manus
1041 3091 1340 3156 imponent,
1377 3098 1429 3142 et
1479 3088 1618 3141 bene
1661 3085 1960 3140 habebunt.
1996 3084 2098 3137 Ita-

529 3203 634 3256 que
671 3184 927 3238 Dominus
961 3180 1176 3252 quidem
1205 3189 1488 3249 postquam
1522 3179 1734 3234 locutus
1769 3176 1961 3230 fuisset
1991 3177 2090 3241 eis,

531 3287 778 3346 receptus
809 3289 891 3330 est
934 3277 985 3328 in
1039 3274 1237 3327 cuslum
1292 3282 1344 3324 et
1377 3271 1618 3325 consedit
1668 3284 1698 3322 a
1739 3269 1944 3323 dextris
1979 3267 2091 3322 Dei.

530 3367 609 3422 Illi
663 3383 793 3423 vero
861 3367 1064 3436 egressi
1126 3365 1559 3435 praedicaverunt
1612 3362 1814 3429 ubique
1873 3359 2097 3412 Domino

525 3468 877 3528 cooperante,
899 3467 952 3510 et
973 3470 1277 3511 sermonem
1303 3453 1659 3508 couﬂrutante
1682 3467 1776 3519 per
1796 3452 1944 3522 signa
1971 3450 2099 3503 sub-

531 3552 1029 3622 sequetttia.Amett.
1045 3547 1206 3603 iVide
1224 3548 1528 3601 mandatum
1550 3546 1760 3600 Domini
1780 3564 1791 3598 :
1809 3543 2100 3599 Prtedicate

532 3643 678 3698 omni
717 3651 999 3696 creatur-ze.
1032 3639 1145 3695 Non
1192 3641 1327 3692 dixit
1361 3656 1375 3691 :
1416 3637 1715 3692 Praedicate
1766 3639 1848 3692 bis
1878 3636 1967 3704 qui
1999 3636 2096 3690 ob-

532 3741 856 3801 temperant,
892 3729 1015 3794 sed,
1051 3729 1195 3783 omni
1233 3737 1516 3789 creatum,
1543 3729 1625 3783 ive
1656 3727 1942 3796 recipiant,
1973 3729 2088 3783 sive

531 3839 660 3880 non.
696 3823 795 3889 Qui
825 3821 1114 3876 crediderit
1147 3837 1162 3877 :
1194 3829 1248 3873 et
1282 3834 1385 3872 non
1417 3817 1612 3873 sutiicit
1660 3819 1762 3872 boc
1814 3836 1827 3871 :
1863 3817 1954 3872 sed
1990 3857 2004 3880 ,
2045 3826 2099 3870 et

532 3917 838 3986 baptizatus
885 3913 1065 3966 fuerit.
1103 3911 1234 3966 Nam
1267 3926 1358 3978 qut
1414 3910 1744 3974 crediderit,
1792 3910 2099 3978 baptizatus

535 4019 716 4063 autem
745 4023 850 4061 non
885 4005 1065 4068 fuerit,
1094 4005 1186 4058 sed
1218 4005 1392 4058 adhuc
1415 4015 1496 4058 est
1522 4005 1963 4070 catechumenus,
1991 4020 2097 4059 non

526 4099 638 4166 jam
670 4099 906 4153 salvatus
952 4107 1055 4151 est.
1095 4091 1258 4164 Signa
1305 4111 1434 4150 vero
1465 4111 1587 4164 qua
1631 4105 1932 4167 sequuntur
1980 4111 2099 4150 cre-

533 4194 744 4253 dentes,
780 4190 908 4243 dicit
937 4189 1202 4243 dsemonia
1230 4188 1429 4257 ejicere
1459 4205 1473 4241 :
1509 4189 1711 4257 linguis
1743 4187 1886 4256 loqui
1921 4189 2096 4248 novis,

533 4291 812 4350 serpentes
841 4280 1045 4342 tollere,
1084 4279 1186 4333 hoc
1224 4287 1325 4343 est,
1363 4279 1577 4336 abolere
1625 4289 1929 4349 serpentes,
1984 4280 2099 4332 sive

536 4371 845 4434 sensibiles,
902 4373 1016 4423 sive
1055 4371 1364 4438 spirituales
1423 4389 1434 4423 :
1497 4373 1634 4425 sicut
1684 4372 1848 4425 etiam
1895 4371 2029 4424 dixit
2080 4388 2094 4425 :

551 4460 726 4526 Super
761 4470 1040 4527 serpentes
1071 4470 1120 4513 et
1171 4461 1413 4529 scorpios
1443 4463 1676 4526 calcate,
1720 4462 2004 4516 manifeste
2034 4461 2101 4515 de

2197 619 2307 674 οἶδε
2331 622 2440 691 γὰρ
2471 623 2502 690 ή
2539 619 2731 689 Γραφὴ
2762 618 2852 670 τὸν
2894 616 3033 668 ἑπτά
3080 614 3338 684 ἀριθμὸν,
3379 609 3503 663 ἀντὶ
3538 607 3780 676 πλήθους

2197 712 2686 782 παραλαμϐάνεινο
2747 709 2821 769 ὡς
2878 708 2962 771 τὸ,
3015 706 3214 774 Στεῖρα
3287 703 3474 755 ἔτεκεν
3533 697 3780 767 ἐπτά,ἧ

2197 804 2337 857 ἑπτὰ
2371 803 2663 872 δαιμόνια,
2713 800 2782 853 τὰ
2835 798 3054 852 ἐναντία
3099 798 3204 850 τῶν
3253 794 3393 848 ἐτττᾶ
3446 794 3544 862 τῆς
3579 792 3781 860 ἀρετῆς

2199 894 2526 962 πνευμάτων
2545 909 2556 920 '
2581 888 2690 944 οἷον
2714 889 2933 958 πνεῦμα
2957 887 3207 956 ἀφοϐίας,
3231 886 3448 954 πνεῦμα
3466 882 3780 943 ἀσυνεσίας,

2199 987 2417 1056 πνεῦμα
2448 984 2741 1053 ἀγνωσίας,
2796 968 3018 1051 πνεῦμα
3057 979 3310 1047 ψεύδους,
3366 979 3460 1031 καὶ
3506 976 3608 1028 ὅσα
3643 974 3783 1026 ἄλλα

2199 1078 2470 1134 ἀντίπαλα
2499 1076 2606 1128 τῶν
2636 1074 2996 1145 χαρισμάτων
3027 1070 3122 1124 τοῦ
3168 1069 3487 1139 Πνεύματος
3506 1083 3518 1097 °
3558 1067 3696 1137 μετὰ
3725 1065 3784 1117 δὲ

2199 1170 2388 1232 ταῦτα,
2413 1169 2563 1222 δυσὶν
2593 1169 2649 1234 ἐξ
2678 1167 2858 1220 αὐτῶν
2885 1162 3300 1233 περιπατοῦσιν,
3331 1161 3501 1229 ἐφάνη
3532 1161 3589 1212 ἐν
3619 1159 3788 1227 ἑτέρᾳ

2202 1265 2381 1334 μορφῇ
2402 1279 2415 1294 ο
2455 1262 2586 1331 περὶ
2619 1261 2829 1313 τούτων
2861 1260 2954 1312 καὶ
2985 1260 3012 1311 ό
3043 1257 3261 1318 Λουκᾶς
3307 1254 3487 1322 λέγει’
3517 1253 3784 1306 Κάκεῖνοι

2198 1353 2527 1422 ἀνήγγειλάν
2561 1354 2672 1415 τοῖς
2700 1353 2944 1411 λοιποῖς·
2979 1347 3100 1401 οὐδὲ
3130 1345 3361 1408 ἐκείνοις
3425 1343 3780 1397 ἐπίστευσαν.

2200 1445 2306 1496 Καὶ
2349 1443 2466 1505 πῶς
2501 1444 2528 1494 ὁ
2555 1443 2766 1504 Λουκᾶς
2802 1441 2970 1507 λέγει,
3005 1439 3086 1492 ὅτι
3116 1436 3592 1504 ὑποστρέψαντες,
3620 1427 3784 1498 εὗρον

2202 1533 2698 1605 συνηθροισμένους
2727 1534 2852 1596 τοὺς
2881 1531 3093 1594 ἕνδεκα,
3144 1529 3408 1596 λέγοντας
3450 1527 3532 1580 ὅτι
3566 1525 3786 1596 ἠγέρθη

2198 1629 2225 1679 ό
2269 1625 2492 1696 Κύριος,
2541 1625 2634 1678 τοῦ
2668 1625 2897 1694 Μάρκου
2930 1622 3167 1676 ἐνταῦθα
3199 1621 3489 1690 λέγοντος,
3541 1620 3624 1673 ὅτι
3661 1618 3790 1671 οὐδὲ

2199 1718 2308 1778 τοῖς
2342 1717 2405 1768 ἐκ
2458 1714 2552 1767 τοῦ
2598 1714 2770 1785 ἀγροῦ
2823 1711 3072 1766 ἐλθοῦσιν
3107 1712 3474 1770 ἐπίστευσανς
3532 1710 3790 1779 Λέγομεν

2197 1807 2289 1860 οὖν
2336 1809 2417 1860 ὅτι
2445 1807 2524 1872 τὸ,
2571 1805 2924 1875 Ἀνήγτειλαν
2956 1807 3067 1868 τοῖς
3099 1805 3332 1867 λοιποῖς,
3380 1805 3440 1856 ού
3484 1804 3613 1872 περὶ
3676 1804 3791 1855 τῶν

2132 1887 2169 1940 Β
2199 1898 2386 1950 ἕνδεκα
2419 1896 2733 1950 ἀποστόλων
2769 1896 2950 1962 λέγει,
2991 1895 3126 1948 ἀλλὰ
3172 1894 3300 1963 περί
3343 1911 3505 1948 τινων
3534 1893 3740 1965 ἐτέρων
3771 1912 3784 1924 ·

2197 1991 2421 2048 τούτους
2451 1990 2558 2057 γὰρ
2587 1989 2808 2050 λοιποὺς
2843 1989 3149 2058 ὠνόμασεν.

2276 2099 2292 2130 ι
2352 2080 2506 2134 Ἐπεὶ
2574 2081 2688 2148 οῖγε
2747 2080 2939 2133 ἕνδεκα
2990 2075 3130 2132 εἶδον
3181 2081 3344 2132 αύτ².ν
3402 2081 3458 2132 ἐν
3514 2080 3654 2149 αὐτῇ
3717 2081 3785 2150 τῇ

2200 2171 2401 2241 ἡμέρᾳ,
2435 2172 2520 2223 ὅτε
2579 2172 2672 2224 καὶ
2725 2171 2773 2223 οἱ
2827 2171 2884 2236 ἐξ
2928 2168 3100 2237 ἀγροῦ
3149 2169 3592 2240 ὑποστρέψαντες
3626 2163 3790 2239 εὗρον

2199 2263 2395 2325 αὐτοὺς
2441 2260 2700 2328 λέγοντας
2731 2262 2810 2312 ὅτι
2863 2260 3072 2330 ἠγέρθη
3109 2263 3136 2313 ὁ
3184 2262 3411 2330 Κύριος.
3457 2261 3567 2312 Καὶ
3625 2255 3790 2312 εἶπεν

2199 2353 2402 2414 αύτοῖς·
2437 2352 2800 2421 Πορευθέντες
2819 2353 2896 2415 είς
2911 2350 3002 2403 τὸν
3021 2353 3224 2422 κόσμον
3248 2353 3482 2413 ἅπαντα,
3509 2353 3787 2422 κηρύξατε

2198 2445 2258 2499 τὸ
2294 2445 2624 2512 Εύαγγέλιον
2654 2445 2802 2516 πάσῃ
2852 2445 2917 2514 τῇ
2974 2444 3168 2496 κτίσει.
3235 2444 3294 2497 Ὀ
3335 2445 3627 2508 πιστεύσας
3686 2447 3787 2499 καὶ

2201 2538 2538 2608 βαπτισθεὶς,
2599 2537 2902 2607 σωθήσεται
2928 2551 2942 2566 ο
2975 2539 3001 2590 ὁ
3035 2537 3090 2589 δὲ
3135 2538 3471 2607 ἀπιστήσας,
3515 2555 3788 2608 κατακρι-

2199 2631 2446 2701 θήσεται.
2494 2631 2703 2700 Σημεῖα
2748 2631 2804 2683 δὲ
2848 2633 2956 2692 τοῖς
2995 2631 3352 2693 πιστεύσασι,
3396 2630 3570 2683 ταῦτα
3604 2647 3788 2699 παρα-

2205 2725 2547 2794 κολουθήσει,
2593 2725 2650 2776 ὲν
2683 2723 2760 2792 τῷ
2787 2724 3010 2792 ὀνόματί
3045 2741 3144 2790 μου
3175 2723 3430 2793 δαιμόνια
3459 2722 3785 2782 ἐκϐαλοῦσι,

2201 2815 2477 2882 γλώσσαις
2531 2815 2824 2884 λαλήσουσι
2879 2818 3115 2880 καιναῖς,
3168 2815 3322 2881 ὄφεις
3372 2814 3606 2882 ἀροῦσι·
3681 2813 3786 2866 κάν

2200 2907 2494 2976 θανάσιμόν
2545 2925 2596 2960 τι
2648 2907 2866 2970 πίωσιν,
2923 2908 2982 2959 οῗ·
3042 2908 3118 2976 μὴ
3175 2908 3371 2968 αὐτοὺς
3413 2905 3629 2978 βλάψῃο
3689 2907 3786 2959 ἐπὶ

2199 2999 2520 3068 ἀρρώστους
2551 3001 2739 3068 χεῖρας
2782 2998 3142 3068 ἐπιθήσουσι,
3181 2999 3271 3050 καὶ
3317 2999 3495 3060 καλῶς
3542 2999 3784 3064 ἕξουσιν.

2213 3089 2270 3143 '0
2308 3089 2404 3160 μὲν
2441 3089 2533 3142 οὖν
2569 3089 2768 3160 Κύριος
2837 3089 2974 3159 μετὰ
3034 3089 3093 3141 τὸ
3141 3089 3368 3159 λαλῆσαι
3421 3089 3640 3151 αὐτοῖς,
3688 3094 3787 3142 ἁν-

2203 3180 2415 3251 ελήφθη
2451 3183 2530 3243 εἰς
2563 3180 2654 3234 τὸν
2685 3180 2932 3250 οὐρανὸν,
2964 3180 3060 3234 καὶ
3095 3181 3346 3234 ἐκάθισεν
3371 3182 3435 3233 ἐκ
3463 3179 3657 3244 δεξιῶν
3693 3178 3788 3233 τοῦ

2199 3271 2358 3325 Θεοῦ.
2411 3270 2639 3323 Ἐκεῖνοι
2670 3270 2726 3322 δέ
2767 3270 3072 3336 ἐξελθόντες
3100 3309 3116 3336 ,
3151 3267 3424 3341 ἐκήρυξαν
3459 3269 3743 3340 πανταχοῦ
3768 3309 3784 3332 ,

2197 3363 2292 3416 τοῦ
2340 3363 2546 3432 Κυρίου
2580 3362 2970 3432 συνεργοῦντος
2996 3363 3090 3415 καὶ
3131 3362 3221 3416 τὸν
3249 3361 3405 3429 λόγον
3439 3362 3789 3430 βεϐαιοῦντος

2199 3456 2286 3510 διὰ
2316 3455 2951 3510 τῶνὲπακολουθούντων
2983 3455 3245 3527 σημείων.
3267 3455 3652 3525 Ἀμήν.›”ορα
3685 3457 3788 3525 τὴν

2198 3547 2293 3600 τοῦ
2329 3547 2535 3615 Κυρίου
2567 3545 2806 3617 ἐντολὴν,
2836 3546 3123 3616 Κηρύξατε
3151 3546 3301 3619 πάσῃ
3342 3548 3408 3616 τῇ
3439 3547 3638 3600 κτίσει.
3668 3549 3787 3600 Οὐκ

2199 3634 2374 3704 εἶπεν,
2399 3639 2480 3691 ὅτι
2513 3639 2637 3700 Τοῖς
2668 3639 3009 3707 πειθομένοις
3038 3637 3513 3708 κηρύξατε,ἀλλὰ,
3537 3640 3688 3711 πάσῃ
3720 3642 3788 3709 τῇ

2201 3731 2399 3793 κτίσει,
2434 3731 2544 3783 εἴτε
2583 3730 2858 3783 πείθονται
2913 3731 3021 3783 είτε
3062 3731 3158 3801 μή.
3210 3732 3268 3784 ὐ
3319 3730 3648 3797 πιστεύσας,
3695 3731 3793 3784 καὶ

2201 3825 2302 3876 ούκ
2343 3825 2505 3894 ἀρκεῖ
2529 3824 2710 3887 τοῦτο,
2737 3823 2873 3876 ἀλλὰ
2918 3823 3016 3876 καὶ
3065 3822 3406 3892 βαπτισθείς.
3450 3822 3508 3876 'U
3541 3823 3650 3894 γὰρ
3699 3841 3792 3877 πι-

2205 3915 2437 3977 στεύσας
2474 3916 2592 3985 μὲν,
2629 3915 2689 3967 οὐ
2715 3914 3034 3983 βαπτισθεὶς
3054 3915 3109 3968 δὲ
3129 3956 3143 3980 ,
3175 3915 3287 3968 ἀλλ’
3317 3915 3396 3967 ἔτι
3437 3914 3793 3985 κατηχούμεο

2209 4026 2296 4071 νος
2327 4008 2424 4070 ὢν,
2455 4009 2554 4061 οὐκ
2583 4009 2682 4079 ἤδη
2713 4008 2806 4061 καὶ
2841 4008 3116 4061 σέσωσται
3146 4007 3277 4079 (95).
3309 4008 3518 4076 Σημεῖα
3545 4008 3603 4060 δὲ
3635 4008 3791 4075 λέγει

2202 4104 2313 4159 τοῖς
2385 4100 2706 4152 πιστεύσασι
2771 4100 3314 4169 παρακολουθήσειν,
3391 4100 3452 4151 τὸ
3527 4097 3789 4167 δαιμόνια

2205 4191 2513 4253 ἐκϐάλλειν,
2565 4191 2621 4240 τὸ
2708 4189 2979 4256 γλώσσαις
3031 4189 3214 4243 λαλεῖν
3271 4191 3482 4252 καιναῖς
3529 4187 3669 4259 (94),
3731 4188 3794 4242 τὸ

2204 4284 2354 4350 ὄφεις
2393 4283 2588 4352 αἴρειν,
2633 4281 2927 4344 τουτέστιν,
2983 4281 3265 4349 ἀφανίζειν
3303 4280 3476 4350 ὄφεις,
3511 4280 3626 4334 εἴτε
3662 4281 3791 4342 τοὶς

2621 4375 2699 4436 τὸ,
2771 4376 2997 4427 Πατεῖτε
3033 4375 3218 4427 ἐπάνω
3267 4375 3441 4442 ὄφεων
3480 4375 3578 4427 καὶ
3620 4391 3790 4444 σκορ-

2205 4469 2366 4530 πίων,
2421 4469 2528 4519 τῶν
2582 4469 2791 4537 νοητῶν
2837 4467 3058 4537 δηλαδή.
3116 4467 3350 4520 Δύναται
3384 4468 3440 4519 δὲ
3499 4468 3594 4520 καὶ
3644 4467 3793 4521 οὕτω

2205 4375 2450 4445 νοητοὺς,
2494 4375 2568 4437 ὡς

538 4552 913 4620 spiritualibus
937 4550 1265 4620 intelligens.
1296 4551 1477 4607 Potest
1507 4554 1635 4607 item
1661 4562 1715 4607 et
1739 4554 1817 4607 sic
1837 4553 2096 4620 intelligi:

2207 4557 2501 4626 νοηθῆναι,
2555 4559 2714 4626 ὄφεις
2765 4558 3009 4630 ἀροῦσιν.
3063 4559 3280 4629 Ὠσπερ
3348 4560 3376 4610 ὁ
3430 4559 3642 4622 Παῦλος
3694 4559 3795 4628 τὴν

533 4641 825 4711 Serpentes
872 4642 1091 4706 tollent,
1129 4643 1267 4697 sicut
1317 4643 1513 4698 Paulus
1560 4645 1797 4713 viperam
1838 4645 1888 4698 in
1941 4662 2100 4698 manu

605 4802 626 4833 ⁵
658 4803 761 4856 lsa.
801 4816 876 4865 stt,
913 4804 964 4856 3.

2214 4646 2427 4716 ἔχιδναν
2463 4648 2518 4701 ὲν
2568 4649 2634 4717 τῇ
2667 4649 2811 4718 χειρὶ
2867 4648 3033 4700 αὐτοῦ
3097 4642 3224 4717 ἦρε,
3275 4645 3443 4718 μηδὲν
3484 4647 3574 4700 ὑπ’
3619 4645 3795 4716 αὐτῆς

1501 4919 1589 4977 Iis
1629 4917 1967 4981 collatione
2010 4923 2192 4983 codd.
2226 4924 2452 4983 Venet.
2495 4923 2554 4982 S.
2593 4923 2807 4984 Marci.

536 5058 769 5113 tristitiae
839 5058 1172 5112 vehementia
1235 5075 1247 5110 :
1319 5059 1560 5127 adeoque
1626 5063 1982 5124 decubuisse.
2048 5077 2100 5119 et

540 5129 811 5196 planxisse
837 5141 1001 5194 usque
1037 5131 1099 5180 ad
1131 5134 1306 5182 laetum
1341 5133 1584 5183 nuntium
1611 5133 1677 5184 de
1703 5132 1821 5184 Filii
1860 5150 2101 5188 resurre-

538 5195 733 5249 ctione.
786 5195 1049 5249 Czeternm
1101 5199 1201 5251 hoc
1254 5200 1594 5252 verissimum
1649 5213 1765 5262 est,
1817 5205 2098 5257 Dominum

580 5267 714 5318 rimo
747 5282 808 5317 ex
843 5266 1156 5321 mulieribus
1196 5269 1368 5322 visum
1409 5270 1572 5323 fuisse
1616 5287 1642 5321 a
1679 5270 1846 5324 Maria
1884 5271 2101 5343 Magda-

560 5351 677 5396 ena,
717 5353 732 5384 ι
774 5347 880 5385 etc.

611 5405 700 5462 (9'2
722 5404 808 5460 9.3)
825 5404 1049 5457 Codﬂﬁ:
1068 5406 1178 5455 Ούκ
1196 5407 1292 5473 ἤδη
1315 5410 1404 5460 καί
1422 5409 1705 5460 σέσωσται.
1729 5411 1785 5461 Ὀ
1806 5414 2099 5475 πιστεύσας

540 5475 669 5546 γοῦν
698 5475 794 5546 καὶ
827 5475 1140 5536 βαπτισθεὶς
1175 5477 1495 5542 σωθήσεται,
1526 5480 1638 5544 εῖγε
1668 5481 1764 5546 τὴν
1798 5482 1981 5534 πίστιν
2008 5487 2101 5535 καὶ

538 5545 597 5595 τὸ
650 5543 927 5621 βάπτισμα
956 5546 1329 5621 -καθαρὶι-καῖ
1362 5548 1563 5599 ᾶσπιλα
1590 5543 1872 5620 συντηρῇ,
1917 5553 1946 5621 ἢ
2006 5553 2099 5604 καὶ

543 5608 680 5681 μετὰ
719 5614 780 5686 *τὸ
819 5608 1083 5686 σπιλῷσαι
1125 5608 1435 5686 καθαρίσηο
1474 5623 1672 5686 σημεῖα
1715 5608 1955 5686 δὲ”λίέγει
1988 5625 2098 5684 τοῖς

543 5684 892 5735 πιστεύσασιν
923 5685 1018 5752 οὐχ
1045 5685 1251 5748 ἁπλῶς,
1285 5687 1400 5738 ἀλλ’
1430 5687 1501 5749 ὡς
1533 5684 1718 5758 εἴρηκε
1753 5684 2100 5760 παρακαλου-

2211 5067 2420 5143 θήσειν,
2461 5085 2512 5143 κ.
2551 5069 2680 5143 τηλ.
2717 5067 2884 5143 ιλΝοη
2914 5069 3026 5143 ⁸ξιιῐῐι
3063 5068 3446 5143 salvatusest.
3485 5069 3587 5136 Qui
3623 5081 3789 5143 igitur

2212 5139 2503 5191 crediderit
2533 5149 2584 5190 et
2616 5139 2915 5204 baptizatus
2953 5138 3132 5204 fuerit,
3162 5139 3494 5203 salvabiturf',
3532 5143 3574 5193 si
3606 5138 3785 5198 tamen

2217 5206 2370 5278 fidem
2407 5217 2458 5259 et
2492 5208 2751 5274 baptisma
2783 5223 2912 5274 pura
2949 5219 3002 5278 et
3045 5207 3385 5262 immaculata
3422 5212 3784 5278 custodierit,

2213 5277 2289 5350 vel
2320 5278 2360 5327 si
2398 5279 2684 5344 aliquando
2714 5277 2996 5350 eadem-ab
3029 5278 3144 5345 ipso
3183 5277 3442 5350 maculari
3469 5277 3785 5350 contingat.

2215 5345 2405 5398 iterum
2445 5350 2828 5417 prttrilicavcrit.
2865 5346 3025 5414 Signa
3063 5363 3188 5402 vero
3219 5349 3371 5407 dicit,
3407 5363 3527 5417 qum
3557 5345 3790 5407 creden-

2213 5425 2289 5468 tes
2317 5433 2420 5467 non
2446 5416 2783 5483 simpliciter,
2810 5418 2900 5468 sed
2924 5426 2980 5468 ut
3006 5417 3234 5477 dixerat,
3269 5416 3586 5484 sequentur,
3623 5440 3641 5473 ι
3677 5435 3784 5478 etc.

2283 5486 2393 5550 (94)
2426 5487 2560 5539 (.‘od.
2605 5486 2673 5538 ‘26
2710 5497 2829 5553 post
2862 5488 3110 5548 καιναῖς,
3147 5487 3290 5540 τοῦτ’
3329 5487 3476 5540 ἐστιν
3505 5489 3565 5540 ἐν
3609 5491 3787 5544 διαλέ-

2208 5570 2356 5616 κτοις
2390 5556 2725 5636 ἀλλοεθνέσι,
2761 5574 2779 5606 ι
2829 5558 2930 5610 Ιιοο
2985 5567 3069 5610 est
3111 5559 3456 5612 idiomatibus
3500 5559 3698 5619 alienis
3735 5574 3788 5617 et

2208 5638 2523 5693 peregrinis.
2560 5647 2576 5675 ι

612 5827 684 5890 (ειη
714 5825 832 5880 llaec
863 5829 1030 5894 prima
1062 5832 1311 5896 periodus
1357 5833 1690 5890 desideratur
1719 5839 1768 5891 in
1794 5847 1940 5892 textu
1967 5837 2175 5904 Graeco,
2211 5857 2388 5912 neque
2413 5846 2701 5914 carponitur
2733 5861 2759 5902 a
2787 5843 3215 5916 Tltecpltylacto.
