  <div class='ocr_page' id='page_1' title='image "/cluster/home/n/w/nwhite01/storage/ocr_20150623/123/ien.35556001659978/350.png"; bbox 0 0 4028 6416; ppageno 0'>
   <div class='ocr_carea' id='block_1_1' title="bbox 171 426 3491 500">
    <p class='ocr_par' dir='ltr' id='par_1_1' title="bbox 171 426 3491 500">
     <span class='ocr_line' id='line_1_1' title="bbox 171 426 3491 500; baseline -0.003 0"><span class='ocrx_word' id='word_1_1' title='bbox 171 435 288 500; x_wconf 79' lang='lat'><em>689</em></span> <span class='ocrx_word' id='word_1_2' title='bbox 1115 429 1560 493; x_wconf 77' lang='lat' dir='ltr'><em>ENARRATIO</em></span> <span class='ocrx_word' id='word_1_3' title='bbox 1601 428 1681 489; x_wconf 87' lang='lat' dir='ltr'><strong>IN</strong></span> <span class='ocrx_word' id='word_1_4' title='bbox 1722 426 2230 490; x_wconf 81' lang='lat' dir='ltr'><em>EVANGELIUM</em></span> <span class='ocrx_word' id='word_1_5' title='bbox 2269 431 2507 494; x_wconf 69' lang='lat' dir='ltr'><strong><em>LUCE.</em></strong></span> <span class='ocrx_word' id='word_1_6' title='bbox 3367 429 3491 494; x_wconf 54' lang='grc' dir='ltr'><em>θρα</em></span> 
     </span>
    </p>
   </div>
   <div class='ocr_carea' id='block_1_2' title="bbox 179 537 1770 618">
    <p class='ocr_par' dir='ltr' id='par_1_2' title="bbox 179 539 1770 618">
     <span class='ocr_line' id='line_1_2' title="bbox 179 539 1770 618; baseline -0.006 -14"><span class='ocrx_word' id='word_1_7' title='bbox 179 555 282 616; x_wconf 80' lang='grc' dir='ltr'><em>ις’.</em></span> <span class='ocrx_word' id='word_1_8' title='bbox 325 549 468 618; x_wconf 78' lang='grc' dir='ltr'><em>Περὶ</em></span> <span class='ocrx_word' id='word_1_9' title='bbox 501 548 606 603; x_wconf 88' lang='grc' dir='ltr'><em>τοῦ</em></span> <span class='ocrx_word' id='word_1_10' title='bbox 653 546 978 615; x_wconf 71' lang='grc' dir='ltr'><em>οἰκονόμου</em></span> <span class='ocrx_word' id='word_1_11' title='bbox 1031 543 1140 612; x_wconf 86' lang='grc' dir='ltr'><em>τῆς</em></span> <span class='ocrx_word' id='word_1_12' title='bbox 1176 545 1433 611; x_wconf 82' lang='grc' dir='ltr'><em>ἀδικίας.</em></span> <span class='ocrx_word' id='word_1_13' title='bbox 1478 541 1616 610; x_wconf 78' lang='grc' dir='ltr'><em>Περὶ</em></span> <span class='ocrx_word' id='word_1_14' title='bbox 1663 539 1770 595; x_wconf 86' lang='grc' dir='ltr'><em>τοῦ</em></span> 
     </span>
    </p>
   </div>
   <div class='ocr_carea' id='block_1_3' title="bbox 1890 537 3481 618">
    <p class='ocr_par' dir='ltr' id='par_1_3' title="bbox 1890 538 3481 614">
     <span class='ocr_line' id='line_1_3' title="bbox 1890 538 3481 614; baseline 0.003 -20"><span class='ocrx_word' id='word_1_15' title='bbox 1890 538 1968 594; x_wconf 89' lang='lat' dir='ltr'><strong><em>l6.</em></strong></span> <span class='ocrx_word' id='word_1_16' title='bbox 2005 542 2084 598; x_wconf 83' lang='lat' dir='ltr'><strong><em>De</em></strong></span> <span class='ocrx_word' id='word_1_17' title='bbox 2119 545 2487 614; x_wconf 71' lang='lat' dir='ltr'><em>dispensatore</em></span> <span class='ocrx_word' id='word_1_18' title='bbox 2542 545 2769 614; x_wconf 87' lang='lat' dir='ltr'><strong><em>injusto.</em></strong></span> <span class='ocrx_word' id='word_1_19' title='bbox 2801 545 2953 611; x_wconf 82' lang='lat' dir='ltr'><em>Quod</em></span> <span class='ocrx_word' id='word_1_20' title='bbox 2986 562 3048 599; x_wconf 91' lang='lat' dir='ltr'><em>ne</em></span> <span class='ocrx_word' id='word_1_21' title='bbox 3096 560 3235 614; x_wconf 72' lang='lat' dir='ltr'><strong><em>apex</em></strong></span> <span class='ocrx_word' id='word_1_22' title='bbox 3267 546 3481 614; x_wconf 79' lang='lat' dir='ltr'><em>quidem</em></span> 
     </span>
    </p>
   </div>
   <div class='ocr_carea' id='block_1_4' title="bbox 245 634 1836 712">
    <p class='ocr_par' dir='ltr' id='par_1_4' title="bbox 245 634 1772 712">
     <span class='ocr_line' id='line_1_4' title="bbox 245 634 1772 712; baseline -0.005 -17"><span class='ocrx_word' id='word_1_23' title='bbox 245 641 409 712; x_wconf 82' lang='grc' dir='ltr'><em>μηδὲ</em></span> <span class='ocrx_word' id='word_1_24' title='bbox 455 641 706 708; x_wconf 76' lang='grc' dir='ltr'><em>κεραίαν</em></span> <span class='ocrx_word' id='word_1_25' title='bbox 743 639 863 694; x_wconf 87' lang='grc' dir='ltr'><em>ἀπὸ</em></span> <span class='ocrx_word' id='word_1_26' title='bbox 901 639 1009 694; x_wconf 90' lang='grc' dir='ltr'><em>τοῦ</em></span> <span class='ocrx_word' id='word_1_27' title='bbox 1057 640 1250 706; x_wconf 86' lang='grc' dir='ltr'><em>νόμου</em></span> <span class='ocrx_word' id='word_1_28' title='bbox 1311 636 1632 706; x_wconf 85' lang='grc' dir='ltr'><em>παρελθεῖν</em></span> <span class='ocrx_word' id='word_1_29' title='bbox 1675 634 1772 688; x_wconf 78' lang='grc' dir='ltr'><em>ἄν.</em></span> 
     </span>
    </p>
   </div>
   <div class='ocr_carea' id='block_1_5' title="bbox 1888 634 3479 712">
    <p class='ocr_par' dir='ltr' id='par_1_5' title="bbox 1956 637 3479 707">
     <span class='ocr_line' id='line_1_5' title="bbox 1956 637 3479 707; baseline 0.003 -19"><span class='ocrx_word' id='word_1_30' title='bbox 1956 637 2021 690; x_wconf 78' lang='lat' dir='ltr'><em>de</em></span> <span class='ocrx_word' id='word_1_31' title='bbox 2056 637 2167 707; x_wconf 85' lang='lat' dir='ltr'><strong><em>lege</em></strong></span> <span class='ocrx_word' id='word_1_32' title='bbox 2197 639 2601 707; x_wconf 68' lang='lat' dir='ltr'><strong><em>prastereundus</em></strong></span> <span class='ocrx_word' id='word_1_33' title='bbox 2619 639 2708 692; x_wconf 89' lang='lat' dir='ltr'><strong><em>sit.</em></strong></span> <span class='ocrx_word' id='word_1_34' title='bbox 2730 637 2806 693; x_wconf 85' lang='lat' dir='ltr'><strong><em>De</em></strong></span> <span class='ocrx_word' id='word_1_35' title='bbox 2826 655 2929 693; x_wconf 92' lang='lat' dir='ltr'><em>non</em></span> <span class='ocrx_word' id='word_1_36' title='bbox 2955 637 3270 693; x_wconf 74' lang='lat' dir='ltr'><em>dimittenda</em></span> <span class='ocrx_word' id='word_1_37' title='bbox 3295 654 3479 693; x_wconf 77' lang='lat' dir='ltr'><strong><em>uxore.</em></strong></span> 
     </span>
    </p>
   </div>
   <div class='ocr_carea' id='block_1_6' title="bbox 249 723 1840 801">
    <p class='ocr_par' dir='ltr' id='par_1_6' title="bbox 249 723 1778 796">
     <span class='ocr_line' id='line_1_6' title="bbox 249 723 1778 796; baseline -0.003 -14"><span class='ocrx_word' id='word_1_38' title='bbox 249 728 396 795; x_wconf 72' lang='grc' dir='ltr'><em>Περὶ</em></span> <span class='ocrx_word' id='word_1_39' title='bbox 429 727 536 780; x_wconf 89' lang='grc' dir='ltr'><em>τοῦ</em></span> <span class='ocrx_word' id='word_1_40' title='bbox 563 726 649 795; x_wconf 73' lang='grc' dir='ltr'><em>μὴ</em></span> <span class='ocrx_word' id='word_1_41' title='bbox 684 727 980 782; x_wconf 82' lang='grc' dir='ltr'><em>ἀπολύειν</em></span> <span class='ocrx_word' id='word_1_42' title='bbox 1024 726 1143 794; x_wconf 75' lang='grc' dir='ltr'><em>τὴν</em></span> <span class='ocrx_word' id='word_1_43' title='bbox 1182 726 1462 796; x_wconf 77' lang='grc' dir='ltr'><em>γυναῖκα.</em></span> <span class='ocrx_word' id='word_1_44' title='bbox 1489 725 1628 795; x_wconf 74' lang='grc' dir='ltr'><em>Περὶ</em></span> <span class='ocrx_word' id='word_1_45' title='bbox 1668 723 1778 779; x_wconf 90' lang='grc' dir='ltr'><em>τοῦ</em></span> 
     </span>
    </p>
   </div>
   <div class='ocr_carea' id='block_1_7' title="bbox 1210 723 2801 801">
    <p class='ocr_par' dir='ltr' id='par_1_7' title="bbox 1210 723 2801 801">
     <span class='ocr_line' id='line_1_7' title="bbox 1210 723 2801 801; baseline 0.003 -20"><span class='ocrx_word' id='word_1_46' title='bbox 1210 726 1462 782; x_wconf 82' lang='grc' dir='ltr'><em>ὐναῖκα.</em></span> <span class='ocrx_word' id='word_1_47' title='bbox 1489 725 1628 795; x_wconf 76' lang='grc' dir='ltr'><em>Περὶ</em></span> <span class='ocrx_word' id='word_1_48' title='bbox 1668 723 1778 779; x_wconf 88' lang='grc' dir='ltr'><em>τοῦ</em></span> <span class='ocrx_word' id='word_1_49' title='bbox 1954 728 2033 785; x_wconf 90' lang='lat' dir='ltr'><strong><em>De</em></strong></span> <span class='ocrx_word' id='word_1_50' title='bbox 2063 728 2272 784; x_wconf 75' lang='lat' dir='ltr'><strong><em>Lazaro</em></strong></span> <span class='ocrx_word' id='word_1_51' title='bbox 2295 741 2343 786; x_wconf 87' lang='lat' dir='ltr'><em>et</em></span> <span class='ocrx_word' id='word_1_52' title='bbox 2375 730 2538 786; x_wconf 82' lang='lat' dir='ltr'><strong><em>divite</em></strong></span> <span class='ocrx_word' id='word_1_53' title='bbox 2558 731 2801 801; x_wconf 82' lang='lat' dir='ltr'><strong><em>epulone.</em></strong></span> 
     </span>
    </p>
   </div>
   <div class='ocr_carea' id='block_1_8' title="bbox 252 817 1149 886">
    <p class='ocr_par' dir='ltr' id='par_1_8' title="bbox 252 817 1149 886">
     <span class='ocr_line' id='line_1_8' title="bbox 252 817 1149 886; baseline -0.001 -12"><span class='ocrx_word' id='word_1_54' title='bbox 252 821 564 874; x_wconf 89' lang='grc' dir='ltr'><em>πλουσίου</em></span> <span class='ocrx_word' id='word_1_55' title='bbox 594 820 693 876; x_wconf 72' lang='grc' dir='ltr'><em>καὶ</em></span> <span class='ocrx_word' id='word_1_56' title='bbox 726 820 832 873; x_wconf 84' lang='grc' dir='ltr'><em>τοῦ</em></span> <span class='ocrx_word' id='word_1_57' title='bbox 853 817 1149 886; x_wconf 80' lang='grc' dir='ltr'><em>Λαζάρου.</em></span> 
     </span>
    </p>
   </div>
   <div class='ocr_carea' id='block_1_9' title="bbox 184 907 1775 981">
    <p class='ocr_par' dir='ltr' id='par_1_9' title="bbox 184 907 1775 981">
     <span class='ocr_line' id='line_1_9' title="bbox 184 907 1775 981; baseline 0.001 -18"><span class='ocrx_word' id='word_1_58' title='bbox 184 907 272 974; x_wconf 77' lang='grc' dir='ltr'><em>ιζ’.</em></span> <span class='ocrx_word' id='word_1_59' title='bbox 318 911 458 978; x_wconf 75' lang='grc' dir='ltr'><em>Περὶ</em></span> <span class='ocrx_word' id='word_1_60' title='bbox 489 911 866 967; x_wconf 72' lang='grc' dir='ltr'><em>σκανδάλου.</em></span> <span class='ocrx_word' id='word_1_61' title='bbox 897 913 1038 980; x_wconf 79' lang='grc' dir='ltr'><em>Περὶ</em></span> <span class='ocrx_word' id='word_1_62' title='bbox 1065 912 1168 967; x_wconf 84' lang='grc' dir='ltr'><em>τοῦ</em></span> <span class='ocrx_word' id='word_1_63' title='bbox 1195 911 1434 980; x_wconf 63' lang='grc' dir='ltr'><em>ἀφεῖναι</em></span> <span class='ocrx_word' id='word_1_64' title='bbox 1463 910 1569 978; x_wconf 86' lang='grc' dir='ltr'><em>τὰς</em></span> <span class='ocrx_word' id='word_1_65' title='bbox 1590 913 1775 981; x_wconf 84' lang='grc' dir='ltr'><em>ἀμαρ-</em></span> 
     </span>
    </p>
   </div>
   <div class='ocr_carea' id='block_1_10' title="bbox 1887 907 3478 981">
    <p class='ocr_par' dir='ltr' id='par_1_10' title="bbox 1887 910 3478 981">
     <span class='ocr_line' id='line_1_10' title="bbox 1887 910 3478 981; baseline 0 -15"><span class='ocrx_word' id='word_1_66' title='bbox 1887 910 1970 966; x_wconf 81' lang='grc' dir='ltr'><em>Π.</em></span> <span class='ocrx_word' id='word_1_67' title='bbox 2015 910 2090 966; x_wconf 90' lang='lat' dir='ltr'><strong><em>De</em></strong></span> <span class='ocrx_word' id='word_1_68' title='bbox 2107 911 2386 966; x_wconf 83' lang='lat' dir='ltr'><strong><em>seandalo.</em></strong></span> <span class='ocrx_word' id='word_1_69' title='bbox 2420 911 2578 978; x_wconf 85' lang='lat' dir='ltr'><strong><em>Quod</em></strong></span> <span class='ocrx_word' id='word_1_70' title='bbox 2599 913 2916 966; x_wconf 81' lang='lat' dir='ltr'><strong><em>remittenda</em></strong></span> <span class='ocrx_word' id='word_1_71' title='bbox 2948 913 3054 966; x_wconf 90' lang='lat' dir='ltr'><strong><em>sint</em></strong></span> <span class='ocrx_word' id='word_1_72' title='bbox 3079 911 3336 981; x_wconf 73' lang='lat' dir='ltr'><strong><em>proximis</em></strong></span> <span class='ocrx_word' id='word_1_73' title='bbox 3362 928 3478 979; x_wconf 88' lang='lat' dir='ltr'><strong><em>pec-</em></strong></span> 
     </span>
    </p>
   </div>
   <div class='ocr_carea' id='block_1_11' title="bbox 254 1000 1845 1073">
    <p class='ocr_par' dir='ltr' id='par_1_11' title="bbox 254 1001 1774 1073">
     <span class='ocr_line' id='line_1_11' title="bbox 254 1001 1774 1073; baseline 0.003 -20"><span class='ocrx_word' id='word_1_74' title='bbox 254 1001 390 1066; x_wconf 90' lang='grc' dir='ltr'><em>τίας</em></span> <span class='ocrx_word' id='word_1_75' title='bbox 418 1001 543 1067; x_wconf 84' lang='grc' dir='ltr'><em>τοῖς</em></span> <span class='ocrx_word' id='word_1_76' title='bbox 569 1003 859 1070; x_wconf 88' lang='grc' dir='ltr'><em>πλησίον.</em></span> <span class='ocrx_word' id='word_1_77' title='bbox 894 1005 1035 1073; x_wconf 74' lang='grc' dir='ltr'><em>Περὶ</em></span> <span class='ocrx_word' id='word_1_78' title='bbox 1063 1003 1174 1071; x_wconf 87' lang='grc' dir='ltr'><em>τῆς</em></span> <span class='ocrx_word' id='word_1_79' title='bbox 1207 1007 1293 1069; x_wconf 74' lang='grc' dir='ltr'><em>εἰς</em></span> <span class='ocrx_word' id='word_1_80' title='bbox 1319 1003 1469 1057; x_wconf 83' lang='grc' dir='ltr'><em>Θεὸν</em></span> <span class='ocrx_word' id='word_1_81' title='bbox 1491 1005 1774 1070; x_wconf 81' lang='grc' dir='ltr'><em>πίστεως.</em></span> 
     </span>
    </p>
   </div>
   <div class='ocr_carea' id='block_1_12' title="bbox 1888 1000 3479 1073">
    <p class='ocr_par' dir='ltr' id='par_1_12' title="bbox 1953 1000 3479 1070">
     <span class='ocr_line' id='line_1_12' title="bbox 1953 1000 3479 1070; baseline -0.002 -15"><span class='ocrx_word' id='word_1_82' title='bbox 1953 1013 2094 1055; x_wconf 86' lang='lat' dir='ltr'><strong><em>cata.</em></strong></span> <span class='ocrx_word' id='word_1_83' title='bbox 2126 1000 2202 1054; x_wconf 90' lang='lat' dir='ltr'><strong><em>De</em></strong></span> <span class='ocrx_word' id='word_1_84' title='bbox 2233 1002 2338 1070; x_wconf 78' lang='lat' dir='ltr'><strong><em>ﬁde</em></strong></span> <span class='ocrx_word' id='word_1_85' title='bbox 2361 1005 2414 1056; x_wconf 81' lang='lat' dir='ltr'><em>in</em></span> <span class='ocrx_word' id='word_1_86' title='bbox 2438 1001 2630 1054; x_wconf 85' lang='lat' dir='ltr'><strong><em>Deum.</em></strong></span> <span class='ocrx_word' id='word_1_87' title='bbox 2665 1002 2739 1056; x_wconf 71' lang='grc' dir='ltr'><em>ιιι</em></span> <span class='ocrx_word' id='word_1_88' title='bbox 2767 1004 2943 1055; x_wconf 86' lang='lat' dir='ltr'><strong><em>decem</em></strong></span> <span class='ocrx_word' id='word_1_89' title='bbox 2972 1001 3213 1070; x_wconf 85' lang='lat' dir='ltr'><strong><em>leprosis.</em></strong></span> <span class='ocrx_word' id='word_1_90' title='bbox 3248 1000 3322 1054; x_wconf 90' lang='lat' dir='ltr'><strong><em>De</em></strong></span> <span class='ocrx_word' id='word_1_91' title='bbox 3350 1001 3479 1055; x_wconf 72' lang='lat' dir='ltr'><strong><em>Iesu</em></strong></span> 
     </span>
    </p>
   </div>
   <div class='ocr_carea' id='block_1_13' title="bbox 252 1076 1843 1164">
    <p class='ocr_par' dir='ltr' id='par_1_13' title="bbox 252 1076 1778 1164">
     <span class='ocr_line' id='line_1_13' title="bbox 252 1076 1778 1164; baseline 0.002 -19"><span class='ocrx_word' id='word_1_92' title='bbox 252 1094 396 1159; x_wconf 75' lang='grc' dir='ltr'><em>Περὶ</em></span> <span class='ocrx_word' id='word_1_93' title='bbox 417 1093 535 1145; x_wconf 86' lang='grc' dir='ltr'><em>τῶν</em></span> <span class='ocrx_word' id='word_1_94' title='bbox 554 1093 702 1147; x_wconf 84' lang='grc' dir='ltr'><em>δέκα</em></span> <span class='ocrx_word' id='word_1_95' title='bbox 724 1095 985 1164; x_wconf 81' lang='grc' dir='ltr'><em>λεπρῶν.</em></span> <span class='ocrx_word' id='word_1_96' title='bbox 1013 1096 1150 1162; x_wconf 82' lang='grc' dir='ltr'><em>Περὶ</em></span> <span class='ocrx_word' id='word_1_97' title='bbox 1182 1096 1286 1150; x_wconf 82' lang='grc' dir='ltr'><em>τοῦ</em></span> <span class='ocrx_word' id='word_1_98' title='bbox 1331 1076 1537 1161; x_wconf 83' lang='grc' dir='ltr'><em>Ἰησοῦ</em></span> <span class='ocrx_word' id='word_1_99' title='bbox 1564 1097 1778 1163; x_wconf 81' lang='grc' dir='ltr'><em>ἐπερω-</em></span> 
     </span>
    </p>
   </div>
   <div class='ocr_carea' id='block_1_14' title="bbox 1887 1076 3478 1164">
    <p class='ocr_par' dir='ltr' id='par_1_14' title="bbox 1956 1095 3478 1164">
     <span class='ocr_line' id='line_1_14' title="bbox 1956 1095 3478 1164; baseline 0.001 -19"><span class='ocrx_word' id='word_1_100' title='bbox 1956 1095 2303 1164; x_wconf 81' lang='lat' dir='ltr'><strong><em>interrogato,</em></strong></span> <span class='ocrx_word' id='word_1_101' title='bbox 2364 1096 2706 1164; x_wconf 83' lang='lat' dir='ltr'><strong><em>quandonam</em></strong></span> <span class='ocrx_word' id='word_1_102' title='bbox 2785 1104 3061 1150; x_wconf 84' lang='lat' dir='ltr'><strong><em>venturum</em></strong></span> <span class='ocrx_word' id='word_1_103' title='bbox 3127 1096 3196 1148; x_wconf 91' lang='lat' dir='ltr'><em>sit</em></span> <span class='ocrx_word' id='word_1_104' title='bbox 3261 1110 3478 1164; x_wconf 79' lang='lat' dir='ltr'><em>regnum</em></span> 
     </span>
    </p>
   </div>
   <div class='ocr_carea' id='block_1_15' title="bbox 252 1185 2073 1256">
    <p class='ocr_par' dir='ltr' id='par_1_15' title="bbox 252 1185 2073 1256">
     <span class='ocr_line' id='line_1_15' title="bbox 252 1185 2073 1256; baseline 0.003 -20"><span class='ocrx_word' id='word_1_105' title='bbox 252 1185 546 1251; x_wconf 85' lang='grc' dir='ltr'><em>τηθέντος</em></span> <span class='ocrx_word' id='word_1_106' title='bbox 569 1189 714 1240; x_wconf 85' lang='grc' dir='ltr'><em>πότε</em></span> <span class='ocrx_word' id='word_1_107' title='bbox 738 1188 977 1256; x_wconf 75' lang='grc' dir='ltr'><em>ἔρχεται</em></span> <span class='ocrx_word' id='word_1_108' title='bbox 1009 1190 1046 1255; x_wconf 75' lang='grc' dir='ltr'>ἡ</span> <span class='ocrx_word' id='word_1_109' title='bbox 1073 1189 1365 1251; x_wconf 78' lang='grc' dir='ltr'><em>,βασιλειά</em></span> <span class='ocrx_word' id='word_1_110' title='bbox 1393 1188 1500 1242; x_wconf 89' lang='grc' dir='ltr'><em>τοῦ</em></span> <span class='ocrx_word' id='word_1_111' title='bbox 1532 1187 1704 1243; x_wconf 82' lang='grc' dir='ltr'><em>Θεοῦ.</em></span> <span class='ocrx_word' id='word_1_112' title='bbox 1956 1187 2073 1242; x_wconf 86' lang='lat' dir='ltr'><strong><em>Dei.</em></strong></span> 
     </span>
    </p>
   </div>
   <div class='ocr_carea' id='block_1_16' title="bbox 182 1277 1773 1350">
    <p class='ocr_par' dir='ltr' id='par_1_16' title="bbox 182 1277 1773 1350">
     <span class='ocr_line' id='line_1_16' title="bbox 182 1277 1773 1350; baseline 0.004 -22"><span class='ocrx_word' id='word_1_113' title='bbox 182 1282 277 1346; x_wconf 77' lang='grc' dir='ltr'><em>ιη’.</em></span> <span class='ocrx_word' id='word_1_114' title='bbox 326 1277 468 1344; x_wconf 58' lang='grc' dir='ltr'><em>Περὶ</em></span> <span class='ocrx_word' id='word_1_115' title='bbox 503 1279 608 1332; x_wconf 89' lang='grc' dir='ltr'><em>τοῦ</em></span> <span class='ocrx_word' id='word_1_116' title='bbox 635 1279 728 1334; x_wconf 80' lang='grc' dir='ltr'><em>ἀεὶ</em></span> <span class='ocrx_word' id='word_1_117' title='bbox 767 1281 1238 1348; x_wconf 81' lang='grc' dir='ltr'><em>προσεύχεσθαι.</em></span> <span class='ocrx_word' id='word_1_118' title='bbox 1268 1282 1404 1350; x_wconf 81' lang='grc' dir='ltr'><em>Περὶ</em></span> <span class='ocrx_word' id='word_1_119' title='bbox 1438 1281 1544 1335; x_wconf 91' lang='grc' dir='ltr'><em>τοῦ</em></span> <span class='ocrx_word' id='word_1_120' title='bbox 1576 1280 1773 1349; x_wconf 82' lang='grc' dir='ltr'><em>κριτοῦ</em></span> 
     </span>
    </p>
   </div>
   <div class='ocr_carea' id='block_1_17' title="bbox 1888 1277 3479 1350">
    <p class='ocr_par' dir='ltr' id='par_1_17' title="bbox 1888 1278 3479 1350">
     <span class='ocr_line' id='line_1_17' title="bbox 1888 1278 3479 1350; baseline -0.003 -16"><span class='ocrx_word' id='word_1_121' title='bbox 1888 1279 1974 1334; x_wconf 80' lang='grc'><em>18.</em></span> <span class='ocrx_word' id='word_1_122' title='bbox 2018 1280 2171 1346; x_wconf 79' lang='lat' dir='ltr'><strong><em>Quod</em></strong></span> <span class='ocrx_word' id='word_1_123' title='bbox 2207 1281 2422 1335; x_wconf 92' lang='lat' dir='ltr'><strong><em>assidue</em></strong></span> <span class='ocrx_word' id='word_1_124' title='bbox 2464 1281 2748 1336; x_wconf 87' lang='lat' dir='ltr'><strong><em>orandum.</em></strong></span> <span class='ocrx_word' id='word_1_125' title='bbox 2804 1278 2882 1334; x_wconf 87' lang='lat' dir='ltr'><strong><em>De</em></strong></span> <span class='ocrx_word' id='word_1_126' title='bbox 2923 1279 3120 1350; x_wconf 86' lang='lat' dir='ltr'><strong><em>injusto</em></strong></span> <span class='ocrx_word' id='word_1_127' title='bbox 3163 1279 3367 1349; x_wconf 84' lang='lat' dir='ltr'><strong><em>judice.</em></strong></span> <span class='ocrx_word' id='word_1_128' title='bbox 3407 1280 3479 1331; x_wconf 73' lang='lat' dir='ltr'><em>ﬂe</em></span> 
     </span>
    </p>
   </div>
   <div class='ocr_carea' id='block_1_18' title="bbox 253 1369 1844 1443">
    <p class='ocr_par' dir='ltr' id='par_1_18' title="bbox 253 1369 1782 1441">
     <span class='ocr_line' id='line_1_18' title="bbox 253 1369 1782 1441; baseline 0.004 -19"><span class='ocrx_word' id='word_1_129' title='bbox 253 1369 368 1436; x_wconf 82' lang='grc' dir='ltr'><em>τῆς</em></span> <span class='ocrx_word' id='word_1_130' title='bbox 398 1369 652 1436; x_wconf 86' lang='grc' dir='ltr'><em>ἀδικίας.</em></span> <span class='ocrx_word' id='word_1_131' title='bbox 687 1372 828 1439; x_wconf 80' lang='grc' dir='ltr'><em>Περὶ</em></span> <span class='ocrx_word' id='word_1_132' title='bbox 875 1373 981 1427; x_wconf 89' lang='grc' dir='ltr'><em>τοῦ</em></span> <span class='ocrx_word' id='word_1_133' title='bbox 1031 1375 1364 1441; x_wconf 83' lang='grc' dir='ltr'><em>Φαρισαίου</em></span> <span class='ocrx_word' id='word_1_134' title='bbox 1403 1375 1501 1427; x_wconf 80' lang='grc' dir='ltr'><em>καὶ</em></span> <span class='ocrx_word' id='word_1_135' title='bbox 1540 1374 1649 1427; x_wconf 89' lang='grc' dir='ltr'><em>τοῦ</em></span> <span class='ocrx_word' id='word_1_136' title='bbox 1691 1391 1782 1428; x_wconf 84' lang='grc' dir='ltr'><em>τε·</em></span> 
     </span>
    </p>
   </div>
   <div class='ocr_carea' id='block_1_19' title="bbox 1888 1369 3479 1443">
    <p class='ocr_par' dir='ltr' id='par_1_19' title="bbox 1955 1371 3479 1443">
     <span class='ocr_line' id='line_1_19' title="bbox 1955 1371 3479 1443; baseline -0.002 -16"><span class='ocrx_word' id='word_1_137' title='bbox 1955 1372 2234 1427; x_wconf 71' lang='grc' dir='ltr'><em>1⁸1ιανὶεα³ο</em></span> <span class='ocrx_word' id='word_1_138' title='bbox 2287 1384 2333 1428; x_wconf 91' lang='lat' dir='ltr'><em>et</em></span> <span class='ocrx_word' id='word_1_139' title='bbox 2383 1373 2686 1440; x_wconf 85' lang='lat' dir='ltr'><strong><em>publicano.</em></strong></span> <span class='ocrx_word' id='word_1_140' title='bbox 2733 1371 2813 1426; x_wconf 84' lang='lat' dir='ltr'><strong><em>De</em></strong></span> <span class='ocrx_word' id='word_1_141' title='bbox 2845 1372 3082 1443; x_wconf 69' lang='lat' dir='ltr'><strong><em>puerulis</em></strong></span> <span class='ocrx_word' id='word_1_142' title='bbox 3131 1387 3357 1441; x_wconf 88' lang='lat' dir='ltr'><strong><em>quorum</em></strong></span> <span class='ocrx_word' id='word_1_143' title='bbox 3400 1379 3479 1424; x_wconf 87' lang='lat' dir='ltr'><em>est</em></span> 
     </span>
    </p>
   </div>
   <div class='ocr_carea' id='block_1_20' title="bbox 247 1461 1838 1534">
    <p class='ocr_par' dir='ltr' id='par_1_20' title="bbox 247 1461 1779 1532">
     <span class='ocr_line' id='line_1_20' title="bbox 247 1461 1779 1532; baseline 0.003 -18"><span class='ocrx_word' id='word_1_144' title='bbox 247 1461 474 1521; x_wconf 85' lang='grc' dir='ltr'><em>λῴνου.</em></span> <span class='ocrx_word' id='word_1_145' title='bbox 513 1462 651 1528; x_wconf 75' lang='grc' dir='ltr'><em>Περὶ</em></span> <span class='ocrx_word' id='word_1_146' title='bbox 703 1464 822 1516; x_wconf 85' lang='grc' dir='ltr'><em>τῶν</em></span> <span class='ocrx_word' id='word_1_147' title='bbox 857 1464 1134 1528; x_wconf 81' lang='grc' dir='ltr'><em>παιδίων,</em></span> <span class='ocrx_word' id='word_1_148' title='bbox 1166 1465 1253 1518; x_wconf 84' lang='grc' dir='ltr'><em>ὅτι</em></span> <span class='ocrx_word' id='word_1_149' title='bbox 1286 1465 1487 1518; x_wconf 79' lang='grc' dir='ltr'><em>αὐτῶν</em></span> <span class='ocrx_word' id='word_1_150' title='bbox 1527 1467 1702 1518; x_wconf 84' lang='grc' dir='ltr'><em>ἐστιν</em></span> <span class='ocrx_word' id='word_1_151' title='bbox 1739 1465 1779 1532; x_wconf 76' lang='grc' dir='ltr'><strong><em>ἠ</em></strong></span> 
     </span>
    </p>
   </div>
   <div class='ocr_carea' id='block_1_21' title="bbox 1886 1461 3477 1534">
    <p class='ocr_par' dir='ltr' id='par_1_21' title="bbox 1958 1461 3477 1534">
     <span class='ocr_line' id='line_1_21' title="bbox 1958 1461 3477 1534; baseline 0.001 -18"><span class='ocrx_word' id='word_1_152' title='bbox 1958 1481 2174 1534; x_wconf 80' lang='lat' dir='ltr'><strong><em>regnum</em></strong></span> <span class='ocrx_word' id='word_1_153' title='bbox 2225 1464 2342 1520; x_wconf 88' lang='lat' dir='ltr'><strong><em>Dei.</em></strong></span> <span class='ocrx_word' id='word_1_154' title='bbox 2381 1465 2460 1519; x_wconf 90' lang='lat' dir='ltr'><em>De</em></span> <span class='ocrx_word' id='word_1_155' title='bbox 2512 1465 2879 1534; x_wconf 87' lang='lat' dir='ltr'><strong><em>interpellante</em></strong></span> <span class='ocrx_word' id='word_1_156' title='bbox 2937 1464 3230 1519; x_wconf 73' lang='lat' dir='ltr'><em>Christum.</em></span> <span class='ocrx_word' id='word_1_157' title='bbox 3274 1461 3347 1517; x_wconf 86' lang='lat' dir='ltr'><strong><em>De</em></strong></span> <span class='ocrx_word' id='word_1_158' title='bbox 3403 1463 3477 1517; x_wconf 84' lang='lat' dir='ltr'><strong><em>le-</em></strong></span> 
     </span>
    </p>
   </div>
   <div class='ocr_carea' id='block_1_22' title="bbox 248 1554 2131 1625">
    <p class='ocr_par' dir='ltr' id='par_1_22' title="bbox 248 1554 2131 1625">
     <span class='ocr_line' id='line_1_22' title="bbox 248 1554 2131 1625; baseline 0.003 -19"><span class='ocrx_word' id='word_1_159' title='bbox 248 1554 549 1617; x_wconf 78' lang='grc' dir='ltr'><em>,βασιλειά</em></span> <span class='ocrx_word' id='word_1_160' title='bbox 587 1554 692 1608; x_wconf 88' lang='grc' dir='ltr'><em>τοῦ</em></span> <span class='ocrx_word' id='word_1_161' title='bbox 740 1555 907 1610; x_wconf 85' lang='grc' dir='ltr'><em>Θεοῦ.</em></span> <span class='ocrx_word' id='word_1_162' title='bbox 943 1557 1086 1623; x_wconf 73' lang='grc' dir='ltr'><em>Περὶ</em></span> <span class='ocrx_word' id='word_1_163' title='bbox 1121 1556 1228 1610; x_wconf 92' lang='grc' dir='ltr'><em>τοῦ</em></span> <span class='ocrx_word' id='word_1_164' title='bbox 1281 1555 1783 1625; x_wconf 72' lang='grc' dir='ltr'><em>ἐπερωτήσαντος</em></span> <span class='ocrx_word' id='word_1_165' title='bbox 1955 1573 2131 1625; x_wconf 85' lang='lat' dir='ltr'><strong><em>prosa.</em></strong></span> 
     </span>
    </p>
   </div>
   <div class='ocr_carea' id='block_1_23' title="bbox 251 1644 1243 1713">
    <p class='ocr_par' dir='ltr' id='par_1_23' title="bbox 251 1644 1243 1713">
     <span class='ocr_line' id='line_1_23' title="bbox 251 1644 1243 1713; baseline 0.005 -18"><span class='ocrx_word' id='word_1_166' title='bbox 251 1645 364 1696; x_wconf 86' lang='grc' dir='ltr'><em>τὸν</em></span> <span class='ocrx_word' id='word_1_167' title='bbox 396 1644 664 1710; x_wconf 84' lang='grc' dir='ltr'><em>Ἰησοῦν.</em></span> <span class='ocrx_word' id='word_1_168' title='bbox 690 1644 826 1712; x_wconf 73' lang='grc' dir='ltr'><em>Περὶ</em></span> <span class='ocrx_word' id='word_1_169' title='bbox 857 1645 963 1698; x_wconf 86' lang='grc' dir='ltr'><em>τοῦ</em></span> <span class='ocrx_word' id='word_1_170' title='bbox 989 1645 1243 1713; x_wconf 79' lang='grc' dir='ltr'><em>λεπροῦ.</em></span> 
     </span>
    </p>
   </div>
   <div class='ocr_carea' id='block_1_24' title="bbox 183 1732 1774 1816">
    <p class='ocr_par' dir='ltr' id='par_1_24' title="bbox 183 1732 1774 1805">
     <span class='ocr_line' id='line_1_24' title="bbox 183 1732 1774 1805; baseline 0.005 -21"><span class='ocrx_word' id='word_1_171' title='bbox 183 1734 270 1786; x_wconf 81' lang='grc' dir='ltr'><em>ιϐ’.</em></span> <span class='ocrx_word' id='word_1_172' title='bbox 317 1734 456 1800; x_wconf 80' lang='grc' dir='ltr'><em>Περὶ</em></span> <span class='ocrx_word' id='word_1_173' title='bbox 505 1732 611 1786; x_wconf 86' lang='grc' dir='ltr'><em>τοῦ</em></span> <span class='ocrx_word' id='word_1_174' title='bbox 662 1735 990 1802; x_wconf 77' lang='grc' dir='ltr'><em>Ζακχαίου.</em></span> <span class='ocrx_word' id='word_1_175' title='bbox 1035 1737 1176 1804; x_wconf 74' lang='grc' dir='ltr'><em>Περὶ</em></span> <span class='ocrx_word' id='word_1_176' title='bbox 1229 1736 1334 1791; x_wconf 84' lang='grc' dir='ltr'><em>τοῦ</em></span> <span class='ocrx_word' id='word_1_177' title='bbox 1382 1736 1774 1805; x_wconf 78' lang='grc' dir='ltr'><em>πορευθέντος</em></span> 
     </span>
    </p>
   </div>
   <div class='ocr_carea' id='block_1_25' title="bbox 1889 1732 3480 1816">
    <p class='ocr_par' dir='ltr' id='par_1_25' title="bbox 1889 1747 3480 1816">
     <span class='ocr_line' id='line_1_25' title="bbox 1889 1747 3480 1816; baseline -0.008 -8"><span class='ocrx_word' id='word_1_178' title='bbox 1889 1753 1977 1808; x_wconf 77' lang='grc'><em>19.</em></span> <span class='ocrx_word' id='word_1_179' title='bbox 2008 1751 2088 1807; x_wconf 90' lang='lat' dir='ltr'><strong><em>De</em></strong></span> <span class='ocrx_word' id='word_1_180' title='bbox 2110 1749 2390 1805; x_wconf 64' lang='lat' dir='ltr'><strong><em>Zaccha&#39;o.</em></strong></span> <span class='ocrx_word' id='word_1_181' title='bbox 2429 1748 2501 1803; x_wconf 90' lang='lat' dir='ltr'><strong><em>De</em></strong></span> <span class='ocrx_word' id='word_1_182' title='bbox 2527 1748 2620 1802; x_wconf 88' lang='lat' dir='ltr'><strong><em>illo</em></strong></span> <span class='ocrx_word' id='word_1_183' title='bbox 2648 1750 2740 1816; x_wconf 83' lang='lat' dir='ltr'><strong><em>qui</em></strong></span> <span class='ocrx_word' id='word_1_184' title='bbox 2765 1747 3036 1816; x_wconf 76' lang='lat' dir='ltr'><strong><em>profectus</em></strong></span> <span class='ocrx_word' id='word_1_185' title='bbox 3066 1754 3149 1798; x_wconf 89' lang='lat' dir='ltr'><em>est</em></span> <span class='ocrx_word' id='word_1_186' title='bbox 3171 1753 3480 1812; x_wconf 82' lang='lat' dir='ltr'><strong><em>accepturus</em></strong></span> 
     </span>
    </p>
   </div>
   <div class='ocr_carea' id='block_1_26' title="bbox 251 1823 1842 1914">
    <p class='ocr_par' dir='ltr' id='par_1_26' title="bbox 251 1823 1842 1914">
     <span class='ocr_line' id='line_1_26' title="bbox 251 1823 1842 1914; baseline 0.005 -38"><span class='ocrx_word' id='word_1_187' title='bbox 251 1823 450 1888; x_wconf 78' lang='grc' dir='ltr'><em>ἑαυτῷ</em></span> <span class='ocrx_word' id='word_1_188' title='bbox 481 1825 693 1879; x_wconf 84' lang='grc' dir='ltr'><em>λαϐεῖν</em></span> <span class='ocrx_word' id='word_1_189' title='bbox 735 1827 1088 1890; x_wconf 80' lang='grc' dir='ltr'><em>βασιλείαν.</em></span> <span class='ocrx_word' id='word_1_190' title='bbox 1117 1829 1254 1897; x_wconf 76' lang='grc' dir='ltr'><em>Περὶ</em></span> <span class='ocrx_word' id='word_1_191' title='bbox 1303 1829 1422 1882; x_wconf 85' lang='grc' dir='ltr'><em>τῶν</em></span> <span class='ocrx_word' id='word_1_192' title='bbox 1459 1829 1607 1884; x_wconf 84' lang='grc' dir='ltr'><em>δέκα</em></span> <span class='ocrx_word' id='word_1_193' title='bbox 1642 1829 1781 1884; x_wconf 86' lang='grc' dir='ltr'><em>δού-</em></span> <span class='ocrx_word' id='word_1_194' title='bbox 1812 1888 1842 1914; x_wconf 55' lang='grc' dir='ltr'>ῐ</span> 
     </span>
    </p>
   </div>
   <div class='ocr_carea' id='block_1_27' title="bbox 1892 1823 3483 1914">
    <p class='ocr_par' dir='ltr' id='par_1_27' title="bbox 1962 1837 3483 1914">
     <span class='ocr_line' id='line_1_27' title="bbox 1962 1837 3483 1914; baseline -0.007 -15"><span class='ocrx_word' id='word_1_195' title='bbox 1962 1861 2201 1914; x_wconf 85' lang='lat' dir='ltr'><strong><em>regnum.</em></strong></span> <span class='ocrx_word' id='word_1_196' title='bbox 2237 1842 2309 1895; x_wconf 92' lang='lat' dir='ltr'><strong><em>De</em></strong></span> <span class='ocrx_word' id='word_1_197' title='bbox 2342 1843 2518 1896; x_wconf 86' lang='lat' dir='ltr'><strong><em>decem</em></strong></span> <span class='ocrx_word' id='word_1_198' title='bbox 2549 1843 2714 1896; x_wconf 87' lang='lat' dir='ltr'><strong><em>servis</em></strong></span> <span class='ocrx_word' id='word_1_199' title='bbox 2745 1842 2917 1894; x_wconf 87' lang='lat' dir='ltr'><strong><em>minas</em></strong></span> <span class='ocrx_word' id='word_1_200' title='bbox 2965 1837 3371 1907; x_wconf 73' lang='lat' dir='ltr'><em>accipientibus.</em></span> <span class='ocrx_word' id='word_1_201' title='bbox 3407 1837 3483 1890; x_wconf 81' lang='lat' dir='ltr'><strong><em>De</em></strong></span> 
     </span>
    </p>
   </div>
   <div class='ocr_carea' id='block_1_28' title="bbox 252 1888 1843 2004">
    <p class='ocr_par' dir='ltr' id='par_1_28' title="bbox 252 1888 1843 1988">
     <span class='ocr_line' id='line_1_28' title="bbox 252 1888 1843 1988; baseline 0.007 -21"><span class='ocrx_word' id='word_1_202' title='bbox 252 1919 383 1968; x_wconf 83' lang='grc' dir='ltr'><em>λων</em></span> <span class='ocrx_word' id='word_1_203' title='bbox 418 1917 539 1969; x_wconf 85' lang='grc' dir='ltr'><em>τῶν</em></span> <span class='ocrx_word' id='word_1_204' title='bbox 568 1888 1084 1986; x_wconf 16' lang='grc' dir='ltr'><em>μνᾱςῗλαϐόντων.</em></span> <span class='ocrx_word' id='word_1_205' title='bbox 1131 1888 1269 1988; x_wconf 76' lang='grc' dir='ltr'><em>Περὶ</em></span> <span class='ocrx_word' id='word_1_206' title='bbox 1296 1923 1403 1976; x_wconf 88' lang='grc' dir='ltr'><em>τοῦ</em></span> <span class='ocrx_word' id='word_1_207' title='bbox 1445 1923 1654 1978; x_wconf 83' lang='grc' dir='ltr'><em>πώλου</em></span> <span class='ocrx_word' id='word_1_208' title='bbox 1684 1925 1782 1978; x_wconf 74' lang='grc' dir='ltr'><em>καὶ</em></span> <span class='ocrx_word' id='word_1_209' title='bbox 1812 1888 1843 1947; x_wconf 57' lang='grc' dir='ltr'>Ε</span> 
     </span>
    </p>
   </div>
   <div class='ocr_carea' id='block_1_29' title="bbox 1890 1888 3481 2004">
    <p class='ocr_par' dir='ltr' id='par_1_29' title="bbox 1959 1888 3481 2004">
     <span class='ocr_line' id='line_1_29' title="bbox 1964 1888 3474 1914; baseline -0.006 -16"><span class='ocrx_word' id='word_1_210' title='bbox 1964 1888 2201 1914; x_wconf 61' lang='grc' dir='ltr'><em>.-τη-η-.</em></span> <span class='ocrx_word' id='word_1_211' title='bbox 2237 1888 2304 1895; x_wconf 65' lang='grc' dir='ltr'><em>ν-</em></span> <span class='ocrx_word' id='word_1_212' title='bbox 2343 1888 2517 1896; x_wconf 63' lang='grc' dir='ltr'><em>ηπ..-</em></span> <span class='ocrx_word' id='word_1_213' title='bbox 2549 1888 2712 1896; x_wconf 80' lang='grc'><em>----,-</em></span> <span class='ocrx_word' id='word_1_214' title='bbox 2747 1888 2915 1894; x_wconf 42' lang='grc' dir='ltr'><em>---ψη</em></span> <span class='ocrx_word' id='word_1_215' title='bbox 3407 1888 3474 1890; x_wconf 60' lang='lat'><em>_,</em></span> 
     </span>
     <span class='ocr_line' id='line_1_30' title="bbox 1959 1928 3481 2004; baseline -0.006 -14"><span class='ocrx_word' id='word_1_216' title='bbox 1959 1938 2104 2004; x_wconf 88' lang='lat' dir='ltr'><strong><em>pullo</em></strong></span> <span class='ocrx_word' id='word_1_217' title='bbox 2147 1948 2192 1990; x_wconf 93' lang='lat' dir='ltr'><em>et</em></span> <span class='ocrx_word' id='word_1_218' title='bbox 2226 1937 2404 1989; x_wconf 88' lang='lat' dir='ltr'><strong><em>asina.</em></strong></span> <span class='ocrx_word' id='word_1_219' title='bbox 2447 1933 2519 1988; x_wconf 91' lang='lat' dir='ltr'><strong><em>De</em></strong></span> <span class='ocrx_word' id='word_1_220' title='bbox 2554 1934 2934 1987; x_wconf 73' lang='lat' dir='ltr'><strong><em>lamentatione</em></strong></span> <span class='ocrx_word' id='word_1_221' title='bbox 2973 1932 3102 1986; x_wconf 83' lang='lat' dir='ltr'><strong><em>Jesu</em></strong></span> <span class='ocrx_word' id='word_1_222' title='bbox 3135 1947 3290 2000; x_wconf 89' lang='lat' dir='ltr'><strong><em>super</em></strong></span> <span class='ocrx_word' id='word_1_223' title='bbox 3323 1928 3481 1983; x_wconf 86' lang='lat' dir='ltr'><strong><em>Jeru-</em></strong></span> 
     </span>
    </p>
   </div>
   <div class='ocr_carea' id='block_1_30' title="bbox 252 2008 1843 2101">
    <p class='ocr_par' dir='ltr' id='par_1_30' title="bbox 252 2008 1786 2084">
     <span class='ocr_line' id='line_1_31' title="bbox 252 2008 1786 2084; baseline 0.007 -23"><span class='ocrx_word' id='word_1_224' title='bbox 252 2008 364 2075; x_wconf 73' lang='grc' dir='ltr'><em>τῆς</em></span> <span class='ocrx_word' id='word_1_225' title='bbox 395 2011 558 2064; x_wconf 83' lang='grc' dir='ltr'><em>ὄνου.</em></span> <span class='ocrx_word' id='word_1_226' title='bbox 583 2012 722 2078; x_wconf 69' lang='grc' dir='ltr'><em>Περὶ</em></span> <span class='ocrx_word' id='word_1_227' title='bbox 751 2014 854 2067; x_wconf 88' lang='grc' dir='ltr'><em>τοῦ</em></span> <span class='ocrx_word' id='word_1_228' title='bbox 889 2017 1200 2083; x_wconf 77' lang='grc' dir='ltr'><em>κλαυθμοῦ</em></span> <span class='ocrx_word' id='word_1_229' title='bbox 1218 2017 1426 2083; x_wconf 81' lang='grc' dir='ltr'><em>Ἰησοῦ</em></span> <span class='ocrx_word' id='word_1_230' title='bbox 1446 2016 1548 2070; x_wconf 79' lang='grc' dir='ltr'><em>ἐπι</em></span> <span class='ocrx_word' id='word_1_231' title='bbox 1580 2017 1786 2084; x_wconf 83' lang='grc' dir='ltr'><em>Ἰερου-</em></span> 
     </span>
    </p>
   </div>
   <div class='ocr_carea' id='block_1_31' title="bbox 1889 2008 3480 2101">
    <p class='ocr_par' dir='ltr' id='par_1_31' title="bbox 1960 2021 3480 2101">
     <span class='ocr_line' id='line_1_32' title="bbox 1960 2021 3480 2101; baseline -0.005 -14"><span class='ocrx_word' id='word_1_232' title='bbox 1960 2032 2152 2087; x_wconf 89' lang='lat' dir='ltr'><strong><em>salem.‘</em></strong></span> <span class='ocrx_word' id='word_1_233' title='bbox 2174 2029 2250 2084; x_wconf 91' lang='lat' dir='ltr'><strong><em>De</em></strong></span> <span class='ocrx_word' id='word_1_234' title='bbox 2282 2029 2481 2099; x_wconf 83' lang='lat' dir='ltr'><strong><em>fugatis</em></strong></span> <span class='ocrx_word' id='word_1_235' title='bbox 2507 2046 2533 2081; x_wconf 92' lang='lat' dir='ltr'><em>e</em></span> <span class='ocrx_word' id='word_1_236' title='bbox 2574 2021 3143 2101; x_wconf 62' lang='lat' dir='ltr'><strong><em>templo&#39;vendentibus</em></strong></span> <span class='ocrx_word' id='word_1_237' title='bbox 3173 2037 3218 2080; x_wconf 94' lang='lat' dir='ltr'><em>et</em></span> <span class='ocrx_word' id='word_1_238' title='bbox 3254 2025 3480 2079; x_wconf 79' lang='lat' dir='ltr'><strong><em>ementi-</em></strong></span> 
     </span>
    </p>
   </div>
   <div class='ocr_carea' id='block_1_32' title="bbox 254 2103 1845 2192">
    <p class='ocr_par' dir='ltr' id='par_1_32' title="bbox 254 2103 1784 2178">
     <span class='ocr_line' id='line_1_33' title="bbox 254 2103 1784 2178; baseline 0.007 -25"><span class='ocrx_word' id='word_1_239' title='bbox 254 2104 490 2168; x_wconf 81' lang='grc' dir='ltr'><em>σαλήμ.</em></span> <span class='ocrx_word' id='word_1_240' title='bbox 535 2103 676 2172; x_wconf 73' lang='grc' dir='ltr'><em>Περὶ</em></span> <span class='ocrx_word' id='word_1_241' title='bbox 719 2103 838 2158; x_wconf 82' lang='grc' dir='ltr'><em>τῶν</em></span> <span class='ocrx_word' id='word_1_242' title='bbox 886 2107 1315 2174; x_wconf 80' lang='grc' dir='ltr'><em>ἐκϐληθέντων</em></span> <span class='ocrx_word' id='word_1_243' title='bbox 1361 2110 1428 2163; x_wconf 83' lang='grc' dir='ltr'><em>ἐκ</em></span> <span class='ocrx_word' id='word_1_244' title='bbox 1475 2109 1583 2163; x_wconf 89' lang='grc' dir='ltr'><em>τοῦ</em></span> <span class='ocrx_word' id='word_1_245' title='bbox 1623 2109 1784 2178; x_wconf 73' lang='grc' dir='ltr'><em>ἱεροῦ</em></span> 
     </span>
    </p>
   </div>
   <div class='ocr_carea' id='block_1_33' title="bbox 1892 2103 3483 2192">
    <p class='ocr_par' dir='ltr' id='par_1_33' title="bbox 1961 2119 3483 2192">
     <span class='ocr_line' id='line_1_34' title="bbox 1961 2119 3483 2192; baseline -0.008 -12"><span class='ocrx_word' id='word_1_246' title='bbox 1961 2128 2078 2180; x_wconf 88' lang='lat' dir='ltr'><strong><em>bus.</em></strong></span> <span class='ocrx_word' id='word_1_247' title='bbox 2116 2124 2192 2178; x_wconf 89' lang='lat' dir='ltr'><strong><em>De</em></strong></span> <span class='ocrx_word' id='word_1_248' title='bbox 2227 2122 2557 2192; x_wconf 76' lang='lat' dir='ltr'><strong><em>principibus</em></strong></span> <span class='ocrx_word' id='word_1_249' title='bbox 2579 2122 2915 2176; x_wconf 85' lang='lat' dir='ltr'><strong><em>sacerdotum</em></strong></span> <span class='ocrx_word' id='word_1_250' title='bbox 2946 2130 2997 2173; x_wconf 91' lang='lat' dir='ltr'><em>et</em></span> <span class='ocrx_word' id='word_1_251' title='bbox 3030 2119 3216 2173; x_wconf 83' lang='lat' dir='ltr'><strong><em>scribis</em></strong></span> <span class='ocrx_word' id='word_1_252' title='bbox 3253 2119 3483 2172; x_wconf 85' lang='lat' dir='ltr'><strong><em>interro-</em></strong></span> 
     </span>
    </p>
   </div>
   <div class='ocr_carea' id='block_1_34' title="bbox 255 2196 1846 2289">
    <p class='ocr_par' dir='ltr' id='par_1_34' title="bbox 255 2196 1786 2271">
     <span class='ocr_line' id='line_1_35' title="bbox 255 2196 1786 2271; baseline 0.007 -25"><span class='ocrx_word' id='word_1_253' title='bbox 255 2196 633 2248; x_wconf 81' lang='grc' dir='ltr'><em>πωλούντων</em></span> <span class='ocrx_word' id='word_1_254' title='bbox 682 2197 780 2250; x_wconf 80' lang='grc' dir='ltr'><em>καὶ</em></span> <span class='ocrx_word' id='word_1_255' title='bbox 825 2199 1206 2269; x_wconf 80' lang='grc' dir='ltr'><em>ὠνουμένων.</em></span> <span class='ocrx_word' id='word_1_256' title='bbox 1245 2203 1389 2270; x_wconf 77' lang='grc' dir='ltr'><em>Περὶ</em></span> <span class='ocrx_word' id='word_1_257' title='bbox 1435 2202 1556 2255; x_wconf 89' lang='grc' dir='ltr'><em>τῶν</em></span> <span class='ocrx_word' id='word_1_258' title='bbox 1586 2203 1786 2271; x_wconf 80' lang='grc' dir='ltr'><em>ἀρχιε-</em></span> 
     </span>
    </p>
   </div>
   <div class='ocr_carea' id='block_1_35' title="bbox 1922 2196 3513 2289">
    <p class='ocr_par' dir='ltr' id='par_1_35' title="bbox 1960 2209 3513 2289">
     <span class='ocr_line' id='line_1_36' title="bbox 1960 2209 3513 2289; baseline -0.008 -17"><span class='ocrx_word' id='word_1_259' title='bbox 1960 2218 2204 2289; x_wconf 89' lang='lat' dir='ltr'><strong><em>gantibus</em></strong></span> <span class='ocrx_word' id='word_1_260' title='bbox 2256 2216 2549 2271; x_wconf 86' lang='lat' dir='ltr'><strong><em>Dominum</em></strong></span> <span class='ocrx_word' id='word_1_261' title='bbox 2585 2215 2640 2268; x_wconf 91' lang='lat' dir='ltr'><em>in</em></span> <span class='ocrx_word' id='word_1_262' title='bbox 2672 2229 2777 2284; x_wconf 88' lang='lat' dir='ltr'><strong><em>qua</em></strong></span> <span class='ocrx_word' id='word_1_263' title='bbox 2825 2222 3082 2282; x_wconf 86' lang='lat' dir='ltr'><strong><em>potestate</em></strong></span> <span class='ocrx_word' id='word_1_264' title='bbox 3115 2211 3226 2266; x_wconf 66' lang='lat' dir='ltr'><strong><em>haec</em></strong></span> <span class='ocrx_word' id='word_1_265' title='bbox 3263 2209 3513 2280; x_wconf 76' lang='lat' dir='ltr'><strong><em>faceret.’</em></strong></span> 
     </span>
    </p>
   </div>
   <div class='ocr_carea' id='block_1_36' title="bbox 244 2285 1786 2360">
    <p class='ocr_par' dir='ltr' id='par_1_36' title="bbox 244 2285 1786 2360">
     <span class='ocr_line' id='line_1_37' title="bbox 244 2285 1786 2360; baseline 0.007 -22"><span class='ocrx_word' id='word_1_266' title='bbox 244 2285 408 2354; x_wconf 89' lang='grc' dir='ltr'><em>ρέων</em></span> <span class='ocrx_word' id='word_1_267' title='bbox 438 2288 535 2340; x_wconf 80' lang='grc' dir='ltr'><em>καὶ</em></span> <span class='ocrx_word' id='word_1_268' title='bbox 565 2290 963 2359; x_wconf 85' lang='grc' dir='ltr'><em>Γραμματέων</em></span> <span class='ocrx_word' id='word_1_269' title='bbox 993 2291 1506 2360; x_wconf 79' lang='grc' dir='ltr'><em>ἐπερωτησάντων</em></span> <span class='ocrx_word' id='word_1_270' title='bbox 1539 2295 1648 2348; x_wconf 77' lang='grc' dir='ltr'><em>τὸν</em></span> <span class='ocrx_word' id='word_1_271' title='bbox 1671 2294 1786 2349; x_wconf 82' lang='grc' dir='ltr'><em>Κύ-</em></span> 
     </span>
    </p>
   </div>
   <div class='ocr_carea' id='block_1_37' title="bbox 249 2378 1348 2448">
    <p class='ocr_par' dir='ltr' id='par_1_37' title="bbox 249 2378 1348 2448">
     <span class='ocr_line' id='line_1_38' title="bbox 249 2378 1348 2448; baseline 0.006 -21"><span class='ocrx_word' id='word_1_272' title='bbox 249 2393 392 2443; x_wconf 89' lang='grc' dir='ltr'><em>ριον</em></span> <span class='ocrx_word' id='word_1_273' title='bbox 422 2378 493 2429; x_wconf 83' lang='grc' dir='ltr'><em>ἐν</em></span> <span class='ocrx_word' id='word_1_274' title='bbox 513 2380 655 2444; x_wconf 84' lang='grc' dir='ltr'><em>ποίᾳ</em></span> <span class='ocrx_word' id='word_1_275' title='bbox 675 2379 924 2448; x_wconf 78' lang='grc' dir='ltr'><em>δυνάμει</em></span> <span class='ocrx_word' id='word_1_276' title='bbox 959 2380 1148 2434; x_wconf 85' lang='grc' dir='ltr'><em>ταῦτα</em></span> <span class='ocrx_word' id='word_1_277' title='bbox 1176 2383 1348 2436; x_wconf 79' lang='grc' dir='ltr'><em>ποιεῖ.</em></span> 
     </span>
    </p>
   </div>
   <div class='ocr_carea' id='block_1_38' title="bbox 185 2471 1776 2546">
    <p class='ocr_par' dir='ltr' id='par_1_38' title="bbox 185 2471 1776 2546">
     <span class='ocr_line' id='line_1_39' title="bbox 185 2471 1776 2546; baseline 0.006 -25"><span class='ocrx_word' id='word_1_278' title='bbox 185 2476 256 2523; x_wconf 74' lang='grc' dir='ltr'><em>ι’.</em></span> <span class='ocrx_word' id='word_1_279' title='bbox 303 2471 448 2536; x_wconf 72' lang='grc' dir='ltr'><em>Περὶ</em></span> <span class='ocrx_word' id='word_1_280' title='bbox 517 2471 623 2524; x_wconf 85' lang='grc' dir='ltr'><em>τοῦ</em></span> <span class='ocrx_word' id='word_1_281' title='bbox 671 2473 1030 2542; x_wconf 81' lang='grc' dir='ltr'><em>ἀμπελῶνος</em></span> <span class='ocrx_word' id='word_1_282' title='bbox 1083 2478 1417 2545; x_wconf 85' lang='grc' dir='ltr'><em>παραϐολή.</em></span> <span class='ocrx_word' id='word_1_283' title='bbox 1470 2477 1611 2546; x_wconf 73' lang='grc' dir='ltr'><em>Περὶ</em></span> <span class='ocrx_word' id='word_1_284' title='bbox 1667 2477 1776 2531; x_wconf 72' lang='grc' dir='ltr'><em>τῶν</em></span> 
     </span>
    </p>
   </div>
   <div class='ocr_carea' id='block_1_39' title="bbox 1894 2471 3485 2546">
    <p class='ocr_par' dir='ltr' id='par_1_39' title="bbox 1894 2476 3485 2542">
     <span class='ocr_line' id='line_1_40' title="bbox 1894 2476 3485 2542; baseline -0.006 -2"><span class='ocrx_word' id='word_1_285' title='bbox 1894 2487 1977 2542; x_wconf 71' lang='grc' dir='ltr'><em>ΞΟ.</em></span> <span class='ocrx_word' id='word_1_286' title='bbox 2004 2485 2272 2541; x_wconf 79' lang='lat' dir='ltr'><strong><em>Parabola</em></strong></span> <span class='ocrx_word' id='word_1_287' title='bbox 2308 2485 2372 2538; x_wconf 88' lang='lat' dir='ltr'><strong><em>de</em></strong></span> <span class='ocrx_word' id='word_1_288' title='bbox 2400 2484 2577 2536; x_wconf 86' lang='lat' dir='ltr'><strong><em>vinea.</em></strong></span> <span class='ocrx_word' id='word_1_289' title='bbox 2618 2479 2693 2534; x_wconf 81' lang='lat' dir='ltr'><strong><em>De</em></strong></span> <span class='ocrx_word' id='word_1_290' title='bbox 2728 2480 2997 2534; x_wconf 87' lang='lat' dir='ltr'><strong><em>accusatis</em></strong></span> <span class='ocrx_word' id='word_1_291' title='bbox 3025 2479 3086 2532; x_wconf 91' lang='lat' dir='ltr'><em>ob</em></span> <span class='ocrx_word' id='word_1_292' title='bbox 3130 2492 3364 2531; x_wconf 79' lang='lat' dir='ltr'><strong><em>censum.</em></strong></span> <span class='ocrx_word' id='word_1_293' title='bbox 3412 2476 3485 2530; x_wconf 77' lang='lat' dir='ltr'><strong><em>De</em></strong></span> 
     </span>
    </p>
   </div>
   <div class='ocr_carea' id='block_1_40' title="bbox 255 2562 1846 2643">
    <p class='ocr_par' dir='ltr' id='par_1_40' title="bbox 255 2562 1787 2637">
     <span class='ocr_line' id='line_1_41' title="bbox 255 2562 1787 2637; baseline 0.005 -23"><span class='ocrx_word' id='word_1_294' title='bbox 255 2562 756 2628; x_wconf 74' lang='grc' dir='ltr'><em>ἐγκαλεσθέντων</em></span> <span class='ocrx_word' id='word_1_295' title='bbox 817 2565 915 2620; x_wconf 86' lang='grc' dir='ltr'><em>διὰ</em></span> <span class='ocrx_word' id='word_1_296' title='bbox 976 2568 1084 2620; x_wconf 83' lang='grc' dir='ltr'><em>τὸν</em></span> <span class='ocrx_word' id='word_1_297' title='bbox 1154 2568 1416 2636; x_wconf 82' lang='grc' dir='ltr'><em>κῆνσον.</em></span> <span class='ocrx_word' id='word_1_298' title='bbox 1469 2569 1610 2637; x_wconf 74' lang='grc' dir='ltr'><em>Περὶ</em></span> <span class='ocrx_word' id='word_1_299' title='bbox 1667 2567 1787 2622; x_wconf 87' lang='grc' dir='ltr'><em>τῶν</em></span> 
     </span>
    </p>
   </div>
   <div class='ocr_carea' id='block_1_41' title="bbox 1890 2562 3481 2643">
    <p class='ocr_par' dir='ltr' id='par_1_41' title="bbox 1961 2570 3481 2643">
     <span class='ocr_line' id='line_1_42' title="bbox 1961 2570 3481 2643; baseline -0.009 -8"><span class='ocrx_word' id='word_1_300' title='bbox 1961 2580 2276 2635; x_wconf 72' lang='lat' dir='ltr'><strong><em>Sadtluca&#39;is</em></strong></span> <span class='ocrx_word' id='word_1_301' title='bbox 2341 2577 2778 2632; x_wconf 74' lang='lat' dir='ltr'><strong><em>resurrectionem</em></strong></span> <span class='ocrx_word' id='word_1_302' title='bbox 2826 2573 3162 2643; x_wconf 83' lang='lat' dir='ltr'><strong><em>negantibus.</em></strong></span> <span class='ocrx_word' id='word_1_303' title='bbox 3205 2570 3286 2624; x_wconf 87' lang='lat' dir='ltr'><strong><em>De</em></strong></span> <span class='ocrx_word' id='word_1_304' title='bbox 3312 2572 3481 2624; x_wconf 84' lang='lat' dir='ltr'><strong><em>inter-</em></strong></span> 
     </span>
    </p>
   </div>
   <div class='ocr_carea' id='block_1_42' title="bbox 257 2652 1848 2742">
    <p class='ocr_par' dir='ltr' id='par_1_42' title="bbox 257 2652 1787 2732">
     <span class='ocr_line' id='line_1_43' title="bbox 257 2652 1787 2732; baseline 0.008 -28"><span class='ocrx_word' id='word_1_305' title='bbox 257 2652 689 2708; x_wconf 79' lang='grc' dir='ltr'><em>Σαδδουκαίων</em></span> <span class='ocrx_word' id='word_1_306' title='bbox 714 2655 828 2726; x_wconf 80' lang='grc' dir='ltr'><em>τὴν</em></span> <span class='ocrx_word' id='word_1_307' title='bbox 845 2658 1191 2714; x_wconf 78' lang='grc' dir='ltr'><em>ἀνάστασιν</em></span> <span class='ocrx_word' id='word_1_308' title='bbox 1214 2663 1623 2732; x_wconf 79' lang='grc' dir='ltr'><em>ἀρνουμένων.</em></span> <span class='ocrx_word' id='word_1_309' title='bbox 1644 2662 1787 2732; x_wconf 81' lang='grc' dir='ltr'><em>Περὶ</em></span> 
     </span>
    </p>
   </div>
   <div class='ocr_carea' id='block_1_43' title="bbox 1320 2652 2911 2742">
    <p class='ocr_par' dir='ltr' id='par_1_43' title="bbox 1320 2662 2911 2742">
     <span class='ocr_line' id='line_1_44' title="bbox 1320 2662 2911 2742; baseline -0.003 -17"><span class='ocrx_word' id='word_1_310' title='bbox 1320 2663 1623 2732; x_wconf 76' lang='grc' dir='ltr'><em>ὀυμένωνο</em></span> <span class='ocrx_word' id='word_1_311' title='bbox 1644 2662 1787 2732; x_wconf 80' lang='grc' dir='ltr'><em>Περὶ</em></span> <span class='ocrx_word' id='word_1_312' title='bbox 1962 2675 2232 2742; x_wconf 86' lang='lat' dir='ltr'><strong><em>rogatione</em></strong></span> <span class='ocrx_word' id='word_1_313' title='bbox 2256 2670 2388 2726; x_wconf 85' lang='lat' dir='ltr'><strong><em>Jesu</em></strong></span> <span class='ocrx_word' id='word_1_314' title='bbox 2422 2669 2713 2726; x_wconf 68' lang='lat' dir='ltr'><strong><em>Pharisazis</em></strong></span> <span class='ocrx_word' id='word_1_315' title='bbox 2745 2668 2911 2737; x_wconf 79' lang='lat' dir='ltr'><strong><em>facta.</em></strong></span> 
     </span>
    </p>
   </div>
   <div class='ocr_carea' id='block_1_44' title="bbox 257 2746 1785 2826">
    <p class='ocr_par' dir='ltr' id='par_1_44' title="bbox 257 2746 1785 2826">
     <span class='ocr_line' id='line_1_45' title="bbox 257 2746 1785 2826; baseline 0.01 -28"><span class='ocrx_word' id='word_1_316' title='bbox 257 2746 374 2813; x_wconf 81' lang='grc' dir='ltr'><em>τῆς</em></span> <span class='ocrx_word' id='word_1_317' title='bbox 399 2747 506 2802; x_wconf 90' lang='grc' dir='ltr'><em>τοῦ</em></span> <span class='ocrx_word' id='word_1_318' title='bbox 539 2750 763 2817; x_wconf 82' lang='lat' dir='ltr'><strong><em>Kvplov</em></strong></span> <span class='ocrx_word' id='word_1_319' title='bbox 795 2751 1222 2820; x_wconf 81' lang='grc' dir='ltr'><em>ἐπερωτήσεως</em></span> <span class='ocrx_word' id='word_1_320' title='bbox 1255 2755 1406 2824; x_wconf 58' lang='grc' dir='ltr'><em>πρὸς</em></span> <span class='ocrx_word' id='word_1_321' title='bbox 1443 2757 1585 2824; x_wconf 82' lang='grc' dir='ltr'><em>τοὺς</em></span> <span class='ocrx_word' id='word_1_322' title='bbox 1614 2761 1785 2826; x_wconf 75' lang='grc' dir='ltr'><em>Φαρι-</em></span> 
     </span>
    </p>
   </div>
   <div class='ocr_carea' id='block_1_45' title="bbox 257 2839 504 2906">
    <p class='ocr_par' dir='ltr' id='par_1_45' title="bbox 257 2839 504 2906">
     <span class='ocr_line' id='line_1_46' title="bbox 257 2839 504 2906; baseline 0 -14"><span class='ocrx_word' id='word_1_323' title='bbox 257 2839 403 2892; x_wconf 84' lang='grc' dir='ltr'><em>σαίο</em></span> <span class='ocrx_word' id='word_1_324' title='bbox 412 2858 504 2906; x_wconf 94' lang='grc' dir='ltr'><em>υς.</em></span> 
     </span>
    </p>
   </div>
   <div class='ocr_carea' id='block_1_46' title="bbox 185 2927 1776 3011">
    <p class='ocr_par' dir='ltr' id='par_1_46' title="bbox 185 2927 1776 3011">
     <span class='ocr_line' id='line_1_47' title="bbox 185 2927 1776 3011; baseline 0.01 -29"><span class='ocrx_word' id='word_1_325' title='bbox 185 2927 294 2985; x_wconf 68' lang='grc' dir='ltr'><em>ια’.</em></span> <span class='ocrx_word' id='word_1_326' title='bbox 338 2931 479 3000; x_wconf 74' lang='grc' dir='ltr'><em>Περὶ</em></span> <span class='ocrx_word' id='word_1_327' title='bbox 534 2933 644 3002; x_wconf 87' lang='grc' dir='ltr'><em>τῆς</em></span> <span class='ocrx_word' id='word_1_328' title='bbox 696 2934 769 2989; x_wconf 84' lang='grc' dir='ltr'><em>τὰ</em></span> <span class='ocrx_word' id='word_1_329' title='bbox 813 2936 924 2990; x_wconf 85' lang='grc' dir='ltr'><em>δύο</em></span> <span class='ocrx_word' id='word_1_330' title='bbox 962 2941 1159 2993; x_wconf 86' lang='grc' dir='ltr'><em>λεπτὰ</em></span> <span class='ocrx_word' id='word_1_331' title='bbox 1209 2941 1538 3009; x_wconf 83' lang='grc' dir='ltr'><em>,βαλούσης</em></span> <span class='ocrx_word' id='word_1_332' title='bbox 1571 2942 1776 3011; x_wconf 79' lang='grc' dir='ltr'><em>χήρας.</em></span> 
     </span>
    </p>
   </div>
   <div class='ocr_carea' id='block_1_47' title="bbox 1896 2927 3487 3011">
    <p class='ocr_par' dir='ltr' id='par_1_47' title="bbox 1896 2935 3487 3005">
     <span class='ocr_line' id='line_1_48' title="bbox 1896 2935 3487 3005; baseline -0.004 -10"><span class='ocrx_word' id='word_1_333' title='bbox 1896 2943 1978 2996; x_wconf 79' lang='lat'><em>2|.</em></span> <span class='ocrx_word' id='word_1_334' title='bbox 2018 2943 2092 2994; x_wconf 85' lang='lat' dir='ltr'><strong><em>De</em></strong></span> <span class='ocrx_word' id='word_1_335' title='bbox 2130 2940 2346 2994; x_wconf 79' lang='lat' dir='ltr'><strong><em>itiuliere</em></strong></span> <span class='ocrx_word' id='word_1_336' title='bbox 2367 2955 2486 2992; x_wconf 88' lang='lat' dir='ltr'><em>cum</em></span> <span class='ocrx_word' id='word_1_337' title='bbox 2511 2937 2715 2991; x_wconf 86' lang='lat' dir='ltr'><strong><em>duobus</em></strong></span> <span class='ocrx_word' id='word_1_338' title='bbox 2749 2936 2990 2990; x_wconf 81' lang='lat' dir='ltr'><strong><em>minutis.</em></strong></span> <span class='ocrx_word' id='word_1_339' title='bbox 3038 2935 3397 3005; x_wconf 82' lang='lat' dir='ltr'><strong><em>Interrogatio</em></strong></span> <span class='ocrx_word' id='word_1_340' title='bbox 3423 2935 3487 2989; x_wconf 93' lang='lat' dir='ltr'><strong><em>de</em></strong></span> 
     </span>
    </p>
   </div>
   <div class='ocr_carea' id='block_1_48' title="bbox 257 3025 1848 3101">
    <p class='ocr_par' dir='ltr' id='par_1_48' title="bbox 257 3025 1787 3101">
     <span class='ocr_line' id='line_1_49' title="bbox 257 3025 1787 3101; baseline 0.009 -26"><span class='ocrx_word' id='word_1_341' title='bbox 257 3025 402 3090; x_wconf 83' lang='grc' dir='ltr'><em>Περὶ</em></span> <span class='ocrx_word' id='word_1_342' title='bbox 440 3028 803 3092; x_wconf 82' lang='grc' dir='ltr'><em>συντελείας</em></span> <span class='ocrx_word' id='word_1_343' title='bbox 836 3029 1233 3097; x_wconf 85' lang='grc' dir='ltr'><em>ἐπερώτησις.</em></span> <span class='ocrx_word' id='word_1_344' title='bbox 1286 3033 1428 3101; x_wconf 88' lang='grc' dir='ltr'><em>Περὶ</em></span> <span class='ocrx_word' id='word_1_345' title='bbox 1482 3031 1589 3100; x_wconf 80' lang='grc' dir='ltr'><em>τῆς</em></span> <span class='ocrx_word' id='word_1_346' title='bbox 1634 3035 1787 3088; x_wconf 84' lang='grc' dir='ltr'><em>ἀλώ-</em></span> 
     </span>
    </p>
   </div>
   <div class='ocr_carea' id='block_1_49' title="bbox 1896 3025 3487 3101">
    <p class='ocr_par' dir='ltr' id='par_1_49' title="bbox 1962 3027 3487 3090">
     <span class='ocr_line' id='line_1_50' title="bbox 1962 3027 3487 3090; baseline -0.005 -3"><span class='ocrx_word' id='word_1_347' title='bbox 1962 3035 2150 3087; x_wconf 84' lang='lat' dir='ltr'><strong><em>ultima</em></strong></span> <span class='ocrx_word' id='word_1_348' title='bbox 2190 3033 2663 3085; x_wconf 83' lang='lat' dir='ltr'><strong><em>consummatione.</em></strong></span> <span class='ocrx_word' id='word_1_349' title='bbox 2689 3029 2764 3084; x_wconf 89' lang='lat' dir='ltr'><strong><em>De</em></strong></span> <span class='ocrx_word' id='word_1_350' title='bbox 2784 3029 3054 3083; x_wconf 88' lang='lat' dir='ltr'><strong><em>obsidione</em></strong></span> <span class='ocrx_word' id='word_1_351' title='bbox 3082 3027 3404 3090; x_wconf 83' lang='lat' dir='ltr'><strong><em>Jerusalem,</em></strong></span> <span class='ocrx_word' id='word_1_352' title='bbox 3437 3036 3487 3081; x_wconf 89' lang='lat' dir='ltr'><em>et</em></span> 
     </span>
    </p>
   </div>
   <div class='ocr_carea' id='block_1_50' title="bbox 258 3118 1849 3196">
    <p class='ocr_par' dir='ltr' id='par_1_50' title="bbox 258 3118 1788 3194">
     <span class='ocr_line' id='line_1_51' title="bbox 258 3118 1788 3194; baseline 0.008 -26"><span class='ocrx_word' id='word_1_353' title='bbox 258 3133 418 3181; x_wconf 90' lang='grc' dir='ltr'><em>σεως</em></span> <span class='ocrx_word' id='word_1_354' title='bbox 458 3118 868 3186; x_wconf 76' lang='grc' dir='ltr'><em>Ἰερουσαλὴμ,</em></span> <span class='ocrx_word' id='word_1_355' title='bbox 926 3123 1025 3175; x_wconf 73' lang='grc' dir='ltr'><em>καὶ</em></span> <span class='ocrx_word' id='word_1_356' title='bbox 1066 3123 1156 3176; x_wconf 85' lang='grc' dir='ltr'><em>ὅτι</em></span> <span class='ocrx_word' id='word_1_357' title='bbox 1203 3127 1235 3178; x_wconf 84' lang='grc' dir='ltr'><em>ό</em></span> <span class='ocrx_word' id='word_1_358' title='bbox 1272 3127 1492 3193; x_wconf 83' lang='grc' dir='ltr'><em>Κύριος</em></span> <span class='ocrx_word' id='word_1_359' title='bbox 1539 3126 1788 3194; x_wconf 86' lang='grc' dir='ltr'><em>προεῖπε</em></span> 
     </span>
    </p>
   </div>
   <div class='ocr_carea' id='block_1_51' title="bbox 1894 3118 3485 3196">
    <p class='ocr_par' dir='ltr' id='par_1_51' title="bbox 1959 3121 3485 3196">
     <span class='ocr_line' id='line_1_52' title="bbox 1959 3121 3485 3196; baseline -0.005 -17"><span class='ocrx_word' id='word_1_360' title='bbox 1959 3129 2098 3196; x_wconf 87' lang='lat' dir='ltr'><strong><em>quod</em></strong></span> <span class='ocrx_word' id='word_1_361' title='bbox 2135 3122 2384 3177; x_wconf 81' lang='lat' dir='ltr'><strong><em>Christus</em></strong></span> <span class='ocrx_word' id='word_1_362' title='bbox 2435 3122 2745 3187; x_wconf 70' lang='lat' dir='ltr'><strong><em>prtedixerit</em></strong></span> <span class='ocrx_word' id='word_1_363' title='bbox 2791 3121 3072 3190; x_wconf 80' lang='lat' dir='ltr'><strong><em>discipulis</em></strong></span> <span class='ocrx_word' id='word_1_364' title='bbox 3110 3121 3227 3190; x_wconf 84' lang='lat' dir='ltr'><strong><em>ejus</em></strong></span> <span class='ocrx_word' id='word_1_365' title='bbox 3263 3122 3485 3174; x_wconf 68' lang='lat' dir='ltr'><strong><em>vastita«</em></strong></span> 
     </span>
    </p>
   </div>
   <div class='ocr_carea' id='block_1_52' title="bbox 259 3205 1850 3312">
    <p class='ocr_par' dir='ltr' id='par_1_52' title="bbox 259 3205 1850 3312">
     <span class='ocr_line' id='line_1_53' title="bbox 259 3205 1850 3312; baseline -0.004 -36"><span class='ocrx_word' id='word_1_366' title='bbox 259 3205 385 3272; x_wconf 73' lang='grc' dir='ltr'><em>τοῖς</em></span> <span class='ocrx_word' id='word_1_367' title='bbox 421 3209 718 3277; x_wconf 72' lang='grc' dir='ltr'><em>μαθηταῖς</em></span> <span class='ocrx_word' id='word_1_368' title='bbox 749 3211 865 3279; x_wconf 73' lang='grc' dir='ltr'><em>τὴν</em></span> <span class='ocrx_word' id='word_1_369' title='bbox 904 3212 1096 3280; x_wconf 75' lang='grc' dir='ltr'><em>αὐτῆς</em></span> <span class='ocrx_word' id='word_1_370' title='bbox 1133 3213 1453 3283; x_wconf 81' lang='grc' dir='ltr'><em>ἐρήμωσιν.</em></span> <span class='ocrx_word' id='word_1_371' title='bbox 1488 3215 1627 3283; x_wconf 77' lang='grc' dir='ltr'><em>Περὶ</em></span> <span class='ocrx_word' id='word_1_372' title='bbox 1667 3216 1788 3270; x_wconf 85' lang='grc' dir='ltr'><em>τῶν</em></span> <span class='ocrx_word' id='word_1_373' title='bbox 1809 3250 1850 3312; x_wconf 77' lang='lat' dir='ltr'><strong>C</strong></span> 
     </span>
    </p>
   </div>
   <div class='ocr_carea' id='block_1_53' title="bbox 823 3205 2414 3312">
    <p class='ocr_par' dir='ltr' id='par_1_53' title="bbox 829 3212 2414 3312">
     <span class='ocr_line' id='line_1_54' title="bbox 829 3212 2414 3312; baseline 0 -44"><span class='ocrx_word' id='word_1_374' title='bbox 829 3228 865 3264; x_wconf 83' lang='grc' dir='ltr'><em>ν</em></span> <span class='ocrx_word' id='word_1_375' title='bbox 904 3212 1096 3280; x_wconf 84' lang='grc' dir='ltr'><em>αὐτῆς</em></span> <span class='ocrx_word' id='word_1_376' title='bbox 1133 3213 1453 3283; x_wconf 82' lang='grc' dir='ltr'><em>ἐρήμωσιν.</em></span> <span class='ocrx_word' id='word_1_377' title='bbox 1488 3215 1627 3283; x_wconf 76' lang='grc' dir='ltr'><em>Περὶ</em></span> <span class='ocrx_word' id='word_1_378' title='bbox 1667 3216 1855 3312; x_wconf 61' lang='grc' dir='ltr'><em>τῶνα</em></span> <span class='ocrx_word' id='word_1_379' title='bbox 1961 3229 2087 3271; x_wconf 90' lang='lat' dir='ltr'><strong><em>tem.</em></strong></span> <span class='ocrx_word' id='word_1_380' title='bbox 2127 3217 2200 3269; x_wconf 88' lang='lat' dir='ltr'><strong><em>De</em></strong></span> <span class='ocrx_word' id='word_1_381' title='bbox 2233 3215 2414 3285; x_wconf 85' lang='lat' dir='ltr'><strong><em>signis.</em></strong></span> 
     </span>
    </p>
   </div>
   <div class='ocr_carea' id='block_1_54' title="bbox 259 3300 552 3366">
    <p class='ocr_par' dir='ltr' id='par_1_54' title="bbox 259 3300 552 3366">
     <span class='ocr_line' id='line_1_55' title="bbox 259 3300 552 3366; baseline 0.003 -15"><span class='ocrx_word' id='word_1_382' title='bbox 259 3300 552 3366; x_wconf 87' lang='grc' dir='ltr'><em>σημείων.</em></span> 
     </span>
    </p>
   </div>
   <div class='ocr_carea' id='block_1_55' title="bbox 187 3386 1778 3465">
    <p class='ocr_par' dir='ltr' id='par_1_55' title="bbox 187 3386 1778 3465">
     <span class='ocr_line' id='line_1_56' title="bbox 187 3386 1778 3465; baseline 0.008 -25"><span class='ocrx_word' id='word_1_383' title='bbox 187 3386 295 3458; x_wconf 67' lang='grc' dir='ltr'><em>ιβ’.</em></span> <span class='ocrx_word' id='word_1_384' title='bbox 342 3389 482 3456; x_wconf 77' lang='grc' dir='ltr'><em>Περὶ</em></span> <span class='ocrx_word' id='word_1_385' title='bbox 507 3390 612 3444; x_wconf 90' lang='grc' dir='ltr'><em>τοῦ</em></span> <span class='ocrx_word' id='word_1_386' title='bbox 644 3391 880 3461; x_wconf 83' lang='grc' dir='ltr'><em>Πάσχα.</em></span> <span class='ocrx_word' id='word_1_387' title='bbox 912 3394 1048 3463; x_wconf 77' lang='grc' dir='ltr'><em>Περὶ</em></span> <span class='ocrx_word' id='word_1_388' title='bbox 1081 3395 1198 3448; x_wconf 86' lang='grc' dir='ltr'><em>τῶν</em></span> <span class='ocrx_word' id='word_1_389' title='bbox 1224 3398 1778 3465; x_wconf 70' lang='grc' dir='ltr'><em>φιλονεικησάντων</em></span> 
     </span>
    </p>
   </div>
   <div class='ocr_carea' id='block_1_56' title="bbox 1896 3386 3487 3465">
    <p class='ocr_par' dir='ltr' id='par_1_56' title="bbox 1896 3387 3487 3462">
     <span class='ocr_line' id='line_1_57' title="bbox 1896 3387 3487 3462; baseline -0.004 -13"><span class='ocrx_word' id='word_1_390' title='bbox 1896 3395 1980 3449; x_wconf 70' lang='lat'><em>2&#39;2.</em></span> <span class='ocrx_word' id='word_1_391' title='bbox 2012 3395 2088 3448; x_wconf 87' lang='lat' dir='ltr'><strong><em>De</em></strong></span> <span class='ocrx_word' id='word_1_392' title='bbox 2124 3393 2356 3449; x_wconf 83' lang='lat' dir='ltr'><strong><em>Pascha.</em></strong></span> <span class='ocrx_word' id='word_1_393' title='bbox 2397 3392 2477 3447; x_wconf 88' lang='lat' dir='ltr'><strong><em>De</em></strong></span> <span class='ocrx_word' id='word_1_394' title='bbox 2517 3392 2819 3447; x_wconf 62' lang='lat' dir='ltr'><strong><em>rimantibus</em></strong></span> <span class='ocrx_word' id='word_1_395' title='bbox 2845 3391 2968 3462; x_wconf 85' lang='lat' dir='ltr'><strong><em>quis</em></strong></span> <span class='ocrx_word' id='word_1_396' title='bbox 2997 3391 3192 3458; x_wconf 78' lang='lat' dir='ltr'><strong><em>major.</em></strong></span> <span class='ocrx_word' id='word_1_397' title='bbox 3235 3387 3309 3443; x_wconf 85' lang='lat' dir='ltr'><strong><em>De</em></strong></span> <span class='ocrx_word' id='word_1_398' title='bbox 3336 3405 3487 3460; x_wconf 72' lang='lat' dir='ltr'><strong><em>qutu-</em></strong></span> 
     </span>
    </p>
   </div>
   <div class='ocr_carea' id='block_1_57' title="bbox 261 3480 1852 3556">
    <p class='ocr_par' dir='ltr' id='par_1_57' title="bbox 261 3480 1781 3553">
     <span class='ocr_line' id='line_1_58' title="bbox 261 3480 1781 3553; baseline 0.007 -21"><span class='ocrx_word' id='word_1_399' title='bbox 261 3483 358 3546; x_wconf 88' lang='grc' dir='ltr'><em>τίς</em></span> <span class='ocrx_word' id='word_1_400' title='bbox 397 3480 634 3550; x_wconf 71' lang='grc' dir='ltr'><em>μείζων.</em></span> <span class='ocrx_word' id='word_1_401' title='bbox 683 3485 825 3551; x_wconf 80' lang='grc' dir='ltr'><em>Περὶ</em></span> <span class='ocrx_word' id='word_1_402' title='bbox 853 3484 966 3552; x_wconf 86' lang='grc' dir='ltr'><em>τῆς</em></span> <span class='ocrx_word' id='word_1_403' title='bbox 1009 3486 1345 3553; x_wconf 80' lang='grc' dir='ltr'><em>ἐξετάσεως</em></span> <span class='ocrx_word' id='word_1_404' title='bbox 1386 3489 1494 3542; x_wconf 88' lang='grc' dir='ltr'><em>τοῦ</em></span> <span class='ocrx_word' id='word_1_405' title='bbox 1522 3488 1781 3546; x_wconf 84' lang='grc' dir='ltr'><em>Σατανᾶ.</em></span> 
     </span>
    </p>
   </div>
   <div class='ocr_carea' id='block_1_58' title="bbox 1898 3480 3489 3556">
    <p class='ocr_par' dir='ltr' id='par_1_58' title="bbox 1961 3482 3489 3556">
     <span class='ocr_line' id='line_1_59' title="bbox 1961 3482 3489 3556; baseline -0.006 -11"><span class='ocrx_word' id='word_1_406' title='bbox 1961 3492 2072 3546; x_wconf 91' lang='lat' dir='ltr'><strong><em>rela</em></strong></span> <span class='ocrx_word' id='word_1_407' title='bbox 2132 3490 2376 3543; x_wconf 82' lang='lat' dir='ltr'><strong><em>Satame.</em></strong></span> <span class='ocrx_word' id='word_1_408' title='bbox 2424 3487 2498 3542; x_wconf 89' lang='lat' dir='ltr'><strong><em>De</em></strong></span> <span class='ocrx_word' id='word_1_409' title='bbox 2551 3485 3013 3556; x_wconf 79' lang='lat' dir='ltr'><strong><em>comprehensione</em></strong></span> <span class='ocrx_word' id='word_1_410' title='bbox 3062 3482 3286 3538; x_wconf 87' lang='lat' dir='ltr'><strong><em>Christi.</em></strong></span> <span class='ocrx_word' id='word_1_411' title='bbox 3344 3482 3489 3546; x_wconf 86' lang='lat' dir='ltr'><strong><em>Quo-</em></strong></span> 
     </span>
    </p>
   </div>
   <div class='ocr_carea' id='block_1_59' title="bbox 263 3571 1854 3650">
    <p class='ocr_par' dir='ltr' id='par_1_59' title="bbox 263 3571 1786 3650">
     <span class='ocr_line' id='line_1_60' title="bbox 263 3571 1786 3650; baseline 0.006 -24"><span class='ocrx_word' id='word_1_412' title='bbox 263 3572 404 3639; x_wconf 74' lang='grc' dir='ltr'><em>Περὶ</em></span> <span class='ocrx_word' id='word_1_413' title='bbox 461 3571 570 3640; x_wconf 82' lang='grc' dir='ltr'><em>τῆς</em></span> <span class='ocrx_word' id='word_1_414' title='bbox 603 3574 977 3643; x_wconf 74' lang='grc' dir='ltr'><em>συλλήψεως</em></span> <span class='ocrx_word' id='word_1_415' title='bbox 1021 3578 1127 3631; x_wconf 88' lang='grc' dir='ltr'><em>τοῦ</em></span> <span class='ocrx_word' id='word_1_416' title='bbox 1172 3580 1457 3646; x_wconf 86' lang='grc' dir='ltr'><em>Χριστοῦ.</em></span> <span class='ocrx_word' id='word_1_417' title='bbox 1492 3581 1631 3648; x_wconf 67' lang='grc' dir='ltr'><em>Περὶ</em></span> <span class='ocrx_word' id='word_1_418' title='bbox 1672 3581 1786 3650; x_wconf 85' lang='grc' dir='ltr'><em>τῆς</em></span> 
     </span>
    </p>
   </div>
   <div class='ocr_carea' id='block_1_60' title="bbox 1898 3571 3489 3650">
    <p class='ocr_par' dir='ltr' id='par_1_60' title="bbox 1963 3577 3489 3649">
     <span class='ocr_line' id='line_1_61' title="bbox 1963 3577 3489 3649; baseline -0.005 -12"><span class='ocrx_word' id='word_1_419' title='bbox 1963 3587 2118 3638; x_wconf 85' lang='lat' dir='ltr'><strong><em>modo</em></strong></span> <span class='ocrx_word' id='word_1_420' title='bbox 2155 3582 2401 3636; x_wconf 86' lang='lat' dir='ltr'><strong><em>Christus</em></strong></span> <span class='ocrx_word' id='word_1_421' title='bbox 2453 3582 2522 3634; x_wconf 77' lang='lat' dir='ltr'><strong><em>ad</em></strong></span> <span class='ocrx_word' id='word_1_422' title='bbox 2577 3581 2868 3649; x_wconf 88' lang='lat' dir='ltr'><strong><em>principem</em></strong></span> <span class='ocrx_word' id='word_1_423' title='bbox 2909 3577 3245 3632; x_wconf 87' lang='lat' dir='ltr'><strong><em>sacerdotum</em></strong></span> <span class='ocrx_word' id='word_1_424' title='bbox 3299 3577 3489 3630; x_wconf 86' lang='lat' dir='ltr'><strong><em>ductus</em></strong></span> 
     </span>
    </p>
   </div>
   <div class='ocr_carea' id='block_1_61' title="bbox 258 3663 2051 3741">
    <p class='ocr_par' dir='ltr' id='par_1_61' title="bbox 258 3663 2051 3741">
     <span class='ocr_line' id='line_1_62' title="bbox 258 3663 2051 3741; baseline 0.01 -29"><span class='ocrx_word' id='word_1_425' title='bbox 258 3663 589 3732; x_wconf 74' lang='grc' dir='ltr'><em>ἀπαγωγῆς</em></span> <span class='ocrx_word' id='word_1_426' title='bbox 626 3666 730 3720; x_wconf 89' lang='grc' dir='ltr'><em>τοῦ</em></span> <span class='ocrx_word' id='word_1_427' title='bbox 779 3668 985 3733; x_wconf 85' lang='grc' dir='ltr'><em>Ἰησοῦ</em></span> <span class='ocrx_word' id='word_1_428' title='bbox 1017 3669 1171 3737; x_wconf 86' lang='grc' dir='ltr'><em>πρὸς</em></span> <span class='ocrx_word' id='word_1_429' title='bbox 1201 3672 1311 3724; x_wconf 81' lang='grc' dir='ltr'><em>τὸν</em></span> <span class='ocrx_word' id='word_1_430' title='bbox 1347 3673 1648 3741; x_wconf 80' lang='grc' dir='ltr'><em>ἀρχιερέα.</em></span> <span class='ocrx_word' id='word_1_431' title='bbox 1961 3679 2051 3730; x_wconf 88' lang='lat' dir='ltr'><strong><em>sit.</em></strong></span> 
     </span>
    </p>
   </div>
   <div class='ocr_carea' id='block_1_62' title="bbox 188 3755 1779 3835">
    <p class='ocr_par' dir='ltr' id='par_1_62' title="bbox 188 3755 1779 3834">
     <span class='ocr_line' id='line_1_63' title="bbox 188 3755 1779 3834; baseline 0.009 -27"><span class='ocrx_word' id='word_1_432' title='bbox 188 3755 296 3822; x_wconf 81' lang='grc' dir='ltr'><em>κγ’.</em></span> <span class='ocrx_word' id='word_1_433' title='bbox 344 3759 485 3825; x_wconf 81' lang='grc' dir='ltr'><em>Περὶ</em></span> <span class='ocrx_word' id='word_1_434' title='bbox 517 3757 628 3824; x_wconf 88' lang='grc' dir='ltr'><em>τῆς</em></span> <span class='ocrx_word' id='word_1_435' title='bbox 674 3759 996 3829; x_wconf 76' lang='grc' dir='ltr'><em>ἀπαγωγῆς</em></span> <span class='ocrx_word' id='word_1_436' title='bbox 1028 3763 1132 3815; x_wconf 88' lang='grc' dir='ltr'><em>τοῦ</em></span> <span class='ocrx_word' id='word_1_437' title='bbox 1179 3764 1455 3831; x_wconf 81' lang='grc' dir='ltr'><em>Σωτῆρος</em></span> <span class='ocrx_word' id='word_1_438' title='bbox 1488 3768 1637 3834; x_wconf 88' lang='grc' dir='ltr'><em>πρὸς</em></span> <span class='ocrx_word' id='word_1_439' title='bbox 1679 3767 1779 3822; x_wconf 84' lang='grc' dir='ltr'><em>τὸν</em></span> 
     </span>
    </p>
   </div>
   <div class='ocr_carea' id='block_1_63' title="bbox 1896 3755 3487 3835">
    <p class='ocr_par' dir='ltr' id='par_1_63' title="bbox 1896 3761 3487 3835">
     <span class='ocr_line' id='line_1_64' title="bbox 1896 3761 3487 3835; baseline -0.008 -11"><span class='ocrx_word' id='word_1_440' title='bbox 1896 3769 1977 3826; x_wconf 69' lang='grc' dir='ltr'><em>Ξὶὸ.</em></span> <span class='ocrx_word' id='word_1_441' title='bbox 2015 3769 2290 3835; x_wconf 89' lang='lat' dir='ltr'><strong><em>Quomodo</em></strong></span> <span class='ocrx_word' id='word_1_442' title='bbox 2328 3769 2519 3822; x_wconf 84' lang='lat' dir='ltr'><strong><em>ductus</em></strong></span> <span class='ocrx_word' id='word_1_443' title='bbox 2553 3776 2625 3821; x_wconf 92' lang='lat' dir='ltr'><em>est</em></span> <span class='ocrx_word' id='word_1_444' title='bbox 2655 3765 2724 3819; x_wconf 84' lang='lat' dir='ltr'><strong><em>ad</em></strong></span> <span class='ocrx_word' id='word_1_445' title='bbox 2768 3763 3025 3820; x_wconf 88' lang='lat' dir='ltr'><strong><em>Pilatum.</em></strong></span> <span class='ocrx_word' id='word_1_446' title='bbox 3069 3761 3144 3816; x_wconf 90' lang='lat' dir='ltr'><strong><em>De</em></strong></span> <span class='ocrx_word' id='word_1_447' title='bbox 3188 3769 3487 3829; x_wconf 88' lang='lat' dir='ltr'><strong><em>contempto</em></strong></span> 
     </span>
    </p>
   </div>
   <div class='ocr_carea' id='block_1_64' title="bbox 258 3847 1849 3929">
    <p class='ocr_par' dir='ltr' id='par_1_64' title="bbox 258 3847 1784 3926">
     <span class='ocr_line' id='line_1_65' title="bbox 258 3847 1784 3926; baseline 0.009 -25"><span class='ocrx_word' id='word_1_448' title='bbox 258 3847 547 3904; x_wconf 85' lang='grc' dir='ltr'><em>Πιλάτον.</em></span> <span class='ocrx_word' id='word_1_449' title='bbox 608 3851 747 3918; x_wconf 77' lang='grc' dir='ltr'><em>Περὶ</em></span> <span class='ocrx_word' id='word_1_450' title='bbox 803 3851 915 3918; x_wconf 85' lang='grc' dir='ltr'><em>τῆς</em></span> <span class='ocrx_word' id='word_1_451' title='bbox 966 3854 1102 3920; x_wconf 87' lang='grc' dir='ltr'><em>παρ’</em></span> <span class='ocrx_word' id='word_1_452' title='bbox 1153 3855 1411 3924; x_wconf 84' lang='grc' dir='ltr'><em>Ἡρώδου</em></span> <span class='ocrx_word' id='word_1_453' title='bbox 1455 3858 1784 3926; x_wconf 76' lang='grc' dir='ltr'><em>ἐξουθενή-</em></span> 
     </span>
    </p>
   </div>
   <div class='ocr_carea' id='block_1_65' title="bbox 1898 3847 3489 3929">
    <p class='ocr_par' dir='ltr' id='par_1_65' title="bbox 1961 3853 3489 3929">
     <span class='ocr_line' id='line_1_66' title="bbox 1961 3853 3489 3929; baseline -0.01 -12"><span class='ocrx_word' id='word_1_454' title='bbox 1961 3863 2091 3917; x_wconf 85' lang='lat' dir='ltr'><strong><em>Jesu</em></strong></span> <span class='ocrx_word' id='word_1_455' title='bbox 2118 3863 2181 3916; x_wconf 89' lang='lat' dir='ltr'><em>ab</em></span> <span class='ocrx_word' id='word_1_456' title='bbox 2202 3860 2442 3916; x_wconf 83' lang='lat' dir='ltr'><strong><em>Herode.</em></strong></span> <span class='ocrx_word' id='word_1_457' title='bbox 2476 3861 2549 3914; x_wconf 91' lang='lat' dir='ltr'><strong><em>De</em></strong></span> <span class='ocrx_word' id='word_1_458' title='bbox 2571 3858 2870 3929; x_wconf 82' lang='lat' dir='ltr'><strong><em>lugentibus</em></strong></span> <span class='ocrx_word' id='word_1_459' title='bbox 2899 3854 3240 3910; x_wconf 87' lang='lat' dir='ltr'><strong><em>mulieribus.</em></strong></span> <span class='ocrx_word' id='word_1_460' title='bbox 3265 3853 3338 3908; x_wconf 90' lang='lat' dir='ltr'><strong><em>De</em></strong></span> <span class='ocrx_word' id='word_1_461' title='bbox 3365 3871 3489 3907; x_wconf 82' lang='lat' dir='ltr'><strong><em>cru.</em></strong></span> 
     </span>
    </p>
   </div>
   <div class='ocr_carea' id='block_1_66' title="bbox 259 3940 1850 4023">
    <p class='ocr_par' dir='ltr' id='par_1_66' title="bbox 259 3940 1782 4019">
     <span class='ocr_line' id='line_1_67' title="bbox 259 3940 1782 4019; baseline 0.009 -28"><span class='ocrx_word' id='word_1_462' title='bbox 259 3954 441 4003; x_wconf 88' lang='grc' dir='ltr'><em>σεως.</em></span> <span class='ocrx_word' id='word_1_463' title='bbox 479 3941 617 4006; x_wconf 77' lang='grc' dir='ltr'><em>Περὶ</em></span> <span class='ocrx_word' id='word_1_464' title='bbox 665 3940 788 3993; x_wconf 83' lang='grc' dir='ltr'><em>τῶν</em></span> <span class='ocrx_word' id='word_1_465' title='bbox 828 3944 1218 4010; x_wconf 81' lang='grc' dir='ltr'><em>κοπτομένων</em></span> <span class='ocrx_word' id='word_1_466' title='bbox 1265 3948 1592 4014; x_wconf 77' lang='grc' dir='ltr'><em>γυναικῶν.</em></span> <span class='ocrx_word' id='word_1_467' title='bbox 1642 3951 1782 4019; x_wconf 73' lang='grc' dir='ltr'><em>Περὶ</em></span> 
     </span>
    </p>
   </div>
   <div class='ocr_carea' id='block_1_67' title="bbox 1901 3940 3492 4023">
    <p class='ocr_par' dir='ltr' id='par_1_67' title="bbox 1962 3947 3492 4023">
     <span class='ocr_line' id='line_1_68' title="bbox 1962 3947 3492 4023; baseline -0.005 -15"><span class='ocrx_word' id='word_1_468' title='bbox 1962 3956 2208 4023; x_wconf 66' lang='lat' dir='ltr'><strong><em>ciﬁsione</em></strong></span> <span class='ocrx_word' id='word_1_469' title='bbox 2243 3953 2466 4008; x_wconf 89' lang='lat' dir='ltr'><strong><em>Christi.</em></strong></span> <span class='ocrx_word' id='word_1_470' title='bbox 2500 3953 2580 4007; x_wconf 89' lang='lat' dir='ltr'><strong><em>De</em></strong></span> <span class='ocrx_word' id='word_1_471' title='bbox 2636 3951 2846 4006; x_wconf 87' lang='lat' dir='ltr'><strong><em>latrone</em></strong></span> <span class='ocrx_word' id='word_1_472' title='bbox 2892 3950 3245 4016; x_wconf 86' lang='lat' dir='ltr'><strong><em>resipiscente.</em></strong></span> <span class='ocrx_word' id='word_1_473' title='bbox 3289 3947 3367 4001; x_wconf 73' lang='lat' dir='ltr'><strong><em>lle</em></strong></span> <span class='ocrx_word' id='word_1_474' title='bbox 3409 3962 3492 4000; x_wconf 83' lang='lat' dir='ltr'><strong><em>se-</em></strong></span> 
     </span>
    </p>
   </div>
   <div class='ocr_carea' id='block_1_68' title="bbox 261 4030 1852 4117">
    <p class='ocr_par' dir='ltr' id='par_1_68' title="bbox 261 4030 1784 4109">
     <span class='ocr_line' id='line_1_69' title="bbox 261 4030 1784 4109; baseline 0.009 -28"><span class='ocrx_word' id='word_1_475' title='bbox 261 4031 374 4096; x_wconf 84' lang='grc' dir='ltr'><em>τῆς</em></span> <span class='ocrx_word' id='word_1_476' title='bbox 422 4030 818 4097; x_wconf 85' lang='grc' dir='ltr'><em>σταυρώσεως</em></span> <span class='ocrx_word' id='word_1_477' title='bbox 847 4033 954 4087; x_wconf 87' lang='grc' dir='ltr'><em>τοῦ</em></span> <span class='ocrx_word' id='word_1_478' title='bbox 981 4036 1264 4101; x_wconf 87' lang='grc' dir='ltr'><em>Χριστοῦ.</em></span> <span class='ocrx_word' id='word_1_479' title='bbox 1294 4039 1431 4103; x_wconf 83' lang='grc' dir='ltr'><em>Περὶ</em></span> <span class='ocrx_word' id='word_1_480' title='bbox 1472 4039 1578 4092; x_wconf 89' lang='grc' dir='ltr'><em>τοῦ</em></span> <span class='ocrx_word' id='word_1_481' title='bbox 1600 4057 1784 4109; x_wconf 85' lang='grc' dir='ltr'><em>μετα-</em></span> 
     </span>
    </p>
   </div>
   <div class='ocr_carea' id='block_1_69' title="bbox 838 4030 2429 4117">
    <p class='ocr_par' dir='ltr' id='par_1_69' title="bbox 847 4033 2429 4117">
     <span class='ocr_line' id='line_1_70' title="bbox 847 4033 2429 4117; baseline 0.008 -32"><span class='ocrx_word' id='word_1_482' title='bbox 847 4033 954 4087; x_wconf 89' lang='grc' dir='ltr'><em>τοῦ</em></span> <span class='ocrx_word' id='word_1_483' title='bbox 981 4036 1264 4101; x_wconf 88' lang='grc' dir='ltr'><em>Χριστοῦ.</em></span> <span class='ocrx_word' id='word_1_484' title='bbox 1294 4039 1431 4103; x_wconf 82' lang='grc' dir='ltr'><em>Περὶ</em></span> <span class='ocrx_word' id='word_1_485' title='bbox 1472 4039 1578 4092; x_wconf 90' lang='grc' dir='ltr'><em>τοῦ</em></span> <span class='ocrx_word' id='word_1_486' title='bbox 1600 4057 1784 4109; x_wconf 82' lang='grc' dir='ltr'><em>μετα·</em></span> <span class='ocrx_word' id='word_1_487' title='bbox 1960 4047 2178 4117; x_wconf 87' lang='lat' dir='ltr'><strong><em>pultura</em></strong></span> <span class='ocrx_word' id='word_1_488' title='bbox 2210 4045 2429 4102; x_wconf 83' lang='lat' dir='ltr'><strong><em>Christi.</em></strong></span> 
     </span>
    </p>
   </div>
   <div class='ocr_carea' id='block_1_70' title="bbox 260 4120 1786 4201">
    <p class='ocr_par' dir='ltr' id='par_1_70' title="bbox 260 4120 1786 4201">
     <span class='ocr_line' id='line_1_71' title="bbox 260 4120 1786 4201; baseline 0.011 -29"><span class='ocrx_word' id='word_1_489' title='bbox 260 4120 609 4187; x_wconf 82' lang='grc' dir='ltr'><em>νοήσαντος</em></span> <span class='ocrx_word' id='word_1_490' title='bbox 667 4123 926 4191; x_wconf 84' lang='grc' dir='ltr'><em>λῃστοῦ.</em></span> <span class='ocrx_word' id='word_1_491' title='bbox 981 4125 1122 4194; x_wconf 78' lang='grc' dir='ltr'><em>Περὶ</em></span> <span class='ocrx_word' id='word_1_492' title='bbox 1187 4127 1299 4195; x_wconf 90' lang='grc' dir='ltr'><em>τῆς</em></span> <span class='ocrx_word' id='word_1_493' title='bbox 1354 4129 1460 4184; x_wconf 90' lang='grc' dir='ltr'><em>τοῦ</em></span> <span class='ocrx_word' id='word_1_494' title='bbox 1520 4133 1786 4201; x_wconf 83' lang='grc' dir='ltr'><em>Χριστοῦ</em></span> 
     </span>
    </p>
   </div>
   <div class='ocr_carea' id='block_1_71' title="bbox 258 4209 485 4278">
    <p class='ocr_par' dir='ltr' id='par_1_71' title="bbox 258 4209 485 4278">
     <span class='ocr_line' id='line_1_72' title="bbox 258 4209 485 4278; baseline 0.018 -4"><span class='ocrx_word' id='word_1_495' title='bbox 258 4209 485 4278; x_wconf 64' lang='grc' dir='ltr'><em>ταφῆς·</em></span> 
     </span>
    </p>
   </div>
   <div class='ocr_carea' id='block_1_72' title="bbox 189 4300 1780 4384">
    <p class='ocr_par' dir='ltr' id='par_1_72' title="bbox 189 4300 1778 4383">
     <span class='ocr_line' id='line_1_73' title="bbox 189 4300 1778 4383; baseline 0.012 -28"><span class='ocrx_word' id='word_1_496' title='bbox 189 4300 287 4357; x_wconf 78' lang='grc' dir='ltr'><em>κδ’.</em></span> <span class='ocrx_word' id='word_1_497' title='bbox 336 4300 478 4368; x_wconf 81' lang='grc' dir='ltr'><em>Περὶ</em></span> <span class='ocrx_word' id='word_1_498' title='bbox 503 4301 623 4356; x_wconf 86' lang='grc' dir='ltr'><em>τῶν</em></span> <span class='ocrx_word' id='word_1_499' title='bbox 648 4307 1090 4376; x_wconf 77' lang='grc' dir='ltr'><em>σκοπουμένων</em></span> <span class='ocrx_word' id='word_1_500' title='bbox 1116 4309 1223 4362; x_wconf 80' lang='grc' dir='ltr'><em>τὸν</em></span> <span class='ocrx_word' id='word_1_501' title='bbox 1251 4312 1440 4380; x_wconf 69' lang='grc' dir='ltr'><em>τάφον</em></span> <span class='ocrx_word' id='word_1_502' title='bbox 1456 4317 1778 4383; x_wconf 76' lang='grc' dir='ltr'><em>γυναικῶν.</em></span> 
     </span>
    </p>
   </div>
   <div class='ocr_carea' id='block_1_73' title="bbox 1896 4300 3487 4384">
    <p class='ocr_par' dir='ltr' id='par_1_73' title="bbox 1896 4308 3487 4384">
     <span class='ocr_line' id='line_1_74' title="bbox 1896 4308 3487 4384; baseline -0.006 -14"><span class='ocrx_word' id='word_1_503' title='bbox 1896 4318 1976 4374; x_wconf 68' lang='grc' dir='ltr'><em>ξι.</em></span> <span class='ocrx_word' id='word_1_504' title='bbox 2016 4317 2087 4371; x_wconf 90' lang='lat' dir='ltr'><strong><em>De</em></strong></span> <span class='ocrx_word' id='word_1_505' title='bbox 2121 4317 2472 4372; x_wconf 81' lang='lat' dir='ltr'><strong><em>invisentibus</em></strong></span> <span class='ocrx_word' id='word_1_506' title='bbox 2507 4317 2812 4384; x_wconf 83' lang='lat' dir='ltr'><strong><em>sepulcrum</em></strong></span> <span class='ocrx_word' id='word_1_507' title='bbox 2853 4310 3184 4368; x_wconf 85' lang='lat' dir='ltr'><strong><em>mulieribus.</em></strong></span> <span class='ocrx_word' id='word_1_508' title='bbox 3225 4310 3296 4364; x_wconf 86' lang='lat' dir='ltr'><strong><em>De</em></strong></span> <span class='ocrx_word' id='word_1_509' title='bbox 3326 4308 3487 4364; x_wconf 89' lang='lat' dir='ltr'><strong><em>Petro</em></strong></span> 
     </span>
    </p>
   </div>
   <div class='ocr_carea' id='block_1_74' title="bbox 259 4392 1850 4478">
    <p class='ocr_par' dir='ltr' id='par_1_74' title="bbox 259 4392 1781 4478">
     <span class='ocr_line' id='line_1_75' title="bbox 259 4392 1781 4478; baseline 0.013 -33"><span class='ocrx_word' id='word_1_510' title='bbox 259 4393 403 4461; x_wconf 81' lang='grc' dir='ltr'><em>Περὶ</em></span> <span class='ocrx_word' id='word_1_511' title='bbox 453 4392 561 4448; x_wconf 84' lang='grc' dir='ltr'><em>τοῦ</em></span> <span class='ocrx_word' id='word_1_512' title='bbox 608 4395 834 4466; x_wconf 80' lang='grc' dir='ltr'><em>Πέτρου</em></span> <span class='ocrx_word' id='word_1_513' title='bbox 866 4399 1186 4469; x_wconf 86' lang='grc' dir='ltr'><em>τρέχοντος</em></span> <span class='ocrx_word' id='word_1_514' title='bbox 1217 4405 1369 4474; x_wconf 84' lang='grc' dir='ltr'><em>πρὸς</em></span> <span class='ocrx_word' id='word_1_515' title='bbox 1411 4407 1520 4460; x_wconf 81' lang='grc' dir='ltr'><em>τὸν</em></span> <span class='ocrx_word' id='word_1_516' title='bbox 1562 4409 1781 4478; x_wconf 65' lang='grc' dir='ltr'><em>τάφον.</em></span> 
     </span>
    </p>
   </div>
   <div class='ocr_carea' id='block_1_75' title="bbox 1891 4392 3482 4478">
    <p class='ocr_par' dir='ltr' id='par_1_75' title="bbox 1960 4401 3482 4475">
     <span class='ocr_line' id='line_1_76' title="bbox 1960 4401 3482 4475; baseline -0.006 -11"><span class='ocrx_word' id='word_1_517' title='bbox 1960 4410 2030 4464; x_wconf 87' lang='lat' dir='ltr'><strong><em>ad</em></strong></span> <span class='ocrx_word' id='word_1_518' title='bbox 2081 4419 2482 4464; x_wconf 87' lang='lat' dir='ltr'><strong><em>monumentum</em></strong></span> <span class='ocrx_word' id='word_1_519' title='bbox 2517 4418 2781 4463; x_wconf 84' lang='lat' dir='ltr'><strong><em>currente.</em></strong></span> <span class='ocrx_word' id='word_1_520' title='bbox 2816 4408 2893 4462; x_wconf 86' lang='lat' dir='ltr'><strong><em>De</em></strong></span> <span class='ocrx_word' id='word_1_521' title='bbox 2912 4405 3126 4475; x_wconf 83' lang='lat' dir='ltr'><strong><em>Cleopa.</em></strong></span> <span class='ocrx_word' id='word_1_522' title='bbox 3165 4403 3240 4458; x_wconf 90' lang='lat' dir='ltr'><strong><em>De</em></strong></span> <span class='ocrx_word' id='word_1_523' title='bbox 3267 4401 3482 4472; x_wconf 84' lang='lat' dir='ltr'><strong><em>appari-</em></strong></span> 
     </span>
    </p>
   </div>
   <div class='ocr_carea' id='block_1_76' title="bbox 260 4487 1851 4579">
    <p class='ocr_par' dir='ltr' id='par_1_76' title="bbox 260 4487 1783 4579">
     <span class='ocr_line' id='line_1_77' title="bbox 260 4487 1783 4579; baseline 0.014 -40"><span class='ocrx_word' id='word_1_524' title='bbox 260 4487 405 4579; x_wconf 73' lang='grc' dir='ltr'><em>Περὶ</em></span> <span class='ocrx_word' id='word_1_525' title='bbox 440 4491 702 4546; x_wconf 85' lang='grc' dir='ltr'><em>Κλεόπα.</em></span> <span class='ocrx_word' id='word_1_526' title='bbox 741 4493 882 4563; x_wconf 79' lang='grc' dir='ltr'><em>Περὶ</em></span> <span class='ocrx_word' id='word_1_527' title='bbox 906 4495 1014 4549; x_wconf 91' lang='grc' dir='ltr'><em>τοῦ</em></span> <span class='ocrx_word' id='word_1_528' title='bbox 1048 4497 1340 4568; x_wconf 71' lang='grc' dir='ltr'><em>ὀφθέντος</em></span> <span class='ocrx_word' id='word_1_529' title='bbox 1380 4501 1607 4572; x_wconf 84' lang='grc' dir='ltr'><em>Ἰησοῦ.</em></span> <span class='ocrx_word' id='word_1_530' title='bbox 1640 4503 1783 4572; x_wconf 79' lang='grc' dir='ltr'><em>Περὶ</em></span> 
     </span>
    </p>
   </div>
   <div class='ocr_carea' id='block_1_77' title="bbox 1470 4487 3061 4579">
    <p class='ocr_par' dir='ltr' id='par_1_77' title="bbox 1470 4501 3061 4579">
     <span class='ocr_line' id='line_1_78' title="bbox 1470 4501 3061 4579; baseline -0.003 -21"><span class='ocrx_word' id='word_1_531' title='bbox 1470 4503 1607 4560; x_wconf 89' lang='grc' dir='ltr'><em>σοῦ.</em></span> <span class='ocrx_word' id='word_1_532' title='bbox 1640 4503 1783 4572; x_wconf 79' lang='grc' dir='ltr'><em>Περὶ</em></span> <span class='ocrx_word' id='word_1_533' title='bbox 1961 4505 2102 4559; x_wconf 86' lang='lat' dir='ltr'><strong><em>tione</em></strong></span> <span class='ocrx_word' id='word_1_534' title='bbox 2135 4503 2288 4560; x_wconf 83' lang='lat' dir='ltr'><strong><em>Jesu.</em></strong></span> <span class='ocrx_word' id='word_1_535' title='bbox 2317 4503 2394 4557; x_wconf 89' lang='lat' dir='ltr'><strong><em>De</em></strong></span> <span class='ocrx_word' id='word_1_536' title='bbox 2424 4503 2732 4558; x_wconf 81' lang='lat' dir='ltr'><strong><em>ascensione</em></strong></span> <span class='ocrx_word' id='word_1_537' title='bbox 2768 4501 3061 4579; x_wconf 65' lang='lat' dir='ltr'><strong><em>incalnm.</em></strong></span> 
     </span>
    </p>
   </div>
   <div class='ocr_carea' id='block_1_78' title="bbox 256 4578 1856 4659">
    <p class='ocr_par' dir='ltr' id='par_1_78' title="bbox 256 4578 1856 4659">
     <span class='ocr_line' id='line_1_79' title="bbox 256 4578 1856 4659; baseline 0.014 -27"><span class='ocrx_word' id='word_1_538' title='bbox 256 4578 371 4648; x_wconf 81' lang='grc' dir='ltr'><em>τῆς</em></span> <span class='ocrx_word' id='word_1_539' title='bbox 400 4581 757 4652; x_wconf 86' lang='grc' dir='ltr'><em>ἀναϐάσεως</em></span> <span class='ocrx_word' id='word_1_540' title='bbox 781 4587 870 4653; x_wconf 84' lang='grc' dir='ltr'><em>εις</em></span> <span class='ocrx_word' id='word_1_541' title='bbox 899 4587 1005 4643; x_wconf 87' lang='grc' dir='ltr'><em>τὸν</em></span> <span class='ocrx_word' id='word_1_542' title='bbox 1035 4591 1299 4659; x_wconf 83' lang='grc' dir='ltr'><em>οὐρανόν</em></span> <span class='ocrx_word' id='word_1_543' title='bbox 1813 4592 1856 4647; x_wconf 82' lang='grc' dir='ltr'><em>Ι)</em></span> 
     </span>
    </p>
   </div>
  </div>
