4028 6412
552 384 584 451 ί
598 384 657 452 91
1480 384 2058 451 THEOPHYLACTI
2096 385 2143 447 Β

2223 381 2509 449 ἰιῦΑΒῙΕ
2559 379 2918 445 ARCHIEP.
3705 369 3814 437 69!

551 540 982 565 Μ.
1021 536 2263 559 tm“:

885 607 1667 809 EPMHNEIA
1755 690 2002 803 ΕΙΣ
2072 685 2281 802 ΤΟ
2360 686 2780 801 ΚΑΤΑ
2855 677 3500 814 ΛΟΥΚΑΝ

1825 889 2438 982 ΕΥΑΓΓΕΛΙΟ
2448 898 2545 976 Ν.

1064 1208 1758 1305 ENARRATIO
1833 1212 1958 1302 IN
2032 1211 2820 1307 EVANGELIUM
2895 1211 3278 1303 LUCE.

1030 1503 1195 1576 ,σε
1226 1502 1618 1563 Ρηιειτκτιο.
2148 1515 2197 1573 Α

2148 1515 2197 1573 Α
2807 1507 3212 1565 ΠΡΟΟΙΜΙΟΝ.

613 1596 774 1652 Vsus.
816 1597 931 1652 1-4.
969 1615 988 1650 ι
1046 1596 1309 1665 Quoniam
1370 1598 1524 1652 multi
1597 1607 1933 1655 attentarunt
1985 1614 2116 1655 cou-

2299 1618 2319 1647 σ
2372 1601 2703 1673 Ἐπειδήπιρ
2767 1597 2952 1654 πολλοὶ
3011 1597 3383 1670 ἐπεχείρησαν
3434 1597 3820 1665 ἀνατάξασθαι

539 1698 724 1745 texere
774 1688 1138 1745 narrationem
1201 1703 1388 1745 earum
1434 1705 1557 1762 qua:
1610 1690 1752 1747 inter
1805 1707 1903 1748 nos
1931 1690 2116 1748 multis

2231 1692 2476 1763 διήγησιν
2503 1691 2763 1765 περὶτῶν
2809 1690 3391 1763 πεπληροφορημένων
3419 1690 3479 1743 έν
3503 1692 3640 1761 ἡμῖν
3667 1707 3822 1763 πρα-

538 1781 874 1852 argumentis
904 1782 1270 1851 comprobata
1304 1793 1432 1839 sunt
1462 1798 1643 1840 rerum
1680 1784 1842 1841 sicuti
1874 1784 2116 1841 tradide-

2231 1784 2468 1854 γμάτων,
2520 1782 2706 1847 καθὼς
2738 1783 3042 1854 παρέδοσαν
3076 1784 3209 1854 ημῖν
3231 1783 3281 1836 oi
3305 1780 3402 1836 ἀπ’
3453 1781 3635 1853 ἀρχῆς
3679 1783 3822 1836 αὑτ-

536 1882 669 1927 runt
698 1873 854 1928 nobis
889 1874 963 1939 lii,
982 1875 1072 1943 qui
1098 1875 1167 1929 ab
1193 1873 1347 1930 initio
1388 1875 1505 1931 suis
1548 1876 1721 1932 oculis
1764 1877 2033 1944 viderunt,
2058 1886 2116 1933 et

2231 1877 2383 1931 5mm
2460 1875 2556 1929 καὶ
2605 1875 2877 1946 ὑπηρέται
2936 1873 3219 1944 γενόμενοι
3264 1873 3362 1928 τοῦ
3418 1873 3608 1943 λόγου,
3664 1874 3822 1940 εδοξε

537 1964 773 2020 ministri
794 1964 1006 2020 fuerunt
1018 1967 1487 2032 sermonis,visum
1508 1976 1589 2023 est
1608 1977 1663 2024 et
1679 1969 1833 2036 mibi,
1847 1979 1905 2024 ut
1920 1977 2114 2025 cuncta

2229 1966 2393 2039 κάμοὶ
2446 1965 2954 2039 παρηκολουθηκότι
3019 1965 3227 2020 ἄνωθεν
3284 1966 3453 2018 πᾶσιν
3538 1964 3820 2035 ἀκριϐῶς,

536 2056 608 2113 ab
634 2058 786 2113 initio
810 2059 1094 2126 diligenter
1116 2060 1485 2132 pervestigans
1513 2061 1705 2118 ordine
1730 2064 1827 2120 tibi
1850 2064 2113 2130 scribam,

2231 2060 2457 2127 καθεξῆς
2485 2076 2569 2114 σοι
2600 2058 2831 2130 γράψαι,
2860 2058 3119 2130 κράτιστε
3148 2056 3376 2126 Θεόφιλε
3398 2072 3412 2087 °
3452 2056 3540 2110 ῐνα
3570 2056 3822 2128 ὲπιγνῷς

536 2157 757 2203 strenue
792 2148 1113 2220 'l‘beophile,
1132 2165 1239 2222 quo
1270 2165 1532 2223 agnoscas
1581 2167 1767 2208 eorum
1797 2154 1995 2224 quibus
2032 2154 2116 2210 iu-

2231 2153 2354 2224 περὶ
2404 2144 2479 2206 ὧν
2507 2150 2823 2222 κατηχήθης
2871 2149 3046 2217 λόγων
3075 2147 3175 2221 τὴν
3208 2147 3531 2217 ἀσφάλειαν.
3574 2166 3593 2203 r
3655 2148 3822 2214 Τίνες

540 2250 783 2297 structus
864 2257 924 2297 es
997 2257 1311 2299 sermonum
1382 2244 1882 2301 communitionem.
1935 2264 1954 2298 ι
2010 2245 2115 2313 Qui

2229 2241 2367 2317 ἦσαν
2394 2245 2445 2298 oi
2481 2242 2667 2297 nonut
2688 2234 2837 2296 οὗτοι
2874 2242 2924 2295 oi
2973 2242 3468 2313 ὲπιχειρήσαντεςς
3533 2241 3598 2295 0i
3643 2240 3820 2304 ψευδ-

537 2332 758 2387 fuerunt
786 2334 941 2388 multi
1000 2334 1077 2389 illi
1114 2337 1207 2405 qui
1242 2335 1609 2392 attentarunt‘l
1653 2336 2112 2407 Pseudoapostoli.

2227 2335 2511 2391 απόστολοι
2532 2355 2545 2370 ·
2574 2332 2757 2389 πολλοὶ
2782 2334 2889 2404 γὰρ
2910 2332 3261 2404 συνέγραψαν
3284 2333 3595 2402 Εὐαγγέλια
3624 2332 3818 2403 δῆθεν,

538 2421 690 2477 Multi
731 2425 876 2478 enim
931 2435 1058 2480 tunc
1089 2428 1531 2495 conscripserunt
1566 2427 1879 2497 Evangelia,
1902 2430 1978 2484 uti
2020 2437 2106 2486 est

2224 2424 2331 2482 οἷόν
2354 2430 2475 2500 iam
2496 2426 2557 2481 τὸ
2580 2427 2703 2481 κατ’
2732 2426 3089 2495 Αἰγυπτιους,
3123 2426 3297 2480 καὶτὸ
3320 2424 3815 2498 Ἑπιγραφόμινον,

537 2516 681 2582 quod
717 2524 910 2571 vocant
966 2516 1311 2587 Evangelium
1360 2519 1659 2575 secundum
1709 2518 2016 2591 Egyptios,
2059 2527 2115 2573 et

2225 2519 2345 2573 Τῶν
2374 2519 2606 2574 δώδεκα.
2653 2519 2717 2572 0i
2746 2517 2982 2572 τοιοῦτοι
3006 2513 3102 2573 οὖν
3120 2516 3493 2589 ιπεχείρησαν
3528 2516 3717 2588 μόνον,
3746 2518 3816 2572 οὐ

538 2602 681 2671 quod
723 2606 1035 2661 inscribitur
1078 2607 1425 2679 Evangeliutn
1476 2609 1773 2665 secundum
1806 2609 2110 2664 duodecim.

2227 2613 2407 2683 μέντοι
2438 2610 2535 2664 καὶ
2565 2609 2887 2665 ὲτελείωσαν
2910 2626 2925 2641 ο
2958 2610 3084 2664 ἐπεὶ
3116 2609 3228 2681 γὰρ
3260 2609 3433 2681 χωρὶς
3474 2608 3628 2672 θείας
3650 2612 3818 2682 χάρι-

538 2694 697 2752 Tales
726 2698 911 2769 itaque
944 2708 1278 2755 attentaruut
1314 2701 1599 2765 duntaxat,
1650 2700 1745 2755 sed
1795 2714 1902 2755 non
1936 2697 2117 2769 perfe-

2229 2720 2312 2766 ro;
2340 2704 2595 2774 ἡρξαντο,
2638 2702 2723 2755 διὰ
2748 2701 2909 2755 τοῦτο
2930 2701 3051 2755 οὐδὲ
3080 2702 3426 2759 ἐτελειωσαν,
3468 2701 3669 2764 Καλῶς
3718 2701 3820 2757 οὖν

538 2796 754 2842 cerunt.
774 2788 910 2855 Quia
947 2790 1093 2844 enim
1135 2790 1338 2860 absque
1371 2792 1550 2846 divina
1597 2792 1769 2863 gratia
1810 2803 2113 2863 cmperunt,

2227 2793 2375 2849 εἶπεν
2396 2796 2424 2848 6
2447 2796 2683 2859 Λουκᾶς,
2712 2795 2794 2848 ὅτι
2819 2794 2869 2847 οἱ
2895 2793 3080 2847 πολλοὶ
3111 2793 3476 2867 ἐπεχείρησαν
3496 2810 3511 2824 ·
3542 2795 3593 2848 οἱ
3625 2793 3818 2864 μέντοι

537 2890 824 2950 propterea
878 2898 1051 2952 neque
1119 2884 1490 2940 absolverunt.
1550 2883 1693 2940 Bene
1766 2885 1929 2952 igitur
1980 2884 2119 2941 dixit

2226 2888 2388 2957 ὀλίγοι
2410 2929 2425 2952 ,
2455 2885 2568 2941 οἷον
2596 2887 2625 2941 6
2650 2886 2953 2951 Ματθαῐος,
3007 2889 3035 2940 ό
3066 2886 3315 2957 Μάρκος,
3354 2866 3456 2941 οὐκ
3507 2887 3817 2959 ἐπεχείρηα

538 2968 741 3035 Lucas,
790 2974 943 3026 murti
989 2975 1167 3027 conati
1201 2982 1329 3030 sunt
1363 2989 1377 3027 :
1411 2984 1466 3028 at
1504 2975 1683 3046 pauci,
1731 2984 1790 3031 ut
1827 2975 2115 3032 Matthazus

2227 2998 2320 3034 σαν
2347 2980 2528 3050 μόνον,
2564 2980 2703 3035 ἀλλὰ
2736 2981 2832 3034 καὶ
2865 2979 3186 3035 ὲτελιίωσαν
3207 2996 3222 3010 ·
3247 2979 3308 3033 τὸ
3335 2980 3444 3052 γὰρ
3475 2978 3818 3034 τελειοποιδν

537 3069 592 3115 et
632 3058 867 3125 Marcus,
896 3078 1002 3117 non
1037 3073 1245 3118 tantum
1280 3072 1702 3130 attentaverunt,
1728 3067 1822 3121 sed
1854 3077 1908 3122 et
1934 3066 2113 3137 perle-

2229 3072 2437 3143 πνεῦμα
2475 3070 2641 3144 εῐχον.
2709 3070 3296 3144 Πεπληροφορημένων
3371 3070 3438 3125 δὲ
3496 3066 3622 3124 εἷπε
3669 3086 3820 3140 πρα-

540 3162 755 3207 cerunt.
799 3150 935 3206 Nam
997 3151 1261 3222 Spiritum
1322 3156 1499 3211 sortiti
1531 3165 1709 3220 erant,
1743 3158 1833 3226 qui
1877 3158 2113 3227 perfecta

2227 3182 2253 3233 γ
2263 3166 2469 3235 μάτων⁶
2504 3163 2705 3233 οὐγὰρ
2734 3163 2921 3228 ἁπλῶς
2944 3163 3086 3217 κατὰ
3107 3161 3269 3234 ψιλὴν
3293 3161 3597 3234 παράδοσιν
3614 3164 3725 3215 εισι
3740 3162 3818 3217 τὰ

540 3252 824 3307 operatur.
853 3241 960 3299 Res
988 3244 1169 3300 multis
1189 3247 1524 3317 argumentis
1547 3250 1927 3318 comprobatae
1955 3248 2112 3302 dixit.

2225 3255 2310 3309 r26
2332 3255 2592 3326 Χριστοῦ,
2624 3254 2741 3308 ἀλλ’
2771 3257 2829 3308 ὲν
2863 3254 3093 3326 ἀληθείᾳ
3117 3254 3211 3307 καλ⁵
3253 3252 3434 3308 πίστει
3479 3252 3676 3325 βεϐαίᾳ
3714 3254 3816 3309 καὶ

542 3329 649 3386 Res
683 3333 831 3386 enim
864 3332 1063 3395 Christi
1124 3352 1231 3392 non
1286 3338 1603 3408 simpliciter
1633 3349 1687 3393 et
1722 3339 1864 3395 unde
1905 3341 2117 3395 tradita:

2225 3348 2360 3417 μετὰ
2390 3348 2569 3415 πάσης
2600 3347 2995 3419 πληροφορίας.
3045 3346 3171 3409 Πῶς
3198 3345 3255 3400 δέ
3293 3347 3403 3400 εισι
3452 3346 3816 3417 πεπληροφο-

541 3431 690 3485 sunt,
712 3424 806 3478 sed
850 3440 976 3479 vera
1004 3435 1058 3481 et
1085 3426 1255 3481 solida
1292 3428 1483 3495 lide,et
1514 3430 1801 3486 multorum
1832 3446 2119 3503 argumen-

2226 3439 2435 3509 ρημένα
2486 3436 2679 3502 ταῦτα,
2732 3436 2879 3503 sint,
2928 3433 2973 3491 ὦ
3002 3438 3230 3503 Λουκᾶ;
3265 3436 3468 3500 Καθὼς
3499 3437 3817 3506 παρέδοσαν

540 3523 720 3568 turum
774 3518 1117 3578 certitudine.
1164 3518 1226 3573 Et
1278 3523 1567 3590 quomodo,
1598 3523 1704 3589 dic,
1738 3522 1903 3585 Luca,
1931 3522 2116 3576 multis

2221 3527 2349 3597 ἡμῖν
2377 3529 2426 3580 ol
2450 3528 2545 3582 ἀπ’
2565 3529 2740 3598 ἀρχῆς
2762 3526 3028 3581 αὐτόπται
3063 3526 3159 3579 καὶ
3181 3525 3454 3597 ὑπηρέται
3478 3525 3574 3577 τοῦ
3607 3525 3776 3592 λόγου
3796 3540 3812 3556 ·

541 3609 876 3673 argumentis
942 3611 1303 3679 comprobatae
1358 3614 1523 3668 sunt?
1569 3614 1722 3669 Sicut
1770 3614 2117 3670 tradiderunt

2225 3620 2286 3672 ἐκ
2308 3618 2496 3672 τούτου
2527 3619 2707 3689 δῆλον,
2749 3621 2830 3674 ὅτι
2880 3620 2980 3673 οὑκ
3029 3614 3097 3691 ἦν
3128 3620 3157 3673 ό
3209 3620 3427 3680 Λουκᾶς
3483 3617 3580 3671 ἀπ’
3630 3618 3816 3689 ἀρχῆς

545 3698 701 3753 nobis
731 3700 807 3765 hi,
830 3702 919 3768 qui
952 3702 1019 3755 ab
1046 3702 1203 3757 initio
1234 3706 1346 3759 suis
1392 3706 1569 3763 oculis
1606 3707 1876 3771 viderunt,
1909 3718 1964 3761 et
2012 3707 2113 3761 mi-

2225 3708 2492 3780 μαθητὴς,
2526 3709 2642 3761 ἀλλ’
2669 3710 3056 3781 ὑστερόχρονος
3079 3724 3093 3739 ⁸
3126 3708 3276 3762 ἄλλοι
3327 3707 3435 3777 γὰρ
3463 3703 3606 3777 ἦσαν
3626 3707 3677 3759 oi
3711 3706 3816 3761 ἀπ’

544 3791 707 3846 nistri
772 3791 992 3847 luerunt
1048 3796 1336 3851 sermonis.
1392 3796 1531 3851 Hinc
1609 3798 1956 3853 manifestum
2031 3806 2114 3852 est

2224 3801 2395 3870 ἀρχῆς
2430 3800 2865 3871 μθητευθέντις
2890 3818 2902 3832 ·
2937 3801 2987 3853 oi
3021 3801 3149 3869 περὶ
3179 3800 3388 3871 Πέτρον
3436 3800 3684 3862 καὶτοὺς
3716 3797 3815 3851 τοῦ

543 3883 743 3937 Lucam
784 3884 851 3939 ab
884 3884 1037 3940 initio
1065 3902 1172 3940 non
1210 3885 1376 3943 fuisse
1422 3890 1768 3958 discipulum,
1796 3891 1888 3944 sed
1937 3899 2116 3959 poste-

2225 3890 2503 3946 Ζεδεδαιου
2524 3908 2540 3923 ’
2569 3890 2620 3945 οἳ
2647 3890 2742 3945 καὶ
2777 3890 3085 3961 παρέδοσαν
3108 3890 3257 3960 αὐτῷ
3286 3891 3384 3944 ὅσα
3410 3890 3512 3943 οὑκ
3532 3884 3679 3943 εἶδεν
3709 3890 3816 3944 αὑ-

542 3973 780 4030 rioribus
813 3978 1163 4044 temporibus.
1183 3979 1284 4032 Alii
1323 3981 1466 4035 enim
1504 3981 1569 4036 ab
1602 3980 1756 4035 initio
1788 3981 2113 4044 didicerant,

2226 3983 2330 4045 τὸς,
2362 3984 2485 4035 οὕτε
2520 3984 2785 4052 αὐτήκοος
2815 3982 3050 4049 ἐγένετο.
3099 3983 3165 4034 Τί
3213 3982 3270 4035 δέ
3302 3984 3419 4035 ἐστι
3443 3982 3526 4049 τὸ,
3570 3982 3664 4036 ἴνα
3694 3986 3817 4037 ἑπι-

540 4070 602 4118 ut
628 4063 822 4120 Petrus
865 4076 915 4121 et
948 4067 1040 4122 lilii
1087 4066 1356 4135 Zebedaai,
1398 4071 1490 4140 qui
1527 4081 1580 4125 et
1611 4073 1945 4125 tradiderunt
1990 4071 2116 4125 huic

2222 4076 2365 4145 γνῷς
2386 4076 2486 4145 τὴν
2528 4076 2826 4143 ἀσφάλειαν
2853 4078 2982 4145 περὶ
3029 4072 3106 4127 ὧν
3138 4074 3489 4146 κατηχήθηςς
3536 4077 3702 4129 Διττὰ
3734 4078 3813 4141 εἰς

543 4169 877 4225 quaecunque
907 4158 1021 4224 ipse
1050 4174 1157 4212 non
1193 4160 1422 4224 viderat,
1466 4176 1638 4228 neque
1689 4162 1802 4229 ipse
1845 4161 2111 4217 audierat.

544 4246 643 4268 n.-:
669 4248 681 4268 Ι
717 4256 896 4268 -...__-
933 4258 1001 4268 --Α
1043 4264 1133 4268 .__-
1161 4250 1179 4268 1
1226 4251 1259 4268 I!
1302 4253 1337 4268 ο.
2068 4255 2079 4268 1

2223 4167 2376 4221 τοῦτο
2400 4167 2509 4238 ἔχω
2532 4170 2623 4238 νοή
2634 4185 2798 4237 ματα.
2831 4168 2926 4220 Ἐν
2948 4168 3067 4237 μὲν,
3100 4169 3181 4221 ὅτι
3209 4170 3476 4238 πρότερον
3511 4169 3613 4238 μὲν
3633 4169 3814 4239 ἀγρά-

544 4246 681 4310 Quid
714 4256 896 4332 autem
926 4258 1004 4304 est
1036 4250 1179 4318 quod
1210 4251 1362 4317 dicit,
1388 4268 1494 4322 quo
1524 4268 1780 4323 agnoscas
1820 4268 2027 4317 eorum,
2050 4255 2115 4307 de

2224 4276 2337 4328 φως
2366 4275 2425 4311 σε
2456 4259 2763 4329 κατήχησα,
2798 4252 2843 4311 ὧ
2873 4259 3099 4327 Θεόφιλε
3129 4276 3143 4289 ·
3175 4257 3270 4312 νῦν
3301 4258 3359 4312 δὲ
3400 4259 3703 4329 ἐγγράφως
3732 4276 3815 4313 σοι

543 4335 711 4405 270
726 4338 921 4406 quibus
941 4340 1162 4396 edoctus
1186 4356 1241 4395 es
1262 4358 1570 4395 sermonum
1594 4344 2115 4399 communitionem?

2222 4352 2547 4424 παραδιδοὺς
2579 4352 2638 4404 τὸ
2674 4352 3026 4420 Εὖαγγέλιον,
3061 4352 3433 4423 ἁσφαλίζομαι
3465 4352 3559 4404 τὸν
3596 4352 3692 4405 σὺν
3718 4353 3813 4405 λο-

542 4427 688 4481 Duos
725 4428 777 4481 in
817 4428 917 4484 hoc
946 4446 1139 4486 sensus
1170 4434 1360 4489 habeo.
1408 4434 1553 4489 Unus
1598 4437 1810 4503 quidem
1855 4447 1939 4492 est
1980 4438 2112 4492 hic:

2221 4443 2439 4513 γισμὸν,
2476 4443 2559 4495 ἵνα
2593 4445 2665 4513 μὴ
2700 4445 3025 4515 ἐπιλάθηται
3062 4445 3171 4499 τῶν
3202 4446 3468 4514 ἀγράφως
3499 4445 3812 4514 παραδεδοο

541 4516 701 4569 Prius
751 4528 802 4573 te
848 4520 965 4575 sine
1009 4524 1231 4593 scriptis
1278 4526 1566 4591 iustitui,o
1596 4528 1921 4595 Theophile,
1970 4544 2113 4583 nunc

2224 4535 2654 4605 μένων.”Ετερον
2677 4536 2733 4589 δὲ
2753 4538 3025 4589 τοιοῦτον-ο
3064 4538 3128 4591 Oi
3150 4538 3426 4608 ἄνθρωποι
3451 4537 3573 4601 ἔθος
3611 4538 3815 4607 ἔχομεν

543 4610 804 4677 scriptum
843 4613 935 4667 tibi
969 4614 1125 4669 trado
1160 4617 1516 4687 Evangelium
1548 4626 1745 4686 :atque
1775 4620 1849 4672 ita
1881 4628 2112 4673 mentem

2224 4626 2503 4689 πολλάκις,
2530 4626 2659 4679 ὅταν
2684 4645 2767 4688 τις
2801 4628 3065 4697 ἀγράφως
3097 4628 3231 4699 λέγῃ
3288 4631 3441 4699 ἡμῖν,
3473 4629 3815 4681 ὑποπτεύειν

543 4709 692 4753 tuam
726 4704 926 4769 munio,
954 4715 1012 4759 ut
1060 4722 1125 4760 ne
1179 4708 1531 4764 obliviscatur
1582 4724 1767 4764 eorum
1826 4726 1946 4780 quae
1999 4712 2116 4765 sine

2224 4716 2409 4770 τοῦτον
2436 4716 2511 4779 ὡς
2540 4717 2702 4787 τυχὸν
2758 4716 3088 4788 ψευδόμενον
3110 4736 3121 4747 °
3168 4721 3299 4773 ὅταν
3340 4719 3399 4774 δὲ
3434 4720 3531 4772 καὶ
3563 4720 3759 4789 γράψῃ
3780 4718 3815 4773 ἃ

543 4793 763 4862 scriptis
798 4797 991 4851 tradita
1019 4808 1161 4852 sunt.
1183 4799 1330 4854 Alter
1360 4816 1516 4856 vero:
1541 4800 1788 4855 Solemus
1817 4817 1911 4855 nos
1941 4802 2116 4855 homi-

2220 4809 2389 4877 λέγει,
2415 4808 2535 4860 τότε
2560 4810 2912 4879 πιστεύομεν,
2939 4810 3013 4872 ὡς
3035 4810 3131 4863 ἐὰν
3166 4810 3240 4881 μὴ
3264 4796 3511 4881 ιθάῥρει,
3561 4809 3648 4862 ὅτι
3674 4810 3811 4880 ἁλη-

544 4896 643 4935 nes
674 4898 819 4952 saepe
854 4888 1069 4953 quando
1115 4890 1234 4956 quis
1266 4892 1421 4946 nobis
1455 4892 1573 4947 sine
1615 4894 1902 4961 scripturis
1947 4892 2118 4961 loqui-

2223 4901 2284 4972 θῆ
2330 4900 2499 4968 λέγει,
2552 4901 2652 4953 οὐκ
2686 4902 2751 4954 ἂν
2815 4902 3046 4972 ἔγραφε.
3097 4904 3267 4957 Τοῦτο
3326 4902 3418 4957 οὖν
3453 4903 3549 4956 καὶ
3581 4905 3611 4955 ό
3647 4905 3814 4971 εὐαγ-

546 4980 653 5035 tur,
674 4974 937 5043 suspicari
965 4992 1034 5031 ne
1056 4978 1196 5033 forte
1224 4983 1351 5049 quid
1381 4984 1646 5039 mendacii
1690 4984 1980 5039 admisltun
2004 4984 2073 5039 sit
2100 5003 2113 5039 :

2224 4987 2470 5060 γελιστής
2493 5006 2554 5055 φτ
2579 5006 2678 5055 τιν,
2706 4990 2812 5054 ὅτι,
2840 4990 2940 5043 Διὰ
2968 4990 3127 5045 τοῦτό
3169 5010 3247 5045 σοι
3281 4993 3497 5062 ἔγραψα
3534 4993 3597 5045 τὸ
3632 4994 3815 5062 Εὐαγ-

544 5064 764 5130 qu-ando
814 5074 993 5120 autem
1048 5070 1209 5123 etiam
1266 5073 1451 5127 scribit
1507 5090 1627 5143 qua:
1685 5075 1942 5147 loquitur,
1986 5086 2118 5132 tunc

2221 5081 2419 5149 γέλιον,
2474 5082 2559 5135 ἵνα
2612 5081 2647 5135 ἃ
2711 5084 2975 5152 ἀγράφως
3027 5084 3371 5157 κατηχήθης,
3423 5087 3482 5137 ἐν
3534 5088 3812 5159 ἀσφαλείᾳ

545 5154 814 5207 credimus
841 5157 983 5223 quod
1020 5174 1125 5213 non
1163 5162 1485 5229 scripsisset,
1526 5166 1629 5221 nisi
1665 5183 1790 5222 vera
1824 5183 1881 5223 se
1928 5169 2113 5225 dicere

2221 5173 2423 5226 πλείονι
2479 5174 2737 5242 κατέχῃς.
2794 5176 3095 5241 Πιστεύσας
3141 5196 3231 5247 μοι
3296 5177 3501 5248 μᾶλλον
3558 5180 3677 5244 νῦν,
3733 5181 3810 5243 ὡς

544 5244 858 5299 confideret.
900 5246 1107 5305 Idcirco
1149 5260 1202 5305 et
1245 5257 1574 5323 evangelista
1608 5258 1740 5313 dicit
1774 5276 1787 5313 :
1825 5260 2115 5329 Propterea

2223 5263 2472 5318 τοσοῦτον
2495 5264 2784 5334 Οαρῤοῦντι
2816 5268 2906 5318 ὲπί
2941 5270 3051 5330 τοῖς
3087 5244 3383 5336 ἀγράφοις,
3414 5268 3557 5322 ὥστε
3592 5271 3688 5322 καὶ
3718 5274 3810 5337 ἐγο

549 5336 741 5401 scripsi
786 5335 881 5389 tibi
918 5336 1285 5411 Evangelium,
1308 5356 1363 5399 ut
1394 5362 1454 5400 ea
1484 5349 1548 5403 de
1574 5350 1771 5417 quibus
1804 5352 1924 5405 sine
1973 5354 2115 5407 scri-

2221 5358 2447 5425 γράφως
2469 5356 2637 5409 ταῦτα
2664 5358 2936 5410 ἐκθεῖναι·
2979 5360 3080 5430 ὅρα
3108 5360 3164 5412 δὲ
3190 5363 3281 5413 καὶ
3320 5361 3399 5423 τὸ,
3440 5363 3705 5427 ἐπιγνῷς.
3734 5364 3808 5414 Οὐ

546 5426 650 5489 μιῆς
697 5429 941 5483 eruditus
991 5446 1071 5493 es,
1117 5436 1168 5487 in
1223 5437 1411 5506 majori
1458 5444 1748 5497 securitate
1803 5459 2113 5509 conserves,

2222 5450 2328 5515 γὰρ
2348 5444 2490 5511 εἷπε,
2511 5448 2673 5516 γνῷς,
2694 5448 2827 5513 ἀλλ’,
2871 5426 3130 5519 ἐπιγνῷς,
3155 5452 3453 5517 τουτέστιν,
3469 5456 3531 5506 ὲκ
3547 5455 3806 5523 δευτέρου

550 5515 809 5582 majorem
846 5520 973 5573 milii
1011 5522 1164 5576 ﬁdem
1198 5541 1338 5581 nunc
1371 5529 1597 5593 habens,
1625 5534 1711 5600 qui
1748 5537 1882 5589 adeo
1917 5536 1984 5588 de
2030 5537 2112 5591 his

2224 5538 2440 5591 πλείονα
2466 5540 2667 5605 γνῶσιν
2685 5540 2853 5611 λάϐῃς
2880 5581 2893 5606 ,
2932 5515 3025 5595 καὶ
3049 5515 3250 5614 θάρῤος
3283 5544 3378 5596 καὶ
3406 5515 3808 5613 ἀΠσφάλειανΙὼς

544 5621 665 5673 qua:
703 5623 805 5661 non
838 5613 1037 5680 scripto
1067 5615 1242 5678 docui,
1264 5619 1550 5686 confidam,
1592 5636 1649 5677 ut
1677 5626 1836 5679 etiam
1886 5628 2118 5696 scriptu-

1014 5628 1037 5666 ο
1067 5615 1242 5678 docui,
1264 5619 1550 5686 confidam,
1592 5636 1649 5677 ut
1677 5626 1836 5679 etiam
1886 5628 2118 5696 scriptu-
2225 5631 2285 5682 οὑ
2315 5630 2605 5699 ψεύδομαι.

546 5702 901 5801 risproderc
950 5722 1051 5760 non
1104 5708 1457 5766 formidariin.
1508 5716 1737 5772 Attende
1769 5720 1893 5775 item
1927 5724 2068 5791 quod
2109 5724 2259 5790 dicit,
2319 5738 2603 5790 agnoscas,
2643 5742 2773 5790 non,
2806 5728 2968 5795 scias,
2995 5728 3094 5786 hoc
3123 5740 3225 5796 est,
3278 5731 3517 5787 secundo
3544 5729 3806 5801 majorem

549 5794 777 5859 accipias
803 5794 1083 5850 scientiam
1119 5808 1169 5852 ct
1201 5800 1445 5857 ﬁduciam
1476 5819 1537 5857 ac
1569 5809 1913 5864 securitatem
1955 5813 2097 5881 quod
2138 5830 2239 5867 non
2276 5814 2525 5868 mentiar.
