4028 6420
832 530 1087 587 ΚΕΦΔΑ.
1130 530 1212 586 A'.

227 653 374 727 Περί
398 651 521 727 τῶιρ
562 648 791 727 renitor
814 648 1099 727 :IWOK
1127 648 1236 727 τᾳῦ
1282 648 1631 727 quartato?)
1648 686 1680 727 ,_
1719 648 1816 727 καὶ

296 716 411 789 ἑῆς
433 716 624 777 αὑτοῦ
647 719 1013 790 γεννήσεως.
1047 718 1192 790 Περί
1219 717 1330 790 τοῦ
1346 716 1693 790 ἀσπασμοῦ
1712 716 1819 790 τοῦ

296 784 561 862 ἀγγέλου
594 784 746 862 πρὸς
771 792 1030 862 Μαριάμ.
1062 784 1200 862 napi
1228 786 1335 843 τοῦ
1364 784 1696 858 ἀσπαάμοῦ
1712 784 1822 855 τῆς

300 857 534 933 [iplag-
561 857 713 931 πρὸς
738 857 1215 930 τὴνἛλισὰσεε.

306 1020 326 1053 ι
374 1000 627 1069 Ἐγένετο
647 1000 708 1053 ιν
734 998 854 1062 ταίς
874 996 1115 1068 ἡμέραις
1153 994 1396 1068 Ἡρώδου
1428 995 1522 1050 τοῦ
1559 993 1823 1066 βασιλέως

229 1093 336 1165 τῆς
371 1092 658 1155 ἰουδαίαςς
692 1091 871 1160 ἱερεύς
903 1107 989 1155 τις
1047 1089 1283 1160 ὀνόματι
1305 1090 1602 1162 Ζαχαρίας.
1638 1089 1699 1155 ιξ
1721 1091 1823 1158 ἑφ-

228 1187 473 1259 ημερίας
516 1185 696 1249 Ἆδιά,
728 1186 824 1239 καὶ
854 1185 1050 1257 ἡγυνὴ
1085 1183 1255 1240 αὐτοῦ
1280 1185 1347 1238 εκ
1368 1182 1482 1237 τῶν
1504 1184 1825 1254 θυγατέρων

243 1277 456 1352 Ἀαρών
474 1294 490 1310 ⁸
526 1277 620 1332 καὶ
648 1278 710 1332 τὸ
731 1279 904 1349 ὄνομα
933 1276 1106 1347 αὐτῆς
1140 1275 1441 1331 Ἐλισάσετ.
1471 1295 1490 1328 ι
1531 1276 1824 1346 Μέμνηται

230 1370 335 1442 τῆς
364 1368 643 1441 βασιλείας
675 1368 938 1441 Ἡρώδου,
954 1363 1073 1439 ἅμα
1096 1368 1217 1437 μιν,
1238 1368 1383 1425 κατὰ
1406 1366 1497 1421 τὸν
1522 1366 1693 1421 τύπον
1716 1368 1826 1421 τῶν

238 1462 544 1534 προφητῶν
567 1463 965 1533 διηγοῦμινοςθ
988 1462 1185 1515 ἐκείνοι
1210 1460 1321 1532 γὰρ
1343 1459 1516 1523 οὕτως
1539 1460 1823 1532 ἄρχονται’

243 1554 338 1611 Ἐν
360 1557 487 1621 ταις
508 1555 747 1626 ἡμέραις
761 1555 994 1627 ’ῐωάχαξ
1009 1554 1105 1608 καὶ
1120 1554 1385 1620 Ἐζεκίου,
1401 1553 1607 1607 καὶτοῦ
1631 1555 1826 1620 δεῖνος,

228 1648 451 1717 ἐγένετο
470 1648 597 1703 τάδε
620 1663 638 1682 ο
676 1647 795 1719 άμα
819 1648 877 1702 δι
906 1647 1033 1703 ἐπεὶ
1063 1648 1196 1717 περὶ
1223 1647 1320 1701 τοῦ
1359 1645 1601 1717 Χριστοῦ
1640 1646 1826 1717 μέλλει

235 1744 436 1806 εἰπεῖν,
458 1740 558 1795 διά
576 1739 737 1795 τοῦτο
768 1742 1045 1811 μέμνηται
1077 1740 1170 1795 τοῦ
1198 1740 1477 1812 ΙἩρώδου,
1538 1740 1626 1794 ἵνα
1677 1740 1825 1811 δείξῃ

236 1828 776 1904 δτιάληθῶςῆλοενὸ
800 1832 1036 1905 Χριστὸς
1065 1834 1159 1887 επὶ
1177 1831 1415 1905 Ἡρώδου
1440 1872 1455 1887 .
1480 1826 1654 1897 Οὗτος
1674 1832 1827 1901 γάρὸ

247 1924 521 1997 Ἡρώδης,
551 1925 887 1980 ἐκλιπόντων
912 1925 1025 1979 τῶν
1067 1924 1222 1996 παρὰ
1258 1924 1367 1978 τῶν
1411 1924 1684 1979 Ἰουδαίων
1721 1924 1825 1994 ἀρ-

231 2016 462 2087 χόντων,
492 2015 734 2085 ἐγένετο,
768 2017 847 2080 ὡς
880 2018 912 2088 ἡ
944 2015 1038 2070 τοῦ
1088 2015 1288 2071 Ἰακὼϐ
1320 2016 1630 2088 προφητεία
1652 2016 1825 2088 δηλοῖ.

237 2108 404 2165 Ὅθεν
424 2107 702 2163 δείκνυται
732 2110 761 2162 6
801 2107 1038 2179 Χριστὸς
1069 2107 1263 2163 ελθὼν.
1314 2109 1425 2162 Καὶ
1470 2107 1660 2178 ἕτερον
1688 2106 1746 2159 δέ
1773 2123 1827 2160 τι

232 2199 530 2270 κατορθοῖ·
580 2196 783 2268 άληθὶς
834 2196 1078 2251 δείκνυσι
1126 2197 1191 2251 τὸ
1234 2197 1570 2266 Εὑαγγέλιον
1597 2195 1687 2251 διὰ
1730 2194 1827 2250 τοῦ

232 2296 422 2363 λέγειν
448 2293 544 2345 τδν
570 2291 788 2362 χρόνον.
828 2289 1114 2357 Ἐξουσίαν
1138 2288 1246 2357 γὰρ
1275 2285 1464 2341 δίδωσι
1487 2290 1601 2353 τοῖς
1634 2286 1826 2358 βουλοο

240 2390 435 2459 μένοις
463 2385 745 2455 ἐξετάζειν
757 2383 896 2457 (96),
920 2384 1016 2439 καὶ
1044 2383 1154 2438 ἀπὸ
1182 2382 1272 2436 τοῦ
1294 2383 1492 2453 χρόνιυ
1527 2381 1826 2453 μανθάνειν

233 2482 341 2553 τὴν
358 2480 456 2535 τοῦ
476 2479 817 2549 Εὖαγγελίου
837 2478 1124 2548 ἀλήθειαν·
1144 2477 1377 2549 ἄρχεται
1398 2479 1456 2534 δὲ
1476 2478 1589 2535 άπὸ
1604 2477 1701 2533 τοῦ
1719 2476 1829 2533 Ζα-

230 2566 430 2637 χαρίου
453 2568 548 2620 καὶ
594 2570 691 2639 τῆς
743 2567 842 2622 τοῦ
885 2568 1134 2623 Ἰωάννου
1186 2569 1519 2638 γεννήσεως,
1557 2567 1785 2632 εἰκότως
1809 2580 1825 2596 ·

230 2659 359 2711 ἐπεὶ
392 2657 505 2729 γὰρ
527 2660 657 2731 περὶ
682 2660 782 2729 τῆς
800 2659 897 2714 τοῦ
922 2659 1164 2730 Χριστοῦ
1199 2660 1505 2730 γεννήσεως
1536 2658 1724 2729 μέλλει
1749 2662 1829 2714 εί-

233 2752 361 2804 ιτεῐν
384 2789 400 2814 ,
435 2750 752 2822 Πρόδρομος
777 2751 835 2805 δὲ
854 2750 949 2805 τοῦ
977 2750 1217 2823 Χριστοῦ
1238 2752 1266 2805 ὀ
1300 2752 1578 2820 Ἰωάννης,
1601 2753 1828 2817 dvorto;

232 2840 344 2913 πρὸ
370 2842 475 2913 τῆς
501 2841 596 2895 τοῦ
638 2842 877 2914 Χριστοῦ
934 2844 1243 2915 γεννήσεως
1272 2843 1375 2915 τὴν
1421 2843 1517 2898 τοῦ
1578 2844 1829 2899 Ἰωάννου

231 2934 527 3007 διηγεῖται.
556 2934 691 2988 Οὐδὲ
716 2937 910 3008 αὐτὴν,
945 2937 1075 2991 ἄνευ
1124 2938 1406 3008 θαύματος
1438 2935 1631 2993 οὖσαν.
1674 2938 1831 2993 Ἐπεὶ

232 3030 348 3101 γάρ
375 3030 656 3102 Παρθένος
676 3030 871 3101 ἔμελλε
888 3033 1091 3099 τεκεῖν,
1116 3031 1579 3102 προῳκονόμησεν
1608 3034 1642 3103 ἡ
1667 3032 1829 3102 χάρις

233 3122 326 3176 ἴνα
352 3122 533 3195 γραῦς
562 3124 698 3195 τέκῃ
723 3124 785 3177 οὐ
830 3124 973 3179 κατὰ
1001 3122 1168 3191 νόμον
1197 3122 1437 3192 φύσεως,
1485 3126 1534 3177 εί
1559 3124 1656 3177 καὶ
1690 3124 1830 3195 μετὰ

970 415 1419 481 BNARRATIO
1459 414 1542 479 IN
1579 414 2097 480 EVANGBLIUM
2134 412 2375 477 ιυοιε.
2427 436 2494 448 -
2520 408 2681 472 CAP.
2728 408 2779 468 ι.

1844 531 1900 591 Α

814 636 1096 704 Ἰωάννου
1127 647 1236 702 τοῦ
1282 644 1631 707 Βακτιστοῦ
1648 686 1664 708 ,
1719 644 1818 699 καί

1935 644 1999 700 De
2029 650 2338 713 parentibus
2369 634 2916 713 Joattuit__Bantis_t_te
2948 642 3011 713 _et
3061 631 3178 713 eius
3230 632 3541 713 nutriuit-ale.-

3420 396 3534 461 695

2565 518 2799 578 CAPUT.
2834 516 2875 572 1.

1993 702 2071 770 ὗε
2104 714 2424 768 salutatione
2456 708 2634 777 angeli
2688 704 2759 761 ad
2814 703 3075 759 Mariam.
3108 702 3185 758 De
3229 703 3534 757 cititatione

1994 785 2188 841 Maria
2216 784 2286 840 ad
2321 780 2621 837 Elisabetlt.

1996 1001 2166 1059 Vens.
2206 1002 2259 1057 5.
2307 1020 2325 1054 ι
2365 1000 2574 1057 Eratin
2618 998 2810 1055 diebus
2832 994 3067 1051 Herodis
3116 994 3261 1066 regis
3306 992 3531 1058 Jttdma‘,

1924 1094 2182 1152 sacerdos
2209 1093 2440 1163 quidam
2472 1091 2695 1147 nomine
2740 1088 3064 1154 Zacharias,
3097 1086 3167 1141 dc
3203 1086 3323 1142 vice
3370 1087 3530 1150 Abia,
3582 1123 3587 1133 .

1926 1197 1985 1243 et
2026 1201 2166 1241 uxor
2225 1185 2374 1241 illius
2422 1184 2489 1239 de
2548 1183 2767 1237 liliabus
2818 1187 3024 1245 Aaron,
3044 1188 3097 1236 et
3151 1194 3353 1234 nomen
3412 1177 3533 1246 ejus

1926 1277 2229 1333 Elisabeth.
2272 1296 2290 1329 ι
2324 1275 2655 1331 Mentionem
2702 1273 2832 1330 facit
2864 1272 3013 1343 regni
3046 1270 3301 1336 Herodis,
3330 1279 3444 1324 tum
3475 1279 3537 1323 ut

1932 1371 2211 1425 narrando
2246 1368 2640 1439 prophetarum
2678 1364 2910 1420 formam
2946 1372 3150 1429 servct;
3179 1361 3252 1417 illi
3283 1359 3430 1415 enim
3455 1360 3539 1415 sic

1929 1461 2201 1530 incipiunt
2232 1458 2334 1515 :ln
2370 1457 2566 1514 diebus
2615 1455 2856 1512 Joachaa
2902 1464 2954 1511 et
3012 1454 3282 1520 Ezechiae,
3305 1464 3361 1508 et
3392 1453 3539 1509 illius

1927 1551 2421 1621 cuiuspiam,i'acta
2459 1557 2590 1606 sunt
2640 1552 2756 1604 hac
2787 1566 2802 1603 :
2836 1556 2950 1603 tum
3004 1547 3131 1617 quia
3185 1547 3255 1602 de
3304 1546 3543 1603 Christo

1929 1645 2177 1701 dicturus
2236 1653 2344 1706 est,
2394 1642 2516 1697 ideo
2567 1639 2820 1697 meminit
2868 1637 3121 1706 Herodis,
3171 1648 3233 1693 ut
3280 1639 3538 1695 ostendat

1929 1739 2075 1807 quod
2109 1737 2212 1794 sub
2250 1734 2470 1791 Herode
2522 1748 2653 1789 vere
2690 1732 2903 1789 venerit
2935 1731 3211 1789 Christus.
3241 1730 3344 1787 Hic
3388 1734 3535 1787 enim

1932 1826 2173 1885 Herodes
2206 1828 2309 1881 fuit
2336 1842 2462 1882 cum
2499 1823 2833 1881 defecissent
2884 1823 3029 1893 apud
3079 1821 3298 1878 Judaios
3330 1822 3536 1894 princi-

1930 1933 2049 1990 pes,
2102 1918 2260 1985 juxta
2324 1916 2672 1988 prophetiam
2729 1913 2922 1971 Jacob.
2969 1912 3129 1970 Unde
3192 1922 3538 1968 monstratur

1931 2012 2074 2081 quod
2106 2010 2368 2066 Christus
2415 2010 2655 2065 venerit.
2690 2006 2800 2065 Sed
2828 2016 2885 2063 et
2918 2007 2976 2062 in
3029 2006 3134 2063 hoc
3183 2014 3333 2063 recte
3377 2003 3533 2069 facit,

1930 2102 2074 2173 quod
2099 2102 2443 2159 ostendendo
2474 2110 2715 2173 tempus,
2738 2100 2951 2157 certius
2985 2099 3229 2156 ostendit
3280 2100 3535 2170 Evange-

1930 2194 2085 2250 liutn.
2130 2196 2355 2264 Copiam
2406 2195 2553 2251 enim
2617 2193 2919 2266 quaerendi,
2962 2193 3010 2251 si
3061 2193 3162 2264 qui
3223 2195 3425 2255 volent,
3481 2203 3540 2249 rt

1932 2288 2176 2344 discendi
2211 2288 2489 2360 Evangelii
2522 2289 2806 2347 veritatem
2842 2303 2870 2341 a
2899 2298 3145 2357 tempore
3174 2286 3325 2344 facit.
3353 2285 3417 2341 Et
3447 2287 3532 2343 in-

1932 2379 2067 2448 cipit
2093 2394 2124 2433 a
2162 2379 2430 2435 Zacharia
2458 2384 2516 2435 et
2546 2380 2835 2434 nativitate
2867 2378 3097 2433 Joannis
3128 2396 3144 2432 :
3177 2378 3340 2447 idque
3371 2378 3538 2433 meri-

1934 2477 2009 2524 to.
2051 2468 2282 2537 Quando
2317 2469 2540 2541 quidem
2577 2469 2723 2525 enim
2752 2469 2822 2525 de
2863 2468 3071 2525 Christi
3102 2470 3397 2525 nativitate
3445 2470 3533 2525 di-

1932 2568 2125 2616 cturus
2145 2570 2285 2628 erat,
2301 2560 2507 2617 Christi
2532 2571 2712 2616 autem
2736 2575 3045 2630 praecursor
3067 2570 3218 2617 esset
3240 2558 3483 2619 Joannes
3514 2578 3531 2617 :

1931 2664 2300 2711 consentauee
2334 2664 2463 2711 ante
2496 2653 2704 2711 Christi
2737 2654 3106 2722 nativitatem,
3142 2653 3371 2711 Joannis
3408 2670 3537 2711 nar—

1934 2755 2021 2801 rat
2052 2746 2420 2812 nativitatem,
2443 2761 2678 2817 eamque
2713 2761 2821 2801 non
2847 2748 2970 2802 sine
2994 2746 3279 2802 miraculo.
3309 2744 3377 2801 Et
3405 2746 3536 2813 quia

1934 2838 2088 2908 virgo
2135 2838 2386 2909 paritura
2436 2848 2577 2907 erat,
2615 2838 3005 2908 prteordinavit
3047 2838 3191 2895 Deus
3242 2849 3302 2894 ut
3357 2838 3538 2894 vetula

1935 2940 2169 3000 pareret,
2197 2946 2304 2986 non
2359 2930 2657 2986 secundum
2709 2929 2881 3002 legem
2933 2938 3168 2993 naturae,
3203 2929 3424 2985 tametsi
3468 2943 3541 2985 ex

1937 3026 2075 3080 viro.
2120 3022 2263 3091 Quid
2318 3035 2503 3078 autem
2560 3030 2665 3087 est,
2704 3037 2771 3079 ex
2830 3024 2949 3077 vice
3001 3023 3180 3078 Attia?
3223 3020 3540 3092 Intelligunt

1936 3114 2156 3184 quidam
2188 3113 2290 3177 sic,
2320 3112 2466 3183 quod
2495 3111 2604 3167 duo
2635 3110 2837 3168 iuerint
2870 3112 3206 3177 sacerdotes,
3227 3110 3538 3167 successio-

238 3212 457 3286 ἀνδρὸς.
494 3216 560 3270 Τί
589 3216 648 3271 δέ
685 3219 803 3270 ἑστι
848 3216 931 3281 τὸ,
979 3215 1039 3283 ιξ
1068 3215 1379 3286 ἐφημερίας
1430 3215 1616 3283 Ἄδιᾶς
1673 3216 1824 3280 Τινὲς

1937 3220 2008 3262 ne
2057 3205 2419 3259 ministerium
2474 3204 2844 3272 perﬁcientes,
2895 3218 3129 3273 quorum
3180 3218 3327 3260 unus
3371 3202 3534 3270 Ahia,

235 3306 340 3375 μιν
371 3304 519 3361 οὕτω
570 3307 805 3372 νοοῦσιν,
837 3308 920 3361 ὅτι
950 3307 1047 3361 δύο
1074 3302 1216 3378 ἦσαν
1245 3308 1434 3377 ίερείς,
1472 3309 1538 3361 έκ
1574 3306 1827 3379 διαδοχῆς

229 3396 334 3469 τὴν
363 3397 708 3469 λειτουργίαν
732 3398 1015 3463 τελοῦντες
1036 3416 1049 3431 ·
1081 3401 1109 3454 ὁ
1137 3399 1281 3455 οὕτω
1308 3399 1601 3471 λεγόμενος
1650 3400 1825 3468 Ἀσιᾶ,

231 3492 329 3544 καὶ
362 3493 393 3545 δ
422 3492 721 3563 Ζαχαρίας.
751 3491 907 3546 Ἐπεὶ
935 3487 1031 3545 οὖν
1052 3491 1366 3562 ίεράτευσεν
1388 3494 1448 3545 ἐν
1476 3494 1543 3563 τῇ
1579 3493 1830 3565 λειτουρ-

232 3582 331 3653 γίᾳ
357 3583 387 3635 6
432 3583 605 3647 ’Δσιᾶ,
635 3583 777 3654 μετὰ
803 3584 903 3657 τὴν
932 3585 1146 3638 ἐκείνου
1177 3586 1491 3657 έφημερίαν
1548 3587 1830 3660 ἐλειτούρ-

230 3677 370 3745 γειό
403 3675 719 3746 Ζαχαρίας·
750 3676 900 3729 δοκεῖ
948 3678 1005 3730 δὶ
1054 3678 1155 3747 οὐχ
1178 3677 1350 3742 οὓτως
1394 3677 1564 3748 ἔχειν.
1608 3678 1667 3733 '0
1719 3682 1831 3752 γὰρ

230 3767 512 3838 ⁴Σολομὼν,
540 3768 630 3821 τὸν
681 3770 810 3823 ναὸν
839 3770 1086 3834 τελέσας,
1146 3770 1453 3842 κατέστησε
1484 3772 1581 3825 καὶ
1610 3775 1828 3844 ἐφημε-

230 3857 381 3925 ρίας,
430 3856 460 3911 δ
504 3857 652 3912 εστιν
691 3859 1023 3929 ἑϐδομάδαςο
1063 3862 1156 3913 καὶ
1180 3863 1238 3914 έν
1274 3862 1375 3931 μιν
1406 3864 1537 3933 τῇδε
1566 3864 1730 3933 τυχὸν
1759 3867 1826 3935 τῇ

230 3948 491 4019 έδδομάδι
536 3952 838 4023 κατέστησε
886 3956 1011 4017 τοὺς
1060 3955 1211 4018 υἱοὺς
1255 3955 1423 4033 Κορὲ,
1490 3957 1549 4008 έν
1594 3955 1654 4009 δὲ
1674 3957 1825 4027 τῇδε,

228 4043 324 4095 τὸν
356 4041 555 4111 Ἀσάφ,
587 4046 646 4097 έν
676 4044 731 4099 δι
770 4045 921 4116 τῇδε,
947 4046 1041 4099 τὸν
1089 4045 1265 4111 Ἀϐιᾶ,
1298 4047 1358 4099 ἐν
1390 4046 1448 4100 δὲ
1483 4047 1672 4120 ἑτέρᾳ,
1705 4047 1828 4104 ἓτε-

233 4148 349 4200 ρον.
381 4134 559 4206 Ὅπερ
588 4135 682 4191 οὖν
713 4123 862 4205 λέγει
904 4139 987 4192 ὅτι
1017 4133 1087 4210 ἦν
1120 4140 1399 4211 Ζαχαρίας
1426 4140 1487 4206 ἐξ
1515 4141 1829 4211 ἐφημερίας

242 4220 424 4284 Ἀὃιᾶ,
449 4219 594 4276 οὕτω
617 4223 702 4277 δεῖ
753 4230 916 4293 νοεῖν,
952 4227 1037 4280 ὅτι
1085 4228 1194 4281 άπὸ
1220 4226 1322 4297 τῆς
1348 4228 1444 4282 τοῦ
1489 4228 1646 4283 Ἀϐιά
1673 4230 1828 4285 ἑϐδο-

233 4311 407 4383 μάδος
455 4309 546 4385 ἦν.
579 4317 690 4387 Οὐχ
720 4318 803 4371 ὅτι
853 4320 991 4390 μετά
1033 4321 1135 4393 τὴν
1190 4321 1286 4374 τοῦ
1353 4322 1511 4389 ’ᾼσιᾶ
1554 4323 1827 4394 ἑϐδομάδα

230 4405 664 4477 παρελάμΰανεν
716 4410 881 4475 αὐτὸς
914 4412 1016 4483 τὴν
1045 4412 1391 4485 λειτουργίαν
1411 4430 1426 4446 ο
1469 4410 1591 4468 εἷπε
1621 4414 1732 4487 γὰρ
1758 4414 1827 4469 ἂν

227 4497 314 4551 ὅτι
354 4500 492 4568 μετὰ
514 4500 613 4571 τὴν
636 4504 948 4576 ἔφημερίαν
995 4505 1181 4559 Ἀσιᾶ·
1220 4506 1315 4561 νῦν
1336 4507 1392 4561 δὲ
1421 4506 1478 4574 ἐξ
1509 4508 1825 4579 ἐφημερίας

1940 3298 2075 3354 alter
2102 3307 2286 3352 autem
2315 3295 2635 3351 Zacharias.
2661 3295 2799 3362 Quia
2837 3294 3002 3365 igitur
3052 3294 3363 3351 sacerdotio
3410 3293 3538 3350 iuu-

1937 3400 2059 3446 ctus
2087 3398 2206 3444 erat
2234 3388 2399 3453 Abia,
2423 3398 2547 3459 post
2578 3387 2725 3443 illius
2776 3388 3147 3444 ministerium
3203 3386 3542 3443 ministravit

1934 3484 2096 3539 etiam
2125 3481 2441 3537 Zacharias.
2467 3478 2694 3535 Videtur
2724 3480 2885 3551 271
2922 3490 3106 3536 autem
3145 3496 3251 3537 non
3275 3481 3357 3537 sic
3382 3496 3534 3537 esse.

1938 3575 2194 3631 Salomon
2234 3577 2379 3630 enim
2422 3589 2547 3629 cum
2592 3573 2912 3643 periccisset
2942 3572 3228 3642 templum,
3251 3574 3542 3631 constituit

1936 3677 1992 3723 et
2020 3667 2314 3731 vices,boc
2346 3678 2432 3721 est
2464 3664 2838 3720 hebdomadas
2868 3682 2883 3718 :
2915 3673 2970 3719 et
3000 3662 3055 3718 in
3108 3677 3213 3717 una
3240 3666 3529 3719 constituit

1936 3759 2079 3815 iilios
2099 3758 2298 3821 Chore,
2320 3758 2372 3812 in
2393 3757 2497 3812 alia
2524 3757 2732 3826 Asaph,
2752 3756 2811 3811 in
2834 3756 2941 3811 alia
2963 3755 3185 3821 Abia,in
3217 3756 3320 3810 alia
3341 3756 3535 3811 alium.

1934 3852 2105 3922 Igitur
2137 3850 2282 3921 quod
2321 3851 2455 3906 dicit
2502 3850 2673 3906 fuisse
2704 3850 2772 3906 de
2818 3850 2941 3905 vice
2994 3848 3155 3916 Abia,
3194 3850 3275 3906 sic
3324 3859 3541 3920 oportet

1932 3943 2262 4015 intelligere,
2310 3943 2455 4020 quod
2504 3944 2573 3999 de
2617 3942 2956 3998 hebdomade
3007 3941 3144 3997 Abia
3182 3941 3368 3999 fuerit.
3418 3939 3537 3998 Non

1932 4037 2079 4108 quod
2101 4045 2223 4107 post
2249 4035 2646 4090 hebdomadam
2668 4034 2804 4089 Abia
2833 4033 3053 4089 functus
3077 4033 3150 4088 sit
3173 4032 3484 4090 ministerio
3510 4053 3525 4089 :

1932 4129 2165 4186 dixisset
2194 4128 2363 4192 enim,
2386 4136 2509 4198 post
2537 4125 2935 4183 hebdomadam
2966 4126 3101 4181 Abia
3130 4144 3142 4180 :
3171 4141 3317 4181 nunc
3350 4135 3534 4181 autem

1931 4236 2056 4277 cum
2105 4221 2260 4287 dixit,
2280 4221 2346 4276 de
2395 4222 2515 4275 vice
2557 4220 2717 4287 Abia,
2746 4219 2990 4276 ostendit
3042 4218 3191 4289 quod
3239 4234 3307 4274 ex
3341 4219 3537 4275 ordine

1932 4325 1988 4370 et
2016 4314 2361 4370 hebdomade
2398 4312 2553 4368 Abiu:
2593 4311 2781 4367 fuerit.
2811 4310 3113 4367 Ostendere
3143 4319 3324 4367 autem
3348 4312 3537 4368 volens

1932 4410 2077 4477 quod
2118 4424 2186 4463 ex
2218 4418 2451 4475 utroque
2486 4418 2713 4476 parente
2744 4405 2987 4475 legitime
3037 4404 3204 4459 fuerit
3236 4419 3305 4459 ex
3340 4419 3533 4461 sacer-

1932 4503 2098 4559 dotali
2126 4516 2325 4572 genere
2352 4500 2609 4561 Joannes,
2640 4499 2793 4565 dicit,
2822 4500 2885 4553 Et
2909 4514 3046 4553 uxor
3068 4496 3193 4565 cjits
3220 4498 3288 4553 de
3315 4497 3533 4551 liliahtts

244 4589 406 4644 Ἀϐιᾶ
456 4591 648 4659 εἰπὼν,
708 4574 1042 4665 παρίστησιν
1090 4597 1172 4651 ὄτι
1229 4600 1294 4651 ἐκ
1344 4598 1442 4669 τῆς
1487 4574 1821 4664 τάήξεωςγτοῦ

1935 4599 2135 4653 Aaron.
2160 4595 2277 4649 Non
2309 4594 2457 4649 enim
2493 4593 2691 4648 licebat
2720 4606 2785 4647 ex
2825 4592 2929 4645 alia
2972 4592 3115 4646 tribu
3154 4605 3383 4645 uxorem
3427 4588 3534 4643 du-

243 4681 406 4737 Ἀσια
435 4686 530 4738 καὶ
580 4686 680 4756 τῆς
713 4687 1009 4759 ἑϐδομάδος
1049 4685 1151 4761 ἦν·
1193 4690 1365 4756 δεῖξαι
1415 4691 1473 4745 δὲ
1516 4690 1689 4747 θέλων
1737 4691 1822 4745 ὅτι

134 4840 139 4841 ν
229 4775 578 4847 ἑκατέρωθεν
603 4779 852 4848 νομίμως
873 4775 1249 4851 ἦνίερατικοῦ
1267 4782 1457 4849 γένους
1481 4785 1509 4836 ὁ
1545 4783 1822 4854 Ἰωάννης,

1932 4706 2081 4757 cere,
2116 4688 2211 4745 sed
2262 4704 2329 4743 ex
2367 4690 2579 4741 eadem.
2608 4676 2888 4740 Elisaheth
2943 4686 3395 4755 interpretamur,
3430 4683 3528 4738 Dei

1932 4784 2159 4853 quietem
2191 4797 2210 4835 :
2238 4779 2530 4834 Zacharias
2559 4787 2767 4841 autem,
2796 4781 3121 4833 memoriam
3148 4776 3382 4833 Domini.

230 4871 389 4938 φησὶ,
419 4870 532 4925 Καὶ
565 4872 761 4943 ήγυνὴ
796 4874 964 4928 αὐτοῦ
1005 4876 1070 4929 ἐκ
1101 4875 1211 4929 τῶν
1238 4876 1558 4945 θυγατέρων
1597 4877 1839 4950 ’Δαρών·
1879 4877 1942 4931 οὐ
1986 4875 2097 4947 γὰρ
2130 4874 2259 4946 ἐξῆν
2307 4874 2405 4928 ἀπ’
2477 4871 2646 4943 ἄλλης
2683 4871 2858 4942 φυλῆς
2918 4871 3228 4940 ἀγαγέσθαι
3272 4874 3530 4943 γυναῖκα,

228 4963 349 5018 ἀλλ’
380 4965 491 5018 άπὸ
520 4966 619 5037 τῆς
647 4966 840 5037 αὐτῆς·
878 4967 1163 5023 Ἐλισάσετ
1184 4971 1241 5023 δὲ
1270 4970 1659 5041 ἑρμηνεύεται,
1686 4960 1836 5029 Θέοῦ
1853 4972 2203 5035 ἀνάπαυσις
2225 4986 2239 4999 ⁸
2275 4967 2555 5040 Ζαχαρίας
2583 4967 2662 5033 δὲ,
2684 4966 2895 5038 μνήμη
2926 4968 3176 5037 Κυρίου.

306 5078 328 5112 ε
364 5053 549 5113 Ἦσαν
570 5060 628 5114 δὲ
658 5060 857 5117 δίκαιοι
877 5064 1182 5135 ἀμφότεροι
1203 5064 1437 5120 ἐνώπιον
1465 5068 1561 5121 τοῦ
1592 5066 1752 5121 Θεοῦ.
1796 5086 1816 5120 ι

231 5154 503 5217 Πολλάκις
524 5154 669 5217 τινές
720 5156 828 5209 eiet
876 5155 1098 5223 δίκαιοι,
1158 5157 1401 5211 ἀλλὀὐκ
1458 5158 1693 5213 ἐνώπιον
1722 5158 1816 5213 τοῦ

226 5244 392 5309 θεοῦ,
441 5244 581 5299 ἀλλὰ
616 5246 759 5299 κατὰ
794 5246 859 5299 τὸ
892 5248 1238 5317 φαινόμενον,
1289 5249 1386 5303 καὶ
1434 5249 1668 5303 ἐνώπιον
1708 5249 1820 5303 τῶν

228 5336 579 5407 ἀνθρώπων·
618 5338 819 5393 ἐκεῖνοι
861 5338 918 5392 δέ
952 5356 1016 5408 γε
1070 5341 1302 5395 ἐνώπιον
1348 5341 1443 5394 τοῦ
1494 5341 1630 5395 Θεοῦ
1676 5338 1820 5413 ἦσαν

224 5433 483 5488 τοιοῦτοι.
519 5452 539 5487 ι
576 5416 945 5505 Πορευόμενοι
986 5438 1045 5492 ὲν
1070 5437 1275 5502 πάσαις
1309 5440 1429 5501 ταῖς
1455 5438 1698 5500 ἐντολαῖς
1724 5440 1819 5492 καὶ

223 5524 564 5597 ἱικαιώμασι
578 5526 675 5580 τοῦ
690 5529 911 5600 Κυρίου,
933 5528 1238 5600 ἄμεμπτοι.
1253 5550 1271 5583 ι
1301 5530 1547 5583 Ἐντολαὶ
1562 5531 1684 5600 μὲν,
1702 5527 1817 5584 οἷον

225 5618 308 5681 τὸ,
342 5620 416 5671 (ὶὺ
456 5619 785 5689 μοιχεύσεις,
812 5622 888 5673 οὐ
925 5621 1147 5691 κλέψεις
1169 5638 1184 5654 ο
1214 5622 1565 5690 δικαιώματα
1593 5623 1674 5687 δὲ,
1704 5618 1816 5678 οἷον

223 5713 308 5777 τὸ,
356 5712 417 5765 ’0
445 5711 764 5778 κακολογῶν
796 5715 1007 5783 πατέρα
1036 5714 1068 5783 ἢ
1109 5715 1344 5785 μητέρα,
1379 5714 1599 5786 θανάτῳ
1624 5716 1816 5769 τελευ-

225 5804 410 5859 τάτωο
441 5806 652 5859 δίκαιον
699 5805 807 5875 γὰρ
845 5804 1023 5877 τοῦτο.
1058 5806 1298 5860 Γίνωσκε
1332 5806 1412 5874 δὲ,
1468 5809 1549 5863 ὅτι
1588 5807 1815 5863 δύναται

2001 5066 2171 5123 Vsus.
2200 5065 2253 5120 6.
2292 5082 2311 5117 ‹
2347 5063 2522 5118 Erant
2548 5071 2733 5119 autem
2764 5063 2934 5117 εηιιιος
2947 5062 3080 5132 justi
3110 5078 3298 5118 coram
3327 5063 3456 5121 Deo.
3506 5085 3525 5119 ι

1929 5159 2165 5227 Quidam
2186 5156 2319 5225 justi
2351 5170 2497 5225 saepe
2518 5164 2671 5219 sunt,
2704 5163 2761 5208 at
2800 5170 2908 5208 non
2937 5169 3124 5209 coram
3155 5154 3289 5219 Deo,
3342 5158 3437 5210 sed
3477 5157 3529 5210 in

1928 5250 2167 5319 speciem
2217 5256 2455 5313 tantum,
2496 5253 2553 5301 et
2596 5260 2784 5300 coram
2833 5245 3186 5300 hominibus:
3223 5245 3301 5300 illi
3343 5256 3528 5302 autem

1926 5344 2095 5399 etiam
2125 5357 2311 5398 coram
2338 5341 2449 5395 Deo
2472 5342 2608 5412 justi
2642 5348 2823 5395 erant.
2848 5359 2866 5391 ι
2905 5338 3266 5395 Ambulantcs
3320 5340 3373 5395 in
3405 5356 3526 5396 om-

1927 5433 2091 5489 nibus
2121 5434 2408 5503 praaccptis
2432 5441 2485 5487 et
2508 5430 2996 5502 justiiicatiouibus
3038 5430 3253 5485 Domini
3280 5431 3525 5502 irrepre-

1930 5526 2251 5581 hensihiles.
2285 5544 2302 5577 I
2334 5525 2585 5579 Mandata
2628 5524 2849 5594 quidem
2893 5532 3043 5590 sunt,
3077 5534 3138 5579 ut
3176 5539 3249 5579 ne
3280 5527 3521 5588 occidas,

1926 5633 1995 5674 ne
2029 5618 2357 5673 adulterium
2380 5618 2731 5673 committas:
2758 5616 3180 5686 iustiﬁcationes
3212 5628 3422 5681 autem,
3464 5624 3526 5673 ut

1923 5714 2016 5781 qtti
2066 5712 2413 5768 maledixerit
2454 5711 2621 5782 patri,
2653 5710 2740 5767 vel
2786 5712 2973 5774 matri,
3004 5722 3181 5767 morte
3222 5712 3511 5766 moriatur.

1923 5802 2136 5860 iustum
2170 5807 2317 5861 enim
2353 5806 2479 5861 hoc.
2516 5804 2669 5859 Scito
2718 5813 2903 5859 autem
2944 5805 3087 5873 quod
3113 5812 3169 5859 et
3200 5803 3519 5858 mandatum

223 5900 319 5952 καὶ
361 5900 400 5971 ἠ
445 5901 636 5969 ἐντολὴ
693 5899 971 5969 δικαίωμα
1020 5896 1427 5969 ὀνομάζεσθαι,
1471 5900 1549 5963 ὡς
1602 5899 1813 5957 δίκαιον

1935 5898 2241 5956 ustiﬁcatio
2280 5899 2551 5955 nominari
2592 5905 2795 5969 potest,
2842 5897 3264 5969 utpotcjustum
3316 5895 3525 5957 iaciens

1229 6005 1323 6067 Ex-
1357 6003 1699 6070 collatione
1738 6004 1926 6071 codd.
1960 6006 2165 6070 Venet
2198 6005 2263 6069 S.
2297 6004 2515 6071 Marci.

274 6118 281 6129 '
324 6104 436 6179 (96)
466 6106 595 6171 Cod.
634 6103 727 6179 ὅτι,
764 6109 1041 6183 ὲςετοζεὶιν
1074 6110 1320 6179 εἰκότως.
