4028 6414
502 433 609 496 C95

1423 429 2002 492 THEOPHYLACTI
2044 429 2460 493 BULGARL‘E
2511 433 2868 495 ARCHIEP.

3658 425 3772 495 £96

501 545 800 610 hominem,
830 545 936 597 imn
983 550 1039 596 et
1091 540 1181 594 Dei
1206 539 1524 611 justiﬁcatio
1558 541 1848 598 exsistens.
1877 540 1937 594 in
1988 539 2074 594 die

2186 542 2331 596 ποιοῦ
2342 559 2408 596 σα
2432 542 2523 595 τὸν
2555 542 2843 611 ἄνθρωπον
2860 550 2890 607 ,’
2912 538 3113 611 μᾶλλον
3141 538 3196 592 δὲ
3218 535 3313 592 καὶ
3335 533 3429 590 τοῦ
3452 533 3595 590 Θεοῦ
3630 531 3768 592 οὖσα

505 638 649 691 enim
674 635 786 702 illa,
827 633 979 703 quasi
1008 633 1268 702 scriptam
1306 634 1593 700 quamdam
1630 631 2074 701 justifieationem

503 731 711 786 habens
756 729 898 784 Deus
946 727 1061 797 ipsa
1115 727 1389 791 mandata,
1440 726 1766 782 condemnat
1810 741 1931 783 nos.
1961 725 2073 782 Nisi

501 821 646 874 enim
679 820 969 884 venissem,
1007 819 1201 887 inquit,
1229 826 1284 872 et
1317 817 1732 874 locutusessem
1751 821 1851 885 eis,
1878 833 2074 887 pecca-

502 924 612 965 tum
647 927 751 966 non
789 911 1123 966 habuissent.
1164 909 1230 964 Et
1266 911 1493 965 iterum:
1533 908 1727 965 Sermo
1781 925 1942 980 quem
1990 909 2072 966 lo-

500 1012 656 1056 cutus
685 1017 803 1057 sum
831 1002 932 1066 eis,
980 1002 1071 1057 ille
1100 1018 1198 1058 eos
1231 1002 1636 1059 condemnabit.
1671 1002 1856 1070 Quare
1895 1013 2073 1059 autem

499 1113 622 1152 cum
641 1097 793 1161 dixit,
814 1097 1154 1152 ambulantes
1169 1097 1221 1151 in
1236 1096 1490 1151 omnibus
1504 1096 1887 1166 mandatis,adj
1900 1097 2076 1164 unxit,

432 1195 433 1198 ‘
502 1187 1002 1257 irreprehensibiles
1020 1189 1045 1242 ?
1065 1189 1232 1242 Audi.
1257 1187 1405 1241 Multi
1429 1188 1708 1243 ambulant
1740 1189 1792 1242 in
1819 1188 1934 1256 lege
1960 1189 2074 1251 Dei,

501 1280 594 1334 sed
617 1280 795 1335 omnia
825 1279 1031 1336 iaciunt
1063 1287 1121 1334 ut
1148 1280 1434 1334 videantur
1463 1279 1533 1334 ab
1571 1280 1900 1335 hominibus.
1921 1277 2079 1334 Tales

503 1373 672 1442 igitur
698 1389 801 1428 non
837 1385 961 1430 sunt
990 1373 1524 1444 irreprehensibiles.
1555 1370 1661 1426 Sed
1706 1371 1999 1426 Zacharias
2025 1381 2079 1427 et

502 1466 631 1525 fecit
660 1469 931 1535 mandata,
965 1480 1022 1524 et
1058 1469 1195 1526 citra
1251 1467 1724 1537 reprehensionem
1777 1467 1922 1533 fecit,
1975 1475 2077 1521 n0n

504 1571 562 1614 ut
592 1561 899 1617 hominibus
932 1561 1141 1629 placeat
1172 1560 1299 1615 talia
1334 1561 1558 1615 iaciens.

577 1739 743 1795 Vens.
775 1740 827 1792 7.
871 1757 888 1790 ι
925 1735 1037 1793 Nec
1087 1747 1206 1792 erat
1256 1737 1362 1792 illis
1394 1738 1599 1807 proles,
1635 1753 1700 1793 eo
1725 1739 1868 1808 quod
1904 1737 2077 1793 Eliso-

413 1823 418 1830 ’
503 1830 632 1884 heth
659 1829 864 1885 sterilis
898 1837 1127 1886 essetet
1158 1829 1317 1884 ambo
1347 1839 1616 1900 provecta:
1634 1830 1745 1900 jam
1782 1830 1956 1884 aetatis
1992 1845 2079 1883 es-

505 1927 646 1974 sent.
680 1938 699 1971 ι
749 1917 1029 1974 Justorum
1073 1920 1328 1976 mulieres
1359 1929 1414 1974 et
1453 1919 1638 1987 justas,
1673 1935 1816 1988 saepe
1863 1921 2076 1975 steriles

505 2011 744 2077 fuerunt,
783 2013 1048 2068 utdiscas
1098 2011 1268 2084 legem
1312 2028 1416 2068 non
1453 2013 1676 2083 exigere
1709 2013 2074 2081 corporalium

508 2103 739 2158 ﬁliorum
765 2105 1218 2174 procreationem,
1247 2105 1341 2158 sed
1384 2103 1768 2172 spiritualium.
1802 2103 2078 2159 Provecta:

506 2203 685 2252 autem
712 2195 886 2250 atatis
918 2197 1078 2252 ambo
1118 2206 1294 2261 erant,
1333 2207 1442 2250 tam
1473 2212 1724 2266 corpore,
1758 2213 1922 2268 quam
1956 2199 2075 2252 ani-

507 2302 616 2341 ma.
643 2285 850 2342 Etenim
874 2287 1026 2356 juxta
1045 2289 1280 2342 animam
1307 2290 1688 2360 profecerant“
1719 2301 1774 2345 et
1807 2291 2075 2361 progressi

507 2389 682 2445 erant,
718 2390 979 2448 ponentes
1007 2380 1357 2435 ascensiones
1393 2382 1442 2434 in
1471 2382 1660 2446 corde,
1686 2391 1741 2436 et
1792 2383 1933 2436 diem
1966 2383 2077 2435 ha-

508 2469 717 2530 bentes.
742 2471 836 2524 sed
865 2485 968 2525 nou
1005 2480 1215 2526 noctem
1250 2473 1454 2527 vitam:
1493 2483 1550 2526 ut
1595 2474 1647 2527 in
1689 2474 1809 2530 luce
1852 2475 2078 2529 honeste

507 2568 749 2629 agentes.

579 2735 742 2792 Vsus.
771 2737 925 2792 8-10.
967 2757 986 2788 ‹
1029 2737 1254 2793 Factum
1289 2748 1373 2794 est
1404 2749 1583 2795 autem
1621 2756 1741 2796 cum
1780 2741 2081 2796 sacerdotio

507 2829 827 2899 fungeretur
857 2830 1151 2885 Zacharias
1206 2831 1258 2885 in
1310 2831 1500 2888 ordine
1540 2834 1674 2888 vicis
1715 2850 1825 2889 suae
1899 2847 2081 2886 coram

512 2921 642 2983 Deo,
673 2922 969 2974 secundum
1003 2920 1449 2976 consuetudinem
1488 2923 1780 2978 functioois
1833 2924 2084 2977 sacerdo-

511 3009 790 3074 talis,sors
815 3008 889 3063 illi
908 3009 1126 3064 obvenit
1153 3020 1208 3065 ut
1237 3011 1436 3067 odores
1471 3016 1782 3068 incenderet
1808 3014 2083 3081 ingressus

511 3102 564 3154 in
595 3101 850 3169 templum
879 3102 1116 3168 Domini,
1148 3112 1201 3156 et
1222 3106 1402 3161 omnis
1432 3106 1720 3162 multitudo
1747 3105 1928 3175 populi
1963 3118 2083 3173 pre-

513 3189 736 3248 cabatur
763 3191 894 3245 ioris
941 3201 1181 3262 tempore
1233 3194 1614 3263 thymiamatis.
1675 3212 1692 3244 ι
1726 3195 1920 3250 Coram
1975 3193 2085 3249 Deo

513 3282 699 3337 mundi
734 3283 836 3337 soli
872 3283 1032 3352 272
1064 3283 1371 3338 sacerdotio
1395 3284 1714 3355 funguntur,
1751 3288 1817 3340 ab
1860 3287 2087 3354 impuris

511 3381 688 3425 autem
716 3373 914 3427 avertit
946 3373 1085 3427 Deus
1110 3373 1300 3429 faciem
1320 3390 1495 3431 suam.
1517 3374 1744 3442 Quando
1765 3387 1941 3432 autem
1967 3394 2045 3433 sou
2061 3393 2087 3433 s

513 3462 591 3515 illi
624 3463 844 3517 obvenit
879 3471 936 3517 ut
967 3463 1287 3520 incenderet
1319 3466 1551 3521 odores?
1586 3464 1680 3518 Vel
1721 3467 1941 3521 omnino
1985 3483 2044 3521 sc
2065 3498 2085 3507 -

513 3553 749 3608 cundum
806 3563 1012 3623 tempus
1077 3555 1514 3623 deprecationis,
1564 3558 1783 3626 quando
1839 3558 1986 3611 Solus
2033 3563 2084 3611 in

515 3641 711 3696 Sancta
741 3651 1046 3698 sanctorum
1084 3645 1489 3714 ingrediebatur
1517 3662 1760 3704 summus
1791 3649 2045 3703 sacerdos
2071 3667 2083 3701 :

515 3741 574 3786 ut
603 3732 871 3788 discamus
895 3734 1036 3802 quod
1085 3736 1534 3803 quemadmodum
1563 3751 1808 3794 summus
1833 3739 2088 3796 sacerdos

517 3824 914 3889 isteingrcssus
942 3825 993 3878 in
1017 3821 1213 3880 Sancta
1240 3839 1555 3882 sanctorum
1581 3828 1815 3883 fructum
1844 3831 2083 3897 accepit,

514 3917 598 3970 sic
628 3925 682 3970 et
709 3917 967 3970 Dominus
1011 3916 1168 3972 Jesus
1211 3920 1325 3984 ipse
1369 3922 1516 3974 solus
1546 3933 1599 3975 et
1622 3937 1809 3976 revera
1845 3938 2089 3977 summus

515 4008 785 4060 sacerdos-
817 4007 1094 4076 ingressus
1127 4010 1177 4060 in
1211 4008 1405 4063 Sancta
1433 4023 1765 4078 sanctorum,
1793 4014 1893 4067 hoc
1922 4023 2003 4067 cst
2035 4015 2087 4066 in

515 4104 712 4157 malum
763 4117 883 4158 cum
934 4119 1118 4170 carne,
1152 4104 1386 4162 fructum
1443 4110 1651 4176 accepit
1703 4125 1836 4176 suze,
1871 4125 1988 4178 qua:
2033 4111 2086 4163 in

516 4214 681 4252 carne
708 4208 844 4265 erat,
876 4198 1203 4254 visitationis
1242 4209 1481 4255 nostram
1512 4201 1741 4256 salutem
1791 4203 1922 4256 etin
1956 4203 2090 4256 lilios

515 4290 886 4358 adeptionem.

591 4380 751 4437 Vens.
781 4385 867 4440 Η.
906 4401 924 4436 ι
958 4385 1222 4453 Apparuit
1252 4394 1428 4440 autem
1472 4385 1547 4439 illi
1598 4386 1822 4456 angelus
1879 4386 2088 4440 Domini

517 4480 667 4529 stans
701 4491 730 4532 a
763 4477 971 4531 dextris
998 4476 1184 4530 altaris
1221 4477 1609 4547 thymiamatis.
1651 4497 1669 4531 ι
1706 4477 1822 4533 Non
1841 4479 2090 4533 omnibus

517 4578 738 4634 apparet
766 4567 1010 4637 angelus,
1043 4569 1137 4623 sed
1174 4570 1388 4624 mundis
1416 4570 1600 4635 corde,
1641 4569 1818 4639 qualis
1842 4580 1960 4624 erat
1985 4569 2090 4623 Ζιέ

519 4658 755 4714 charias.
790 4660 979 4715 Altate
1008 4670 1187 4714 autem
1219 4663 1585 4731 thymiamatis
1627 4663 1787 4729 dixit,
1819 4663 1947 4733 quia
1973 4671 2092 4718 erat

519 4761 571 4804 et
601 4751 830 4807 alterum
865 4753 1035 4808 altare
1059 4753 1519 4809 bolocaustorum.

593 4935 759 4990 Vens.
806 4935 992 4992 lii-li.
1046 4952 1066 4986 ι
1117 4935 1180 4988 Ει
1226 4934 1476 4990 turbatus
1521 4944 1603 4990 est
1648 4936 1962 5001 Zacharias,
1998 4937 2089 4993 illo

527 5029 738 5089 viso,ac
771 5028 931 5081 timor
950 5027 1107 5080 irruit
1136 5043 1299 5095 super
1327 5040 1472 5081 eum.
1506 5026 1650 5080 Dixit
1673 5037 1853 5081 autem
1878 5029 1943 5080 ad
1967 5041 2089 5082 eum

522 5115 773 5184 angelus:
816 5115 894 5170 Ne
941 5116 1155 5181 timeas,
1207 5116 1492 5182 Zacharia,
1529 5119 1785 5188 quoniam
1837 5119 2094 5173 exaudita

521 5217 603 5260 est
630 5207 941 5275 deprecatio
974 5217 1097 5262 tua:
1145 5222 1387 5277 uxorque
1431 5219 1519 5263 tua
1571 5209 1847 5267 Elisabeth
1904 5211 2081 5279 pariet

525 5297 620 5351 tibi
675 5298 862 5365 lilium,
919 5310 975 5353 et
1013 5301 1228 5356 vocabis
1279 5317 1472 5357 nomen
1531 5304 1652 5373 ejus
1701 5301 1998 5360 Joannem:
2039 5313 2094 5358 et

524 5389 629 5443 erit
659 5392 908 5458 gaudium
929 5393 1022 5445 tibi
1044 5393 1421 5460 etexsultatio,
1447 5395 1705 5463 multique
1739 5396 1791 5450 in
1811 5395 2095 5451 nativitate

525 5479 641 5546 ejus
680 5482 1007 5548 gaudebunt.
1044 5504 1062 5535 ι
1104 5484 1376 5540 Turbatur
1405 5487 1620 5556 quidem
1655 5488 1972 5542 Zacharias.
2009 5490 2097 5541 ln—

525 5568 697 5624 solitaa
725 5572 866 5624 enim
906 5573 1141 5630 visiones
1171 5577 1330 5630 etiam
1364 5588 1584 5632 sanctos
1620 5579 1857 5633 turbant.
1893 5579 2095 5632 Verum

529 5658 768 5727 angelus
805 5661 1089 5718 confestim
1114 5665 1478 5724 turbationem
1507 5669 1678 5724 sedat.
1711 5665 1918 5739 Ubique
1950 5669 2093 5724 enim

593 5843 790 5899 “Psal.
835 5862 1054 5915 Lsxxttt,
1099 5851 1144 5902 l.

2176 635 2474 705 δικαίωμα.
2503 635 2594 688 Ἐν
2617 636 2724 705 γάρ
2747 637 2810 704 τῇ
2841 633 3027 704 ἡμέρᾳ
3047 631 3230 716 ἐκείνῃ
3256 629 3446 697 ὥσπερ
3467 646 3520 683 τι
3545 628 3776 683 δικαίω-

2181 746 2257 800 μα
2299 729 2597 798 ἔγγραφον,
2621 727 2779 798 ’ἔχων
2826 726 3012 791 ὀΘεδς
3045 726 3144 789 τὰς
3167 724 3408 789 ὲντολὰς,
3441 723 3771 791 κατακρίνει

2176 823 2344 892 ἡμᾶς.
2384 821 2447 875 El
2477 821 2552 892 μὴ
2580 815 2743 890 ἦλθον
2775 818 2907 889 γάρ,
2964 816 3122 888 φησὶ,
3154 817 3250 869 καὶ
3277 813 3520 882 ἐλάλησα
3553 814 3768 876 αὐτοῖς,

2176 911 2453 982 ἁμαρτίαν
2488 911 2588 963 οὐκ
2616 905 2761 981 εἶχον
2783 925 2796 938 ο
2815 893 2922 962 ¹καὶ
2947 905 3130 969 πάλιν,
3161 905 3224 957 '0
3251 903 3406 971 λόγος
3435 902 3493 954 ὃν
3525 899 3771 970 ὶλὰλησα

2178 1006 2382 1069 αὐτοῖς,
2415 1004 2622 1065 ἐκεῖνος
2648 1001 2845 1063 αὐτοὺς
2871 1000 3068 1070 κρινεῖ.
3100 997 3260 1059 Τίνος
3295 997 3349 1049 δὲ
3373 996 3560 1048 ἕνεκεν
3586 993 3766 1062 πρόσ-

2185 1115 2362 1152 κειται
2421 1095 2517 1166 τῷ,
2563 1093 2923 1164 πορευόμενοι
2981 1093 3040 1143 ὲν
3093 1090 3296 1151 πάσαις
3330 1090 3450 1150 ταῖς
3492 1085 3767 1148 ἐντολαῖς,

2179 1190 2260 1252 τὸ,
2310 1188 2621 1258 ἀμεμπτοις
2653 1186 2852 1237 Ἄκουε
2876 1201 2888 1214 ο
2918 1180 3175 1242 πολλάκις
3199 1179 3340 1240 τινὲς
3367 1175 3694 1248 πορεύονται
3711 1175 3775 1228 ὲν

2179 1282 2257 1351 τῷ
2309 1281 2455 1351 νόμῳ
2499 1278 2594 1332 τοῦ
2626 1277 2783 1339 Θεοῦ,
2826 1275 2963 1331 ἀλλὰ
3016 1274 3195 1327 πάντα
3245 1269 3459 1324 ποιοῦσι.
3510 1266 3654 1337 πρὸς
3707 1266 3772 1318 τὸ

2181 1374 2440 1444 θεαθῆναι
2472 1375 2583 1436 τοῖς
2605 1369 2949 1440 ἀνθρώποις·
2981 1365 3181 1420 οὔκουν
3204 1362 3556 1433 άμεμπτοιοί
3587 1356 3770 1413 τοιοῦ-

2180 1487 2295 1523 τοι·
2343 1472 2370 1522 6
2398 1467 2454 1521 δὲ
2509 1463 2781 1536 Ζαχαρίας
2819 1464 2915 1515 καὶ
2953 1460 3188 1530 ἔπραττε
3233 1455 3334 1520 τὰς
3375 1453 3622 1516 ἐντολὰς,
3671 1450 3770 1503 καὶ

2180 1561 2484 1631 ἀμέμπτως
2509 1559 2764 1628 ἔπραττε,
2791 1555 2864 1627 μὴ
2891 1553 2980 1609 διὰ
2998 1553 3058 1607 τὸ
3085 1550 3280 1622 ἀρέσαι
3308 1550 3421 1611 τοῖς
3451 1543 3769 1616 ἀνθρώποις

2182 1657 2385 1715 ταύτας
2419 1650 2606 1703 τελῶν.

2261 1767 2278 1796 ι
2311 1744 2418 1797 Καὶ
2443 1744 2542 1796 οὐκ
2571 1737 2638 1811 ἦν
2670 1741 2856 1802 αὐτοῖς
2901 1739 3112 1800 τέκνον,
3146 1735 3268 1788 καθ’
3294 1735 3378 1788 ὃτι
3405 1734 3438 1803 ή
3480 1729 3771 1787 Ἐλισάϐετ

2182 1836 2250 1906 ἦν
2307 1838 2528 1905 στεῖρα·
2585 1833 2681 1886 καὶ
2731 1833 3033 1900 ἀμφότεροι
3077 1825 3487 1896 προϐεϐηκότες
3545 1825 3605 1877 ὲν
3644 1826 3770 1888 ταῖς

2185 1929 2418 2000 ἡμέραις,
2443 1925 2621 1980 αὐτῶν
2650 1920 2812 1995 ἦσαν.
2837 1941 2855 1974 ι
2894 1923 2958 1976 Ai
2981 1921 3087 1974 τῶν
3111 1919 3338 1973 δικαίων
3363 1919 3644 1984 γυναῖκες,
3674 1917 3772 1969 καὶ

2186 2026 2240 2078 αἱ
2268 2023 2491 2085 δίκαιαι,
2519 2019 2776 2079 πολλάκις
2799 2017 3038 2070 ἄτεκνοι·
3073 2014 3161 2067 ἴνα
3191 2013 3254 2065 σὺ
3291 2011 3491 2082 μάθῃς,
3522 2011 3606 2063 ὅτι
3631 2011 3660 2062 6
3682 2009 3772 2061 v6-

2189 2132 2287 2185 μος
2307 2116 2405 2166 οῦκ
2427 2113 2650 2165 ἀπαιτεῖ
2673 2108 3030 2161 πολυτεκνίαν
3059 2093 3401 2174 σωματικὴν,
3439 2100 3578 2156 ἀλλὰ
3596 2117 3768 2154 πνευ·

2189 2207 2446 2277 ματικήν.
2508 2202 2924 2273 Προὸεδηκότες
2973 2199 3028 2252 δὲ
3092 2193 3234 2268 ἦσαν
3285 2195 3610 2264 ἀμφότεροι,
3671 2192 3772 2245 καὶ

2186 2299 2325 2353 κατά
2344 2297 2404 2350 τὶ
2427 2297 2586 2364 σῶμα
2611 2297 2705 2347 καὶ
2733 2292 2874 2346 κατὰ
2895 2291 2956 2344 τὸ
2974 2290 3191 2360 πνεῦμα
3211 2305 3224 2320 ο
3253 2290 3347 2342 καὶ
3367 2285 3598 2356 γὰρκαὶ
3627 2282 3774 2337 κατά

2185 2389 2365 2458 ψυχὴν
2428 2384 2762 2455 προέὸησαν,
2795 2381 3041 2435 τουτέστι
3091 2377 3424 2450 προέκοψαν,
3471 2371 3772 2434 ἀναϐάσεις

2186 2485 2241 2534 ὲν
2275 2483 2338 2550 τῇ
2373 2478 2571 2548 καρδία
2599 2476 2892 2544 τιθέμενοι,
2927 2473 3020 2527 καὶ
3051 2471 3264 2541 ἡμέραν
3289 2469 3524 2538 ἔχοντες,
3558 2462 3677 2516 ἀλλ’
3706 2461 3771 2514 οὐ

2187 2575 2358 2627 νύκτα
2381 2573 2470 2624 τὸν
2496 2570 2629 2639 βίον,
2655 2567 2730 2629 ὡς
2765 2567 2822 2619 ὲν
2850 2564 2987 2633 φωτὶ
3017 2559 3452 2632 περιπατοῦντες
3485 2553 3771 2624 εὐσχημό-

2189 2685 2316 2719 νως.

2266 2685 2568 2820 ΐἘγένετο
2614 2749 2669 2809 δὲ
2711 2750 2768 2800 ὲν
2807 2745 2883 2814 τῷ
2915 2742 3218 2814 ἱερατεύειν
3241 2739 3403 2794 αὐτὸν
3432 2739 3489 2790 ὲν
3517 2739 3584 2806 τῇ
3614 2735 3773 2802 τάξει

2188 2846 2289 2914 τῆς
2313 2840 2618 2913 ἐφημερίας
2657 2835 2823 2891 αὑτοῦ
2855 2836 3032 2887 ἔναντι
3059 2831 3151 2885 τοῦ
3185 2829 3347 2893 Θεοῦ,
3389 2828 3530 2882 κατὰ
3556 2828 3618 2881 τδ
3648 2825 3775 2889 ἔθος

2189 2937 2286 3001 τῆς
2319 2932 2611 3002 ἱερατείας,
2646 2929 2800 2995 ἔλαχε
2833 2924 2927 2977 τοῦ
2961 2924 3251 2990 θυμιάσαι,
3278 2917 3539 2972 εἰσελθὼν
3567 2919 3647 2978 είς
3680 2915 3775 2970 τὸν

2189 3025 2316 3079 ναὺν
2363 3023 2458 3074 τοῦ
2511 3019 2715 3088 Κυρίου
2738 3034 2750 3048 ·
2802 3016 2892 3067 καὶ
2924 3015 3032 3066 πᾶν
3070 3013 3131 3065 τὸ
3161 3012 3366 3084 πλῆθος
3409 3006 3480 3080 ἦν
3509 3008 3606 3062 τοῦ
3639 3007 3774 3062 λαοῦ

2191 3117 2625 3188 προσευχόμενον
2655 3111 2758 3175 ἔξω
2781 3111 2847 3179 τῇ
2897 3107 3015 3177 ὥρᾳ
3037 3105 3129 3159 τοῦ
3178 3103 3544 3174 θυμιάματος.
3587 3120 3604 3152 ι
3642 3101 3776 3153 Ἔν-

2116 3233 2160 3292 C
2193 3227 2310 3261 αντι
2348 3205 2484 3258 Θεοῦ
2517 3205 2565 3256 oi
2619 3200 2852 3270 καθαροὶ
2903 3197 3054 3267 μόνοι
3097 3195 3503 3265 ίερατέυουσιν·
3564 3191 3675 3245 ἀπὸ
3715 3191 3779 3244 δὲ

2189 3302 2296 3354 τῶν
2333 3301 2408 3369 μὴ
2469 3295 2726 3365 καθαρῶν
2762 3291 3098 3361 ἀποστρέφει
3145 3291 3173 3343 6
3204 3287 3336 3350 Θεὸς
3368 3287 3427 3340 τὺ
3476 3286 3776 3357 πρόσωπον

2189 3392 2378 3447 αὑτοῦ.
2415 3390 2550 3444 Πότε
2573 3388 2628 3452 δὲ
2657 3387 2817 3455 ἔλαχε
2845 3383 2938 3438 τοῦ
2971 3382 3231 3452 θυμιᾶσαι
3252 3398 3267 3447 ;
3287 3380 3360 3432 “ﬂ
3389 3378 3609 3438 πάντως
3635 3375 3781 3429 κατὰ

2187 3487 2276 3539 cev
2303 3484 2495 3552 καιρὸν
2530 3479 2622 3533 τοῦ
2651 3474 2902 3546 ἱλασμοῦ,
2939 3475 3027 3527 ὅτε
3077 3473 3234 3543 μόνος
3288 3471 3580 3540 εἰσήρχετο
3601 3469 3685 3530 είς
3709 3467 3780 3519 τά

2190 3578 2357 3644 ’Ἅγια
2408 3573 2518 3626 τῶν
2565 3571 2737 3638 ἁγίων
2794 3571 2822 3621 6
2859 3565 3188 3638 ἁρχιερεύς’
3251 3563 3340 3615 ἴνα
3392 3560 3656 3631 μάθωμεν
3691 3558 3776 3612 ὅτι

2187 3667 2376 3734 ὥσπερ
2409 3663 2436 3714 6
2465 3661 2753 3732 ἀρχιερεὺς
2780 3651 2957 3722 οὗτος,
2990 3652 3247 3708 εἰσελθὼν
3270 3653 3349 3713 εἰς
3376 3653 3444 3703 τά
3469 3651 3640 3718 ’Ἅγια
3667 3647 3778 3701 τῶν

2191 3760 2360 3826 ἁγίων
2388 3756 2544 3808 ἔλαϐε
2580 3752 2811 3820 καρπὸν,
2848 3747 2991 3802 οὓτω
3039 3746 3134 3799 καὶ
3164 3748 3191 3798 6
3229 3744 3431 3814 Κύριος
3478 3740 3688 3811 Ἰησοῦς
3739 3743 3782 3793 ἁ

2195 3850 2353 3918 μόνος
2381 3847 2470 3899 καὶ
2499 3845 2674 3914 μέγας
2696 3841 2773 3910 τῷ
2803 3840 2916 3892 ὄντι
2965 3836 3274 3907 ἀρχιερεὺς,
3314 3831 3576 3886 εἰσελθὼν
3598 3831 3679 3893 είς
3706 3829 3778 3883 τὰ

2193 3942 2359 4006 ’Ἅγια
2378 3937 2486 3990 τῶν
2514 3935 2682 4001 ἁγίων
2706 3973 2719 3996 ,
2751 3930 3052 3993 τουτέστιν,
3100 3929 3178 3989 είς
3221 3926 3311 3978 τὸν
3337 3923 3571 3994 οὐρανὸν
3636 3921 3779 3990 μετὰ

2192 4027 2413 4098 σαρκὸς,
2433 4022 2589 4076 ἔλαὸε
2615 4019 2823 4090 καρπον
2850 4017 2946 4083 τῆς
2970 4016 3236 4083 ὲνσάρκου
3261 4013 3426 4065 αὐτοῦ
3452 4011 3780 4082 ἐπιδημίας,

2190 4122 2288 4190 τὴν
2321 4116 2597 4188 ἡμετέραν
2629 4109 2897 4164 υἱοθεσίαν
2918 4107 3014 4160 καὶ
3047 4106 3319 4175 σωτηρίαν

2271 4404 2288 4435 ι
2325 4383 2498 4453 Ὠφθη
2521 4384 2578 4436 δὲ
2599 4383 2746 4453 αῦτῷ
2774 4384 3001 4451 ἄγγελος
3035 4382 3266 4454 Κυρίου,
3295 4380 3466 4445 ἑστὼς
3491 4381 3558 4434 ὲκ
3583 4379 3780 4446 δεξιῶν

2193 4479 2287 4530 τοῦ
2311 4475 2697 4546 θυσιαστηρίου
2729 4476 2822 4527 τοῦ
2858 4477 3225 4544 θυμιάματος.
3263 4494 3281 4526 ι
3315 4474 3389 4528 Οὐ
3421 4475 3559 4527 πᾶσι
3589 4475 3780 4545 φαίνεο

2126 4570 2168 4624 D
2197 4583 2285 4620 ται
2309 4567 2337 4618 6
2362 4541 2615 4632 ἄγγελος,
2650 4564 2784 4618 ἀλλὰ
2808 4566 2920 4626 τοῖς
2948 4541 3208 4633 καθαροῖς
3229 4564 3295 4633 τῇ
3329 4562 3554 4632 καρδία,
3579 4541 3693 4626 οἷος
3713 4559 3784 4634 ἦν

2198 4660 2226 4711 6
2251 4656 2545 4728 Ζαχαρίας,
2572 4655 2966 4726 Θυσιαστήριον
2992 4655 3048 4708 δὲ
3077 4654 3172 4708 τοῦ
3224 4653 3576 4722 θυμιάματος
3606 4649 3781 4719 εἶπεν,

2199 4753 2321 4804 ἐπεὶ
2347 4746 2414 4821 ἦν
2437 4750 2530 4804 καὶ
2563 4749 2750 4816 ἕτερον
2786 4747 3195 4820 θυσιαστήριον,
3231 4747 3292 4801 τὸ
3320 4746 3431 4800 τῶν
3467 4747 3786 4802 ὀλοιιιαυτω⁸

2203 4841 2412 4909 μάτων.

2281 4951 2300 4983 ι
2341 4932 2451 4985 Καὶ
2489 4930 2763 5002 ἐταράχθη
2789 4927 3060 4998 Ζαχαρίας
3104 4925 3246 4990 ἰδὼν,
3271 4924 3366 4980 καὶ
3392 4923 3556 4993 φόϐος
3584 4924 3786 4978 ἐπέπε-

2201 5040 2291 5076 σεν
2332 5023 2417 5075 ἐπ’
2453 5022 2636 5076 αὐτόν.
2692 5017 2826 5072 Eine
2876 5019 2931 5071 δὲ
2963 5018 3098 5087 πρὸς
3129 5016 3292 5069 αὐτὸν
3325 5017 3353 5068 6
3380 5014 3641 5082 ἁγγελοςο
3689 5015 3782 5084 Μὴ

2201 5113 2390 5185 φοϐοῦ,
2419 5113 2686 5183 Ζαχαρία,
2721 5112 2853 5165 διότι
2877 5109 3208 5182 είσηκοῦσθη
3237 5111 3270 5179 ή
3302 5108 3488 5178 δέησίς
3524 5124 3618 5159 σου
3644 5122 3660 5138 ο
3691 5107 3786 5161 καὶ

2199 5210 2233 5275 ἡ
2270 5207 2403 5276 γυνή
2465 5223 2559 5257 σου
2612 5203 2893 5258 Ἐλισάσετ
2940 5202 3194 5273 γεννήσει
3246 5199 3362 5253 υίόν
3407 5215 3512 5262 σοι,
3559 5199 3658 5252 καὶ
3689 5217 3786 5252 κα·

2201 5297 2377 5360 λέσεις
2411 5296 2470 5348 τὸ
2493 5296 2666 5364 ὄνομα
2695 5294 2862 5349 αὐτοῦ
2906 5295 3188 5363 Ἰωάννην·
3220 5294 3314 5346 καὶ
3343 5291 3498 5345 ἔσται
3526 5290 3675 5361 χαρά
3701 5305 3784 5343 σοι

2203 5389 2297 5442 καὶ
2327 5388 2673 5456 ἀγαλλίασις,
2731 5388 2826 5439 καὶ
2853 5385 3038 5440 πολλοὶ
3070 5387 3162 5437 ἐπὶ
3193 5387 3259 5454 τῇ
3297 5383 3553 5454 γεννήσει
3609 5379 3779 5434 αὐτοῦ

2202 5483 2558 5552 χαρήσονται.
2605 5498 2623 5531 ι
2684 5470 3148 5551 Ταράττεταίμὲν
3185 5478 3213 5530 6
3241 5475 3538 5546 Ζαχαρίας.
3587 5475 3784 5526 Ἀσυν-

2203 5574 2340 5644 ήθης
2375 5574 2483 5643 γὰρ
2521 5572 2641 5641 ὄψις
2696 5573 2791 5624 καὶ
2840 5573 2968 5634 τοὺς
3022 5571 3210 5638 ἁγίους
3257 5568 3536 5639 ταράττει.
3583 5565 3726 5618 Ἀλλ’
3757 5565 3784 5615 6

2203 5666 2433 5737 ἄγγελος
2483 5663 2836 5722 καταστέλλει
2874 5662 2973 5732 τὴν
3028 5662 3296 5732 ταραχήνο
3343 5659 3624 5732 πανταχοῦ
3673 5657 3781 5728 γὰρ
