4028 6420
239 444 351 520 637

985 448 1438 511 ENABRATiO
1477 448 1561 511 IN
1600 445 2135 527 EV’ANGELIUM‘
2170 450 2411 517 LUCAE.
2455 478 2524 499 -
2555 451 2718 515 CAP.
2756 454 2804 514 Ι.

3446 452 3557 518 693

241 563 409 618 τοῦτο
441 561 569 634 [exc
593 562 882 633 γνώρισμα
911 561 1021 615 τῶν
1040 578 1102 615 τε
1130 561 1239 614 άπδ
1270 562 1365 615 τοῦ
1389 560 1525 614 Θεοῦ
1543 557 1822 613 ὀΜασιῶν

1954 560 2063 616 hoc
2117 560 2323 618 indicio
2369 557 2762 619 discernuntur
2808 560 3051 617 visiones
3089 574 3213 631 qua:
3251 576 3281 615 a
3321 559 3451 628 Deo,
3483 574 3542 619 et

242 653 342 707 καὶ
369 651 481 706 τῶν
526 651 862 723 δαιμονικῶν
882 667 896 681 ’
928 652 976 703 εί
1014 652 1115 722 μὲν
1166 650 1275 723 γάρ
1305 651 1416 706 ἀπὸ
1463 651 1717 721 ταραχῆς
1746 649 1844 721 ἄρ-

243 749 398 815 ξεται
429 749 457 800 6
475 747 758 817 λογισμὸς,
790 746 883 799 καὶ
906 744 1219 802 τελευταῖον
1247 746 1525 814 καταστῇ,
1561 742 1843 811 συντόμως

241 839 509 909 λυομένου
562 836 657 894 τοῦ
686 838 877 908 φόϐου,
933 837 1105 901 ὅντως
1138 837 1259 891 θεία
1309 838 1343 906 ἡ
1377 834 1637 891 ὀπτασία.
1693 835 1754 888 Et
1784 835 1842 888 δὶ

240 933 575 987 ἐπιτείνεται
613 932 817 1003 μᾶλλον
843 932 869 983 6
900 929 1065 998 φόϐος
1092 930 1185 982 καὶ
1216 928 1250 999 ἡ
1279 927 1571 997 ταραχὴ,ή
1603 925 1842 979 ὀπτασία

242 1026 634 1095 δαιμονιώδης.
692 1026 849 1087 Τίνος
882 1023 939 1075 δὲ
984 1021 1172 1075 ἕνεκέν
1222 1036 1387 1091 φησιν
1415 1018 1701 1087 ὁάγγελος
1753 1020 1839 1071 ὃτι

246 1137 265 1170 ι
292 1116 641 1187 Είσηκούσθη
676 1120 707 1186 ἡ
734 1116 918 1186 δέησίς
948 1132 1063 1176 σου,
1092 1118 1183 1168 καὶ
1209 1116 1241 1184 ἡ
1270 1113 1407 1181 γυνή
1445 1129 1536 1165 σου
1556 1112 1833 1166 Ἐλισάὸετ

239 1211 498 1279 γεννήσει
530 1226 612 1262 σοι
654 1227 671 1260 ι
710 1227 724 1276 ;
786 1208 876 1277 Μὴ
907 1208 1017 1276 γάρ
1050 1209 1080 1260 6
1132 1205 1412 1276 Ζαχαρίας
1458 1204 1591 1275 περὶ
1644 1204 1838 1267 παιδὸς

239 1300 445 1372 ηὔχετο
472 1319 487 1366 ;
557 1299 693 1355 ἀλλὰ
725 1300 854 1369 περὶ
889 1298 1000 1352 τῶν
1025 1294 1312 1368 ἁμαρτιῶν
1340 1294 1435 1349 τοῦ
1465 1294 1596 1349 λαοῦ
1622 1313 1637 1361 ;
1665 1295 1836 1349 Φασὶν

237 1393 334 1446 οὖν
362 1410 507 1457 τινες
538 1393 644 1455 δτι,
679 1391 866 1462 ἐπειδὴ
901 1391 1040 1460 ὑπὲρ
1087 1388 1196 1443 τῶν
1238 1387 1529 1459 ἁμαρτιῶν
1574 1386 1667 1441 τοῦ
1704 1384 1833 1441 λαοῦ

235 1482 460 1554 ηὔχετο,
499 1482 697 1553 ἔμελλε
726 1482 781 1536 δὲ
810 1482 1019 1535 τίκτειν
1052 1481 1167 1534 υίδν
1198 1478 1432 1551 βοῶντα,
1464 1479 1571 1533 Ἴδε
1597 1478 1627 1531 6
1660 1477 1832 1549 άμνδς

233 1571 331 1625 τοῦ
362 1573 523 1637 Θεοῦ,
556 1575 584 1626 6
609 1571 780 1643 αἴρων
802 1571 900 1639 τὴν
922 1570 1203 1642 ἁμαρτίαν
1227 1570 1321 1622 τοῦ
1347 1572 1576 1639 κόσμου,
1605 1568 1835 1633 εἰκότως

234 1664 384 1731 λέγει
417 1665 554 1735 πρὸς
580 1665 741 1718 αὑτὸν
769 1662 1063 1732 δάγγελος,
1095 1665 1175 1718 ὅτι
1204 1663 1555 1733 Είσηκούσθη
1583 1665 1615 1732 ή
1645 1662 1832 1733 δέησίς

233 1773 330 1809 σου
368 1757 511 1825 ὑπὲρ
542 1758 644 1829 τῆς
667 1757 913 1825 ἀφέσεως
935 1752 1360 1826 τῶνάμαρτιῶν
1386 1753 1482 1806 τοῦ
1513 1751 1665 1808 λαοῦ.
1701 1753 1830 1806 Υίδν

229 1848 343 1919 γὰρ
392 1849 680 1916 γεννήσεις
725 1847 795 1899 δι’
836 1840 897 1900 οὗ
948 1847 1145 1915 ἄφεσις
1176 1846 1329 1899 ἔσται
1376 1845 1485 1897 τῶν
1516 1843 1825 1916 ἁμαρτιῶν.

229 1938 391 2003 Τινὲς
414 1938 473 1992 δὲ
492 1936 635 1992 οὕτω
664 1936 898 1999 νοοῦσιν,
924 1936 1026 1998 ὅτι,
1060 1934 1409 2006 Είσηκούσθη
1435 1939 1465 2005 ὴ
1492 1936 1826 2004 δέησίς’σου,

227 2028 274 2085 ὦ
308 2030 581 2100 Ζαχαρία,
622 2030 715 2083 xa‘t
753 2030 1139 2099 συνεχώρησεν
1171 2030 1199 2082 6
1235 2028 1364 2091 Θεὸς
1419 2029 1515 2091 τὰς
1549 2029 1827 2097 ἁμαρτίας

226 2122 307 2191 τῷ
332 2123 487 2193 λαῷ·
545 2118 662 2175 εἶτα
711 2120 904 2191 ὥσπερ
946 2122 1193 2181 εἰπόντος
1223 2119 1414 2185 αὑτοῦ,
1446 2120 1619 2173 Πόθεν
1667 2120 1827 2189 δῆλον

227 2213 423 2282 τοῦτο;
468 2215 633 2283 φησὶν
667 2214 696 2266 6
750 2213 1004 2282 ἄγγελος,
1040 2213 1147 2278 ὅτι,
1185 2212 1357 2265 Τοῦτό
1382 2230 1462 2265 σοι
1497 2213 1691 2282 δίδωμι
1730 2229 1826 2283 ση-

232 2308 408 2374 μεῖον,
446 2308 527 2358 ὅτι
558 2307 813 2376 γεννήσει
855 2323 937 2358 σοι
970 2306 1084 2357 υίδν
1111 2307 1142 2375 ἡ
1183 2304 1469 2357 Ἐλισάϐετ
1497 2321 1508 2333 ·
1548 2304 1691 2357 ὥστε
1718 2306 1827 2358 ἀπὸ

227 2397 320 2450 τοῦ
346 2398 613 2468 γεννῆσαι
653 2400 755 2467 τὴν
805 2399 1115 2461 Ἐλισάὸετ,
1154 2396 1581 2467 πιστευθήσεται
1614 2414 1695 2454 σοι
1730 2399 1825 2453 καὶ

227 2491 285 2542 τδ
322 2491 595 2561 ἀφεθῆναι
624 2491 721 2555 τὰς
757 2491 1035 2561 ἁμαρτίας
1060 2490 1138 2561 τῷ
1171 2491 1305 2559 λαῷ.

302 2604 321 2636 ι
357 2585 555 2637 Ἔσται
583 2584 693 2653 γὰρ
715 2584 889 2653 μέγας
912 2582 1144 2636 ἐνώπιον
1176 2583 1270 2636 τοῦ
1294 2583 1523 2650 Κυρίου,
1556 2583 1651 2635 καὶ
1682 2579 1824 2637 οἶνον

228 2678 323 2729 καὶ
347 2654 544 2744 σίκερα
570 2676 631 2728 οὐ
663 2677 737 2745 μὴ
770 2676 867 2746 πίῃ
886 2693 899 2707 ο
934 2674 1029 2728 καὶ
1057 2676 1375 2744 Πνεῦμαςος
1398 2676 1552 2742 ἁγίου
1582 2676 1824 2747 πλησθή-

228 2786 382 2823 σεται
413 2768 495 2821 ἔτι
522 2772 587 2822 ὲκ
622 2768 834 2831 κοιλίας
864 2768 1071 2839 μητρὸς
1097 2769 1263 2822 αὐτοῦ
1293 2786 1306 2799 ·
1342 2772 1435 2822 καὶ
1469 2770 1696 2834 πολλοὺς
1713 2771 1823 2823 τῶν

227 2863 358 2914 υίῶν
405 2862 623 2933 Ἰσραὴλ
664 2862 986 2931 ἐπιστρέψει
1027 2862 1121 2914 ἐπὶ
1174 2863 1379 2933 Κυρίου
1417 2864 1507 2914 τὸν
1567 2863 1700 2916 Θεὸν
1730 2864 1823 2916 αὐ-

225 2955 362 3007 τῶνθ
398 2956 496 3008 καὶ
551 2954 714 3019 αὐτὸς
772 2954 1164 3025 προελεύσεται
1232 2955 1466 3009 ἐνώπιον
1531 2956 1697 3010 αὑτοῦ
1763 2958 1823 3011 ὲν

226 3048 501 3115 πνεύματι
536 3046 633 3101 καὶ⁸
680 3046 911 3114 δυνάμει
957 3045 1169 3111 Ἠλιοῦ,
1213 3048 1545 3118 ἐπιστρέψαι
1595 3049 1823 3120 καρδίας

226 3140 482 3209 πατέρων
509 3140 600 3193 ἐπὶ
620 3139 807 3205 τέκνα,
826 3140 922 3193 καὶ
946 3139 1189 3203 ἀπειθεῖς
1204 3142 1269 3202 ,ὲν
1294 3144 1552 3211 φρονήσει
1574 3140 1819 3209 δικαίων,

1949 668 2074 724 qua‘.
2096 668 2126 708 ι
2153 653 2391 709 diabolo.
2422 651 2557 708 Nam
2603 654 2648 709 si
2690 668 2844 708 mens
2894 655 3130 723 primum
3187 655 3457 720 turbetur,
3486 665 3544 711 et

1947 745 2137 801 statim
2195 744 2359 799 timor
2411 743 2678 809 solvatur,
2712 752 2768 797 ot
2820 744 3018 797 iterum
3046 742 3319 812 quiescat,
3354 759 3541 799 revera

1947 836 2239 892 divina'est
2288 836 2449 891 visio.
2485 834 2543 890 Si
2572 846 2754 892 autem
2784 836 2947 891 timor
2975 850 3039 890 ac
3074 835 3315 891 turbatio
3356 837 3533 907 magis

1945 936 2109 995 atque
2144 927 2318 994 magis
2362 936 2639 991 crescant,
2680 926 3017 982 daamoniaca
3045 936 3130 981 est.
3164 926 3325 982 visio.
3358 927 3544 994 Quare

1944 1018 2171 1088 angelus
2223 1018 2387 1071 dicit:
2426 1036 2445 1069 ι
2501 1016 2770 1072 Exaudita
2827 1028 2914 1072 est
2972 1017 3290 1086 deprecatio
3341 1025 3454 1083 tua,
3482 1029 3541 1075 et

1945 1123 2085 1163 uxor
2134 1117 2224 1161 tua
2265 1106 2543 1162 Elistetli
2600 1109 2778 1176 pariet
2822 1107 2917 1162 tibi
2959 1108 3023 1162 οἳ
3063 1107 3199 1162 Nam
3244 1108 3546 1167 Zacharias

1942 1215 2047 1254 non
2078 1215 2174 1269 pro
2212 1200 2328 1254 tilio
2369 1209 2628 1269 precatus
2657 1209 2762 1267 est,
2790 1201 2884 1255 sed
2921 1216 3020 1269 pro
3059 1201 3300 1269 peccatis
3334 1201 3539 1270 populi.

1940 1290 2141 1347 Dicunt
2182 1292 2347 1363 igitur
2388 1292 2610 1363 quidam
2657 1293 2801 1363 quod
2840 1294 3104 1363 quoniam
3139 1309 3240 1363 pro
3290 1296 3537 1363 peccatis

1938 1386 2119 1460 populi
2142 1389 2359 1451 orabat,
2386 1385 2632 1441 futurum
2667 1397 2847 1442 autem
2877 1387 3024 1457 quod
3049 1370 3341 1456 generaret
3365 1387 3537 1443 tilium

1911 1480 2029 1551 ~qui
2062 1479 2340 1542 clamaret,
2380 1474 2520 1534 Ecce
2562 1494 2737 1549 agnus
2784 1479 2899 1543 Dei,
2939 1478 3033 1548 qui
3069 1480 3210 1534 tollit
3248 1489 3539 1548 peccatum

1937 1571 2155 1626 mundi:
2215 1572 2410 1627 merito
2443 1570 2575 1626 dicit
2612 1572 2681 1625 ad
2722 1570 2875 1625 illum
2947 1575 3206 1641 angelus:
3261 1570 3535 1637 Quoniam

1934 1666 2191 1720 exaudita
2222 1675 2307 1720 est
2335 1664 2652 1735 deprecatio
2676 1673 2764 1719 tua
2795 1674 2893 1737 pro
2920 1665 3537 1735 remissione-peccato-

1936 1772 2056 1811 rum
2088 1758 2298 1827 populi.
2331 1756 2529 1810 Filium
2579 1756 2725 1810 enim
2756 1756 3065 1825 generabis,
3101 1771 3200 1826 per
3242 1771 3401 1825 quem
3445 1771 3533 1812 res

1934 1851 2123 1905 missio
2146 1849 2254 1904 erit
2284 1858 2661 1918 peccatorum.
2692 1847 2795 1901 Alii
2842 1857 3027 1901 autem
3064 1849 3145 1903 sic
3171 1846 3487 1915 intelligunt.
3514 1865 3529 1901 :

1932 1940 2200 2009 Quoniam
2240 1942 2494 1996 exaudita
2530 1952 2613 1997 est
2645 1940 2959 2011 deprecatio
2995 1950 3111 2006 tua,
3151 1940 3439 2006 Zacharia,
3480 1951 3536 1995 et

1932 2035 2144 2089 remisit
2192 2034 2335 2089 Deus
2404 2043 2628 2104 peccata
2688 2033 2909 2102 populo.
2971 2032 3175 2085 Deinde
3223 2034 3380 2101 quasi
3439 2032 3529 2087 ille

1930 2126 2159 2182 dixisset
2194 2128 2426 2197 angelo:
2474 2126 2627 2182 Unde
2670 2126 2774 2181 hoc
2817 2124 3207 2179 manifestum?
3253 2125 3387 2179 dicit
3436 2140 3537 2179 an-

1930 2222 2117 2290 gelus:
2153 2223 2269 2276 Hoc
2305 2222 2402 2275 tibi
2442 2222 2657 2291 signum
2690 2221 2780 2281 do,
2816 2220 2959 2299 quod
3009 2217 3187 2285 pariet
3224 2218 3316 2273 tibi
3358 2219 3530 2273 lilium

1929 2314 2234 2377 Elisabeth,
2268 2323 2322 2368 et
2362 2314 2437 2367 ita
2490 2330 2586 2381 per
2630 2314 2987 2382 puerperium
3034 2312 3312 2369 Elisabetlt
3349 2312 3534 2370 credi-

1931 2397 2038 2463 bile
2071 2408 2165 2463 tibi
2195 2408 2268 2463 sit
2301 2409 2531 2463 remissa
2564 2421 2685 2463 esse
2709 2417 2931 2479 peccata
2969 2407 3187 2478 populo.

2001 2583 2162 2637 Vens.
2198 2584 2386 2639 l5~l7.
2428 2602 2446 2636 ι
2473 2584 2591 2639 Erit
2619 2584 2762 2639 enim
2792 2600 3019 2656 magnus
3044 2599 3230 2639 coram
3272 2583 3526 2647 Domino,

1929 2691 1993 2729 ac
2023 2679 2203 2731 viuum
2239 2686 2293 2732 et
2334 2677 2564 2731 siceram
2620 2692 2725 2730 non
2768 2677 2954 2730 bibet:
2986 2686 3042 2730 et
3089 2676 3297 2746 Spiritu
3338 2686 3531 2731 sancto

1930 2768 2231 2836 replebitur
2255 2768 2366 2834 jam
2393 2769 2516 2823 inde
2548 2770 2614 2822 ab
2645 2778 2801 2824 utero
2835 2770 3026 2824 matris
3055 2784 3188 2834 suae,
3221 2768 3530 2837 multosque

1928 2873 1993 2913 ex
2025 2859 2147 2913 ﬁliis
2194 2858 2365 2914 Israel
2410 2869 2692 2914 convertet
2726 2860 2791 2915 ad
2820 2859 3107 2915 Dominum
3160 2860 3325 2915 Deum
3378 2860 3521 2929 ipso-

1929 2964 2077 3001 rum:
2112 2959 2166 3002 et
2208 2950 2325 3017 ipse
2372 2949 2644 3019 prarcedet
2692 2959 2819 3005 ante
2869 2951 3018 3004 illum
3071 2966 3196 3005 cum
3232 2950 3429 3020 spiritu
3463 2965 3529 3006 ac

1926 3041 2127 3094 virtute
2163 3040 2354 3107 Heliae,
2389 3052 2447 3096 ut
2474 3050 2763 3097 convertat
2786 3045 2951 3097 corda
2984 3054 3202 3112 patrum
3256 3047 3309 3097 in
3361 3045 3523 3109 lilios,

1925 3144 1979 3187 et
2003 3132 2378 3189 inobedientes
2407 3137 2471 3189 ad
2516 3135 3219 3205 prudentiamq‘ustorum:
3264 3146 3323 3190 ut
3369 3145 3528 3207 paret

226 3233 518 3302 ἑτοιμάσαι
572 3233 766 3303 Κυρίῳ
796 3233 924 3286 λαὸν
980 3234 1521 3302 κατεσκευασμένον.
1570 3253 1586 3279 ι
1628 3235 1820 3301 Μέγαν

1929 3223 2157 3279 Domino
2191 3227 2407 3293 plebem
2438 3236 2823 3297 praeparatam.
2870 3246 2889 3279 ι
2923 3226 3178 3298 Magnum
3212 3226 3333 3285 fore
3357 3227 3521 3285 Joan-

223 3323 445 3376 ἔσεσθαι
475 3323 570 3376 τὸν
613 3324 867 3394 Ἰωάννην
902 3323 1303 3389 ἐπαγγέλλεται
1359 3325 1386 3375 6
1420 3316 1673 3391 ἄγγελος,
1703 3323 1822 3375 ἀλλ’

223 3414 457 3467 ἐνώπιον
487 3413 581 3467 τοῦ
617 3414 826 3485 Κυρίου
850 3432 862 3445 ·
917 3415 1105 3467 πολλοὶ
1156 3417 1265 3483 γάρ
1300 3416 1526 3483 μεγάλοι
1568 3415 1820 3483 λέγονται

223 3505 457 3560 ἐνώπιον
504 3505 615 3559 τῶν
664 3504 995 3576 ἀνθρώπων,
1053 3510 1149 3559 καὶ
1184 3508 1244 3559 οὐ
1278 3507 1371 3559 τοῦ
1422 3507 1559 3560 Θεοῦ
1582 3525 1595 3536 ’
1630 3503 1732 3560 οἷοι
1770 3510 1820 3561 oi

224 3598 549 3670 ὑποκριταί’
589 3600 763 3669 μέγας
793 3599 847 3652 δὲ
868 3600 895 3651 6
934 3599 1189 3668 Ἰωάννης
1214 3600 1355 3653 κατὰ
1375 3599 1557 3670 ψυχήν
1583 3616 1594 3629 ’
1627 3600 1818 3671 ὥσπερ

222 3690 319 3741 καὶ
353 3690 550 3759 μικρὸς
580 3688 722 3740 κατὰ
751 3688 931 3758 ψυχὴν
966 3692 1070 3751 πᾶς
1106 3692 1133 3741 6
1162 3690 1655 3759 σκανδαλιζόμενος
1680 3710 1691 3723 ’
1725 3693 1820 3743 οὺ-

220 3783 331 3845 631;
355 3782 469 3852 γάρ
507 3782 685 3851 μέγας
718 3772 1157 3847 σκανδαλίζεται,
1211 3784 1327 3836 ἀλλ’
1366 3787 1413 3837 οἱ
1481 3787 1672 3855 μικροῖ⁵
1723 3787 1820 3839 καὶ

220 3876 557 3945 όλιγόψυχοι.
584 3875 725 3943 Φησὶ
753 3875 884 3943 γοῦν
930 3879 957 3930 ὁ
988 3878 1193 3949 Κύριος
1214 3895 1227 3909 ·
1263 3880 1358 3941 Ὃς
1396 3878 1461 3931 ἂν
1486 3879 1821 3952 σκανδαλίσῃ

221 3968 318 4020 ἕνα
348 3967 460 4019 τῶν
509 3966 754 4035 μικρῶν.
791 3967 1009 4037 Ὥσπερ
1036 3969 1092 4020 δὲ
1121 3970 1171 4020 οί
1203 3969 1458 4032 τεκόντες
1494 3972 1586 4024 τὸν
1630 3972 1812 4023 Ἰωάν-

220 4075 343 4124 νην,
376 4058 577 4111 δίκαιοι
606 4053 748 4127 ἦσαν
770 4057 1002 4113 ἐνώπιον
1032 4059 1124 4113 τοῦ
1144 4060 1303 4125 Θεοῦ,
1342 4061 1485 4115 οὕτω
1516 4063 1604 4116 καὶ
1632 4065 1659 4115 6
1689 4064 1819 4126 παῖς

220 4147 403 4201 αὐτῶν
435 4148 609 4215 μέγας
645 4144 878 4199 ἐνώπιον
926 4147 1021 4199 τοῦ
1056 4149 1266 4219 Κυρίου
1291 4165 1302 4178 ·
1339 4149 1537 4219 σίκερα
1564 4149 1618 4201 δὲ
1657 4150 1815 4217 λέγε-

220 4255 309 4292 ται
366 4239 473 4291 πᾶν
499 4238 559 4291 τὸ
587 4238 757 4307 μέθην
789 4240 1041 4305 ἐμποιεῖν
1070 4240 1396 4309 δυνάμενον,
1450 4243 1551 4293 οὐκ
1576 4240 1635 4293 ὃν
1674 4241 1728 4293 δὲ
1758 4242 1816 4308 ἐξ

219 4329 492 4399 ἀμπέλου.
535 4328 625 4382 Ἐν
656 4333 723 4401 τῇ
750 4330 929 4401 κοιλίᾳ
956 4332 1012 4384 δὲ
1040 4332 1140 4401 τῆς
1174 4334 1379 4403 μητρὸς
1404 4332 1478 4385 ὢν
1511 4332 1612 4399 ἔτι,
1644 4334 1812 4404 ἐπλή-

218 4422 322 4493 σθη
354 4421 673 4491 Πνεύματος
701 4423 860 4490 άγίου
904 4442 916 4455 -
947 4424 1034 4476 ὅτε
1080 4420 1301 4494 ἦλθενή
1334 4426 1536 4496 Μήτηρ
1569 4424 1665 4477 τοῦ
1701 4427 1817 4478 Κυ-

220 4514 337 4579 ρίου
374 4512 512 4583 πρὸς
539 4512 637 4583 τὴν
686 4513 994 4575 Ἐλισάδετ,
1034 4517 1128 4568 καὶ
1166 4515 1463 4586 ἐσκίρτησε
1501 4517 1563 4568 τὸ
1610 4516 1813 4587 βρέφος

1927 3331 2049 3371 nem
2100 3318 2347 3386 praedicit
2398 3316 2645 3387 angelus,
2689 3318 2787 3373 sed
2817 3333 3000 3374 coram
3036 3320 3199 3390 273
3244 3320 3523 3377 Domino:

1928 3408 2082 3461 multi
2126 3409 2271 3462 enim
2323 3410 2578 3463 dicuntur
2623 3411 2802 3480 magni
2857 3424 3041 3466 coram
3082 3414 3421 3478 hominibus,
3471 3424 3529 3469 at

1926 3514 2033 3553 non
2069 3501 2196 3553 item
2220 3516 2404 3555 coram
2439 3500 2572 3567 Deo,
2618 3511 2677 3555 ut
2714 3501 3036 3571 bypocritae.
3072 3502 3300 3575 Magnus
3343 3516 3527 3562 autem

1924 3591 2166 3648 Joannes
2202 3594 2355 3662 juxta
2407 3593 2671 3660 animam,
2701 3595 2921 3649 sicutet
2957 3610 3161 3664 parvus
3198 3596 3353 3665 juxta
3403 3596 3528 3653 ani-

1926 3700 2065 3737 mam
2100 3685 2298 3738 dicitur
2323 3688 2503 3739 omnis
2538 3686 2634 3754 qui
2670 3686 3096 3741 scandalizatur.
3142 3685 3337 3741 Nullus
3377 3689 3527 3745 enim

1924 3791 2151 3843 magnus
2190 3771 2621 3839 scandaliialur,
2653 3778 2748 3831 sed
2795 3778 2972 3847 parvi,
3022 3785 3070 3830 et
3124 3779 3522 3847 pusillanimes.

1922 3867 2065 3922 Dicit
2096 3866 2264 3938 igitur
2300 3868 2603 3923 Dominus:
2644 3888 2662 3921 ‹
2698 3868 2799 3936 Qui
2847 3872 3309 3927 scandalizaverit
3358 3888 3525 3927 unum

1921 3976 1984 4015 ex
2016 3960 2197 4029 parvis
2220 3963 2260 4015 ⁸.
2290 3980 2310 4013 ι
2332 3960 2997 4026 Quemadmodumautem
3017 3964 3069 4016 hi
3095 3964 3187 4031 qui
3212 3974 3523 4033 genuerunt

1920 4051 2209 4121 Joannem,
2260 4054 2393 4123 justi
2454 4055 2677 4112 fuerunt
2724 4071 2911 4110 coram
2964 4053 3095 4121 Deo,
3162 4059 3243 4112 sic
3292 4070 3346 4113 et
3391 4074 3527 4127 puer

1920 4147 2159 4217 ipsorum
2194 4162 2424 4215 magnus
2456 4163 2647 4203 coram
2692 4148 2943 4203 Domino.
2990 4148 3178 4204 Sicera
3216 4161 3399 4204 autem
3434 4152 3523 4207 di-

1920 4234 2069 4289 citur
2126 4250 2292 4291 omne
2341 4237 2485 4307 quod
2534 4237 2813 4292 inebriare
2843 4249 3046 4308 potest,
3092 4250 3147 4293 et
3186 4257 3288 4293 non
3336 4252 3421 4297 est
3458 4259 3524 4299 ex

1920 4326 2051 4383 vite.
2094 4326 2231 4382 Cum
2274 4340 2459 4383 autem
2492 4340 2639 4384 esset
2677 4330 2854 4384 adhuc
2908 4331 2961 4383 in
3016 4339 3174 4386 utero
3208 4334 3397 4388 matris
3436 4351 3524 4389 re-

1920 4418 2097 4489 pletus
2130 4427 2213 4474 est
2244 4421 2451 4489 Spiritu
2518 4431 2731 4485 sancto,
2780 4424 2998 4491 quando
3068 4423 3246 4478 Mater
3309 4426 3521 4482 Domini

1919 4512 2068 4565 venit
2118 4512 2184 4565 ad
2216 4511 2513 4576 Elisabeth,
2545 4523 2596 4568 et
2634 4514 2930 4569 exsulavit
2976 4532 3088 4584 pra:
3113 4519 3309 4585 gaudio
3339 4518 3523 4575 infans

216 4603 627 4673 ἀγαλλιώμενον
659 4606 747 4659 διὰ
780 4608 878 4675 τὴν
923 4606 1017 4659 τοῦ
1053 4607 1263 4677 Κυρίου
1307 4609 1637 4677 παρουσίαν.
1685 4607 1816 4662 Ἐπ-

1929 4614 2149 4673 prepter
2177 4604 2474 4659 adventum
2530 4608 2765 4662 Domini.
2812 4607 2983 4664 Porro
3033 4614 3304 4667 convertit
3355 4616 3518 4669 corda

216 4697 450 4767 έστρεψε
489 4696 545 4749 δὲ
578 4698 805 4766 καρδίας
844 4699 1099 4767 πατέρων
1133 4700 1226 4751 ἐπὶ
1280 4701 1484 4754 τέκνα.
1539 4700 1808 4767 τουτέστι,

213 4789 323 4841 τῶν
364 4787 635 4858 Ἐδραίων
690 4791 785 4845 ἐπὶ
814 4790 941 4854 τοὺς
998 4790 1366 4854 ἀποστόλους·
1423 4792 1661 4861 πατέρες
1710 4794 1811 4856 μὲν

213 4877 324 4948 γὰρ
352 4873 496 4948 ἦσαν
549 4880 599 4931 oi
648 4880 889 4933 Ἰουδαῖοι
918 4897 930 4911 ο
969 4883 1139 4933 τέκνα
1169 4881 1227 4934 δὲ
1268 4880 1475 4935 τούτων
1500 4884 1547 4934 oi
1579 4884 1812 4936 ἀπόστο-

214 4968 320 5023 λοι.
355 4968 729 5041 Ἐπέστρεψεν
752 4970 958 5035 οὖντὰς
989 4972 1219 5043 καρδίας
1250 4973 1362 5026 τῶν
1407 4975 1684 5027 Ἰουδαίων
1714 4976 1811 5028 ἐπὶ

215 5062 344 5125 τοὺς
370 5063 727 5127 ἀποστόλους,
784 5065 1053 5120 διδάσκων
1116 5067 1374 5137 περὶτοῦ
1424 5067 1669 5139 Χριστοῦ
1719 5072 1813 5123 καὶ

219 5152 519 5223 μαρτυρῶν
540 5170 553 5183 ⁸
599 5158 626 5209 ὁ
670 5156 727 5209 δὲ
754 5155 883 5228 περὶ
909 5158 1003 5209 τοῦ
1050 5158 1291 5229 Χριστοῦ
1326 5159 1647 5229 μαρτυρῶν,
1675 5162 1813 5214 πάν-

215 5261 322 5305 τως
362 5245 713 5311 ἀξιοπίστους
745 5250 889 5302 ποιεί
923 5252 1017 5303 καὶ
1069 5250 1197 5313 τοὺς
1230 5250 1485 5321 μαθητὰς
1521 5252 1719 5325 αὐτοῦ’
1746 5255 1807 5306 οὑ

218 5334 427 5398 πάντας
460 5335 518 5388 δὲ
546 5336 884 5409 ἐπέστρεψεν
926 5340 955 5391 6
992 5340 1269 5411 Ἰωάννης,
1304 5340 1443 5393 ἀλλὰ
1482 5342 1713 5406 πολλούς
1734 5360 1748 5376 ο
1782 5347 1810 5397 6

220 5426 403 5495 μέντοι
459 5428 660 5499 Κύριος
714 5432 923 5493 πάντας
978 5435 1283 5500 ἐφώτισεν·
1339 5436 1397 5488 ὲν
1436 5436 1724 5506 Πνεῦματι
1750 5436 1808 5491 δὲ

226 5518 410 5573 Ἠλιοῦ
467 5522 739 5594 προῆλθε,
795 5525 932 5579 καθὸ
964 5525 1158 5597 ὥσπερ
1200 5531 1279 5590 εἰς
1337 5528 1525 5583 Ἥλίαν
1571 5531 1603 5599 ἡ
1646 5531 1810 5600 χάρις

216 5610 543 5681 ἐνήργησεν,
576 5612 720 5667 οὕτω
753 5616 846 5667 καὶ
870 5618 949 5679 είς
990 5618 1277 5687 Ἰωάννην’
1312 5619 1339 5672 ὃ
1372 5636 1433 5672 τε
1478 5620 1587 5690 γὰρ
1618 5620 1808 5684 Ἠλίας

214 5702 313 5771 τῆς
332 5703 594 5777 δευτέρας
645 5710 951 5778 παρουσίας
982 5712 1308 5782 πρόδρομος,
1350 5712 1444 5766 καὶ
1477 5716 1505 5766 6
1549 5714 1806 5785 Ἰωάννης

288 5893 306 5924 ⁸
346 5892 535 5950 Matth.
568 5911 719 5964 XVJI,
754 5898 833 5954 l6.

1924 4707 2139 4766 patrum
2172 4699 2237 4751 ad
2272 4698 2431 4764 lilios,
2459 4701 2563 4754 hoc
2594 4711 2698 4767 est,
2737 4702 3085 4757 Hebraeorum
3123 4707 3190 4758 ad
3224 4706 3517 4776 apostolos.

1922 4792 2112 4847 Patres
2142 4796 2287 4848 enim
2315 4795 2533 4850 luerunt
2559 4796 2755 4862 Judaei,
2788 4798 3001 4853 illorum
3031 4811 3210 4855 autem
3235 4800 3331 4861 [iiii
3386 4818 3516 4872 apo-

1924 4885 2073 4941 stoli.
2097 4885 2382 4941 Convertit
2409 4888 2570 4955 igitur
2596 4893 2759 4942 corda
2782 4890 3099 4945 ,Ιυιιτεοτυιη
3128 4894 3195 4949 ad
3221 4894 3521 4963 apostolos,

1922 4978 2127 5033 docens
2170 4988 2225 5031 et
2272 4979 2576 5033 testificans
2631 4982 2697 5035 de
2750 4980 2993 5037 Christo.
3051 4984 3155 5050 Qui
3218 4998 3398 5040 autem
3458 4990 3525 5042 de

1921 5070 2145 5125 Christo
2195 5080 2430 5126 testatur
2454 5074 2681 5129 omnino
2736 5075 2843 5129 (ide
2882 5076 3073 5143 dignos
3106 5078 3235 5132 facit
3271 5091 3325 5133 et
3356 5079 3523 5135 disci~

1927 5162 2087 5234 pulos
2138 5164 2332 5234 ipsius.
2378 5163 2496 5220 Non
2547 5182 2740 5222 omnes
2789 5170 3061 5223 convertit
3109 5168 3369 5237 Joannes,
3428 5175 3523 5227 sed

1922 5254 2157 5310 multos:
2210 5254 2464 5310 Christus
2517 5268 2699 5311 autem
2728 5273 2918 5315 omnes
2970 5260 3325 5316 illuminavit.
3366 5266 3434 5317 At
3467 5264 3519 5317 in

1922 5347 2115 5416 spiritu
2151 5348 2283 5402 Elim
2316 5352 2613 5419 praecessit.
2681 5350 2837 5407 Sicut
2883 5354 3029 5409 enim
3082 5356 3132 5411 in
3189 5356 3302 5410 Elia
3328 5353 3520 5411 emcax

1923 5436 2023 5491 iuit
2046 5438 2245 5507 gratia,
2272 5440 2347 5493 ita
2382 5450 2438 5495 et
2467 5443 2518 5496 in
2563 5442 2789 5500 Joanne.
2848 5444 2915 5498 Et
2947 5448 3089 5501 sicut
3118 5447 3263 5503 Elias
3293 5449 3517 5504 secundi

1920 5530 2187 5585 adventus
2220 5548 2545 5602 przacursor,
2585 5538 2661 5591 ita
2689 5545 2744 5592 et
2775 5536 3014 5595 Joannes
3051 5540 3239 5610 primi.
3289 5540 3348 5595 In
3398 5541 3512 5595 vir-

1922 5632 2036 5677 tute
2071 5634 2251 5680 autem
2289 5624 2443 5694 Elian,
2505 5644 2572 5683 eo
2608 5632 2752 5700 quod
2801 5632 2942 5686 idem
2976 5643 3211 5702 possunt
3242 5634 3511 5689 adventus

1918 5714 2227 5784 amborum;
2272 5719 2435 5775 ambo
2458 5720 2606 5777 enim
2642 5723 2707 5779 ad
2731 5721 3015 5780 Christum
3042 5734 3401 5798 congregant.
3442 5723 3503 5781 Et
