4028 6414
495 392 605 457 699
1415 394 1993 461 THEOPHYLACTI
2046 400 2075 462 Ξ

2181 400 2460 466 ,ϐΔΒῙΒ
2498 398 2858 463 ΑΒΟΗἸΕΡ.
3643 402 3677 463 7
3684 403 3763 462 ω

496 506 678 570 aliter,
713 503 767 559 in
810 506 1008 558 virtute
1052 517 1114 557 ac
1147 497 1347 574 ‘spiritu
1402 503 1569 559 Helia:
1606 506 1757 561 venit
1806 506 2063 576 Joannes,

2181 512 2267 581 τῆς
2316 511 2564 584 πρώτης.
2622 512 2735 566 Kal
2787 512 2849 567 iv
2876 509 3108 583 δυνάμει
3156 510 3216 567 δι
3251 509 3480 577 Ἠλιοῦ,
3534 514 3765 571 καθδτδ

498 609 564 650 eo
588 595 731 665 quod
762 592 986 648 eremita
1022 592 1125 646 fuit
1150 593 1312 647 etiam
1332 593 1469 662 ipse,
1502 602 1557 649 et
1583 594 1811 667 frugalis
1838 598 1986 659 vita.
2012 608 2068 654 et

2181 603 2303 659 αὐτὸ
2316 604 2572 659 δύνανται
2600 605 2655 658 ai
2680 602 2981 674 παρουσίαι·
3000 603 3352 675 ἀμφοτέρων,
3372 604 3468 658 τοῦ
3488 622 3551 659 τε
3572 604 3763 661 Ἠλιοῦ

505 700 741 756 arguens
781 686 921 740 sicut
973 683 1078 738 ille.
1136 683 1422 739 Convertit
1464 697 1646 741 autem
1676 698 1732 743 et
1761 689 2071 747 incredulos

2181 696 2267 749 καὶ
2295 694 2393 747 τοῦ
2432 695 2713 750 Ἰωάννου·
2753 695 2891 767 πρὸς
2915 696 3025 766 γάρ
3044 696 3139 749 τὸν
3165 695 3404 767 Χριστδν
3438 697 3761 763 συνάγουσι.

500 777 715 831 Judaeos
745 774 810 829 ad
843 774 1182 844 prudentiam
1213 773 1507 845 iustorum,
1534 777 1637 833 hoc
1668 788 1771 842 est,
1796 780 2072 848 apostolo-

504 880 620 919 rum
677 865 999 921 doctrinam.
1080 865 1372 922 Prudentia
1426 878 1609 924 autem
1701 873 2069 939 apostolorum

503 958 678 1022 gratia
737 968 821 1012 est
853 957 1089 1024 Spiritus
1119 960 1171 1014 in
1206 961 1333 1029 illis,
1368 978 1398 1016 a
1445 979 1547 1030 qua
1600 965 2067 1035 gubemabantur.

504 1047 829 1118 Pracparavit
860 1062 1073 1117 quoque
1109 1051 1354 1119 Domino,
1389 1053 1441 1107 id
1482 1063 1566 1109 est
1596 1055 1834 1122 Christo,
1864 1055 2070 1127 plebem

388 1140 389 1143 ‘
505 1151 881 1206 praeparatam,
932 1141 1033 1196 hoc
1079 1154 1163 1197 est
1214 1158 1467 1212 capacem
1551 1145 1617 1199 ad
1669 1148 2071 1217 suscipiendam

504 1232 957 1299 praedicationem,
986 1242 1043 1288 ut
1068 1235 1296 1303 exempli
1340 1238 1537 1304 gratia,-
1570 1240 1788 1308 quando
1821 1240 2070 1295 veniebat

504 1321 1041 1391 prophetajquispiam
1065 1322 1387 1392 prmdicans,
1410 1340 1515 1378 non
1544 1340 1732 1380 omnes
1756 1326 2072 1394 credebant,

503 1414 598 1467 sed
630 1413 718 1481 qui
757 1415 1041 1483 praeparati
1073 1426 1252 1480 erant,
1275 1425 1330 1470 et
1361 1417 1450 1487 qui
1474 1418 1688 1487 seipsos
1719 1420 1786 1474 ad
1834 1419 1939 1474 hoc
1982 1436 2075 1474 ac-

505 1504 938 1559 comntodabant.
972 1504 1104 1559 Nam
1150 1508 1292 1561 sicut
1337 1508 1383 1563 si
1438 1511 1562 1577 quis
1603 1518 1763 1565 noctu
1804 1511 1989 1567 veniat
2020 1512 2075 1567 in

503 1594 741 1659 domum,
779 1610 885 1649 non
912 1612 1101 1651 omnes
1126 1596 1273 1652 illum
1302 1598 1601 1667 excipiunt,
1636 1601 1729 1656 sed
1752 1601 1848 1672 qui
1882 1602 2073 1673 vigiles

506 1694 631 1739 sunt
661 1696 1102 1756 exspectantque,
1134 1698 1187 1743 et
1213 1690 1279 1743 ad
1306 1690 1682 1759 excipiendum
1711 1694 1885 1762 parati
1913 1703 2074 1750 sunt:

504 1775 585 1830 sic
625 1785 681 1830 et
715 1774 950 1833 Joannes
1007 1780 1333 1848 praeparavit
1370 1779 1603 1837 Domino
1655 1783 1931 1853 p0pulum,
1966 1799 2073 1839 non

2170 788 2281 841 Kal
2310 787 2491 853 άλλως
2513 787 2571 842 δὲ
2599 789 2657 842 ὲν
2677 787 2905 860 δυνάμει
2934 789 3029 843 καὶ
3064 787 3341 861 πνεύματι
3375 788 3561 844 Ἥλιοῦ
3594 786 3760 862 ἦλθεν

2170 880 2199 932 6
2246 879 2526 951 Ἰωάννης,
2558 881 2693 935 διότι
2722 882 2992 953 ὲρημίτης
3039 876 3108 954 ἦν
3132 881 3230 936 καὶ
3255 881 3439 947 αὐτὸς,
3495 884 3595 937 καὶ
3622 881 3764 937 άπά-

2178 986 2379 1040 ριττσς,
2442 972 2539 1025 καὶ
2584 972 2904 1039 έλεγκτικδς
2942 970 3021 1037 ὡς
3066 974 3299 1035 ἑκείνος.
3332 971 3669 1043 Ἐπέστρεψε
3702 970 3766 1024 δδ

2175 1062 2269 1115 καὶ
2316 1063 2443 1125 τοὺς
2472 1060 2720 1128 ἀπειθεῖς
2784 1063 3075 1126 Ἰουδαίους
3109 1064 3169 1117 έν
3214 1065 3282 1135 τῇ
3328 1064 3589 1133 φρονήσει
3648 1062 3763 1117 τῶν

2175 1153 2424 1220 δικαίων,
2479 1153 2748 1229 τουτέστι,
2784 1157 2849 1227 τῇ
2906 1154 3017 1209 τῶν
3039 1155 3355 1209 ἀποστόλων
3390 1153 3718 1225 διδασκαλίᾳ
3745 1168 3762 1184 ·

2176 1246 2441 1317 φρόνησις
2473 1246 2584 1317 γάρ
2616 1246 2728 1301 τῶν
2749 1248 3086 1312 ἀποστόλων,
3114 1250 3147 1318 ἡ
3178 1248 3238 1302 ιν
3260 1249 3453 1313 αὐτοῖς,
3472 1247 3568 1302 τοῦ
3592 1246 3769 1302 Πνεύ-

2178 1354 2346 1405 ματος
2382 1339 2561 1409 χάρις,
2606 1338 2697 1407 ὑφ’
2726 1332 2795 1411 ἦς
2826 1337 3218 1411 έκυϐερνῶντο.
3264 1339 3573 1409 Ἦτοίμασε»
3594 1338 3653 1392 δὶ
3685 1338 3770 1410 τῷ

2176 1429 2389 1501 Κυρίῳ,
2409 1429 2657 1483 τουτέστι
2698 1429 2777 1500 τῷ
2804 1429 3051 1503 Χριστῷ,
3075 1431 3205 1486 λαδν
3223 1432 3766 1502 κατεσκευασμένον.

2175 1520 2477 1587 τουτέστιν,
2536 1523 2963 1594 έμπαράσκευον
3013 1526 3153 1595 πρὸς
3198 1525 3261 1579 τδ
3292 1524 3661 1591 ὑποδέξασθαι
3703 1524 3771 1579 τδ

2176 1613 2440 1685 κήρυγμα
2464 1631 2478 1646 ·
2522 1610 2635 1669 οἷόν
2664 1632 2716 1671 τι
2745 1615 2930 1685 λέγως’
2983 1618 3239 1673 Ἐπειδὰν
3264 1617 3411 1673 έλθοι
3435 1636 3518 1683 τις
3548 1619 3773 1690 προφήο

2174 1720 2276 1774 της
2326 1705 2637 1777 κηρύττων,
2696 1708 2757 1762 οὐ
2805 1708 3013 1773 πάντες
3045 1710 3353 1777 ἐπίστευον,
3388 1710 3506 1765 ἀλλ’
3539 1712 3589 1764 oi
3632 1726 3773 1765 κατ-

2177 1798 2592 1869 εσκευασμένοι,
2608 1800 2908 1867 τουτέστιν,
2931 1802 2980 1855 οί
3004 1802 3504 1873 προετοιμάσαντες
3534 1801 3778 1867 ἑαυτοὺς

508 1864 839 1922 incredulum
866 1869 1102 1937 quidem,
1128 1871 1222 1925 sed
1246 1872 1584 1927 elaboratum
1632 1884 1688 1929 et
1710 1885 2072 1945 praeparatum

2181 1888 2262 1951 είς
2290 1864 2472 1945 τοῦτο.
2495 1864 2712 1962 Ὠσπερ
2741 1894 2853 1964 γάρ
2892 1864 2988 1948 ίάν
3035 1864 3181 1949 έλθοι
3207 1864 3291 1960 τις
3327 1898 3409 1958 είς
3450 1864 3629 1950 οίκίαν
3675 1864 3773 1948 νιιζ

505 1957 573 2010 ad
593 1958 992 2028 suscipiendum
1024 1962 1331 2018 Dominum.

2187 1978 2336 2044 κτδς.
2395 1982 2455 2035 οὐ
2488 1983 2692 2048 πάντες
2736 1985 2898 2039 αὐτὸν
2951 1986 3324 2059 ὑποδέχονται,
3354 1987 3469 2041 ἀλλ’
3503 1990 3554 2042 οἱ
3598 1989 3773 2058 ἐγρη-

504 2051 725 2119 γορότες
757 2052 850 2105 καὶ
875 2055 1283 2121 προσδοκῶντες
1316 2058 1482 2111 αὑτὸν
1518 2060 1614 2114 καὶ
1657 2061 2079 2133 έτοιμασθέντες
2112 2070 2193 2133 τίς
2223 2073 2285 2127 τὸ
2352 2074 2717 2142 ὐποδέξασθαι
2737 2095 2753 2109 ⁸
2819 2079 2963 2135 οὕτω
2988 2083 3083 2136 καλ⁵
3186 2051 3440 2153 Ἰωάννης
3497 2051 3782 2153 ἡτοίμασε

505 2140 583 2210 τῷ
616 2142 806 2212 Κυρίῳ
862 2144 1009 2207 λαὸν,
1046 2145 1162 2199 ἀλλ’
1217 2148 1278 2201 οὐ
1321 2148 1413 2203 τὸν
1466 2148 1691 2222 ἀπειθῆ,
1746 2152 1837 2207 τὸν
1888 2154 1947 2208 δι
1997 2140 2545 2236 κατεσκευασμένον,
2590 2167 2621 2221 6
2691 2168 2812 2223 εστι
2872 2140 3536 2245 προητοιμασμένονξϋείς
3566 2140 3773 2226 ὑποδοο

506 2235 609 2309 χὴν
632 2237 724 2291 τοῦ
754 2240 1017 2310 Χριστοῦ.

580 2330 740 2386 Vens.
774 2334 960 2388 18-20.
1007 2355 1025 2389 ι
1070 2336 1137 2392 Ει
1168 2338 1307 2394 dixit
1352 2340 1646 2400 Zacharias
1679 2346 1745 2401 ad
1777 2348 2027 2419 angelum
2055 2365 2071 2405 :

507 2422 625 2489 Quo
646 2435 961 2496 argumento
988 2443 1310 2499 cognoscam
1338 2432 1514 2489 illud?
1542 2435 1653 2506 Ego
1673 2432 1815 2492 enim
1842 2455 1961 2494 sum
1992 2456 2080 2498 se-

509 2528 634 2579 nex,
655 2524 709 2569 et
738 2532 875 2571 uxor
895 2533 1010 2573 mea
1036 2531 1306 2589 provectas
1321 2524 1499 2579 aetatis
1522 2537 1629 2582 est.
1650 2530 1718 2581 At
1743 2532 2078 2599 respondens

508 2607 751 2676 angelus,
797 2610 932 2664 dixit
974 2609 1056 2665 ei:
1109 2612 1222 2682 Ego
1264 2629 1385 2670 sum
1426 2615 1665 2685 Gabriel,
1696 2622 1789 2689 qui
1828 2621 1975 2677 astiti
2017 2623 2072 2679 in

511 2708 799 2765 conspectu
836 2700 953 2767 Dei,
988 2702 1294 2774 missusque
1328 2722 1446 2761 sum
1481 2721 1539 2761 nt
1567 2709 1757 2780 loquar
1791 2713 1857 2768 ad
1902 2723 1974 2779 te,
2023 2724 2080 2770 et

508 2788 625 2844 base
653 2790 749 2845 tibi
786 2792 905 2848 lata
936 2798 1208 2855 nuntiem.
1238 2798 1307 2853 Et
1350 2816 1479 2857 ecce
1516 2801 1752 2859 futurum
1778 2818 1862 2863 est
1900 2818 1961 2863 ut
2002 2812 2079 2866 sis

512 2881 729 2948 tacitus,
750 2897 849 2937 nec
880 2885 981 2941 fari
1013 2889 1186 2957 possis
1211 2891 1277 2945 ad
1299 2906 1421 2947 eum
1453 2908 1627 2965 usque
1655 2897 1796 2952 diem
1826 2915 1932 2969 quo
1954 2902 2070 2958 haec

513 2970 665 3037 ﬂant,
689 2990 754 3028 eo
776 2977 919 3045 quod
954 2994 1059 3033 non
1089 2982 1365 3039 credidisti
1396 2986 1575 3042 verbis
1609 2992 1765 3056 meis,
1798 3008 1918 3062 qua
1969 2994 2075 3047 im-

508 3061 796 3129 plebuntur
824 3066 875 3120 in
919 3077 1162 3138 tempore
1194 3087 1313 3129 suo.
1358 3093 1377 3127 ι
1411 3074 1654 3135 Tametsi
1685 3061 1863 3151 justus
1908 3084 2072 3158 27‘.

2256 2372 2276 2406 ι
2306 2353 2418 2407 Καὶ
2452 2347 2572 2407 εῐπε
2608 2352 2890 2424 Ζαχαρίας
2921 2350 3060 2423 πρὸς
3091 2350 3181 2405 τὸν
3207 2349 3439 2420 ἄγγελον
3472 2365 3487 2379 ο
3523 2346 3688 2405 Κατά
3714 2348 3780 2403 τί

2181 2446 2461 2517 γνώσομαι
2510 2444 2697 2511 τοῦτος
2746 2444 2887 2514 Ἐγὼ
2937 2445 3047 2514 γάρ
3076 2444 3193 2513 εἰμι
3240 2439 3575 2512 πρεσϐύτης,
3608 2441 3769 2510 καὶὴ

2179 2541 2317 2613 γυνή
2350 2558 2454 2610 μου
2490 2538 2868 2609 προϐεϐηκυῖα
2898 2540 2955 2590 εν
2987 2538 3108 2601 ταῖς
3150 2536 3389 2607 ἡμέραις
3420 2534 3614 2602 αὐτῆς.
3658 2533 3775 2587 Καὶ

2180 2632 2501 2704 ἀποκριθεὶς
2524 2633 2554 2685 6
2584 2630 2816 2700 ἄγγελος
2838 2624 2991 2683 εἶπεν
3008 2628 3183 2698 αὐτῷ·
3218 2626 3358 2696 Ἐγώ
3386 2628 3504 2697 ειμι
3526 2623 3777 2696 Γαϐριὴλ

2179 2728 2209 2779 6
2235 2723 2596 2794 παρεστηκὼς
2623 2722 2859 2776 ἐνώπιον
2890 2719 2983 2775 τοῦ
3004 2719 3162 2783 Θεοῦ,
3202 2719 3297 2773 καὶ
3324 2717 3638 2788 ἀπεστάλην
3672 2716 3775 2770 λα-

2179 2815 2342 2885 λῆσαι
2380 2816 2518 2887 πρὸς
2545 2814 2629 2878 σὲ,
2656 2815 2751 2868 καὶ
2800 2810 3263 2882 εὐαγγελίσασθαί
3299 2827 3383 2864 σοι
3414 2809 3620 2863 ταῦτα’
3673 2809 3773 2863 καὶ

2184 2908 2294 2961 ίδοὺ
2326 2906 2427 2978 έοῃ
2456 2905 2681 2959 σιωπῶν
2712 2905 2808 2960 καὶ
2843 2903 2920 2976 μὴ
2950 2904 3250 2972 δυνάμενος
3293 2902 3549 2973 λαλῆσαι,
3606 2900 3775 2975 ἄχρις

2177 2994 2244 3073 ἧς
2266 3000 2479 3070 ἡμέρας
2508 2998 2735 3069 γένηται
2768 2996 2941 3052 ταῦτα
2970 3014 2985 3030 ο
3030 2996 3150 3051 ἀνθ’
3183 2990 3260 3051 ὧν
3306 2994 3407 3048 οὐκ
3436 2994 3777 3056 ἐπίστευσας

2181 3093 2295 3154 τοϊς
2322 3091 2501 3157 λόγοις
2534 3106 2661 3160 μου,
2692 3090 2888 3153 οἵτινες
2928 3086 3382 3158 πληρωθήσονται
3409 3087 3492 3149 είς
3520 3083 3615 3138 τὸν
3646 3100 3775 3137 και-

506 3163 655 3208 esset
688 3155 984 3214 Zacharias
1043 3170 1097 3216 et
1147 3175 1391 3230 sanctus,
1430 3171 1729 3239 respiciens
1782 3183 1965 3231 tamen
2008 3155 2073 3232 ad

2184 3182 2275 3254 ρὸν
2325 3155 2589 3236 asiam}
2658 3182 2721 3235 El
2780 3180 2875 3235 καὶ
2922 3155 3131 3243 δίκαιος
3178 3155 3258 3249 ήῆν
3290 3180 3320 3232 6
3359 3175 3641 3247 Ζαχαρίας
3673 3174 3775 3230 καὶ

511 3247 870 3315 prodigiosam
894 3254 1301 3321 generationem
1331 3258 1449 3322 lilii,
1475 3277 1581 3315 non
1604 3262 1765 3320 facile
1794 3268 2075 3323 credebat.

510 3338 722 3396 idcirco
746 3353 801 3398 et
834 3348 1058 3415 angelus
1093 3365 1245 3405 suam
1276 3354 1594 3423 dignitatem
1624 3358 1792 3417 dicit:
1826 3361 1940 3433 Ego
1958 3380 2077 3418 sum

505 3426 744 3499 Gabriel,
785 3437 875 3505 qui
909 3440 1055 3493 astili
1105 3442 1158 3496 in
1213 3458 1509 3515 conspectu
1534 3447 1651 3515 Dei,
1686 3466 1791 3505 non
1826 3456 2082 3510 seductor

509 3523 739 3591 daemon,
776 3530 871 3583 sed
902 3532 1125 3600 angelus
1156 3534 1271 3589 Dei.
1309 3537 1477 3608 Igitur
1506 3543 1635 3610 quia
1662 3544 1952 3613 discredis,
1977 3562 2079 3619 ego

510 3625 561 3671 te
583 3615 774 3673 faciam
812 3624 1057 3689 surdum,
1081 3637 1135 3680 et
1168 3627 1316 3697 loqui
1350 3647 1454 3685 non
1493 3638 1718 3702 poteris.
1754 3637 1948 3695 Merito
1977 3615 2078 3694 au-

508 3716 615 3761 tem
644 3709 753 3763 duo
797 3713 911 3765 haec
943 3729 1131 3783 passus
1157 3728 1262 3783 est,
1302 3730 1358 3774 et
1404 3727 1546 3790 quod
1578 3741 1680 3779 non
1740 3730 1971 3795 audiret,
2025 3740 2083 3786 et

508 3813 615 3853 non
652 3801 980 3869 loqueretur.
1018 3808 1153 3878 Quia
1182 3812 1326 3866 enim
1363 3830 1468 3869 non
1496 3818 1799 3885 obedierat,
1823 3823 2082 3878 condemo

511 3900 671 3945 natur
688 3901 748 3947 ut
770 3897 965 3952 surdus
992 3900 1095 3953 sit:
1126 3912 1180 3956 et
1207 3904 1333 3971 quia
1366 3909 1793 3979 contradixerat,
1815 3924 1873 3968 ut
1892 3916 2076 3972 sileat.

515 3982 891 4042 Verumtamen
922 3992 1477 4063 prteﬂgurabatetiam
1504 4015 1564 4055 ea
1593 4018 1712 4071 quae
1740 4001 2078 4065 Judaeiseve-

512 4085 730 4130 uerunt.
773 4077 907 4132 Nam
940 4082 1077 4138 sicut
1117 4085 1206 4140 hic
1224 4102 1387 4143 senex
1420 4100 1470 4145 et
1500 4095 1703 4150 sterilis
1737 4106 1790 4149 et
1822 4097 2077 4155 incredu-

509 4166 591 4221 lus
624 4170 831 4237 peperit
874 4172 1043 4227 filium
1108 4179 1381 4245 prepbetis
1421 4183 1679 4250 majbretn
1724 4200 1737 4238 :
1774 4186 1845 4241 ita
1880 4197 1935 4242 et
1986 4187 2079 4244 Ju-

508 4261 745 4314 daaerum
777 4268 1121 4333 congregatio
1144 4273 1452 4327 sacerdotio
1487 4276 1791 4333 inveterato
1829 4284 2079 4348 quamvis

505 4361 651 4404 εδει»
678 4353 905 4417 sterilis,
956 4356 1225 4413 incredula
1256 4372 1308 4416 et
1360 4363 1693 4431 inohediens,
1732 4368 1965 4425 Verbum
1996 4382 2077 4425 ta-

508 4457 628 4496 men
659 4442 776 4509 Dei,
824 4446 923 4501 hoc
964 4460 1045 4503 est
1080 4452 1361 4508 Dominum
1411 4460 1826 4525 prophetarum,
1866 4462 2077 4531 peperit

2181 3277 2358 3346 ἅγιος,
2384 3278 2537 3346 ὅμως
2573 3275 2711 3347 πρὸς
2730 3275 2792 3329 τὸ
2822 3275 3106 3346 τεράστιον
3134 3273 3233 3345 τῆς
3262 3270 3611 3333 παιδοποιίας
3633 3270 3777 3323 ἀπο-

2182 3370 2419 3435 ϐλέπων,
2458 3370 2559 3422 οὐκ
2581 3368 2819 3431 εὐκόλως
2841 3366 3115 3421 ἐπίστευε.
3141 3365 3233 3419 Διὸ
3263 3367 3358 3419 καὶ
3389 3366 3417 3417 6
3440 3360 3679 3432 ἄγγελος
3707 3360 3780 3415 τὸ

2177 3464 2376 3517 οἰκεῖον
2406 3461 2623 3530 ἀξίωμα
2645 3460 2817 3529 λέγει,
2843 3460 2952 3525 ὅτι,
2983 3458 3130 3527 Ἐγώ
3156 3459 3274 3527 ειμι
3307 3456 3345 3509 Γ
3347 3454 3547 3525 αϐριὴλ
3574 3456 3601 3508 6
3623 3470 3773 3524 παρ·-

2179 3552 2427 3622 εστηκὼς
2472 3551 2551 3623 τῷ
2585 3551 2706 3622 Θεῷ
2731 3567 2745 3581 ·
2784 3551 2847 3605 οὐ
2891 3550 3088 3613 πλάνος
3113 3549 3343 3618 δαίμων,
3388 3546 3505 3621 ἀλλ’
3537 3545 3775 3614 ἄγγελος

2179 3645 2339 3700 Θεοῦ.
2384 3644 2540 3699 Ἐπεὶ
2585 3642 2680 3699 οὖν
2707 3645 2979 3707 ἀπιστεῖς,
3002 3642 3096 3695 ἔσο
3134 3640 3397 3711 κωφεύων
3420 3639 3514 3693 καὶ
3550 3640 3627 3711 μὴ
3676 3639 3773 3692 δυ-

2179 3738 2411 3808 νάμενος
2430 3736 2662 3806 λαλῆσαι
2682 3752 2697 3768 '
2730 3735 2953 3799 εἰκότως
2979 3735 3036 3789 δὲ
3068 3735 3141 3791 τὰ
3166 3733 3261 3787 δύο
3288 3733 3459 3786 ταῦτα
3484 3731 3682 3796 ἔπαθε,
3711 3731 3773 3785 τὸ

2183 3829 2323 3899 μήτε
2348 3826 2571 3882 ἀκούειν
2600 3826 2737 3897 μήτε
2770 3823 2951 3878 λαλεῖν
2970 3840 2987 3857 ο
3021 3824 3095 3887 ὡς
3122 3823 3221 3893 μὶν
3249 3822 3356 3892 γὰρ
3385 3821 3771 3893 παρακούσας,

2180 3917 2601 3981 καταδικάζεται
2637 3916 2945 3985 κώφωσιν*
2990 3916 3062 3977 ὼς
3113 3914 3172 3968 δὲ
3201 3911 3496 3977 ἀντειπὼν,
3530 3915 3771 3982 σιωπήν.

2182 4013 2328 4084 Ιιλην
2351 4010 2660 4083 προιτύπου
2685 4012 2779 4065 καλ⁸
2802 4008 2872 4062 τά
2902 4007 3047 4062 κατά
3069 4008 3194 4070 τοὺς
3223 4007 3531 4071 Ἰουδαίους.
3553 4008 3775 4076 Ὠσπερ

2180 4102 2287 4174 γὰρ
2312 4094 2469 4165 οὗτος
2497 4100 2675 4172 γέρων
2709 4099 2806 4154 καὶ
2833 4099 3105 4169 ἄκαρπος,
3132 4098 3229 4151 καὶ
3276 4098 3616 4167 ἀπιστήσας,
3650 4097 3770 4151 ἓτε-

2183 4212 2277 4249 κεν
2332 4194 2447 4247 υἱὸν
2482 4192 2707 4264 μείζονα
2742 4192 2853 4245 τῶν
2890 4190 3187 4263 προφητῶν
3208 4229 3225 4255 ,
3269 4190 3411 4244 οὕτω
3457 4194 3555 4244 καὶ
3588 4191 3625 4262 ιλ
3661 4189 3775 4244 τῶν

2192 4284 2462 4338 Ἰουδαίων
2495 4285 2789 4355 συναγωγὴ
2820 4286 2915 4339 καὶ
2948 4284 3217 4357 ἱερωσύνη
3250 4283 3651 4347 παλαιωθεῐσα,
3676 4282 3774 4338 καὶ

2181 4376 2429 4444 ἄκαρπος
2464 4375 2560 4428 καὶ
2590 4375 2818 4439 ἄπιστος
2844 4376 2938 4429 καὶ
2970 4377 3250 4447 παρήκοος
3295 4374 3589 4445 γενομένη.
3619 4375 3772 4443 ὅμως

2183 4466 2274 4517 τὸν
2318 4467 2493 4534 Λόγον
2522 4466 2617 4519 τοῦ
2652 4465 2810 4532 Θεοῦ,
2843 4468 2934 4521 τὸν
2968 4469 3253 4538 Δεσπότην
3301 4467 3409 4520 τῶν
3445 4466 3769 4537 προφητῶν,

509 4534 560 4598 in
586 4550 774 4589 carne;
802 4553 907 4607 quo
950 4554 1095 4606 nato,
1128 4545 1178 4599 hi
1219 4548 1309 4615 qui
1331 4549 1478 4615 prius
1500 4550 1874 4609 inobedientes
1895 4563 2069 4621 erant,

2181 4556 2363 4610 ἔτεκεν
2396 4559 2453 4611 ἐν
2503 4560 2703 4627 σαρκί·
2731 4551 2792 4613 οὗ
2838 4558 3143 4630 τεχθέντος,
3175 4534 3225 4613 oi
3258 4557 3451 4631 πρώην
3490 4534 3772 4630 νπαρίλκοοι

508 4626 572 4676 ad
617 4627 772 4680 tidem
808 4642 861 4683 et
894 4634 1287 4689 confessionem
1336 4653 1719 4706 pervenerunt.

581 4718 739 4775 Vens.
772 4723 959 4777 ΞΙ-σὶδ.
1001 4746 1017 4777 ι
1049 4726 1114 4780 Ει
1136 4740 1253 4784 erat
1277 4732 1503 4799 populus
1527 4745 1846 4802 exspectans
1871 4738 2078 4795 Zacha-

507 4811 662 4879 riam,
714 4824 769 4868 et
818 4817 1151 4873 mirabantur
1198 4825 1337 4890 quod
1393 4835 1703 4881 moraretur
1752 4829 1804 4882 in
1859 4835 2073 4901 templo.

506 4905 766 4974 Egressus
814 4918 988 4962 autem
1030 4927 1133 4964 non
1170 4922 1381 4982 poterat
1423 4916 1569 4985 loqui
1607 4919 1733 4971 illis.
1773 4920 1834 4974 Et
1880 4939 2079 4993 cogno-

505 5007 698 5051 verunt
728 5000 871 5067 quod
930 5002 1188 5057 visionem
1235 5007 1456 5061 vidisset
1508 5008 1557 5061 in
1608 5010 1828 5078 templo.
1860 5011 1923 5065 Et
1966 5014 2079 5084 ipse

509 5086 763 5141 innuebat
811 5090 936 5156 illis,
966 5099 1365 5166 permansitqne
1402 5109 1606 5155 nullus.
1652 5101 1721 5157 Et
1774 5106 1989 5173 accidit,
2024 5116 2080 5162 nt

508 5178 710 5248 impleti
730 5192 855 5237 sunt
878 5186 992 5238 dies
1019 5186 1175 5243 oliicii
1198 5190 1333 5258 ejus,
1365 5192 1497 5245 abiit
1518 5194 1569 5247 in
1594 5195 1812 5250 domum
1842 5212 2019 5252 suam.
2052 5220 2070 5252 ι

509 5270 671 5328 Vides
705 5280 975 5344 quomodo
997 5278 1164 5334 Judaei
1199 5286 1653 5351 exspectabantet
1686 5292 2078 5354 permanebant

509 5364 677 5417 donec
704 5369 874 5422 exiret
904 5386 1149 5428 summus
1187 5377 1477 5430 sacerdos?
1506 5380 1571 5431 At
1615 5396 1709 5434 nos
1752 5379 2074 5447 Christiani,

509 5456 610 5509 nisi
639 5472 765 5512 mox
820 5470 876 5512 ut
921 5462 1145 5531 ingressi
1200 5466 1461 5522 fuerimus
1510 5471 1562 5522 in
1588 5474 1866 5539 templum,
1894 5475 2077 5528 statim

508 5551 1261 5617 «gredi-amur,existimamus
1288 5561 1427 5614 male
1449 5564 1727 5619 nobiscum
1753 5569 1859 5635 agi.
1885 5567 2079 5623 lnnue-

511 5640 599 5692 bal
630 5652 807 5695 autem
847 5648 1041 5713 populo
1071 5648 1385 5717 Zacharias,
1452 5654 1587 5709 forte
1641 5660 1847 5728 roganti
1877 5661 2077 5715 silentii

508 5743 769 5786 causam:
807 5740 931 5805 quia
982 5742 1125 5794 enim
1163 5744 1300 5813 loqui
1334 5763 1439 5801 non
1479 5756 1707 5815 poterat,
1756 5767 1850 5819 per
1885 5764 2077 5807 nutum

513 5821 871 5891 signiﬁcabat.
913 5832 1043 5890 \"ide
1086 5835 1209 5891 item
1257 5841 1535 5907 quodnon
1583 5844 1710 5900 abiit
1768 5847 1818 5901 in
1860 5851 2078 5903 domum

2181 4650 2261 4711 είς
2286 4649 2468 4701 πίστιν
2505 4652 2597 4702 καὶ
2628 4650 2899 4718 εὐφωνίαν
2937 4652 3294 4721 μετήλθοσαν.

2260 4764 2277 4795 ι
2315 4741 2427 4797 Καὶ
2450 4739 2516 4813 ἦν
2562 4744 2591 4795 6
2630 4743 2759 4805 λαὸς
2808 4746 3127 4813 προσδοκῶν
3178 4744 3271 4797 τὸν
3318 4744 3623 4815 Ζαχαρίαν,
3675 4748 3770 4802 καὶ

2183 4833 2491 4906 ἐθαύμαζον
2520 4837 2577 4887 ἐν
2607 4833 2683 4904 τῷ
2708 4836 2978 4906 χρονίζειν
3013 4836 3176 4889 αὑτὸν
3217 4839 3275 4890 ἐν
3309 4834 3388 4908 τῷ
3435 4837 3549 4909 ναῷ
3575 4854 3589 4868 '
3625 4838 3773 4907 έξελ-

2184 4927 2293 4980 θὼν
2324 4928 2379 4981 δὲ
2409 4928 2509 4980 οὐκ
2540 4928 2770 4999 ἠδύνατο
2795 4928 3029 4999 λαλῆσαι
3066 4930 3283 4994 αὐτοῖς·
3319 4931 3415 4984 καὶ
3438 4932 3768 5000 ἐπέγνωσαν

2181 5020 2260 5072 ὅτι
2287 5020 2551 5075 ὀπτασίαν
2578 5020 2824 5091 ἑώρακεν
2855 5023 2911 5074 ὲν
2945 5022 3023 5091 τῷ
3059 5023 3194 5093 ναῷ.
3222 5024 3330 5077 Καὶ
3369 5024 3536 5087 αὐτὸς
3556 5020 3627 5098 ἦν
3651 5025 3769 5080 δια·

2182 5114 2353 5167 νεύων
2387 5114 2591 5177 αὐτοῖς,
2631 5116 2720 5169 καὶ
2773 5115 2990 5184 διέμενε
3025 5118 3231 5185 κωφός.
3267 5117 3378 5170 Καὶ
3409 5117 3656 5185 ἐγένετο,
3692 5119 3768 5182 ὡς

2183 5205 2532 5277 ἐπλήσθησαν
2550 5208 2605 5258 αἱ
2627 5206 2831 5278 ἡμέραι
2864 5206 2965 5277 τῆς
2980 5207 3325 5276 λειτουργίας
3353 5208 3545 5275 αὐτοῦ,
3583 5211 3768 5281 ἀπῆλ-

2184 5296 2275 5349 θεν
2307 5299 2385 5359 εἰς
2410 5298 2500 5350 τὸν
2522 5294 2668 5351 οἷκον
2692 5298 2913 5353 αὑτοῦ.»
2960 5299 3125 5370 ὐρᾷς
3160 5299 3275 5362 πῶς
3304 5301 3354 5351 οἱ
3383 5300 3483 5368 μὲν
3518 5301 3765 5357 Ἰουδαῖοι

2183 5391 2527 5461 προσεδόκων
2560 5392 2653 5444 καὶ
2690 5393 3013 5461 περιέμενον
3048 5395 3154 5455 ἕως
3202 5389 3261 5448 οὗ
3294 5392 3502 5458 ἐξέλθοι
3543 5398 3571 5449 ό
3623 5397 3764 5467 ἀρχ-

2186 5486 2362 5554 ιερεύς
2391 5505 2405 5551 ;
2450 5487 2642 5555 Ἡμεῖς
2672 5486 2727 5539 δὲ
2760 5488 2810 5539 οἱ
2838 5488 3175 5557 Χριστιανοὶ,
3232 5488 3349 5557 ἅμα
3392 5488 3469 5557 τῷ
3500 5490 3765 5543 είσελθείν

2182 5576 2260 5637 είς
2276 5576 2373 5642 τὴν
2398 5578 2715 5647 ἐκκλησίαν,
2741 5579 2789 5631 εί
2812 5579 2887 5649 μὴ
2912 5579 3243 5647 ἐξέλθοιμεν,
3262 5579 3433 5632 δεινόν
3454 5597 3506 5632 τι
3531 5582 3762 5651 πάσχειν

2183 5669 2499 5737 νομίζομεν.
2546 5672 2761 5723 Διένευε
2820 5670 2876 5722 δὲ
2904 5670 2982 5741 τῷ
3039 5671 3212 5740 λαῷό
3278 5672 3579 5742 Ζαχαρίας,
3634 5673 3761 5735 tam;

2185 5760 2460 5828 ἐρωτῶντι
2489 5761 2586 5831 τὴν
2609 5761 2785 5815 αἰτίαν
2808 5764 2904 5831 τῆς
2931 5764 3140 5832 σιωπῆς
3163 5780 3176 5793 ο
3222 5762 3295 5831 μὴ
3325 5763 3627 5833 δυνάμενος
3655 5765 3759 5831 γὰρ

2184 5848 2435 5919 λαλῆσαι,
2489 5850 2575 5905 διὰ
2602 5850 2869 5922 νεύματος
2897 5852 3083 5922 ἐδήλου
3131 5854 3353 5924 ταύτην,
3384 5854 3528 5924 ’Ὅρα
3569 5857 3624 5909 5‘;
3680 5854 3759 5907 ὅτι
