4028 6420
267 420 369 491 701

1025 411 1477 479 ENARBATIO
1522 409 1602 473 IN
1638 406 2144 472 EVANGELIUM
2166 409 2399 475 ιυοιε.
2437 436 2510 450 -
2545 407 2709 473 CAP.
2749 412 2800 474 Ι.

3463 405 3570 469 732

268 538 369 594 καὶ
393 536 501 602 ἕως
534 527 598 591 οῦ
622 530 987 603 ιτελὲσθησαν
1022 531 1082 585 αί
1115 530 1329 602 ήμέραι
1368 527 1472 597 τῆς
1512 526 1861 596 λειτουργίας

1974 526 2326 595 ιυαιη,‹ίοιιοεδ
2340 525 2549 597 impleti
2570 534 2758 585 essem
2775 521 3207 582 dlesministerii
3224 519 3576 585 sui,assedit—

266 627 462 695 αὐτοῦ,
489 629 594 683 οὐκ
619 624 861 697 ἀπῆλθεν
889 625 972 689 είς
998 623 1092 677 τὸν
1120 618 1269 678 οῒκον
1292 620 1487 681 αὑτοῦ.
1523 618 1663 674 ἀλλά
1696 635 1866 687 προσ.

268 722 469 792 ήδρευε
510 717 590 788 τῷ
646 716 795 789 ναιῘν
834 717 1120 789 ἀπῴκιστο
1147 715 1248 786 μὲν
1283 713 1394 783 γὰρ
1445 715 1479 782 ή
1514 710 1703 783 ὀρεινὴ
1734 711 1872 781 ἀλη-

268 813 382 876 θῶς
406 811 502 866 καὶ
519 812 717 881 ἀπεῖχε
740 809 840 880 τῆς
864 809 1229 880 Ἰερουσαλήμ
1253 822 1267 838 ·
1294 804 1439 877 πλὴν
1462 804 1582 859 ἀλλ’
1607 805 1655 857 εί
1687 804 1784 858 καὶ
1810 804 1869 856 ὲν

268 904 456 967 αῦτοῐς
478 905 595 967 τοῖς
635 899 1034 972 Ἰεροσολύμοις
1059 894 1175 970 εἶχε
1205 899 1299 952 τὸν
1326 892 1478 951 οἷκον
1500 899 1529 950 6
1547 897 1751 967 ίερεὺς,
1768 897 1870 950 οὐκ

269 992 581 1064 ιξῆνῖαύτῷ
608 992 717 1060 ἔξω
740 992 845 1063 τῆς
894 991 1068 1061 αὐλῆς
1102 989 1200 1044 τοῦ
1250 989 1384 1044 ναοῦ
1418 988 1681 1044 ἀπελθεῖν
1722 989 1869 1043 κατά

268 1088 363 1141 τὸν
389 1085 586 1157 καιρὸν
633 1085 732 1157 τῆς
789 1085 1102 1155 ἐφημερίας
1149 1081 1317 1138 αὑτοῦ
1340 1098 1354 1113 ·
1383 1083 1576 1152 ἡμεῖς,
1602 1080 1680 1145 δὲ,
1721 1080 1864 1147 φεῦί

268 1176 390 1241 πῶς
420 1166 887 1246 καταφρονῶμεν
920 1174 1032 1228 τῶν
1062 1172 1226 1227 θείων
1284 1168 1639 1241 ὑπηρεσιῶνί
1686 1170 1760 1224 Τὸ
1808 1171 1867 1224 δὲ

271 1269 348 1340 μὴ
392 1267 659 1322 δύνασθαι
715 1266 817 1337 μὲν
847 1263 1033 1320 λαλεῖν
1054 1266 1145 1319 τὸν
1171 1265 1475 1336 Ζαχαρίαν,
1507 1266 1778 1320 διανεύειν
1808 1264 1868 1318 δὲ

266 1359 349 1431 τῷ
382 1359 520 1429 λαῷ,
539 1360 643 1430 τήν
669 1356 783 1411 τῶν
823 1356 1098 1410 Ἰουδαίων
1142 1356 1341 1425 ἀλογον
1374 1356 1658 1411 πολιτείαν
1682 1356 1863 1425 δηλοῖ·

265 1450 694 1512 ἀποκτείναντες
723 1446 836 1519 γὰρ
854 1448 947 1500 τὸν
968 1444 1164 1515 Λόγον,
1183 1445 1245 1499 οὐ
1272 1444 1529 1499 δύνανται
1554 1445 1712 1513 λόγον
1734 1445 1867 1497 ἀποο

265 1542 453 1597 δοῦναι
492 1542 619 1612 περὶ
662 1534 739 1595 ὧν
786 1540 1125 1612 πράττουσιν
1174 1538 1209 1609 ἢ
1260 1537 1537 1607 λέγουσιν,
1594 1536 1731 1592 ἀλλά
1761 1534 1867 1589 κάν

267 1633 677 1705 προφητικόντι
698 1633 897 1697 αὐτοὺς
925 1632 1162 1703 ἱρωτᾷς,
1189 1630 1657 1700 ἐπιστομίζονται,
1688 1629 1783 1683 καὶ
1802 1628 1864 1682 ού

263 1727 526 1783 δύνανταί
557 1743 642 1781 σοι
672 1726 834 1795 λόγον
865 1725 963 1779 καὶ
984 1725 1284 1796 ἀπόκρισιν
1321 1723 1646 1780 ἀποδοῦναι.

341 1840 362 1873 ι
402 1819 561 1875 Πετά
590 1818 648 1873 δὲ
673 1817 1007 1882 ταύτας-τὰς
1061 1817 1279 1888 ἡμέρας
1309 1815 1604 1870 συνέλαϐεν
1646 1812 1863 1867 Ἐλισά-

263 1912 363 1967 ϐετ
385 1914 420 1983 ή
473 1911 614 1983 γυνή
647 1909 850 1976 αὑτοῦ,
882 1910 981 1964 καὶ
1028 1908 1397 1982 περιέκρυϐεν
1433 1907 1636 1977 ἑαυτήν
1685 1908 1865 1977 μῆνας

264 2006 455 2068 πέντε,
493 2005 725 2074 λέγουσα
753 2005 860 2068 δτι,
888 2000 1049 2057 Οὕτω
1076 2020 1171 2074 μοι
1196 2001 1498 2073 πεποίηκεν
1525 2003 1555 2055 6
1581 2000 1786 2071 Κύριος
1805 2000 1864 2052 ὲν

262 2097 510 2169 ἡμέραις
540 2092 631 2161 αἷς
682 2096 896 2150 ιπείδεν
934 2094 1158 2164 ἀφελεῖν
1206 2093 1269 2148 τδ
1306 2094 1512 2158 δνειδός
1540 2110 1641 2162 μου
1669 2094 1727 2146 ἐν
1768 2094 1865 2144 ἁν-

264 2188 531 2262 θρώποις.
567 2205 587 2240 t
645 2186 890 2258 Σώφρων
922 2183 1061 2242 οὖσα
1092 2189 1128 2259 ή
1174 2187 1481 2252 Ἑλισάϐετ,
1530 2186 1734 2257 ῂόεἶτο,
1768 2184 1867 2238 καὶ

262 2282 354 2336 διὰ
384 2280 545 2335 τοῦτο
579 2280 990 2353 περιέκρυπτεν
1008 2280 1235 2351 ἑαυτὴν,
1260 2279 1351 2333 διὰ
1385 2279 1448 2332 τὸ
1477 2278 1535 2333 ἐν
1570 2278 1719 2348 γήρᾳ
1740 2275 1867 2330 συλ-

262 2372 489 2427 λαϐεῖν’
520 2372 615 2426 ἐπὶ
664 2371 841 2443 μῆνας
870 2370 930 2425 δὲ
965 2370 1131 2425 πέντε
1182 2370 1593 2441 περιέκρυπτεν
1633 2368 1863 2438 ἑαυτὴν,

261 2468 369 2529 ἕως
404 2459 468 2520 οὖ
509 2465 605 2518 καὶ
630 2465 665 2535 ή
695 2464 886 2535 Μαρία
916 2465 1175 2519 συλλάϐοι
1197 2480 1212 2497 ⁸
1242 2463 1337 2535 ἀφ’
1372 2456 1434 2517 οὗ
1465 2463 1524 2517 δὲ
1551 2462 1648 2516 καὶ
1680 2460 1866 2530 ἐκείνη

263 2555 552 2621 συνέλαϐε,
593 2556 691 2609 καὶ
718 2556 1015 2627 ἐσκίρτησε
1043 2556 1106 2611 τὸ
1132 2556 1335 2627 βρέφος
1365 2557 1424 2610 ιν
1456 2559 1525 2625 τῇ
1560 2552 1741 2623 κοιλίᾳ
1764 2536 1866 2605 αὑ-

259 2652 385 2721 τῆς,
408 2651 511 2704 οὐκ
532 2649 613 2702 ἔτι
637 2648 913 2719 ἔκρυπτεν
942 2650 1167 2723 ἑαυτὴν,
1207 2649 1351 2705 ἀλλά
1396 2649 1493 2702 καὶ
1516 2644 1867 2718 ἀπαρρησιὰρ

263 2757 401 2795 σατο
424 2738 514 2804 ἀν,
546 2740 622 2803 ὡς
650 2740 902 2794 τοιούτου
930 2741 1125 2805 παιδὸς
1158 2742 1369 2812 μήτηρ,
1402 2741 1497 2795 καὶ
1527 2740 1658 2811 πρὶν
1684 2737 1718 2807 ἢ
1743 2752 1870 2805 γεν-

262 2831 501 2903 νηθῆναι
523 2835 842 2903 προφητικῇ
878 2832 1009 2904 ἀξίᾳ
1031 2834 1421 2906 τετιμημένου.

342 2942 363 2974 ε
392 2924 485 2977 Ἑν
517 2923 572 2977 δὲ
608 2922 689 2993 τῷ
721 2927 854 2997 μηνὶ
888 2925 968 2996 τῷ
1009 2924 1156 2997 ἕκτῳ
1216 2927 1508 2998 ἀπεστάλη
1558 2929 1586 2982 6
1636 2931 1869 3001 ἄγγελος

261 3014 511 3087 Γαϐριὴλ
540 3016 648 3069 ὑπο
675 3017 772 3070 τοῦ
817 3017 956 3071 Θεοῦ
1011 3018 1093 3081 είς
1145 3018 1303 3073 πόλιν
1332 3021 1436 3091 τῆς
1476 3022 1795 3091 Γαλιλαίας,

259 3107 438 3178 ὄνομα
454 3108 740 3181 Ναζαρὲτ,
770 3110 908 3179 πρὸς
930 3110 1207 3182 παρθένον
1234 3115 1735 3185 μεμνηστευμένην
1770 3118 1868 3171 ἀν-

1971 636 2078 691 que
2126 622 2350 691 templo.
2386 620 2596 678 Aberat
2642 621 2791 677 enim
2825 633 2957 675 vere
3001 633 3032 671 a
3065 615 3373 673 Jerusalem
3411 627 3571 669 mon-

1973 724 2097 771 tana
2132 716 2300 787 regio.
2326 712 2596 783 Quamvis
2617 722 2801 768 autem
2834 721 2890 768 et
2913 708 3313 780 Hierosolymis
3347 707 3569 763 domum

1972 807 2275 873 habuisset,
2314 821 2423 862 non
2473 806 2721 863 licuisset
2769 813 2953 860 tamen
2996 800 3049 859 ei
3086 810 3243 857 extra
3299 798 3564 855 ambitum

1973 899 2155 970 templi
2185 915 2282 972 per
2298 908 2513 970 tempus
2544 898 2682 954 vicis
2714 912 2830 955 suae
2853 897 3027 951 exire.
3054 892 3170 949 Nos
3191 894 3403 953 autem,
3432 890 3569 960 proh

1970 993 2176 1063 pudor!
2205 1008 2367 1063 quam
2399 992 2807 1049 contemnimus
2834 988 3019 1044 divina
3064 984 3371 1041 ministeria
3397 983 3412 1037 ι
3445 981 3569 1039 Ca-

1970 1094 2147 1142 terum
2174 1087 2324 1157 quod
2343 1085 2648 1141 Zacharias
2692 1097 2798 1139 non
2831 1089 3012 1153 potest
3044 1078 3221 1148 loqui,
3250 1076 3348 1133 sed
3391 1075 3572 1132 innuit

1969 1178 2191 1249 populo,
2220 1177 2499 1245 signiﬁcat
2543 1173 2924 1231 irrationaiem
2980 1171 3296 1227 Iudaeorum
3356 1168 3566 1223 vitam:

1968 1270 2095 1341 quia
2134 1270 2223 1326 ubi
2250 1271 2577 1326 occiderunt
2605 1266 2870 1324 Verbum.
2900 1278 3008 1321 non
3037 1270 3271 1334 possunt
3294 1261 3567 1317 rationem

1970 1364 2203 1418 reddere
2224 1364 2291 1418 de
2313 1363 2398 1418 bis
2426 1377 2554 1431 qua:
2572 1360 2657 1416 vel
2680 1360 2871 1415 dicunt
2897 1358 2979 1414 vel
3010 1355 3245 1413 faciunt.
3268 1354 3335 1411 Et
3364 1355 3411 1411 si
3439 1352 3572 1424 quid

1969 1456 2355 1527 propheticum
2410 1452 2866 1526 interrogaveris,
2901 1450 3316 1515 obmutescunt,
3348 1457 3417 1505 et,
3458 1462 3568 1505 non

1970 1557 2195 1620 possunt
2236 1548 2333 1604 tibi
2369 1546 2452 1604 vel
2493 1560 2808 1605 sermonem
2836 1543 2922 1601 vel
2954 1557 3279 1614 responsum
3311 1541 3467 1599 dare.

2040 1824 2210 1880 Vens.
2238 1821 2333 1887 ει,
2356 1821 2452 1878 25.
2482 1840 2503 1875 ι
2534 1820 2666 1877 Post
2695 1820 2797 1877 hos
2823 1827 3007 1875 autem
3038 1818 3160 1874 dies
3185 1816 3442 1886 concepit
3462 1814 3574 1871 Eli-

1971 1909 2165 1973 sa'beth
2203 1931 2344 1972 uxor
2371 1914 2515 1981 cius,
2540 1922 2597 1969 et
2640 1912 2958 1970 occultabat
3002 1925 3063 1968 se
3097 1908 3382 1965 mensibus
3410 1908 3575 1979 quin-

1970 2027 2098 2083 que.
2125 2010 2347 2066 dicens:
2380 2008 2473 2064 Sic
2487 2006 2619 2063 fecit
2640 2006 2770 2061 mihi
2795 2004 3060 2059 Dominus
3082 2004 3135 2058 in
3154 2003 3349 2059 diebus
3370 2001 3576 2073 quibus

1969 2117 2058 2157 me
2091 2098 2355 2168 respexit,
2376 2107 2436 2153 ut
2458 2096 2706 2153 auferret
2727 2095 2991 2165 probrum
3017 2109 3202 2150 meum
3226 2094 3375 2149 inter
3399 2091 3577 2147 homiv

1972 2205 2089 2247 nes.
2138 2209 2157 2243 ι
2189 2188 2496 2253 Elisabetlt,
2534 2185 2795 2257 quoniam
2826 2195 2979 2241 casta
3018 2195 3160 2251 erat,
3188 2183 3573 2247 erubescebat,

1970 2294 2027 2341 et
2053 2292 2342 2353 propterea
2371 2278 2681 2337 occultabat
2724 2294 2807 2344 se,
2837 2293 2905 2335 eo
2942 2278 3090 2348 quod
3136 2292 3305 2332 senex
3367 2288 3574 2331 conce-

1970 2379 2162 2448 pisset.
2196 2374 2474 2431 Mensibus
2521 2384 2705 2428 autem
2735 2372 2979 2441 quinque
3020 2370 3320 2426 occultavit
3357 2383 3442 2432 se,
3480 2367 3579 2423 do-

1974 2484 2073 2525 nec
2092 2468 2262 2523 Maria
2317 2466 2655 2536 conciperet.
2706 2462 2813 2520 Ubi
2862 2471 3044 2519 autem
3082 2462 3168 2517 illa
3195 2460 3476 2530 concepit,
3521 2468 3581 2514 et

1972 2562 2270 2618 exsultavit
2311 2556 2492 2614 infani
2516 2558 2569 2612 in
2606 2567 2785 2622 utero.
2811 2571 2918 2611 non
2965 2556 3110 2611 ultra
3154 2569 3214 2610 se
3249 2552 3574 2617 occultavit,

1972 2654 2068 2709 sed
2103 2651 2277 2707 libere
2313 2651 2433 2713 ivit.
2470 2659 2660 2719 utpote
2694 2648 2831 2703 tanti
2868 2648 3025 2718 pueri
3055 2655 3256 2711 mater,
3285 2645 3379 2715 qui
3408 2644 3576 2701 etiam

1972 2754 2268 2813 antequam
2320 2752 2664 2810 nasceretur,
2719 2740 3113 2813 prophetarum
3166 2738 3433 2809 dignitate
3476 2733 3580 2791 fuit

1973 2840 2301 2895 honoratus.

2048 2932 2209 2987 Vens.
2240 2931 2440 2987 26-50.
2482 2949 2502 2985 ι
2543 2930 2603 2986 In
2641 2943 2830 2985 mense
2866 2935 3048 2983 autem
3077 2935 3234 2982 sexto
3265 2924 3466 2978 missus
3492 2929 3579 2978 est

1972 3027 2199 3095 angelus
2225 3024 2391 3096 275
2443 3022 2663 3081 Gabriel
2696 3038 2726 3077 υ
2775 3022 2886 3076 Deo
2927 3022 2980 3075 in
3027 3019 3306 3074 civitatem
3341 3015 3581 3073 Galilam

1972 3120 2060 3175 cui
2086 3132 2285 3197 nomen
2315 3115 2614 3180 Naaareth,
2650 3114 2718 3168 ad
2744 3113 3010 3182 virginem
3034 3112 3425 3181 desponsatam
3453 3109 3578 3163 viro

264 3198 380 3271 δρὶ.
404 3195 450 3267 ᾧ
487 3201 662 3272 ὄνομα
704 3198 925 3273 Ἰωσὴφ,
962 3202 1023 3268 ἑξ
1055 3204 1207 3257 οἷκον
1254 3205 1438 3260 Δαϐίδ.
1481 3208 1589 3260 Καὶ
1609 3208 1669 3260 τὸ
1699 3208 1865 3277 ὄνομα

1977 3212 2063 3267 cui
2092 3195 2297 3267 nomen
2329 3208 2695 3279 eratlosepb,
2740 3207 2809 3262 de
2840 3205 3234 3270 dontoDavid,
3260 3217 3328 3259 ac
3381 3215 3579 3257 nomen

260 3293 365 3362 τῆς
402 3293 705 3363 παρθένου,
759 3295 1018 3365 Μαριάμ.
1066 3296 1182 3349 Καὶ
1232 3296 1496 3351 εἰσελθὼν
1554 3301 1583 3351 6
1638 3299 1873 3367 ἄγγελος

261 3377 405 3456 προς
440 3386 635 3458 αὐτὴν,
687 3382 831 3441 εἶπεο
867 3388 1067 3461 Χαῖρε,
1117 3391 1562 3462 κεχαριτωμένη,
1611 3396 1640 3446 6
1668 3392 1872 3465 Κύριος

264 3478 409 3547 μετά
439 3478 557 3541 σοῦ,
587 3479 937 3551 εὐλογημένη
976 3483 1042 3535 σὺ
1076 3484 1135 3536 ιν
1162 3484 1435 3551 γυναιξίν.
1476 3485 1544 3538 Ἢ
1564 3485 1624 3539 δὲ
1659 3485 1868 3551 ίδοῦσα,

258 3568 597 3641 διεταράχθη
631 3571 725 3624 ἐπὶ
756 3569 838 3641 τῷ
866 3570 1012 3643 λόγῳ
1057 3572 1249 3637 αὐτοῦ,
1279 3574 1375 3627 καὶ
1404 3573 1738 3644 διελογίζετο
1768 3593 1869 3628 πο-

259 3660 437 3725 ταπδς
466 3660 553 3733 εῐη
604 3662 634 3715 6
680 3664 974 3733 ἀσπασμὸς
1008 3656 1166 3729 οὗτος
1187 3680 1203 3696 ’
1262 3667 1359 3720 καὶ
1384 3661 1541 3719 εἷπεν
1583 3670 1612 3721 6
1637 3668 1871 3738 ἀγχελος

260 3755 403 3825 αὐτῇ
427 3768 441 3782 ⁸
475 3753 568 3822 Μὴ
591 3754 782 3823 φοϐοῦ,
809 3758 1072 3828 Μαριάμ*
1098 3752 1258 3829 εὗρες
1286 3760 1395 3830 γὰρ
1425 3761 1584 3829 χάριν
1608 3762 1761 3832 παρὰ
1792 3763 1871 3834 τῷ

259 3844 401 3913 Θεῷ.
438 3863 456 3897 t
519 3847 686 3915 Μήνα
733 3847 893 3901 ἕκτον
926 3849 1077 3917 λέγει
1111 3850 1204 3903 τὸν
1260 3850 1371 3903 ἀπὸ
1399 3852 1499 3920 τῆς
1548 3836 1871 3923 συλλήψεως

272 3935 551 3989 Ἰωάννου.
577 3937 745 4005 Λέγει
771 3938 829 3990 δι
851 3942 1263 4011 μεμνηστεῦοαι
1284 3942 1385 4010 τὴν
1408 3942 1681 4011 παρθένον
1712 3944 1868 4015 ἀνδρὶ

259 4026 325 4092 ἐξ
357 4026 513 4081 οἴκου
548 4029 734 4097 Δαϐὶδ,
790 4031 880 4085 ἶνα
920 4032 1090 4104 δείξῃ,
1128 4034 1211 4087 ὅτι
1243 4032 1341 4087 καὶ
1373 4035 1515 4106 αὐτὴ
1548 4038 1613 4089 ἐκ
1642 4037 1738 4090 τοῦ
1769 4039 1865 4106 γέ-

258 4136 388 4182 νους
408 4121 505 4175 τοῦ
540 4122 706 4177 Δαϐὶδ
738 4127 1043 4197 κατήγετοο
1076 4129 1142 4180 ἐκ
1181 4128 1293 4197 γὰρ
1334 4126 1429 4180 τοῦ
1458 4128 1627 4182 αὐτοῦ
1673 4132 1869 4198 γένους

258 4212 359 4265 καὶ
383 4213 484 4281 τῆς
511 4213 685 4281 αὐτῆς
710 4217 897 4285 σειρᾶς
920 4214 1059 4270 εἶναι
1122 4220 1371 4289 μφότερα
1402 4220 1473 4273 τὰ
1505 4220 1671 4294 μέρη,
1704 4223 1870 4291 νόμος

246 4298 350 4374 ἦν.
380 4304 605 4377 Ἐπειδὴ
641 4306 697 4359 δὲ
731 4310 797 4377 τῇ
831 4306 940 4378 Εὕα
974 4310 1001 4361 6
1036 4311 1074 4361 K
1125 4325 1241 4379 ριος
1310 4307 1486 4374 εἶπεν,
1536 4314 1626 4364 Ἐν
1667 4313 1869 4378 λύπαις

255 4396 389 4465 τέξῃ
418 4396 606 4460 τέκνα,
633 4396 749 4450 λύει
781 4398 881 4467 τὴν
903 4399 1046 4470 λύπη
1112 4401 1321 4470 ταύτην
1350 4404 1383 4473 ή
1414 4403 1583 4473 χαρὰ,
1614 4405 1683 4475 ἠν
1711 4406 1739 4457 6
1768 4406 1870 4474 ἀγ-

256 4486 420 4554 γελος
455 4483 759 4561 προσφέρὴ
783 4493 848 4560 τῇ
884 4492 1170 4563 Παρθινῳ,
1205 4492 1381 4561 λέγων
1403 4511 1414 4523 ·
1464 4494 1660 4565 Χαῖρε,
1704 4514 1867 4569 κεχα-

1980 3306 2206 3377 virginis
2230 3305 2427 3373 Maria.
2454 3303 2521 3357 Et
2550 3304 2835 3370 ingressus
2866 3300 3094 3372 angelus
3123 3298 3191 3353 ad
3222 3313 3343 3354 eam
3393 3297 3533 3351 dixit
3558 3312 3577 3353 :

1976 3398 2185 3464 Gaude,
2215 3399 2476 3467 gratiosa,
2522 3394 2791 3449 Dominus
2839 3404 3044 3458 tecum,
3074 3392 3365 3448 benedicta
3416 3400 3472 3445 tu
3524 3390 3578 3445 in

1976 3492 2326 3547 mulieribus.
2356 3490 2453 3545 Illa
2476 3485 2630 3543 'vero
2663 3502 2791 3542 cum
2817 3486 3075 3551 vidisset,
3109 3484 3329 3541 turbata
3362 3494 3448 3539 est
3473 3497 3575 3539 su-

1976 3599 2076 3654 per
2115 3596 2377 3654 sermone
2408 3580 2550 3649 ejus,
2584 3588 2639 3635 et
2670 3579 2951 3649 cogitabat
2976 3576 3154 3646 qualis
3180 3585 3334 3632 esset
3361 3574 3452 3630 illa
3481 3590 3577 3629 sa-

1975 3652 2191 3732 lutatio.
2212 3673 2279 3730 Et
2309 3652 2450 3729 diait
2471 3673 2702 3744 angelus
2731 3671 2811 3727 ei:
2840 3669 2920 3727 Ne
2949 3672 3169 3735 timeas,
3204 3668 3399 3732 Maria,
3424 3667 3580 3744 inve-

1974 3770 2102 3824 nisti
2135 3770 2280 3824 enim
2322 3740 2573 3835 gra'tiamv
2611 3765 2757 3835 apud
2788 3764 2982 3820 Deum.
3019 3782 3037 3815 ι
3078 3762 3319 3817 “ensem
3359 3740 3579 3817 seitum

1976 3864 2109 3917 dicit
2137 3878 2167 3917 a
2201 3875 2449 3931 tempore
2479 3875 2591 3928 quo
2617 3866 2929 3925 conceptus
2978 3856 3084 3910 fuit
3112 3853 3382 3910 Joannes.
3436 3852 3580 3907 Dicit

1975 3963 2154 4008 autem
2182 3956 2569 4022 desponsatam
2598 3951 2867 4021 virginem
2899 3948 3019 4002 viro
3057 3949 3301 4018 quierat
3322 3946 3389 4000 de
3415 3946 3579 3999 domo

1977 4047 2169 4110 David,
2204 4056 2262 4100 ut
2288 4048 2611 4102 ostenderet
2634 4054 2690 4099 et
2718 4044 2894 4113 ipsam
2926 4057 2992 4097 ex
3022 4054 3224 4112 genere
3256 4038 3427 4093 David
3478 4037 3577 4091 de-

1972 4138 2295 4203 scendisse;
2355 4136 2515 4206 juxta
2563 4135 2736 4204 legem
2772 4134 2919 4187 enim
2952 4131 3213 4201 conjuges
3258 4145 3325 4184 ex
3383 4128 3575 4184 eodem

1973 4245 2177 4300 genere
2214 4239 2270 4283 et
2299 4229 2492 4283 eadem
2517 4226 2863 4297 cognationis
2896 4234 3090 4278 catena
3122 4229 3421 4292 prognatos
3456 4233 3578 4274 esse

1971 4323 2283 4391 oportebat.
2321 4319 2460 4387 Quia
2482 4327 2665 4373 autem
2702 4319 2838 4373 Evaa-
2861 4319 3067 4371 dictum
3102 4325 3222 4370 erat
3255 4330 3283 4367 a
3318 4312 3575 4377 Domino,

1971 4424 2031 4469 ut
2066 4414 2119 4467 in
2159 4412 2405 4467 tristitiis
2441 4413 2623 4481 pariat
2656 4410 2797 4465 lilios
2823 4411 2893 4473 “,
2920 4409 3086 4463 solvit
3113 4408 3395 4461 tristitiam
3427 4407 3575 4458 illuni

1973 4508 2024 4559 in
2067 4506 2349 4576 gaudium.
2378 4505 2524 4573 quod
2578 4505 2805 4573 angelus
2830 4501 3043 4571 Virgini
3105 4498 3347 4553 aﬂerens
3400 4498 3575 4552 dicit:

256 4579 579 4649 ριτωμένησ
638 4581 759 4633 ἐπεὶ
784 4581 839 4633 δὲ
873 4585 1225 4654 κεκατήρατο
1277 4587 1309 4655 ἡ
1345 4583 1485 4647 Εὕα,
1516 4587 1862 4659 εὐλογημένη

1974 4598 2183 4659 Gaude,
2215 4598 2481 4667 gratiosa.
2518 4596 2584 4649 Et
2626 4596 2754 4663 quia
2808 4594 3097 4648 maledicta
3152 4592 3255 4646 fuit
3294 4590 3427 4655 Eva,
3458 4592 3573 4645 haec

254 4667 401 4738 αῦτη
460 4672 687 4724 ἀκούει·
729 4673 1062 4742 διελογίζετο
1125 4677 1183 4730 δὲ
1236 4678 1500 4747 περὶτοῦ
1560 4682 1860 4751 ἀσπασμοῦ

254 4765 506 4826 ποταπὸς
536 4767 621 4833 εἴη
654 4759 828 4832 οὗτος,
868 4769 942 4837 μὴ
970 4764 1079 4839 ἄρα
1118 4770 1319 4834 ἄτοπός
1341 4790 1424 4836 τις
1447 4774 1542 4827 καὶ
1579 4779 1859 4845 πορνικὸς,

253 4856 334 4917 ὡς
358 4857 415 4921 ἐξ
444 4857 639 4927 ἀνδρὸς
672 4859 804 4928 πρὸς
838 4862 1032 4931 κόρην,
1080 4862 1111 4933 ἦ
1146 4862 1290 4926 θεῖος
1313 4880 1329 4896 ’
1362 4866 1554 4936 ἐπειδὴ
1596 4871 1689 4921 καὶ
1720 4868 1857 4923 Θεοῦ

255 4950 454 5020 μνήμη
479 4950 698 5003 σύνεστι
721 4951 798 5020 τῷ
824 4954 1127 5024 ἀσπασμῷ,
1158 4956 1242 5021 1:6,
1259 4957 1319 5010 Ὀ
1350 4957 1553 5027 Κύριος
1574 4960 1716 5029 μετά
1741 4962 1860 5017 σοῦ.

256 5041 488 5110 Πρῶτον
523 5042 581 5095 δὲ
610 5047 967 5099 καταστέλλει
1004 5046 1103 5117 τὴν
1153 5049 1383 5117 καρδίαν
1414 5052 1587 5120 αὐτῆς
1622 5053 1733 5106 ἀπὸ
1767 5055 1862 5109 τοῦ

254 5131 429 5199 φόϐου
453 5151 465 5163 ·
500 5132 575 5195 ὡς
616 5134 681 5187 ἂν
716 5138 774 5188 ὲν
829 5139 1102 5208 ἀταραξίᾳ
1154 5142 1460 5211 γενομένη,
1500 5144 1716 5211 δέξηται
1762 5148 1857 5217 τὴν.

255 5222 413 5275 θείαν
442 5224 772 5294 ἀπόκρισιν
832 5229 893 5280 οὐ
940 5231 1049 5299 γὰρ
1107 5233 1387 5303 ἐνεδέχετο
1442 5238 1862 5309 ταραττομένην

253 5315 456 5387 αὐτὴν,
498 5318 745 5388 ἀκριϐῶς
800 5323 1020 5377 ἀκούειν
1055 5324 1124 5378 τὰ
1158 5327 1583 5399 συμϐησόμενα’
1613 5333 1751 5401 ὅπερ
1804 5332 1861 5385 δὲ

251 5415 369 5470 ἄνω
392 5412 539 5476 εἷπε,
580 5418 1018 5487 κεχαριτωμένη,
1056 5418 1245 5489 ὥσπερ
1302 5422 1625 5491 ἑρμηνεύων
1666 5428 1855 5495 φησίν*

253 5505 433 5579 Εὖρες
463 5509 573 5577 γὰρ
606 5508 768 5577 χάριν
799 5508 1031 5562 ἐνώπιον
1062 5512 1153 5565 τοῦ
1198 5514 1334 5566 Θεοῦ
1358 5532 1373 5543 ·
1405 5518 1567 5570 τοῦτο
1598 5520 1705 5588 γάρ
1740 5521 1858 5574 ἐστι

250 5601 314 5653 τὸ
366 5600 799 5671 κεχαριτὼσθαι,
838 5602 899 5654 τὸ
958 5604 1141 5674 εὑρεῖν
1196 5609 1357 5678 χάριν
1415 5614 1567 5681 παρὰ
1596 5613 1674 5681 τῷ
1714 5615 1856 5684 Θεῷ,

252 5696 560 5758 τουτέστιν,
590 5696 787 5764 ἀρέσαι
811 5695 931 5765 Θεῷ
956 5713 969 5727 ·
1002 5698 1138 5753 ἀλλὰ
1164 5701 1320 5755 τοῦτο
1352 5703 1451 5774 μὲν
1482 5706 1660 5759 κοινόν
1682 5723 1697 5739 ο
1725 5708 1858 5761 πολ-

329 5876 371 5907 ⁸⁵
415 5876 551 5932 Gen.
582 5894 659 5943 ιιι,
692 5879 773 5935 16.

1974 4694 2172 4746 dicitur
2214 4694 2523 4746 benedicta.
2575 4690 2980 4744 Considerabat
3032 4698 3214 4741 autent
3264 4690 3331 4740 de
3370 4685 3576 4738 saluta-

1973 4784 2140 4846 tione,
2171 4782 2479 4849 qualisnam
2516 4791 2681 4847 esset,
2723 4796 2851 4833 num
2908 4778 3149 4833 absurda
3179 4790 3232 4831 et
3271 4778 3570 4845 procatrix.

1972 4889 2034 4928 ac
2076 4873 2253 4941 qualis
2285 4873 2385 4927 viri
2420 4872 2488 4925 ad
2541 4872 2806 4941 puellam,
2850 4888 2918 4924 an
2969 4871 3189 4923 divina:
3220 4869 3349 4939 quia
3388 4875 3444 4921 et
3478 4865 3573 4922 Dei

1973 4969 2177 5021 mentio
2198 4968 2341 5021 inter
2360 4966 2706 5020 salutandum
2732 4964 3037 5031 factn,cnm
3062 4966 3357 5027 diceretur,
3389 4961 3575 5015 Domi-

1970 5076 2075 5115 nus
2101 5070 2303 5115 tecum.
2333 5060 2576 5113 Primum
2620 5068 2804 5113 autem
2840 5059 3094 5112 timorem
3132 5072 3161 5109 a
3189 5058 3354 5109 corde
3400 5056 3575 5123 ipsius

1973 5154 2206 5223 vepellit,
2268 5164 2325 5206 ut
2372 5154 2423 5206 in
2469 5156 2657 5216 quiete
2724 5153 3023 5207 constituta
3071 5152 3314 5206 divinum
3350 5163 3575 5213 respon-

1968 5233 2092 5301 ξιιίιι
2141 5246 2395 5315 accipiat.
2429 5243 2621 5314 Neque
2672 5246 2819 5299 enim
2857 5244 2971 5298 ﬁeri
3006 5253 3189 5314 potest
3238 5253 3294 5296 ut
3351 5242 3568 5294 turbata

1968 5340 2259 5411 diligenter
2290 5342 2476 5394 audiat
2509 5356 2630 5409 qua:
2660 5349 2924 5394 eventura
2950 5350 3099 5393 sunt.
3134 5335 3310 5389 Porro
3336 5336 3388 5388 id
3422 5332 3566 5402 quod

1966 5450 2129 5502 supea
2162 5435 2319 5499 dixit,
2348 5435 2611 5503 gratiosa,
2642 5434 2793 5501 quasi
2826 5434 3193 5495 interpretans
3218 5429 3382 5482 dicit:
3412 5424 3569 5479 luve-

1968 5526 2094 5579 uisti
2138 5526 2283 5578 enim
2337 5528 2567 5594 gratiam
2624 5541 2808 5578 coram
2844 5523 3094 5577 Domino.
3142 5521 3251 5574 Hoc
3292 5518 3434 5572 enim
3482 5524 3565 5569 est

1966 5620 2259 5687 gratiosam
2293 5634 2437 5681 esse,
2466 5619 2548 5671 vel
2572 5610 2961 5688 gratitiCatatn,
2984 5619 3126 5687 quod
3156 5614 3420 5667 imeueril
3442 5625 3569 5678 gra-

1968 5712 2098 5765 tiam
2136 5711 2281 5781 apud
2327 5709 2522 5778 Deum,
2558 5711 2662 5765 hoc
2700 5716 2808 5777 est,
2860 5709 3126 5781 placuerit
3179 5705 3310 5763 Deo.
3365 5702 3564 5758 Verum
