4028 6414
456 439 560 502 τοι
1357 433 1932 496 THEOPHYLACTI
1966 428 2376 492 BULGARI/E
2418 429 2776 490 ARCHIEP.
3609 413 3722 489 τοι

456 548 562 603 hoc
593 562 875 603 commune
897 547 1055 601 habet
1083 561 1201 600 cum
1224 547 1427 600 multis.
1454 547 1631 601 Ηυῐιω
1646 547 1792 602 enim
1823 556 1878 599 et
1908 545 2026 599 aliae

2162 542 2219 596 αἱ
2248 542 2356 613 γὰρ
2386 541 2480 592 καὶ
2511 539 2667 593 ἄλλαι
2712 532 2872 609 εὗρον
2923 538 3083 607 χάριν
3122 536 3272 607 παρὰ
3305 536 3384 605 τῷ
3406 534 3548 604 Θεῷ,
3572 535 3637 588 τὸ
3662 533 3725 587 ει

460 641 784 694 invenerunt
810 640 1037 709 gratiam
1066 654 1247 692 coram
1276 638 1405 703 Deo,
1438 655 1543 695 non
1579 647 1762 693 autem
1796 639 1848 694 id
1886 638 2029 707 quod

2164 635 2526 703 πιφερὸμενον
2555 632 2653 683 οὐκ
2677 630 2775 683 ἔτι.

461 732 709 785 infertur.

531 823 695 882 Vsus.
731 825 922 881 51-53.
982 842 1000 876 ι
1031 823 1167 879 Ecce
1189 822 1464 892 cancipies
1496 824 1548 877 in
1572 834 1747 885 utero,
1780 832 1832 876 et
1852 823 2032 893 paries

2211 832 2228 865 ι
2270 814 2379 867 Καὶ
2413 812 2520 865 ἰδοὺ
2556 809 2797 879 συλλήψῃ
2828 811 2886 861 ὲν
2916 802 3135 876 γαστρὶ,
3168 805 3263 893 καὶ
3298 804 3425 873 τέξῃ
3458 803 3593 864 υἱὸν,
3617 804 3717 855 καὶ

464 910 650 976 filium,
676 921 727 964 et
759 911 977 965 vocabis
1037 925 1231 963 nomen
1265 909 1381 978 ejus
1440 908 1640 962 lesum.
1672 907 1721 962 Is
1763 910 1866 963 erit
1916 924 2031 961 ma-

2160 907 2385 969 ιαλέσεις
2411 906 2471 958 τὸ
2500 905 2671 973 ὄνομα
2696 900 2859 955 αὑτοῦ
2898 900 3106 971 Ἰησοῦν
3124 913 3137 927 '
3176 892 3333 960 οὗτος
3358 897 3512 949 ἔσται
3549 896 3727 965 μέγας

460 1009 699 1068 guus,ct
735 999 902 1055 Filius
947 1000 1207 1055 Altissimi
1264 999 1563 1061 vocabitur.
1623 998 1687 1052 Et
1747 1000 1900 1053 dabit
1958 999 2031 1053 illi

2160 1000 2228 1051 ταὶ
2249 999 2373 1059 Υἱὸς
2389 997 2656 1067 Ὑψίστου
2685 994 3033 1064 κληθήσεται.
3056 990 3165 1043 Καὶ
3183 988 3340 1041 δώσει
3356 988 3502 1057 αὐτῷ
3522 986 3729 1056 Κύριος

464 1092 719 1148 Dominus
749 1093 889 1150 Deus
912 1094 1091 1148 sedem
1123 1090 1285 1145 David
1314 1092 1482 1159 patris
1514 1092 1703 1160 ipsius,
1760 1092 2036 1161 regnabit-

2160 1117 2162 1134 ι
2208 1087 2338 1149 Θεὸς
2374 1086 2464 1138 τὸν
2520 1085 2709 1156 Θρὸνον
2764 1082 2929 1135 Δαϐὶδ
2984 1080 3077 1132 τοῦ
3114 1078 3322 1147 πατρὸς
3380 1077 3570 1129 αὑτοῦ.
3612 1077 3732 1130 Καὶ

461 1198 567 1252 que
589 1200 750 1253 super
779 1185 996 1238 domum
1038 1181 1206 1238 Jacob
1229 1183 1281 1236 in
1318 1190 1576 1236 arternum
1617 1200 1630 1236 :
1662 1191 1717 1236 et
1746 1182 1890 1251 regni
1918 1183 2035 1251 ejus

2160 1177 2445 1229 ιασιλεύσει
2499 1176 2591 1227 ἐπὶ
2618 1175 2715 1226 τὸν
2743 1168 2893 1225 οἷκον
2940 1169 3132 1224 Ἰακὼϐ
3181 1171 3261 1231 είς
3298 1168 3425 1229 τοὺς
3474 1167 3679 1230 αίῶνας
3709 1205 3728 1231 ,

466 1288 570 1329 non
629 1274 734 1329 erit
783 1274 921 1328 nnis.
966 1293 984 1325 ι
1024 1273 1161 1329 Ecce
1220 1274 1513 1342 concipies.
1578 1274 1679 1326 hoc
1739 1272 2033 1341 singulare,

2160 1268 2231 1319 tat
2284 1267 2381 1333 τῆς
2438 1265 2716 1335 βασιλείας
2750 1264 2913 1316 αὐτοῦ
2959 1264 3060 1315 οὐκ
3114 1264 3273 1314 ἔσται
3305 1262 3479 1321 τέλος.
3522 1279 3540 1311 ι
3588 1260 3727 1312 Ἰδοὺ

464 1367 606 1435 quod
636 1366 762 1419 nulli
819 1366 971 1420 alteri
996 1381 1334 1421 concessum.
1365 1366 1419 1419 In
1448 1375 1601 1418 utero
1636 1372 1819 1417 autem
1858 1364 2017 1427 dixit,

467 1467 523 1509 ut
554 1456 801 1509 ostendat
829 1455 1115 1510 Dominum
1149 1471 1212 1509 ex
1248 1457 1413 1524 ipsius
1470 1454 1693 1525 virginis
1748 1464 1900 1509 utero
1954 1455 2039 1508 in-

468 1557 751 1601 carnatum
783 1546 1229 1601 snsbtantialiter.
1258 1546 1400 1600 Bene
1427 1555 1606 1599 autem
1640 1546 1817 1601 dictus
1842 1554 1927 1601 est
1950 1545 2039 1601 Je-

2143 1357 2424 1427 συλλὴψη·
2460 1356 2617 1408 τοῦτο
2652 1356 2711 1407 τὸ
2763 1355 3021 1419 ἐξαίσιον,
3045 1348 3106 1407 οὗ
3151 1354 3379 1421 οὐδεμία
3420 1350 3556 1421 ἄλλη
3587 1368 3730 1403 κατ-

2140 1448 2383 1518 ηξιώθη’
2443 1449 2500 1500 ὲν
2551 1448 2751 1519 γαστρὶ
2776 1447 2830 1499 δὲ
2863 1443 3037 1510 εἶπεν,
3076 1446 3161 1497 ἵνα
3202 1444 3348 1516 δείξῃ
3396 1445 3484 1496 τὸν
3520 1445 3732 1515 Κύριον

2141 1538 2389 1607 ἐξαυτῆς
2420 1538 2520 1606 τῆς
2557 1536 2747 1606 νηδύος
2800 1536 2897 1605 τῆς
2930 1535 3210 1604 Παρθένου
3247 1534 3595 1605 σαρκωθέντα
3638 1534 3735 1586 οὑ-

469 1652 581 1699 sus,
614 1638 737 1706 quia
770 1638 837 1692 ob
896 1638 1122 1692 salutem
1170 1638 1339 1690 nostri
1386 1637 1598 1705 generis
1640 1637 1804 1691 venit.
1833 1634 2039 1689 Nomen

2160 1629 2384 1691 τιωδῶς·
2420 1629 2645 1690 δικαίως
2680 1627 2736 1679 δὲ
2786 1626 2988 1695 ἐκλήθη
3047 1624 3257 1694 Ἰησοῦς
3290 1627 3315 1677 ὁ
3345 1627 3439 1676 ἐπὶ
3480 1624 3733 1695 σωτηρίᾳ.

469 1729 611 1781 enim
641 1730 739 1783 hoc
774 1729 823 1782 In
848 1728 1090 1783 Graecam
1147 1728 1383 1797 linguam
1438 1743 1781 1789 conversum,
1845 1729 2042 1783 dicitur

2160 1721 2239 1773 τοῦ
2282 1720 2553 1789 ἡμετέρου
2604 1719 2795 1783 γένους
2829 1717 3001 1770 ἐλθών
3024 1735 3037 1749 σ
3067 1716 3127 1769 τὸ
3179 1716 3288 1787 γὰρ
3321 1716 3490 1785 ὄνομα
3544 1717 3735 1781 τοῦτο,

468 1818 634 1873 salus.
664 1817 821 1873 Jesus
870 1818 1031 1889 igitur
1068 1820 1261 1888 Σωτήρ
1296 1827 1399 1884 est,
1448 1819 1552 1873 hoc
1617 1828 1698 1873 est
1746 1818 2031 1873 salvator:

2160 1814 2223 1876 ιίς
2258 1812 2354 1881 τὴν
2397 1812 2619 1864 Ἑλλάδα
2644 1810 2899 1879 γλῶσσαν
2933 1808 3421 1877 μεταϐαλλόμενον,
3456 1809 3604 1863 Θεοῦ
3642 1808 3735 1862 λέ-

469 1912 593 1979 quia
624 1922 678 1965 et
712 1910 810 1963 ίαώ
838 1911 981 1965 salus
1004 1912 1219 1965 dicitur.
1254 1912 1369 1964 Erit
1415 1922 1616 1975 autem,
1658 1912 1855 1976 inquit,
1916 1928 2033 1963 ma-

2160 1923 2298 1974 τεται
2327 1904 2619 1971 σωτηρία·
2672 1902 2882 1971 Ἰησοῦς
2915 1896 3007 1954 οὖν
3071 1902 3279 1969 Σωτὴρ
3332 1902 3727 1971 ἑρμηνεύεται,

470 2018 629 2068 guns,
652 2013 705 2054 ct
748 2000 915 2057 Filius
940 2003 1198 2057 Altissimi
1227 2003 1526 2057 vocabitur.
1563 2002 1786 2073 Magnus
1822 2004 2037 2072 quidem

2160 2000 2225 2050 lt:
2283 1998 2377 2049 καὶ
2421 1996 2519 2049 ίαὼ
2571 1997 2608 2061 ἡ
2666 1995 2928 2062 σωτηρία
2962 1993 3198 2061 λέγεται.
3237 1994 3430 2046 Ἔσται
3459 1994 3535 2057 δὲ,
3572 1994 3731 2062 φησὶ,

472 2093 572 2149 fuit
604 2107 657 2149 et
680 2093 933 2163 Joannes,
968 2098 1058 2151 sed
1086 2113 1190 2151 non
1217 2096 1281 2149 ad
1312 2098 1413 2150 hoc
1440 2096 1702 2150 Altissimi
1732 2096 1918 2151 Filius.
1946 2095 2040 2149 Je—

470 2200 562 2241 sus
594 2202 723 2241 vero
757 2203 979 2256 magnus
1022 2189 1264 2257 quidem,
1318 2203 1381 2243 eo
1414 2188 1559 2258 quod
1612 2190 1792 2243 docuit
1826 2207 1837 2241 :
1873 2188 2044 2243 Filius

471 2286 647 2331 autem
691 2278 973 2345 Altissimi,
1004 2290 1057 2333 et
1110 2290 1329 2348 propter
1364 2280 1503 2334 istuc
1552 2280 1726 2347 ipsum
1766 2297 1779 2331 ε
1815 2280 2045 2333 docebat

471 2369 613 2423 enim
642 2370 778 2424 sicut
808 2373 1181 2425 auctoritatem
1224 2370 1427 2426 habens
1455 2390 1466 2422 :
1500 2378 1554 2424 et
1577 2378 1793 2439 propter
1825 2371 2045 2447 mirabi-

473 2460 601 2513 lium
629 2462 1008 2515 miraculorum
1049 2464 1436 2533 operationem.
1484 2464 1718 2517 Vocatur
1750 2473 1927 2517 autem
1959 2462 2045 2515 Fi-

475 2553 576 2606 lius
604 2552 893 2615 Altissimi,
928 2556 1017 2623 qui
1050 2556 1341 2623 apparebat
1386 2556 1563 2609 homo.
1593 2553 1723 2608 Nam
1757 2555 1883 2623 quia
1936 2570 2041 2607 una

475 2645 575 2698 fuit
616 2647 937 2717 hypostasis,
978 2663 1165 2702 revera
1200 2647 1367 2702 Filius
1424 2648 1687 2701 Altissimi
1722 2646 1822 2701 fuit
1878 2647 2044 2701 Filius

478 2738 716 2804 virginis.
765 2738 827 2791 Et
859 2738 960 2791 fuit
997 2739 1210 2807 quidem
1267 2740 1431 2809 276
1472 2750 1596 2793 ante
1638 2741 1831 2793 saecula
1879 2737 2046 2791 Filius

476 2826 737 2883 Altissimi
818 2830 1089 2895 Verbum,
1169 2832 1261 2885 sed
1321 2846 1426 2885 non
1509 2832 1800 2885 vocabatur
1874 2844 2048 2898 neque

477 2920 948 2989 cngnoscebatur;
1035 2930 1317 2989 postquam
1443 2933 1619 2975 autem
1710 2923 2044 2975 iucarnatum

475 3018 559 3065 est
624 3020 678 3065 et
744 3013 989 3081 apparuit
1038 3011 1089 3065 in
1132 3027 1327 3077 carne,
1383 3022 1509 3068 tunc
1554 3024 1609 3067 et
1669 3022 1918 3067 vocatum
1965 3021 2049 3065 est

484 3100 648 3157 Filius
699 3103 985 3172 Altissimi,
1032 3105 1120 3173 qui
1157 3104 1447 3175 apparebat
1478 3114 1533 3158 et
1568 3105 1821 3159 miracula
1879 3103 2046 3159 facie-

2148 2089 2345 2159 μέγας,
2392 2090 2487 2141 καὶ
2538 2088 2664 2150 Υἱὸς
2708 2086 2965 2154 Ὑψίστου
2994 2084 3350 2154 κληθήσεται.
3393 2086 3585 2152 Μέγας
3628 2088 3733 2155 μὲν

2144 2176 2211 2249 ἦν
2250 2181 2342 2232 καὶ
2366 2182 2393 2231 6
2434 2180 2711 2247 ’1ωᾶννης,
2744 2177 2857 2229 ἀλλ’
2878 2178 2977 2229 οὐκ
3007 2176 3088 2230 ἔτι
3117 2177 3213 2230 καὶ
3254 2178 3381 2239 Υίὸς
3427 2178 3690 2244 Ὑψίστου
3714 2195 3729 2209 ⁸

2144 2274 2172 2325 6
2205 2270 2260 2323 δέ
2280 2288 2343 2337 γε
2375 2270 2587 2338 Σωτὴρ,
2632 2268 2804 2338 μέγας
2848 2268 2963 2337 μὲν,
3002 2268 3137 2321 καθὸ
3178 2268 3477 2321 ἐδίδασκεν.
3508 2268 3638 2332 Υἱὸς
3672 2269 3734 2323 δὲ

2161 2363 2437 2431 Ὑψίστου,
2470 2362 2556 2415 διά
2580 2378 2638 2413 τε
2667 2359 2826 2413 τοῦτο
2851 2360 2982 2412 αὐτὸ
3020 2360 3292 2429 (ἐδίδασκε
3327 2361 3435 2430 γὰρ
3468 2362 3542 2423 ὡς
3576 2362 3733 2427 ἐξου-

2150 2456 2269 2507 σίαν
2304 2454 2494 2523 ἔχων),
2528 2452 2624 2504 καλ⁵
2659 2451 2746 2504 διὰ
2786 2452 2883 2520 τὴν
2940 2452 3048 2503 τῶν
3094 2450 3390 2521 θαυμάτων
3428 2453 3736 2522 παραδοξο-

2148 2545 2364 2598 ποιίαν·
2418 2542 2663 2595 καλεῖται
2720 2540 2775 2593 δὲ
2840 2540 2965 2603 Υίὸς
3011 2538 3270 2607 Ὑψίστου
3324 2542 3351 2591 6
3400 2541 3734 2609 φαινόμενος

2146 2638 2462 2706 ἄνθρωπος’
2497 2635 2617 2686 ἐπεὶ
2650 2633 2759 2703 γὰρ
2798 2635 2894 2701 μία
2920 2628 2988 2701 ἦν
3013 2633 3330 2695 ὑπόστασις,
3360 2632 3437 2699 τῷ
3464 2632 3578 2683 ὄντι
3605 2632 3736 2695 Υἱὸς

2160 2729 2416 2796 Ὑψίστου
2457 2722 2524 2795 ἦν
2575 2727 2600 2777 6
2636 2725 2919 2792 ἄνθρωπος
2942 2726 2970 2775 6
2998 2724 3123 2786 Υίδς
3153 2724 3252 2791 τῆς
3278 2722 3583 2792 Παρθένου.
3622 2718 3737 2775 Ἦν

2153 2818 2251 2886 μὲν
2282 2817 2390 2886 γὰρ
2420 2818 2513 2868 καὶ
2548 2816 2651 2885 πρὸ
2674 2815 2778 2865 τῶν
2799 2814 3007 2866 αἰώνων
3034 2813 3162 2873 Υἱὸς
3204 2814 3459 2882 Ὑψίστου
3484 2814 3509 2863 6
3536 2814 3735 2881 Λόγος,

2150 2908 2265 2962 ἀλλ’
2298 2910 2397 2961 οὐκ
2436 2908 2701 2968 ἐκαλεῖτο,
2763 2906 2881 2958 οὐδὲ
2940 2905 3300 2973 ἐγνωρίζετο·
3340 2908 3461 2957 ἐπεὶ
3487 2906 3544 2957 δὲ
3568 2908 3737 2976 ὲσαρ-

2151 3000 2301 3067 κώθη
2344 3000 2439 3051 καλ⁸
2459 2997 2775 3068 ἐφανερώθη
2824 3000 2879 3050 ὲν
2914 3000 3101 3065 σαρκὶ,
3136 2996 3259 3049 τοτε
3298 2997 3361 3066 δὴ
3402 2999 3495 3050 καὶ
3526 2996 3739 3069 ἐκλήθη

2158 3094 2279 3155 Υἱὸς
2313 3092 2593 3160 Ὑψίστου,
2621 3095 2648 3145 6
2683 3092 3007 3161 φαινόμενος
3030 3094 3125 3144 καὶ
3152 3091 3221 3143 τὰ
3253 3090 3513 3157 θαύματα
3544 3092 3735 3144 ποιῶν.

482 3192 596 3246 bat.
651 3193 892 3248 Audiens
924 3211 1050 3249 vero
1102 3197 1355 3249 thronum
1388 3196 1470 3250 vcl
1528 3198 1707 3250 sedem
1738 3196 1920 3261 David,
1980 3209 2047 3248 ne

2160 3190 2349 3259 Βρόνον
2376 3189 2432 3241 δὲ
2466 3187 2628 3240 Δαυῒδ
2662 3188 2899 3253 ἀκούων,
2935 3189 3008 3257 μὴ
3040 3188 3306 3257 αἰσθητὴν
3332 3188 3613 3257 βασιλείαν
3650 3190 3741 3241 νό-

484 3294 637 3353 putes
669 3286 923 3339 sensibile
952 3288 1219 3354 quoddam
1244 3302 1490 3355 regnum,
1522 3287 1614 3341 sed
1646 3287 1907 3349 divinum,
1940 3301 2050 3354 quo

482 3372 722 3440 regnavit
747 3388 912 3441 super
945 3388 1134 3429 omnes
1189 3384 1375 3443 gentes
1401 3390 1497 3443 per
1518 3375 1754 3428 divinam
1790 3376 2051 3441 praedica-

483 3463 701 3517 tionem.
746 3462 945 3519 Domus
963 3466 1106 3519 enim
1136 3464 1304 3522 Jacob
1337 3478 1463 3521 sunt
1496 3468 1556 3521 h'r
1582 3468 1673 3536 qui
1716 3482 1782 3521 ex
1812 3466 2051 3521 Hebraeis

486 3555 854 3616 crediderunt.
917 3566 1078 3624 atque
1126 3559 1287 3611 etiam
1321 3558 1412 3626 qui
1457 3573 1524 3613 ex
1599 3559 1719 3612 aliis
1776 3557 2050 3627 gentibus.

482 3646 561 3700 Illi
585 3648 724 3699 enim
744 3650 956 3715 proprie
982 3647 1145 3702 Jacob
1176 3660 1229 3702 et
1265 3650 1449 3704 lsrael.
1510 3650 1572 3703 Et
1600 3654 1873 3719 quomodo
1920 3649 2053 3704 dici-

480 3744 573 3791 tur
600 3738 789 3793 sedere
822 3754 980 3807 super
1010 3739 1195 3793 sedem
1219 3739 1421 3794 David?
1461 3742 1623 3795 Audi.
1666 3742 1832 3796 David
1858 3758 2054 3811 parvus

483 3836 599 3881 erat
640 3830 779 3881 inter
842 3829 1207 3894 fratresSuos,
1264 3842 1319 3885 et
1364 3830 1627 3887 Dominus
1659 3848 1873 3902 quoque
1928 3849 2055 3887 cono

487 3929 722 3988 temptus
751 3929 805 3974 et
837 3930 1051 3974 laxatus
1081 3931 1137 3975 ut
1170 3923 1304 3975 edax
1358 3932 1411 3977 et
1444 3924 1549 3977 vini
1583 3935 1761 3993 potor,
1819 3936 1873 3977 et
1917 3924 2054 3979 fabri

488 4009 650 4073 lilius,
679 4020 732 4063 et
758 4027 785 4063 a
811 4009 1068 4066 fratribus
1096 4014 1208 4067 suis
1244 4013 1367 4067 ﬁliis
1391 4012 1590 4083 Joseph
1628 4014 2049 4081 despiciebatur.

486 4101 671 4169 Neque
697 4104 836 4156 enim
873 4103 1071 4157 fratres
1099 4103 1233 4170 ejus,
1266 4105 1456 4173 inquit,
1497 4106 1794 4177 credebant
1818 4107 1869 4160 in
1905 4120 2051 4162 cum.

486 4192 577 4246 llle
600 4209 718 4247 cum
754 4195 1114 4261 benefaceret,
1144 4199 1572 4265 persecutionem
1606 4198 1913 4265 patiebatur
1946 4212 1961 4250 :
2001 4206 2056 4252 et

490 4285 747 4341 Dominus
778 4302 993 4356 quoque
1046 4289 1303 4343 miracula
1356 4288 1561 4343 faciens
1598 4290 1957 4343 accusabatur
2005 4298 2059 4344 et

489 4372 843 4438 lapidabatur.
874 4372 966 4427 Ille
995 4388 1088 4440 per
1122 4375 1590 4428 mansuetudinem
1640 4375 1767 4428 vicit
1790 4384 1843 4428 et
1866 4389 2058 4442 regna-

2157 3282 2302 3350 μιζε,
2335 3282 2468 3334 ἀλλὰ
2497 3280 2648 3334 θείαν
2668 3298 2681 3311 ·
2717 3282 2782 3351 ἢν
2818 3280 3168 3332 ἐϐασίλευσεν
3194 3281 3287 3332 ἐπὶ
3318 3280 3496 3333 πάντα
3521 3280 3589 3332 τὰ
3608 3281 3739 3348 ἔθνη

2153 3373 2240 3425 διὰ
2271 3373 2362 3425 τοῦ
2418 3374 2565 3425 θείου
2599 3373 2991 3442 κηρύγματος’
3030 3368 3175 3432 οἶκος
3218 3371 3327 3441 γὰρ
3370 3372 3588 3438 Ἰακὼϐ,
3646 3374 3742 3425 καὶ

2154 3466 2202 3517 οἱ
2250 3465 2308 3529 ὲξ
2350 3465 2622 3533 Ἐϐραίων
2672 3466 3100 3526 πιστεύσαντες·
3138 3464 3229 3517 ναὶ
3264 3463 3371 3534 μὴν
3407 3464 3503 3517 καὶ
3550 3466 3598 3516 οἱ
3630 3467 3744 3518 ἀπ’)

2155 3556 2261 3607 τῶν
2311 3556 2485 3609 ἄλλων
2534 3554 2732 3607 ὲθνῶν’
2767 3550 2913 3606 οὗτοι
2974 3554 3082 3622 γὰρ
3128 3554 3354 3622 κυρίως,
3395 3552 3591 3605 Ἰακὼϐ
3647 3554 3746 3606 καὶ

2170 3646 2406 3715 Ἰσραήλ.
2450 3646 2568 3705 Πῶς
2624 3644 2681 3697 δὲ
2743 3646 2959 3713 λέγεται
2994 3646 3216 3697 καθίσαι
3277 3646 3368 3696 ἐπὶ
3404 3646 3494 3697 τὸν
3551 3645 3746 3715 θρόνον

2158 3738 2354 3801 Δαυῖδ;
2390 3740 2612 3789 Ἀκουε·
2643 3737 2701 3790 Ὀ
2728 3737 2907 3799 Δαυῖδ,
2931 3737 3122 3807 μικρὸς
3155 3740 3211 3791 ὲν
3232 3741 3341 3801 τοῖς
3366 3738 3619 3805 ἀδελφοῖς
3649 3740 3749 3790 αἰ,-

2157 3829 2249 3881 τοῦ
2273 3845 2287 3863 ·
2331 3830 2427 3883 καὶ
2462 3833 2487 3883 6
2511 3830 2717 3899 Κύριος
2753 3830 3202 3899 ἐξουθενημένος,
3239 3834 3331 3883 καὶ
3382 3830 3749 3901 διαϐεϐλημέ-

2159 3940 2246 3984 νος
2276 3922 2351 3984 ὡς
2387 3924 2559 3990 φάγος
2609 3923 2701 3974 καὶ
2733 3923 3020 3991 οἰνοπότης
3049 3926 3145 3975 καί
3191 3924 3445 3984 τέκτονος
3479 3923 3616 3986 υίὸς,
3652 3923 3749 3976 καὶ

2163 4014 2315 4083 παρὰ
2373 4017 2486 4076 τοῖς
2519 4014 2768 4083 ἀδελφοῖς
2800 4013 2986 4076 αὐτοῦ,
3046 4016 3157 4075 τοῖς
3193 4017 3326 4077 υἱοῖς
3367 4016 3591 4083 Ἰωσὴφ,
3624 4016 3748 4068 ἀτι-

2164 4105 2469 4173 μαζόμενος
2491 4121 2503 4135 ο
2531 4105 2653 4157 οὐδὲ
2692 4107 2797 4174 γὰρ
2839 4107 2885 4157 οί
2912 4104 3134 4173 ἀδελφοὶ
3158 4105 3347 4169 αὐτοῦ,
3378 4106 3565 4174 φησιν,
3611 4106 3749 4157 ἐπί-

2163 4214 2352 4248 στευον
2388 4197 2466 4257 εἰς
2493 4197 2657 4248 αὐτόν
2682 4213 2692 4224 ·
2729 4199 2935 4257 ἐκεῖνος
2966 4196 3269 4263 εὐεργετῶν
3305 4196 3562 4248 ἐδιώκετο
3586 4212 3599 4223 ·
3656 4197 3753 4248 καὶ

2160 4289 2187 4338 6
2212 4290 2436 4357 Κύριος,
2473 4288 2727 4358 θαύματα
2762 4288 2930 4341 ποιῶν
2964 4286 3293 4349 διεϐάλλετο,
3324 4289 3415 4339 καὶ
3440 4288 3748 4352 ὲλιθάζετο.

2174 4377 2410 4439 Ἐκεῖνος
2461 4378 2549 4429 διὰ
2600 4378 2904 4447 πραότητος
2970 4377 3189 4445 ἐνίκησε
3248 4377 3344 4430 καὶ
3390 4376 3751 4430 ἐϐασίλευσεο

486 4461 584 4525 vit,
604 4470 659 4514 et
693 4460 948 4515 Dominus
972 4476 1068 4529 per
1118 4462 1590 4517 mansuetudinem
1620 4473 1872 4531 suscepta
1901 4477 2053 4519 cruce

2162 4468 2256 4520 καὶ
2278 4470 2305 4519 6
2339 4468 2561 4536 Κύριος,
2582 4468 2669 4519 διὰ
2700 4467 2986 4537 πραότητα
3018 4466 3251 4535 σταυρὸν
3277 4464 3752 4533 καταδεξάμενος,

493 4552 755 4617 regnavit.
793 4550 952 4607 Vides
976 4552 1243 4621 quomodo
1265 4553 1475 4607 dicatur
1527 4554 1717 4609 sedere
1756 4570 1919 4623 super
1974 4570 2053 4609 εει

2163 4556 2528 4609 ἐϐασίλευσεν.
2584 4558 2745 4625 Ὁρᾷς
2800 4557 2917 4618 πῶς
2964 4556 3185 4621 λέγεται
3234 4553 3460 4606 καθίσαι
3511 4553 3605 4604 ἐπὶ
3661 4555 3755 4607 τὸν

494 4638 615 4695 dem
646 4641 852 4696 David?
875 4643 1006 4696 Nam
1046 4645 1187 4698 sicut
1212 4645 1377 4699 David
1396 4646 1651 4699 sensibile
1680 4661 1903 4716 regnum
1935 4662 2060 4702 sus-

494 4737 660 4804 cepit,
687 4736 757 4789 ita
786 4746 838 4789 et
897 4736 1155 4791 Dominus
1206 4737 1508 4806 spirituale,
1558 4738 1712 4806 cujus
1770 4741 1921 4810 regni
1958 4756 2061 4795 nou

494 4827 597 4879 erit
623 4828 764 4881 liuis.
804 4827 919 4881 Non
956 4828 1098 4879 enim
1147 4827 1269 4881 ﬁnis
1308 4829 1457 4898 regni
1509 4827 1737 4896 Christi,
1808 4834 1908 4884 hoc
1959 4842 2063 4898 est,

498 4918 786 4985 agnitionis
815 4921 903 4973 Dei
942 4929 995 4975 et
1020 4919 1442 4975 Christianismi.
1485 4920 1618 4975 Nam
1651 4932 1703 4976 et
1730 4938 1852 4977 cum
1888 4940 2069 4993 perse-

497 5010 765 5063 cutionem
784 5012 1039 5079 patimur,
1074 5014 1244 5083 gratia
1278 5013 1481 5069 Christi
1502 5014 1783 5071 ﬂoremus.

574 5185 737 5241 Vsus.
764 5188 853 5249 54,
895 5188 984 5243 55.
1016 5206 1034 5239 ι
1077 5188 1222 5243 Dixit
1249 5200 1425 5245 autem
1466 5192 1631 5247 Maria
1680 5196 1746 5247 ad
1787 5195 2066 5261 angelum:

504 5278 778 5342 Quomodo
803 5281 905 5332 erit
937 5280 1101 5343 istud,
1151 5282 1580 5351 quandoquidem
1612 5285 1783 5339 virum
1840 5302 1947 5338 non
1981 5301 2071 5339 co-

506 5369 748 5436 gnosco?
777 5368 1207 5439 Etrespondeus
1240 5374 1483 5442 angelus.
1544 5375 1681 5428 dixit
1713 5375 1761 5428 ei
1790 5392 1803 5428 :
1835 5373 2071 5444 Spiritus

508 5470 727 5516 sanctus
748 5465 1088 5531 superveniet
1118 5464 1169 5516 in
1206 5475 1275 5527 te,
1302 5475 1354 5519 et
1381 5467 1551 5521 virtus
1580 5468 1840 5521 Altissimi
1885 5470 2075 5521 obum-

512 5553 685 5605 brabit
713 5554 806 5605 tibi
858 5571 867 5605 :
907 5564 1232 5623 quapropter
1263 5568 1313 5609 et
1343 5558 1481 5625 quod
1519 5569 1772 5613 nascetur
1804 5572 2075 5626 sanetum,

518 5646 788 5697 vocabitur
820 5644 987 5699 Filius
1014 5646 1128 5700 Dei.
1172 5666 1187 5697 ι
1226 5646 1339 5701 Non
1368 5650 1519 5716 quasi
1552 5651 1866 5706 discrcdeus
1904 5652 2077 5721 Virgo

2168 4648 2353 4716 θρόνον
2387 4648 2587 4711 Δαυῒδ;
2627 4649 2719 4709 Ὠς
2750 4649 2858 4715 γὰρ
2895 4648 2922 4699 6
2953 4644 3116 4698 Δαυῒδ
3164 4645 3261 4713 τὴν
3300 4644 3565 4713 αἰσθητὴν
3600 4644 3757 4713 βασι⁴

2167 4740 2313 4792 λείαν
2337 4740 2547 4804 ἔλαϐεν,
2571 4740 2713 4793 οὓτω
2742 4741 2832 4791 καὶ
2855 4742 2882 4792 6
2915 4739 3119 4807 Κύριος
3149 4739 3247 4805 τὴν
3275 4740 3473 4807 νοητήν
3500 4754 3513 4768 ·
3552 4733 3622 4807 ἧς
3653 4738 3752 4791 οὐκ

2169 4831 2323 4885 ἔσται
2348 4831 2499 4894 τέλος
2522 4848 2534 4861 ·
2566 4832 2665 4884 οὐκ
2714 4832 2867 4885 ἔσται
2899 4831 3008 4901 γὰρ
3044 4831 3193 4892 τέλος
3212 4830 3310 4898 τῆς
3342 4828 3630 4897 βασιλείας
3659 4829 3757 4883 ’τοῦ⁹

2172 4922 2431 4992 Χριστοῦ,
2454 4923 2721 4985 τουτέστι,
2756 4923 2853 4992 τῆς
2884 4922 3214 4988 θεογνωσίας
3247 4921 3342 4972 καὶ
3365 4919 3459 4971 τοῦ
3489 4920 3761 4987 Χριστια-

2170 5012 2390 5082 νισμοῦ.
2429 5014 2538 5065 Καὶ
2568 5013 2890 5082 διωκόμενοι
2918 5013 3046 5082 γὰρ,
3085 5010 3375 5080 λάμπομεν
3407 5012 3595 5081 χάριτι
3624 5012 3758 5082 Χρι-

2175 5106 2325 5158 στοῦ.

2250 5214 2266 5244 ι
2308 5190 2439 5247 Eine
2470 5195 2525 5247 δὲ
2562 5194 2791 5263 Μαριὰμ
2830 5194 2964 5264 πρὸς
2994 5192 3085 5246 τὸν
3116 5192 3373 5260 ἄγγελον
3422 5194 3549 5257 Πῶς
3602 5194 3759 5248 ἔσται

2176 5288 2354 5349 τοῦτο,
2397 5286 2517 5338 ἐπεὶ
2569 5286 2739 5354 ἄνδρα
2794 5286 2852 5336 οὐ
2883 5283 3172 5351 γινώσκω;
3212 5285 3325 5339 Καὶ
3370 5285 3696 5355 ἀποκριθεὶς
3734 5290 3763 5340 6

2178 5377 2429 5444 ἅγγελος,
2478 5372 2628 5427 εἶπεν
2680 5376 2851 5444 αὐτῇ·
2906 5375 3134 5445 Πνεῦμα
3182 5375 3339 5441 ἅγιον
3401 5376 3763 5432 ἐπελεύσεται

2178 5470 2267 5519 ἐπὶ
2299 5467 2391 5531 σὲ,
2454 5468 2547 5519 καὶ
2587 5466 2813 5534 δύναμις
2852 5465 3109 5533 Ὑψίστου
3158 5465 3472 5518 ἐπισκιάσει
3524 5486 3633 5532 σοι,
3680 5470 3764 5521 διὸ

2180 5561 2273 5612 καὶ
2308 5561 2368 5612 τὸ
2396 5560 2737 5628 γεννώμενον
2774 5559 2947 5625 ἂγιον,
2986 5559 3317 5628 κληθήσεται
3356 5558 3487 5621 Υἱὸς
3528 5560 3694 5616 Θεοῦ.
3738 5580 3756 5610 ι

2182 5653 2291 5720 Οὐχ
2314 5651 2388 5712 ὡς
2408 5652 2753 5719 ἁπιστήσασα
2781 5651 2812 5717 ἠ
2848 5649 3143 5719 Παρθὲνος,
3178 5647 3301 5701 εἷπε
3332 5651 3415 5717 τὸ,
3449 5648 3757 5712 Πῶς’ἔσται

529 5734 658 5785 dixit
688 5752 700 5787 :
740 5735 1019 5799 Quomodo
1046 5739 1151 5791 erit
1179 5738 1308 5792 inihi
1344 5740 1521 5795 istud?
1556 5746 1647 5796 sed
1682 5753 1737 5797 ut
1766 5746 1999 5813 prudens
2029 5761 2053 5798 c

2188 5762 2275 5811 μοι
2306 5744 2499 5807 teuto;
2552 5744 2665 5795 ἀλλ’
2714 5742 2786 5805 ὡς
2824 5743 2961 5811 σοφὴ
3002 5744 3093 5793 καὶ
3143 5744 3361 5811 συνετὴ,
3418 5744 3755 5813 ἐπιζητοῦσα

527 5826 846 5893 intelligens,
879 5838 931 5882 ut
963 5829 1153 5894 discat,
1212 5830 1427 5886 tuodum
1488 5833 1726 5901 inquirit.
1761 5834 1876 5890 Non
1934 5836 2079 5891 enim

2190 5834 2380 5904 μαθεῖν
2401 5834 2487 5888 τὸν
2523 5834 2719 5905 τροπον
2755 5834 2846 5887 τοῦ
2878 5836 3233 5905 πράγματος’
3266 5833 3386 5887 οὐδὲ
3426 5835 3533 5905 γὰρ
3567 5835 3756 5904 γέγονὲ
