4028 6416
267 435 384 500 Ἶθὸ

1024 419 1474 484 ENARRATIO
1513 417 1591 478 IN
1634 416 2145 478 EVANGELIUM
2177 412 2412 475 LUCzE.
2446 437 2515 449 -υ
2539 415 2699 478 CAP.
2743 416 2790 477 Ι.

3465 417 3568 483 706

271 567 325 603 τι
351 544 595 600 τοιοῦτον
629 536 1050 613 πρότερον,ούδὲ
1079 535 1218 606 μετὰ
1239 533 1411 586 ταῦτα
1443 530 1864 601 γενήσεται.Διὸ

1979 529 2122 596 prius
2155 528 2260 582 tale
2291 528 2547 597 quiddam
2593 527 2794 583 factum
2824 539 2928 595 est,
2964 543 3138 598 neque
3168 533 3398 599 posthac
3453 537 3564 589 tiet.

272 641 370 695 καὶ
399 636 764 707 συγγινώσκει
794 632 929 700 αὐτῇ
969 631 997 682 6
1019 628 1270 696 ἄγγελος,
1313 628 1406 681 καὶ
1438 627 1495 679 οὐ
1541 624 1864 693 κατακρίνει

271 733 349 796 ὡς
369 733 462 785 τὸν
488 727 784 797 Ζαχαρίαν,
816 722 951 774 ἀλλὰ
975 722 1174 792 μᾶλλον
1202 719 1493 789 ὲρμηνεύει
1524 718 1615 768 τὸν
1637 715 1860 784 τρόπον.

286 823 345 875 Ὀ
378 824 476 890 μὲν
507 821 618 886 γὰρ
674 812 948 882 Ζαχαρίας
991 814 1216 872 εἰκότως
1250 809 1706 871 καταδικάζεται.
1734 803 1864 876 Εἶχε

273 908 384 977 γὰρ
421 904 592 957 πολλὰ
625 902 1068 971 παραδείγματα,
1105 901 1188 952 ὅτι
1227 917 1332 967 περ
1363 900 1458 952 καὶ
1493 899 1690 951 πολλαὶ
1723 900 1866 949 στεῖ-

277 1019 365 1070 ραι
393 1001 612 1050 ἔτεκον·
650 997 680 1064 ἡ
721 995 776 1046 δὲ
810 993 1082 1061 Παρθένος
1115 991 1272 1043 οὐδὲν
1318 989 1432 1060 εἶχε
1481 990 1860 1058 παράδειγμα.

276 1092 506 1162 Πνεῦμα
530 1087 642 1154 οὖν,
662 1090 843 1158 φησιν,
873 1088 1026 1154 ἅγιον
1045 1085 1398 1140 ἐπελεύσεται
1422 1085 1511 1135 ἐπὶ
1538 1084 1618 1145 σὲ,
1643 1082 1866 1150 γόνιμον

274 1181 706 1254 παρασκευάζον
753 1181 851 1251 τὴν
903 1182 1120 1248 μήτραν
1163 1195 1278 1238 σου,
1338 1176 1434 1228 καὶ
1489 1175 1864 1243 δημιουργοῦν

273 1283 373 1348 τὴν
408 1280 589 1348 σάρκα
611 1274 974 1344 τῴομοουσίῳ
1002 1273 1190 1340 Λόγῳ·
1236 1270 1461 1338 δύναμις
1493 1269 1546 1320 δὲ
1581 1268 1862 1337 Ὑψίστου,

272 1375 301 1424 6
340 1373 468 1433 Tib;
504 1370 596 1422 τοῦ
630 1367 786 1430 Θεοῦ,
822 1367 1056 1436 Χριστὸς
1093 1366 1202 1432 γὰρ
1257 1364 1392 1415 Θεοῦ
1450 1361 1702 1429 δύναμις,
1747 1365 1865 1413 επι-

285 1465 504 1516 σκιάσει
527 1478 648 1527 ,σοι,
676 1458 977 1521 τουτέστιν,
1011 1457 1374 1508 ἐπισκεπάσει
1395 1471 1474 1514 σε,
1511 1453 1777 1505 πάντοθέν
1805 1469 1864 1503 σε

275 1554 703 1624 περικυκλώσει.
744 1550 831 1613 Ὠς
883 1550 992 1620 γὰρ
1031 1548 1180 1618 ὅρνις
1225 1547 1541 1610 ἐπισκιάζει
1572 1547 1640 1599 τὰ
1678 1544 1864 1599 νοσσία

275 1646 480 1712 ἑαυτῆς
519 1645 614 1696 ὅλα
667 1643 786 1702 ταῖς
821 1638 1081 1710 πτέρυξιν
1123 1640 1298 1708 αὐτῆς
1348 1638 1864 1708 περιλαμϐάνουσα,

273 1739 420 1791 οὕτω
468 1738 563 1790 καὶ
614 1739 644 1806 ἡ
683 1737 775 1789 τοῦ
838 1735 971 1788 Θεοῦ
1005 1734 1238 1804 δύναμις
1274 1733 1402 1799 ὅλην
1432 1733 1726 1802 περιέλαϐε
1764 1732 1864 1802 τὴν

277 1833 554 1902 Παρθένον
576 1849 588 1860 υ
627 1832 718 1882 καὶ
741 1830 900 1883 τοῦτο
935 1829 1058 1881 ἔστι
1093 1829 1151 1881 τὸ
1183 1828 1523 1884 ἐπισκιάσατ.
1588 1829 1778 1892 Ἀλλος
1809 1829 1864 1880 δέ

1972 619 2096 675 lico
2122 630 2177 676 et
2210 621 2444 688 ignoscit
2476 623 2524 676 ei
2579 621 2826 690 angelus,
2863 631 2916 677 et
2964 637 3072 677 non
3126 627 3453 681 condemnat
3513 637 3572 680 ut

1972 714 2321 778 Zachariam,
2354 717 2447 769 sed
2503 717 2676 787 magis
2703 719 2920 771 modum
2955 719 3137 772 docet.
3177 715 3312 771 Nam
3359 719 3572 773 Zacha-

1970 808 2080 859 rias
2107 808 2302 860 merito
2363 810 2779 874 condemnatur,
2840 810 3030 864 habuit
3113 812 3262 864 enim
3324 818 3568 882 exempla

1972 899 2163 964 multa,
2198 900 2637 968 quandoquidem
2674 911 2729 954 et
2779 900 2961 972 multa:
2996 905 3209 956 steriles
3261 917 3523 974 peperunt
3555 925 3566 960 :

1972 989 2179 1060 Virgini
2216 1004 2396 1045 autem
2430 993 2634 1045 nullum
2665 993 2974 1063 exemplum
3008 1007 3142 1049 eral.
3185 995 3423 1065 Spiritus
3464 1000 3568 1052 ita-

1969 1099 2095 1152 que,
2152 1085 2306 1145 dicit,
2339 1095 2560 1139 sanctus
2591 1089 2769 1140 veniet
2817 1103 2981 1156 super
3009 1101 3078 1154 te,
3121 1089 3409 1145 fecundum
3450 1096 3572 1147 red-

1968 1175 2104 1230 dens
2141 1187 2353 1230 uti-rum
2399 1190 2573 1241 tuum,
2602 1187 2658 1231 et
2686 1180 2925 1233 condens
2957 1196 3172 1234 carae-u
3210 1185 3572 1237 consubstan-

1973 1266 2082 1318 liali
2120 1264 2322 1320 Verbo.
2362 1265 2545 1321 Virtus
2613 1284 2742 1323 vero
2816 1269 3084 1324 Altissimi
3139 1271 3308 1326 Filius
3339 1285 3422 1328 est
3457 1275 3568 1329 Dei.

1968 1355 2222 1411 Christus
2255 1359 2400 1411 enim
2436 1361 2525 1412 Dei
2576 1362 2752 1413 virtus
2776 1371 2879 1416 est.
2911 1363 3268 1418 Ubumbrabit
3306 1368 3421 1431 tibi,
3459 1368 3567 1422 hoc

1973 1460 2058 1503 cst
2121 1463 2374 1521 contegct
2404 1464 2476 1515 te,
2512 1453 2616 1507 hoc
2638 1462 2741 1517 est,
2783 1455 3025 1524 undique
3082 1467 3132 1511 te
3189 1460 3570 1516 circumdabit.

1971 1542 2122 1596 Sicut
2150 1545 2264 1597 avis
2291 1548 2581 1598 obumbrat
2617 1548 2793 1615 pullos
2815 1563 2943 1602 suos
2976 1560 3120 1603 totos
3157 1552 3258 1604 alis
3284 1555 3399 1607 suis
3425 1570 3573 1607 com-

1971 1642 2238 1704 plectens,
2268 1639 2340 1690 ita
2366 1650 2415 1691 et
2450 1639 2630 1692 divina
2699 1641 2874 1695 virtus
2940 1653 3107 1696 totam
3159 1647 3423 1713 virginem
3477 1664 3573 1716 ap-

1972 1729 2274 1795 prebendit,
2314 1741 2366 1783 et
2398 1731 2500 1783 hoc
2531 1741 2617 1786 est
2649 1733 2999 1788 obumbrare.
3036 1737 3188 1790 Alius
3221 1752 3400 1791 autem
3423 1743 3571 1808 quis~

1973 1822 2114 1890 piam
2157 1822 2406 1877 fortassis
2435 1825 2598 1890 dicet,
2628 1827 2772 1895 quod
2801 1827 2943 1881 sicut
2995 1830 3174 1894 pictor
3201 1833 3438 1896 primum
3478 1836 3571 1886 de-

272 1943 355 1986 τις
384 1925 546 1991 τυχὸν
583 1926 715 1993 ὲρεῖ,
745 1925 828 1976 ὅτι
860 1923 1049 1991 ὥσπερ
1076 1925 1102 1975 6
1129 1922 1419 1991 ζωγράφος
1453 1922 1673 1990 πρῶτον
1705 1923 1862 1974 σκιά-

1979 1916 2158 1978 lineat,
2191 1929 2244 1969 et
2279 1917 2497 1972 umbras
2522 1919 2840 1986 indttcit,-ct
2867 1921 3062 1975 deinde
3090 1923 3394 1992 perfectum
3427 1925 3573 1980 colo-

275 2017 381 2078 ζει,
417 2012 539 2068 εἶτα
578 2014 780 2066 τέλειον
805 2015 1253 2083 χρωματουργεῖ,
1287 2013 1430 2066 οῦτω
1459 2016 1549 2065 καί⁸
1571 2015 1597 2064 ὁ
1634 2013 1860 2081 Κύριος,

273 2108 437 2170 αὐτὸς
474 2108 648 2175 ἐαυτῷ
673 2107 770 2174 τὴν
808 2108 990 2176 σάρκα
1013 2105 1388 2174 δημιουργῶν,
1415 2105 1505 2157 καὶ
1546 2107 1646 2174 τὴν
1677 2106 1864 2158 εἰκόνα

272 2196 368 2249 τοῦ
401 2197 692 2267 ἀνθρώπου
723 2196 1088 2260 διαπλάττων,
1139 2196 1355 2264 πρῶτον
1406 2195 1628 2248 ἐσκίασε
1661 2197 1867 2264 ταύτην

274 2296 333 2345 ἐν
390 2296 456 2363 τῇ
504 2295 688 2364 μήτρᾳ
722 2296 818 2360 τῆς
858 2291 1158 2361 Παρθένου,
1204 2292 1268 2342 ὲκ
1313 2291 1421 2343 τῶν
1462 2292 1712 2359 αἱμάτων
1767 2293 1866 2358 τῆς

271 2387 642 2456 ἀειπαρθὲνου
700 2386 879 2456 σάρκα
932 2385 1259 2455 συμπήξας,
1313 2381 1432 2436 εἶτα
1483 2385 1602 2436 κατ’
1664 2385 1862 2451 ὀλίγων

279 2477 579 2549 μορφώσας
605 2479 798 2548 αὑτήν.
835 2477 996 2531 Ἀλλὰ
1016 2477 1178 2530 τοῦτο
1205 2477 1510 2546 ἀμφίϐολον
1536 2492 1548 2504 ·
1575 2477 1623 2529 οἰ
1644 2478 1742 2547 μὲν
1761 2479 1867 2546 γὰρ

275 2573 560 2641 λέγουσιν,
622 2575 703 2625 ὅτι
765 2571 883 2641 ἅμα
919 2571 1000 2641 τῷ
1039 2571 1131 2622 τὸν
1186 2570 1392 2642 Κύριον
1428 2570 1751 2622 ὲπισκιάσαι
1799 2573 1865 2640 τῇ

280 2668 468 2736 μήτρᾳ
495 2666 593 2735 τῆς
650 2664 954 2734 Παρθένου,
1001 2664 1162 2727 εὐθὺς
1196 2663 1400 2716 τέλειον
1430 2659 1498 2734 ἦν
1553 2663 1614 2716 τὸ
1647 2663 1866 2734 βρέφος,

275 2760 328 2812 οἰ
363 2759 422 2812 δὲ
468 2759 529 2811 οὐ
581 2757 984 2827 παραδέχονται
1014 2755 1196 2811 τοῦτο.
1252 2757 1452 2809 ’Λκουε
1488 2757 1597 2826 γὰρ
1624 2756 1676 2808 τί
1710 2772 1868 2826 φησι·

279 2854 372 2906 Διὸ
394 2854 489 2906 καὶ
525 2853 585 2906 τὸ
622 2853 965 2920 γεννώμενον
993 2851 1170 2918 ἅγιον,
1204 2851 1477 2916 τουτέστι,
1504 2851 1563 2902 τὸ
1593 2852 1734 2903 κατὰ
1776 2852 1871 2919 μέ-

280 2964 373 3019 ρος
409 2948 466 2998 ὲν
496 2948 560 3015 τῇ
608 2945 793 3016 μήτρᾳ
853 2963 946 2998 σου
989 2944 1358 3016 αὐξανόμενον
1388 2985 1403 3010 ,
1438 2947 1530 2998 καὶ
1577 2947 1678 2997 οὐκ
1709 2945 1870 3007 εὐθὺς

276 3040 486 3102 τέλειον
519 3037 793 3107 ὑπάρξαν.
858 3037 1264 3109 Ἐμ·ρράττεται
1299 3038 1352 3090 δὲ
1392 3037 1486 3090 καὶ
1517 3037 1767 3090 ἐντεῦθεν
1810 3038 1871 3089 τὸ

280 3132 458 3202 στόμα
492 3131 587 3184 τοῦ
630 3131 957 3203 Νεστορίου’
996 3133 1204 3192 ἐκεῖνος
1236 3131 1345 3199 γὰρ
1372 3124 1524 3181 εἶπεν
1555 3129 1660 3192 ὅτι,
1698 3130 1811 3199 Οὐχ
1844 3132 1871 3181 6

1975 2025 2084 2062 rem
2117 2012 2288 2072 addit,
2357 2013 2428 2066 ita
2460 2023 2514 2066 et
2553 2013 2817 2068 Dmuinus
2854 2015 2964 2082 ipse
3015 2018 3115 2070 sibi
3158 2032 3380 2070 carnem
3446 2034 3575 2072 ceu-

1973 2100 2125 2162 deus,
2154 2111 2206 2152 et
2238 2103 2527 2168 imaginem
2561 2102 2799 2158 hominis
2831 2103 3094 2168 formans,
3161 2109 3392 2174 primum
3427 2110 3576 2161 deli-

1973 2197 2156 2248 ncavit
2191 2196 2331 2249 illam
2356 2197 2407 2249 in
2450 2207 2607 2251 utero
2649 2197 2911 2268 Virginis,
2952 2214 3234 2271 compacm
3265 2218 3329 2255 ex
3354 2207 3575 2274 sangui-

1972 2289 2134 2341 nibus
2167 2305 2383 2357 semper
2416 2291 2644 2358 virginis
2678 2308 2867 2354 carne,
2901 2310 3061 2361 quam
3096 2295 3288 2349 deinde
3312 2298 3571 2366 paulatim

1974 2382 2227 2450 figuravit
2264 2401 2276 2434 :
2309 2385 2401 2437 sed
2439 2384 2541 2438 hoc
2563 2384 2805 2438 dubium.
2860 2386 2999 2440 Sunt
3029 2389 3174 2440 enim
3228 2392 3320 2458 qui
3386 2393 3575 2445 dicunt

1971 2473 2116 2541 quod
2153 2475 2241 2526 ubi
2284 2473 2548 2528 Dominus
2598 2477 2946 2530 obumbravit
3001 2479 3165 2550 277
3215 2493 3428 2536 uterum
3465 2483 3576 2536 vir-

1972 2565 2136 2635 g'inis.
2173 2567 2354 2619 statim
2393 2566 2669 2636 perfectus
2705 2568 2869 2623 fuerit
2894 2570 3114 2636 infans;
3149 2573 3236 2627 alii
3269 2584 3447 2630 autem
3471 2575 3576 2631 hoc

1975 2673 2077 2710 non
2107 2659 2396 2726 recipiunt.
2444 2661 2579 2718 Audi
2610 2663 2754 2716 enim
2783 2663 2912 2733 quid
2947 2666 3114 2731 dicat,
3165 2668 3290 2721 Ideo
3343 2678 3398 2724 et
3429 2671 3574 2738 quod
3617 2693 3622 2698 ·

1974 2759 2229 2803 nascetur
2268 2751 2541 2816 sanctum,
2595 2754 2696 2806 hoc
2756 2764 2860 2820 est,
2918 2757 3061 2824 quod
3121 2758 3488 2826 particulatim
3519 2760 3572 2814 in

1975 2852 2131 2896 utero
2161 2846 2380 2909 crescit,
2411 2855 2464 2898 et
2486 2861 2592 2898 non
2614 2847 2800 2899 statim
2835 2847 3136 2915 perfectum
3162 2851 3402 2905 exsistit.
3431 2850 3576 2906 Cou-

1975 2935 2068 2989 fun
2095 2937 2220 2991 litur
2248 2949 2429 2993 autem
2461 2949 2516 2993 ct
2541 2941 2641 2994 hoc
2659 2940 2777 2995 loco
2807 2941 3108 2997 Nestorius.
3139 2943 3234 2999 Ille
3265 2946 3408 2999 enim
3439 2945 3580 2999 dixit

1975 3032 2121 3097 quod
2165 3049 2269 3085 non
2300 3031 2463 3087 fuerit
2496 3032 2664 3089 Filius
2695 3035 2786 3089 Dei
2845 3036 2896 3088 in
2954 3047 3111 3090 utero
3137 3039 3361 3104 virginis
3385 3039 3574 3107 quies-

1975 3133 2129 3182 cens,
2169 3123 2486 3177 incarnatus
2523 3143 2535 3177 :
2568 3125 2662 3178 sed
2700 3127 2877 3180 nudus
2907 3127 3070 3181 homo
3094 3143 3124 3182 e
3172 3128 3383 3196 virgine
3413 3127 3578 3183 fuerit

281 3219 409 3283 Ti6;
439 3219 533 3272 τοῦ
566 3219 701 3272 Θεοῦ
734 3223 792 3272 ἐν
824 3223 889 3290 τῇ
928 3221 1110 3290 μήτρα
1167 3219 1265 3288 τῆς
1330 3219 1610 3288 Παρθένου
1642 3219 1870 3289 οἰκήσας

1979 3226 2156 3280 natus,
2184 3225 2481 3284 posteaque
2511 3217 2763 3272 habuerit
2796 3219 2961 3272 Deum
3001 3219 3204 3274 factum
3252 3221 3352 3276 sibi
3407 3223 3578 3277 comi-

280 3312 598 3384 ὲσαρκώθη,
625 3312 738 3364 ἀλλ’
772 3312 1059 3380 ἄνθρωπος
1094 3311 1249 3379 ψιλὸς
1274 3312 1337 3362 ἐκ
1368 3311 1467 3379 τῆς
1505 3312 1726 3379 Μαρίας
1750 3315 1871 3373 γεν-

277 3405 488 3473 νηθεὶς,
532 3404 760 3474 ὕστερον
796 3402 920 3474 ἔσχε
944 3404 1036 3454 τὸν
1085 3402 1217 3455 Θεὸν
1253 3405 1636 3472 παρεπόμενον
1694 3401 1869 3472 αύτῷ.

283 3499 558 3550 ’Λκουέτω
595 3494 693 3550 οὖν
719 3498 800 3548 ὅτι
830 3499 891 3548 τὸ
920 3495 1259 3563 γεννώμενον
1281 3497 1338 3547 ὲν
1360 3497 1425 3564 τῇ
1459 3497 1661 3565 μήτρᾳ,
1696 3495 1872 3545 ὲκεῖνο

277 3585 347 3659 ἦν
395 3589 525 3652 Υἱὸς
558 3588 726 3642 Θεοῦ·
762 3587 874 3640 ἀλλ’
901 3588 1000 3639 οὐκ
1049 3588 1177 3640 ἄλλο
1212 3587 1309 3657 μὲν
1344 3590 1694 3656 ἐκυοφοριίτο
1717 3588 1772 3637 ὲν
1802 3589 1868 3657 τῇ

283 3688 493 3754 μήτρᾳ,
533 3684 691 3744 ἄλλος
733 3682 789 3734 δὲ
821 3682 849 3733 6
918 3680 1046 3742 Υἱὸς
1095 3679 1188 3732 τοῦ
1224 3680 1361 3732 Θεοῦ
1385 3696 1396 3707 '
1429 3677 1565 3732 ἀλλὰ
1611 3673 1690 3739 εἷς
1722 3679 1817 3729 καὶ
1846 3681 1872 3730 ὁ

277 3777 443 3838 αὐτὸς
462 3773 550 3846 ἦν,
578 3778 604 3827 6
639 3777 734 3842 τῆς
760 3773 1042 3843 Παρθένου
1061 3790 1114 3824 τε
1150 3773 1242 3824 καὶ
1269 3772 1361 3824 τοῦ
1394 3771 1530 3823 Θεοῦ
1569 3770 1874 3842 Υἱός.”ορα

275 3871 336 3923 δὲ
368 3871 486 3933 πῶς
523 3869 622 3937 τὴν
657 3869 822 3932 ά,ἰαν
878 3866 1084 3935 Τριὰδα
1129 3865 1382 3932 ἐξέφηνε,
1434 3863 1657 3933 Πνεῦμα
1692 3862 1871 3930 ἅγιον,

273 3965 519 4033 δύναμιν
545 3965 634 4014 τὸν
665 3961 816 4024 Υἱον,
851 3961 1139 4029 ”Υψιστον,
1169 3959 1260 4010 τὶν
1285 3959 1506 4028 Πατέρα
1527 3957 1824 4027 ὀνομάσας.

359 4077 376 4106 ι
418 4056 525 4108 Καὶ
560 4055 669 4106 ἰδοὺ
707 4053 990 4105 Ἐλισάϐετ
1042 4053 1075 4120 ἡ
1113 4051 1384 4119 συγγενής
1421 4067 1536 4112 σου,
1598 4050 1690 4100 καὶ
1736 4048 1875 4117 αὐτὴ

280 4150 644 4218 συνειληφυῖα
697 4149 813 4200 υἱὸν
875 4149 932 4198 ὲν
987 4146 1137 4216 γήρᾳ
1191 4143 1400 4212 αὐτῆς·
1437 4142 1533 4194 καὶ
1571 4136 1726 4204 οὗτος
1770 4143 1875 4212 μὴν

278 4245 438 4306 ἕκτος
468 4244 619 4295 ἐστὶν
650 4242 788 4310 αὐτῇ
817 4243 882 4308 τῇ
917 4237 1229 4308 καλουμένῃ
1254 4237 1469 4307 στείρᾳ,
1502 4237 1584 4288 ὅτι
1624 4237 1725 4289 οὐκ
1749 4236 1876 4289 ἁδυ-

279 4336 506 4402 νατήσει
535 4331 689 4401 παρὰ
717 4331 794 4400 τῷ
823 4328 943 4400 Θεῷ
973 4331 1084 4382 πᾶν
1124 4330 1299 4399 ῥῆμα.
1337 4322 1476 4379 Eine
1528 4326 1585 4380 δὲ
1613 4326 1873 4398 Μαριάμ·

278 4425 419 4480 Ἰδοὺ
446 4428 478 4495 ὴ
501 4425 662 4494 δούλη
695 4424 919 4492 Κυρίου,
944 4422 1156 4489 γένοιτό
1194 4439 1282 4490 μοι
1309 4421 1448 4474 κατὰ
1474 4421 1534 4473 τὸ
1563 4420 1720 4490 ῥῆμά
1743 4437 1836 4472 σου
1857 4433 1872 4448 ·

279 4519 378 4570 καὶ
424 4517 670 4585 ἀπῆλθεν
701 4517 795 4566 ἀπ’
843 4514 1012 4582 αὐτῆς
1057 4517 1086 4568 6
1139 4516 1390 4580 ἅγγελος.
1451 4531 1468 4563 ι
1517 4513 1876 4582 Ἀπορήσειεν

1979 3316 2109 3360 tem.
2151 3306 2354 3360 Audiat
2393 3309 2555 3377 igitur
2585 3312 2728 3378 quod
2775 3311 2905 3364 illud
2955 3313 3100 3381 quod
3163 3315 3492 3369 nascebatur
3524 3315 3576 3370 in

1977 3406 2152 3461 utero,
2188 3409 2306 3452 erat
2340 3400 2514 3454 Filius
2548 3401 2661 3455 Dei.
2698 3403 2764 3456 Et
2808 3419 2913 3456 non
2948 3404 3084 3458 alius
3145 3406 3366 3475 quidem
3414 3406 3581 3462 foetus

1975 3501 2056 3543 est
2097 3491 2257 3554 uteri,
2309 3493 2448 3548 alius
2499 3504 2680 3548 autem
2717 3495 2886 3549 Filius
2913 3496 3029 3562 Dei,
3063 3503 3155 3552 sed
3191 3513 3330 3552 unus
3350 3508 3404 3553 et
3435 3498 3577 3553 idem

1977 3583 2078 3638 fuit
2117 3585 2284 3640 Filius
2329 3586 2594 3655 Virginis,
2625 3599 2683 3644 et
2727 3588 2899 3644 Filius
2933 3589 3046 3644 Dei.
3101 3590 3236 3646 Vide
3285 3594 3412 3646 item
3441 3607 3578 3662 quo-

1979 3679 2142 3734 modo
2173 3691 2418 3734 sanctam
2446 3678 2772 3735 Trinitatem
2833 3684 3150 3749 declaravit,
3176 3684 3365 3740 dicens
3400 3686 3576 3754 Spiri-

1981 3780 2091 3824 tum
2135 3784 2404 3840 sanctum,
2465 3777 2714 3831 virtutem
2791 3775 3010 3846 Filium,
3064 3779 3428 3848 Altissimnm,
3470 3779 3580 3835 Pa.

1980 3872 2137 3919 trem.

2053 4045 2218 4101 Vsus.
2251 4048 2436 4103 56-58.
2471 4067 2490 4100 ι
2525 4049 2704 4120 Atque
2746 4066 2874 4107 ecce
2899 4052 3179 4111 Elisabeth
3231 4070 3458 4128 cognata
3491 4068 3578 4114 tua

1978 4151 2033 4198 et
2068 4143 2185 4210 ipsa
2217 4144 2466 4211 concepit
2527 4144 2694 4199 filium
2746 4146 2800 4199 in
2865 4159 3148 4202 senectute
3201 4165 3321 4218 sua,
3382 4163 3436 4207 et
3494 4154 3581 4208 hic

1981 4235 2185 4290 mensis
2228 4246 2312 4290 est
2344 4245 2535 4292 sextus
2563 4237 2637 4290 illi
2670 4253 2791 4307 qua:
2833 4239 3117 4295 dicebatur
3147 4241 3352 4297 sterilis
3387 4262 3398 4298 :
3452 4247 3581 4314 quia

1981 4342 2088 4382 non
2120 4328 2224 4382 erit
2253 4328 2589 4394 impossibile
2615 4331 2756 4398 apud
2795 4329 2961 4385 Deum
2997 4347 3159 4387 omne
3195 4334 3443 4391 verbum.
3494 4335 3583 4389 Di-

1980 4421 2058 4474 xit
2087 4430 2268 4475 autem
2296 4420 2496 4476 Maria:
2541 4420 2680 4476 Ecce
2713 4423 2910 4476 ancilla
2946 4423 3182 4492 Domini,
3218 4427 3312 4480 tiat
3336 4427 3466 4482 mihi
3497 4443 3582 4483 sc-

1981 4517 2220 4569 cundnm
2250 4515 2476 4570 verbum
2531 4525 2704 4572 tuum.
2737 4517 2815 4571 Ac
2867 4517 3123 4573 discessit
3173 4519 3244 4574 ab
3300 4520 3388 4574 illa
3417 4537 3585 4591 ange-

278 4613 348 4666 ἄν
400 4627 484 4672 τις
519 4608 636 4670 πῶς
665 4603 732 4677 ἦν
767 4606 1037 4676 συγγενὴς
1066 4607 1162 4676 τῆς
1193 4605 1466 4675 Παρθένου
1501 4605 1532 4674 ή
1570 4603 1870 4657 Ἐλισάόετ⁶

1985 4604 2088 4658 lus.
2127 4623 2146 4656 ι
2183 4606 2521 4661 Dubitaverit
2556 4608 2790 4662 fortasse
2823 4609 3093 4678 quispiam
3146 4611 3422 4681 quomodo
3469 4612 3585 4668 Eli-

279 4705 401 4771 εῐγε
431 4705 466 4772 ἡ
497 4703 595 4771 μὲν
629 4699 903 4770 Παρθένοε
955 4701 1019 4752 ἐκ
1059 4699 1157 4769 τῆς
1195 4698 1363 4751 Ἰούδα
1412 4698 1584 4767 φυλῆς
1631 4691 1720 4767 ἢν,
1753 4698 1786 4766 ὴ
1817 4695 1875 4748 δὲ

292 4795 606 4859 Ἐλισάδετ,
657 4798 721 4847 ἐκ
746 4793 855 4847 τῶν
889 4791 1206 4862 θυγατέρων
1244 4791 1457 4862 Ἀαρών
1483 4792 1544 4842 ’ὁ
1572 4791 1680 4859 γὰρ
1715 4789 1878 4859 νόμος

281 4890 546 4943 ἐκέλευεν
585 4889 696 4940 ἀπὸ
730 4886 832 4956 τῆς
894 4888 1062 4956 αὐτῆς
1114 4884 1283 4955 φυλῆς
1319 4888 1446 4947 τοὺς
1491 4884 1704 4953 γάμους
1731 4883 1879 4950 γίνε-

285 4983 450 5036 σθαι’
475 4981 619 5034 ὥστε
649 4980 744 5032 καὶ⁵
771 4980 828 5031 αἰ
861 4979 1178 5046 συγγένειαι
1225 4980 1281 5030 ὲν
1312 4980 1424 5040 τοῖς
1452 4977 1559 5028 61:6
1577 4976 1674 5045 τῆς
1705 4974 1879 5042 αὐτῆς

283 5079 464 5148 φυλῆς
491 5073 643 5130 οὖσιν
691 5075 1060 5144 εὑρίσκονται.
1109 5076 1264 5127 Ἔστι
1300 5074 1400 5144 μὲν
1435 5069 1529 5126 οὖν
1581 5074 1760 5125 εἰπεῖν
1782 5070 1880 5123 καὶ

279 5173 370 5225 ὃτι
411 5170 521 5223 61:6
556 5170 654 5238 τῆς
685 5168 1068 5238 αἰχμαλωσίας
1120 5166 1493 5237 συνεχέθησαν
1523 5164 1592 5217 τὰ
1621 5165 1754 5233 γένη
1777 5179 1792 5194 ο
1821 5163 1881 5216 τὸ

283 5263 345 5317 δὲ
384 5264 669 5332 κρεῖττον,
719 5259 903 5315 τοῦτο.
950 5259 1166 5331 Ἀαρὼν
1208 5261 1443 5326 γυναῖκα
1473 5256 1713 5327 ἠγάγετο
1745 5255 1883 5307 Ἐλι-

292 5353 486 5416 σὰὅετ,
515 5350 798 5420 θυγατέρα
826 5350 992 5403 οὖσαν
1026 5349 1120 5403 τοῦ
1159 5347 1479 5418 Ἀμιναδάϐ,
1510 5348 1566 5410 6;
1592 5341 1659 5417 ἦν
1689 5348 1753 5398 ὲκ
1783 5345 1881 5415 τῆς

297 5448 472 5502 Ἰούδα⁴
505 5446 701 5516 φυλῆς.
759 5445 925 5514 Ὀρᾷς
957 5445 1038 5496 ὅτι
1088 5443 1294 5496 ἄνωθεν
1343 5442 1437 5494 καὶ⁸
1488 5439 1596 5492 ἀπὸ
1649 5435 1879 5507 Ἀαρὼν,

286 5539 564 5609 συγγενὴς
613 5533 682 5607 ἦν
711 5538 745 5601 ἠ
776 5537 1041 5598 Θεοτόκος
1072 5535 1170 5603 τῆς
1200 5533 1488 5586 Ἐλισάῆετ
1515 5548 1528 5589 :
1589 5531 1742 5582 Ἐπεὶ
1773 5529 1884 5598 γὰρ

287 5634 325 5704 ὴ
349 5631 441 5684 τοῦ
490 5632 708 5700 Ἀαρὼν
737 5627 874 5697 γυνὴ
911 5630 974 5680 ὲκ
1035 5629 1132 5698 τῆς
1171 5626 1346 5680 Ἰούδα
1381 5627 1657 5693 κατήγετο
1687 5623 1882 5692 φυλῆς,

288 5727 387 5793 ἀφ’
416 5720 484 5796 ἦς
526 5719 594 5793 ἦν
626 5723 724 5776 καὶ
764 5713 813 5792 if
842 5721 1103 5782 Θεοτόκος
1125 5763 1139 5786 ,
1173 5723 1206 5790 ὴ
1239 5721 1295 5773 δὲ
1336 5719 1624 5772 Ἐλισάϐετ
1662 5721 1726 5771 ὲκ
1775 5717 1885 5770 τῶν

291 5815 618 5884 θυγατέρων
661 5812 896 5882 Ἀαρὼν,
925 5811 1149 5874 εἰκότως
1189 5812 1457 5881 συγγενὴς
1489 5809 1590 5878 τῆς
1615 5808 1884 5861 Θεοτόκου

291 5905 334 5978 ἡ
375 5906 664 5962 Ἐλισάϐετ
689 5923 700 5937 ·
735 5908 767 5978 ὴ
805 5905 915 5978 γὰρ
943 5908 1250 5976 προμήτωρ
1277 5906 1468 5974 αὐτῆς,
1515 5904 1816 5972 τουτέστιν,
1852 5904 1887 5974 ἡ

1983 4699 2172 4753 sabeth
2230 4708 2460 4768 cognata
2497 4701 2663 4754 fuerit
2689 4701 2895 4756 Mariae.
2934 4702 3100 4774 Virgo
3149 4704 3296 4758 enim
3355 4703 3470 4775 ipsa
3517 4722 3584 4761 ex

1983 4791 2130 4844 tribu
2153 4787 2288 4844 Juda
2317 4791 2437 4856 fuit,
2465 4792 2746 4851 Elisaheth
2783 4803 2967 4848 autem
2999 4795 3068 4851 de
3132 4796 3347 4852 ﬁliabus
3372 4799 3580 4853 Aaron.

1982 4881 2120 4936 Nam
2163 4883 2244 4938 lex
2283 4888 2544 4953 praecepit
2586 4886 2845 4957 coniuges
2897 4902 2962 4941 ex
2986 4874 3176 4942 eadem
3214 4889 3354 4942 tribu
3412 4905 3534 4946 esse
3567 4909 3579 4946 :

1983 4986 2038 5028 et
2069 4979 2140 5031 ita
2171 4977 2519 5046 cognationes
2560 4991 2625 5031 ex
2685 4993 2787 5030 una
2815 4980 2956 5032 tribu
3041 4991 3222 5035 erant.
3279 4977 3582 5037 Dicendum

1985 5073 2150 5141 igitur
2173 5071 2318 5141 quod
2354 5087 2382 5122 a
2412 5072 2732 5140 captivitate
2769 5070 2994 5128 confusa
3043 5082 3173 5128 sunt
3226 5090 3445 5145 genera.
3515 5075 3589 5132 Et

1985 5165 2180 5218 melius
2219 5165 2292 5217 ita
2323 5165 2567 5218 dicitur:
2608 5165 2790 5217 Aaron
2842 5180 3066 5220 uxorem
3105 5165 3584 5234 duxitElisabeth,

1986 5268 2108 5319 quae
2143 5253 2248 5306 filia
2285 5252 2386 5306 fuit
2447 5253 2775 5320 Aminadab,
2823 5254 2916 5323 qui
2969 5253 3071 5308 fuit
3103 5272 3168 5310 ex
3225 5255 3365 5309 tribu
3425 5254 3584 5312 Juda.

1987 5340 2156 5397 Vides
2181 5345 2329 5412 quod
2361 5343 2432 5398 ab
2477 5344 2632 5397 initio
2657 5355 2709 5397 et
2747 5345 2813 5398 ab
2841 5344 3022 5399 Aaron
3060 5358 3288 5414 cognata
3342 5345 3442 5399 fuit
3479 5346 3589 5401 Eli-

1992 5437 2185 5491 sabeth
2226 5435 2319 5491 Dei
2352 5435 2656 5492 Genitrix?
2702 5437 2840 5504 Quia
2896 5441 3040 5492 enim
3098 5454 3236 5494 uxor
3285 5440 3469 5494 Aaron
3517 5452 3586 5494 ex

1987 5531 2122 5586 Juda
2165 5529 2471 5592 descendit,
2502 5546 2531 5582 e
2573 5546 2676 5592 qua
2714 5532 2856 5583 tribu
2915 5531 3019 5586 fuit
3069 5531 3163 5585 Dei
3214 5532 3484 5596 Genitrix,
3531 5539 3590 5586 et

1990 5623 2268 5678 Elisabeth
2297 5622 2396 5676 fuit
2421 5640 2482 5678 ex
2517 5622 2734 5677 ﬁliabus
2756 5626 2961 5688 Aaron,
3000 5625 3197 5680 merito
3230 5623 3323 5679 Dei
3342 5622 3586 5679 Genitrix

1989 5725 2222 5785 cognata
2252 5715 2451 5769 dicitur
2468 5714 2771 5781 Elisabctb,
2809 5731 2933 5770 nam
2965 5731 3168 5785 proava
3200 5716 3336 5786 ejus,
3373 5716 3476 5771 hoc
3503 5721 3591 5772 est

1991 5824 2131 5863 uxnr
2171 5807 2502 5871 Aaron,t‘uit
2542 5824 2608 5863 ex
2639 5811 2781 5864 tribu
2837 5809 2994 5864 Juda.
3038 5811 3338 5866 Considera
3404 5818 3588 5864 autem

1995 5912 2049 5958 et
2108 5903 2456 5972 cognationis
2513 5904 2990 5974 consequentiam.
3061 5903 3338 5962 Elisabetb
3405 5901 3589 5957 Aaron
