4028 6410
476 455 581 520 't'J‘l

1404 436 1981 503 THEOPHYLACTI
2013 428 2422 496 BULGARIE
2446 424 2805 491 ARCHIEP.

3626 410 3743 481 703

421 602 439 627 ι
474 580 636 634 uxor,
672 559 942 619 Elisabeth
972 558 1137 615 etiam
1222 555 1502 613 Zacharias
1553 568 1711 619 uxor,
1796 560 2051 619 tanquam

2173 547 2251 601 τοῦ
2306 544 2516 621 ’ᾼαρὼν
2547 542 2709 613 γυνὴ,
2751 543 2819 595 ἑκ
2847 538 2946 609 τῆς
2984 536 3154 591 Ἰούδα
3195 536 3370 607 φυλῆς
3397 528 3486 607 ἦν.
3535 534 3741 587 Σκόπει

477 673 546 714 ex
576 655 665 712 illa
696 648 1045 709 descendens.
1070 644 1176 703 Sed
1200 647 1478 701 videamus
1500 642 1628 713 quid
1660 640 1808 696 dicat
1840 639 2005 707 Virgo
2031 655 2045 690 :

484 766 503 801 ι
540 746 681 802 Ecce
710 739 903 801 ancilla
931 737 1165 803 Domini,
1201 736 1293 791 ﬂat
1326 732 1456 788 mihi
1501 731 1798 786 secundum
1824 727 2049 781 verbum

482 847 649 893 tuum.
687 850 709 886 ι
739 829 945 886 Tabula
975 843 1097 883 sum
1119 824 1368 897 pictoria,
1405 822 1595 892 pingat
1658 820 1836 888 pictor
1899 814 2043 885 quod

479 924 729 989 voluerit,
767 923 929 978 faciat
958 921 1095 977 Deus
1119 918 1262 987 quod
1292 915 1548 969 voluerit.
1578 912 1758 980 Atque
1788 912 1859 964 i-ta
1889 908 2051 964 etiam

479 1014 621 1082 quod
651 1012 799 1082 prius
826 1010 1069 1065 dixerat:
1106 1005 1388 1074 Quomodo
1431 1003 1537 1057 erit
1585 1001 1729 1056 hoc?
1790 1014 1895 1054 non
1954 998 2053 1051 fuit

481 1102 892 1167 incredulitatis,
914 1099 1009 1155 sed
1032 1096 1291 1154 desiderii
1313 1094 1622 1151 addiscendi
1645 1093 1889 1148 modum.
1916 1088 2050 1144 Nam

478 1194 525 1251 si
558 1192 977 1251 discrndidisset,
1035 1190 1349 1257 neutiquam
1411 1185 1677 1240 dixisset:
1720 1202 1741 1235 ‹
1784 1181 1924 1240 Ecce
1952 1195 2052 1234 an-

479 1284 599 1341 cilia
638 1283 872 1347 Domini,
910 1280 1001 1335 fiat
1032 1279 1164 1334 mihi
1193 1275 1491 1336 secundum
1524 1273 1743 1328 verbum
1813 1280 1988 1326 tuum.
2031 1287 2049 1320 ι

478 1375 635 1444 Disce
665 1387 843 1428 autem
872 1373 1011 1441 quod
1026 1370 1263 1437 Gabriel,
1286 1368 1455 1437 siquis
1474 1367 1879 1435 interpretatur,
1913 1363 2053 1417 idem

479 1477 566 1525 est
594 1468 735 1538 quod
766 1468 927 1520 homo
957 1464 1120 1519 Dcus.
1157 1460 1323 1515 Maria
1348 1462 1497 1525 vero,
1520 1458 1759 1522 domina,
1788 1454 2053 1510 Nazareni

481 1570 682 1625 autem,
719 1556 1099 1614 sanctiﬁcatio.
1127 1554 1319 1610 Merito
1343 1554 1508 1624 igitur
1537 1566 1661 1607 cum
1716 1549 1867 1605 nasci
1887 1548 2053 1602 voluit

2153 640 2209 693 δὲ
2248 640 2343 692 καὶ
2382 638 2443 690 τὸ
2482 638 2581 707 τῆς
2612 633 2951 703 συγγενείας
2981 626 3486 701 παρακολούθημαθ
3524 625 3748 680 Ἐλισάο

2154 730 2272 793 σετ,
2323 731 2360 801 ή
2382 727 2481 781 τοῦ
2525 725 2739 794 ’Δαρὼν
2785 723 2925 794 γυνή
2944 738 2959 753 ο
2997 719 3290 783 Ελισάσετ,
3319 717 3415 771 καὶ
3441 718 3475 787 ή
3502 715 3601 770 τοῦ
3632 716 3746 769 Ζα-

2154 822 2368 895 χαρίου,
2405 822 2481 883 ὡς
2525 819 2584 886 te
2613 818 2829 889 ἐκείνης
2851 814 3204 884 καταγομένη
3230 855 3242 867 .
3281 809 3424 865 Ἀλλ’
3452 806 3654 880 ίδωμεν
3689 808 3746 862 τί

2156 930 2321 984 φησιν
2350 914 2384 982 ή
2436 909 2710 982 Παρθένος
2731 924 2747 939 ο
2780 926 2801 959 ι
2858 906 2990 960 Ἰδοὺ
3020 907 3052 974 ή
3082 905 3244 973 δούλη
3271 902 3500 969 Κυρίου,
3530 898 3747 969 γένοιτό

2159 1023 2250 1076 μοι
2281 1004 2422 1057 κατὰ
2448 1004 2510 1056 τὸ
2537 1003 2695 1073 ῥῆμά
2723 1017 2839 1067 σου,
2881 1018 2900 1051 ι
2937 995 3110 1062 utne
3145 995 3263 1065 είμὶ
3296 994 3646 1064 ζωγραφικός
3666 1008 3680 1020 ·
3714 990 3747 1044 δ

2161 1097 2412 1168 βούλεται
2466 1096 2495 1148 6
2522 1095 2793 1166 γραφεὺς,
2829 1089 3092 1162 γραφέτω
3178 1087 3208 1142 ὃ
3253 1086 3421 1150 θέλει,
3461 1084 3685 1139 ποιείτω
3717 1084 3750 1136 6

2158 1189 2394 1260 Κύριος·
2445 1186 2587 1240 ὥστε
2619 1187 2715 1239 καὶ
2746 1184 2775 1238 6
2802 1180 2923 1237 εἷπε
2971 1181 3263 1253 πρότερον,
3315 1178 3439 1244 Πῶς
3471 1178 3620 1232 ἔσται
3653 1192 3753 1246 μοι

2155 1282 2353 1347 τοῦτος
2393 1281 2496 1335 οὐκ
2523 1280 2787 1342 ἀπιστίας
2818 1272 2908 1348 ἦν,
2936 1275 3052 1328 ἀλλ’
3094 1271 3394 1341 ἐπιθυμίας
3424 1269 3522 1324 τοῦ
3552 1267 3753 1340 μαθεῖν

2154 1374 2248 1427 τὶν
2280 1373 2483 1445 τρόπον
2504 1387 2517 1401 ·
2548 1373 2598 1425 εί
2619 1371 2737 1441 γάρί
2760 1371 3002 1440 ⁴ἠπίστει,
3035 1366 3137 1420 οὐκ
3165 1364 3232 1418 ἂν
3267 1358 3446 1428 εἴπεν,
3482 1382 3501 1415 ι
3547 1362 3683 1415 Ἰδοὺ
3711 1362 3752 1430 ἡ

2155 1466 2316 1536 δούλη
2358 1464 2589 1535 Κυρίου,
2642 1461 2859 1532 γένοιτό
2888 1477 2979 1531 μοι
3012 1456 3157 1513 κατά
3223 1456 3285 1509 τὸ
3340 1456 3492 1528 ῥῆμά
3549 1471 3669 1508 σου.
3727 1470 3749 1505 ι

2157 1558 2407 1613 Μάνθανε
2434 1556 2492 1611 δὲ
2513 1558 2595 1609 ὅτι
2622 1555 2662 1608 Γ
2665 1553 2864 1625 αϐριὴλ
2891 1552 2990 1623 μὲν
3011 1548 3399 1623 ἑρμηνεύεται,
3427 1546 3754 1615 ἅνθρωπος

480 1653 624 1707 Deus
658 1651 843 1714 homo,
871 1650 1070 1704 missus
1099 1656 1183 1701 est
1208 1644 1449 1710 Gabriel,
1480 1643 1586 1699 hoc
1620 1654 1703 1698 est
1742 1643 1904 1697 homo
1935 1639 2053 1694 Dei.

2173 1651 2305 1717 Βεός
2324 1667 2339 1681 ·
2386 1650 2622 1718 Μαριὰμ
2648 1648 2726 1712 δὲ,
2763 1645 2965 1713 κυρία*
2996 1642 3254 1714 Ναζαρὲτ
3276 1641 3335 1695 δὲ
3360 1682 3372 1699 .
3419 1637 3748 1708 ἁγιασμός.

481 1743 586 1804 Sed
612 1745 664 1797 in
694 1749 885 1797 sancto
915 1740 1034 1796 loco
1070 1740 1132 1795 lit
1157 1708 1444 1804 salutatio,
1467 1738 1571 1793 hoc
1623 1744 1707 1792 est
1765 1735 1818 1789 in
1881 1731 2059 1790 Naza-

2173 1708 2407 1806 Ξίκότως
2431 1708 2524 1796 οῦν
2550 1708 2678 1795 ὅταν
2709 1708 2902 1810 ίμελλε
2931 1708 3191 1806 γενέσθαι
3214 1737 3243 1789 6
3273 1733 3411 1798 Θεδς
3435 1708 3822 1802 ἀνθρωτιοξῖκ

483 1837 627 1892 retli.
657 1834 759 1890 Ubi
794 1833 939 1890 enim
969 1832 1131 1901 Deus,
1159 1830 1232 1888 ibi
1257 1830 1396 1886 nihil
1444 1830 1739 1901 impurum,
1765 1826 1903 1882 nihil
1949 1842 2054 1882 non

2173 1836 2560 1893 ᾰποστέλλεται
2589 1835 2619 1887 6
2654 1831 2919 1903 Γαϐριήλ,
2973 1830 3034 1893 ὃς
3067 1826 3433 1899 ἑρμηνεύεται
3462 1824 3757 1896 ἄνθρωπος

485 1940 756 1987 sanctum.
1116 1899 1122 1901 ⁷
1526 1899 1537 1901 γ
2091 1899 2138 1958 Β
2167 1928 2332 1991 Θεός·
2369 1924 2507 1979 ἀλλὰ
2534 1924 2629 1978 καὶ
2674 1924 2733 1975 ἐν
2768 1899 2911 1992 ἀγίῳ
2952 1919 3104 1989 τόπῳ
3125 1918 3339 1988 γίνεται
3366 1917 3396 1970 6
3432 1914 3759 1985 ἀσπασμὸς,

556 2185 722 2242 Vitas.
752 2184 943 2242 39-43.
978 2204 999 2239 ι
1031 2186 1346 2256 Exsurgens
1361 2193 1551 2241 autem
1578 2182 1746 2238 Maria
1779 2182 1834 2238 in
1871 2182 2062 2238 diebus

484 2281 594 2348 his,
614 2281 749 2337 abiit
773 2281 826 2335 in
860 2286 1115 2335 montana
1142 2293 1265 2335 cum
1322 2276 1668 2334 festinatione
1706 2277 1759 2331 in
1784 2275 2062 2331 civitatem

479 2368 641 2437 Juda,
678 2380 732 2427 et
758 2372 982 2425 intravit
1027 2371 1081 2425 in
1113 2371 1331 2426 domum
1362 2369 1663 2434 Zachariae,
1695 2382 1760 2422 ac
1809 2368 2065 2423 salutavit

485 2464 778 2520 Elisabeth.
816 2463 984 2534 278
1021 2461 1084 2517 Et
1134 2460 1342 2517 factum
1377 2469 1486 2526 est,
1517 2470 1580 2516 ut
1611 2459 1821 2515 audivit
1854 2460 2064 2514 saluta-

486 2544 684 2612 iionem
716 2556 897 2610 Maria:
929 2553 1233 2621 Elisabetb,
1261 2554 1411 2609 saliit
1438 2553 1616 2609 iurans
1647 2553 1702 2608 in
1743 2563 1900 2607 utero
1923 2552 2063 2619 ejus,

482 2657 540 2704 et
569 2648 771 2719 repleta
799 2654 882 2702 est
922 2646 1125 2715 Spiritu
1162 2658 1354 2701 sancio
1386 2643 1685 2711 Elisabcth,
1712 2645 2063 2701 exclamavit-

493 2755 600 2809 que
634 2755 765 2794 voce
794 2754 1009 2810 magna,
1057 2748 1108 2794 et
1135 2739 1307 2792 dixit:
1333 2735 1625 2791 Benedicta
1662 2748 1715 2791 tu
1774 2738 1914 2791 inter
1944 2752 2063 2789 mu-

487 2831 671 2898 lieres,
704 2840 758 2885 et
788 2830 1104 2886 benedictus
1134 2828 1343 2883 fruetus
1375 2829 1581 2883 ventris
1612 2830 1713 2882 tui.
1756 2846 1776 2880 ι
1804 2827 1940 2883 Cum
1966 2844 2066 2881 au-

487 2924 657 2979 disset
681 2920 844 2991 Virgo
871 2924 939 2975 ab
971 2921 1160 2992 angelo
1212 2920 1357 2990 quod
1390 2922 1735 2988 concepisset
1768 2920 2065 2985 Elisabeth,

488 3016 671 3069 statim
710 3012 844 3067 abiit
875 3013 945 3067 ad
974 3013 1145 3074 illam.
1181 3022 1237 3067 et
1291 3014 1533 3083 gaudens
1562 3012 1630 3067 de
1665 3016 1807 3067 hono
1859 3027 2065 3081 cogna-

495 3118 561 3165 ta:
581 3150 597 3175 ,
627 3116 683 3162 et
732 3107 919 3162 volens
948 3117 1009 3161 ut
1060 3108 1484 3177 prudentissima
1512 3106 1718 3175 majore
1739 3108 2068 3162 certitudine

491 3202 691 3257 certior
727 3200 877 3253 reddi
904 3214 1031 3252 num
1057 3214 1182 3253 vera
1234 3200 1458 3254 dixisset
1496 3200 1586 3268 qui
1638 3207 1966 3269 apparuerat
1991 3199 2065 3264 ei,

487 3298 551 3345 ut
576 3305 643 3345 ex
686 3291 787 3345 hoc
815 3304 915 3343 nec
944 3290 1009 3343 de
1030 3304 1127 3343 suo
1158 3288 1451 3345 dubitaret.
1489 3289 1737 3345 Prudens
1762 3292 1907 3344 enim
1943 3305 2066 3345 cum

489 3389 656 3447 esset,
686 3380 903 3435 timebat
931 3395 997 3434 ne
1023 3379 1162 3435 forte
1190 3381 1554 3448 deciperetur,
1577 3390 1631 3436 et
1662 3396 1767 3436 non
1798 3394 1857 3437 ut
1888 3382 2068 3438 incre-

492 3472 637 3537 dula,
666 3473 761 3526 sed
794 3482 850 3526 ut
877 3471 1110 3541 diligens
1141 3487 1256 3527 rem
1287 3474 1571 3539 explorare
1596 3472 1829 3527 volebat.
1861 3472 2070 3528 Zacha-

494 3562 605 3616 rias
632 3561 817 3631 itaque
842 3561 895 3616 in
940 3564 1211 3617 montanis
1260 3563 1487 3627 habitat,
1525 3570 1580 3618 et
1635 3572 1919 3633 propterea
1944 3564 2071 3619 illuc

497 3652 654 3707 abiit.
694 3652 758 3705 At
785 3653 1021 3707 Joannes
1060 3664 1313 3723 suscepto
1343 3654 1604 3725 singulari
1631 3670 1796 3726 supra
1832 3655 2073 3725 reliquos

493 3744 742 3803 homines
766 3744 906 3799 dono
928 3743 1011 3799 vel
1061 3761 1301 3811 munere,
1329 3747 1562 3801 exsultat
1590 3748 1643 3801 in
1668 3759 1820 3803 utero
1843 3747 2070 3803 matris:

494 3837 636 3895 unde
661 3847 717 3891 et
748 3837 921 3906 major
952 3844 1035 3891 est
1062 3838 1354 3915 prophetis.
1384 3836 1517 3893 Nam
1546 3840 1636 3893 alii
1659 3840 1881 3909 quidem
1924 3853 2066 3909 pra-

496 3929 746 3983 dixerunt
781 3929 959 3981 futura
1005 3939 1289 3997 postquam
1362 3932 1471 3985 nati
1527 3943 1696 3986 sunt:
1749 3931 1842 3986 ille
1892 3943 2072 3987 autem

494 4033 614 4074 cum
657 4018 833 4073 adhuc
859 4031 1004 4075 esset
1031 4022 1084 4075 in
1109 4029 1263 4077 utero
1290 4024 1508 4085 matris,
1532 4024 1761 4094 gratiam
1792 4022 1949 4077 talem
1982 4039 2072 4077 as-

494 4120 714 4163 secutus
748 4109 869 4167 fuit.
900 4113 1028 4165 Vide
1058 4114 1202 4167 enim
1244 4129 1259 4169 :
1325 4115 1603 4169 salutavit
1632 4113 1798 4186 Virgo
1830 4115 2071 4171 Elisabe-

493 4196 670 4267 tham,
708 4202 809 4255 hoc
834 4208 939 4265 est,
962 4204 1116 4271 prior
1142 4203 1374 4259 allocuta
1405 4213 1510 4261 est.
1540 4205 1654 4259 Vox
1673 4206 1864 4274 itaque
1898 4203 2077 4273 Virgi-

497 4289 582 4344 nis
624 4304 733 4351 ,νος
770 4302 887 4346 erat
932 4293 1195 4348 ineat-uati
1234 4295 1289 4350 in
1335 4296 1431 4366 illa
1458 4295 1573 4361 Dei,
1598 4306 1651 4351 et
1680 4298 1882 4353 idcirco
1908 4292 2074 4351 etiam

498 4377 983 4436 Praecursoremin
1059 4392 1218 4439 utero
1241 4386 1417 4455 gratia
1480 4399 1804 4453 prosecutus
1863 4396 1967 4453 est,
2022 4396 2078 4441 et

509 4472 825 4541 prophetam
848 4473 997 4529 fecit.
1064 4475 1408 4548 Quaecunque
1434 4481 1579 4532 enim
1608 4479 1744 4532 dixit
1798 4477 2076 4535 Elisabetb

2162 2020 2468 2085 τουτέστιν,
2500 2018 2561 2071 ὲν
2589 2015 2845 2085 Ναζαρέτ
2867 2029 2884 2046 ’
2915 2014 3052 2068 ὅπου
3090 2011 3200 2085 γάρ
3220 2010 3376 2076 Θεὸς,
3399 2008 3558 2063 οὐδὲν
3578 2007 3759 2078 ἀναγ-

2167 2130 2281 2169 νον.

2241 2226 2259 2260 ι
2312 2206 2623 2262 Ἀναστᾶσα
2653 2205 2711 2260 δὲ
2734 2197 2973 2276 Μαριὰμ
3000 2203 3060 2257 ὲν
3080 2202 3202 2265 ταῖς
3225 2200 3467 2272 ἡμέραις
3495 2194 3758 2259 ταύταις,

2164 2297 2440 2369 ἐπορεύθη
2476 2300 2557 2361 είς
2582 2296 2684 2369 τὴν
2731 2296 2947 2367 ὀρεινήν
2978 2294 3120 2366 μετά
3155 2292 3421 2362 σπουδῆς,
3463 2291 3547 2354 είς
3592 2288 3759 2342 πόλιν

2178 2391 2382 2444 Ἰούδαο
2436 2389 2532 2443 καὶ
2581 2387 2833 2458 εἰσῆλθεν
2861 2391 2943 2443 είς
2977 2388 3068 2441 τὸν
3113 2380 3263 2440 οἶκον
3314 2382 3609 2454 Ζαχαρίου,
3664 2380 3765 2436 καὶ

2165 2481 2454 2550 ἠσπάσατο
2490 2478 2590 2550 τήν
2619 2477 2927 2531 Ἐλισάὃει.
2954 2478 3063 2531 Καὶ
3084 2476 3328 2544 ἐγένετο,
3358 2464 3431 2537 ὥς
3459 2474 3696 2546 ἥκουσιν
3721 2471 3761 2543 ἢ

2178 2573 2460 2628 Ἑλισάσετ
2481 2572 2574 2626 τὸν
2608 2571 2901 2639 ἀσπασμὸν
2924 2570 3023 2639 τῆς
3046 2568 3311 2639 Μαρίας,
3379 2566 3675 2637 ἐσκίρτησε
3697 2562 3764 2619 τὸ

2170 2661 2365 2732 βρέφος
2392 2662 2449 2712 ιν
2474 2662 2542 2729 τῇ
2569 2658 2749 2730 κοιλίᾳ
2779 2657 2957 2727 αὐτῆς
2974 2668 2991 2685 ⁶
3018 2659 3111 2710 καὶ
3139 2654 3389 2729 ἐπλήσθη
3434 2654 3763 2726 [IVNI-'4":

2169 2755 2325 2820 ἁγίου
2358 2755 2391 2823 ή
2438 2751 2744 2815 Ἐλισάὅετ,
2797 2750 2896 2804 καὶ
2951 2749 3277 2821 ἀνεφώνησε
3329 2751 3482 2820 φωνῇ
3539 2746 3762 2820 μεγάλῃ

2171 2846 2265 2898 καὶ
2297 2844 2457 2896 εἶπεν
2482 2857 2498 2873 ο
2528 2842 2886 2912 Εὐλογημένη
2924 2842 2989 2896 σὺ
3033 2844 3092 2895 έν
3114 2839 3356 2912 γυναιξὶ,
3390 2840 3485 2893 καὶ
3522 2838 3761 2907 εὐλογη-

2174 2936 2335 3006 μένος
2381 2936 2411 2988 6
2463 2934 2678 3006 καρπὸς
2710 2934 2809 3005 τῆς
2842 2918 3055 2998 κοιλίας
3106 2950 3225 2987 σου.
3298 2951 3320 2985 ι
3366 2931 3429 2986 Ἦ
3480 2929 3760 3003 Παρθένος

2168 3030 2458 3085 ἀκούσασα
2488 3030 2641 3101 παρά
2658 3029 2754 3084 τοῦ
2782 3028 3040 3098 ἀγγέλου,
3086 3030 3170 3083 ὅτι
3216 3028 3514 3082 συνέλαϐεν
3545 3030 3578 3097 ή
3616 3026 3761 3081 Ἑλι-

2170 3120 2352 3185 σάϐετ,
2381 3121 2596 3191 ’έδραμε
2627 3121 2765 3193 πρὸς
2794 3122 3039 3192 εκείνην,
3075 3119 3194 3191 ἅμα
3220 3121 3320 3191 μὲν
3349 3120 3623 3190 χαίρουσα
3660 3119 3761 3171 ἐπὶ

2168 3211 2246 3281 τῷ
2302 3211 2493 3282 ἀγαθῷ
2518 3213 2618 3283 τῆς
2655 3212 2975 3280 συγγενοῦς,
3012 3212 3129 3283 ἄμα
3174 3212 3230 3273 δὲ
3266 3210 3365 3263 καὶ
3396 3206 3468 3274 ὥς
3523 3225 3762 3262 συνετω·

2172 3305 2332 3375 τάτη,
2370 3304 2864 3375 πληῳφορηθῆναι
2931 3303 3164 3367 θέλουσα
3228 3303 3471 3367 τελείως,
3504 3303 3552 3355 εί
3580 3300 3762 3372 ἀληθῆ

2174 3393 2329 3449 εἶπεν
2357 3396 2386 3449 6
2429 3396 2621 3464 φανεὶς
2658 3396 2820 3467 αὐτῇ,
2862 3395 2951 3449 ἵνα
2986 3398 3051 3449 ὲκ
3112 3395 3308 3450 τούτου
3362 3385 3463 3455 καί
3503 3393 3636 3465 περὶ
3663 3391 3762 3446 τοῦ

2172 3487 2377 3541 οίκείου
2400 3488 2477 3558 μὴ
2511 3487 2852 3559 ἁμφιδάλλῃ.
2895 3486 3171 3557 ’Δσφαλὴς
3211 3487 3323 3557 γάρ
3352 3484 3510 3544 οὖσα.
3541 3484 3764 3553 ὲφοὸεί-

2172 3594 2234 3632 το
2264 3579 2463 3649 μήπως
2498 3577 2749 3648 πλανηθῇ
2768 3594 2782 3608 ο
2818 3577 2914 3631 καὶ
2943 3578 3043 3647 οὐχ
3068 3577 3145 3640 ώς
3179 3576 3513 3642 ἀπιστοῦσα,
3547 3574 3663 3629 ἀλλ’
3684 3574 3765 3638 ὡς

2175 3672 2569 3741 ἀκριϐέστερον
2612 3671 2807 3740 μαθεῖν
2834 3668 3142 3740 βουλομένη
3190 3663 3250 3721 τι
3276 3669 3528 3739 πρᾶγμα.
3564 3666 3657 3721 Ἐν
3689 3669 3761 3740 τῇ

2173 3763 2357 3832 ὀρεινῇ
2386 3758 2479 3816 οὖν
2498 3762 2633 3833 Qui
2667 3765 2696 3816 6
2721 3763 3027 3834 Ζαχαρίας,
3066 3761 3160 3815 καὶ
3199 3760 3288 3815 διά
3319 3760 3479 3815 τοῦτο
3520 3760 3766 3833 ἔδραμεν

2175 3858 2322 3908 ὲκεί-
2357 3856 2387 3907 6
2434 3855 2501 3909 ίόὲ
2537 3857 2810 3925 Ἰωάννης,
2868 3856 3147 3925 ἐξαίρετόν
3194 3871 3247 3908 τι
3292 3855 3547 3926 χάρισμα
3605 3854 3765 3927 παρὰ

2175 3950 2301 4011 τοὺς
2327 3948 2547 4012 λοιποὺς
2573 3948 2893 4020 ἀνθρώπους
2918 3948 3124 4014 λαϐὼν,
3161 3949 3362 4020 σκιρτᾷ
3391 3950 3450 4003 ἐν
3476 3950 3543 4019 τῇ
3576 3950 3761 4020 κοιλίᾳ

2174 4039 2272 4109 τῆς
2332 4041 2559 4112 μητρὸς,
2599 4041 2723 4095 ὅθεν
2769 4042 2866 4095 καὶ
2907 4041 3113 4111 μείζων
3166 4040 3277 4095 τῶν
3328 4042 3652 4113 προφητῶν.
3694 4043 3765 4096 Οί

2182 4134 2280 4201 μὲν
2318 4133 2447 4203 γὰρ,
2476 4133 2615 4203 μετά
2649 4134 2709 4186 τὸ
2758 4133 3088 4204 γεννηθῆναι
3152 4136 3599 4207 προεφήτευσαν,
3635 4137 3664 4188 6
3705 4133 3771 4187 δὲ

2178 4224 2259 4277 ἔτι
2284 4228 2340 4277 ἐν
2368 4228 2436 4295 τῇ
2472 4226 2653 4297 κοιλίᾳ
2691 4226 2791 4296 τῆς
2840 4227 3047 4297 μητρὸς
3089 4227 3189 4293 ὢν,
3222 4226 3432 4297 ἠξιώθη
3466 4227 3560 4280 τοῦ
3589 4226 3770 4281 τοιού-

2177 4331 2274 4368 του
2306 4316 2659 4386 χαρίσματος.
2691 4315 2845 4387 Ὅρα
2899 4319 3030 4387 γάρ·
3073 4318 3357 4387 ἠσπάσατο
3397 4319 3430 4389 ή
3483 4318 3768 4390 Παρθένος

2177 4408 2277 4479 τὴν
2311 4409 2612 4475 Ἐλισάὸετ,
2672 4411 2921 4465 τουτέστι
2984 4414 3453 4485 προσηγόρευσεν.
3485 4412 3556 4467 Ἦ
3606 4413 3768 4483 φωνὴ

2178 4497 2271 4551 οὖν
2302 4497 2401 4567 τῆς
2428 4498 2707 4571 Παρθένου
2769 4501 2866 4555 τοῦ
2916 4503 2975 4555 ὲν
3016 4504 3156 4573 αὐτῇ
3191 4502 3576 4572 σαρκουμινου
3627 4501 3769 4557 Θεοῦ

498 4566 817 4667 prepiietice
843 4567 908 4621 ad
937 4566 1183 4633 Mariam,
1215 4586 1319 4623 nun
1343 4571 1503 4625 verba
1530 4570 1749 4625 fuerunt
1773 4572 2067 4636 Elisabetb,

2181 4591 2333 4663 φωνὴ
2364 4587 2468 4663 ἦν*
2502 4566 2596 4646 καὶ
2645 4593 2734 4646 διὰ
2772 4594 2932 4647 τοῦτο
2989 4596 3085 4649 καὶ
3130 4566 3226 4647 τὸν
3266 4566 3591 4665 Πρόδ-ρομον
3622 4596 3771 4667 ιντῇ

499 4657 594 4710 sed
630 4654 889 4711 infantis:
922 4672 983 4712 os
1040 4668 1220 4713 autem
1272 4661 1552 4715 Elisabetb
1581 4672 1785 4716 tantum
1805 4663 2077 4718 ministra-

499 4748 598 4814 vit,
638 4748 779 4802 sicut
806 4757 861 4803 et
894 4762 956 4803 os
1011 4748 1194 4804 Maria:
1240 4751 1564 4808 ministravit
1599 4754 1734 4809 Filio
1781 4756 1873 4810 Dei
1896 4760 1987 4827 qui
2020 4759 2075 4813 in

502 4851 656 4893 utero
683 4840 802 4910 ejus
826 4849 962 4895 erat.
1011 4840 1221 4912 Quippe
1260 4858 1380 4897 cum
1428 4847 1749 4901 exsultasset
1809 4863 1946 4918 puer
2022 4850 2074 4905 in

504 4942 679 4994 utero,
738 4943 867 4988 tunc
918 4936 1140 5005 impleta
1200 4946 1287 4997 est
1358 4936 1563 5007 Spiritu
1611 4940 1909 4997 Elisabeth.
1956 4941 2074 4997 Nisi

504 5039 649 5077 enim
681 5040 815 5094 puer
844 5028 1184 5093 exsultasset,
1209 5045 1313 5083 non
1343 5034 1727 5101 prophetasset
1755 5034 1865 5088 illa.
1892 5034 2077 5105 itaque

506 5117 860 5171 sicutdicunt
894 5122 1181 5189 prophetas
1226 5124 1461 5191 primum
1504 5135 1685 5181 mente
1730 5130 1993 5185 excedere
2024 5138 2077 5183 et

506 5206 742 5260 divinum
769 5210 895 5275 quid
940 5212 1071 5276 pati,
1107 5227 1171 5265 ac
1215 5224 1325 5266 tum
1368 5216 1602 5285 denique
1650 5217 2072 5287 prophetizare:

498 5298 579 5351 ita
610 5308 665 5353 et
684 5298 920 5357 Joannes
945 5302 1083 5356 forte
1118 5306 1265 5371 prius
1297 5308 1517 5362 saltavit
1540 5323 1599 5364 ut
1651 5312 1895 5365 divinum
1926 5312 2078 5380 quid-

510 5389 630 5442 dam
657 5392 889 5459 patiens,
919 5402 1102 5461 postea
1136 5409 1231 5461 per
1276 5412 1338 5452 os
1413 5401 1603 5455 matris
1658 5403 2076 5471 prophetizavit.

509 5479 647 5545 Quid
674 5495 847 5537 autem
876 5488 1312 5554 prophetizavit?
1346 5510 1363 5543 ι
1396 5491 1684 5549 Benedicta
1720 5506 1775 5548 tu
1803 5496 1856 5549 in
1894 5496 2080 5551 mulie-

511 5572 679 5627 ribus.
716 5592 735 5626 ι
774 5576 972 5633 Deinde
996 5581 1120 5650 quia
1149 5581 1330 5636 multae
1374 5595 1576 5641 sancta
1616 5586 1871 5641 mulieres
1918 5601 2078 5656 pepe-

513 5674 700 5717 rerunt
732 5665 1022 5734 improbos,
1060 5679 1117 5723 ut
1150 5668 1392 5725 Rebecca
1440 5675 1605 5741 Esau,
1650 5677 1781 5731 dicit
1816 5694 1831 5731 :
1887 5677 1991 5732 Sed
2028 5687 2084 5733 et

511 5750 717 5809 fructus
748 5758 951 5813 ventris
984 5762 1057 5814 tui
1084 5762 1421 5819 benedictus.
1455 5768 1627 5824 Aliter
1675 5785 1890 5841 quoque
1921 5773 2082 5827 intel-

514 5842 603 5924 ligi
630 5856 838 5915 potest:
866 5847 1151 5909 Benedicta
1186 5863 1243 5909 tu
1275 5856 1327 5910 in
1370 5858 1704 5929 mulieribus,
1738 5864 1934 5923 deinde
1969 5870 2084 5926 vel-

2183 4684 2369 4755 μήτρᾳ
2405 4685 2738 4754 ἑχαρίτωσε,
2788 4686 2885 4738 καὶ
2918 4685 3145 4755 ἐποίησε
3192 4686 3577 4755 προφητεῦσαι
3602 4700 3617 4714 ⁶
3662 4687 3770 4740 ὃσα

2179 4778 2287 4847 γὰρ
2314 4774 2471 4828 εἷπεν
2502 4779 2535 4846 ή
2553 4777 2834 4831 Ἑλισάὁετ
2861 4777 3218 4854 προφητικῶς
3240 4779 3376 4847 πρὸς
3396 4778 3497 4848 τὴν
3521 4779 3768 4849 Μαρίαν,

2178 4868 2239 4918 οὐ
2264 4868 2363 4937 τῆς
2407 4868 2688 4921 Ἐλισάὗετ
2714 4864 2855 4940 ἦσαν
2886 4870 3127 4947 ῥήματα.
3165 4870 3301 4923 ἀλλὰ
3348 4869 3445 4923 τοῦ
3491 4869 3727 4942 βρέφους
3752 4887 3768 4902 ·

2179 4958 2243 5011 τὸ
2277 4959 2452 5029 στόμα
2480 4960 2535 5012 δὲ
2580 4962 2742 5030 μόνον
2788 4963 2887 5032 τῆς
2930 4960 3213 5016 Ἐλισάὄετ
3237 4963 3530 5035 ὑπούργει,
3575 4964 3771 5036 ὥσπερ

2181 5053 2371 5107 καὶτὸ
2424 5055 2599 5126 στόμα
2653 5057 2748 5127 τῆς
2782 5058 3002 5127 Μαρίας
3068 5059 3385 5129 ὑπούργησε
3449 5061 3529 5131 τῷ
3593 5063 3653 5115 ιν
3702 5066 3767 5134 τῇ

2184 5147 2367 5218 μήτρᾳ
2399 5148 2568 5217 αὐτῆς
2596 5149 2711 5201 ὄντι
2743 5149 2857 5219 Υίῷ
2882 5152 2976 5203 τοῦ
3020 5152 3187 5206 Θεοῦ·
3222 5157 3620 5226 σκιρτήσαντος
3660 5158 3771 5226 γὰρ

2181 5239 2273 5291 τοῦ
2316 5240 2546 5309 βρέφους
2578 5243 2634 5293 ὲν
2655 5244 2721 5313 τῇ
2756 5245 2979 5315 γαστρὶ,
3013 5246 3134 5298 τότε
3164 5246 3415 5317 ἐπλήσθη
3444 5246 3768 5318 Πνεύματος

2180 5332 2215 5398 ἡ
2259 5332 2561 5385 Ἐλεισάϐετ.
2591 5334 2653 5385 Ei
2688 5337 2764 5404 μὴ
2813 5335 2922 5405 γὰρ
2944 5336 3006 5388 τὸ
3045 5336 3245 5407 βρέφος
3276 5340 3629 5409 ἐσκίρτησεν,
3663 5342 3768 5393 οὐκ

2184 5418 2249 5469 ἂν
2277 5423 2684 5489 προεφήτευσεν
2715 5424 2888 5493 αὖτηξ
2922 5423 3112 5497 ὥσπερ
3155 5423 3251 5481 οὖν
3300 5446 3434 5497 φασι
3474 5430 3602 5493 τοὺς
3633 5448 3770 5501 προ-

2184 5512 2357 5579 φήτας
2385 5514 2651 5584 πρότερον
2677 5516 3062 5588 ἐξισταμένους
3095 5522 3187 5573 καὶ
3214 5522 3630 5588 ἐνθουσιῶντας,
3648 5519 3771 5578 εἶτα

2184 5605 2572 5674 προφητεύειν,
2612 5606 2755 5663 οὕτω
2783 5611 2923 5681 τάχα
2982 5612 3078 5665 καὶ
3127 5616 3156 5665 6
3198 5614 3451 5683 Ἰωάννης
3502 5622 3770 5687 πρότερον

2184 5696 2535 5767 ἐσκίρτησεν,
2564 5694 2675 5754 οἷον
2703 5703 3018 5773 ἐνθουσιῶν,
3051 5702 3171 5760 εἶτα
3211 5707 3300 5761 διὰ
3343 5708 3438 5761 τοῦ
3493 5709 3769 5780 στόματος

2185 5790 2285 5855 τῆς
2343 5790 2548 5859 μητρὸς
2610 5798 3023 5867 προεφήτευσε*
3089 5800 3141 5855 τί
3198 5801 3255 5854 δὲ
3323 5801 3768 5874 προεφήτευσεν;

2195 5892 2213 5927 ι
2244 5876 2597 5955 Εὐλογημένη
2618 5887 2681 5939 σὺ
2718 5886 2774 5940 ἐν
2805 5888 3068 5955 γυναιξίν.
3110 5909 3129 5943 ι
3176 5886 3309 5947 Εῖτα
3352 5894 3543 5965 ἐπειδὴ
3576 5894 3768 5949 πολλαὶ
