4028 6454
248 495 342 567 ξθθ

969 455 1419 543 EXARRATI'O
1452 472 1535 534 IN
1574 468 2083 534 EVANGELIUM
2120 466 2359 551 LUCgE.
2393 491 2462 502 —
2496 466 2655 528 CAP.
2701 465 2752 528 Ι.

3400 460 3511 530 710

246 600 501 665 γυνατιις
532 599 686 666 “(tat
731 591 993 665 βεσήλους
1020 590 1234 652 ἔτεκον,
1263 587 1340 650 ὡς
1362 586 1397 656 ἡ
1430 582 1705 637 Ῥεϐέκκα
1723 580 1816 634 τὸν

1928 580 1998 634 uti
2025 579 2297 650 quispiam
2354 577 2652 646 interroget
2712 574 2919 645 quare?
2963 575 3137 648 ipsam
3186 588 3406 632 cauum
3434 579 3516 633 di-

258 689 445 754 Ἠσαῦ,
499 688 669 757 φησιν
698 687 810 749 ὔτι,
850 683 1013 739 Ἀλλὰ
1056 682 1152 736 καὶ
1179 682 1208 733 6
1247 676 1460 748 καρπὸς
1481 676 1581 746 τῆς
1610 674 1821 736 κοιλίας

242 798 327 838 σου
356 781 746 850 εὐλογημένος·
780 777 874 832 καὶ
900 777 1074 837 ἄλλως
1092 775 1147 827 δὲ
1179 771 1532 842 νοηθήσεται,
1570 768 1817 835 Εὐλογη-

244 876 369 948 μένη
391 875 463 929 σὺ
479 876 542 928 έν
562 870 807 941 γυναιξίν
827 885 841 899 ο
878 864 999 922 εἶτα
1027 865 1181 919 ὥσπε
1189 882 1220 936 ρ
1241 861 1623 935 ἐρωτήσαντός
1645 877 1815 924 τινος,

235 966 576 1032 διατί;λέγει
608 964 709 1035 τὴν
756 962 957 1016 αίτιαν.
988 954 1372 1025 Εὐλογημένος
1404 953 1515 1022 γὰρ
1543 953 1570 1004 ὁ
1601 949 1816 1020 καρπὸς

240 1057 332 1127 τῆς
375 1056 585 1119 κοιλίας
623 1070 741 1113 σου,
776 1049 1047 1112 τουτέστι,
1091 1046 1227 1107 Θεὸς
1280 1042 1391 1113 7&9
1422 1044 1450 1094 6
1479 1038 1693 1109 καρπὸς
1718 1037 1821 1107 τῆς

239 1147 437 1210 κοιλίας
465 1161 584 1213 σου,
615 1142 985 1214 εὐλογημένος
1022 1139 1132 1210 7&9
1170 1136 1331 1207 μόνος
1358 1134 1387 1186 6
1410 1132 1545 1195 Qad;
1570 1148 1583 1163 '
1606 1129 1806 1194 ὡς’καὶ

237 1244 268 1296 6
292 1240 450 1296 Δαυῖδ
476 1240 626 1309 λέγει
646 1257 659 1271 ·
689 1234 1070 1306 Εὐλογημένος
1093 1235 1121 1286 6
1149 1230 1444 1301 ἐρχόμενος
1463 1243 1478 1257 ·
1516 1215 1675 1279 εἴωθε
1704 1221 1814 1293 7&9

222 1335 271 1403 νή
294 1332 483 1402 Γραφὴ
512 1331 628 1392 τὸν,
668 1330 791 1395 καὶ,
817 1326 1115 1395 σύνδεσμον
1146 1321 1265 1376 ἀντὶ
1296 1318 1414 1384 τοῦ,
1440 1317 1554 1386 γὰρ
1575 1354 1591 1378 .
1630 1331 1813 1385 παρα-

236 1425 525 1495 λαμϐάνειν
548 1438 565 1455 ο
610 1420 685 1485 ὡς
715 1420 798 1485 τὸ,
828 1420 927 1482 Δὸς
977 1419 1110 1487 ήμῖν
1159 1408 1439 1485 βοήθειαν,
1472 1407 1569 1463 καὶ
1607 1406 1815 1477 ματαία

240 1516 476 1586 σωτηρία
520 1511 835 1583 ἀνθρώπου,
861 1510 985 1569 ἀντὶ
1012 1508 1129 1570 τοῦ,
1168 1503 1392 1559 Munia.
1417 1501 1528 1572 7&9
1571 1496 1816 1568 σωτηρία

234 1607 553 1679 ἀνθρώπου·
608 1603 705 1657 καὶ
752 1602 937 1665 πάλιν,
1004 1600 1076 1653 Σὺ
1131 1596 1440 1668 ὼργίσθης,
1503 1594 1599 1646 καὶ
1651 1592 1816 1661 ἡμεῖς

239 1699 577 1771 ἡμάρτομεν.
608 1698 732 1753 ἀντὶ
758 1695 877 1761 τοῦ,
911 1695 1103 1764 ’Πμεῖς
1136 1694 1245 1761 7&9
1267 1690 1616 1760 ἡμάρτομεν.
1644 1686 1802 1754 Καρ-

1918 672 1994 728 cit
2024 687 2043 728 :
2074 669 2406 726 Benedictus
2447 668 2596 725 enim
2665 667 2873 724 fructus
2910 667 3117 723 ventris
3156 666 3259 733 tui,
3286 669 3388 723 hoc
3408 678 3514 732 est,

1917 762 2064 821 Deus
2092 763 2237 818 enim
2292 770 2380 819 est
2436 760 2646 816 fructus
2687 759 2776 816 ille
2822 758 3036 814 ventris
3063 758 3162 814 tul.
3188 757 3519 814 Benedictus

1916 853 2063 909 enim
2098 851 2255 907 solus
2282 850 2447 916 Deus,
2493 850 2637 905 sicut
2681 859 2739 905 et
2776 850 2941 904 David
2996 848 3153 913 dicit,
3192 847 3522 906 Benedictus

1918 946 2012 1015 qui
2037 945 2205 1001 venit.
2240 942 2536 1000 Consuevit
2556 945 2704 998 enim
2732 943 3015 1013 Scriptura
3048 942 3517 1012 coniunctionem,

1915 1047 1989 1104 et,
2037 1050 2156 1107 pro,
2204 1038 2366 1100 enim,
2419 1036 2717 1103 accipere:
2768 1044 2846 1099 nt,
2902 1037 2974 1090 Da
3033 1035 3196 1091 nobis
3233 1034 3516 1099 auxilium,

1918 1122 1979 1184 et'
2030 1142 2166 1182 vana
2199 1128 2353 1183 salus
2383 1127 2618 1181 hominis
2647 1142 2661 1180 :
2707 1127 2811 1182 hoc
2854 1137 2961 1192 est,
3010 1126 3162 1181 Vana
3194 1128 3341 1182 enim
3367 1128 3520 1185 salus

1916 1220 2180 1276 hominis.
2212 1217 2282 1274 Et
2326 1220 2524 1275 iterum
2558 1218 2681 1274 :Tu
2731 1220 2904 1275 iratus
2935 1219 3109 1288 t‘uisti,
3149 1230 3207 1276 et
3245 1236 3349 1276 nos
3394 1236 3523 1288 pec-

1913 1313 2180 1377 cavimus,
2212 1311 2318 1366 hoc
2378 1321 2488 1376 est,
2516 1325 2615 1366 nos
2647 1311 2793 1366 etaim
2838 1313 3206 1381 peccavimus.
3258 1310 3521 1368 Fructum

1914 1416 2097 1460 autem
2152 1404 2364 1461 ventris
2426 1402 2846 1459 DolGenitricis
2903 1404 3036 1460 dicit
3101 1403 3418 1472 Dominum,
3465 1414 3523 1461 et

1914 1496 2037 1551 ideo
2066 1497 2187 1551 sine
2219 1497 2337 1551 viro
2373 1507 2725 1565 conceptum.
2758 1494 2922 1551 Pueri
2951 1496 3099 1550 enim
3158 1496 3253 1551 alii
3312 1498 3525 1553 [ructus

1916 1596 2046 1644 sunt
2086 1596 2347 1657 patrum:
2391 1587 2644 1643 Christus
2677 1602 2808 1643 vero
2864 1586 3039 1643 soiius
3079 1588 3287 1643 ventris
3335 1586 3526 1645 Maria:

1916 1681 2128 1737 fruetus
2158 1699 2174 1737 :
2213 1682 2327 1753 ipsa
2357 1684 2501 1738 enim
2530 1683 2643 1738 sola
2675 1685 2824 1740 hunc
2858 1685 3098 1743 fructum
3128 1685 3371 1756 protniit.

240 1798 335 1852 τὸν
358 1798 415 1851 δὲ
446 1797 545 1867 τῆς
572 1794 783 1857 κοιλίας
806 1788 930 1845 εἷπε
960 1791 1061 1861 τῆς
1085 1787 1352 1841 Θεοτόκου
1383 1784 1476 1838 τὸν
1508 1781 1737 1850 Κύριον.
1764 1779 1899 1833 διότι
1921 1778 2052 1834 ἄνευ
2102 1778 2295 1848 ἀνδρὸς
2322 1780 2357 1849 ἡ
2386 1778 2584 1849 κύησις
2603 1795 2618 1811 ο
2644 1782 2693 1834 οί
2725 1780 2827 1853 μὲν
2868 1781 2977 1853 7&9
3010 1782 3163 1838 ἄλλοι
3187 1782 3376 1847 παῖδες
3412 1782 3524 1839 τῶν

237 1891 486 1961 πατέρων
515 1890 622 1942 εἰσὶ
649 1885 925 1957 καρποὶ,ὁ
956 1884 1014 1938 δὲ
1044 1882 1280 1952 Χριστὸς
1307 1883 1477 1951 μόνης
1504 1878 1604 1950 τῆς
1628 1875 1955 1946 κςιλίαςτῆς
1985 1875 2257 1929 Θεοτόκου
2287 1876 2534 1947 καρπός’
2563 1878 2703 1949 μόνη
2719 1880 2831 1951 γὰρ
2850 1878 3016 1934 αὑτὸν
3032 1880 3430 1953 ἐκυοφόρησεν.

301 2005 325 2036 v
367 1985 477 2038 Καὶ
530 1984 693 2036 πόθεν
724 1999 813 2050 μοι
851 1978 1031 2043 τοῦτο,
1072 1978 1160 2031 ἵνα
1210 1977 1343 2048 ἔλθῃ
1391 1978 1429 2046 ἡ
1460 1976 1665 2044 Μήτηρ
1721 1968 1818 2024 τοῦ

233 2075 435 2147 Κυρίου
475 2091 576 2143 μου
610 2069 891 2141 πρὸς.μέ;
936 2069 1071 2123 Ἰδοὺ
1103 2068 1212 2139 γὰρ
1239 2068 1314 2131 ὡς
1349 2066 1625 2134 ἐγένετοή
1663 2062 1816 2131 φωνὴ

230 2168 322 2222 τοῦ
375 2165 668 2236 ἀσπασμοῦ
702 2180 795 2216 σου
859 2163 939 2225 είς
967 2161 1037 2215 τὰ
1086 2153 1201 2212 ὦτά
1252 2176 1384 2230 μου,
1416 2158 1709 2227 ἐσκίρτησε
1757 2153 1819 2208 τὸ

232 2259 428 2331 βρέφος
463 2260 521 2311 ὲν
549 2255 874 2324 ἀγαλλιάσει
904 2254 963 2306 ὲν
991 2255 1059 2324 τῇ
1092 2250 1276 2323 κοιλίᾳ
1322 2266 1447 2320 μου.
1498 2249 1609 2301 Καὶ
1637 2264 1821 2318 μακα-

234 2354 321 2423 ρία
354 2352 389 2421 ή
425 2348 790 2412 πιστεύσασα,
822 2348 905 2400 ὅτι
937 2345 1091 2399 ἔσται
1120 2343 1403 2403 τελείωσις
1431 2343 1543 2405 τοῖς
1582 2339 1818 2411 λελαλη-

236 2444 416 2513 μένοις
444 2443 582 2513 αὐτῇ
634 2440 791 2511 παρὰ
833 2439 1063 2510 Κυρίου.
1105 2456 1124 2491 ι
1172 2437 1387 2507 Ὠσπερ
1448 2434 1679 2503 ὕστερον
1727 2434 1817 2488 ιλ-

232 2536 390 2590 υοντα
429 2536 522 2589 τὶν
550 2533 787 2604 Χριστὸν
850 2534 930 2594 είς
959 2530 1020 2583 τὸ
1070 2527 1446 2601 βαπτισθῆναι
1483 2528 1512 2580 6
1556 2526 1816 2595 Ἰωάννης

233 2626 439 2682 ἐκώλυε
468 2627 539 2680 δι’
570 2625 883 2689 εὐλάϐειαν,
914 2624 1090 2691 λέγων
1114 2637 1131 2655 ’
1172 2620 1291 2677 Ούκ
1329 2622 1448 2692 εἰμὶ
1478 2620 1649 2686 ἄξιος,
1674 2617 1819 2672 οὕτω

228 2721 325 2773 καὶ
347 2717 444 2773 νῦν
465 2718 553 2771 διὰ
586 2718 685 2786 τῆς
718 2717 925 2787 μητρὸς
947 2713 1111 2768 αὐτοῦ
1142 2714 1440 2781 φθέγγεται
1468 2727 1483 2743 ’
1517 2710 1690 2764 Πόθεν
1724 2727 1814 2782 μοι

227 2810 409 2875 τοῦτο,
436 2808 525 2862 ἵνα
555 2808 685 2878 ἔλθῃ
726 2809 760 2879 ή
797 2808 999 2876 Μήτηρ
1028 2803 1124 2859 τοῦ
1158 2803 1368 2874 Κυρίου
1401 2819 1503 2874 μου
1541 2802 1681 2873 πρὸς
1710 2801 1811 2871 μές

227 2902 364 2974 πρὶν
392 2901 426 2972 ἢ
466 2902 602 2974 τέκῃ
630 2901 723 2953 τὸν
756 2898 986 2969 Κύριον,
1036 2896 1253 2967 μητέρα
1300 2894 1399 2965 τήν
1430 2892 1811 2964 κυοςοροῦσαν

225 2996 529 3068 ὀνομάζων.
563 2994 692 3048 Ἐπὶ
719 2993 819 3064 μὲν
848 2991 959 3062 7&9
987 2991 1095 3045 τῶν
1126 2989 1322 3054 ἄλλων,
1344 2988 1528 3060 πρὶνιῆ
1560 2988 1816 3055 τέκωσιν,

226 3089 291 3143 o’z
326 3088 434 3159 χρὴ
482 3086 725 3161 μητέρας
756 3084 1043 3156 ὀνομάζειν
1101 3081 1191 3135 διὰ
1226 3082 1320 3135 τὸν
1371 3079 1539 3150 φόϐον
1568 3079 1672 3149 τῆς
1703 3081 1815 3150 ἁμ-

229 3181 508 3243 ελὼσεως.
538 3178 790 3233 τουτέστι
837 3178 939 3246 τῆς
964 3174 1260 3244 ἀποὸολῆς.
1305 3173 1431 3227 Ἐπὶ
1464 3171 1523 3225 δὲ
1547 3170 1645 3242 τῆς
1666 3172 1816 3241 Παρ-

2005 1970 2167 2028 νεις.
2212 1972 2403 2027 45-45.
2439 1990 2459 2024 ι
2498 1972 2567 2028 Ει
2593 1976 2737 2031 unde
2775 1976 2877 2032 hoc
2909 1978 3062 2044 mihi,
3105 1987 3165 2032 ut
3190 1982 3371 2037 veniat
3405 1983 3525 2040 lia-

1928 2073 2009 2119 ter
2035 2064 2247 2120 Domini
2284 2067 2389 2120 mei
2417 2066 2484 2121 ad
2520 2066 2649 2122 me?
2692 2067 2835 2125 Ecce
2854 2071 3000 2126 enim
3031 2082 3088 2125 ut
3120 2072 3262 2128 facta
3295 2086 3381 2133 est
3417 2091 3522 2133 vox

1925 2158 2274 2215 salutationis
2307 2169 2414 2216 tuas
2460 2161 2516 2215 in
2551 2161 2780 2219 auribus
2836 2164 2999 2231 meis,
3056 2167 3360 2222 exsultavit
3406 2183 3523 2241 prae

1924 2254 2123 2324 gaudio
2154 2251 2335 2309 infans
2369 2253 2539 2326 279
2568 2257 2621 2310 in
2654 2264 2811 2313 utero
2861 2272 3003 2314 meo.
3063 2258 3129 2313 Et
3174 2260 3333 2317 beata
3398 2278 3521 2334 quae

1923 2344 2179 2413 credidit,
2211 2346 2470 2417 quoniam
2512 2346 2868 2416 perlicientur
2893 2365 2957 2405 ea
2987 2367 3111 2423 qua:
3142 2354 3286 2409 dicta
3313 2366 3443 2410 sunt
3468 2357 3519 2411 ei

1922 2452 1954 2492 a
1985 2439 2233 2493 Domino.
2278 2458 2299 2492 ι
2343 2438 2501 2494 Sicut
2532 2451 2719 2511 postea
2767 2440 3006 2499 Joannes
3038 2445 3344 2512 Christum,
3387 2464 3512 2504 cum

1923 2530 2166 2586 venisset
2204 2542 2263 2585 ut
2285 2531 2678 2602 baptizaretur,
2707 2534 2985 2605 prohibuit
3016 2549 3243 2609 propter
3265 2553 3523 2596 reveren-

1924 2622 2077 2691 tiam,
2109 2622 2300 2679 dicens
2338 2641 2352 2678 :
2397 2623 2509 2693 Ego
2543 2640 2651 2681 non
2711 2641 2832 2681 sum
2883 2628 3132 2700 dignus',
3194 2634 3272 2687 sic
3298 2642 3351 2688 et
3376 2649 3524 2689 nunc

1904 2728 2025 2785 r-per
2051 2716 2281 2785 matrem
2309 2731 2463 2772 suam
2505 2716 2787 2789 loquitur“
2825 2720 2981 2778 Unde
3011 2724 3141 2777 mihi
3180 2724 3305 2791 hoc,
3338 2735 3397 2781 ut
3423 2742 3522 2782 ve-

1923 2805 2269 2889 niat'mater
2322 2807 2538 2864 Domini
2601 2811 2705 2865 mei
2761 2810 2828 2867 ad
2884 2814 3013 2869 me?
3072 2816 3383 2887 priusquam
3426 2833 3524 2889 pa-

1922 2899 2029 2953 riat
2062 2887 2374 2974 Dominum,
2413 2912 2643 2958 matrem
2688 2919 2892 2962 vocans
2922 2922 3067 2972 eain,
3107 2925 3227 2977 quae
3256 2912 3309 2965 in
3366 2887 3524 2969 utero

1922 2989 2167 3060 gerebat.
2202 2991 2350 3045 Alias
2370 2994 2516 3047 enim
2563 2996 2878 3066 priusquam
2936 3000 3169 3067 pariant,
3210 3017 3318 3056 non
3371 3002 3519 3059 sole-

1923 3096 2045 3135 mus
2072 3092 2274 3137 matres
2309 3098 2515 3139 vocare
2540 3095 2763 3154 propter
2806 3100 3009 3141 metum
3069 3092 3375 3146 abortiendi
3408 3112 3423 3148 :
3463 3093 3518 3149 in

1922 3172 2131 3241 virgine
2158 3186 2342 3227 autem
2377 3174 2514 3230 nihil
2564 3176 2673 3233 tale
2704 3180 2973 3247 suspicari
3000 3182 3307 3250 oportebat.
3334 3181 3401 3238 Et
3435 3183 3522 3240 id-

227 3275 389 3329 θένου
437 3273 594 3327 οὐδὲν
639 3271 880 3324 τοιοῦτον
931 3266 1314 3322 ὑπωπτεύετο.
1372 3264 1473 3317 Διὰ
1526 3263 1689 3316 τοῦτο
1717 3263 1813 3360 καὶ.

1928 3267 2068 3321 circo
2112 3267 2433 3337 priusquam
2463 3269 2670 3339 parias,
2709 3284 2883 3327 mater
2935 3282 2991 3328 et
3045 3278 3206 3330 beata
3263 3291 3324 3332 es
3372 3287 3451 3343 tu,
3486 3294 3522 3335 ο

227 3368 339 3437 πρὸ
367 3363 463 3417 τοῦ
492 3364 674 3416 τεκεῖν
702 3362 886 3431 μήτηρ
933 3358 1029 3411 καὶ
1060 3355 1309 3427 μακαρία
1345 3354 1617 3425 ὑπάρχεις
1648 3353 1736 3419 σὺ,
1772 3344 1818 3405 ὦ

1928 3355 2115 3421 Maria,
2143 3373 2263 3429 qua:
2334 3360 2645 3428 credidisti,
2672 3365 2801 3434 quia
2839 3364 3212 3436 implebuntur
3243 3382 3309 3424 ea
3337 3385 3460 3441 qua;
3487 3387 3519 3428 a

225 3458 447 3530 Μαρία.
484 3459 517 3528 ή
544 3453 885 3510 πιστεύσασα
910 3452 993 3505 ὅτι
1033 3449 1185 3504 ἔσται
1216 3448 1496 3511 τελείωσις
1521 3448 1632 3510 τοῖς
1661 3445 1817 3499 λελα-

225 3550 487 3622 λημένοις
520 3566 603 3601 σοι
624 3548 776 3616 παρὰ
810 3542 1045 3614 Κυρίου.

306 3662 326 3694 ¢
369 3640 481 3696 Καὶ
521 3635 643 3693 εἷπε
678 3638 947 3707 Μαριάμ·
993 3632 1305 3703 Μεγαλύνει
1338 3634 1372 3703 ή
1402 3633 1549 3706 ψυχή
1597 3652 1698 3705 μου
1728 3632 1821 3687 τὸν

220 3735 475 3807 Κύριον·
507 3734 603 3785 καὶ
636 3728 939 3801 ἠγαλλίασε
968 3726 1029 3779 τὸ
1061 3725 1279 3789 πνεῦμά
1312 3743 1413 3797 μου
1449 3728 1544 3781 ἐπὶ
1586 3726 1663 3798 τῷ
1693 3723 1814 3797 Θεῷ

222 3829 311 3900 τῷ
334 3825 552 3896 Σωτῆρι
592 3841 729 3895 μου,
769 3823 853 3876 ὃτι
877 3818 1178 3889 ὲπέῦλεψεν
1218 3820 1312 3872 ἐπὶ
1346 3819 1445 3889 τὴν
1486 3818 1821 3872 ταπείνωσιν

224 3924 329 3993 τῆς
353 3920 549 3990 δούλης
576 3915 741 3971 αὐτοῦ
762 3933 777 3949 ο
808 3915 918 3969 ἰδοὺ
952 3914 1064 3985 γὰρ
1094 3912 1205 3966 ἀπὸ
1236 3911 1331 3966 τοῦ
1361 3912 1457 3967 νῦν
1485 3909 1823 3984 μακαριοῦσι

224 4030 305 4082 μ
340 4012 517 4087 πᾷσαι
568 4009 627 4065 αἱ
675 4007 894 4077 γενεαὶ,
940 4007 1023 4059 ὅτι
1071 4004 1299 4075 ἐποίησέ
1345 4021 1438 4074 μοι
1490 4004 1757 4074 μεγαλεῖα
1794 4004 1824 4056 6

225 4103 494 4166 Emtds‘
550 4102 645 4156 καὶ
689 4100 847 4168 ἅγιον
890 4097 952 4151 τὸ
990 4096 1166 4167 θνομα
1196 4095 1387 4153 αὐτοῦ.
1426 4095 1540 4149 Καὶ
1578 4095 1639 4149 τὸ
1676 4094 1824 4159 ἕλεος

222 4193 402 4251 αὐτοῦ
440 4196 530 4258 εἰς
560 4192 756 4261 γενεὰν
790 4190 887 4244 καὶ
931 4188 1129 4257 γε·.εὰν
1169 4190 1281 4250 τοῖς
1326 4186 1685 4258 φοὸουμένοις
1726 4187 1824 4240 αύ-

213 4290 347 4343 τόν.
406 4304 427 4339 ι
490 4284 558 4340 Ἦ
606 4283 886 4355 Παρθένος
931 4282 1260 4351 τελεώτερον
1304 4280 1822 4352 πληροφορηθεῖσα,

210 4379 509 4448 δοξολογεῖ
529 4377 621 4431 τὸν
658 4375 814 4441 Θεὸν,
852 4373 1050 4444 ἐκείνῳ
1104 4374 1485 4444 ὲπιγράφουσα
1520 4375 1580 4427 τὸ
1612 4373 1822 4445 θαῦμα,

212 4473 336 4543 οὐχ
369 4473 563 4542 ἑαυτῇ.
602 4467 839 4531 Ἐκεῖνος
871 4468 1013 4538 γὰρ,
1049 4470 1247 4535 φησὶν,
1271 4466 1572 4536 ἐπέϐλεψεν
1601 4467 1690 4520 ἐπ’
1725 4469 1826 4539 ἐμὲ

220 4565 334 4635 τὴν
386 4559 686 4632 ταπεινὴν,
743 4559 845 4612 οὐκ
900 4557 1034 4625 ὲγὼξ
1064 4558 1200 4629 πρὸς
1249 4560 1459 4611 ἐκεῖνον
1511 4559 1822 4630 ἀνέϐλεψα·

1923 3448 2154 3505 Domino
2184 3453 2279 3507 tibi
2318 3452 2463 3509 dicta
2497 3463 2647 3511 sunt.

1995 3626 2162 3684 Vens.
2201 3627 2393 3685 46-50.
2452 3647 2473 3682 ι
2516 3628 2584 3683 Et
2628 3630 2706 3685 ait
2751 3629 2958 3687 Maria:
2995 3631 3304 3705 “signiﬁcat
3336 3635 3519 3692 anima

1927 3736 2045 3776 mea
2078 3721 2364 3776 Dominum
2387 3764 2402 3789 ,
2447 3733 2503 3778 et
2532 3724 2828 3778 exsultavit
2859 3726 3083 3793 spiritus
3128 3742 3281 3782 meus
3323 3729 3377 3784 in
3410 3729 3521 3786 Deo

1928 3812 2216 3869 Servatore
2237 3830 2376 3869 meo.
2403 3814 2539 3882 Quia
2566 3818 2807 3886 respexit
2828 3819 2896 3872 ad
2922 3818 3280 3875 humilitatem
3310 3824 3524 3879 ancilla

1927 3922 2076 3973 suae,
2121 3922 2247 3962 ecce
2276 3908 2424 3963 enim
2454 3924 2522 3964 ex
2570 3909 2675 3967 hoc
2716 3912 2937 3968 beatam
2970 3930 3057 3970 me
3098 3917 3284 3973 dicent
3332 3931 3525 3976 omnes

1927 3999 2327 4068 generationes.
2373 3999 2510 4066 Quia
2546 4000 2676 4056 fecit
2712 4002 2842 4057 mihi
2886 4006 3175 4075 magniﬁca
3208 4006 3298 4076 qni
3329 4020 3532 4078 potens.

1927 4102 2048 4159 cst,
2087 4103 2143 4147 et
2182 4102 2430 4147 sanctum
2478 4109 2677 4149 nomen
2706 4092 2846 4164 ejus.
2892 4094 2961 4150 Et
2991 4099 3363 4154 misericordia
3407 4102 3525 4169 eius

1928 4187 1982 4241 in
2009 4188 2320 4256 progeniem
2345 4196 2399 4241 et
2428 4188 2740 4259 progeniem
2769 4189 3084 4245 timentibus
3115 4205 3263 4247 eum.
3299 4211 3318 4244 ι
3362 4192 3525 4266 Virgo

1928 4280 2131 4334 certior
2175 4280 2384 4335 reddita
2417 4282 2485 4334 de
2519 4278 2652 4335 tmte
2693 4291 2959 4351 concepto
3002 4284 3278 4354 gloriﬁcat
3308 4284 3476 4341 Deum
3500 4327 3518 4351 ,

1930 4369 2005 4424 illi
2054 4371 2377 4425 miraculum
2410 4372 2755 4439 attribuens,
2798 4390 2904 4429 non
2948 4376 3185 4445 sibiipsi.
3224 4376 3318 4434 Ille
3350 4379 3521 4448 enim,

1930 4460 2083 4527 dicit,
2138 4463 2382 4532 respexit
2426 4463 2483 4517 in
2532 4478 2618 4519 me
2648 4464 2907 4519 humilem
2934 4505 2949 4531 ,
2987 4482 3092 4521 non
3137 4482 3240 4537 ego
3273 4469 3340 4523 ad
3370 4470 3520 4525 illum

1931 4554 2169 4622 respexi.
2217 4552 2310 4608 Ille
2358 4569 2445 4609 me
2480 4566 2811 4625 prosecutus
2840 4567 2924 4611 est
2964 4558 3380 4625 misericordia,
3421 4574 3523 4633 ego

220 4653 445 4715 ἐκεῖνός
480 4670 548 4723 με
579 4651 813 4720 ἠλέησεν
834 4689 849 4715 ,
892 4649 995 4702 ούκ
1028 4648 1141 4717 ἐγὼ
1191 4649 1357 4702 αὐτὸν
1405 4649 1650 4721 ἐζήτησα
1673 4666 1690 4683 ο
1728 4652 1819 4703 καὶ

1933 4644 2082 4697 illum
2114 4659 2221 4698 non
2264 4646 2512 4714 quaesivi.
2552 4645 2619 4700 Et
2650 4660 2718 4700 ex
2760 4647 2864 4702 hoc
2907 4656 3154 4719 tempore
3190 4650 3403 4705 beatam
3436 4666 3524 4708 me

220 4746 346 4802 sub
383 4743 482 4797 τοῦ
526 4741 622 4795 νῦν
677 4739 1012 4811 μακαριοῦσί
1064 4756 1132 4811 με
1178 4742 1349 4794 πᾶσαι
1394 4742 1452 4793 αἱ
1501 4742 1731 4810 γενεαί·
1764 4743 1827 4795 οὺ

212 4839 377 4910 μόνη
418 4833 700 4889 Ἐλισάϐετ
724 4873 741 4899 ,
775 4832 911 4887 ἀλλὰ
935 4833 1033 4885 καὶ
1066 4832 1126 4885 αἱ
1159 4832 1267 4887 τῶν
1300 4835 1708 4887 πιστευσάντων
1739 4851 1831 4903 γε-

220 4928 355 4983 νεαί
376 4944 391 4958 ⁸
420 4927 565 4981 διατί
594 4925 651 4979 δὲ
681 4918 1171 4995 μακαριοῢσινςτΑ
1185 4941 1254 4993 ρα
1279 4924 1368 4977 διὰ
1396 4924 1495 4996 τὴν
1535 4925 1827 4995 ὲμὴνὰρε-

218 5025 374 5094 τήν;
413 5019 551 5089 Ούχί
572 5036 587 5050 ο
627 5017 743 5072 ἀλλ’
782 5018 866 5070 ὅτι
897 5015 1122 5086 εποίησε
1151 5016 1269 5085 μετ’
1306 5016 1441 5087 ἐμοῦ
1484 5017 1751 5087 μεγαλεῖα
1797 5019 1826 5069 6

216 5115 394 5174 Θεὸς.
456 5109 693 5163 Δυνατδν
726 5107 783 5161 δὲ
812 5106 1097 5176 ὠνόμασεν
1126 5106 1311 5174 αὑτὸν,
1345 5107 1431 5159 ἵνα
1468 5106 1658 5177 μηδεὶς
1698 5108 1825 5160 ἀπι-

220 5206 416 5274 στήσῃ
450 5204 562 5263 τοῖς
590 5198 907 5269 λεγομένοις
930 5238 946 5263 ,
980 5198 1341 5267 λογισάμενος
1378 5199 1461 5251 ὅτι
1495 5201 1596 5251 οὐκ
1628 5198 1827 5252 ἀδύνα-

216 5297 325 5361 τός
362 5298 485 5349 ἐστι
510 5294 684 5348 ταῦτα
717 5294 941 5361 ποιῆσαι
965 5291 993 5343 6
1025 5292 1250 5364 Κύριος.
1282 5291 1477 5359 Ἀγιον
1505 5290 1561 5344 δὲ
1611 5286 1733 5343 εἷπε
1764 5291 1825 5344 τὸ

215 5388 412 5459 ὄνομα
466 5385 672 5448 αὐτοῦ,
714 5384 953 5456 δηλοῦσα
993 5385 1076 5437 ὅτι
1106 5385 1259 5436 οὐδὲν
1297 5382 1584 5454 μολύνεται
1626 5387 1684 5437 ὲν
1729 5400 1824 5453 γυσ

216 5480 428 5544 ναικὸς
461 5479 647 5549 μήτρᾳ
678 5475 1191 5547 συλλαμϐανόμενος
1218 5479 1244 5528 ὁ
1272 5474 1684 5546 καθαρώτατος,
1709 5477 1828 5531 ἀλλ’

216 5571 395 5639 ἅγιος
437 5570 610 5640 μένει.
649 5568 762 5620 Ούκ
791 5569 871 5631 εἰς
914 5569 1015 5636 ἐμὲ
1050 5567 1106 5619 δὲ
1149 5567 1318 5637 μόνην
1344 5568 1403 5620 τὸ
1441 5567 1590 5627 ἔλεος
1622 5568 1825 5635 αὑτοῦ,

216 5663 381 5718 ἀλλὰ
432 5663 528 5716 καὶ
566 5663 647 5724 είς
698 5663 907 5723 πάντας
946 5659 1076 5722 τοὺς
1119 5658 1491 5729 φοϐουμένους
1526 5660 1689 5712 αὐτόν
1720 5677 1735 5692 ο
1778 5661 1827 5713 oi

1930 4737 2114 4792 dicent
2165 4753 2357 4793 omnes
2401 4740 2786 4805 generationes
2832 4758 2845 4794 :
2895 4755 3001 4795 non
3052 4743 3171 4797 sola
3208 4741 3520 4811 Elisabeth,

1928 4828 2021 4883 sed
2049 4840 2104 4882 et
2125 4843 2311 4884 eorum
2337 4831 2619 4898 generatio
2642 4832 2738 4901 qui
2761 4832 3113 4887 crediderint.
3139 4832 3320 4901 Quare
3342 4842 3521 4890 autem

1930 4921 2145 4974 beatam
2188 4935 2278 4975 me
2319 4921 2543 4977 dicent?
2576 4921 2699 4977 Non
2739 4933 2960 4993 propter
3000 4940 3178 4980 meam
3221 4927 3478 4983 virtutem
3505 4969 3523 4994 ,

1934 5013 2027 5068 sed
2061 5014 2186 5082 quia
2218 5013 2346 5070 fecit
2378 5028 2588 5070 mecum
2615 5032 2811 5086 magna
2839 5018 2931 5087 qui
2965 5028 3159 5087 potens
3192 5028 3297 5074 est.
3327 5018 3527 5076 Poten-

1938 5113 2044 5159 tetn
2080 5116 2261 5159 autem
2298 5108 2544 5183 nominat
2597 5108 2798 5174 Deum,
2853 5116 2912 5163 ut
2955 5124 3024 5164 ne
3074 5111 3201 5179 quis
3253 5112 3527 5167 discredat

1936 5196 2025 5252 his
2058 5200 2182 5268 quae
2214 5212 2243 5251 a
2284 5213 2343 5253 se
2378 5199 2659 5265 dicuntur,
2692 5202 3047 5257 considerans
3076 5205 3220 5273 quod
3254 5205 3397 5259 Deus
3433 5204 3525 5261 illa

1934 5290 2119 5347 facere
2147 5302 2338 5360 potens
2361 5294 2456 5348 sit.
2478 5294 2655 5348 Porro
2690 5303 2939 5349 sanctum
2965 5311 3164 5352 nomen
3195 5296 3312 5365 ejus
3343 5308 3527 5363 vocat,

1935 5382 2223 5438 declarans
2257 5384 2398 5453 quod
2428 5399 2537 5437 non
2570 5385 2885 5453 inquinetur
2920 5386 3315 5443 mundissimus
3353 5386 3443 5442 ille
3472 5387 3528 5441 in

1934 5482 2093 5527 utero
2120 5482 2438 5543 conceptus,
2468 5476 2573 5529 sed
2616 5486 2837 5529 sanctus
2867 5485 3107 5531 maneat.
3141 5474 3330 5546 Neque
3354 5475 3409 5531 in
3441 5491 3530 5532 me

1938 5565 2052 5620 sola
2079 5574 2163 5621 est
2191 5566 2564 5621 misericordia
2589 5568 2740 5637 ejus,
2772 5568 2866 5623 sed
2898 5570 2952 5623 in
2985 5583 3179 5625 omnes
3208 5572 3297 5639 qui
3338 5570 3533 5625 timent

1940 5655 2111 5712 illum.
2164 5658 2266 5725 Qui
2307 5662 2452 5714 enim
2505 5675 2612 5715 non
2665 5662 2858 5716 timent
2900 5662 3113 5733 ipsum,
3164 5662 3260 5718 sed
3304 5664 3527 5718 omnino

216 5753 351 5825 γὰρ
382 5751 460 5823 μὴ
488 5750 820 5821 φούούμενοι
854 5751 1039 5819 αὑτὸν,
1076 5750 1216 5805 ἀλλὰ
1240 5751 1417 5820 πάντη
1456 5750 1688 5817 ἀνάξιοι,
1731 5752 1819 5804 οὐκ

1941 5742 2145 5821 indigni
2196 5761 2356 5820 sunt,
2411 5768 2515 5809 non
2552 5765 2922 5825 assequuntur
2968 5755 3419 5814 misericordiam.
3468 5751 3530 5809 In

310 5927 335 5962 ⁷
390 5924 615 6000 Μάκαι..
634 5943 719 5995 ιιι,
756 5927 843 5981 il.
