4028 6410
518 410 621 479 711

1438 393 2017 459 THEOPHYLACTI
2056 388 2474 452 BULGARi/E
2507 378 2862 446 ARCHIEP.

3691 368 3798 433 ’ἵίὲ

518 523 919 597 generationem
972 529 1148 576 autem
1204 524 1260 570 et
1295 514 1696 585 generationem
1747 511 1932 563 dicens
1979 523 2098 561 esse

2228 505 2522 557 ἱλεοῦνται.
2577 501 2672 561 Εἰς
2705 495 2896 565 γενεάν
2934 492 2988 546 δὲ
3035 492 3128 544 καὶ
3155 488 3349 558 γενεάν
3388 484 3621 538 εἰποῦσα
3655 481 3798 538 εἶναι

2308 596 2312 597 ,
2541 591 2564 597 -
2606 591 2632 597 Α
2709 589 2730 597 -
2865 586 2888 595 ιι-
3004 582 3112 597 ιδος
3352 579 3425 597 Ρκ.
3481 576 3571 597 ___\
3635 578 3688 597 ι.-
3731 577 3790 597 -S

521 614 952 672 misericordiam
1011 610 1140 676 Dei,
1200 607 1434 661 ostendit
1479 605 1620 673 quod
1668 599 2093 654 misericordiam

519 716 875 777 assequentur
920 713 975 757 et
1027 703 1078 754 in
1130 699 1385 769 praesenti
1430 697 1663 756 saeculo,
1697 703 1750 745 et
1790 693 1840 745 in
1880 691 2094 751 l‘ntnro,

521 813 712 868 nempe
742 807 968 853 aeterno.
992 793 1120 848 Nam
1155 794 1242 846 hic
1264 790 1572 858 centuplum
1599 786 1893 853 accipiunt,
1914 793 1968 836 et
1992 781 2100 835 illic

523 895 678 960 longe
701 890 950 958 amplius.
977 886 1207 940 Attende
1237 891 1411 937 autem
1437 880 1578 950 quod
1598 879 1828 948 primum
1853 873 2097 943 magniﬁ-

523 989 610 1036 cat
639 983 816 1036 anima
857 977 1163 1038 Dominum,
1196 979 1249 1025 et
1274 972 1465 1025 deinde
1494 970 1715 1038 spiritus
1736 963 1967 1018 exsultat
1999 980 2010 1014 :
2043 969 2101 1013 ut

523 1075 700 1128 simile
720 1070 846 1140 quid
870 1069 1070 1131 dicam,
1103 1065 1411 1135 magniﬁcat
1449 1059 1746 1126 Deum.qui
1766 1060 1924 1127 digne
1949 1056 2099 1124 juxta

531 1168 693 1220 Deum
729 1163 990 1217 ambulat.
1040 1160 1274 1214 Vocatus
1319 1172 1377 1211 es
1410 1155 1772 1214 Christianus,
1818 1164 1922 1202 non
1965 1157 2104 1201 atte-

525 1271 702 1310 nuans
725 1270 920 1308 nomen
941 1253 1320 1318 etdignitatem
1341 1246 1541 1302 Christi
1563 1243 1809 1298 faciendo
1831 1239 1972 1309 quod
1997 1253 2100 1292 non

523 1361 756 1418 oportet,
802 1348 895 1402 sed
949 1343 1298 1413 magniﬁcans
1343 1336 1619 1407 Operando
1654 1349 1879 1404 magna,
1937 1330 2102 1384 caele-

526 1445 738 1511 stiaque
770 1454 950 1507 opera.
982 1437 1047 1490 Et
1085 1444 1212 1488 tunc
1249 1434 1414 1486 etiam
1453 1430 1677 1499 spiritus
1707 1437 1827 1480 tuus
1863 1422 2105 1478 exsulta-

527 1537 638 1599 bit,
675 1536 774 1587 hoc
830 1540 946 1596 est,
981 1526 1260 1597 spirituale
1296 1525 1493 1577 donum
1543 1520 1682 1588 quod
1721 1516 1976 1585 accepisti
2013 1528 2106 1582 per

525 1626 735 1698 egregia
764 1639 923 1693 opera
954 1663 968 1686 ,
1000 1619 1299 1675 exsultabit
1328 1625 1381 1670 et
1427 1613 1693 1684 proﬁciet.
1737 1611 1801 1664 Et
1831 1625 1934 1662 non
1977 1622 2108 1661 con-

529 1721 804 1782 trahetur,
839 1723 925 1777 et,
982 1725 1038 1767 ut
1089 1714 1161 1766 ita
1213 1711 1426 1771 dicam,
1472 1703 1904 1760 tnortilicabitur.
1953 1698 2107 1753 Scias

527 1822 783 1878 praeterea
825 1809 992 1861 videri
1027 1805 1362 1873 Scripturam
1403 1797 1724 1866 simpliciter
1754 1795 1895 1847 idem
1924 1791 2106 1845 dicere

2200 598 2260 650 τὸ
2292 596 2442 656 ἔλεος
2477 591 2569 645 τοῦ
2598 589 2766 652 Θεοῦ,
2799 586 2955 641 τοῦτο
3001 582 3270 653 ἐδήλωσεν
3292 619 3308 642 ,
3350 579 3431 631 ὅτι
3480 576 3578 629 καὶ
3631 578 3688 627 ὲν
3727 577 3796 645 τῇ

2202 693 2296 745 νῦν
2363 690 2528 757 γειεᾷ
2580 685 2893 743 ἐλεοῦνται,
2929 677 3180 732 τουτέστι
3228 673 3308 743 τῷ
3340 672 3435 724 νῦν
3477 670 3670 723 αἰῶνι·
3705 668 3800 720 καὶ

2205 785 2264 835 ὲν
2313 784 2377 850 τῇ
2429 776 2698 848 μελλούσῃ
2737 773 2901 842 γενεᾷ
2926 812 2940 835 ,
2983 767 3061 838 τῷ
3103 766 3395 837 ἀπεράντῳ
3425 764 3568 830 λέγω
3595 760 3756 814 αίῶνι
3781 776 3797 791 ο

2205 873 2485 929 κάνταῦθα
2536 871 2644 938 γὰρ
2687 861 3228 920 ἑκατονταπλασίονα
3277 857 3651 928 λαμϐάνουσι,
3690 854 3797 906 κὰ-

2205 970 2353 1019 κεῖσε
2389 960 2570 1031 πολλῷ
2616 959 2857 1012 πλείονα.
2897 955 3139 1025 Πρόσχες
3169 951 3225 1002 δὲ
3269 951 3349 1003 ὅτι
3382 949 3650 1017 πρότερον
3698 961 3801 1014 με-

2207 1059 2428 1128 γαλύνει
2462 1059 2493 1126 ἡ
2541 1054 2689 1124 ψυχὴ
2720 1052 2811 1103 τὸν
2839 1050 3077 1113 Κύριον,
3123 1042 3243 1097 εἶτα
3275 1044 3335 1095 τὸ
3379 1040 3599 1109 πνεῦμα
3630 1038 3804 1104 ἀγαλ-

2205 1152 2386 1204 λιᾶται
2411 1164 2423 1176 ·
2464 1142 2575 1197 οἶόν
2640 1161 2691 1196 τι
2724 1141 2867 1208 λέγω
2898 1160 2906 1166 ·
2940 1135 3248 1202 Μεγαλύνει
3285 1133 3373 1184 τὸν
3406 1131 3540 1182 Θεὸν
3577 1132 3605 1181 ὁ
3633 1129 3803 1192 ἀξίως

2206 1240 2300 1293 τοῦ
2347 1236 2479 1288 Θεοῦ
2543 1233 2928 1302 πορευόμενος.
3011 1223 3339 1294 Χριστιανὸς
3397 1221 3670 1288 ἐκλήθης,
3729 1218 3807 1286 μὴ

2210 1331 2516 1402 σμικρύνῃς
2565 1327 2625 1378 τὸ
2675 1325 2896 1392 ἀξίωμα
2934 1319 3027 1372 τοῦ
3079 1316 3319 1387 Χριστοῦ
3363 1316 3455 1364 καὶ
3487 1314 3546 1364 τὸ
3596 1313 3807 1378 ὄνομα,

2209 1425 2296 1477 διὰ
2342 1422 2436 1475 τοῦ
2496 1419 2759 1489 πράττειν
2808 1415 2875 1466 τὰ
2930 1415 3004 1481 μὴ
3054 1411 3269 1469 δέοντα,
3318 1407 3454 1459 ἀλλά
3498 1403 3808 1473 μεγάλυνον

2211 1518 2374 1578 αὐτὸ,
2422 1513 2664 1584 μεγάλας
2714 1509 2810 1562 καὶ
2835 1504 3122 1576 οὐρανίους
3164 1501 3392 1567 πράξεις
3441 1497 3614 1549 τελῶν
3647 1513 3658 1524 ο
3710 1495 3811 1545 καὶ

2209 1609 2332 1663 τότε
2365 1607 2461 1658 xai.
2484 1605 2544 1656 τὸ
2579 1601 2799 1671 πνεῦμά
2833 1616 2925 1651 σου
2963 1594 3384 1664 ἁγαλλιάσεται,
3447 1591 3696 1640 τουτέστι
3748 1584 3810 1635 τὸ

2212 1698 2586 1770 πνευματικὸν
2636 1699 2918 1765 χάρισμα,
2962 1690 2989 1742 ὃ
3030 1689 3218 1750 ἔλαϐες
3264 1686 3351 1738 διὰ
3386 1685 3493 1735 τῶν
3547 1681 3811 1750 μεγάλων

2214 1793 2500 1863 πράξεων,
2539 1789 2827 1858 σκιρτήσει
2873 1785 2966 1836 καὶ
3002 1781 3303 1853 προκόψει’
3349 1777 3463 1829 ἀλλ’
3503 1777 3564 1826 οὗ
3606 1789 3812 1824 συστα‹

529 1900 776 1966 Spiritum
825 1911 876 1951 et
912 1894 1226 1958 animam“,
1269 1891 1487 1961 proprie
1522 1900 1701 1941 tamen
1745 1884 1944 1939 differt.
1974 1881 2106 1933 Ani-

2228 1888 2431 1956 .ήσεται
2475 1885 2606 1948 καὶ,
2659 1877 2771 1932 οἷον
2815 1879 3018 1939 εἰπεῖν,
3073 1873 3504 1944 νεκρωθήσεται.
3565 1867 3810 1919 Γίνωσκε

530 1992 722 2043 malem
769 1988 913 2042 enim
959 1986 1122 2055 280
1163 1985 1431 2038 hominem
1483 1981 1613 2032 dicit
1645 1993 1767 2032 eum
1823 1977 1911 2044 qui
1949 1973 2105 2042 ju'xta

531 2093 777 2135 naturam
807 2081 971 2142 vivit,
1005 2087 1059 2131 et
1103 2075 1352 2129 humanis
1397 2072 1697 2126 rationibus
1728 2069 1935 2136 regitur
1960 2105 1975 2129 ,
2029 2063 2107 2118 si-

529 2175 744 2244 quando
775 2172 1023 2226 esuriens
1055 2167 1345 2230 comedat,
1392 2165 1515 2219 odio
1550 2163 1746 2216 habeat
1789 2159 2068 2213 inimicum
2093 2194 2108 2219 ,

527 2278 581 2318 et
613 2266 664 2317 in
689 2277 922 2327 summa,
954 2263 997 2316 si
1033 2260 1163 2314 nihil
1192 2274 1352 2326 supra
1379 2257 1650 2311 hominem
1681 2263 1960 2323 appareat.
1987 2250 2110 2325 Spi-

532 2358 776 2411 ritualem
806 2371 955 2421 vero,
993 2354 1083 2424 qui
1110 2351 1450 2407 transcendit
1475 2349 1620 2417 leges
1649 2358 1878 2414 naturae,
1913 2355 1966 2400 et
2003 2359 2108 2398 non

532 2450 769 2502 humano
803 2462 952 2502 more
996 2446 1157 2513 sapit.
1203 2443 1266 2496 Et
1315 2444 1427 2497 haec
1459 2451 1540 2495 est
1575 2439 1876 2494 diﬂ'erentia
1916 2438 2112 2491 anima:

537 2551 590 2594 et
622 2540 846 2607 spiritus
878 2538 930 2590 in
965 2536 1266 2604 Scriptura.
1303 2534 1492 2587 Medici
1532 2531 1757 2586 forsitan
1814 2528 1927 2583 haec
1957 2527 2115 2580 aliter

533 2630 888 2692 discernunt,
925 2627 1019 2681 sed
1055 2626 1212 2680 nobis
1258 2623 1538 2694 Scriptura
1579 2619 1730 2676 cordi
1769 2627 1847 2673 est
1871 2656 1886 2684 ,
1919 2615 2115 2673 medici

535 2737 664 2776 vero
697 2721 936 2775 valeant.

609 2982 775 3038 Vens.
809 2979 999 3035 51-56.
1046 2999 1064 3030 ι
1104 2976 1256 3032 Fecit
1297 2983 1466 3030 robur
1512 2973 1568 3027 in
1603 2970 1827 3027 brachio
1869 2983 2004 3033 suo,
2035 2967 2118 3022 di-

541 3078 738 3145 spersit
758 3074 1020 3141 superbos
1038 3069 1368 3139 cegitatione
1387 3066 1570 3122 cordis
1593 3066 1854 3133 ipsorum.
1875 3060 2120 3115 Detraxit

544 3181 787 3240 potentes
811 3173 875 3224 de
905 3169 1146 3230 sedibus,
1166 3176 1221 3219 et
1241 3165 1499 3219 exaltavit
1525 3161 1778 3217 humiles.
1808 3155 2119 3211 Esnrientes

543 3263 785 3331 implevit
824 3263 1015 3322 bonis,
1049 3271 1104 3314 et
1145 3258 1340 3312 divites
1380 3255 1584 3311 dimisit
1619 3255 1828 3308 inanes.
1872 3250 2124 3316 Suscepit

543 3355 707 3410 Israel
742 3368 968 3423 pnermn
1001 3367 1177 3414 suum,
1207 3359 1266 3403 ut
1301 3362 1507 3404 memor
1536 3356 1679 3400 esset
1709 3341 2122 3398 misericordia

548 3448 702 3504 Sicut
733 3448 945 3501 locutus
987 3453 1068 3498 est
1099 3443 1163 3496 ad
1193 3452 1375 3511 patres
1417 3449 1631 3495 nostros
1653 3478 1667 3501 .
1723 3435 2032 3498 Abraham,
2073 3443 2127 3486 et

547 3540 738 3595 semini
773 3538 919 3607 ejus,
964 3539 1014 3590 in
1052 3536 1326 3590 smculum.
1355 3533 1548 3586 Mansit
1581 3539 1762 3584 autem
1803 3527 1971 3581 Maria
2003 3539 2123 3580 cum

549 3631 637 3685 illa
695 3631 967 3685 mensilms
995 3626 1214 3682 circiter
1249 3626 1440 3688 tribus,
1472 3635 1526 3678 et
1569 3637 1785 3676 reversa
1820 3630 1902 3675 est
1943 3620 1994 3672 in
2026 3621 2116 3672 do-

550 3739 696 3777 mum
727 3736 902 3776 suam.
944 3739 962 3771 ι
994 3719 1283 3773 Brachium
1320 3715 1522 3786 patris,
1559 3713 1746 3767 Filius.
1779 3710 1929 3765 Fecit
1964 3710 2127 3779 igitur

552 3816 715 3869 robur
758 3823 811 3866 et
854 3813 1105 3865 virtutem
1162 3825 1225 3864 ac
1282 3808 1580 3878 potentiam
1632 3816 1822 3860 contra
1879 3811 2126 3855 naturam

553 3904 696 3958 Deus
717 3911 769 3957 et
793 3901 949 3955 Pater
973 3901 1024 3952 in
1038 3900 1175 3954 Filio
1196 3914 1311 3954 suo.
1334 3898 1616 3953 lncarnato
1642 3897 1784 3951 enim
1817 3895 1973 3958 Filio,
1991 3895 2127 3947 victa

554 4005 637 4049 est
667 4004 857 4047 natura
886 4031 898 4055 ,
940 3992 1159 4061 Virgine
1189 3991 1467 4059 pariente,
1513 3987 1624 4042 Deo
1658 3988 1875 4045 homine
1919 3985 2061 4040 facto
2113 4004 2126 4038 :

554 4087 772 4142 hemine
804 4100 931 4140 vero
961 4085 1231 4138 deiﬁcato.
1264 4084 1327 4136 Et
1358 4083 1611 4152 dispersit
1646 4080 1901 4136 Dominus
1931 4092 2126 4147 super-

557 4180 653 4233 bos
703 4180 1005 4240 daemones,
1052 4176 1242 4244 ejectis
1276 4175 1382 4230 illis
1421 4190 1489 4229 ex
1528 4173 1778 4227 humanis
1808 4170 2088 4225 animabus
2114 4209 2128 4234 ,

557 4279 610 4322 et
648 4268 771 4322 aliis
817 4268 1030 4336 quidem
1079 4268 1133 4319 in
1175 4267 1427 4335 abyssum
1463 4266 1675 4326 missis,
1713 4263 1832 4317 aliis
1865 4271 2042 4323 autem
2078 4262 2130 4314 in

559 4376 771 4429 porcos.
821 4359 1027 4413 Poterit
1072 4369 1253 4411 autem
1285 4367 1338 4412 et
1369 4359 1434 4412 de
1466 4354 1665 4410 Iudaeis
1707 4355 1964 4424 intelligi,
1999 4367 2133 4423 quos

562 4455 816 4524 dispersit
867 4455 919 4507 in
962 4467 1175 4507 omnem
1216 4452 1489 4520 regionem
1542 4467 1556 4504 ι
1608 4458 1661 4504 et
1709 4464 1855 4504 nunc
1901 4447 2134 4517 dispersi

2208 1978 2271 2030 δὲ
2303 1979 2386 2030 ὅτι
2441 1977 2472 2045 ἡ
2512 1973 2706 2043 Γραφὴ
2785 1969 2968 2030 ἀπλῶς
3021 1967 3118 2036 μὲν
3165 1968 3224 2017 τὸ
3276 1963 3408 2016 αὐτὸ
3444 1961 3589 2012 δοκεῖ
3625 1959 3812 2024 λέγειν

2214 2069 2436 2138 πνεῦμα
2476 2067 2569 2118 καὶ
2598 2064 2777 2133 ψυχὴν
2801 2103 2813 2126 ,
2852 2059 3054 2129 κυρίως
3087 2057 3141 2109 δὲ
3183 2053 3522 2106 διαστέλλει’
3576 2048 3814 2118 ψυχικὸν

2220 2162 2320 2231 μὲν
2349 2160 2456 2228 γὰρ
2491 2156 2780 2225 ἄνθρωπον
2811 2151 2959 2218 λέγει
2985 2149 3077 2202 τὸν
3115 2147 3256 2200 κατὰ
3288 2145 3450 2213 φύσιν
3484 2141 3686 2206 ζῶντα,
3719 2138 3816 2192 καὶ

2216 2253 2577 2324 ἀνθρωπίνοις
2657 2247 2938 2314 λογισμοῖς
3011 2240 3421 2310 διοικούμενον,
3495 2231 3606 2287 οἷον
3679 2233 3812 2284 ὅταν

2217 2347 2377 2412 πεινᾷ
2397 2385 2410 2409 ,
2443 2341 2695 2394 ἐσθίοντα
2721 2379 2736 2403 ,
2764 2336 2857 2390 τὸν
2885 2333 3080 2404 ἐχθρὸν
3126 2329 3389 2402 μισοῦντα
3412 2369 3426 2392 ,
3457 2328 3551 2378 καὶ
3585 2323 3777 2383 ἁπλῶς
3799 2361 3814 2388 ,

2221 2439 2384 2509 μηδὲν
2413 2435 2554 2504 ὑπὲρ
2603 2433 2764 2502 φύσιν
2815 2427 3223 2499 φανταζόμενον
3247 2441 3259 2454 ο
3309 2420 3683 2491 πνευματικὸν
3715 2420 3772 2470 δὲ
3799 2458 3816 2481 ,

2215 2532 2306 2585 τὸν
2351 2527 2777 2598 ύπεραναϐάντα
2816 2524 2943 2585 τοὺς
2995 2521 3093 2589 τῆς
3148 2519 3364 2587 φύσεως
3421 2517 3657 2584 νόμους,
3717 2513 3817 2563 καὶ

2223 2622 2392 2693 μηδὲν
2446 2617 2785 2689 ἀνθρώπινον
2844 2615 3184 2686 φρονοῦντα·
3241 2611 3334 2664 καὶ
3392 2608 3533 2676 αὕτη
3578 2606 3731 2660 ἐστὶν
3781 2605 3816 2672 ἡ

2219 2714 2454 2784 διαφορά
2487 2713 2667 2782 ψυχῆς
2715 2712 2807 2761 καὶ
2857 2705 3167 2776 πνεύματος
3202 2703 3256 2754 ὲν
3289 2704 3354 2770 τῇ
3408 2701 3603 2770 Γραφῇ
3627 2713 3640 2725 ·
3672 2696 3821 2765 τάχα

2219 2809 2277 2862 δὲ
2311 2806 2486 2877 ἰατροὶ
2530 2804 2704 2863 άλλως
2737 2799 2910 2854 ταῦτα
2945 2795 3314 2866 διακρίνουσιν
3335 2808 3349 2823 ·
3375 2791 3490 2846 ἀλλ“
3524 2791 3658 2860 ἡμῖν
3714 2788 3818 2856 τῆς

2222 2899 2449 2970 Γραφῆς
2483 2896 2670 2965 μέλει·
2713 2893 2887 2961 ἰατροὶ
2923 2891 2980 2943 δὲ
3019 2888 3451 2958 φθειρέσθωσαν.

2298 3009 2315 3040 ι
2373 2987 2630 3054 Ἐποίησε
2680 2984 2880 3054 κράτος
2914 2984 2973 3034 ὲν
3019 2980 3263 3052 βραχίονι
3312 2975 3514 3029 αὐτοῦ’
3563 2970 3819 3039 διεσκόρ⁴

2222 3095 2383 3131 πισεν
2412 3076 2801 3146 ὑπερηφάνους
2829 3073 3039 3141 διανοίᾳ
3066 3068 3298 3139 καρδίας
3327 3065 3508 3119 αὐτῶν
3538 3081 3551 3094 ·
3593 3062 3820 3117 καθεῖλε

2222 3173 2490 3233 δυνάστας
2527 3170 2635 3221 ἀπὸ
2685 3168 2892 3238 θρόνων
2917 3207 2931 3231 ,
2977 3166 3070 3217 καὶ
3113 3162 3298 3231 ῦψωσε
3329 3158 3657 3220 ταπεινούς·
3695 3172 3820 3206 πειο

2229 3265 2437 3325 νῶντας
2492 3261 2789 3329 ἐνέπλησεν
2841 3255 3101 3325 ἀγαθῶν,
3154 3254 3248 3306 καὶ
3317 3249 3685 3310 πλουτοῦντας
3735 3245 3825 3308 ἐξ·

2231 3355 2518 3412 απέστειλε
2550 3352 2741 3415 κενούς
2767 3365 2780 3380 ⁸
2803 3349 3128 3404 ἀντελάϐετο
3159 3345 3378 3416 Ἰσραὴλ
3407 3343 3601 3405 παιίὸς
3625 3340 3823 3405 αὑτοῦ,

2237 3447 2545 3519 μνησθῆναι
2599 3443 2823 3505 ἐλέους,
2875 3438 3059 3502 καθὼς
3113 3436 3343 3507 ὲλάλησε
3379 3435 3514 3506 πρὸς
3557 3436 3684 3496 τοὺς
3719 3449 3828 3484 πα-

2228 3542 2395 3609 τέρας
2438 3536 2596 3607 ὴμῶν
2629 3534 2706 3605 τῷ
2750 3532 3004 3602 Ἀϐραὰμ
3042 3532 3137 3584 καὶ
3166 3529 3243 3600 τῷ
3286 3529 3568 3597 σπέρματι
3613 3526 3781 3578 αὐτοῦ
3807 3564 3822 3588 ,

2231 3636 2334 3695 είς-
2366 3631 2457 3684 τὸν
2509 3629 2704 3683 αἰῶνα.
2733 3629 2955 3696 Ἐμεινε
3007 3625 3063 3678 δὲ
3100 3623 3336 3693 Μαριὰμ
3381 3623 3478 3673 σὺν
3513 3619 3652 3688 αὐτῇ
3688 3618 3828 3670 ὡσεὶ

2237 3728 2412 3796 μῆνας
2438 3726 2611 3796 τρεῖς.
2643 3722 2747 3775 Καὶ
2779 3720 3121 3791 ὑπέστρεψεν
3157 3721 3235 3779 είς
3262 3717 3351 3770 τὸν
3376 3711 3525 3768 οἷκον
3560 3715 3754 3784 αὐτῆς,
3798 3733 3819 3766 ι

2232 3819 2483 3889 Βραχίων
2518 3815 2612 3868 τοῦ
2645 3815 2879 3884 Πατρδς,
2910 3814 2937 3866 ὁ
2963 3812 3111 3876 Υἱός.
3165 3811 3454 3877 Ἐποίησεν
3490 3803 3583 3860 οὖν
3622 3808 3828 3877 κράτος

2234 3913 2328 3965 καὶ
2377 3911 2606 3978 δύναμιν
2644 3907 2791 3960 κατά
2838 3905 2937 3975 τῆς
2972 3904 3191 3973 φύσεως
3256 3903 3284 3952 ὁ
3327 3901 3460 3962 Θεὸς
3499 3901 3595 3953 καὶ
3631 3899 3832 3969 Πατὴρ

2234 4007 2292 4057 ὲν
2323 4002 2399 4072 τῷ
2425 4001 2538 4070 Υίῷ
2592 3999 2780 4054 αὐτοῦ.
2830 3995 3213 4066 Σαρκωθέντος
3267 3993 3374 4061 γάρ
3409 3991 3506 4044 τοῦ
3542 3991 3675 4044 Υίοῦ
3697 4033 3712 4057 ,
3744 3993 3834 4043 ὲν-

2235 4094 2417 4166 ηκὴθη
2450 4095 2482 4164 ὴ
2519 4091 2708 4162 φύσις,
2740 4088 3012 4159 παρθένου
3039 4085 3337 4156 τεκούσης,
3373 4084 3508 4138 Θεοῦ
3542 4083 3836 4153 ἀνθρωπι-

2239 4186 2480 4248 σθέντος,
2531 4181 2822 4251 ἀνθρώπου
2877 4178 3208 4241 θεωθέντοςο
3249 4175 3347 4230 καὶ
3387 4175 3774 4244 διεσκόρπισεν
3809 4177 3839 4227 ὁ

2236 4279 2442 4350 Κύριος
2472 4277 2597 4339 τοὺς
2628 4273 3015 4343 ὑπερηφάνους
3042 4271 3324 4340 δαίμονας,
3350 4266 3598 4320 ἐκϐαλὼν
3628 4268 3838 4329 αὐτοὺς

2237 4371 2345 4426 ἀπὸ
2390 4369 2496 4421 τῶν
2533 4366 2889 4437 ἀνθρωπίνων
2934 4361 3159 4433 ψυχῶνο
3195 4361 3292 4412 καὶ
3336 4358 3428 4422 οὒς
3467 4359 3568 4428 μὲν
3624 4359 3707 4421 εἰς
3731 4357 3837 4427 τὴν

2240 4465 2475 4521 ἄϐυσσον
2507 4460 2754 4531 πέμψας,
2792 4456 2884 4518 οὒς
2914 4456 2971 4509 δὲ
3027 4454 3108 4516 είς
3137 4451 3263 4516 τοὺς
3305 4451 3542 4522 χοίρους.
3594 4449 3834 4503 Δύναται

562 4559 706 4602 sunt.
757 4547 926 4601 Porro
983 4546 1215 4601 detraxit
1268 4547 1431 4601 etiam
1475 4553 1724 4616 potentes
1767 4544 1834 4598 de
1880 4542 2120 4598 sedibus.

2240 4560 2297 4612 δὲ
2329 4559 2420 4612 καὶ
2459 4553 2722 4625 περὶτῶν
2768 4547 3038 4602 Ἰουδαίων
3078 4545 3357 4615 νοηθῆναι,
3386 4542 3481 4606 οὒς
3515 4543 3840 4613 διεσκόρπι-

563 4641 832 4694 daemones
861 4639 982 4694 dico
1005 4677 1020 4703 ,
1057 4640 1147 4707 qui
1187 4648 1374 4692 contra
1416 4638 1665 4691 homines
1699 4636 2094 4705 praevaluerant
2119 4674 2134 4702 ,

567 4743 621 4786 et
657 4736 809 4787 sedes
848 4733 901 4785 in
957 4730 1214 4784 humanis
1260 4729 1530 4784 habebant
1565 4728 1910 4796 pectoribus,
1945 4728 1997 4780 in
2033 4727 2140 4782 illis

573 4827 997 4893 requiescentes.
1032 4821 1170 4877 Sunt
1196 4830 1252 4875 et
1284 4819 1543 4874 Pharisaei
1577 4829 1844 4888 potentes,
1883 4820 2140 4874 nimirum

572 4930 632 4969 ea
687 4930 803 4982 quae
837 4928 1175 4982 pauperum,
1213 4912 1564 4982 diripientes,
1621 4920 1675 4965 et
1725 4910 2011 4965 cathedras
2047 4911 2144 4964 ha-

572 5008 702 5062 bent
741 5018 798 5061 ut
829 5009 1111 5070 doctores,
1151 5021 1179 5059 a
1215 5006 1411 5075 quibus
1442 5005 1671 5074 depositi
1703 5013 1851 5057 sunt.
1890 5003 1957 5056 Et
1995 5002 2146 5058 exal-

576 5107 705 5152 tavit
736 5100 986 5164 humiles,
1030 5098 1272 5153 homines
1305 5113 1441 5166 quos
1485 5096 1798 5151 humiliarat
1826 5105 2104 5164 peccatum
2128 5133 2144 5158 ,

577 5191 658 5243 vel
693 5201 898 5259 gentes.
945 5192 1211 5244 Exaltavit
1237 5201 1414 5244 autem
1455 5188 1721 5259 adoptatis
1755 5187 1858 5242 illis
1890 5187 1941 5241 in
1987 5187 2143 5243 ﬁlios.

581 5279 743 5349 Igitur
783 5283 924 5336 sicut
953 5292 1006 5336 et
1053 5285 1359 5338 esurientes
1387 5282 1568 5336 dicere
1608 5281 1731 5335 licet
1763 5283 1979 5337 eosdem
2013 5297 2146 5351 gen-

580 5375 730 5441 tiles,
781 5384 969 5442 utpote
1001 5393 1102 5430 non
1142 5377 1402 5431 habentes
1441 5374 1522 5428 vel
1568 5374 1907 5444 Scripturas,
1954 5375 2037 5429 vel
2072 5374 2148 5428 le-

579 5480 718 5537 gem,
766 5467 850 5522 vel
883 5469 1154 5533 mandata,
1192 5483 1324 5538 quos
1371 5467 1611 5536 implevit
1644 5467 1798 5521 bonis
1842 5466 2152 5536 Scriptura-

583 5573 700 5612 runt
737 5576 748 5611 :
796 5560 864 5612 ita
898 5570 953 5613 et
992 5558 1204 5615 Judaaos
1237 5562 1428 5615 divites
1471 5567 1524 5614 et
1555 5559 1608 5613 in
1640 5559 1770 5629 lege,
1819 5575 1882 5613 ac
1914 5559 1965 5612 in
2003 5574 2152 5612 man-

582 5649 742 5716 datis,
769 5666 903 5720 quos
931 5654 1093 5708 etiam
1121 5653 1300 5710 emisit
1323 5663 1478 5708 extra
1505 5661 1772 5707 terrenam
1797 5659 1850 5706 et
1873 5651 2150 5707 caelestem

656 5828 676 5859 ⁸
713 5829 730 5882 l
781 5828 911 5886 Cor.
947 5847 1011 5897 tt,
1053 5831 1139 5885 15.

2245 4669 2336 4705 σεν
2366 4652 2444 4714 εἰς
2490 4649 2670 4701 πᾶσαν
2711 4645 2930 4715 χώραν,
2967 4642 3062 4695 καὶ
3101 4639 3198 4692 νῦν
3236 4639 3633 4708 διεσπαρμένοι
3673 4637 3782 4690 εἰσί
3814 4653 3829 4666 ’

2243 4741 2462 4796 καθεῖλε
2497 4740 2554 4791 δὲ
2588 4737 2681 4791 καὶ
2709 4735 2976 4795 δυνάστας
3006 4731 3117 4785 ἀπὸ
3147 4729 3381 4801 θρόνωνς,
3410 4730 3536 4790 τοὺς
3569 4728 3838 4800 δαίμονας

2244 4835 2389 4901 λέγω
2412 4872 2424 4895 ,
2482 4831 2532 4883 οἳ
2563 4826 3028 4883 κατεδυνάστευον
3053 4823 3163 4877 τῶν
3198 4823 3502 4893 ἀνθρώπων
3523 4864 3537 4887 ,
3573 4825 3671 4877 καὶ
3710 4823 3841 4893 θρό-

2249 4941 2373 4987 νους
2408 4921 2554 4993 εἶχον
2593 4921 2694 4984 τὰς
2737 4917 3086 4986 ἀνθρωπίνας
3127 4916 3335 4988 ψυχὰς,
3378 4917 3434 4968 ὲν
3476 4917 3671 4978 αὐταῖς
3703 4918 3842 4968 ἁνα-

2254 5017 2552 5086 παυὸμενοι
2578 5030 2589 5042 '
2625 5012 2757 5066 ἀλλά
2781 5012 2878 5064 καὶ
2907 5011 2955 5062 oi
2980 5012 3266 5080 Φαρισαῖοι
3324 5007 3627 5070 δυνάσται,“,
3655 5009 3732 5070 ὡς
3766 5007 3842 5059 τὰ

2250 5111 2357 5163 τῶν
2388 5107 2618 5175 πτωχῶν
2652 5103 3125 5175 καθαρπάζοντες,
3161 5101 3383 5171 θρόνους
3409 5100 3463 5150 δὲ
3494 5099 3732 5167 ἔχοντες,
3760 5098 3841 5160 ὡς

2255 5199 2602 5262 διδάσκαλοι,
2656 5198 2748 5265 ἀφ’
2787 5191 2860 5248 ὧν
2911 5193 3298 5268 καθῃρέθησαν
3327 5211 3338 5222 ·
3377 5190 3472 5243 καὶ
3505 5190 3694 5260 ῦψωσε
3740 5207 3842 5244 τα-

2257 5289 2478 5351 πεινοὺς
2539 5288 2664 5349 τοὺς
2696 5285 3043 5354 ἀνθρώπους,
3075 5283 3168 5346 οὓς
3199 5280 3561 5335 ἐταπείνωσεν
3593 5283 3626 5350 ἡ
3663 5282 3850 5350 ἀμαρ-

2250 5383 2359 5446 τία,
2388 5381 2420 5450 ἢ
2452 5380 2518 5432 τὰ
2544 5380 2674 5447 ἔθνη
2695 5393 2709 5407 ·
2743 5378 2926 5446 ὓψωσε
2945 5378 3054 5446 γάρ
3072 5375 3267 5440 ταῦτα,
3300 5374 3571 5426 υἱοθεσίαν
3607 5373 3844 5443 χαρισά-

2257 5489 2412 5542 μενος
2437 5471 2641 5532 αὑτοῖς.
2670 5471 2883 5537 Ὥσπερ
2908 5469 2998 5522 οῦν
3023 5469 3117 5522 καὶ⁵
3145 5467 3443 5527 πεινῶντας
3462 5468 3591 5527 τοὺς
3616 5467 3840 5526 αὐτοὺς,

2253 5564 2379 5624 τοὺς
2404 5563 2463 5625 ἐξ
2487 5562 2658 5615 ἐθνῶν
2683 5563 2844 5629 λέγω
2869 5562 2929 5614 οὐ
2949 5562 3057 5631 γὰρ
3075 5558 3221 5631 εῖχον
3253 5559 3497 5628 Γραφὰς,
3528 5559 3562 5627 ἦ
3583 5559 3774 5627 νόμον,
3812 5559 3845 5626 ἢ

2253 5651 2474 5716 ἐντολάς
2495 5665 2509 5680 ⁶
2535 5653 2831 5722 ἐνέπλησεν
2877 5650 3100 5718 ἀγαθῶν
3136 5651 3243 5704 τῶν
3285 5647 3602 5719 Γραφικῶν,
3632 5649 3758 5711 τοὺς
3790 5647 3847 5697 ἑὲ
