4028 6410
553 440 662 508 Ἱ15

1470 421 2055 487 THEOPHYLACTI
2089 416 2494 482 BULGMIUE
2523 410 2874 474 ABCHIEP.

3704 394 3808 459 716

557 553 819 621 matrique
872 562 979 602 suae
1014 540 1438 601 communicavit
1479 539 1678 594 donum
1719 536 2117 607 propheticum.

2225 530 2451 598 ὲλάλησε
2512 526 2637 595 περὶ
2671 525 2763 576 τοὺ
2799 521 3096 589 ὀνόματος,
3138 516 3220 570 ὅτι
3285 515 3539 584 Ἰωάννης
3579 511 3696 564 ἐστὶ
3748 510 3810 562 τὸ

555 647 722 701 Porro
768 637 1053 693 zacharias
1082 648 1202 688 cum
1228 648 1343 697 non
1391 640 1572 700 posset
1607 638 1740 683 nutu
1780 624 2124 682 manifestare

558 753 776 803 nomen,
820 736 950 803 petit
985 730 1230 786 tabellas.
1263 726 1328 782 Et
1371 725 1494 794 quia
1526 721 1851 792 astipulatus
1882 728 1965 774 est
1997 732 2124 772 sen-

556 832 733 888 tentia:
761 829 943 884 uxoris
972 828 1027 879 in
1055 823 1270 877 nomine
1296 817 1471 889 pueri,
1496 816 1881 884 obstupescunt
1903 826 2120 865 omnes:

557 940 658 983 non
695 922 839 976 enim
888 926 1002 973 erat
1033 915 1085 969 in
1128 910 1445 981 cognatione
1487 922 1674 963 eorum
1705 905 1970 974 quispiam
2011 902 2126 970 ejus

556 1012 811 1076 nominis,
848 1020 906 1065 ut
928 1007 1048 1077 quis
1070 1005 1252 1060 dicere
1279 1001 1447 1072 possit
1484 999 1626 1068 quod
1659 1005 1784 1051 ante
1817 1006 2026 1064 tempus
2056 992 2124 1046 de

555 1110 655 1162 hoc
695 1105 853 1160 ambo
895 1099 1200 1154 tractarint.
1244 1094 1479 1149 Joannes
1513 1089 1664 1159 juxta
1720 1084 2122 1157 interpretatio.

553 1215 672 1254 nem
702 1205 803 1261 est,
837 1193 934 1248 Dei
974 1191 1145 1263 gratia
1174 1207 1188 1244 :
1236 1186 1462 1258 proinde
1486 1191 1547 1239 et
1581 1189 1734 1253 pater
1761 1179 1902 1234 illius
1941 1176 2120 1234 statim

553 1299 830 1345 assecutus
865 1285 1090 1356 gratiam
1112 1322 1125 1349 ,
1180 1280 1415 1351 primum
1450 1279 1516 1333 de
1550 1275 1790 1338 Christo,
1833 1271 2028 1326 deinde
2060 1269 2125 1324 de

553 1392 720 1447 puero
745 1373 1101 1446 prophetizat.

625 1641 784 1697 Vsus.
817 1639 1014 1695 63-75.
1059 1657 1076 1688 ι
1120 1636 1182 1690 Et
1229 1635 1404 1690 factus
1431 1647 1512 1687 εει
1553 1632 1712 1685 timor
1745 1642 1907 1698 super
1937 1639 2126 1683 omnes

551 1736 755 1789 vicinos
781 1747 997 1796 eorum,
1031 1739 1087 1786 et
1122 1727 1172 1782 in
1221 1736 1330 1782 tota
1365 1734 1621 1778 montana
1669 1721 1888 1792 regione
1931 1717 2128 1775 Iudaeae

552 1822 964 1891 divulgabantur
984 1818 1162 1874 omnia
1192 1817 1355 1873 verba
1382 1817 1516 1879 hzec,
1538 1824 1592 1868 et
1614 1820 1910 1884 posuerunt
1932 1823 2119 1865 omnes

2226 622 2395 692 ὄνομα
2429 617 2592 673 αὑτοῦ
2626 635 2637 647 ⁸
2688 616 2824 684 τάχα
2853 613 2909 666 δὲ
2940 611 3034 664 καὶ
3062 611 3087 662 ὁ
3129 610 3382 678 Ἰωάννης
3430 605 3590 666 αὐτὸς
3627 601 3810 670 ἑαυτῷ

2226 714 2520 786 περιέθηκε
2554 711 2613 762 τὸ
2637 710 2804 778 ὄνομα
2831 722 2842 736 ’
2881 709 2945 774 τῇ
2980 705 3088 775 γὰρ
3134 701 3300 772 μητρὶ
3338 698 3497 760 αὐτὸς
3531 695 3810 767 μετέδωκε

2227 807 2317 861 τοῦ
2363 799 2701 875 προφητικοῦ
2778 794 3152 868 χαρίσματος(
3187 795 3285 845 Διὰ
3333 791 3602 859 νεύματος
3634 788 3689 840 δὲ
3735 788 3810 854 μὴ

2225 897 2520 966 δυνάμενος
2579 892 2608 942 6
2661 889 2935 960 Ζαχαρίας
3012 884 3252 955 δηλῶσαι
3309 881 3370 934 τὸ
3419 880 3619 946 ὄνομα,
3670 877 3816 928 αἰτεῖ

2227 987 2557 1042 πινακίδιον
2593 984 2687 1036 καὶ
2713 979 2901 1049 ἐπειδὴ
2940 975 3280 1047 ὡμοφώνησε
3325 975 3390 1043 τῇ
3420 971 3644 1039 γυναικὶ
3680 967 3812 1036 περὶ

2223 1081 2284 1133 τδ
2309 1079 2478 1148 ὄνομα
2525 1074 2617 1127 τοῦ
2655 1072 2864 1133 παιδος,
2904 1069 3300 1136 ἐκπλήττονται
3333 1063 3535 1124 πάντες
3561 1079 3573 1091 ο
3608 1061 3672 1112 ού
3703 1057 3815 1125 γὰρ

2225 1168 2291 1244 ἦν
2323 1175 2379 1225 έν
2414 1173 2479 1240 τῇ
2534 1163 2824 1235 συγγενείᾳ
2872 1161 3076 1220 αὐτῶν,
3124 1159 3211 1210 ἵνα
3235 1174 3315 1219 τις
3352 1156 3450 1224 ἔχη
3489 1155 3690 1213 εἰπεῖν,
3731 1151 3814 1202 ὅτι

2226 1266 2332 1332 πρὸ
2357 1258 2548 1331 καιροῦ
2579 1258 2735 1312 τοῦτο
2765 1255 3034 1325 ἐμελέτων
3060 1250 3378 1318 ἀμφότεροι.
3462 1244 3722 1311 Ἰωάννης
3759 1243 3816 1294 6‘s

2226 1353 2592 1426 ἑρμηνεύεται
2636 1348 2772 1401 Θεοῦ
2831 1346 2991 1416 χάρις
3020 1361 3032 1372 ·
3097 1343 3175 1394 διὸ
3207 1343 3300 1394 καὶ
3339 1343 3365 1393 6
3415 1338 3602 1407 πατὴρ
3643 1333 3815 1389 αὑτοῦ

2226 1444 2430 1506 εὐθέως
2461 1441 2807 1514 χαριτωθεὶς,
2841 1435 3172 1508 προφητεύει
3198 1431 3325 1504 περί
3356 1449 3412 1484 τε
3439 1429 3534 1483 τοῦ
3567 1427 3814 1498 Χριστοῦ

2228 1509 2516 1604 πρότερον,
2537 1509 2640 1585 ’καὶ
2666 1531 2791 1602 περὶ
2822 1528 2916 1582 τοῦ
2951 1527 3141 1590 παιδὸς
3172 1525 3419 1595 ὕστερον.
3858 1509 3862 1516 ’

2306 1643 2322 1675 ι
2369 1623 2479 1677 Καὶ
2512 1622 2727 1690 ἐγένετο
2754 1619 2845 1673 ἐπὶ
2877 1620 3085 1681 πάντας
3122 1617 3284 1686 φόϐος
3311 1616 3436 1676 τοὺς
3468 1611 3816 1683 περιοικοῦν-

2229 1732 2329 1777 τας
2364 1713 2562 1776 αὐτούς
2591 1728 2606 1745 ο
2646 1713 2739 1766 καὶ
2797 1713 2853 1764 ὲν
2903 1710 3000 1780 ὅλῃ
3034 1710 3103 1778 τῇ
3156 1709 3338 1778 ὀρεινῇ
3392 1705 3490 1772 τῆς
3551 1703 3817 1763 Ἰουδαίας

2231 1805 2526 1860 διελαλεῖτο
2547 1804 2724 1857 πάντα
2753 1803 2819 1856 τὰ
2849 1803 3073 1874 ῥήματα
3098 1798 3268 1852 ταῦτα
3290 1815 3303 1828 ·
3333 1797 3426 1848 καὶ
3458 1794 3646 1847 ἔθεντο
3675 1793 3815 1846 πάν-

553 1869 954 1891 ....-.,,___---_-
1206 1869 1315 1873 γη
1501 1869 1515 1879 ,
1615 1869 1632 1884 ,

548 1913 637 1983 qui
668 1911 950 1966 audierant
982 1911 1032 1962 in
1059 1906 1221 1962 corde
1245 1919 1363 1971 suo,
1392 1902 1632 1957 dicentes
1660 1917 1674 1954 :
1703 1898 1959 1966 Quisnam
1988 1909 2119 1964 puer

2224 1917 2310 1963 τες
2357 1901 2406 1953 oi
2457 1898 2792 1961 ἀκούσαντες
2840 1897 2896 1948 ὲν
2926 1896 2992 1965 τῇ
3026 1891 3224 1963 καρδίᾳ
3273 1889 3474 1952 αὐτῶν,
3513 1887 3811 1952 λέγοντες·

545 2004 634 2059 hic
663 2002 803 2057 erit?
854 2001 918 2055 Et
960 2013 1150 2053 manus
1185 1995 1394 2050 Domini
1442 2000 1714 2047 eratcum
1766 1988 1876 2042 illo.
1909 1983 1976 2040 Et
2017 1983 2120 2038 Za-

547 2097 763 2152 charias
795 2100 946 2162 pater
975 2091 1091 2159 ejus
1131 2087 1366 2157 repletus
1398 2091 1480 2140 est
1514 2081 1718 2153 Spiritu
1748 2087 1960 2142 sancto,
1995 2089 2121 2146 pro-

546 2187 892 2256 phelavilque
944 2183 1132 2238 dicens
1191 2196 1207 2236 ε
1271 2178 1597 2234 Benedictus
1655 2172 1912 2229 Dominus
1973 2169 2120 2224 Deus

546 2279 731 2341 Israel,
775 2278 899 2347 quia
931 2274 1172 2330 visitavit
1208 2281 1261 2327 et
1291 2271 1413 2325 fecit
1461 2267 1887 2337 redemptionem
1922 2261 2120 2333 populo

547 2385 664 2424 suo.
708 2368 772 2422 Et
816 2366 1072 2420 excitavit
1105 2379 1276 2419 cornu
1316 2360 1505 2415 salutis
1542 2358 1696 2413 nobis
1738 2357 1790 2410 in
1819 2356 1979 2410 domo
2011 2355 2119 2410 Da-

547 2460 635 2514 vid
667 2459 818 2529 pueri
850 2458 932 2512 sui
968 2475 979 2508 :
1015 2456 1153 2510 sicut
1185 2452 1347 2523 232
1383 2451 1594 2506 locutus
1627 2455 1710 2501 est
1765 2459 1862 2513 per
1891 2457 1954 2499 os
1994 2457 2119 2498 san-

545 2564 757 2609 ctorum
784 2589 799 2614 ,
833 2549 925 2618 qui
969 2564 996 2601 a
1049 2545 1244 2600 saeculo
1285 2553 1412 2598 sunt
1446 2540 1825 2611 prophetarum
1872 2548 2116 2591 suorum.

546 2645 786 2701 Salutem
839 2656 904 2695 ex
941 2639 1176 2694 inimicis
1211 2636 1431 2700 nostris,
1471 2642 1527 2688 et
1572 2633 1638 2685 de
1681 2645 1842 2684 manu
1879 2628 2116 2682 omnium

545 2737 634 2805 qui
671 2733 906 2787 oderunt
961 2745 1079 2783 nos.
1139 2726 1212 2780 Ut
1267 2726 1470 2778 faceret
1521 2719 1951 2776 misericordiam
1996 2731 2120 2771 cum

548 2804 794 2895 patribus
853 2820 1090 2885 nostris,
1134 2827 1188 2872 et
1231 2829 1439 2871 memor
1471 2819 1616 2868 esset
1674 2807 1979 2866 testamenti
2038 2804 2122 2859 sui

546 2915 742 2972 sancti.
767 2911 925 2968 Juxta
946 2908 1323 2980 jusjurandum
1350 2907 1496 2973 quod
1518 2902 1723 2971 juravit
1748 2900 1813 2955 ad
1844 2897 2117 2953 Abraham

544 3018 753 3080 patrem
787 3013 1057 3066 nostrum,
1089 3008 1145 3052 ut
1174 3000 1329 3053 daret
1361 2996 1536 3051 nobis.
1575 2992 1645 3049 Ut
1677 2992 1811 3046 citra
1848 2992 2115 3052 timorem,

547 3105 611 3157 de
639 3113 800 3154 manu
831 3094 1176 3150 inimicorum
1208 3099 1516 3144 nostrorum
1550 3085 1782 3150 liberati,
1820 3085 2120 3138 serviamus

548 3193 648 3262 ipsi
697 3193 750 3245 in
794 3187 1084 3244 sanctitate
1133 3189 1185 3236 et
1229 3180 1435 3249 justitia
1486 3193 1666 3233 coram
1704 3179 1855 3246 ipso,
1913 3175 2192 3264 cunctisc

546 3286 738 3338 diebus
768 3283 895 3335 vitae
925 3288 1142 3332 nostrae.
1190 3293 1207 3326 ι
1255 3273 1450 3328 Factus
1485 3280 1568 3326 est
1614 3272 1776 3323 timor
1805 3282 1966 3336 super
1998 3282 2111 3319 om-

547 3389 645 3431 nes
667 3413 682 3439 ,
717 3384 938 3442 pr0pter
970 3366 1288 3421 miraculum
1323 3361 1592 3433 loquentis
1633 3360 1927 3414 Zacharia-.
1967 3357 2122 3411 Sicut

543 3465 687 3520 enim
719 3463 870 3531 prius
895 3473 1017 3514 cum
1042 3454 1423 3517 obmutuisset,
1456 3460 1740 3520 stupuerat
1770 3447 2013 3514 populus,
2047 3447 2120 3497 ita

545 3557 707 3610 etiam
735 3542 880 3606 nunc
912 3564 1032 3605 cum
1065 3547 1303 3601 redditus
1322 3554 1408 3598 est
1441 3544 1486 3597 ei
1516 3555 1713 3596 sermo.
1749 3537 1975 3607 Propter
2016 3538 2119 3590 duo

547 3645 708 3712 igitur
741 3638 995 3694 miracula
1034 3639 1147 3691 haec
1182 3633 1492 3704 cogitabant
1535 3631 1600 3684 de
1643 3639 1767 3683 nato
1807 3626 1948 3696 quod
1981 3625 2120 3677 mqu

549 3748 632 3790 tos
663 3733 1012 3804 praecelleret.
1053 3728 1214 3781 Facta
1253 3736 1429 3778 autem
1467 3732 1593 3775 sunt
1637 3723 1748 3775 haec
1783 3719 1963 3772 omnia
2008 3717 2117 3770 sin-

545 3827 714 3898 gulari
741 3824 967 3894 quadam
999 3819 1419 3888 dispensatione,
1454 3826 1511 3868 ut
1533 3813 1625 3882 qui
1657 3815 1720 3865 de
1754 3811 1970 3865 Christo
2000 3823 2118 3878 pro-

545 3918 918 3992 phetizaturus
946 3921 1113 3976 esset,
1147 3911 1248 3964 lide
1281 3909 1474 3977 dignus
1501 3905 1812 3966 haberetur,
1846 3910 1900 3954 et
1933 3914 2120 3953 omnes

545 4030 610 4069 ex
669 4014 783 4080 ipsa
846 4009 1129 4063 nativitate
1174 4002 1400 4058 Joannis
1453 3999 1710 4052 certiores
1766 3993 2119 4048 redderentur

545 4103 688 4176 quod
715 4100 892 4155 multis
919 4098 1087 4167 major
1123 4103 1289 4148 esset.
1314 4090 1587 4146 Benedicit
1613 4097 1790 4140 autem
1829 4083 2119 4137 Zacharias

546 4174 738 4258 Deum,
779 4193 904 4260 quia
939 4185 1256 4242 'visitaverat
1309 4183 1596 4236 lsraelitas.
1647 4179 1711 4230 Et
1755 4174 1995 4244 profecto
2030 4189 2121 4228 vc-

549 4297 701 4341 nerat
745 4286 812 4337 ad
841 4296 969 4336 oves
1002 4293 1120 4347 qua:
1164 4276 1386 4346 perdita:
1421 4280 1579 4326 erant
1617 4271 1682 4325 de
1715 4270 1873 4324 domo
1916 4267 2077 4322 lsrael
2106 4309 2118 4331 ,

545 4378 636 4434 sed
673 4375 917 4446 plerique
952 4369 1272 4425 beneﬁciqu
1318 4365 1434 4434 ejus
1478 4365 1754 4433 suscipere
1795 4361 2117 4422 noluerunt,

544 4472 682 4525 unde
717 4484 872 4523 veros
914 4464 1185 4524 Israelitas
1221 4461 1427 4516 invisit.
1468 4459 1534 4514 Et
1583 4458 1804 4526 quinam
1839 4463 1964 4506 sunt
2003 4450 2119 4503 illi?

2221 1993 2289 2046 Τί
2317 1992 2425 2062 ἄρα
2454 1992 2515 2044 τὸ
2540 1991 2746 2044 παιδίον
2771 1988 2928 2042 τοῦτο
2967 1987 3156 2049 Eat-at;
3205 1983 3312 2036 Καὶ
3348 1982 3468 2051 χεὶρ
3506 1977 3720 2046 Κυρίου
3747 1972 3815 2044 ἦν

2227 2087 2346 2156 μετ’
2378 2084 2565 2138 αὐτοῦ.
2600 2082 2712 2135 Καὶ
2751 2079 3027 2150 Ζαχαρίας
3065 2080 3093 2130 6
3126 2072 3309 2144 πατὴρ
3355 2072 3521 2127 αὐτοῦ
3557 2070 3812 2139 ἐπλήσθη

2223 2172 2549 2242 Πνεῦματος
2577 2172 2758 2238 ἁγίου,
2817 2169 2910 2221 καὶ¹
2937 2165 3313 2236 προεφήτευσε
3346 2203 3361 2226 ,
3396 2162 3573 2227 λέγων
3601 2177 3614 2189 ·
3643 2160 3813 2213 E610-

2223 2263 2389 2334 γητὸς
2427 2263 2632 2331 Κύριος
2674 2263 2701 2313 ὁ
2733 2258 2867 2322 Θεὸς
2910 2257 3006 2310 τοῦ
3060 2256 3310 2327 Ἰσραὴλ,
3347 2255 3430 2308 ὅτι
3464 2253 3816 2319 ἐπεσκέψατο

2224 2355 2320 2410 καὶ
2366 2354 2592 2424 ἐποίησε
2645 2352 2912 2425 λύτρωσιν
2962 2349 3040 2419 τῷ
3068 2349 3183 2417 λαῷ
3226 2346 3389 2402 αὑτοῦ
3415 2363 3426 2375 ⁸
3481 2346 3576 2399 καὶ
3620 2345 3814 2415 ἤγειρε

2222 2447 2394 2517 κέρας
2426 2445 2702 2515 σωτηρίας
2755 2444 2886 2513 ἡμῖν
2930 2443 2986 2494 ὲν
3017 2441 3100 2510 ’τῷ
3131 2441 3264 2509 οῐκῳ
3296 2439 3461 2492 Δαόὶδ
3487 2438 3584 2492 τοῦ
3619 2435 3814 2498 παιδὸς

2224 2538 2388 2592 αὐτοῦ
2415 2554 2429 2570 ο
2463 2535 2645 2601 καθὼς
2680 2534 2911 2605 ὲλάλησε
2937 2533 3026 2586 διὰ
3063 2533 3329 2602 στόματος
3364 2529 3471 2581 τῶν
3498 2529 3671 2592 ἁγίων
3700 2526 3815 2578 τῶν

2223 2630 2319 2684 ἀπ’
2366 2629 2558 2691 αίῶνος
2608 2626 2908 2698 προφητῶν
2946 2624 3146 2677 αὑτοῦ·
3193 2621 3468 2690 σωτηρίαν
3500 2619 3559 2682 ἐξ
3595 2618 3812 2688 ἐχθρῶν

2224 2722 2403 2792 ἡμῶν,
2438 2723 2530 2774 καὶ
2565 2723 2627 2771 ἐκ
2664 2718 2846 2790 χειρὸς
2874 2717 3091 2770 πάντων
3119 2707 3226 2785 τῶν
3270 2712 3576 2781 μισούντων
3609 2709 3760 2780 ἡμᾶς
3793 2725 3808 2739 ο

2225 2812 2450 2881 ποιῆσαι
2509 2812 2657 2873 ἔλεος
2707 2808 2846 2880 μετὰ
2890 2807 2999 2861 τῶν
3027 2807 3279 2874 πατέρων
3315 2804 3497 2873 ἡμῶν,
3535 2803 3630 2854 καὶ
3663 2817 3808 2870 μνηο

2225 2903 2419 2972 σθῆναι
2475 2902 2741 2971 διαθήκης
2798 2899 2960 2966 ἁγίας
3013 2896 3200 2952 αὑτοῦ.
3258 2896 3462 2964 Ὅρκου
3509 2887 3572 2946 οῦ
3621 2890 3811 2961 ὤμοσε

2226 2993 2363 3065 πρὸς
2404 2993 2658 3062 Ἀϐραὰμ
2691 2992 2781 3044 τὸν
2832 2990 3046 3061 πατέρα
3089 2988 3267 3060 ήμῶν,
3320 2985 3414 3038 τοῦ
3445 2985 3631 3038 δοῦναι
3675 2985 3813 3053 ἡμῖν

2223 3086 2462 3154 ἀφόϐως,
2491 3085 2553 3136 ὲκ
2590 3084 2769 3153 χειρδς
2798 3082 2904 3134 τῶν
2935 3079 3144 3151 ἐχθρῶν
3173 3080 3329 3150 ἡμῶν
3361 3078 3678 3149 ῥυσθέντας,
3709 3074 3810 3129 λα-

2223 3177 2440 3248 τρεύειν
2473 3175 2621 3241 αὑτῷ
2673 3177 2731 3227 ἐν
2779 3174 3017 3244 ὁσιότητι
3069 3171 3529 3242 καιδικτιοσύνῃ
3575 3170 3812 3221 ἐνώπιον

2226 3268 2393 3325 αὐτοῦ
2423 3270 2604 3332 πάσας
2621 3266 2716 3330 τὰς
2742 3267 2952 3339 ἡμέρας
2979 3267 3077 3333 τῆς
3107 3265 3251 3332 ζωῆς
3278 3262 3457 3334 ημῶν.
3489 3281 3508 3313 ι
3561 3260 3813 3327 Ἐγένετο

2223 3361 2317 3412 ἐπὶ
2345 3361 2554 3422 πάντας
2601 3360 2788 3426 φόσος,
2809 3358 2909 3431 ¹διὰ
2934 3357 2994 3409 τδ
3025 3355 3325 3425 παράδοξον
3356 3354 3458 3422 τῆς
3490 3352 3582 3406 τοῦ
3623 3355 3812 3421 Ζαχα-

2224 3453 2340 3521 ρίου
2373 3451 2740 3519 ὲκλαλήσεως.
2787 3449 2997 3518 Ὠσπερ
3029 3447 3138 3516 γὰρ
3175 3447 3266 3499 ἐπὶ
3296 3448 3361 3516 τῇ
3398 3448 3577 3514 σιωπῇ
3611 3445 3811 3514 ἐξέστη
3858 3448 3861 3449 ⁷

2221 3541 2248 3590 ό
2283 3540 2429 3601 λαὸς,
2467 3538 2612 3592 οὕτω
2660 3538 2755 3591 καὶ
2784 3539 2875 3589 ἐπὶ
2901 3537 2978 3606 τῷ
3021 3536 3255 3606 λαλῆσαι
3292 3536 3454 3588 αὐτόν
3479 3550 3492 3564 ⁸
3523 3534 3598 3598 ὡς
3627 3535 3693 3587 ἂν
3717 3536 3816 3589 διὰ

2233 3628 2331 3679 τῶν
2367 3627 2460 3680 δύο
2495 3628 2702 3680 τούτων
2736 3626 3032 3694 θαυμάτων
3057 3666 3070 3691 ,
3128 3623 3554 3693 συλλογίσωνται
3605 3625 3815 3688 πάντες

2224 3724 2355 3790 περὶ
2406 3721 2501 3774 τοῦ
2550 3720 2858 3790 τεχθέντος,
2895 3719 2968 3780 ὼς
3021 3717 3159 3786 ὑπὲρ
3202 3717 3327 3778 τοὺς
3379 3715 3607 3779 πολλούς
3667 3717 3812 3773 ἐστι.

2225 3811 2410 3863 Ταῦτα
2428 3811 2494 3862 ’δὲ
2528 3814 2702 3862 πάντα
2730 3810 2966 3876 ἐγίνοντο
2998 3807 3377 3876 οἰκονομικῶς,
3407 3808 3492 3861 ἵνα
3514 3809 3542 3860 6
3565 3808 3694 3876 περὶ
3716 3807 3814 3860 τοῦ

2223 3902 2461 3972 Χριστοῦ
2518 3902 2725 3972 μέλλων
2770 3901 3165 3972 μαρτυρήσειν,
3198 3892 3512 3965 ἀξιόπιστος
3561 3902 3671 3970 εἴη,
3713 3904 3817 3954 καὶ

2223 3995 2426 4057 πάντες
2468 3994 2962 4064 πληροφορηθῶσιν
3011 3993 3068 4057 ἐξ
3100 3992 3268 4061 αὐτῆς
3295 3993 3394 4060 τῆς
3423 3991 3516 4044 τοῦ
3561 3992 3816 4045 Ἰωάννου

2232 4089 2559 4157 γεννήσεως,
2586 4089 2666 4138 ὃτι
2701 4087 2840 4155 ὑπὲρ
2866 4089 2990 4148 τους
3022 4085 3253 4146 πολλούς
3293 4085 3462 4137 ἔστιν.
3499 4084 3726 4151 suam
3759 4084 3816 4138 δὲ

2208 4182 2252 4240 '6
2292 4179 2565 4251 Ζαχαρίας
2605 4179 2694 4231 τὸν
2749 4177 2901 4242 Θεὸν,
2935 4176 3010 4241 ὡς
3045 4176 3489 4248 ἐπισκεψάμενον
3523 4178 3649 4240 τοὺς
3711 4178 3818 4232 Ἰσ-

2229 4273 2524 4342 ραηλίταςο
2565 4271 2642 4340 τῷ
2693 4270 2806 4323 ὄντι
2850 4274 2959 4341 γὰρ
3012 4272 3092 4333 είς
3144 4273 3212 4322 τὰ
3252 4270 3501 4340 πρόὸατα
3553 4266 3694 4337 ἦλθε
3747 4271 3816 4323 τὰ

2224 4365 2541 4418 ἀπολωλότα
2594 4365 2744 4416 οἴκου
2804 4362 3049 4432 Ἰσραὴλ,
3102 4362 3214 4415 ἀλλ’
3269 4363 3386 4438 οὐκ.
3447 4362 3722 4431 ἠθέλησαν
3763 4365 3816 4414 οἱ

2228 4456 2475 4518 πλείονες
2530 4455 2707 4507 αὐτῶν
2757 4454 3014 4518 δέξασθαι
3059 4453 3158 4523 τὴν
3207 4453 3367 4523 χάριν
3394 4468 3406 4480 ·
3441 4452 3521 4504 διὸ
3565 4454 3657 4505 καὶ
3689 4453 3818 4516 τοὺς

547 4558 610 4614 lli
643 4561 731 4627 qui
773 4559 1136 4613 crediderunt.
1184 4551 1453 4607 Excitavit
1482 4558 1660 4601 autem
1702 4560 1872 4600 cornu
1903 4542 2113 4607 salutis,

2225 4549 2442 4618 ἀληθῶς
2496 4546 2838 4616 Ἰσραηλίτας
2897 4544 3276 4613 ἐπεσκέψατο,
3338 4543 3536 4606 οἵτινές
3585 4547 3728 4596 εἰσιν
3767 4547 3817 4597 oi

547 4656 647 4707 hoc
685 4661 786 4715 est,
832 4651 1081 4702 virtutem
1117 4655 1172 4700 et
1211 4658 1435 4713 regnum
1468 4640 1726 4694 salutare.
1759 4637 1937 4692 Cornu
1971 4635 2112 4690 enim

548 4743 630 4796 vel
665 4742 962 4811 potentiam
1003 4738 1307 4808 signiﬁcat,
1359 4742 1586 4789 cornuta
1625 4732 1769 4786 enim
1820 4727 2114 4783 animantia

545 4833 598 4887 in
645 4848 810 4886 cornu
869 4831 1035 4885 robur
1089 4828 1321 4891 habent,
1370 4826 1453 4880 vel
1503 4839 1725 4894 regnum
1773 4841 1784 4875 :
1847 4836 1916 4874 ex
1949 4834 2113 4873 cornu

545 4925 692 4980 enim
727 4939 879 4991 reges
909 4921 1326 5000 iniungebantur.
1351 4920 1537 4985 Itaque
1562 4915 1811 4969 Christus
1842 4922 1895 4967 et
1925 4921 2115 4982 poten-

545 5018 616 5072 tia
644 5024 724 5071 est
763 5024 816 5068 et
857 5030 1080 5082 regnum
1111 5012 1307 5066 Patris.
1343 5011 1648 5065 Excitatum
1697 5008 1856 5077 igitur
1886 5012 1966 5058 est
2015 5021 2112 5058 no-

546 5109 627 5162 bis
658 5121 826 5160 cornu
866 5106 1086 5171 salutis,
1131 5103 1405 5158 Christus.
1460 5100 1759 5154 Videbatur
1791 5100 1933 5152 enim
1984 5098 2113 5151 dor-

551 5201 706 5262 mire,
759 5208 1109 5252 contemnens
1156 5196 1448 5250 multorum
1500 5203 1742 5262 peccata,
1785 5192 2116 5260 longanimi-

551 5301 706 5345 tatem
733 5291 786 5344 in
819 5288 1227 5344 simulacrorum
1262 5289 1453 5342 insano
1486 5285 1629 5339 cultu
1673 5300 1782 5353 pra:
1820 5299 1880 5337 se
1912 5284 2112 5346 ferens,

546 5382 637 5438 sed
676 5383 728 5435 in
780 5383 1085 5436 novissimis
1125 5382 1454 5450 temporibus
1495 5381 1814 5433 incarnatus
1848 5378 2114 5433 excitatus

547 5482 646 5535 est,
681 5482 736 5533 et
783 5474 1036 5532 contrivit
1067 5487 1253 5525 omnes
1284 5488 1371 5540 qui
1404 5483 1637 5524 nuerunt
1679 5485 1775 5524 nos
1824 5469 2113 5531 daemones,

547 5582 651 5620 non
699 5565 808 5633 jam
854 5566 988 5617 ultra
1033 5565 1349 5634 longanimis
1409 5575 1460 5616 et
1515 5565 1804 5616 dormiens.
1854 5562 2020 5614 Porro
2062 5562 2111 5613 in

546 5660 704 5710 domo
753 5657 919 5710 David
964 5659 1225 5711 excitatus
1259 5666 1370 5717 est,
1401 5658 1499 5709 hoc
1541 5667 1620 5710 est
1646 5697 1658 5720 ,
1699 5659 1749 5707 in
1791 5655 2063 5708 Bethleem
2098 5673 2107 5706 :

546 5748 650 5800 ἱλίιι
687 5750 825 5801 enim
863 5758 1017 5802 natus
1048 5759 1144 5801 est.
1196 5748 1462 5798 Bethleem
1512 5760 1691 5800 autem
1737 5749 1902 5811 [iniria
1952 5745 2113 5797 David

549 5853 686 5902 erat,
736 5840 1056 5893 sicutlocuti
1106 5842 1321 5892 fuerunt
1370 5839 1656 5907 ["ttipitutu'.

1727 5842 1923 5890 Unities.
1972 5841 2112 5891 enim

2224 4643 2633 4700 πιστεύσαντες.
2663 4639 2889 4704 Ἥγειρε
2920 4637 2975 4689 δὲ
3007 4637 3173 4703 κέρας
3209 4637 3506 4705 σωτηρίας,
3539 4637 3815 4699 τουτέστι,

2220 4731 2452 4802 δύναμιν
2495 4731 2588 4783 καὶ
2637 4729 2917 4800 βασιλείαν
2961 4729 3230 4798 σωτήριον
3257 4743 3272 4757 ο
3324 4728 3384 4780 τὸ
3431 4727 3536 4797 γὰρ
3575 4728 3746 4798 κέρας
3782 4730 3811 4779 ἲ

2221 4823 2457 4892 δύναμιν
2508 4822 2797 4892 σημαίνειο
2831 4822 2898 4874 τὰ
2943 4821 3050 4890 γὰρ
3099 4819 3417 4888 κερασφόρα
3461 4818 3576 4883 ζῶα
3612 4821 3671 4871 ὲν
3701 4823 3816 4883 τοῖς

2227 4917 2422 4986 κέρασι
2458 4915 2552 4985 τὴν
2602 4915 2831 4981 δύναμιν
2883 4913 3119 4983 ἔχουσιν,
3153 4913 3184 4979 ἢ
3221 4911 3498 4980 βασιλείαν
3528 4929 3539 4940 ·
3588 4911 3668 4979 τῷ
3709 4912 3817 4982 γὰρ

2227 5010 2415 5079 κέρατι
2473 5010 2716 5077 ἐχρίοντο
2764 5008 2812 5058 οἱ
2858 5006 3120 5073 βασιλεῖς.
3190 5004 3251 5056 Ὀ
3291 4999 3384 5057 οὖν
3431 5004 3672 5073 Χριστὸς
3723 5004 3818 5056 καὶ

2223 5101 2452 5170 δύναμίς
2504 5104 2618 5153 ὲστι
2657 5099 2752 5151 καὶ
2809 5097 3054 5167 βασιλεία
3102 5095 3197 5149 τοῦ
3236 5095 3484 5166 Πατρός·
3539 5095 3816 5165 ἐξηγέρηη

2222 5195 2314 5250 οὖν
2348 5199 2479 5266 ἡμῖν
2515 5196 2683 5265 κέρας
2740 5194 3011 5260 σωτηρίας
3045 5195 3071 5244 ό
3125 5191 3379 5259 Χριστός.
3439 5190 3645 5242 Ἰῖδὸκει
3698 5187 3810 5258 γὰρ

2229 5290 2530 5343 ύπνὼττενα
2559 5332 2571 5352 ,
2612 5287 3101 5356 παραὸλεπόμενος
3135 5283 3231 5345 τὰς
3270 5283 3465 5344 πολλὰς
3504 5283 3810 5352 ἁμαρτίας,

2225 5383 2320 5435 καὶ
2377 5379 2750 5451 μακροθυμῶν
2797 5379 2889 5430 ἐπὶ
2923 5380 2989 5446 τῇ
3027 5375 3387 5445 εἰδωλομανίᾳ
3416 5391 3427 5404 “
3463 5373 3582 5426 ἀλλ’
3617 5375 3674 5425 ὲν
3705 5376 3816 5436 τοῖς

2222 5475 2475 5541 ἐσχάτοις
2508 5471 2812 5538 σαρκωθεὶς
2841 5473 3073 5537 καιροῖς,
3103 5466 3372 5536 ἐξηγέρθη
3404 5467 3493 5518 καὶ
3517 5463 3813 5533 συνέτριψε

2224 5568 2428 5627 πάντας
2458 5565 2581 5626 τοὺς
2617 5562 2908 5631 μισοῦντας
2935 5564 3082 5631 ἡμᾶς
3111 5562 3388 5629 δαίμονας.
3430 5559 3647 5626 Μηκέτι
3681 5559 3778 5609 ἀνα

2227 5657 2489 5725 σχόμενος
2541 5653 2742 5706 ύπνοῦν
2779 5655 2873 5705 καὶ
2927 5654 3334 5722 μακροθυμεῖν·
3388 5651 3443 5699 ἐν
3481 5648 3557 5717 τῷ
3589 5649 3720 5714 οἴκῳ
3754 5647 3810 5698 δὲ

2226 5750 2388 5800 Δαϐὶδ
2439 5747 2707 5816 ἐξηγέρθη
2737 5788 2749 5807 ,
2798 5747 3074 5799 τουτέστιν
3128 5745 3183 5795 ἐν
3236 5741 3499 5813 Βηθλεέμ,
3539 5743 3656 5791 inci
3704 5744 3811 5807 γὰρ

2226 5839 2487 5906 ἐγεννήθη
2521 5855 2530 5865 ·
2593 5840 2621 5906 ἡ
2653 5839 2703 5890 δὲ
2736 5836 3004 5906 Βηθλεὲμ,
3043 5836 3257 5895 πάντως
3293 5832 3445 5894 πόλις
3493 5829 3582 5882 τοῦ
3625 5828 3810 5884 Δασιδ.
