  <div class='ocr_page' id='page_1' title='image "/cluster/home/n/w/nwhite01/storage/ocr_20150623/123/ien.35556001659978/365.png"; bbox 0 0 4028 6406; ppageno 0'>
   <div class='ocr_carea' id='block_1_1' title="bbox 550 413 659 478">
    <p class='ocr_par' dir='ltr' id='par_1_1' title="bbox 550 413 659 478">
     <span class='ocr_line' id='line_1_1' title="bbox 550 413 659 478; baseline -0.018 0"><span class='ocrx_word' id='word_1_1' title='bbox 550 413 659 478; x_wconf 77' lang='lat'><strong>7-19</strong></span> 
     </span>
    </p>
   </div>
   <div class='ocr_carea' id='block_1_2' title="bbox 1460 381 2877 458">
    <p class='ocr_par' dir='ltr' id='par_1_2' title="bbox 1460 381 2877 458">
     <span class='ocr_line' id='line_1_2' title="bbox 1460 381 2877 458; baseline -0.013 1"><span class='ocrx_word' id='word_1_2' title='bbox 1460 395 2038 458; x_wconf 79' lang='lat' dir='ltr'><strong>THEOPHYLACTI</strong></span> <span class='ocrx_word' id='word_1_3' title='bbox 2080 386 2487 452; x_wconf 71' lang='lat' dir='ltr'><strong>BULGARl/E</strong></span> <span class='ocrx_word' id='word_1_4' title='bbox 2521 381 2877 444; x_wconf 82' lang='lat' dir='ltr'><strong>ARCHIEP.</strong></span> 
     </span>
    </p>
   </div>
   <div class='ocr_carea' id='block_1_3' title="bbox 3689 377 3796 441">
    <p class='ocr_par' dir='ltr' id='par_1_3' title="bbox 3689 377 3796 441">
     <span class='ocr_line' id='line_1_3' title="bbox 3689 377 3796 441; baseline -0.019 0"><span class='ocrx_word' id='word_1_5' title='bbox 3689 377 3796 441; x_wconf 70' lang='lat'><strong>720</strong></span> 
     </span>
    </p>
   </div>
   <div class='ocr_carea' id='block_1_4' title="bbox 547 486 2110 596">
    <p class='ocr_par' dir='ltr' id='par_1_4' title="bbox 547 505 2110 596">
     <span class='ocr_line' id='line_1_4' title="bbox 547 505 2110 596; baseline -0.015 -16"><span class='ocrx_word' id='word_1_6' title='bbox 547 540 769 596; x_wconf 86' lang='lat' dir='ltr'><strong>puerum</strong></span> <span class='ocrx_word' id='word_1_7' title='bbox 802 520 1033 588; x_wconf 87' lang='lat' dir='ltr'><strong>loquitur</strong></span> <span class='ocrx_word' id='word_1_8' title='bbox 1062 515 1233 568; x_wconf 87' lang='lat' dir='ltr'><strong>adhuc</strong></span> <span class='ocrx_word' id='word_1_9' title='bbox 1269 514 1599 567; x_wconf 87' lang='lat' dir='ltr'><strong>insensatum</strong></span> <span class='ocrx_word' id='word_1_10' title='bbox 1617 524 1680 562; x_wconf 86' lang='lat' dir='ltr'><strong>ea</strong></span> <span class='ocrx_word' id='word_1_11' title='bbox 1699 521 1820 575; x_wconf 65' lang='lat' dir='ltr'><strong>qua?</strong></span> <span class='ocrx_word' id='word_1_12' title='bbox 1847 505 2110 581; x_wconf 76' lang='lat' dir='ltr'><strong>loquitur.</strong></span> 
     </span>
    </p>
   </div>
   <div class='ocr_carea' id='block_1_5' title="bbox 2216 486 3795 596">
    <p class='ocr_par' dir='ltr' id='par_1_5' title="bbox 2218 486 3795 596">
     <span class='ocr_line' id='line_1_5' title="bbox 2218 486 3795 568; baseline -0.014 -14"><span class='ocrx_word' id='word_1_13' title='bbox 2218 502 2393 568; x_wconf 87' lang='grc' dir='ltr'>λέγει·</span> <span class='ocrx_word' id='word_1_14' title='bbox 2423 498 2642 558; x_wconf 80' lang='grc' dir='ltr'>πάντως</span> <span class='ocrx_word' id='word_1_15' title='bbox 2674 495 2782 564; x_wconf 83' lang='grc' dir='ltr'><strong>γὰρ</strong></span> <span class='ocrx_word' id='word_1_16' title='bbox 2829 489 3140 560; x_wconf 82' lang='grc' dir='ltr'>ἀναισθήτῳ</span> <span class='ocrx_word' id='word_1_17' title='bbox 3189 488 3296 540; x_wconf 72' lang='grc' dir='ltr'>ὄντι</span> <span class='ocrx_word' id='word_1_18' title='bbox 3344 486 3422 556; x_wconf 80' lang='grc' dir='ltr'>τῷ</span> <span class='ocrx_word' id='word_1_19' title='bbox 3479 487 3702 554; x_wconf 51' lang='grc' dir='ltr'>παιδίῳ,</span> <span class='ocrx_word' id='word_1_20' title='bbox 3733 493 3795 543; x_wconf 63' lang='grc' dir='ltr'><strong>ιι)</strong></span> 
     </span>
     <span class='ocr_line' id='line_1_6' title="bbox 2229 577 3690 596; baseline 0 0"><span class='ocrx_word' id='word_1_21' title='bbox 2229 590 2278 596; x_wconf 70' lang='lat'><strong>_-</strong></span> <span class='ocrx_word' id='word_1_22' title='bbox 2392 591 2402 596; x_wconf 92' lang='lat'><strong>-</strong></span> <span class='ocrx_word' id='word_1_23' title='bbox 2478 587 2495 596; x_wconf 83' lang='lat'><strong>-</strong></span> <span class='ocrx_word' id='word_1_24' title='bbox 2541 589 2559 596; x_wconf 87' lang='lat'><em>_</em></span> <span class='ocrx_word' id='word_1_25' title='bbox 2643 585 2705 596; x_wconf 63' lang='grc' dir='ltr'><strong>-.η</strong></span> <span class='ocrx_word' id='word_1_26' title='bbox 2903 577 2926 596; x_wconf 73' lang='grc' dir='ltr'>ν</span> <span class='ocrx_word' id='word_1_27' title='bbox 3050 583 3060 595; x_wconf 90' lang='grc'><strong>.</strong></span> <span class='ocrx_word' id='word_1_28' title='bbox 3141 583 3161 596; x_wconf 85' lang='grc'><strong>.</strong></span> <span class='ocrx_word' id='word_1_29' title='bbox 3243 583 3263 594; x_wconf 67' lang='grc' dir='ltr'><strong>ρ.</strong></span> <span class='ocrx_word' id='word_1_30' title='bbox 3396 579 3418 593; x_wconf 68' lang='grc' dir='ltr'><em>η</em></span> <span class='ocrx_word' id='word_1_31' title='bbox 3639 580 3690 596; x_wconf 69' lang='grc' dir='ltr'><strong>ρ.</strong></span> 
     </span>
    </p>
   </div>
   <div class='ocr_carea' id='block_1_6' title="bbox 546 594 2119 680">
    <p class='ocr_par' dir='ltr' id='par_1_6' title="bbox 546 594 2119 680">
     <span class='ocr_line' id='line_1_7' title="bbox 546 594 2119 680; baseline -0.015 -8"><span class='ocrx_word' id='word_1_32' title='bbox 546 594 837 672; x_wconf 76' lang='lat' dir='ltr'><strong>Dicendum</strong></span> <span class='ocrx_word' id='word_1_33' title='bbox 862 613 1021 680; x_wconf 84' lang='lat' dir='ltr'><strong>igitur</strong></span> <span class='ocrx_word' id='word_1_34' title='bbox 1043 609 1182 678; x_wconf 91' lang='lat' dir='ltr'><strong>quod</strong></span> <span class='ocrx_word' id='word_1_35' title='bbox 1204 607 1342 661; x_wconf 88' lang='lat' dir='ltr'><strong>sicut</strong></span> <span class='ocrx_word' id='word_1_36' title='bbox 1361 601 1628 657; x_wconf 80' lang='lat' dir='ltr'><strong>insolitam</strong></span> <span class='ocrx_word' id='word_1_37' title='bbox 1652 607 1705 652; x_wconf 91' lang='lat' dir='ltr'><strong>et</strong></span> <span class='ocrx_word' id='word_1_38' title='bbox 1738 594 2119 652; x_wconf 83' lang='lat' dir='ltr'><strong>admirabilem</strong></span> 
     </span>
    </p>
   </div>
   <div class='ocr_carea' id='block_1_7' title="bbox 551 689 2113 766">
    <p class='ocr_par' dir='ltr' id='par_1_7' title="bbox 551 689 2113 766">
     <span class='ocr_line' id='line_1_8' title="bbox 551 689 2113 766; baseline -0.012 -5"><span class='ocrx_word' id='word_1_39' title='bbox 551 707 733 761; x_wconf 79' lang='lat' dir='ltr'><strong>habuit</strong></span> <span class='ocrx_word' id='word_1_40' title='bbox 761 701 1094 756; x_wconf 76' lang='lat' dir='ltr'><strong>nativitatem</strong></span> <span class='ocrx_word' id='word_1_41' title='bbox 1131 713 1281 766; x_wconf 89' lang='lat' dir='ltr'><strong>puer,</strong></span> <span class='ocrx_word' id='word_1_42' title='bbox 1312 697 1398 762; x_wconf 86' lang='lat' dir='ltr'><strong>qui</strong></span> <span class='ocrx_word' id='word_1_43' title='bbox 1441 691 1736 746; x_wconf 78' lang='lat' dir='ltr'><strong>exsultavit</strong></span> <span class='ocrx_word' id='word_1_44' title='bbox 1780 699 1831 742; x_wconf 87' lang='lat' dir='ltr'><strong>et</strong></span> <span class='ocrx_word' id='word_1_45' title='bbox 1872 689 2113 758; x_wconf 84' lang='lat' dir='ltr'><strong>prophe-</strong></span> 
     </span>
    </p>
   </div>
   <div class='ocr_carea' id='block_1_8' title="bbox 548 781 2116 850">
    <p class='ocr_par' dir='ltr' id='par_1_8' title="bbox 548 781 2116 850">
     <span class='ocr_line' id='line_1_9' title="bbox 548 781 2116 850; baseline -0.012 0"><span class='ocrx_word' id='word_1_46' title='bbox 548 795 758 850; x_wconf 81' lang='lat' dir='ltr'><strong>taritin</strong></span> <span class='ocrx_word' id='word_1_47' title='bbox 809 801 961 846; x_wconf 86' lang='lat' dir='ltr'><strong>utero</strong></span> <span class='ocrx_word' id='word_1_48' title='bbox 1011 790 1076 842; x_wconf 90' lang='lat' dir='ltr'><strong>ad</strong></span> <span class='ocrx_word' id='word_1_49' title='bbox 1131 787 1415 840; x_wconf 83' lang='lat' dir='ltr'><strong>adventum</strong></span> <span class='ocrx_word' id='word_1_50' title='bbox 1469 781 1690 836; x_wconf 83' lang='lat' dir='ltr'><strong>Mariae:</strong></span> <span class='ocrx_word' id='word_1_51' title='bbox 1736 781 1815 834; x_wconf 88' lang='lat' dir='ltr'><strong>sic</strong></span> <span class='ocrx_word' id='word_1_52' title='bbox 1865 795 1967 832; x_wconf 91' lang='lat' dir='ltr'><strong>non</strong></span> <span class='ocrx_word' id='word_1_53' title='bbox 2029 785 2116 831; x_wconf 87' lang='lat' dir='ltr'><strong>est</strong></span> 
     </span>
    </p>
   </div>
   <div class='ocr_carea' id='block_1_9' title="bbox 547 877 2108 949">
    <p class='ocr_par' dir='ltr' id='par_1_9' title="bbox 547 877 2108 949">
     <span class='ocr_line' id='line_1_10' title="bbox 547 877 2108 949; baseline -0.012 -5"><span class='ocrx_word' id='word_1_54' title='bbox 547 891 744 944; x_wconf 87' lang='lat' dir='ltr'><strong>mirum</strong></span> <span class='ocrx_word' id='word_1_55' title='bbox 783 888 826 942; x_wconf 88' lang='lat' dir='ltr'><strong>si</strong></span> <span class='ocrx_word' id='word_1_56' title='bbox 882 886 1040 940; x_wconf 87' lang='lat' dir='ltr'><strong>etiam</strong></span> <span class='ocrx_word' id='word_1_57' title='bbox 1081 897 1142 936; x_wconf 88' lang='lat' dir='ltr'><strong>ca</strong></span> <span class='ocrx_word' id='word_1_58' title='bbox 1175 895 1292 949; x_wconf 68' lang='lat' dir='ltr'><strong>quae</strong></span> <span class='ocrx_word' id='word_1_59' title='bbox 1344 894 1371 931; x_wconf 88' lang='lat' dir='ltr'><strong>a</strong></span> <span class='ocrx_word' id='word_1_60' title='bbox 1419 887 1571 946; x_wconf 84' lang='lat' dir='ltr'><strong>patre</strong></span> <span class='ocrx_word' id='word_1_61' title='bbox 1618 877 1951 938; x_wconf 87' lang='lat' dir='ltr'><strong>dicebantur,</strong></span> <span class='ocrx_word' id='word_1_62' title='bbox 1987 881 2108 940; x_wconf 92' lang='lat' dir='ltr'><strong>post</strong></span> 
     </span>
    </p>
   </div>
   <div class='ocr_carea' id='block_1_10' title="bbox 546 963 2105 1034">
    <p class='ocr_par' dir='ltr' id='par_1_10' title="bbox 546 963 2105 1034">
     <span class='ocr_line' id='line_1_11' title="bbox 546 963 2105 1034; baseline -0.012 0"><span class='ocrx_word' id='word_1_63' title='bbox 546 982 882 1034; x_wconf 88' lang='lat' dir='ltr'><strong>nativitatem</strong></span> <span class='ocrx_word' id='word_1_64' title='bbox 945 973 1290 1028; x_wconf 82' lang='lat' dir='ltr'><strong>intellexerit.</strong></span> <span class='ocrx_word' id='word_1_65' title='bbox 1349 969 1572 1023; x_wconf 73' lang='lat' dir='ltr'><strong>Praeibis</strong></span> <span class='ocrx_word' id='word_1_66' title='bbox 1622 975 1823 1031; x_wconf 89' lang='lat' dir='ltr'><strong>autem,</strong></span> <span class='ocrx_word' id='word_1_67' title='bbox 1881 963 2105 1032; x_wconf 88' lang='lat' dir='ltr'><strong>inquit,</strong></span> 
     </span>
    </p>
   </div>
   <div class='ocr_carea' id='block_1_11' title="bbox 541 1055 2107 1132">
    <p class='ocr_par' dir='ltr' id='par_1_11' title="bbox 541 1055 2107 1132">
     <span class='ocr_line' id='line_1_12' title="bbox 541 1055 2107 1132; baseline -0.013 -6"><span class='ocrx_word' id='word_1_68' title='bbox 541 1082 668 1126; x_wconf 76' lang='lat' dir='ltr'><strong>ante</strong></span> <span class='ocrx_word' id='word_1_69' title='bbox 725 1068 1002 1123; x_wconf 89' lang='lat' dir='ltr'><strong>Dominum</strong></span> <span class='ocrx_word' id='word_1_70' title='bbox 1058 1080 1142 1119; x_wconf 90' lang='lat' dir='ltr'><strong>me</strong></span> <span class='ocrx_word' id='word_1_71' title='bbox 1194 1063 1350 1132; x_wconf 89' lang='lat' dir='ltr'><strong>paulo</strong></span> <span class='ocrx_word' id='word_1_72' title='bbox 1385 1073 1502 1130; x_wconf 71' lang='lat' dir='ltr'><strong>posr</strong></span> <span class='ocrx_word' id='word_1_73' title='bbox 1548 1059 1822 1113; x_wconf 89' lang='lat' dir='ltr'><strong>derelicto.</strong></span> <span class='ocrx_word' id='word_1_74' title='bbox 1889 1055 2107 1109; x_wconf 85' lang='lat' dir='ltr'><strong>Sciebat</strong></span> 
     </span>
    </p>
   </div>
   <div class='ocr_carea' id='block_1_12' title="bbox 545 1146 2107 1224">
    <p class='ocr_par' dir='ltr' id='par_1_12' title="bbox 545 1146 2107 1224">
     <span class='ocr_line' id='line_1_13' title="bbox 545 1146 2107 1224; baseline -0.013 -6"><span class='ocrx_word' id='word_1_75' title='bbox 545 1167 687 1219; x_wconf 88' lang='lat' dir='ltr'><strong>enim</strong></span> <span class='ocrx_word' id='word_1_76' title='bbox 733 1159 1024 1215; x_wconf 83' lang='lat' dir='ltr'><strong>Zacharias</strong></span> <span class='ocrx_word' id='word_1_77' title='bbox 1080 1156 1222 1224; x_wconf 88' lang='lat' dir='ltr'><strong>quod</strong></span> <span class='ocrx_word' id='word_1_78' title='bbox 1268 1168 1369 1206; x_wconf 94' lang='lat' dir='ltr'><strong>non</strong></span> <span class='ocrx_word' id='word_1_79' title='bbox 1435 1151 1599 1204; x_wconf 89' lang='lat' dir='ltr'><strong>multo</strong></span> <span class='ocrx_word' id='word_1_80' title='bbox 1659 1157 1779 1219; x_wconf 89' lang='lat' dir='ltr'><strong>post</strong></span> <span class='ocrx_word' id='word_1_81' title='bbox 1813 1146 2107 1218; x_wconf 85' lang='lat' dir='ltr'><strong>privandus</strong></span> 
     </span>
    </p>
   </div>
   <div class='ocr_carea' id='block_1_13' title="bbox 543 1235 2105 1320">
    <p class='ocr_par' dir='ltr' id='par_1_13' title="bbox 543 1235 2105 1320">
     <span class='ocr_line' id='line_1_14' title="bbox 543 1235 2105 1320; baseline -0.014 -8"><span class='ocrx_word' id='word_1_82' title='bbox 543 1264 688 1311; x_wconf 84' lang='lat' dir='ltr'><strong>esset</strong></span> <span class='ocrx_word' id='word_1_83' title='bbox 714 1269 801 1319; x_wconf 91' lang='lat' dir='ltr'><strong>eo,</strong></span> <span class='ocrx_word' id='word_1_84' title='bbox 835 1251 1050 1320; x_wconf 90' lang='lat' dir='ltr'><strong>quando</strong></span> <span class='ocrx_word' id='word_1_85' title='bbox 1081 1247 1343 1315; x_wconf 79' lang='lat' dir='ltr'><strong>fugiturus</strong></span> <span class='ocrx_word' id='word_1_86' title='bbox 1367 1242 1551 1296; x_wconf 89' lang='lat' dir='ltr'><strong>eratin</strong></span> <span class='ocrx_word' id='word_1_87' title='bbox 1589 1241 1890 1294; x_wconf 89' lang='lat' dir='ltr'><strong>desertum.</strong></span> <span class='ocrx_word' id='word_1_88' title='bbox 1928 1235 2105 1303; x_wconf 86' lang='lat' dir='ltr'><strong>Quare</strong></span> 
     </span>
    </p>
   </div>
   <div class='ocr_carea' id='block_1_14' title="bbox 545 1330 2111 1415">
    <p class='ocr_par' dir='ltr' id='par_1_14' title="bbox 545 1330 2111 1415">
     <span class='ocr_line' id='line_1_15' title="bbox 545 1330 2111 1415; baseline -0.014 -14"><span class='ocrx_word' id='word_1_89' title='bbox 545 1359 722 1402; x_wconf 86' lang='lat' dir='ltr'><strong>autem</strong></span> <span class='ocrx_word' id='word_1_90' title='bbox 760 1341 1020 1415; x_wconf 74' lang='lat' dir='ltr'><strong>prteibis?</strong></span> <span class='ocrx_word' id='word_1_91' title='bbox 1061 1339 1130 1394; x_wconf 90' lang='lat' dir='ltr'><strong>Ut</strong></span> <span class='ocrx_word' id='word_1_92' title='bbox 1159 1347 1416 1407; x_wconf 88' lang='lat' dir='ltr'><strong>parentur</strong></span> <span class='ocrx_word' id='word_1_93' title='bbox 1442 1335 1539 1387; x_wconf 71' lang='lat' dir='ltr'><strong>vite</strong></span> <span class='ocrx_word' id='word_1_94' title='bbox 1593 1332 1821 1387; x_wconf 88' lang='lat' dir='ltr'><strong>Domini.</strong></span> <span class='ocrx_word' id='word_1_95' title='bbox 1855 1330 1966 1382; x_wconf 72' lang='lat' dir='ltr'><strong>Vite</strong></span> <span class='ocrx_word' id='word_1_96' title='bbox 2016 1344 2111 1380; x_wconf 92' lang='lat' dir='ltr'><strong>au-</strong></span> 
     </span>
    </p>
   </div>
   <div class='ocr_carea' id='block_1_15' title="bbox 547 1422 2107 1498">
    <p class='ocr_par' dir='ltr' id='par_1_15' title="bbox 547 1422 2107 1498">
     <span class='ocr_line' id='line_1_16' title="bbox 547 1422 2107 1498; baseline -0.013 -7"><span class='ocrx_word' id='word_1_97' title='bbox 547 1452 651 1494; x_wconf 88' lang='lat' dir='ltr'><strong>tem</strong></span> <span class='ocrx_word' id='word_1_98' title='bbox 679 1445 805 1492; x_wconf 86' lang='lat' dir='ltr'><strong>sunt</strong></span> <span class='ocrx_word' id='word_1_99' title='bbox 830 1435 1022 1488; x_wconf 74' lang='lat' dir='ltr'><strong>anima:</strong></span> <span class='ocrx_word' id='word_1_100' title='bbox 1071 1432 1123 1484; x_wconf 91' lang='lat' dir='ltr'><strong>in</strong></span> <span class='ocrx_word' id='word_1_101' title='bbox 1171 1430 1364 1498; x_wconf 88' lang='lat' dir='ltr'><strong>quibus</strong></span> <span class='ocrx_word' id='word_1_102' title='bbox 1410 1425 1607 1479; x_wconf 86' lang='lat' dir='ltr'><strong>incedit</strong></span> <span class='ocrx_word' id='word_1_103' title='bbox 1660 1422 1937 1482; x_wconf 87' lang='lat' dir='ltr'><strong>Dominus,</strong></span> <span class='ocrx_word' id='word_1_104' title='bbox 1972 1433 2107 1488; x_wconf 86' lang='lat' dir='ltr'><strong>quas</strong></span> 
     </span>
    </p>
   </div>
   <div class='ocr_carea' id='block_1_16' title="bbox 545 1512 2106 1599">
    <p class='ocr_par' dir='ltr' id='par_1_16' title="bbox 545 1512 2106 1599">
     <span class='ocr_line' id='line_1_17' title="bbox 545 1512 2106 1599; baseline -0.015 -15"><span class='ocrx_word' id='word_1_105' title='bbox 545 1529 864 1599; x_wconf 75' lang='lat' dir='ltr'><strong>praeparavit</strong></span> <span class='ocrx_word' id='word_1_106' title='bbox 897 1525 1204 1578; x_wconf 64' lang='lat' dir='ltr'><strong>Prmcursor</strong></span> <span class='ocrx_word' id='word_1_107' title='bbox 1233 1530 1289 1573; x_wconf 92' lang='lat' dir='ltr'><strong>ut</strong></span> <span class='ocrx_word' id='word_1_108' title='bbox 1316 1520 1366 1573; x_wconf 88' lang='lat' dir='ltr'><strong>in</strong></span> <span class='ocrx_word' id='word_1_109' title='bbox 1400 1519 1479 1571; x_wconf 88' lang='lat' dir='ltr'><strong>eis</strong></span> <span class='ocrx_word' id='word_1_110' title='bbox 1507 1513 1810 1568; x_wconf 88' lang='lat' dir='ltr'><strong>ambularet</strong></span> <span class='ocrx_word' id='word_1_111' title='bbox 1837 1512 2106 1565; x_wconf 86' lang='lat' dir='ltr'><strong>Christus.</strong></span> 
     </span>
    </p>
   </div>
   <div class='ocr_carea' id='block_1_17' title="bbox 547 1603 2105 1690">
    <p class='ocr_par' dir='ltr' id='par_1_17' title="bbox 547 1603 2105 1690">
     <span class='ocr_line' id='line_1_18' title="bbox 547 1603 2105 1690; baseline -0.013 -15"><span class='ocrx_word' id='word_1_112' title='bbox 547 1623 824 1690; x_wconf 84' lang='lat' dir='ltr'><strong>Quomodo</strong></span> <span class='ocrx_word' id='word_1_113' title='bbox 855 1628 1035 1673; x_wconf 89' lang='lat' dir='ltr'><strong>autem</strong></span> <span class='ocrx_word' id='word_1_114' title='bbox 1066 1616 1186 1669; x_wconf 90' lang='lat' dir='ltr'><strong>illas</strong></span> <span class='ocrx_word' id='word_1_115' title='bbox 1214 1610 1576 1682; x_wconf 82' lang='lat' dir='ltr'><strong>praeparavit?</strong></span> <span class='ocrx_word' id='word_1_116' title='bbox 1609 1607 1791 1662; x_wconf 85' lang='lat' dir='ltr'><strong>Dando</strong></span> <span class='ocrx_word' id='word_1_117' title='bbox 1826 1603 2105 1658; x_wconf 84' lang='lat' dir='ltr'><strong>scientiam</strong></span> 
     </span>
    </p>
   </div>
   <div class='ocr_carea' id='block_1_18' title="bbox 547 1693 2108 1782">
    <p class='ocr_par' dir='ltr' id='par_1_18' title="bbox 547 1693 2108 1782">
     <span class='ocr_line' id='line_1_19' title="bbox 547 1693 2108 1782; baseline -0.015 -12"><span class='ocrx_word' id='word_1_118' title='bbox 547 1716 735 1770; x_wconf 85' lang='lat' dir='ltr'><strong>salutis</strong></span> <span class='ocrx_word' id='word_1_119' title='bbox 757 1711 968 1782; x_wconf 86' lang='lat' dir='ltr'><strong>populo.</strong></span> <span class='ocrx_word' id='word_1_120' title='bbox 997 1707 1155 1762; x_wconf 88' lang='lat' dir='ltr'><strong>Salus</strong></span> <span class='ocrx_word' id='word_1_121' title='bbox 1184 1706 1398 1776; x_wconf 89' lang='lat' dir='ltr'><strong>quidem</strong></span> <span class='ocrx_word' id='word_1_122' title='bbox 1420 1711 1538 1756; x_wconf 87' lang='lat' dir='ltr'><strong>erat</strong></span> <span class='ocrx_word' id='word_1_123' title='bbox 1561 1701 1818 1754; x_wconf 89' lang='lat' dir='ltr'><strong>Dominus</strong></span> <span class='ocrx_word' id='word_1_124' title='bbox 1840 1693 2108 1765; x_wconf 56' lang='lat' dir='ltr'><strong>2851c-</strong></span> 
     </span>
    </p>
   </div>
   <div class='ocr_carea' id='block_1_19' title="bbox 547 1782 2106 1870">
    <p class='ocr_par' dir='ltr' id='par_1_19' title="bbox 547 1782 2106 1870">
     <span class='ocr_line' id='line_1_20' title="bbox 547 1782 2106 1870; baseline -0.017 -10"><span class='ocrx_word' id='word_1_125' title='bbox 547 1823 656 1861; x_wconf 87' lang='lat' dir='ltr'><strong>sus.</strong></span> <span class='ocrx_word' id='word_1_126' title='bbox 681 1806 806 1857; x_wconf 87' lang='lat' dir='ltr'><strong>Data</strong></span> <span class='ocrx_word' id='word_1_127' title='bbox 828 1801 1095 1870; x_wconf 86' lang='lat' dir='ltr'><strong>estigitur</strong></span> <span class='ocrx_word' id='word_1_128' title='bbox 1116 1795 1342 1852; x_wconf 87' lang='lat' dir='ltr'><strong>scientia</strong></span> <span class='ocrx_word' id='word_1_129' title='bbox 1364 1792 1573 1856; x_wconf 87' lang='lat' dir='ltr'><strong>salutis,</strong></span> <span class='ocrx_word' id='word_1_130' title='bbox 1617 1792 1720 1844; x_wconf 91' lang='lat' dir='ltr'><strong>hoc</strong></span> <span class='ocrx_word' id='word_1_131' title='bbox 1749 1798 1854 1850; x_wconf 87' lang='lat' dir='ltr'><strong>est,</strong></span> <span class='ocrx_word' id='word_1_132' title='bbox 1886 1782 2106 1847; x_wconf 80' lang='lat' dir='ltr'><strong>Christi,</strong></span> 
     </span>
    </p>
   </div>
   <div class='ocr_carea' id='block_1_20' title="bbox 549 1877 2108 1969">
    <p class='ocr_par' dir='ltr' id='par_1_20' title="bbox 549 1877 2108 1969">
     <span class='ocr_line' id='line_1_21' title="bbox 549 1877 2108 1969; baseline -0.017 -17"><span class='ocrx_word' id='word_1_133' title='bbox 549 1899 742 1969; x_wconf 86' lang='lat' dir='ltr'><strong>populo</strong></span> <span class='ocrx_word' id='word_1_134' title='bbox 800 1912 826 1949; x_wconf 90' lang='lat' dir='ltr'><strong>a</strong></span> <span class='ocrx_word' id='word_1_135' title='bbox 866 1895 1091 1950; x_wconf 86' lang='lat' dir='ltr'><strong>Joanne.</strong></span> <span class='ocrx_word' id='word_1_136' title='bbox 1131 1889 1364 1944; x_wconf 81' lang='lat' dir='ltr'><strong>Joannes</strong></span> <span class='ocrx_word' id='word_1_137' title='bbox 1409 1885 1551 1939; x_wconf 90' lang='lat' dir='ltr'><strong>enim</strong></span> <span class='ocrx_word' id='word_1_138' title='bbox 1597 1879 1988 1936; x_wconf 82' lang='lat' dir='ltr'><strong>testiﬁcahatnr</strong></span> <span class='ocrx_word' id='word_1_139' title='bbox 2045 1877 2108 1927; x_wconf 89' lang='lat' dir='ltr'><strong>de</strong></span> 
     </span>
    </p>
   </div>
   <div class='ocr_carea' id='block_1_21' title="bbox 546 1973 2107 2043">
    <p class='ocr_par' dir='ltr' id='par_1_21' title="bbox 546 1973 2107 2043">
     <span class='ocr_line' id='line_1_22' title="bbox 546 1973 2107 2043; baseline -0.017 -1"><span class='ocrx_word' id='word_1_140' title='bbox 546 1989 693 2043; x_wconf 87' lang='lat' dir='ltr'><strong>.lesu.</strong></span> <span class='ocrx_word' id='word_1_141' title='bbox 723 1983 958 2039; x_wconf 90' lang='lat' dir='ltr'><strong>Scientia</strong></span> <span class='ocrx_word' id='word_1_142' title='bbox 1023 1989 1197 2032; x_wconf 89' lang='lat' dir='ltr'><strong>autem</strong></span> <span class='ocrx_word' id='word_1_143' title='bbox 1231 1986 1347 2032; x_wconf 89' lang='lat' dir='ltr'><strong>erat</strong></span> <span class='ocrx_word' id='word_1_144' title='bbox 1388 1976 1440 2028; x_wconf 91' lang='lat' dir='ltr'><strong>in</strong></span> <span class='ocrx_word' id='word_1_145' title='bbox 1496 1973 1820 2026; x_wconf 87' lang='lat' dir='ltr'><strong>remissione</strong></span> <span class='ocrx_word' id='word_1_146' title='bbox 1861 1976 2107 2033; x_wconf 85' lang='lat' dir='ltr'><strong>peccato-</strong></span> 
     </span>
    </p>
   </div>
   <div class='ocr_carea' id='block_1_22' title="bbox 547 2060 2109 2135">
    <p class='ocr_par' dir='ltr' id='par_1_22' title="bbox 547 2060 2109 2135">
     <span class='ocr_line' id='line_1_23' title="bbox 547 2060 2109 2135; baseline -0.016 0"><span class='ocrx_word' id='word_1_147' title='bbox 547 2096 687 2135; x_wconf 86' lang='lat' dir='ltr'><strong>rum.</strong></span> <span class='ocrx_word' id='word_1_148' title='bbox 728 2077 843 2132; x_wconf 87' lang='lat' dir='ltr'><strong>Non</strong></span> <span class='ocrx_word' id='word_1_149' title='bbox 867 2075 1007 2130; x_wconf 90' lang='lat' dir='ltr'><strong>enim</strong></span> <span class='ocrx_word' id='word_1_150' title='bbox 1045 2073 1199 2126; x_wconf 84' lang='lat' dir='ltr'><strong>aliter</strong></span> <span class='ocrx_word' id='word_1_151' title='bbox 1229 2069 1475 2123; x_wconf 86' lang='lat' dir='ltr'><strong>Christus</strong></span> <span class='ocrx_word' id='word_1_152' title='bbox 1515 2066 1727 2134; x_wconf 80' lang='lat' dir='ltr'><strong>agnitus</strong></span> <span class='ocrx_word' id='word_1_153' title='bbox 1771 2060 1960 2115; x_wconf 82' lang='lat' dir='ltr'><strong>fuisset</strong></span> <span class='ocrx_word' id='word_1_154' title='bbox 1990 2072 2109 2112; x_wconf 81' lang='lat' dir='ltr'><strong>esse</strong></span> 
     </span>
    </p>
   </div>
   <div class='ocr_carea' id='block_1_23' title="bbox 549 2152 2110 2235">
    <p class='ocr_par' dir='ltr' id='par_1_23' title="bbox 549 2152 2110 2235">
     <span class='ocr_line' id='line_1_24' title="bbox 549 2152 2110 2235; baseline -0.016 -10"><span class='ocrx_word' id='word_1_155' title='bbox 549 2174 712 2235; x_wconf 84' lang='lat' dir='ltr'><strong>Deus,</strong></span> <span class='ocrx_word' id='word_1_156' title='bbox 742 2168 841 2223; x_wconf 86' lang='lat' dir='ltr'><strong>nisi</strong></span> <span class='ocrx_word' id='word_1_157' title='bbox 870 2164 1166 2220; x_wconf 90' lang='lat' dir='ltr'><strong>remisisset</strong></span> <span class='ocrx_word' id='word_1_158' title='bbox 1202 2168 1416 2230; x_wconf 85' lang='lat' dir='ltr'><strong>peccata</strong></span> <span class='ocrx_word' id='word_1_159' title='bbox 1461 2157 1678 2225; x_wconf 91' lang='lat' dir='ltr'><strong>populo.</strong></span> <span class='ocrx_word' id='word_1_160' title='bbox 1704 2152 1794 2206; x_wconf 92' lang='lat' dir='ltr'><strong>Dei</strong></span> <span class='ocrx_word' id='word_1_161' title='bbox 1835 2152 1974 2204; x_wconf 86' lang='lat' dir='ltr'><strong>enim</strong></span> <span class='ocrx_word' id='word_1_162' title='bbox 2027 2159 2110 2202; x_wconf 76' lang='lat' dir='ltr'><strong>est</strong></span> 
     </span>
    </p>
   </div>
   <div class='ocr_carea' id='block_1_24' title="bbox 549 2245 2111 2328">
    <p class='ocr_par' dir='ltr' id='par_1_24' title="bbox 549 2245 2111 2328">
     <span class='ocr_line' id='line_1_25' title="bbox 549 2245 2111 2328; baseline -0.015 -12"><span class='ocrx_word' id='word_1_163' title='bbox 549 2263 829 2319; x_wconf 87' lang='lat' dir='ltr'><strong>remittere</strong></span> <span class='ocrx_word' id='word_1_164' title='bbox 856 2267 1096 2328; x_wconf 89' lang='lat' dir='ltr'><strong>peccata.</strong></span> <span class='ocrx_word' id='word_1_165' title='bbox 1129 2253 1356 2307; x_wconf 78' lang='lat' dir='ltr'><strong>Remisit</strong></span> <span class='ocrx_word' id='word_1_166' title='bbox 1399 2259 1575 2303; x_wconf 88' lang='lat' dir='ltr'><strong>autem</strong></span> <span class='ocrx_word' id='word_1_167' title='bbox 1624 2247 1778 2300; x_wconf 87' lang='lat' dir='ltr'><strong>nobis</strong></span> <span class='ocrx_word' id='word_1_168' title='bbox 1828 2245 1952 2306; x_wconf 88' lang='lat' dir='ltr'><strong>ista,</strong></span> <span class='ocrx_word' id='word_1_169' title='bbox 1988 2256 2111 2309; x_wconf 86' lang='lat' dir='ltr'><strong>pro—</strong></span> 
     </span>
    </p>
   </div>
   <div class='ocr_carea' id='block_1_25' title="bbox 549 2337 2108 2424">
    <p class='ocr_par' dir='ltr' id='par_1_25' title="bbox 549 2337 2108 2424">
     <span class='ocr_line' id='line_1_26' title="bbox 549 2337 2108 2424; baseline -0.012 -21"><span class='ocrx_word' id='word_1_170' title='bbox 549 2367 668 2424; x_wconf 84' lang='lat' dir='ltr'><strong>pter</strong></span> <span class='ocrx_word' id='word_1_171' title='bbox 729 2353 934 2406; x_wconf 82' lang='lat' dir='ltr'><strong>viscera</strong></span> <span class='ocrx_word' id='word_1_172' title='bbox 1009 2344 1414 2402; x_wconf 69' lang='lat' dir='ltr'><strong>misericordiae.</strong></span> <span class='ocrx_word' id='word_1_173' title='bbox 1470 2338 1583 2392; x_wconf 84' lang='lat' dir='ltr'><strong>Non</strong></span> <span class='ocrx_word' id='word_1_174' title='bbox 1661 2337 1802 2389; x_wconf 90' lang='lat' dir='ltr'><strong>enim</strong></span> <span class='ocrx_word' id='word_1_175' title='bbox 1888 2342 2108 2402; x_wconf 82' lang='lat' dir='ltr'><strong>propter</strong></span> 
     </span>
    </p>
   </div>
   <div class='ocr_carea' id='block_1_26' title="bbox 543 2421 2108 2514">
    <p class='ocr_par' dir='ltr' id='par_1_26' title="bbox 543 2421 2108 2514">
     <span class='ocr_line' id='line_1_27' title="bbox 543 2421 2108 2514; baseline -0.017 -16"><span class='ocrx_word' id='word_1_176' title='bbox 543 2461 706 2514; x_wconf 81' lang='lat' dir='ltr'><strong>Opera</strong></span> <span class='ocrx_word' id='word_1_177' title='bbox 762 2451 969 2503; x_wconf 76' lang='lat' dir='ltr'><strong>nostra,</strong></span> <span class='ocrx_word' id='word_1_178' title='bbox 1003 2437 1133 2491; x_wconf 88' lang='lat' dir='ltr'><strong>nihil</strong></span> <span class='ocrx_word' id='word_1_179' title='bbox 1187 2435 1330 2488; x_wconf 91' lang='lat' dir='ltr'><strong>cnim</strong></span> <span class='ocrx_word' id='word_1_180' title='bbox 1387 2431 1610 2485; x_wconf 78' lang='lat' dir='ltr'><strong>fecimus</strong></span> <span class='ocrx_word' id='word_1_181' title='bbox 1656 2428 1778 2481; x_wconf 93' lang='lat' dir='ltr'><strong>boni</strong></span> <span class='ocrx_word' id='word_1_182' title='bbox 1823 2443 1836 2479; x_wconf 87' lang='lat'><strong>:</strong></span> <span class='ocrx_word' id='word_1_183' title='bbox 1881 2424 1973 2477; x_wconf 92' lang='lat' dir='ltr'><strong>sed</strong></span> <span class='ocrx_word' id='word_1_184' title='bbox 2020 2421 2108 2474; x_wconf 88' lang='lat' dir='ltr'><strong>ille</strong></span> 
     </span>
    </p>
   </div>
   <div class='ocr_carea' id='block_1_27' title="bbox 544 2510 2107 2592">
    <p class='ocr_par' dir='ltr' id='par_1_27' title="bbox 544 2510 2107 2592">
     <span class='ocr_line' id='line_1_28' title="bbox 544 2510 2107 2592; baseline -0.016 -5"><span class='ocrx_word' id='word_1_185' title='bbox 544 2534 783 2589; x_wconf 77' lang='lat' dir='ltr'><strong>visitavit</strong></span> <span class='ocrx_word' id='word_1_186' title='bbox 860 2546 956 2584; x_wconf 91' lang='lat' dir='ltr'><strong>nos</strong></span> <span class='ocrx_word' id='word_1_187' title='bbox 1007 2545 1072 2582; x_wconf 83' lang='lat' dir='ltr'><strong>ex</strong></span> <span class='ocrx_word' id='word_1_188' title='bbox 1129 2528 1286 2587; x_wconf 89' lang='lat' dir='ltr'><strong>alto,</strong></span> <span class='ocrx_word' id='word_1_189' title='bbox 1345 2523 1435 2592; x_wconf 93' lang='lat' dir='ltr'><strong>qui</strong></span> <span class='ocrx_word' id='word_1_190' title='bbox 1486 2520 1667 2575; x_wconf 90' lang='lat' dir='ltr'><strong>oriens</strong></span> <span class='ocrx_word' id='word_1_191' title='bbox 1743 2515 1958 2570; x_wconf 91' lang='lat' dir='ltr'><strong>dicitur.</strong></span> <span class='ocrx_word' id='word_1_192' title='bbox 2017 2510 2107 2565; x_wconf 88' lang='lat' dir='ltr'><strong>Sol</strong></span> 
     </span>
    </p>
   </div>
   <div class='ocr_carea' id='block_1_28' title="bbox 544 2607 2110 2691">
    <p class='ocr_par' dir='ltr' id='par_1_28' title="bbox 544 2607 2110 2691">
     <span class='ocr_line' id='line_1_29' title="bbox 544 2607 2110 2691; baseline -0.018 -9"><span class='ocrx_word' id='word_1_193' title='bbox 544 2627 686 2682; x_wconf 88' lang='lat' dir='ltr'><strong>enim</strong></span> <span class='ocrx_word' id='word_1_194' title='bbox 745 2624 968 2691; x_wconf 67' lang='lat' dir='ltr'><strong>iustitiae</strong></span> <span class='ocrx_word' id='word_1_195' title='bbox 1009 2631 1110 2683; x_wconf 73' lang='lat' dir='ltr'><strong>eat,</strong></span> <span class='ocrx_word' id='word_1_196' title='bbox 1156 2628 1209 2672; x_wconf 89' lang='lat' dir='ltr'><strong>et</strong></span> <span class='ocrx_word' id='word_1_197' title='bbox 1257 2616 1431 2670; x_wconf 80' lang='lat' dir='ltr'><strong>illuxit</strong></span> <span class='ocrx_word' id='word_1_198' title='bbox 1486 2611 1641 2665; x_wconf 89' lang='lat' dir='ltr'><strong>nobis</strong></span> <span class='ocrx_word' id='word_1_199' title='bbox 1705 2607 1800 2677; x_wconf 88' lang='lat' dir='ltr'><strong>qui</strong></span> <span class='ocrx_word' id='word_1_200' title='bbox 1849 2608 1903 2659; x_wconf 93' lang='lat' dir='ltr'><strong>in</strong></span> <span class='ocrx_word' id='word_1_201' title='bbox 1960 2613 2110 2657; x_wconf 89' lang='lat' dir='ltr'><strong>tene-</strong></span> 
     </span>
    </p>
   </div>
   <div class='ocr_carea' id='block_1_29' title="bbox 543 2695 2108 2778">
    <p class='ocr_par' dir='ltr' id='par_1_29' title="bbox 543 2695 2108 2778">
     <span class='ocr_line' id='line_1_30' title="bbox 543 2695 2108 2778; baseline -0.02 -5"><span class='ocrx_word' id='word_1_202' title='bbox 543 2718 657 2774; x_wconf 81' lang='lat' dir='ltr'><strong>bris</strong></span> <span class='ocrx_word' id='word_1_203' title='bbox 684 2729 922 2778; x_wconf 84' lang='lat' dir='ltr'><strong>eramus,</strong></span> <span class='ocrx_word' id='word_1_204' title='bbox 947 2713 1046 2765; x_wconf 89' lang='lat' dir='ltr'><strong>hoc</strong></span> <span class='ocrx_word' id='word_1_205' title='bbox 1068 2717 1171 2770; x_wconf 86' lang='lat' dir='ltr'><strong>est,</strong></span> <span class='ocrx_word' id='word_1_206' title='bbox 1215 2708 1266 2758; x_wconf 92' lang='lat' dir='ltr'><strong>in</strong></span> <span class='ocrx_word' id='word_1_207' title='bbox 1297 2701 1622 2774; x_wconf 64' lang='lat' dir='ltr'><strong>ignorantia,</strong></span> <span class='ocrx_word' id='word_1_208' title='bbox 1652 2708 1702 2752; x_wconf 90' lang='lat' dir='ltr'><strong>et</strong></span> <span class='ocrx_word' id='word_1_209' title='bbox 1737 2695 1927 2749; x_wconf 88' lang='lat' dir='ltr'><strong>umbra</strong></span> <span class='ocrx_word' id='word_1_210' title='bbox 1962 2707 2108 2746; x_wconf 84' lang='lat' dir='ltr'><strong>mor—</strong></span> 
     </span>
    </p>
   </div>
   <div class='ocr_carea' id='block_1_30' title="bbox 547 2781 2107 2874">
    <p class='ocr_par' dir='ltr' id='par_1_30' title="bbox 547 2781 2107 2874">
     <span class='ocr_line' id='line_1_31' title="bbox 547 2781 2107 2874; baseline -0.019 -12"><span class='ocrx_word' id='word_1_211' title='bbox 547 2810 637 2874; x_wconf 87' lang='lat' dir='ltr'><strong>tis,</strong></span> <span class='ocrx_word' id='word_1_212' title='bbox 673 2809 774 2862; x_wconf 91' lang='lat' dir='ltr'><strong>boe</strong></span> <span class='ocrx_word' id='word_1_213' title='bbox 833 2813 935 2868; x_wconf 88' lang='lat' dir='ltr'><strong>est,</strong></span> <span class='ocrx_word' id='word_1_214' title='bbox 988 2799 1248 2870; x_wconf 88' lang='lat' dir='ltr'><strong>peccatis,</strong></span> <span class='ocrx_word' id='word_1_215' title='bbox 1290 2795 1556 2849; x_wconf 86' lang='lat' dir='ltr'><strong>sedentes.</strong></span> <span class='ocrx_word' id='word_1_216' title='bbox 1603 2791 1715 2843; x_wconf 89' lang='lat' dir='ltr'><strong>Duo</strong></span> <span class='ocrx_word' id='word_1_217' title='bbox 1765 2786 1906 2839; x_wconf 91' lang='lat' dir='ltr'><strong>enim</strong></span> <span class='ocrx_word' id='word_1_218' title='bbox 1971 2781 2107 2837; x_wconf 88' lang='lat' dir='ltr'><strong>mala</strong></span> 
     </span>
    </p>
   </div>
   <div class='ocr_carea' id='block_1_31' title="bbox 549 2875 2107 2962">
    <p class='ocr_par' dir='ltr' id='par_1_31' title="bbox 549 2875 2107 2962">
     <span class='ocr_line' id='line_1_32' title="bbox 549 2875 2107 2962; baseline -0.019 -9"><span class='ocrx_word' id='word_1_219' title='bbox 549 2904 838 2953; x_wconf 89' lang='lat' dir='ltr'><strong>humanum</strong></span> <span class='ocrx_word' id='word_1_220' title='bbox 873 2906 1042 2962; x_wconf 87' lang='lat' dir='ltr'><strong>genus</strong></span> <span class='ocrx_word' id='word_1_221' title='bbox 1090 2890 1404 2941; x_wconf 85' lang='lat' dir='ltr'><strong>invaserunt</strong></span> <span class='ocrx_word' id='word_1_222' title='bbox 1442 2898 1456 2934; x_wconf 90' lang='lat'><strong>:</strong></span> <span class='ocrx_word' id='word_1_223' title='bbox 1491 2879 1757 2952; x_wconf 79' lang='lat' dir='ltr'><strong>ignoratio</strong></span> <span class='ocrx_word' id='word_1_224' title='bbox 1805 2875 1918 2939; x_wconf 86' lang='lat' dir='ltr'><strong>Dei,</strong></span> <span class='ocrx_word' id='word_1_225' title='bbox 1949 2888 2107 2941; x_wconf 92' lang='lat' dir='ltr'><strong>quam</strong></span> 
     </span>
    </p>
   </div>
   <div class='ocr_carea' id='block_1_32' title="bbox 547 2962 2109 3051">
    <p class='ocr_par' dir='ltr' id='par_1_32' title="bbox 547 2962 2109 3051">
     <span class='ocr_line' id='line_1_33' title="bbox 547 2962 2109 3051; baseline -0.02 -9"><span class='ocrx_word' id='word_1_226' title='bbox 547 2987 818 3042; x_wconf 82' lang='lat' dir='ltr'><strong>habebant</strong></span> <span class='ocrx_word' id='word_1_227' title='bbox 867 2979 1091 3051; x_wconf 80' lang='lat' dir='ltr'><strong>gentiles</strong></span> <span class='ocrx_word' id='word_1_228' title='bbox 1139 2997 1151 3031; x_wconf 90' lang='lat'><strong>:</strong></span> <span class='ocrx_word' id='word_1_229' title='bbox 1193 2983 1248 3031; x_wconf 83' lang='lat' dir='ltr'><strong>et</strong></span> <span class='ocrx_word' id='word_1_230' title='bbox 1299 2980 1597 3044; x_wconf 88' lang='lat' dir='ltr'><strong>peccatum,</strong></span> <span class='ocrx_word' id='word_1_231' title='bbox 1643 2969 1785 3037; x_wconf 88' lang='lat' dir='ltr'><strong>quod</strong></span> <span class='ocrx_word' id='word_1_232' title='bbox 1842 2962 2109 3018; x_wconf 83' lang='lat' dir='ltr'><strong>habebant</strong></span> 
     </span>
    </p>
   </div>
   <div class='ocr_carea' id='block_1_33' title="bbox 549 3057 2109 3140">
    <p class='ocr_par' dir='ltr' id='par_1_33' title="bbox 549 3057 2109 3140">
     <span class='ocr_line' id='line_1_34' title="bbox 549 3057 2109 3140; baseline -0.016 -7"><span class='ocrx_word' id='word_1_233' title='bbox 549 3078 780 3140; x_wconf 79' lang='lat' dir='ltr'><strong>llebra:i,</strong></span> <span class='ocrx_word' id='word_1_234' title='bbox 808 3077 930 3128; x_wconf 90' lang='lat' dir='ltr'><strong>licet</strong></span> <span class='ocrx_word' id='word_1_235' title='bbox 978 3071 1142 3124; x_wconf 89' lang='lat' dir='ltr'><strong>Deum</strong></span> <span class='ocrx_word' id='word_1_236' title='bbox 1179 3072 1586 3136; x_wconf 87' lang='lat' dir='ltr'><strong>cognoscerent.</strong></span> <span class='ocrx_word' id='word_1_237' title='bbox 1616 3058 1878 3129; x_wconf 77' lang='lat' dir='ltr'><strong>Apparuit</strong></span> <span class='ocrx_word' id='word_1_238' title='bbox 1933 3057 2109 3123; x_wconf 86' lang='lat' dir='ltr'><strong>itaque</strong></span> 
     </span>
    </p>
   </div>
   <div class='ocr_carea' id='block_1_34' title="bbox 2226 577 3796 657">
    <p class='ocr_par' dir='ltr' id='par_1_34' title="bbox 2226 577 3796 657">
     <span class='ocr_line' id='line_1_35' title="bbox 2226 577 3796 657; baseline -0.009 -14"><span class='ocrx_word' id='word_1_239' title='bbox 2226 590 2330 642; x_wconf 85' lang='grc' dir='ltr'>ἔδει</span> <span class='ocrx_word' id='word_1_240' title='bbox 2382 587 2607 657; x_wconf 72' lang='grc' dir='ltr'>ὁμιλεῖν.</span> <span class='ocrx_word' id='word_1_241' title='bbox 2643 585 2826 636; x_wconf 81' lang='grc' dir='ltr'><strong>Ἔστιν</strong></span> <span class='ocrx_word' id='word_1_242' title='bbox 2869 577 2960 634; x_wconf 80' lang='grc' dir='ltr'>οὗν</span> <span class='ocrx_word' id='word_1_243' title='bbox 3015 583 3190 654; x_wconf 84' lang='grc' dir='ltr'>εἰπεῖν</span> <span class='ocrx_word' id='word_1_244' title='bbox 3238 583 3341 642; x_wconf 76' lang='grc' dir='ltr'>ὅτι,</span> <span class='ocrx_word' id='word_1_245' title='bbox 3386 579 3576 650; x_wconf 78' lang='grc' dir='ltr'>ὥσπερ</span> <span class='ocrx_word' id='word_1_246' title='bbox 3637 580 3796 648; x_wconf 80' lang='grc' dir='ltr'>ξένην</span> 
     </span>
    </p>
   </div>
   <div class='ocr_carea' id='block_1_35' title="bbox 2225 671 3796 751">
    <p class='ocr_par' dir='ltr' id='par_1_35' title="bbox 2225 671 3796 751">
     <span class='ocr_line' id='line_1_36' title="bbox 2225 671 3796 751; baseline -0.007 -18"><span class='ocrx_word' id='word_1_247' title='bbox 2225 681 2347 751; x_wconf 71' lang='grc' dir='ltr'>ἔσχε</span> <span class='ocrx_word' id='word_1_248' title='bbox 2381 677 2763 749; x_wconf 32' lang='grc' dir='ltr'>τὴνηγέννησιν</span> <span class='ocrx_word' id='word_1_249' title='bbox 2802 674 2861 727; x_wconf 83' lang='grc' dir='ltr'>τὸ</span> <span class='ocrx_word' id='word_1_250' title='bbox 2901 672 3130 736; x_wconf 75' lang='grc' dir='ltr'>παιδίον,</span> <span class='ocrx_word' id='word_1_251' title='bbox 3166 672 3466 742; x_wconf 83' lang='grc' dir='ltr'>σκιρτῆσαν</span> <span class='ocrx_word' id='word_1_252' title='bbox 3511 671 3608 725; x_wconf 72' lang='grc' dir='ltr'><strong>καὶ</strong></span> <span class='ocrx_word' id='word_1_253' title='bbox 3659 690 3796 740; x_wconf 74' lang='grc' dir='ltr'>προ·</span> 
     </span>
    </p>
   </div>
   <div class='ocr_carea' id='block_1_36' title="bbox 2226 765 3796 843">
    <p class='ocr_par' dir='ltr' id='par_1_36' title="bbox 2226 765 3796 843">
     <span class='ocr_line' id='line_1_37' title="bbox 2226 765 3796 843; baseline -0.006 -18"><span class='ocrx_word' id='word_1_254' title='bbox 2226 770 2499 843; x_wconf 84' lang='grc' dir='ltr'>φητεῦσαν</span> <span class='ocrx_word' id='word_1_255' title='bbox 2551 772 2608 823; x_wconf 84' lang='grc' dir='ltr'>ὲν</span> <span class='ocrx_word' id='word_1_256' title='bbox 2639 771 2703 839; x_wconf 83' lang='grc' dir='ltr'>τῇ</span> <span class='ocrx_word' id='word_1_257' title='bbox 2748 768 2933 837; x_wconf 69' lang='grc' dir='ltr'>μήτρα</span> <span class='ocrx_word' id='word_1_258' title='bbox 2983 767 3076 818; x_wconf 73' lang='grc' dir='ltr'><strong>ἐπὶ</strong></span> <span class='ocrx_word' id='word_1_259' title='bbox 3126 768 3192 835; x_wconf 78' lang='grc' dir='ltr'>τῇ</span> <span class='ocrx_word' id='word_1_260' title='bbox 3234 765 3505 836; x_wconf 71' lang='grc' dir='ltr'>παρουσίᾳ</span> <span class='ocrx_word' id='word_1_261' title='bbox 3537 765 3640 833; x_wconf 78' lang='grc' dir='ltr'><strong>τῆς</strong></span> <span class='ocrx_word' id='word_1_262' title='bbox 3668 766 3796 818; x_wconf 83' lang='grc' dir='ltr'><strong>Μα-</strong></span> 
     </span>
    </p>
   </div>
   <div class='ocr_carea' id='block_1_37' title="bbox 2227 857 3797 935">
    <p class='ocr_par' dir='ltr' id='par_1_37' title="bbox 2227 857 3797 935">
     <span class='ocr_line' id='line_1_38' title="bbox 2227 857 3797 935; baseline -0.004 -19"><span class='ocrx_word' id='word_1_263' title='bbox 2227 867 2382 935; x_wconf 86' lang='grc' dir='ltr'>ριὰμ,</span> <span class='ocrx_word' id='word_1_264' title='bbox 2435 862 2606 925; x_wconf 77' lang='grc' dir='ltr'>οὕτως</span> <span class='ocrx_word' id='word_1_265' title='bbox 2661 859 2813 913; x_wconf 83' lang='grc' dir='ltr'>οὐδὲν</span> <span class='ocrx_word' id='word_1_266' title='bbox 2885 861 3111 912; x_wconf 81' lang='grc' dir='ltr'>ἄπιστον</span> <span class='ocrx_word' id='word_1_267' title='bbox 3161 858 3252 910; x_wconf 72' lang='grc' dir='ltr'><strong>καὶ</strong></span> <span class='ocrx_word' id='word_1_268' title='bbox 3323 859 3429 909; x_wconf 80' lang='grc' dir='ltr'><strong>τῶν</strong></span> <span class='ocrx_word' id='word_1_269' title='bbox 3484 857 3797 928; x_wconf 81' lang='grc' dir='ltr'>λεγομένων</span> 
     </span>
    </p>
   </div>
   <div class='ocr_carea' id='block_1_38' title="bbox 2221 945 3794 1022">
    <p class='ocr_par' dir='ltr' id='par_1_38' title="bbox 2221 945 3794 1022">
     <span class='ocr_line' id='line_1_39' title="bbox 2221 945 3794 1022; baseline -0.006 -15"><span class='ocrx_word' id='word_1_270' title='bbox 2221 955 2373 1022; x_wconf 63' lang='grc' dir='ltr'>παρὰ</span> <span class='ocrx_word' id='word_1_271' title='bbox 2410 951 2502 1005; x_wconf 82' lang='grc' dir='ltr'><strong>τοῦ</strong></span> <span class='ocrx_word' id='word_1_272' title='bbox 2547 949 2748 1021; x_wconf 69' lang='grc' dir='ltr'>πατρὸς</span> <span class='ocrx_word' id='word_1_273' title='bbox 2776 947 3129 1001; x_wconf 63' lang='grc' dir='ltr'>αἰσθάνεσθαι</span> <span class='ocrx_word' id='word_1_274' title='bbox 3187 947 3323 1014; x_wconf 88' lang='grc' dir='ltr'><strong>μετά</strong></span> <span class='ocrx_word' id='word_1_275' title='bbox 3363 945 3460 1015; x_wconf 81' lang='grc' dir='ltr'>τὴν</span> <span class='ocrx_word' id='word_1_276' title='bbox 3519 947 3794 1015; x_wconf 75' lang='grc' dir='ltr'><strong>γέννησιν.</strong></span> 
     </span>
    </p>
   </div>
   <div class='ocr_carea' id='block_1_39' title="bbox 2216 1036 3796 1117">
    <p class='ocr_par' dir='ltr' id='par_1_39' title="bbox 2216 1036 3796 1117">
     <span class='ocr_line' id='line_1_40' title="bbox 2216 1036 3796 1117; baseline -0.008 -18"><span class='ocrx_word' id='word_1_277' title='bbox 2216 1043 2578 1117; x_wconf 83' lang='grc' dir='ltr'>Προπορεύσῃ</span> <span class='ocrx_word' id='word_1_278' title='bbox 2605 1043 2681 1106; x_wconf 83' lang='grc' dir='ltr'>δὲ,</span> <span class='ocrx_word' id='word_1_279' title='bbox 2716 1041 2896 1111; x_wconf 69' lang='grc' dir='ltr'>φησιν,</span> <span class='ocrx_word' id='word_1_280' title='bbox 2933 1037 3241 1108; x_wconf 76' lang='grc' dir='ltr'>ἔμπροσθεν</span> <span class='ocrx_word' id='word_1_281' title='bbox 3264 1036 3358 1090; x_wconf 82' lang='grc' dir='ltr'>τοῦ</span> <span class='ocrx_word' id='word_1_282' title='bbox 3374 1037 3596 1106; x_wconf 70' lang='grc' dir='ltr'><strong>Κυρῖου,</strong></span> <span class='ocrx_word' id='word_1_283' title='bbox 3624 1054 3796 1089; x_wconf 78' lang='grc' dir='ltr'>κατα-</span> 
     </span>
    </p>
   </div>
   <div class='ocr_carea' id='block_1_40' title="bbox 2214 1127 3794 1205">
    <p class='ocr_par' dir='ltr' id='par_1_40' title="bbox 2214 1127 3794 1205">
     <span class='ocr_line' id='line_1_41' title="bbox 2214 1127 3794 1205; baseline -0.008 -14"><span class='ocrx_word' id='word_1_284' title='bbox 2214 1137 2389 1192; x_wconf 80' lang='grc' dir='ltr'>λιπὼν</span> <span class='ocrx_word' id='word_1_285' title='bbox 2447 1135 2548 1205; x_wconf 66' lang='grc' dir='ltr'><strong>ἐμὲ</strong></span> <span class='ocrx_word' id='word_1_286' title='bbox 2599 1138 2720 1188; x_wconf 78' lang='grc' dir='ltr'>ὅσον</span> <span class='ocrx_word' id='word_1_287' title='bbox 2767 1134 2940 1187; x_wconf 75' lang='grc' dir='ltr'>οὔπω.</span> <span class='ocrx_word' id='word_1_288' title='bbox 3009 1131 3302 1200; x_wconf 84' lang='grc' dir='ltr'>Ἐγίνωσκε</span> <span class='ocrx_word' id='word_1_289' title='bbox 3349 1130 3456 1197; x_wconf 83' lang='grc' dir='ltr'><strong>γὰρ</strong></span> <span class='ocrx_word' id='word_1_290' title='bbox 3514 1127 3794 1198; x_wconf 75' lang='grc' dir='ltr'><strong>Ζαχαρίας</strong></span> 
     </span>
    </p>
   </div>
   <div class='ocr_carea' id='block_1_41' title="bbox 2215 1219 3798 1299">
    <p class='ocr_par' dir='ltr' id='par_1_41' title="bbox 2215 1219 3798 1299">
     <span class='ocr_line' id='line_1_42' title="bbox 2215 1219 3798 1299; baseline -0.008 -16"><span class='ocrx_word' id='word_1_291' title='bbox 2215 1231 2298 1283; x_wconf 83' lang='grc' dir='ltr'>ὅτι</span> <span class='ocrx_word' id='word_1_292' title='bbox 2339 1227 2748 1299; x_wconf 65' lang='grc' dir='ltr'>στιρτςθήσεται</span> <span class='ocrx_word' id='word_1_293' title='bbox 2793 1228 2909 1295; x_wconf 77' lang='grc' dir='ltr'>μετ’</span> <span class='ocrx_word' id='word_1_294' title='bbox 2938 1225 3118 1292; x_wconf 80' lang='grc' dir='ltr'>ὀλίγον</span> <span class='ocrx_word' id='word_1_295' title='bbox 3164 1223 3353 1284; x_wconf 75' lang='grc' dir='ltr'>αὑτοῦ,</span> <span class='ocrx_word' id='word_1_296' title='bbox 3383 1223 3461 1283; x_wconf 82' lang='grc' dir='ltr'>εἰς</span> <span class='ocrx_word' id='word_1_297' title='bbox 3511 1222 3610 1282; x_wconf 76' lang='grc' dir='ltr'>τὰς</span> <span class='ocrx_word' id='word_1_298' title='bbox 3663 1219 3798 1289; x_wconf 73' lang='grc' dir='ltr'>ἐρή-</span> 
     </span>
    </p>
   </div>
   <div class='ocr_carea' id='block_1_42' title="bbox 2216 1312 3797 1390">
    <p class='ocr_par' dir='ltr' id='par_1_42' title="bbox 2216 1312 3797 1390">
     <span class='ocr_line' id='line_1_43' title="bbox 2216 1312 3797 1390; baseline -0.008 -15"><span class='ocrx_word' id='word_1_299' title='bbox 2216 1339 2350 1390; x_wconf 83' lang='grc' dir='ltr'>μους</span> <span class='ocrx_word' id='word_1_300' title='bbox 2378 1319 2664 1390; x_wconf 82' lang='grc' dir='ltr'>μέλλοντος</span> <span class='ocrx_word' id='word_1_301' title='bbox 2704 1319 2914 1386; x_wconf 78' lang='grc' dir='ltr'><strong>φυγεῖν.</strong></span> <span class='ocrx_word' id='word_1_302' title='bbox 2947 1317 3100 1369; x_wconf 87' lang='grc' dir='ltr'>Διατί</span> <span class='ocrx_word' id='word_1_303' title='bbox 3139 1315 3194 1368; x_wconf 77' lang='grc' dir='ltr'>δὲ</span> <span class='ocrx_word' id='word_1_304' title='bbox 3240 1313 3592 1384; x_wconf 68' lang='grc' dir='ltr'>προς-πορεύσῃ</span> <span class='ocrx_word' id='word_1_305' title='bbox 3629 1330 3642 1377; x_wconf 91' lang='grc'><strong>;</strong></span> <span class='ocrx_word' id='word_1_306' title='bbox 3693 1312 3797 1363; x_wconf 81' lang='grc' dir='ltr'>Διά</span> 
     </span>
    </p>
   </div>
   <div class='ocr_carea' id='block_1_43' title="bbox 2212 1404 3796 1482">
    <p class='ocr_par' dir='ltr' id='par_1_43' title="bbox 2212 1404 3796 1482">
     <span class='ocr_line' id='line_1_44' title="bbox 2212 1404 3796 1482; baseline -0.007 -16"><span class='ocrx_word' id='word_1_307' title='bbox 2212 1413 2270 1466; x_wconf 84' lang='grc' dir='ltr'>τὸ</span> <span class='ocrx_word' id='word_1_308' title='bbox 2315 1413 2601 1482; x_wconf 78' lang='grc' dir='ltr'><strong>ἑτοιμάσαι</strong></span> <span class='ocrx_word' id='word_1_309' title='bbox 2649 1409 2748 1472; x_wconf 83' lang='grc' dir='ltr'>τὰς</span> <span class='ocrx_word' id='word_1_310' title='bbox 2805 1410 2955 1473; x_wconf 80' lang='grc' dir='ltr'>ὁδοὺς</span> <span class='ocrx_word' id='word_1_311' title='bbox 3011 1407 3106 1460; x_wconf 82' lang='grc' dir='ltr'>τοῦ</span> <span class='ocrx_word' id='word_1_312' title='bbox 3166 1407 3368 1477; x_wconf 82' lang='grc' dir='ltr'>Κυρίου</span> <span class='ocrx_word' id='word_1_313' title='bbox 3399 1422 3414 1435; x_wconf 81' lang='lat'><strong><em>°</em></strong></span> <span class='ocrx_word' id='word_1_314' title='bbox 3452 1405 3559 1456; x_wconf 74' lang='grc' dir='ltr'>ὁδοὶ</span> <span class='ocrx_word' id='word_1_315' title='bbox 3599 1404 3680 1467; x_wconf 68' lang='grc' dir='ltr'>δὲ,</span> <span class='ocrx_word' id='word_1_316' title='bbox 3737 1404 3796 1455; x_wconf 78' lang='grc' dir='ltr'>αἱ</span> 
     </span>
    </p>
   </div>
   <div class='ocr_carea' id='block_1_44' title="bbox 2211 1496 3794 1574">
    <p class='ocr_par' dir='ltr' id='par_1_44' title="bbox 2211 1496 3794 1574">
     <span class='ocr_line' id='line_1_45' title="bbox 2211 1496 3794 1574; baseline -0.006 -19"><span class='ocrx_word' id='word_1_317' title='bbox 2211 1503 2383 1574; x_wconf 75' lang='grc' dir='ltr'>ψυχαὶ</span> <span class='ocrx_word' id='word_1_318' title='bbox 2413 1504 2498 1572; x_wconf 78' lang='grc' dir='ltr'><strong>ἐφ’</strong></span> <span class='ocrx_word' id='word_1_319' title='bbox 2525 1498 2599 1558; x_wconf 83' lang='grc' dir='ltr'><strong>ὧν</strong></span> <span class='ocrx_word' id='word_1_320' title='bbox 2628 1500 2802 1555; x_wconf 81' lang='grc' dir='ltr'>ὁδεύει</span> <span class='ocrx_word' id='word_1_321' title='bbox 2833 1501 2862 1552; x_wconf 87' lang='lat'><strong>6</strong></span> <span class='ocrx_word' id='word_1_322' title='bbox 2891 1500 3092 1568; x_wconf 81' lang='grc' dir='ltr'>Κύριος</span> <span class='ocrx_word' id='word_1_323' title='bbox 3119 1513 3132 1528; x_wconf 82' lang='grc'><strong><em>⁸</em></strong></span> <span class='ocrx_word' id='word_1_324' title='bbox 3169 1498 3268 1560; x_wconf 80' lang='grc' dir='ltr'><strong>τὰς</strong></span> <span class='ocrx_word' id='word_1_325' title='bbox 3297 1498 3390 1550; x_wconf 78' lang='grc' dir='ltr'>οὖν</span> <span class='ocrx_word' id='word_1_326' title='bbox 3425 1498 3604 1566; x_wconf 67' lang='grc' dir='ltr'>ψυχὰς</span> <span class='ocrx_word' id='word_1_327' title='bbox 3639 1496 3794 1566; x_wconf 77' lang='grc' dir='ltr'>ήτοί-</span> 
     </span>
    </p>
   </div>
   <div class='ocr_carea' id='block_1_45' title="bbox 2215 1590 3799 1665">
    <p class='ocr_par' dir='ltr' id='par_1_45' title="bbox 2215 1590 3799 1665">
     <span class='ocr_line' id='line_1_46' title="bbox 2215 1590 3799 1665; baseline -0.005 -18"><span class='ocrx_word' id='word_1_328' title='bbox 2215 1611 2389 1664; x_wconf 87' lang='grc' dir='ltr'>μασεν</span> <span class='ocrx_word' id='word_1_329' title='bbox 2419 1595 2447 1646; x_wconf 91' lang='lat'><strong>6</strong></span> <span class='ocrx_word' id='word_1_330' title='bbox 2496 1594 2831 1665; x_wconf 87' lang='grc' dir='ltr'>Πρόδρομος,</span> <span class='ocrx_word' id='word_1_331' title='bbox 2868 1591 2954 1643; x_wconf 82' lang='grc' dir='ltr'><strong>ἵνα</strong></span> <span class='ocrx_word' id='word_1_332' title='bbox 3007 1592 3065 1641; x_wconf 81' lang='grc' dir='ltr'>ὲν</span> <span class='ocrx_word' id='word_1_333' title='bbox 3123 1591 3314 1650; x_wconf 80' lang='grc' dir='ltr'>αὑταῖς</span> <span class='ocrx_word' id='word_1_334' title='bbox 3377 1590 3739 1658; x_wconf 77' lang='grc' dir='ltr'><strong>περιπατήσῃ</strong></span> <span class='ocrx_word' id='word_1_335' title='bbox 3769 1590 3799 1639; x_wconf 86' lang='grc' dir='ltr'>ὁ</span> 
     </span>
    </p>
   </div>
   <div class='ocr_carea' id='block_1_46' title="bbox 2211 1678 3797 1758">
    <p class='ocr_par' dir='ltr' id='par_1_46' title="bbox 2211 1678 3797 1758">
     <span class='ocr_line' id='line_1_47' title="bbox 2211 1678 3797 1758; baseline -0.008 -19"><span class='ocrx_word' id='word_1_336' title='bbox 2211 1685 2467 1758; x_wconf 83' lang='grc' dir='ltr'>Χριστός.</span> <span class='ocrx_word' id='word_1_337' title='bbox 2520 1686 2645 1746; x_wconf 84' lang='grc' dir='ltr'><strong>Πῶς</strong></span> <span class='ocrx_word' id='word_1_338' title='bbox 2695 1684 2751 1737; x_wconf 83' lang='grc' dir='ltr'>δὲ</span> <span class='ocrx_word' id='word_1_339' title='bbox 2801 1683 3004 1745; x_wconf 71' lang='grc' dir='ltr'>ταύτας</span> <span class='ocrx_word' id='word_1_340' title='bbox 3043 1684 3349 1750; x_wconf 74' lang='grc' dir='ltr'>ἡτοίμασες</span> <span class='ocrx_word' id='word_1_341' title='bbox 3405 1681 3539 1742; x_wconf 76' lang='grc' dir='ltr'>Δοὺς</span> <span class='ocrx_word' id='word_1_342' title='bbox 3591 1678 3797 1745; x_wconf 82' lang='grc' dir='ltr'>γνῶσιν</span> 
     </span>
    </p>
   </div>
   <div class='ocr_carea' id='block_1_47' title="bbox 2216 1769 3790 1846">
    <p class='ocr_par' dir='ltr' id='par_1_47' title="bbox 2216 1769 3790 1846">
     <span class='ocr_line' id='line_1_48' title="bbox 2216 1769 3790 1846; baseline -0.006 -17"><span class='ocrx_word' id='word_1_343' title='bbox 2216 1776 2488 1846; x_wconf 80' lang='grc' dir='ltr'><strong>σωτηρίας</strong></span> <span class='ocrx_word' id='word_1_344' title='bbox 2536 1775 2613 1845; x_wconf 82' lang='grc' dir='ltr'>τῷ</span> <span class='ocrx_word' id='word_1_345' title='bbox 2657 1775 2806 1846; x_wconf 76' lang='grc' dir='ltr'><strong>λαῷο</strong></span> <span class='ocrx_word' id='word_1_346' title='bbox 2835 1774 3084 1844; x_wconf 85' lang='grc' dir='ltr'>σωτηρία</span> <span class='ocrx_word' id='word_1_347' title='bbox 3123 1773 3219 1842; x_wconf 80' lang='grc' dir='ltr'><strong>μὲν</strong></span> <span class='ocrx_word' id='word_1_348' title='bbox 3250 1772 3342 1824; x_wconf 75' lang='grc' dir='ltr'>οὖν</span> <span class='ocrx_word' id='word_1_349' title='bbox 3371 1773 3397 1823; x_wconf 86' lang='lat'><strong>6</strong></span> <span class='ocrx_word' id='word_1_350' title='bbox 3423 1771 3628 1839; x_wconf 81' lang='grc' dir='ltr'>Κύριος</span> <span class='ocrx_word' id='word_1_351' title='bbox 3680 1769 3790 1836; x_wconf 75' lang='grc' dir='ltr'><strong>’1η-</strong></span> 
     </span>
    </p>
   </div>
   <div class='ocr_carea' id='block_1_48' title="bbox 2143 1850 3790 1938">
    <p class='ocr_par' dir='ltr' id='par_1_48' title="bbox 2143 1850 3790 1938">
     <span class='ocr_line' id='line_1_49' title="bbox 2143 1850 3790 1938; baseline -0.006 -16"><span class='ocrx_word' id='word_1_352' title='bbox 2143 1850 2181 1904; x_wconf 75' lang='grc' dir='ltr'><strong><em>Β</em></strong></span> <span class='ocrx_word' id='word_1_353' title='bbox 2214 1869 2339 1932; x_wconf 82' lang='grc' dir='ltr'>σοῦς</span> <span class='ocrx_word' id='word_1_354' title='bbox 2367 1886 2381 1901; x_wconf 78' lang='grc' dir='ltr'><strong>ο</strong></span> <span class='ocrx_word' id='word_1_355' title='bbox 2424 1869 2578 1938; x_wconf 79' lang='grc' dir='ltr'>ἐδόθη</span> <span class='ocrx_word' id='word_1_356' title='bbox 2605 1868 2660 1921; x_wconf 83' lang='grc' dir='ltr'>δὲ</span> <span class='ocrx_word' id='word_1_357' title='bbox 2705 1869 2737 1938; x_wconf 85' lang='grc' dir='ltr'><strong>ή</strong></span> <span class='ocrx_word' id='word_1_358' title='bbox 2783 1869 2980 1935; x_wconf 83' lang='grc' dir='ltr'>γνῶσις</span> <span class='ocrx_word' id='word_1_359' title='bbox 3026 1867 3127 1935; x_wconf 83' lang='grc' dir='ltr'>τῆς</span> <span class='ocrx_word' id='word_1_360' title='bbox 3173 1865 3465 1934; x_wconf 73' lang='grc' dir='ltr'><strong>σωτηρίας,</strong></span> <span class='ocrx_word' id='word_1_361' title='bbox 3508 1863 3790 1924; x_wconf 74' lang='grc' dir='ltr'><strong>τουτέστι,</strong></span> 
     </span>
    </p>
   </div>
   <div class='ocr_carea' id='block_1_49' title="bbox 2211 1955 3792 2032">
    <p class='ocr_par' dir='ltr' id='par_1_49' title="bbox 2211 1955 3792 2032">
     <span class='ocr_line' id='line_1_50' title="bbox 2211 1955 3792 2032; baseline -0.005 -18"><span class='ocrx_word' id='word_1_362' title='bbox 2211 1961 2304 2014; x_wconf 79' lang='grc' dir='ltr'><strong>τοῦ</strong></span> <span class='ocrx_word' id='word_1_363' title='bbox 2358 1962 2614 2032; x_wconf 80' lang='grc' dir='ltr'><strong>Χριστοῦ,</strong></span> <span class='ocrx_word' id='word_1_364' title='bbox 2649 1961 2725 2028; x_wconf 82' lang='grc' dir='ltr'><strong>τῷ</strong></span> <span class='ocrx_word' id='word_1_365' title='bbox 2778 1959 2891 2028; x_wconf 81' lang='grc' dir='ltr'><strong>λαῷ</strong></span> <span class='ocrx_word' id='word_1_366' title='bbox 2941 1960 3094 2029; x_wconf 84' lang='grc' dir='ltr'>ποιρά</span> <span class='ocrx_word' id='word_1_367' title='bbox 3139 1958 3234 2010; x_wconf 77' lang='grc' dir='ltr'>τοῦ</span> <span class='ocrx_word' id='word_1_368' title='bbox 3281 1957 3525 2009; x_wconf 79' lang='grc' dir='ltr'><strong>Ἰωάννου</strong></span> <span class='ocrx_word' id='word_1_369' title='bbox 3564 1958 3630 2008; x_wconf 82' lang='grc' dir='ltr'><strong>’ὁ</strong></span> <span class='ocrx_word' id='word_1_370' title='bbox 3679 1955 3792 2023; x_wconf 75' lang='grc' dir='ltr'><strong>γὰρ</strong></span> 
     </span>
    </p>
   </div>
   <div class='ocr_carea' id='block_1_50' title="bbox 2229 2048 3794 2125">
    <p class='ocr_par' dir='ltr' id='par_1_50' title="bbox 2229 2048 3794 2125">
     <span class='ocr_line' id='line_1_51' title="bbox 2229 2048 3794 2125; baseline -0.006 -17"><span class='ocrx_word' id='word_1_371' title='bbox 2229 2056 2483 2125; x_wconf 82' lang='grc' dir='ltr'><strong>Ἰωάννης</strong></span> <span class='ocrx_word' id='word_1_372' title='bbox 2515 2054 2812 2125; x_wconf 77' lang='grc' dir='ltr'>ἐμαρτύρει</span> <span class='ocrx_word' id='word_1_373' title='bbox 2840 2055 2968 2124; x_wconf 73' lang='grc' dir='ltr'>περὶ</span> <span class='ocrx_word' id='word_1_374' title='bbox 3001 2053 3095 2105; x_wconf 77' lang='grc' dir='ltr'>τοῦ</span> <span class='ocrx_word' id='word_1_375' title='bbox 3148 2051 3324 2121; x_wconf 85' lang='grc' dir='ltr'><strong>Ἰησοῦ</strong></span> <span class='ocrx_word' id='word_1_376' title='bbox 3350 2067 3362 2078; x_wconf 93' lang='grc'><strong>·</strong></span> <span class='ocrx_word' id='word_1_377' title='bbox 3392 2052 3424 2119; x_wconf 82' lang='grc' dir='ltr'>ἡ</span> <span class='ocrx_word' id='word_1_378' title='bbox 3470 2050 3525 2101; x_wconf 87' lang='grc' dir='ltr'>δὲ</span> <span class='ocrx_word' id='word_1_379' title='bbox 3562 2048 3794 2116; x_wconf 83' lang='grc' dir='ltr'>γνῶσις,</span> 
     </span>
    </p>
   </div>
   <div class='ocr_carea' id='block_1_51' title="bbox 2215 2140 3796 2216">
    <p class='ocr_par' dir='ltr' id='par_1_51' title="bbox 2215 2140 3796 2216">
     <span class='ocr_line' id='line_1_52' title="bbox 2215 2140 3796 2216; baseline -0.006 -16"><span class='ocrx_word' id='word_1_380' title='bbox 2215 2150 2272 2200; x_wconf 81' lang='grc' dir='ltr'><strong>ἐν</strong></span> <span class='ocrx_word' id='word_1_381' title='bbox 2304 2147 2496 2216; x_wconf 83' lang='grc' dir='ltr'><strong>ἀφέσει</strong></span> <span class='ocrx_word' id='word_1_382' title='bbox 2555 2148 2839 2216; x_wconf 82' lang='grc' dir='ltr'>ἁμαρτιῶν</span> <span class='ocrx_word' id='word_1_383' title='bbox 2893 2147 3133 2213; x_wconf 83' lang='grc' dir='ltr'>ἐγένετο.</span> <span class='ocrx_word' id='word_1_384' title='bbox 3181 2145 3294 2195; x_wconf 71' lang='grc' dir='ltr'><strong>Οὐκ</strong></span> <span class='ocrx_word' id='word_1_385' title='bbox 3347 2142 3414 2195; x_wconf 87' lang='grc' dir='ltr'><strong>ἂν</strong></span> <span class='ocrx_word' id='word_1_386' title='bbox 3457 2141 3566 2210; x_wconf 72' lang='grc' dir='ltr'><strong>γὰρ</strong></span> <span class='ocrx_word' id='word_1_387' title='bbox 3615 2140 3796 2200; x_wconf 74' lang='grc' dir='ltr'>ἄλλως</span> 
     </span>
    </p>
   </div>
   <div class='ocr_carea' id='block_1_52' title="bbox 2225 2232 3795 2306">
    <p class='ocr_par' dir='ltr' id='par_1_52' title="bbox 2225 2232 3795 2306">
     <span class='ocr_line' id='line_1_53' title="bbox 2225 2232 3795 2306; baseline -0.005 -16"><span class='ocrx_word' id='word_1_388' title='bbox 2225 2237 2545 2306; x_wconf 73' lang='grc' dir='ltr'><strong>ἐπεγνώσθη</strong></span> <span class='ocrx_word' id='word_1_389' title='bbox 2579 2237 2711 2299; x_wconf 84' lang='grc' dir='ltr'><strong>Θεὸς</strong></span> <span class='ocrx_word' id='word_1_390' title='bbox 2753 2233 2889 2290; x_wconf 78' lang='grc' dir='ltr'>εἶναι</span> <span class='ocrx_word' id='word_1_391' title='bbox 2921 2239 2946 2289; x_wconf 98' lang='lat'><strong>6</strong></span> <span class='ocrx_word' id='word_1_392' title='bbox 2984 2237 3207 2306; x_wconf 80' lang='grc' dir='ltr'>Κύριος,</span> <span class='ocrx_word' id='word_1_393' title='bbox 3247 2237 3292 2287; x_wconf 85' lang='grc' dir='ltr'>εἰ</span> <span class='ocrx_word' id='word_1_394' title='bbox 3348 2235 3421 2304; x_wconf 80' lang='grc' dir='ltr'>μὴ</span> <span class='ocrx_word' id='word_1_395' title='bbox 3456 2234 3636 2303; x_wconf 80' lang='grc' dir='ltr'>ἀφῆκε</span> <span class='ocrx_word' id='word_1_396' title='bbox 3694 2232 3795 2294; x_wconf 73' lang='grc' dir='ltr'><strong>τὰς</strong></span> 
     </span>
    </p>
   </div>
   <div class='ocr_carea' id='block_1_53' title="bbox 2223 2323 3793 2399">
    <p class='ocr_par' dir='ltr' id='par_1_53' title="bbox 2223 2323 3793 2399">
     <span class='ocr_line' id='line_1_54' title="bbox 2223 2323 3793 2399; baseline -0.006 -17"><span class='ocrx_word' id='word_1_397' title='bbox 2223 2330 2498 2399; x_wconf 82' lang='grc' dir='ltr'>ἁμαρτίας</span> <span class='ocrx_word' id='word_1_398' title='bbox 2531 2329 2608 2399; x_wconf 85' lang='grc' dir='ltr'>τῷ</span> <span class='ocrx_word' id='word_1_399' title='bbox 2637 2328 2750 2398; x_wconf 83' lang='grc' dir='ltr'>λαῷ</span> <span class='ocrx_word' id='word_1_400' title='bbox 2784 2345 2796 2358; x_wconf 89' lang='grc'><strong>·</strong></span> <span class='ocrx_word' id='word_1_401' title='bbox 2830 2328 2965 2380; x_wconf 73' lang='grc' dir='ltr'>Θεοῦ</span> <span class='ocrx_word' id='word_1_402' title='bbox 2997 2329 3104 2398; x_wconf 77' lang='grc' dir='ltr'><strong>γὰρ</strong></span> <span class='ocrx_word' id='word_1_403' title='bbox 3133 2328 3193 2379; x_wconf 83' lang='grc' dir='ltr'>τὸ</span> <span class='ocrx_word' id='word_1_404' title='bbox 3241 2326 3458 2395; x_wconf 78' lang='grc' dir='ltr'>ἀφιέναι</span> <span class='ocrx_word' id='word_1_405' title='bbox 3493 2323 3793 2393; x_wconf 78' lang='grc' dir='ltr'>ἁμαρτίας.</span> 
     </span>
    </p>
   </div>
   <div class='ocr_carea' id='block_1_54' title="bbox 2233 2419 3793 2494">
    <p class='ocr_par' dir='ltr' id='par_1_54' title="bbox 2233 2419 3793 2494">
     <span class='ocr_line' id='line_1_55' title="bbox 2233 2419 3793 2494; baseline -0.004 -20"><span class='ocrx_word' id='word_1_406' title='bbox 2233 2422 2435 2491; x_wconf 86' lang='grc' dir='ltr'>Ἀφῆκε</span> <span class='ocrx_word' id='word_1_407' title='bbox 2486 2423 2541 2476; x_wconf 74' lang='grc' dir='ltr'>δὲ</span> <span class='ocrx_word' id='word_1_408' title='bbox 2587 2426 2718 2494; x_wconf 76' lang='grc' dir='ltr'>ἡμῖν</span> <span class='ocrx_word' id='word_1_409' title='bbox 2750 2421 2975 2487; x_wconf 87' lang='grc' dir='ltr'>ταύτας,</span> <span class='ocrx_word' id='word_1_410' title='bbox 2999 2421 3088 2474; x_wconf 78' lang='grc' dir='ltr'><strong>διὰ</strong></span> <span class='ocrx_word' id='word_1_411' title='bbox 3139 2421 3421 2489; x_wconf 81' lang='grc' dir='ltr'>σπλάγχνα</span> <span class='ocrx_word' id='word_1_412' title='bbox 3471 2420 3689 2481; x_wconf 70' lang='grc' dir='ltr'>ἐλέουςσ</span> <span class='ocrx_word' id='word_1_413' title='bbox 3730 2419 3793 2468; x_wconf 75' lang='grc' dir='ltr'><strong>ού</strong></span> 
     </span>
    </p>
   </div>
   <div class='ocr_carea' id='block_1_55' title="bbox 2211 2511 3795 2584">
    <p class='ocr_par' dir='ltr' id='par_1_55' title="bbox 2211 2511 3795 2584">
     <span class='ocr_line' id='line_1_56' title="bbox 2211 2511 3795 2584; baseline -0.003 -19"><span class='ocrx_word' id='word_1_414' title='bbox 2211 2514 2320 2584; x_wconf 77' lang='grc' dir='ltr'>γάρ</span> <span class='ocrx_word' id='word_1_415' title='bbox 2348 2514 2432 2566; x_wconf 77' lang='grc' dir='ltr'><strong>διὰ</strong></span> <span class='ocrx_word' id='word_1_416' title='bbox 2455 2515 2522 2567; x_wconf 86' lang='grc' dir='ltr'><strong>τά</strong></span> <span class='ocrx_word' id='word_1_417' title='bbox 2555 2514 2691 2584; x_wconf 80' lang='grc' dir='ltr'>ἔργα</span> <span class='ocrx_word' id='word_1_418' title='bbox 2728 2514 2882 2584; x_wconf 86' lang='grc' dir='ltr'>ήμῶν</span> <span class='ocrx_word' id='word_1_419' title='bbox 2911 2530 2922 2544; x_wconf 88' lang='grc'><strong>·</strong></span> <span class='ocrx_word' id='word_1_420' title='bbox 2956 2513 3014 2564; x_wconf 76' lang='grc' dir='ltr'>οὐ</span> <span class='ocrx_word' id='word_1_421' title='bbox 3038 2513 3147 2582; x_wconf 81' lang='grc' dir='ltr'><strong>γὰρ</strong></span> <span class='ocrx_word' id='word_1_422' title='bbox 3188 2511 3527 2581; x_wconf 75' lang='grc' dir='ltr'>ἐποιήσαμεν</span> <span class='ocrx_word' id='word_1_423' title='bbox 3557 2528 3609 2563; x_wconf 92' lang='grc' dir='ltr'><strong>τι</strong></span> <span class='ocrx_word' id='word_1_424' title='bbox 3655 2511 3795 2574; x_wconf 66' lang='grc' dir='ltr'>ἀγα-</span> 
     </span>
    </p>
   </div>
   <div class='ocr_carea' id='block_1_56' title="bbox 2212 2601 3793 2672">
    <p class='ocr_par' dir='ltr' id='par_1_56' title="bbox 2212 2601 3793 2672">
     <span class='ocr_line' id='line_1_57' title="bbox 2212 2601 3793 2672; baseline -0.002 -16"><span class='ocrx_word' id='word_1_425' title='bbox 2212 2604 2303 2656; x_wconf 82' lang='grc' dir='ltr'><strong>θόν</strong></span> <span class='ocrx_word' id='word_1_426' title='bbox 2340 2621 2352 2635; x_wconf 64' lang='grc' dir='ltr'><strong>θ</strong></span> <span class='ocrx_word' id='word_1_427' title='bbox 2388 2604 2502 2657; x_wconf 86' lang='grc' dir='ltr'>ἀλλ’</span> <span class='ocrx_word' id='word_1_428' title='bbox 2563 2607 2767 2666; x_wconf 76' lang='grc' dir='ltr'>ἐκεῖνος</span> <span class='ocrx_word' id='word_1_429' title='bbox 2840 2606 3180 2672; x_wconf 73' lang='grc' dir='ltr'>ἐπεσκέψατο</span> <span class='ocrx_word' id='word_1_430' title='bbox 3239 2604 3384 2671; x_wconf 74' lang='grc' dir='ltr'>ἡμᾶς</span> <span class='ocrx_word' id='word_1_431' title='bbox 3448 2602 3508 2665; x_wconf 77' lang='grc' dir='ltr'><strong>ἐξ</strong></span> <span class='ocrx_word' id='word_1_432' title='bbox 3595 2601 3793 2670; x_wconf 70' lang='grc' dir='ltr'>ὕψους,</span> 
     </span>
    </p>
   </div>
   <div class='ocr_carea' id='block_1_57' title="bbox 2211 2693 3792 2765">
    <p class='ocr_par' dir='ltr' id='par_1_57' title="bbox 2211 2693 3792 2765">
     <span class='ocr_line' id='line_1_58' title="bbox 2211 2693 3792 2765; baseline -0.004 -16"><span class='ocrx_word' id='word_1_433' title='bbox 2211 2695 2446 2765; x_wconf 77' lang='grc' dir='ltr'><strong>ἀνατολὴ</strong></span> <span class='ocrx_word' id='word_1_434' title='bbox 2467 2695 2756 2763; x_wconf 83' lang='grc' dir='ltr'>λεγόμενος</span> <span class='ocrx_word' id='word_1_435' title='bbox 2782 2711 2796 2724; x_wconf 90' lang='grc'><strong>·</strong></span> <span class='ocrx_word' id='word_1_436' title='bbox 2817 2693 3002 2757; x_wconf 80' lang='grc' dir='ltr'>’Ἥλιος</span> <span class='ocrx_word' id='word_1_437' title='bbox 3025 2695 3129 2762; x_wconf 70' lang='grc' dir='ltr'><strong>γὰρ</strong></span> <span class='ocrx_word' id='word_1_438' title='bbox 3149 2693 3491 2763; x_wconf 76' lang='grc' dir='ltr'><strong>δικαιοσύνης</strong></span> <span class='ocrx_word' id='word_1_439' title='bbox 3515 2694 3653 2745; x_wconf 79' lang='grc' dir='ltr'>ἐστί.</span> <span class='ocrx_word' id='word_1_440' title='bbox 3684 2693 3792 2743; x_wconf 68' lang='grc' dir='ltr'>Καὶ</span> 
     </span>
    </p>
   </div>
   <div class='ocr_carea' id='block_1_58' title="bbox 2213 2786 3794 2855">
    <p class='ocr_par' dir='ltr' id='par_1_58' title="bbox 2213 2786 3794 2855">
     <span class='ocr_line' id='line_1_59' title="bbox 2213 2786 3794 2855; baseline -0.003 -15"><span class='ocrx_word' id='word_1_441' title='bbox 2213 2786 2485 2854; x_wconf 79' lang='grc' dir='ltr'>ὲπέφανεν</span> <span class='ocrx_word' id='word_1_442' title='bbox 2518 2788 2670 2855; x_wconf 80' lang='grc' dir='ltr'>ἡμῖν,</span> <span class='ocrx_word' id='word_1_443' title='bbox 2706 2788 2816 2848; x_wconf 84' lang='grc' dir='ltr'>τοῖς</span> <span class='ocrx_word' id='word_1_444' title='bbox 2855 2787 2912 2837; x_wconf 80' lang='grc' dir='ltr'>ἐν</span> <span class='ocrx_word' id='word_1_445' title='bbox 2956 2787 3157 2848; x_wconf 83' lang='grc' dir='ltr'>σκότει,</span> <span class='ocrx_word' id='word_1_446' title='bbox 3207 2787 3478 2848; x_wconf 78' lang='grc' dir='ltr'>τουτέστι,</span> <span class='ocrx_word' id='word_1_447' title='bbox 3508 2787 3572 2854; x_wconf 81' lang='grc' dir='ltr'>τῇ</span> <span class='ocrx_word' id='word_1_448' title='bbox 3610 2786 3794 2850; x_wconf 74' lang='grc' dir='ltr'>ἀγνω-</span> 
     </span>
    </p>
   </div>
   <div class='ocr_carea' id='block_1_59' title="bbox 2213 2876 3796 2948">
    <p class='ocr_par' dir='ltr' id='par_1_59' title="bbox 2213 2876 3796 2948">
     <span class='ocr_line' id='line_1_60' title="bbox 2213 2876 3796 2948; baseline -0.001 -18"><span class='ocrx_word' id='word_1_449' title='bbox 2213 2880 2332 2948; x_wconf 73' lang='grc' dir='ltr'>σία·</span> <span class='ocrx_word' id='word_1_450' title='bbox 2366 2877 2458 2929; x_wconf 77' lang='grc' dir='ltr'><strong>καὶ</strong></span> <span class='ocrx_word' id='word_1_451' title='bbox 2500 2880 2566 2945; x_wconf 79' lang='grc' dir='ltr'>τῇ</span> <span class='ocrx_word' id='word_1_452' title='bbox 2617 2879 2744 2947; x_wconf 82' lang='grc' dir='ltr'>σκιᾷ</span> <span class='ocrx_word' id='word_1_453' title='bbox 2787 2878 2878 2928; x_wconf 75' lang='grc' dir='ltr'>τοῦ</span> <span class='ocrx_word' id='word_1_454' title='bbox 2910 2877 3164 2943; x_wconf 82' lang='grc' dir='ltr'><strong>Θανάτου,</strong></span> <span class='ocrx_word' id='word_1_455' title='bbox 3220 2881 3283 2947; x_wconf 81' lang='grc' dir='ltr'>τῇ</span> <span class='ocrx_word' id='word_1_456' title='bbox 3334 2876 3598 2947; x_wconf 77' lang='grc' dir='ltr'>ἁμαρτίᾳ,</span> <span class='ocrx_word' id='word_1_457' title='bbox 3653 2876 3796 2928; x_wconf 79' lang='grc' dir='ltr'>καο-</span> 
     </span>
    </p>
   </div>
   <div class='ocr_carea' id='block_1_60' title="bbox 2208 2967 3874 3041">
    <p class='ocr_par' dir='ltr' id='par_1_60' title="bbox 2208 2967 3874 3041">
     <span class='ocr_line' id='line_1_61' title="bbox 2208 2967 3874 3041; baseline 0.001 -20"><span class='ocrx_word' id='word_1_458' title='bbox 2208 2970 2429 3041; x_wconf 85' lang='grc' dir='ltr'>ημένοις</span> <span class='ocrx_word' id='word_1_459' title='bbox 2464 2984 2476 2998; x_wconf 81' lang='grc'><strong><em>⁸</em></strong></span> <span class='ocrx_word' id='word_1_460' title='bbox 2506 2968 2598 3021; x_wconf 88' lang='grc' dir='ltr'><strong>δύο</strong></span> <span class='ocrx_word' id='word_1_461' title='bbox 2631 2969 2739 3038; x_wconf 74' lang='grc' dir='ltr'>γὰρ</span> <span class='ocrx_word' id='word_1_462' title='bbox 2770 2969 2915 3023; x_wconf 84' lang='grc' dir='ltr'><strong>κακά</strong></span> <span class='ocrx_word' id='word_1_463' title='bbox 2963 2971 3181 3038; x_wconf 78' lang='grc' dir='ltr'>ἐκράτει</span> <span class='ocrx_word' id='word_1_464' title='bbox 3213 2970 3307 3039; x_wconf 75' lang='grc' dir='ltr'>τῆς</span> <span class='ocrx_word' id='word_1_465' title='bbox 3340 2969 3446 3021; x_wconf 83' lang='grc' dir='ltr'>τῶν</span> <span class='ocrx_word' id='word_1_466' title='bbox 3480 2967 3792 3037; x_wconf 74' lang='grc' dir='ltr'>ἀνθρώπιον</span> <span class='ocrx_word' id='word_1_467' title='bbox 3871 3020 3874 3022; x_wconf 84' lang='grc'><strong>,</strong></span> 
     </span>
    </p>
   </div>
   <div class='ocr_carea' id='block_1_61' title="bbox 2213 3056 3794 3132">
    <p class='ocr_par' dir='ltr' id='par_1_61' title="bbox 2213 3056 3794 3132">
     <span class='ocr_line' id='line_1_62' title="bbox 2213 3056 3794 3132; baseline -0.002 -18"><span class='ocrx_word' id='word_1_468' title='bbox 2213 3063 2459 3132; x_wconf 78' lang='grc' dir='ltr'>φύσεω;”</span> <span class='ocrx_word' id='word_1_469' title='bbox 2503 3061 2748 3128; x_wconf 74' lang='grc' dir='ltr'>ἀγνωσία</span> <span class='ocrx_word' id='word_1_470' title='bbox 2805 3062 2937 3113; x_wconf 75' lang='grc' dir='ltr'>Θεοῦ</span> <span class='ocrx_word' id='word_1_471' title='bbox 2988 3063 3053 3132; x_wconf 76' lang='grc' dir='ltr'>ἢν</span> <span class='ocrx_word' id='word_1_472' title='bbox 3088 3056 3231 3131; x_wconf 75' lang='grc' dir='ltr'>εἶχον</span> <span class='ocrx_word' id='word_1_473' title='bbox 3261 3063 3309 3114; x_wconf 76' lang='grc' dir='ltr'>οἱ</span> <span class='ocrx_word' id='word_1_474' title='bbox 3359 3061 3618 3128; x_wconf 82' lang='grc' dir='ltr'>’Έλληνες</span> <span class='ocrx_word' id='word_1_475' title='bbox 3646 3078 3657 3088; x_wconf 96' lang='grc'><strong>·</strong></span> <span class='ocrx_word' id='word_1_476' title='bbox 3700 3064 3794 3112; x_wconf 73' lang='grc' dir='ltr'><strong>καὶ</strong></span> 
     </span>
    </p>
   </div>
   <div class='ocr_carea' id='block_1_62' title="bbox 551 3147 2110 3241">
    <p class='ocr_par' dir='ltr' id='par_1_62' title="bbox 551 3150 2102 3224">
     <span class='ocr_line' id='line_1_63' title="bbox 551 3150 2102 3224; baseline -0.017 -2"><span class='ocrx_word' id='word_1_477' title='bbox 551 3171 794 3222; x_wconf 67' lang='lat' dir='ltr'><strong>humanm</strong></span> <span class='ocrx_word' id='word_1_478' title='bbox 823 3172 1054 3224; x_wconf 52' lang='lat' dir='ltr'><strong>natura,</strong></span> <span class='ocrx_word' id='word_1_479' title='bbox 1085 3169 1141 3211; x_wconf 88' lang='lat' dir='ltr'><strong>ut</strong></span> <span class='ocrx_word' id='word_1_480' title='bbox 1173 3169 1222 3211; x_wconf 90' lang='lat' dir='ltr'><strong>et</strong></span> <span class='ocrx_word' id='word_1_481' title='bbox 1251 3170 1339 3210; x_wconf 87' lang='lat' dir='ltr'><strong>eos</strong></span> <span class='ocrx_word' id='word_1_482' title='bbox 1362 3155 1452 3223; x_wconf 87' lang='lat' dir='ltr'><strong>qui</strong></span> <span class='ocrx_word' id='word_1_483' title='bbox 1488 3153 1543 3206; x_wconf 90' lang='lat' dir='ltr'><strong>in</strong></span> <span class='ocrx_word' id='word_1_484' title='bbox 1580 3150 1838 3211; x_wconf 87' lang='lat' dir='ltr'><strong>tenebris,</strong></span> <span class='ocrx_word' id='word_1_485' title='bbox 1870 3150 1969 3199; x_wconf 89' lang='lat' dir='ltr'><strong>hoc</strong></span> <span class='ocrx_word' id='word_1_486' title='bbox 2002 3152 2102 3206; x_wconf 82' lang='lat' dir='ltr'><strong>est,</strong></span> 
     </span>
    </p>
   </div>
   <div class='ocr_carea' id='block_1_63' title="bbox 2216 3147 3796 3241">
    <p class='ocr_par' dir='ltr' id='par_1_63' title="bbox 2216 3147 3796 3241">
     <span class='ocr_line' id='line_1_64' title="bbox 2216 3147 3796 3241; baseline -0.003 -35"><span class='ocrx_word' id='word_1_487' title='bbox 2216 3151 2480 3223; x_wconf 82' lang='grc' dir='ltr'>ἁμαρτία,</span> <span class='ocrx_word' id='word_1_488' title='bbox 2617 3147 2762 3220; x_wconf 79' lang='grc' dir='ltr'>εῐχον</span> <span class='ocrx_word' id='word_1_489' title='bbox 2803 3154 2851 3204; x_wconf 81' lang='grc' dir='ltr'><strong>οἱ</strong></span> <span class='ocrx_word' id='word_1_490' title='bbox 2891 3153 3158 3223; x_wconf 82' lang='grc' dir='ltr'>Ἑϐραῖοι,</span> <span class='ocrx_word' id='word_1_491' title='bbox 3188 3154 3234 3204; x_wconf 78' lang='grc' dir='ltr'>εἰ</span> <span class='ocrx_word' id='word_1_492' title='bbox 3277 3153 3369 3204; x_wconf 69' lang='grc' dir='ltr'>καὶ</span> <span class='ocrx_word' id='word_1_493' title='bbox 3419 3151 3550 3203; x_wconf 75' lang='grc' dir='ltr'>Θεὸν</span> <span class='ocrx_word' id='word_1_494' title='bbox 3605 3153 3796 3215; x_wconf 75' lang='grc' dir='ltr'>ἐπεγί-</span> 
     </span>
    </p>
   </div>
   <div class='ocr_carea' id='block_1_64' title="bbox 555 3243 2108 3328">
    <p class='ocr_par' dir='ltr' id='par_1_64' title="bbox 555 3243 2108 3328">
     <span class='ocr_line' id='line_1_65' title="bbox 555 3243 2108 3328; baseline -0.017 -15"><span class='ocrx_word' id='word_1_495' title='bbox 555 3259 646 3313; x_wconf 87' lang='lat' dir='ltr'><strong>Dei</strong></span> <span class='ocrx_word' id='word_1_496' title='bbox 682 3254 1007 3328; x_wconf 76' lang='lat' dir='ltr'><strong>ignorantia,</strong></span> <span class='ocrx_word' id='word_1_497' title='bbox 1044 3261 1095 3304; x_wconf 90' lang='lat' dir='ltr'><strong>et</strong></span> <span class='ocrx_word' id='word_1_498' title='bbox 1130 3247 1318 3302; x_wconf 88' lang='lat' dir='ltr'><strong>umbra</strong></span> <span class='ocrx_word' id='word_1_499' title='bbox 1351 3243 1563 3306; x_wconf 88' lang='lat' dir='ltr'><strong>mortis,</strong></span> <span class='ocrx_word' id='word_1_500' title='bbox 1597 3243 1698 3296; x_wconf 86' lang='lat' dir='ltr'><strong>hoc</strong></span> <span class='ocrx_word' id='word_1_501' title='bbox 1730 3248 1833 3302; x_wconf 89' lang='lat' dir='ltr'><strong>est,</strong></span> <span class='ocrx_word' id='word_1_502' title='bbox 1867 3246 2108 3306; x_wconf 87' lang='lat' dir='ltr'><strong>peccato,</strong></span> 
     </span>
    </p>
   </div>
   <div class='ocr_carea' id='block_1_65' title="bbox 547 3329 2109 3414">
    <p class='ocr_par' dir='ltr' id='par_1_65' title="bbox 547 3329 2109 3414">
     <span class='ocr_line' id='line_1_66' title="bbox 547 3329 2109 3414; baseline -0.018 -8"><span class='ocrx_word' id='word_1_503' title='bbox 547 3361 630 3406; x_wconf 79' lang='lat' dir='ltr'><strong>est</strong></span> <span class='ocrx_word' id='word_1_504' title='bbox 661 3350 801 3404; x_wconf 91' lang='lat' dir='ltr'><strong>enim</strong></span> <span class='ocrx_word' id='word_1_505' title='bbox 854 3353 1132 3414; x_wconf 78' lang='lat' dir='ltr'><strong>peceatum</strong></span> <span class='ocrx_word' id='word_1_506' title='bbox 1182 3343 1371 3392; x_wconf 89' lang='lat' dir='ltr'><strong>umbra</strong></span> <span class='ocrx_word' id='word_1_507' title='bbox 1403 3334 1608 3397; x_wconf 89' lang='lat' dir='ltr'><strong>mortis,</strong></span> <span class='ocrx_word' id='word_1_508' title='bbox 1641 3339 1798 3386; x_wconf 89' lang='lat' dir='ltr'><strong>erant</strong></span> <span class='ocrx_word' id='word_1_509' title='bbox 1839 3329 2109 3389; x_wconf 87' lang='lat' dir='ltr'><strong>sedentes,</strong></span> 
     </span>
    </p>
   </div>
   <div class='ocr_carea' id='block_1_66' title="bbox 552 3421 2112 3496">
    <p class='ocr_par' dir='ltr' id='par_1_66' title="bbox 552 3421 2112 3496">
     <span class='ocr_line' id='line_1_67' title="bbox 552 3421 2112 3496; baseline -0.016 -1"><span class='ocrx_word' id='word_1_510' title='bbox 552 3437 1008 3496; x_wconf 84' lang='lat' dir='ltr'><strong>illnstraret.ldeo</strong></span> <span class='ocrx_word' id='word_1_511' title='bbox 1052 3443 1227 3486; x_wconf 85' lang='lat' dir='ltr'><strong>autem</strong></span> <span class='ocrx_word' id='word_1_512' title='bbox 1260 3431 1504 3484; x_wconf 77' lang='lat' dir='ltr'><strong>umbram</strong></span> <span class='ocrx_word' id='word_1_513' title='bbox 1550 3424 1742 3479; x_wconf 88' lang='lat' dir='ltr'><strong>mortis</strong></span> <span class='ocrx_word' id='word_1_514' title='bbox 1793 3421 1894 3475; x_wconf 87' lang='lat' dir='ltr'><strong>diei</strong></span> <span class='ocrx_word' id='word_1_515' title='bbox 1923 3421 2112 3487; x_wconf 86' lang='lat' dir='ltr'><strong>opinor</strong></span> 
     </span>
    </p>
   </div>
   <div class='ocr_carea' id='block_1_67' title="bbox 547 3512 2111 3606">
    <p class='ocr_par' dir='ltr' id='par_1_67' title="bbox 547 3512 2111 3606">
     <span class='ocr_line' id='line_1_68' title="bbox 547 3512 2111 3606; baseline -0.017 -17"><span class='ocrx_word' id='word_1_516' title='bbox 547 3527 1014 3606; x_wconf 72' lang='lat' dir='ltr'><strong>p3ecatum,quod</strong></span> <span class='ocrx_word' id='word_1_517' title='bbox 1073 3527 1209 3579; x_wconf 88' lang='lat' dir='ltr'><strong>sicut</strong></span> <span class='ocrx_word' id='word_1_518' title='bbox 1241 3523 1428 3575; x_wconf 91' lang='lat' dir='ltr'><strong>umbra</strong></span> <span class='ocrx_word' id='word_1_519' title='bbox 1479 3520 1723 3585; x_wconf 87' lang='lat' dir='ltr'><strong>sequitur</strong></span> <span class='ocrx_word' id='word_1_520' title='bbox 1780 3527 1996 3582; x_wconf 90' lang='lat' dir='ltr'><strong>corpus,</strong></span> <span class='ocrx_word' id='word_1_521' title='bbox 2037 3512 2111 3564; x_wconf 91' lang='lat' dir='ltr'><strong>ita</strong></span> 
     </span>
    </p>
   </div>
   <div class='ocr_carea' id='block_1_68' title="bbox 549 3607 2112 3686">
    <p class='ocr_par' dir='ltr' id='par_1_68' title="bbox 549 3607 2112 3686">
     <span class='ocr_line' id='line_1_69' title="bbox 549 3607 2112 3686; baseline -0.015 -6"><span class='ocrx_word' id='word_1_522' title='bbox 549 3628 636 3680; x_wconf 90' lang='lat' dir='ltr'><strong>ubi</strong></span> <span class='ocrx_word' id='word_1_523' title='bbox 681 3640 846 3686; x_wconf 87' lang='lat' dir='ltr'><strong>mors,</strong></span> <span class='ocrx_word' id='word_1_524' title='bbox 885 3622 989 3674; x_wconf 89' lang='lat' dir='ltr'><strong>illic</strong></span> <span class='ocrx_word' id='word_1_525' title='bbox 1042 3627 1095 3670; x_wconf 79' lang='lat' dir='ltr'><strong>et</strong></span> <span class='ocrx_word' id='word_1_526' title='bbox 1149 3623 1451 3684; x_wconf 87' lang='lat' dir='ltr'><strong>peccatum.</strong></span> <span class='ocrx_word' id='word_1_527' title='bbox 1482 3611 1638 3666; x_wconf 84' lang='lat' dir='ltr'><strong>Unde</strong></span> <span class='ocrx_word' id='word_1_528' title='bbox 1691 3607 1815 3677; x_wconf 85' lang='lat' dir='ltr'><strong>quia</strong></span> <span class='ocrx_word' id='word_1_529' title='bbox 1865 3613 2112 3659; x_wconf 88' lang='lat' dir='ltr'><strong>mortuus</strong></span> 
     </span>
    </p>
   </div>
   <div class='ocr_carea' id='block_1_69' title="bbox 547 3703 2110 3774">
    <p class='ocr_par' dir='ltr' id='par_1_69' title="bbox 547 3703 2110 3774">
     <span class='ocr_line' id='line_1_70' title="bbox 547 3703 2110 3774; baseline -0.015 -4"><span class='ocrx_word' id='word_1_530' title='bbox 547 3728 631 3770; x_wconf 71' lang='lat' dir='ltr'><strong>est</strong></span> <span class='ocrx_word' id='word_1_531' title='bbox 664 3715 853 3774; x_wconf 78' lang='lat' dir='ltr'><strong>Adam,</strong></span> <span class='ocrx_word' id='word_1_532' title='bbox 889 3718 1308 3763; x_wconf 85' lang='lat' dir='ltr'><strong>consentaneum</strong></span> <span class='ocrx_word' id='word_1_533' title='bbox 1339 3704 1410 3758; x_wconf 88' lang='lat' dir='ltr'><strong>ibi</strong></span> <span class='ocrx_word' id='word_1_534' title='bbox 1450 3703 1610 3756; x_wconf 86' lang='lat' dir='ltr'><strong>etiam</strong></span> <span class='ocrx_word' id='word_1_535' title='bbox 1641 3713 1762 3754; x_wconf 82' lang='lat' dir='ltr'><strong>esse</strong></span> <span class='ocrx_word' id='word_1_536' title='bbox 1809 3705 2110 3766; x_wconf 86' lang='lat' dir='ltr'><strong>peccatum.</strong></span> 
     </span>
    </p>
   </div>
   <div class='ocr_carea' id='block_1_70' title="bbox 552 3785 2110 3872">
    <p class='ocr_par' dir='ltr' id='par_1_70' title="bbox 552 3785 2110 3872">
     <span class='ocr_line' id='line_1_71' title="bbox 552 3785 2110 3872; baseline -0.017 -12"><span class='ocrx_word' id='word_1_537' title='bbox 552 3807 617 3860; x_wconf 83' lang='lat' dir='ltr'><strong>Et</strong></span> <span class='ocrx_word' id='word_1_538' title='bbox 661 3819 832 3872; x_wconf 85' lang='lat' dir='ltr'><strong>neque</strong></span> <span class='ocrx_word' id='word_1_539' title='bbox 877 3800 1075 3856; x_wconf 85' lang='lat' dir='ltr'><strong>Christi</strong></span> <span class='ocrx_word' id='word_1_540' title='bbox 1127 3808 1351 3851; x_wconf 90' lang='lat' dir='ltr'><strong>mortem</strong></span> <span class='ocrx_word' id='word_1_541' title='bbox 1398 3795 1512 3846; x_wconf 85' lang='lat' dir='ltr'><strong>sine</strong></span> <span class='ocrx_word' id='word_1_542' title='bbox 1572 3797 1792 3860; x_wconf 88' lang='lat' dir='ltr'><strong>peccato</strong></span> <span class='ocrx_word' id='word_1_543' title='bbox 1845 3785 2110 3840; x_wconf 76' lang='lat' dir='ltr'><strong>invenies.</strong></span> 
     </span>
    </p>
   </div>
   <div class='ocr_carea' id='block_1_71' title="bbox 555 3883 2108 3954">
    <p class='ocr_par' dir='ltr' id='par_1_71' title="bbox 555 3883 2108 3954">
     <span class='ocr_line' id='line_1_72' title="bbox 555 3883 2108 3954; baseline -0.015 -4"><span class='ocrx_word' id='word_1_544' title='bbox 555 3899 797 3950; x_wconf 83' lang='lat' dir='ltr'><strong>Mortuus</strong></span> <span class='ocrx_word' id='word_1_545' title='bbox 845 3907 923 3949; x_wconf 85' lang='lat' dir='ltr'><strong>est</strong></span> <span class='ocrx_word' id='word_1_546' title='bbox 971 3893 1111 3945; x_wconf 89' lang='lat' dir='ltr'><strong>enim</strong></span> <span class='ocrx_word' id='word_1_547' title='bbox 1154 3883 1419 3954; x_wconf 84' lang='lat' dir='ltr'><strong>Christus,</strong></span> <span class='ocrx_word' id='word_1_548' title='bbox 1458 3884 1550 3941; x_wconf 91' lang='lat' dir='ltr'><strong>scd</strong></span> <span class='ocrx_word' id='word_1_549' title='bbox 1613 3891 1831 3952; x_wconf 89' lang='lat' dir='ltr'><strong>propter</strong></span> <span class='ocrx_word' id='word_1_550' title='bbox 1885 3886 2108 3947; x_wconf 90' lang='lat' dir='ltr'><strong>peccata</strong></span> 
     </span>
    </p>
   </div>
   <div class='ocr_carea' id='block_1_72' title="bbox 550 3975 2109 4050">
    <p class='ocr_par' dir='ltr' id='par_1_72' title="bbox 550 3975 2109 4050">
     <span class='ocr_line' id='line_1_73' title="bbox 550 3975 2109 4050; baseline -0.015 -6"><span class='ocrx_word' id='word_1_551' title='bbox 550 4000 763 4044; x_wconf 87' lang='lat' dir='ltr'><strong>nostra.</strong></span> <span class='ocrx_word' id='word_1_552' title='bbox 804 3989 866 4040; x_wconf 74' lang='lat' dir='ltr'><strong>Et</strong></span> <span class='ocrx_word' id='word_1_553' title='bbox 905 3987 973 4038; x_wconf 88' lang='lat' dir='ltr'><strong>ita</strong></span> <span class='ocrx_word' id='word_1_554' title='bbox 1019 3983 1210 4037; x_wconf 82' lang='lat' dir='ltr'><strong>merito</strong></span> <span class='ocrx_word' id='word_1_555' title='bbox 1239 3989 1516 4050; x_wconf 87' lang='lat' dir='ltr'><strong>peccatum</strong></span> <span class='ocrx_word' id='word_1_556' title='bbox 1543 3977 1880 4030; x_wconf 90' lang='lat' dir='ltr'><strong>dicituresse</strong></span> <span class='ocrx_word' id='word_1_557' title='bbox 1922 3975 2109 4023; x_wconf 86' lang='lat' dir='ltr'><strong>umbra</strong></span> 
     </span>
    </p>
   </div>
   <div class='ocr_carea' id='block_1_73' title="bbox 552 4067 2108 4147">
    <p class='ocr_par' dir='ltr' id='par_1_73' title="bbox 552 4067 2108 4147">
     <span class='ocr_line' id='line_1_74' title="bbox 552 4067 2108 4147; baseline -0.015 -11"><span class='ocrx_word' id='word_1_558' title='bbox 552 4083 766 4144; x_wconf 76' lang='lat' dir='ltr'><strong>m&#39;HliS,</strong></span> <span class='ocrx_word' id='word_1_559' title='bbox 825 4080 948 4147; x_wconf 89' lang='lat' dir='ltr'><strong>quia</strong></span> <span class='ocrx_word' id='word_1_560' title='bbox 1009 4089 1220 4143; x_wconf 85' lang='lat' dir='ltr'><strong>semper</strong></span> <span class='ocrx_word' id='word_1_561' title='bbox 1287 4073 1580 4126; x_wconf 90' lang='lat' dir='ltr'><strong>comitatur</strong></span> <span class='ocrx_word' id='word_1_562' title='bbox 1633 4067 1804 4135; x_wconf 84' lang='lat' dir='ltr'><strong>ipsam</strong></span> <span class='ocrx_word' id='word_1_563' title='bbox 1859 4072 2108 4116; x_wconf 75' lang='lat' dir='ltr'><strong>mortem;</strong></span> 
     </span>
    </p>
   </div>
   <div class='ocr_carea' id='block_1_74' title="bbox 556 4156 2112 4227">
    <p class='ocr_par' dir='ltr' id='par_1_74' title="bbox 556 4156 2112 4227">
     <span class='ocr_line' id='line_1_75' title="bbox 556 4156 2112 4227; baseline -0.012 -3"><span class='ocrx_word' id='word_1_564' title='bbox 556 4176 780 4226; x_wconf 76' lang='lat' dir='ltr'><strong>Possunt</strong></span> <span class='ocrx_word' id='word_1_565' title='bbox 832 4182 884 4223; x_wconf 88' lang='lat' dir='ltr'><strong>et</strong></span> <span class='ocrx_word' id='word_1_566' title='bbox 931 4168 1032 4220; x_wconf 87' lang='lat' dir='ltr'><strong>alia</strong></span> <span class='ocrx_word' id='word_1_567' title='bbox 1075 4167 1139 4217; x_wconf 86' lang='lat' dir='ltr'><strong>ad</strong></span> <span class='ocrx_word' id='word_1_568' title='bbox 1193 4166 1292 4217; x_wconf 89' lang='lat' dir='ltr'><strong>hoc</strong></span> <span class='ocrx_word' id='word_1_569' title='bbox 1341 4162 1464 4226; x_wconf 90' lang='lat' dir='ltr'><strong>dici,</strong></span> <span class='ocrx_word' id='word_1_570' title='bbox 1503 4173 1554 4213; x_wconf 88' lang='lat' dir='ltr'><strong>et</strong></span> <span class='ocrx_word' id='word_1_571' title='bbox 1599 4160 1788 4227; x_wconf 84' lang='lat' dir='ltr'><strong>Opinor</strong></span> <span class='ocrx_word' id='word_1_572' title='bbox 1831 4156 2031 4210; x_wconf 88' lang='lat' dir='ltr'><strong>dictum</strong></span> <span class='ocrx_word' id='word_1_573' title='bbox 2085 4169 2112 4206; x_wconf 91' lang='lat' dir='ltr'><strong>a</strong></span> 
     </span>
    </p>
   </div>
   <div class='ocr_carea' id='block_1_75' title="bbox 554 4244 2113 4320">
    <p class='ocr_par' dir='ltr' id='par_1_75' title="bbox 554 4244 2113 4320">
     <span class='ocr_line' id='line_1_76' title="bbox 554 4244 2113 4320; baseline -0.012 -6"><span class='ocrx_word' id='word_1_574' title='bbox 554 4265 708 4318; x_wconf 80' lang='lat' dir='ltr'><strong>iubis</strong></span> <span class='ocrx_word' id='word_1_575' title='bbox 773 4264 823 4313; x_wconf 90' lang='lat' dir='ltr'><strong>in</strong></span> <span class='ocrx_word' id='word_1_576' title='bbox 871 4254 1305 4313; x_wconf 67' lang='lat' dir='ltr'><strong>MuttinemNum</strong></span> <span class='ocrx_word' id='word_1_577' title='bbox 1343 4255 1503 4320; x_wconf 80' lang='lat' dir='ltr'><strong>igitur</strong></span> <span class='ocrx_word' id='word_1_578' title='bbox 1559 4249 1751 4304; x_wconf 79' lang='lat' dir='ltr'><strong>suﬂicit</strong></span> <span class='ocrx_word' id='word_1_579' title='bbox 1807 4248 1978 4302; x_wconf 87' lang='lat' dir='ltr'><strong>solum</strong></span> <span class='ocrx_word' id='word_1_580' title='bbox 2048 4244 2113 4297; x_wconf 94' lang='lat' dir='ltr'><strong>il-</strong></span> 
     </span>
    </p>
   </div>
   <div class='ocr_carea' id='block_1_76' title="bbox 555 4341 2116 4408">
    <p class='ocr_par' dir='ltr' id='par_1_76' title="bbox 555 4341 2116 4408">
     <span class='ocr_line' id='line_1_77' title="bbox 555 4341 2116 4408; baseline -0.013 0"><span class='ocrx_word' id='word_1_581' title='bbox 555 4359 754 4408; x_wconf 57' lang='lat' dir='ltr'><strong>ittrtisse</strong></span> <span class='ocrx_word' id='word_1_582' title='bbox 808 4347 1216 4405; x_wconf 82' lang='lat' dir='ltr'><strong>obtenebratis?</strong></span> <span class='ocrx_word' id='word_1_583' title='bbox 1249 4345 1465 4398; x_wconf 85' lang='lat' dir='ltr'><strong>Minime</strong></span> <span class='ocrx_word' id='word_1_584' title='bbox 1495 4358 1508 4394; x_wconf 92' lang='lat'>:</span> <span class='ocrx_word' id='word_1_585' title='bbox 1541 4341 1634 4394; x_wconf 88' lang='lat' dir='ltr'><strong>sed</strong></span> <span class='ocrx_word' id='word_1_586' title='bbox 1675 4341 1839 4393; x_wconf 90' lang='lat' dir='ltr'><strong>etiam</strong></span> <span class='ocrx_word' id='word_1_587' title='bbox 1868 4351 2002 4405; x_wconf 87' lang='lat' dir='ltr'><strong>opus</strong></span> <span class='ocrx_word' id='word_1_588' title='bbox 2033 4343 2116 4389; x_wconf 82' lang='lat' dir='ltr'><strong>est</strong></span> 
     </span>
    </p>
   </div>
   <div class='ocr_carea' id='block_1_77' title="bbox 553 4433 2110 4515">
    <p class='ocr_par' dir='ltr' id='par_1_77' title="bbox 553 4433 2110 4515">
     <span class='ocr_line' id='line_1_78' title="bbox 553 4433 2110 4515; baseline -0.015 -10"><span class='ocrx_word' id='word_1_589' title='bbox 553 4463 610 4505; x_wconf 90' lang='lat' dir='ltr'><strong>ut</strong></span> <span class='ocrx_word' id='word_1_590' title='bbox 651 4452 950 4515; x_wconf 70' lang='lat' dir='ltr'><strong>dirigantur</strong></span> <span class='ocrx_word' id='word_1_591' title='bbox 992 4445 1153 4509; x_wconf 80' lang='lat' dir='ltr'><strong>pedes</strong></span> <span class='ocrx_word' id='word_1_592' title='bbox 1184 4440 1352 4494; x_wconf 80' lang='lat' dir='ltr'><strong>nostri</strong></span> <span class='ocrx_word' id='word_1_593' title='bbox 1384 4439 1435 4491; x_wconf 93' lang='lat' dir='ltr'><strong>in</strong></span> <span class='ocrx_word' id='word_1_594' title='bbox 1485 4437 1625 4490; x_wconf 90' lang='lat' dir='ltr'><strong>viam</strong></span> <span class='ocrx_word' id='word_1_595' title='bbox 1659 4433 1832 4503; x_wconf 89' lang='lat' dir='ltr'><strong>pacis,</strong></span> <span class='ocrx_word' id='word_1_596' title='bbox 1863 4433 1965 4486; x_wconf 89' lang='lat' dir='ltr'><strong>hoc</strong></span> <span class='ocrx_word' id='word_1_597' title='bbox 2009 4440 2110 4494; x_wconf 88' lang='lat' dir='ltr'><strong>est,</strong></span> 
     </span>
    </p>
   </div>
   <div class='ocr_carea' id='block_1_78' title="bbox 2214 3240 3796 3314">
    <p class='ocr_par' dir='ltr' id='par_1_78' title="bbox 2214 3240 3796 3314">
     <span class='ocr_line' id='line_1_79' title="bbox 2214 3240 3796 3314; baseline -0.003 -15"><span class='ocrx_word' id='word_1_598' title='bbox 2214 3261 2440 3299; x_wconf 89' lang='grc' dir='ltr'>νωσκον.</span> <span class='ocrx_word' id='word_1_599' title='bbox 2511 3240 2818 3311; x_wconf 80' lang='grc' dir='ltr'>Ἐπὲφανεν</span> <span class='ocrx_word' id='word_1_600' title='bbox 2864 3243 2957 3296; x_wconf 75' lang='grc' dir='ltr'><strong>οὖν</strong></span> <span class='ocrx_word' id='word_1_601' title='bbox 3008 3246 3073 3312; x_wconf 85' lang='grc' dir='ltr'>τῇ</span> <span class='ocrx_word' id='word_1_602' title='bbox 3129 3242 3442 3314; x_wconf 80' lang='grc' dir='ltr'>ἀνθρωπίνῃ</span> <span class='ocrx_word' id='word_1_603' title='bbox 3489 3241 3672 3308; x_wconf 78' lang='grc' dir='ltr'>φύσει,</span> <span class='ocrx_word' id='word_1_604' title='bbox 3708 3244 3796 3294; x_wconf 79' lang='grc' dir='ltr'><strong>ἵνα</strong></span> 
     </span>
    </p>
   </div>
   <div class='ocr_carea' id='block_1_79' title="bbox 2215 3333 3795 3408">
    <p class='ocr_par' dir='ltr' id='par_1_79' title="bbox 2215 3333 3795 3408">
     <span class='ocr_line' id='line_1_80' title="bbox 2215 3333 3795 3408; baseline -0.004 -17"><span class='ocrx_word' id='word_1_605' title='bbox 2215 3338 2467 3403; x_wconf 78' lang='grc' dir='ltr'>καὶτοὺς</span> <span class='ocrx_word' id='word_1_606' title='bbox 2504 3341 2560 3391; x_wconf 79' lang='grc' dir='ltr'>ἐν</span> <span class='ocrx_word' id='word_1_607' title='bbox 2612 3339 2686 3408; x_wconf 83' lang='grc' dir='ltr'><strong>τῷ</strong></span> <span class='ocrx_word' id='word_1_608' title='bbox 2747 3337 2947 3398; x_wconf 84' lang='grc' dir='ltr'>σκότει,</span> <span class='ocrx_word' id='word_1_609' title='bbox 2993 3333 3260 3398; x_wconf 83' lang='grc' dir='ltr'>τουτέστι,</span> <span class='ocrx_word' id='word_1_610' title='bbox 3290 3336 3354 3403; x_wconf 78' lang='grc' dir='ltr'>τῇ</span> <span class='ocrx_word' id='word_1_611' title='bbox 3398 3335 3644 3404; x_wconf 59' lang='grc' dir='ltr'>ἀγνωσία</span> <span class='ocrx_word' id='word_1_612' title='bbox 3697 3336 3795 3386; x_wconf 77' lang='grc' dir='ltr'><strong>καὶ</strong></span> 
     </span>
    </p>
   </div>
   <div class='ocr_carea' id='block_1_80' title="bbox 2212 3423 3792 3500">
    <p class='ocr_par' dir='ltr' id='par_1_80' title="bbox 2212 3423 3792 3500">
     <span class='ocr_line' id='line_1_81' title="bbox 2212 3423 3792 3500; baseline -0.007 -16"><span class='ocrx_word' id='word_1_613' title='bbox 2212 3431 2391 3500; x_wconf 64' lang='grc' dir='ltr'>ἀθετᾳ,</span> <span class='ocrx_word' id='word_1_614' title='bbox 2423 3431 2517 3484; x_wconf 68' lang='grc' dir='ltr'><strong>καὶ</strong></span> <span class='ocrx_word' id='word_1_615' title='bbox 2551 3429 2673 3491; x_wconf 79' lang='grc' dir='ltr'>τοὺς</span> <span class='ocrx_word' id='word_1_616' title='bbox 2705 3431 2760 3481; x_wconf 85' lang='grc' dir='ltr'>ὲν</span> <span class='ocrx_word' id='word_1_617' title='bbox 2789 3430 2853 3496; x_wconf 84' lang='grc' dir='ltr'>τῇ</span> <span class='ocrx_word' id='word_1_618' title='bbox 2882 3428 3009 3496; x_wconf 78' lang='grc' dir='ltr'>σκιᾷ</span> <span class='ocrx_word' id='word_1_619' title='bbox 3028 3425 3121 3476; x_wconf 83' lang='grc' dir='ltr'><strong>τοῦ</strong></span> <span class='ocrx_word' id='word_1_620' title='bbox 3156 3425 3406 3489; x_wconf 84' lang='grc' dir='ltr'>Θανάτου,</span> <span class='ocrx_word' id='word_1_621' title='bbox 3428 3427 3492 3493; x_wconf 81' lang='grc' dir='ltr'>τῇ</span> <span class='ocrx_word' id='word_1_622' title='bbox 3522 3423 3792 3493; x_wconf 67' lang='grc' dir='ltr'>ἁμαρτία,</span> 
     </span>
    </p>
   </div>
   <div class='ocr_carea' id='block_1_81' title="bbox 2213 3517 3793 3592">
    <p class='ocr_par' dir='ltr' id='par_1_81' title="bbox 2213 3517 3793 3592">
     <span class='ocr_line' id='line_1_82' title="bbox 2213 3517 3793 3592; baseline -0.006 -17"><span class='ocrx_word' id='word_1_623' title='bbox 2213 3523 2554 3592; x_wconf 79' lang='grc' dir='ltr'>καθημένους</span> <span class='ocrx_word' id='word_1_624' title='bbox 2595 3522 2840 3592; x_wconf 81' lang='grc' dir='ltr'>φωτίσῃ·</span> <span class='ocrx_word' id='word_1_625' title='bbox 2879 3520 2914 3589; x_wconf 79' lang='grc' dir='ltr'><strong>ἡ</strong></span> <span class='ocrx_word' id='word_1_626' title='bbox 2957 3519 3012 3570; x_wconf 74' lang='grc' dir='ltr'>δὲ</span> <span class='ocrx_word' id='word_1_627' title='bbox 3041 3517 3285 3588; x_wconf 83' lang='grc' dir='ltr'>ἁμαρτία</span> <span class='ocrx_word' id='word_1_628' title='bbox 3331 3517 3460 3570; x_wconf 85' lang='grc' dir='ltr'><strong>σκιά</strong></span> <span class='ocrx_word' id='word_1_629' title='bbox 3504 3517 3599 3568; x_wconf 79' lang='grc' dir='ltr'>τοῦ</span> <span class='ocrx_word' id='word_1_630' title='bbox 3628 3517 3793 3569; x_wconf 72' lang='grc' dir='ltr'>Θανά-</span> 
     </span>
    </p>
   </div>
   <div class='ocr_carea' id='block_1_82' title="bbox 2214 3605 3794 3683">
    <p class='ocr_par' dir='ltr' id='par_1_82' title="bbox 2214 3605 3794 3683">
     <span class='ocr_line' id='line_1_83' title="bbox 2214 3605 3794 3683; baseline -0.004 -18"><span class='ocrx_word' id='word_1_631' title='bbox 2214 3631 2306 3683; x_wconf 82' lang='grc' dir='ltr'>του</span> <span class='ocrx_word' id='word_1_632' title='bbox 2336 3616 2469 3680; x_wconf 67' lang='grc' dir='ltr'>ἐστι,</span> <span class='ocrx_word' id='word_1_633' title='bbox 2507 3615 2646 3667; x_wconf 85' lang='grc' dir='ltr'>κατὰ</span> <span class='ocrx_word' id='word_1_634' title='bbox 2677 3614 2889 3676; x_wconf 76' lang='grc' dir='ltr'>τοῦτον,</span> <span class='ocrx_word' id='word_1_635' title='bbox 2933 3611 3008 3672; x_wconf 82' lang='grc' dir='ltr'>ὼς</span> <span class='ocrx_word' id='word_1_636' title='bbox 3033 3605 3212 3679; x_wconf 74' lang='grc' dir='ltr'>οἶμαι,</span> <span class='ocrx_word' id='word_1_637' title='bbox 3249 3608 3339 3661; x_wconf 81' lang='grc' dir='ltr'><strong>τὸν</strong></span> <span class='ocrx_word' id='word_1_638' title='bbox 3373 3608 3560 3674; x_wconf 89' lang='grc' dir='ltr'>λόγον·</span> <span class='ocrx_word' id='word_1_639' title='bbox 3600 3607 3794 3676; x_wconf 79' lang='grc' dir='ltr'>ὥσπερ</span> 
     </span>
    </p>
   </div>
   <div class='ocr_carea' id='block_1_83' title="bbox 2214 3699 3794 3776">
    <p class='ocr_par' dir='ltr' id='par_1_83' title="bbox 2214 3699 3794 3776">
     <span class='ocr_line' id='line_1_84' title="bbox 2214 3699 3794 3776; baseline -0.005 -18"><span class='ocrx_word' id='word_1_640' title='bbox 2214 3709 2246 3776; x_wconf 86' lang='grc' dir='ltr'><strong>ή</strong></span> <span class='ocrx_word' id='word_1_641' title='bbox 2297 3707 2423 3758; x_wconf 80' lang='grc' dir='ltr'>σκιὰ</span> <span class='ocrx_word' id='word_1_642' title='bbox 2476 3706 2552 3774; x_wconf 81' lang='grc' dir='ltr'>τῷ</span> <span class='ocrx_word' id='word_1_643' title='bbox 2584 3707 2796 3775; x_wconf 85' lang='grc' dir='ltr'>σώματι</span> <span class='ocrx_word' id='word_1_644' title='bbox 2826 3703 3044 3765; x_wconf 73' lang='grc' dir='ltr'>ἕπεται,</span> <span class='ocrx_word' id='word_1_645' title='bbox 3074 3701 3216 3753; x_wconf 82' lang='grc' dir='ltr'>οὕτω</span> <span class='ocrx_word' id='word_1_646' title='bbox 3255 3700 3344 3754; x_wconf 80' lang='grc' dir='ltr'>καὶ</span> <span class='ocrx_word' id='word_1_647' title='bbox 3380 3700 3506 3752; x_wconf 80' lang='grc' dir='ltr'>ἔνθα</span> <span class='ocrx_word' id='word_1_648' title='bbox 3539 3699 3794 3760; x_wconf 69' lang='grc' dir='ltr'>θάνατος,</span> 
     </span>
    </p>
   </div>
   <div class='ocr_carea' id='block_1_84' title="bbox 2217 3791 3799 3866">
    <p class='ocr_par' dir='ltr' id='par_1_84' title="bbox 2217 3791 3799 3866">
     <span class='ocr_line' id='line_1_85' title="bbox 2217 3791 3799 3866; baseline -0.005 -16"><span class='ocrx_word' id='word_1_649' title='bbox 2217 3800 2334 3850; x_wconf 80' lang='grc' dir='ltr'>ἐκεῖ</span> <span class='ocrx_word' id='word_1_650' title='bbox 2369 3797 2463 3850; x_wconf 66' lang='grc' dir='ltr'>καὶ</span> <span class='ocrx_word' id='word_1_651' title='bbox 2528 3796 2793 3866; x_wconf 83' lang='grc' dir='ltr'>ἁμαρτία.</span> <span class='ocrx_word' id='word_1_652' title='bbox 2823 3791 2976 3858; x_wconf 82' lang='grc' dir='ltr'>Οἷον,</span> <span class='ocrx_word' id='word_1_653' title='bbox 3016 3791 3283 3847; x_wconf 78' lang='grc' dir='ltr'>ἀπέθανεν</span> <span class='ocrx_word' id='word_1_654' title='bbox 3341 3793 3368 3843; x_wconf 87' lang='lat'><strong>6</strong></span> <span class='ocrx_word' id='word_1_655' title='bbox 3439 3792 3629 3860; x_wconf 82' lang='grc' dir='ltr'>Ἀδὰμ,</span> <span class='ocrx_word' id='word_1_656' title='bbox 3678 3793 3799 3844; x_wconf 71' lang='grc' dir='ltr'>ἐκεῖ</span> 
     </span>
    </p>
   </div>
   <div class='ocr_carea' id='block_1_85' title="bbox 2214 3882 3798 3957">
    <p class='ocr_par' dir='ltr' id='par_1_85' title="bbox 2214 3882 3798 3957">
     <span class='ocr_line' id='line_1_86' title="bbox 2214 3882 3798 3957; baseline -0.004 -16"><span class='ocrx_word' id='word_1_657' title='bbox 2214 3890 2398 3941; x_wconf 76' lang='grc' dir='ltr'>λοιπὸν</span> <span class='ocrx_word' id='word_1_658' title='bbox 2419 3890 2511 3941; x_wconf 77' lang='grc' dir='ltr'><strong>καὶ</strong></span> <span class='ocrx_word' id='word_1_659' title='bbox 2547 3887 2785 3957; x_wconf 85' lang='grc' dir='ltr'>ἁμαρτία</span> <span class='ocrx_word' id='word_1_660' title='bbox 2814 3903 2825 3915; x_wconf 92' lang='grc'><strong>·</strong></span> <span class='ocrx_word' id='word_1_661' title='bbox 2859 3887 2952 3939; x_wconf 73' lang='grc' dir='ltr'>καὶ</span> <span class='ocrx_word' id='word_1_662' title='bbox 2981 3885 3101 3938; x_wconf 79' lang='grc' dir='ltr'>οὐδὲ</span> <span class='ocrx_word' id='word_1_663' title='bbox 3128 3884 3216 3937; x_wconf 76' lang='grc' dir='ltr'>τὸν</span> <span class='ocrx_word' id='word_1_664' title='bbox 3239 3883 3332 3936; x_wconf 80' lang='grc' dir='ltr'>τοῦ</span> <span class='ocrx_word' id='word_1_665' title='bbox 3362 3882 3602 3954; x_wconf 71' lang='grc' dir='ltr'>Χριστοῦ</span> <span class='ocrx_word' id='word_1_666' title='bbox 3628 3883 3798 3936; x_wconf 78' lang='grc' dir='ltr'>θάνα-</span> 
     </span>
    </p>
   </div>
   <div class='ocr_carea' id='block_1_86' title="bbox 2216 3975 3792 4051">
    <p class='ocr_par' dir='ltr' id='par_1_86' title="bbox 2216 3975 3792 4051">
     <span class='ocr_line' id='line_1_87' title="bbox 2216 3975 3792 4051; baseline -0.004 -18"><span class='ocrx_word' id='word_1_667' title='bbox 2216 3998 2308 4034; x_wconf 86' lang='grc' dir='ltr'><strong>τον</strong></span> <span class='ocrx_word' id='word_1_668' title='bbox 2339 3982 2589 4051; x_wconf 83' lang='grc' dir='ltr'>εὑρήσεις</span> <span class='ocrx_word' id='word_1_669' title='bbox 2628 3980 2796 4050; x_wconf 72' lang='grc' dir='ltr'>χωρὶς</span> <span class='ocrx_word' id='word_1_670' title='bbox 2832 3977 3142 4049; x_wconf 80' lang='grc' dir='ltr'>ἁμαρτίας·</span> <span class='ocrx_word' id='word_1_671' title='bbox 3175 3975 3411 4031; x_wconf 80' lang='grc' dir='ltr'>ἀπέθανε</span> <span class='ocrx_word' id='word_1_672' title='bbox 3456 3976 3564 4044; x_wconf 81' lang='grc' dir='ltr'><strong>γὰρ</strong></span> <span class='ocrx_word' id='word_1_673' title='bbox 3599 3977 3626 4027; x_wconf 83' lang='lat'><strong>6</strong></span> <span class='ocrx_word' id='word_1_674' title='bbox 3652 3975 3792 4043; x_wconf 83' lang='grc' dir='ltr'>Χρι-</span> 
     </span>
    </p>
   </div>
   <div class='ocr_carea' id='block_1_87' title="bbox 2221 4067 3796 4138">
    <p class='ocr_par' dir='ltr' id='par_1_87' title="bbox 2221 4067 3796 4138">
     <span class='ocr_line' id='line_1_88' title="bbox 2221 4067 3796 4138; baseline -0.005 -13"><span class='ocrx_word' id='word_1_675' title='bbox 2221 4074 2364 4136; x_wconf 78' lang='grc' dir='ltr'>στὸς,</span> <span class='ocrx_word' id='word_1_676' title='bbox 2395 4072 2532 4125; x_wconf 86' lang='grc' dir='ltr'><strong>ἀλλά</strong></span> <span class='ocrx_word' id='word_1_677' title='bbox 2578 4072 2666 4124; x_wconf 88' lang='grc' dir='ltr'><strong>διά</strong></span> <span class='ocrx_word' id='word_1_678' title='bbox 2715 4072 2810 4132; x_wconf 86' lang='grc' dir='ltr'><strong>τὰς</strong></span> <span class='ocrx_word' id='word_1_679' title='bbox 2845 4070 2983 4138; x_wconf 72' lang='grc' dir='ltr'>ἐμὰς</span> <span class='ocrx_word' id='word_1_680' title='bbox 3025 4069 3298 4138; x_wconf 80' lang='grc' dir='ltr'>ἁμαρτίας</span> <span class='ocrx_word' id='word_1_681' title='bbox 3322 4085 3334 4096; x_wconf 93' lang='grc'><strong>·</strong></span> <span class='ocrx_word' id='word_1_682' title='bbox 3369 4067 3509 4119; x_wconf 82' lang='grc' dir='ltr'>ὥστε</span> <span class='ocrx_word' id='word_1_683' title='bbox 3564 4068 3796 4129; x_wconf 78' lang='grc' dir='ltr'>εἰκότως</span> 
     </span>
    </p>
   </div>
   <div class='ocr_carea' id='block_1_88' title="bbox 2217 4156 3799 4230">
    <p class='ocr_par' dir='ltr' id='par_1_88' title="bbox 2217 4156 3799 4230">
     <span class='ocr_line' id='line_1_89' title="bbox 2217 4156 3799 4230; baseline -0.004 -15"><span class='ocrx_word' id='word_1_684' title='bbox 2217 4164 2431 4230; x_wconf 85' lang='grc' dir='ltr'>λέγεται</span> <span class='ocrx_word' id='word_1_685' title='bbox 2465 4162 2591 4215; x_wconf 84' lang='grc' dir='ltr'><strong>σκιά</strong></span> <span class='ocrx_word' id='word_1_686' title='bbox 2622 4157 2763 4214; x_wconf 77' lang='grc' dir='ltr'>εἶναι</span> <span class='ocrx_word' id='word_1_687' title='bbox 2797 4160 2890 4212; x_wconf 81' lang='grc' dir='ltr'>τοῦ</span> <span class='ocrx_word' id='word_1_688' title='bbox 2939 4159 3167 4212; x_wconf 82' lang='grc' dir='ltr'>θανάτου</span> <span class='ocrx_word' id='word_1_689' title='bbox 3198 4160 3230 4228; x_wconf 86' lang='grc' dir='ltr'><strong>ή</strong></span> <span class='ocrx_word' id='word_1_690' title='bbox 3289 4156 3554 4228; x_wconf 83' lang='grc' dir='ltr'>ἁμαρτία,</span> <span class='ocrx_word' id='word_1_691' title='bbox 3583 4157 3660 4220; x_wconf 85' lang='grc' dir='ltr'>ὡς</span> <span class='ocrx_word' id='word_1_692' title='bbox 3711 4158 3799 4209; x_wconf 82' lang='grc' dir='ltr'>ἀεὶ</span> 
     </span>
    </p>
   </div>
   <div class='ocr_carea' id='block_1_89' title="bbox 2223 4248 3798 4325">
    <p class='ocr_par' dir='ltr' id='par_1_89' title="bbox 2223 4248 3798 4325">
     <span class='ocr_line' id='line_1_90' title="bbox 2223 4248 3798 4325; baseline -0.007 -17"><span class='ocrx_word' id='word_1_693' title='bbox 2223 4255 2579 4325; x_wconf 70' lang='grc' dir='ltr'>παρεπομένη</span> <span class='ocrx_word' id='word_1_694' title='bbox 2620 4251 2799 4321; x_wconf 76' lang='grc' dir='ltr'>αὐτῷ’</span> <span class='ocrx_word' id='word_1_695' title='bbox 2840 4253 2932 4304; x_wconf 75' lang='grc' dir='ltr'><strong>καὶ</strong></span> <span class='ocrx_word' id='word_1_696' title='bbox 2968 4251 3104 4304; x_wconf 73' lang='grc' dir='ltr'>ἄλλα</span> <span class='ocrx_word' id='word_1_697' title='bbox 3151 4250 3207 4302; x_wconf 79' lang='grc' dir='ltr'><strong>δέ</strong></span> <span class='ocrx_word' id='word_1_698' title='bbox 3269 4248 3414 4300; x_wconf 79' lang='grc' dir='ltr'>ἔστιν</span> <span class='ocrx_word' id='word_1_699' title='bbox 3473 4249 3649 4300; x_wconf 73' lang='grc' dir='ltr'>εἰπεῖν</span> <span class='ocrx_word' id='word_1_700' title='bbox 3714 4249 3798 4309; x_wconf 81' lang='grc' dir='ltr'>εἰς</span> 
     </span>
    </p>
   </div>
   <div class='ocr_carea' id='block_1_90' title="bbox 2217 4338 3794 4412">
    <p class='ocr_par' dir='ltr' id='par_1_90' title="bbox 2217 4338 3794 4412">
     <span class='ocr_line' id='line_1_91' title="bbox 2217 4338 3794 4412; baseline -0.006 -13"><span class='ocrx_word' id='word_1_701' title='bbox 2217 4347 2372 4399; x_wconf 81' lang='grc' dir='ltr'>τοῦτο</span> <span class='ocrx_word' id='word_1_702' title='bbox 2397 4361 2409 4372; x_wconf 77' lang='grc'><strong><em>⁸</em></strong></span> <span class='ocrx_word' id='word_1_703' title='bbox 2433 4347 2525 4399; x_wconf 68' lang='grc' dir='ltr'><strong>καὶ</strong></span> <span class='ocrx_word' id='word_1_704' title='bbox 2541 4340 2716 4412; x_wconf 83' lang='grc' dir='ltr'>οἶμαι,</span> <span class='ocrx_word' id='word_1_705' title='bbox 2732 4343 2960 4412; x_wconf 84' lang='grc' dir='ltr'>εἴπομεν</span> <span class='ocrx_word' id='word_1_706' title='bbox 2985 4341 3338 4411; x_wconf 79' lang='grc' dir='ltr'>ἐξηγούμενοι</span> <span class='ocrx_word' id='word_1_707' title='bbox 3369 4340 3459 4391; x_wconf 83' lang='grc' dir='ltr'><strong>τὸν</strong></span> <span class='ocrx_word' id='word_1_708' title='bbox 3486 4338 3794 4396; x_wconf 82' lang='grc' dir='ltr'>Ματϐαῖον,</span> 
     </span>
    </p>
   </div>
   <div class='ocr_carea' id='block_1_91' title="bbox 2216 4431 3793 4506">
    <p class='ocr_par' dir='ltr' id='par_1_91' title="bbox 2216 4431 3793 4506">
     <span class='ocr_line' id='line_1_92' title="bbox 2216 4431 3793 4506; baseline -0.004 -17"><span class='ocrx_word' id='word_1_709' title='bbox 2216 4432 2442 4506; x_wconf 79' lang='grc' dir='ltr'>Ἀρα-δὲ</span> <span class='ocrx_word' id='word_1_710' title='bbox 2466 4438 2626 4506; x_wconf 84' lang='grc' dir='ltr'>ἀρκεῖ</span> <span class='ocrx_word' id='word_1_711' title='bbox 2648 4436 2706 4486; x_wconf 83' lang='grc' dir='ltr'><strong>τὸ</strong></span> <span class='ocrx_word' id='word_1_712' title='bbox 2730 4435 2989 4501; x_wconf 79' lang='grc' dir='ltr'>ἐπιφᾶναι</span> <span class='ocrx_word' id='word_1_713' title='bbox 3028 4433 3186 4501; x_wconf 82' lang='grc' dir='ltr'>μόνον</span> <span class='ocrx_word' id='word_1_714' title='bbox 3209 4434 3320 4493; x_wconf 81' lang='grc' dir='ltr'>τοῖς</span> <span class='ocrx_word' id='word_1_715' title='bbox 3351 4431 3755 4500; x_wconf 82' lang='grc' dir='ltr'>ὲσκοτισμένοις</span> <span class='ocrx_word' id='word_1_716' title='bbox 3779 4449 3793 4493; x_wconf 86' lang='grc'><strong>;</strong></span> 
     </span>
    </p>
   </div>
   <div class='ocr_carea' id='block_1_92' title="bbox 547 4519 2110 4612">
    <p class='ocr_par' dir='ltr' id='par_1_92' title="bbox 547 4527 2106 4612">
     <span class='ocr_line' id='line_1_93' title="bbox 547 4527 2106 4612; baseline -0.015 -15"><span class='ocrx_word' id='word_1_717' title='bbox 547 4545 788 4612; x_wconf 70' lang='lat' dir='ltr'><strong>iustitiae.</strong></span> <span class='ocrx_word' id='word_1_718' title='bbox 823 4540 971 4592; x_wconf 89' lang='lat' dir='ltr'><strong>Sicut</strong></span> <span class='ocrx_word' id='word_1_719' title='bbox 997 4538 1138 4591; x_wconf 88' lang='lat' dir='ltr'><strong>enim</strong></span> <span class='ocrx_word' id='word_1_720' title='bbox 1174 4542 1451 4602; x_wconf 84' lang='lat' dir='ltr'><strong>peccatum</strong></span> <span class='ocrx_word' id='word_1_721' title='bbox 1503 4527 1798 4584; x_wconf 52' lang='lat' dir='ltr'><strong>inimicitia</strong></span> <span class='ocrx_word' id='word_1_722' title='bbox 1831 4533 1956 4579; x_wconf 86' lang='lat' dir='ltr'><strong>sunt</strong></span> <span class='ocrx_word' id='word_1_723' title='bbox 1987 4539 2106 4578; x_wconf 88' lang='lat' dir='ltr'><strong>cum</strong></span> 
     </span>
    </p>
   </div>
   <div class='ocr_carea' id='block_1_93' title="bbox 2216 4519 3798 4612">
    <p class='ocr_par' dir='ltr' id='par_1_93' title="bbox 2218 4524 3798 4598">
     <span class='ocr_line' id='line_1_94' title="bbox 2218 4524 3798 4598; baseline -0.004 -16"><span class='ocrx_word' id='word_1_724' title='bbox 2218 4530 2348 4598; x_wconf 77' lang='grc' dir='ltr'>Οὐχί</span> <span class='ocrx_word' id='word_1_725' title='bbox 2383 4546 2395 4560; x_wconf 76' lang='grc' dir='ltr'><strong><em>ο</em></strong></span> <span class='ocrx_word' id='word_1_726' title='bbox 2433 4529 2567 4581; x_wconf 81' lang='grc' dir='ltr'><strong>ἀλλά</strong></span> <span class='ocrx_word' id='word_1_727' title='bbox 2590 4527 2784 4580; x_wconf 79' lang='grc' dir='ltr'>δεῖκαὶ</span> <span class='ocrx_word' id='word_1_728' title='bbox 2815 4527 3146 4578; x_wconf 74' lang='grc' dir='ltr'>κατευθῦναι</span> <span class='ocrx_word' id='word_1_729' title='bbox 3177 4528 3303 4588; x_wconf 71' lang='grc' dir='ltr'>τοὺς</span> <span class='ocrx_word' id='word_1_730' title='bbox 3327 4524 3495 4586; x_wconf 80' lang='grc' dir='ltr'>πόδας</span> <span class='ocrx_word' id='word_1_731' title='bbox 3521 4525 3685 4595; x_wconf 81' lang='grc' dir='ltr'>ἡμῶν</span> <span class='ocrx_word' id='word_1_732' title='bbox 3717 4528 3798 4588; x_wconf 78' lang='grc' dir='ltr'><strong>εἰς</strong></span> 
     </span>
    </p>
   </div>
   <div class='ocr_carea' id='block_1_94' title="bbox 557 4613 2110 4696">
    <p class='ocr_par' dir='ltr' id='par_1_94' title="bbox 557 4613 2110 4696">
     <span class='ocr_line' id='line_1_95' title="bbox 557 4613 2110 4696; baseline -0.012 -12"><span class='ocrx_word' id='word_1_733' title='bbox 557 4633 684 4692; x_wconf 85' lang='lat' dir='ltr'><strong>Deo,</strong></span> <span class='ocrx_word' id='word_1_734' title='bbox 735 4632 800 4681; x_wconf 68' lang='grc' dir='ltr'><strong>ἰιι</strong></span> <span class='ocrx_word' id='word_1_735' title='bbox 833 4628 1063 4696; x_wconf 68' lang='lat' dir='ltr'><strong>iustitia,</strong></span> <span class='ocrx_word' id='word_1_736' title='bbox 1101 4640 1223 4691; x_wconf 83' lang='lat' dir='ltr'><strong>pax.</strong></span> <span class='ocrx_word' id='word_1_737' title='bbox 1258 4623 1353 4674; x_wconf 76' lang='lat' dir='ltr'><strong>Via</strong></span> <span class='ocrx_word' id='word_1_738' title='bbox 1393 4621 1553 4689; x_wconf 82' lang='lat' dir='ltr'><strong>igitur</strong></span> <span class='ocrx_word' id='word_1_739' title='bbox 1586 4619 1735 4688; x_wconf 87' lang='lat' dir='ltr'><strong>pacis</strong></span> <span class='ocrx_word' id='word_1_740' title='bbox 1773 4618 1876 4669; x_wconf 83' lang='lat' dir='ltr'><strong>vita</strong></span> <span class='ocrx_word' id='word_1_741' title='bbox 1907 4625 1990 4669; x_wconf 91' lang='lat' dir='ltr'><strong>est</strong></span> <span class='ocrx_word' id='word_1_742' title='bbox 2021 4613 2110 4682; x_wconf 84' lang='lat' dir='ltr'><strong>ju-</strong></span> 
     </span>
    </p>
   </div>
   <div class='ocr_carea' id='block_1_95' title="bbox 554 4709 2108 4786">
    <p class='ocr_par' dir='ltr' id='par_1_95' title="bbox 554 4709 2108 4786">
     <span class='ocr_line' id='line_1_96' title="bbox 554 4709 2108 4786; baseline -0.012 -10"><span class='ocrx_word' id='word_1_743' title='bbox 554 4725 736 4783; x_wconf 71' lang='lat' dir='ltr'><strong>stitim,</strong></span> <span class='ocrx_word' id='word_1_744' title='bbox 774 4722 836 4772; x_wconf 86' lang='lat' dir='ltr'><strong>ad</strong></span> <span class='ocrx_word' id='word_1_745' title='bbox 867 4734 1021 4786; x_wconf 84' lang='lat' dir='ltr'><strong>quant</strong></span> <span class='ocrx_word' id='word_1_746' title='bbox 1043 4716 1237 4769; x_wconf 64' lang='lat' dir='ltr'><strong>direxit</strong></span> <span class='ocrx_word' id='word_1_747' title='bbox 1269 4715 1568 4765; x_wconf 86' lang='lat' dir='ltr'><strong>animarum</strong></span> <span class='ocrx_word' id='word_1_748' title='bbox 1597 4719 1898 4764; x_wconf 87' lang='lat' dir='ltr'><strong>nostrarum</strong></span> <span class='ocrx_word' id='word_1_749' title='bbox 1927 4709 2108 4776; x_wconf 84' lang='lat' dir='ltr'><strong>pedes.</strong></span> 
     </span>
    </p>
   </div>
   <div class='ocr_carea' id='block_1_96' title="bbox 553 4798 2106 4882">
    <p class='ocr_par' dir='ltr' id='par_1_96' title="bbox 553 4798 2106 4882">
     <span class='ocr_line' id='line_1_97' title="bbox 553 4798 2106 4882; baseline -0.01 -17"><span class='ocrx_word' id='word_1_750' title='bbox 553 4815 642 4882; x_wconf 87' lang='lat' dir='ltr'><strong>qui</strong></span> <span class='ocrx_word' id='word_1_751' title='bbox 701 4830 763 4864; x_wconf 74' lang='lat' dir='ltr'><strong>ex</strong></span> <span class='ocrx_word' id='word_1_752' title='bbox 803 4823 1012 4862; x_wconf 85' lang='lat' dir='ltr'><strong>summo</strong></span> <span class='ocrx_word' id='word_1_753' title='bbox 1056 4816 1204 4860; x_wconf 83' lang='lat' dir='ltr'><strong>ortus</strong></span> <span class='ocrx_word' id='word_1_754' title='bbox 1246 4815 1325 4858; x_wconf 88' lang='lat' dir='ltr'><strong>est</strong></span> <span class='ocrx_word' id='word_1_755' title='bbox 1355 4801 1624 4856; x_wconf 85' lang='lat' dir='ltr'><strong>Christus.</strong></span> <span class='ocrx_word' id='word_1_756' title='bbox 1661 4798 1932 4853; x_wconf 59' lang='lat' dir='ltr'><strong>Caeterum</strong></span> <span class='ocrx_word' id='word_1_757' title='bbox 1971 4813 2106 4865; x_wconf 90' lang='lat' dir='ltr'><strong>puer</strong></span> 
     </span>
    </p>
   </div>
   <div class='ocr_carea' id='block_1_97' title="bbox 553 4891 2110 4965">
    <p class='ocr_par' dir='ltr' id='par_1_97' title="bbox 553 4891 2110 4965">
     <span class='ocr_line' id='line_1_98' title="bbox 553 4891 2110 4965; baseline -0.01 -8"><span class='ocrx_word' id='word_1_758' title='bbox 553 4905 801 4957; x_wconf 66' lang='lat' dir='ltr'><strong>crescciw</strong></span> <span class='ocrx_word' id='word_1_759' title='bbox 857 4900 1010 4965; x_wconf 79' lang='lat' dir='ltr'><strong>juxta</strong></span> <span class='ocrx_word' id='word_1_760' title='bbox 1057 4907 1319 4950; x_wconf 87' lang='lat' dir='ltr'><strong>staturam</strong></span> <span class='ocrx_word' id='word_1_761' title='bbox 1349 4894 1706 4960; x_wconf 87' lang='lat' dir='ltr'><strong>corporalem,</strong></span> <span class='ocrx_word' id='word_1_762' title='bbox 1743 4898 1797 4943; x_wconf 91' lang='lat' dir='ltr'><strong>et</strong></span> <span class='ocrx_word' id='word_1_763' title='bbox 1851 4891 2110 4943; x_wconf 88' lang='lat' dir='ltr'><strong>corrobo-</strong></span> 
     </span>
    </p>
   </div>
   <div class='ocr_carea' id='block_1_98' title="bbox 563 4981 2116 5059">
    <p class='ocr_par' dir='ltr' id='par_1_98' title="bbox 563 4981 2116 5059">
     <span class='ocr_line' id='line_1_99' title="bbox 563 4981 2116 5059; baseline -0.012 -11"><span class='ocrx_word' id='word_1_764' title='bbox 563 4999 782 5048; x_wconf 53' lang='lat' dir='ltr'><strong>rabatur</strong></span> <span class='ocrx_word' id='word_1_765' title='bbox 813 4993 1032 5059; x_wconf 69' lang='lat' dir='ltr'><strong>bpiritu.</strong></span> <span class='ocrx_word' id='word_1_766' title='bbox 1062 4989 1192 5041; x_wconf 86' lang='lat' dir='ltr'><strong>Cum</strong></span> <span class='ocrx_word' id='word_1_767' title='bbox 1217 4999 1441 5052; x_wconf 87' lang='lat' dir='ltr'><strong>corpore</strong></span> <span class='ocrx_word' id='word_1_768' title='bbox 1483 4986 1625 5037; x_wconf 77' lang='lat' dir='ltr'><strong>enim</strong></span> <span class='ocrx_word' id='word_1_769' title='bbox 1657 4982 1816 5035; x_wconf 88' lang='lat' dir='ltr'><strong>simul</strong></span> <span class='ocrx_word' id='word_1_770' title='bbox 1841 4981 2116 5034; x_wconf 84' lang='lat' dir='ltr'><strong>crescebat</strong></span> 
     </span>
    </p>
   </div>
   <div class='ocr_carea' id='block_1_99' title="bbox 556 5073 2117 5152">
    <p class='ocr_par' dir='ltr' id='par_1_99' title="bbox 556 5073 2117 5152">
     <span class='ocr_line' id='line_1_100' title="bbox 556 5073 2117 5152; baseline -0.011 -13"><span class='ocrx_word' id='word_1_771' title='bbox 556 5097 610 5139; x_wconf 92' lang='lat' dir='ltr'><strong>et</strong></span> <span class='ocrx_word' id='word_1_772' title='bbox 649 5084 925 5152; x_wconf 90' lang='lat' dir='ltr'><strong>spirituale</strong></span> <span class='ocrx_word' id='word_1_773' title='bbox 981 5084 1196 5132; x_wconf 77' lang='lat' dir='ltr'><strong>donum.</strong></span> <span class='ocrx_word' id='word_1_774' title='bbox 1251 5079 1315 5130; x_wconf 71' lang='lat' dir='ltr'><strong>Et</strong></span> <span class='ocrx_word' id='word_1_775' title='bbox 1368 5085 1565 5146; x_wconf 86' lang='lat' dir='ltr'><strong>quauto</strong></span> <span class='ocrx_word' id='word_1_776' title='bbox 1608 5073 1778 5141; x_wconf 87' lang='lat' dir='ltr'><strong>magis</strong></span> <span class='ocrx_word' id='word_1_777' title='bbox 1840 5073 2117 5125; x_wconf 86' lang='lat' dir='ltr'><strong>crescebat</strong></span> 
     </span>
    </p>
   </div>
   <div class='ocr_carea' id='block_1_100' title="bbox 560 5164 2116 5245">
    <p class='ocr_par' dir='ltr' id='par_1_100' title="bbox 560 5164 2116 5245">
     <span class='ocr_line' id='line_1_101' title="bbox 560 5164 2116 5245; baseline -0.007 -18"><span class='ocrx_word' id='word_1_778' title='bbox 560 5192 710 5245; x_wconf 91' lang='lat' dir='ltr'><strong>puer,</strong></span> <span class='ocrx_word' id='word_1_779' title='bbox 748 5183 897 5227; x_wconf 88' lang='lat' dir='ltr'><strong>tanto</strong></span> <span class='ocrx_word' id='word_1_780' title='bbox 939 5172 1109 5239; x_wconf 81' lang='lat' dir='ltr'><strong>magis</strong></span> <span class='ocrx_word' id='word_1_781' title='bbox 1148 5179 1199 5222; x_wconf 91' lang='lat' dir='ltr'><strong>et</strong></span> <span class='ocrx_word' id='word_1_782' title='bbox 1251 5169 1494 5221; x_wconf 71' lang='lat' dir='ltr'><strong>ellicacize</strong></span> <span class='ocrx_word' id='word_1_783' title='bbox 1540 5166 1775 5234; x_wconf 88' lang='lat' dir='ltr'><strong>Spiritus</strong></span> <span class='ocrx_word' id='word_1_784' title='bbox 1819 5165 1870 5216; x_wconf 91' lang='lat' dir='ltr'><strong>in</strong></span> <span class='ocrx_word' id='word_1_785' title='bbox 1918 5164 2009 5216; x_wconf 92' lang='lat' dir='ltr'><strong>illo</strong></span> <span class='ocrx_word' id='word_1_786' title='bbox 2059 5176 2116 5216; x_wconf 90' lang='lat' dir='ltr'><strong>se</strong></span> 
     </span>
    </p>
   </div>
   <div class='ocr_carea' id='block_1_101' title="bbox 558 5257 2110 5329">
    <p class='ocr_par' dir='ltr' id='par_1_101' title="bbox 558 5257 2110 5329">
     <span class='ocr_line' id='line_1_102' title="bbox 558 5257 2110 5329; baseline -0.006 -14"><span class='ocrx_word' id='word_1_787' title='bbox 558 5265 935 5327; x_wconf 80' lang='lat' dir='ltr'><strong>ostendebant,</strong></span> <span class='ocrx_word' id='word_1_788' title='bbox 999 5274 1201 5329; x_wconf 85' lang='lat' dir='ltr'><strong>organo</strong></span> <span class='ocrx_word' id='word_1_789' title='bbox 1255 5259 1463 5312; x_wconf 89' lang='lat' dir='ltr'><strong>illarum</strong></span> <span class='ocrx_word' id='word_1_790' title='bbox 1547 5272 1746 5326; x_wconf 87' lang='lat' dir='ltr'><strong>capace</strong></span> <span class='ocrx_word' id='word_1_791' title='bbox 1802 5257 2110 5308; x_wconf 78' lang='lat' dir='ltr'><strong>exsistcnte.</strong></span> 
     </span>
    </p>
   </div>
   <div class='ocr_carea' id='block_1_102' title="bbox 557 5347 2114 5423">
    <p class='ocr_par' dir='ltr' id='par_1_102' title="bbox 557 5347 2114 5423">
     <span class='ocr_line' id='line_1_103' title="bbox 557 5347 2114 5423; baseline -0.007 -14"><span class='ocrx_word' id='word_1_792' title='bbox 557 5358 735 5423; x_wconf 82' lang='lat' dir='ltr'><strong>Quare</strong></span> <span class='ocrx_word' id='word_1_793' title='bbox 765 5366 939 5408; x_wconf 87' lang='lat' dir='ltr'><strong>autem</strong></span> <span class='ocrx_word' id='word_1_794' title='bbox 982 5361 1096 5408; x_wconf 90' lang='lat' dir='ltr'><strong>erat</strong></span> <span class='ocrx_word' id='word_1_795' title='bbox 1136 5352 1184 5403; x_wconf 92' lang='lat' dir='ltr'><strong>in</strong></span> <span class='ocrx_word' id='word_1_796' title='bbox 1236 5349 1494 5404; x_wconf 82' lang='lat' dir='ltr'><strong>desertis?</strong></span> <span class='ocrx_word' id='word_1_797' title='bbox 1529 5349 1594 5403; x_wconf 86' lang='lat' dir='ltr'><strong>Ut</strong></span> <span class='ocrx_word' id='word_1_798' title='bbox 1635 5365 1708 5405; x_wconf 86' lang='lat' dir='ltr'><strong>ne</strong></span> <span class='ocrx_word' id='word_1_799' title='bbox 1753 5347 2114 5400; x_wconf 82' lang='lat' dir='ltr'><strong>multitudinis</strong></span> 
     </span>
    </p>
   </div>
   <div class='ocr_carea' id='block_1_103' title="bbox 559 5438 2115 5513">
    <p class='ocr_par' dir='ltr' id='par_1_103' title="bbox 559 5438 2115 5513">
     <span class='ocr_line' id='line_1_104' title="bbox 559 5438 2115 5513; baseline -0.006 -12"><span class='ocrx_word' id='word_1_800' title='bbox 559 5449 778 5503; x_wconf 69' lang='lat' dir='ltr'><strong>malitia:</strong></span> <span class='ocrx_word' id='word_1_801' title='bbox 829 5446 1094 5513; x_wconf 86' lang='lat' dir='ltr'><strong>particeps</strong></span> <span class='ocrx_word' id='word_1_802' title='bbox 1143 5443 1312 5504; x_wconf 80' lang='lat' dir='ltr'><strong>lierct,</strong></span> <span class='ocrx_word' id='word_1_803' title='bbox 1348 5451 1398 5495; x_wconf 89' lang='lat' dir='ltr'><strong>et</strong></span> <span class='ocrx_word' id='word_1_804' title='bbox 1439 5449 1492 5492; x_wconf 87' lang='lat' dir='ltr'><strong>ut</strong></span> <span class='ocrx_word' id='word_1_805' title='bbox 1546 5441 1810 5496; x_wconf 80' lang='lat' dir='ltr'><strong>neminem</strong></span> <span class='ocrx_word' id='word_1_806' title='bbox 1848 5438 2115 5491; x_wconf 85' lang='lat' dir='ltr'><strong>reveritus</strong></span> 
     </span>
    </p>
   </div>
   <div class='ocr_carea' id='block_1_104' title="bbox 559 5531 2112 5603">
    <p class='ocr_par' dir='ltr' id='par_1_104' title="bbox 559 5531 2112 5603">
     <span class='ocr_line' id='line_1_105' title="bbox 559 5531 2112 5603; baseline -0.006 -12"><span class='ocrx_word' id='word_1_807' title='bbox 559 5540 728 5592; x_wconf 86' lang='lat' dir='ltr'><strong>libere</strong></span> <span class='ocrx_word' id='word_1_808' title='bbox 786 5537 1217 5603; x_wconf 84' lang='lat' dir='ltr'><strong>reprehenderet.</strong></span> <span class='ocrx_word' id='word_1_809' title='bbox 1254 5532 1387 5586; x_wconf 83' lang='lat' dir='ltr'><strong>Nam</strong></span> <span class='ocrx_word' id='word_1_810' title='bbox 1437 5533 1482 5585; x_wconf 89' lang='lat' dir='ltr'><strong>si</strong></span> <span class='ocrx_word' id='word_1_811' title='bbox 1537 5531 1721 5583; x_wconf 78' lang='lat' dir='ltr'><strong>fuisset</strong></span> <span class='ocrx_word' id='word_1_812' title='bbox 1788 5532 1838 5583; x_wconf 91' lang='lat' dir='ltr'><strong>in</strong></span> <span class='ocrx_word' id='word_1_813' title='bbox 1892 5532 2112 5589; x_wconf 85' lang='lat' dir='ltr'><strong>mundo,</strong></span> 
     </span>
    </p>
   </div>
   <div class='ocr_carea' id='block_1_105' title="bbox 561 5621 2109 5685">
    <p class='ocr_par' dir='ltr' id='par_1_105' title="bbox 561 5621 2109 5685">
     <span class='ocr_line' id='line_1_106' title="bbox 561 5621 2109 5685; baseline -0.009 -2"><span class='ocrx_word' id='word_1_814' title='bbox 561 5629 809 5685; x_wconf 79' lang='lat' dir='ltr'><strong>fortassis</strong></span> <span class='ocrx_word' id='word_1_815' title='bbox 849 5627 1229 5680; x_wconf 89' lang='lat' dir='ltr'><strong>consuetudine</strong></span> <span class='ocrx_word' id='word_1_816' title='bbox 1254 5626 1553 5677; x_wconf 88' lang='lat' dir='ltr'><strong>amicorum</strong></span> <span class='ocrx_word' id='word_1_817' title='bbox 1577 5632 1631 5674; x_wconf 82' lang='lat' dir='ltr'><strong>et</strong></span> <span class='ocrx_word' id='word_1_818' title='bbox 1663 5621 1916 5674; x_wconf 88' lang='lat' dir='ltr'><strong>societate</strong></span> <span class='ocrx_word' id='word_1_819' title='bbox 1971 5622 2109 5671; x_wconf 85' lang='lat' dir='ltr'><strong>coin-</strong></span> 
     </span>
    </p>
   </div>
   <div class='ocr_carea' id='block_1_106' title="bbox 558 5715 2112 5791">
    <p class='ocr_par' dir='ltr' id='par_1_106' title="bbox 558 5715 2112 5791">
     <span class='ocr_line' id='line_1_107' title="bbox 558 5715 2112 5791; baseline -0.006 -16"><span class='ocrx_word' id='word_1_820' title='bbox 558 5725 812 5791; x_wconf 83' lang='lat' dir='ltr'><strong>quinatus</strong></span> <span class='ocrx_word' id='word_1_821' title='bbox 844 5721 1032 5774; x_wconf 84' lang='lat' dir='ltr'><strong>l‘nisset</strong></span> <span class='ocrx_word' id='word_1_822' title='bbox 1061 5739 1069 5771; x_wconf 94' lang='lat'>:</span> <span class='ocrx_word' id='word_1_823' title='bbox 1103 5718 1193 5772; x_wconf 88' lang='lat' dir='ltr'><strong>sed</strong></span> <span class='ocrx_word' id='word_1_824' title='bbox 1231 5727 1282 5771; x_wconf 89' lang='lat' dir='ltr'><strong>et</strong></span> <span class='ocrx_word' id='word_1_825' title='bbox 1330 5728 1387 5770; x_wconf 91' lang='lat' dir='ltr'><strong>ut</strong></span> <span class='ocrx_word' id='word_1_826' title='bbox 1420 5717 1520 5770; x_wconf 82' lang='lat' dir='ltr'><strong>ﬁde</strong></span> <span class='ocrx_word' id='word_1_827' title='bbox 1565 5715 1752 5784; x_wconf 89' lang='lat' dir='ltr'><strong>dignus</strong></span> <span class='ocrx_word' id='word_1_828' title='bbox 1803 5716 2112 5779; x_wconf 82' lang='lat' dir='ltr'><strong>haberetur,</strong></span> 
     </span>
    </p>
   </div>
   <div class='ocr_carea' id='block_1_107' title="bbox 560 5811 2116 5886">
    <p class='ocr_par' dir='ltr' id='par_1_107' title="bbox 560 5811 2116 5886">
     <span class='ocr_line' id='line_1_108' title="bbox 560 5811 2116 5886; baseline -0.001 -22"><span class='ocrx_word' id='word_1_829' title='bbox 560 5833 650 5886; x_wconf 81' lang='lat' dir='ltr'><strong>qui</strong></span> <span class='ocrx_word' id='word_1_830' title='bbox 708 5813 1026 5885; x_wconf 76' lang='lat' dir='ltr'><strong>praedicaret</strong></span> <span class='ocrx_word' id='word_1_831' title='bbox 1078 5814 1371 5878; x_wconf 86' lang='lat' dir='ltr'><strong>Christum,</strong></span> <span class='ocrx_word' id='word_1_832' title='bbox 1405 5820 1584 5881; x_wconf 84' lang='lat' dir='ltr'><strong>utpote</strong></span> <span class='ocrx_word' id='word_1_833' title='bbox 1631 5811 2116 5879; x_wconf 76' lang='lat' dir='ltr'><strong>eretnita,vitaque</strong></span> 
     </span>
    </p>
   </div>
   <div class='ocr_carea' id='block_1_108' title="bbox 2217 4615 3798 4688">
    <p class='ocr_par' dir='ltr' id='par_1_108' title="bbox 2217 4615 3798 4688">
     <span class='ocr_line' id='line_1_109' title="bbox 2217 4615 3798 4688; baseline -0.003 -16"><span class='ocrx_word' id='word_1_834' title='bbox 2217 4620 2332 4674; x_wconf 76' lang='grc' dir='ltr'>ὁδὸν</span> <span class='ocrx_word' id='word_1_835' title='bbox 2383 4620 2630 4688; x_wconf 78' lang='grc' dir='ltr'>εἰρήνης,</span> <span class='ocrx_word' id='word_1_836' title='bbox 2688 4618 2952 4683; x_wconf 84' lang='grc' dir='ltr'>τουτέστι,</span> <span class='ocrx_word' id='word_1_837' title='bbox 3002 4619 3098 4684; x_wconf 77' lang='grc' dir='ltr'><strong>τῆς</strong></span> <span class='ocrx_word' id='word_1_838' title='bbox 3160 4615 3504 4687; x_wconf 79' lang='grc' dir='ltr'>δικαιοσύνης</span> <span class='ocrx_word' id='word_1_839' title='bbox 3538 4633 3552 4647; x_wconf 80' lang='grc'><strong>⁸</strong></span> <span class='ocrx_word' id='word_1_840' title='bbox 3604 4617 3798 4687; x_wconf 80' lang='grc' dir='ltr'>ὥσπερ</span> 
     </span>
    </p>
   </div>
   <div class='ocr_carea' id='block_1_109' title="bbox 2217 4708 3795 4782">
    <p class='ocr_par' dir='ltr' id='par_1_109' title="bbox 2217 4708 3795 4782">
     <span class='ocr_line' id='line_1_110' title="bbox 2217 4708 3795 4782; baseline -0.002 -19"><span class='ocrx_word' id='word_1_841' title='bbox 2217 4711 2324 4781; x_wconf 79' lang='grc' dir='ltr'>γάρ</span> <span class='ocrx_word' id='word_1_842' title='bbox 2349 4712 2380 4780; x_wconf 87' lang='grc' dir='ltr'><strong>ή</strong></span> <span class='ocrx_word' id='word_1_843' title='bbox 2414 4710 2677 4778; x_wconf 83' lang='grc' dir='ltr'>ἁμαρτία,</span> <span class='ocrx_word' id='word_1_844' title='bbox 2707 4710 2874 4782; x_wconf 79' lang='grc' dir='ltr'>ἔχθρα</span> <span class='ocrx_word' id='word_1_845' title='bbox 2894 4711 2969 4771; x_wconf 64' lang='grc' dir='ltr'>εἷς</span> <span class='ocrx_word' id='word_1_846' title='bbox 3006 4710 3159 4772; x_wconf 79' lang='grc' dir='ltr'>Θεὸν,</span> <span class='ocrx_word' id='word_1_847' title='bbox 3191 4709 3362 4770; x_wconf 77' lang='grc' dir='ltr'>οὓτως</span> <span class='ocrx_word' id='word_1_848' title='bbox 3388 4709 3421 4777; x_wconf 80' lang='grc' dir='ltr'>ἠ</span> <span class='ocrx_word' id='word_1_849' title='bbox 3449 4708 3795 4777; x_wconf 83' lang='grc' dir='ltr'>δικαιοσύνη,</span> 
     </span>
    </p>
   </div>
   <div class='ocr_carea' id='block_1_110' title="bbox 2219 4799 3797 4873">
    <p class='ocr_par' dir='ltr' id='par_1_110' title="bbox 2219 4799 3797 4873">
     <span class='ocr_line' id='line_1_111' title="bbox 2219 4799 3797 4873; baseline -0.002 -18"><span class='ocrx_word' id='word_1_850' title='bbox 2219 4805 2432 4873; x_wconf 75' lang='grc' dir='ltr'>εἰρήνη.</span> <span class='ocrx_word' id='word_1_851' title='bbox 2486 4804 2631 4866; x_wconf 82' lang='grc' dir='ltr'>ὐδὸς</span> <span class='ocrx_word' id='word_1_852' title='bbox 2676 4802 2768 4856; x_wconf 74' lang='grc' dir='ltr'><strong>οὖν</strong></span> <span class='ocrx_word' id='word_1_853' title='bbox 2804 4805 3033 4871; x_wconf 12' lang='grc' dir='ltr'>,εἰρήνης</span> <span class='ocrx_word' id='word_1_854' title='bbox 3057 4803 3130 4868; x_wconf 84' lang='grc' dir='ltr'>,ἡ</span> <span class='ocrx_word' id='word_1_855' title='bbox 3164 4803 3260 4870; x_wconf 80' lang='grc' dir='ltr'>τῆς</span> <span class='ocrx_word' id='word_1_856' title='bbox 3299 4799 3648 4870; x_wconf 79' lang='grc' dir='ltr'>δικαιοσύνης</span> <span class='ocrx_word' id='word_1_857' title='bbox 3700 4818 3797 4852; x_wconf 86' lang='grc' dir='ltr'><strong>πο-</strong></span> 
     </span>
    </p>
   </div>
   <div class='ocr_carea' id='block_1_111' title="bbox 2218 4891 3796 4968">
    <p class='ocr_par' dir='ltr' id='par_1_111' title="bbox 2218 4891 3796 4968">
     <span class='ocr_line' id='line_1_112' title="bbox 2218 4891 3796 4968; baseline -0.001 -24"><span class='ocrx_word' id='word_1_858' title='bbox 2218 4895 2409 4958; x_wconf 84' lang='grc' dir='ltr'>λιτεία,</span> <span class='ocrx_word' id='word_1_859' title='bbox 2437 4895 2571 4963; x_wconf 85' lang='grc' dir='ltr'>πρὸς</span> <span class='ocrx_word' id='word_1_860' title='bbox 2593 4895 2658 4963; x_wconf 77' lang='grc' dir='ltr'><strong>ἣν</strong></span> <span class='ocrx_word' id='word_1_861' title='bbox 2691 4894 2986 4947; x_wconf 79' lang='grc' dir='ltr'>κατεύθυνε</span> <span class='ocrx_word' id='word_1_862' title='bbox 3020 4896 3144 4955; x_wconf 65' lang='grc' dir='ltr'>τοὺς</span> <span class='ocrx_word' id='word_1_863' title='bbox 3170 4893 3340 4960; x_wconf 61' lang='grc' dir='ltr'>πόδας</span> <span class='ocrx_word' id='word_1_864' title='bbox 3366 4892 3473 4943; x_wconf 79' lang='grc' dir='ltr'><strong>τῶν</strong></span> <span class='ocrx_word' id='word_1_865' title='bbox 3504 4891 3796 4968; x_wconf 58' lang='grc' dir='ltr'>ἡμετέρων</span> 
     </span>
    </p>
   </div>
   <div class='ocr_carea' id='block_1_112' title="bbox 2219 4982 3789 5054">
    <p class='ocr_par' dir='ltr' id='par_1_112' title="bbox 2219 4982 3789 5054">
     <span class='ocr_line' id='line_1_113' title="bbox 2219 4982 3789 5054; baseline 0 -18"><span class='ocrx_word' id='word_1_866' title='bbox 2219 4985 2424 5054; x_wconf 69' lang='grc' dir='ltr'>ψυχῶν,</span> <span class='ocrx_word' id='word_1_867' title='bbox 2459 4988 2485 5037; x_wconf 90' lang='lat'><strong>6</strong></span> <span class='ocrx_word' id='word_1_868' title='bbox 2514 4987 2570 5049; x_wconf 74' lang='grc' dir='ltr'>ἐξ</span> <span class='ocrx_word' id='word_1_869' title='bbox 2602 4985 2768 5054; x_wconf 60' lang='grc' dir='ltr'>ὕψους</span> <span class='ocrx_word' id='word_1_870' title='bbox 2795 4986 3079 5046; x_wconf 79' lang='grc' dir='ltr'>ἀνατείλας</span> <span class='ocrx_word' id='word_1_871' title='bbox 3113 4985 3344 5053; x_wconf 79' lang='grc' dir='ltr'>Χριστός</span> <span class='ocrx_word' id='word_1_872' title='bbox 3372 5001 3384 5013; x_wconf 92' lang='grc'><strong>·</strong></span> <span class='ocrx_word' id='word_1_873' title='bbox 3411 4982 3612 5052; x_wconf 73' lang='grc' dir='ltr'>ηὔξανε</span> <span class='ocrx_word' id='word_1_874' title='bbox 3643 4985 3699 5037; x_wconf 82' lang='grc' dir='ltr'>δὲ</span> <span class='ocrx_word' id='word_1_875' title='bbox 3728 4985 3789 5036; x_wconf 79' lang='grc' dir='ltr'><strong>τὸ</strong></span> 
     </span>
    </p>
   </div>
   <div class='ocr_carea' id='block_1_113' title="bbox 2223 5078 3797 5148">
    <p class='ocr_par' dir='ltr' id='par_1_113' title="bbox 2223 5078 3797 5148">
     <span class='ocr_line' id='line_1_114' title="bbox 2223 5078 3797 5148; baseline -0.001 -18"><span class='ocrx_word' id='word_1_876' title='bbox 2223 5078 2431 5131; x_wconf 76' lang='grc' dir='ltr'>παιδίον</span> <span class='ocrx_word' id='word_1_877' title='bbox 2484 5080 2623 5130; x_wconf 46' lang='grc' dir='ltr'>κατὰ</span> <span class='ocrx_word' id='word_1_878' title='bbox 2686 5079 2782 5147; x_wconf 77' lang='grc' dir='ltr'>τὴν</span> <span class='ocrx_word' id='word_1_879' title='bbox 2830 5080 3154 5148; x_wconf 82' lang='grc' dir='ltr'>σωματικὴν</span> <span class='ocrx_word' id='word_1_880' title='bbox 3208 5078 3445 5147; x_wconf 82' lang='grc' dir='ltr'>ἡλικίαν,</span> <span class='ocrx_word' id='word_1_881' title='bbox 3488 5079 3586 5130; x_wconf 72' lang='grc' dir='ltr'><strong>καὶ</strong></span> <span class='ocrx_word' id='word_1_882' title='bbox 3631 5081 3797 5148; x_wconf 73' lang='grc' dir='ltr'>ἔκρα-</span> 
     </span>
    </p>
   </div>
   <div class='ocr_carea' id='block_1_114' title="bbox 2219 5169 3794 5240">
    <p class='ocr_par' dir='ltr' id='par_1_114' title="bbox 2219 5169 3794 5240">
     <span class='ocr_line' id='line_1_115' title="bbox 2219 5169 3794 5240; baseline -0.001 -20"><span class='ocrx_word' id='word_1_883' title='bbox 2219 5171 2432 5223; x_wconf 74' lang='grc' dir='ltr'>ταιοῦτο</span> <span class='ocrx_word' id='word_1_884' title='bbox 2468 5172 2531 5221; x_wconf 64' lang='lat' dir='ltr'><strong>II:</strong></span> <span class='ocrx_word' id='word_1_885' title='bbox 2561 5170 2744 5239; x_wconf 83' lang='grc' dir='ltr'>,ύματι</span> <span class='ocrx_word' id='word_1_886' title='bbox 2779 5189 2790 5198; x_wconf 93' lang='grc'><strong>·</strong></span> <span class='ocrx_word' id='word_1_887' title='bbox 2828 5171 2906 5240; x_wconf 77' lang='grc' dir='ltr'>τῷ</span> <span class='ocrx_word' id='word_1_888' title='bbox 2930 5174 3035 5240; x_wconf 78' lang='grc' dir='ltr'>γὰρ</span> <span class='ocrx_word' id='word_1_889' title='bbox 3068 5169 3279 5238; x_wconf 82' lang='grc' dir='ltr'>σώματι</span> <span class='ocrx_word' id='word_1_890' title='bbox 3318 5170 3794 5237; x_wconf 73' lang='grc' dir='ltr'>συναυξανόμενον</span> 
     </span>
    </p>
   </div>
   <div class='ocr_carea' id='block_1_115' title="bbox 2217 5259 3795 5331">
    <p class='ocr_par' dir='ltr' id='par_1_115' title="bbox 2217 5259 3795 5331">
     <span class='ocr_line' id='line_1_116' title="bbox 2217 5259 3795 5331; baseline -0.002 -17"><span class='ocrx_word' id='word_1_891' title='bbox 2217 5259 2286 5331; x_wconf 74' lang='grc' dir='ltr'><strong>ἦν</strong></span> <span class='ocrx_word' id='word_1_892' title='bbox 2339 5264 2433 5315; x_wconf 69' lang='grc' dir='ltr'>καὶ</span> <span class='ocrx_word' id='word_1_893' title='bbox 2474 5264 2532 5314; x_wconf 75' lang='grc' dir='ltr'><strong>τὸ</strong></span> <span class='ocrx_word' id='word_1_894' title='bbox 2587 5264 2950 5330; x_wconf 75' lang='grc' dir='ltr'>πνευματικὸν</span> <span class='ocrx_word' id='word_1_895' title='bbox 3000 5262 3393 5331; x_wconf 75' lang='grc' dir='ltr'>χάρισμα*κα“ι</span> <span class='ocrx_word' id='word_1_896' title='bbox 3424 5261 3532 5330; x_wconf 83' lang='grc' dir='ltr'><strong>ὅσῳ</strong></span> <span class='ocrx_word' id='word_1_897' title='bbox 3594 5263 3795 5330; x_wconf 70' lang='grc' dir='ltr'>μᾶλλον</span> 
     </span>
    </p>
   </div>
   <div class='ocr_carea' id='block_1_116' title="bbox 2219 5350 3792 5422">
    <p class='ocr_par' dir='ltr' id='par_1_116' title="bbox 2219 5350 3792 5422">
     <span class='ocr_line' id='line_1_117' title="bbox 2219 5350 3792 5422; baseline -0.001 -18"><span class='ocrx_word' id='word_1_898' title='bbox 2219 5352 2411 5420; x_wconf 68' lang='grc' dir='ltr'>ηὔξετο</span> <span class='ocrx_word' id='word_1_899' title='bbox 2451 5357 2476 5404; x_wconf 87' lang='lat'><strong>6</strong></span> <span class='ocrx_word' id='word_1_900' title='bbox 2500 5354 2646 5413; x_wconf 82' lang='grc' dir='ltr'>παῖς,</span> <span class='ocrx_word' id='word_1_901' title='bbox 2685 5352 2925 5422; x_wconf 60' lang='grc' dir='ltr'>τοσούτῳ</span> <span class='ocrx_word' id='word_1_902' title='bbox 2949 5355 3043 5405; x_wconf 70' lang='grc' dir='ltr'><strong>καὶ</strong></span> <span class='ocrx_word' id='word_1_903' title='bbox 3068 5353 3123 5403; x_wconf 87' lang='grc' dir='ltr'>αἱ</span> <span class='ocrx_word' id='word_1_904' title='bbox 3158 5352 3249 5404; x_wconf 72' lang='grc' dir='ltr'>τοῦ</span> <span class='ocrx_word' id='word_1_905' title='bbox 3287 5350 3606 5419; x_wconf 78' lang='grc' dir='ltr'>Πνεύματος</span> <span class='ocrx_word' id='word_1_906' title='bbox 3638 5353 3792 5422; x_wconf 83' lang='grc' dir='ltr'>ὲνέρ-</span> 
     </span>
    </p>
   </div>
   <div class='ocr_carea' id='block_1_117' title="bbox 2220 5443 3794 5514">
    <p class='ocr_par' dir='ltr' id='par_1_117' title="bbox 2220 5443 3794 5514">
     <span class='ocr_line' id='line_1_118' title="bbox 2220 5443 3794 5514; baseline -0.001 -19"><span class='ocrx_word' id='word_1_907' title='bbox 2220 5462 2364 5508; x_wconf 79' lang='grc' dir='ltr'>γειαι</span> <span class='ocrx_word' id='word_1_908' title='bbox 2394 5445 2787 5496; x_wconf 79' lang='grc' dir='ltr'>διεδείκνυντο·</span> <span class='ocrx_word' id='word_1_909' title='bbox 2823 5445 2916 5495; x_wconf 77' lang='grc' dir='ltr'>τοῦ</span> <span class='ocrx_word' id='word_1_910' title='bbox 2971 5446 3200 5512; x_wconf 81' lang='grc' dir='ltr'>ὀργάνου</span> <span class='ocrx_word' id='word_1_911' title='bbox 3251 5443 3548 5511; x_wconf 80' lang='grc' dir='ltr'>δυναμένου</span> <span class='ocrx_word' id='word_1_912' title='bbox 3598 5449 3794 5514; x_wconf 84' lang='grc' dir='ltr'>χωρεῖν</span> 
     </span>
    </p>
   </div>
   <div class='ocr_carea' id='block_1_118' title="bbox 2220 5535 3783 5608">
    <p class='ocr_par' dir='ltr' id='par_1_118' title="bbox 2220 5535 3783 5608">
     <span class='ocr_line' id='line_1_119' title="bbox 2220 5535 3783 5608; baseline 0.008 -20"><span class='ocrx_word' id='word_1_913' title='bbox 2220 5538 2439 5600; x_wconf 63' lang='grc' dir='ltr'>ταύτας,</span> <span class='ocrx_word' id='word_1_914' title='bbox 2473 5541 2567 5590; x_wconf 76' lang='grc' dir='ltr'>Διά</span> <span class='ocrx_word' id='word_1_915' title='bbox 2614 5541 2661 5590; x_wconf 72' lang='grc' dir='ltr'><strong>τί</strong></span> <span class='ocrx_word' id='word_1_916' title='bbox 2702 5541 2755 5591; x_wconf 73' lang='grc' dir='ltr'>δὲ</span> <span class='ocrx_word' id='word_1_917' title='bbox 2801 5535 2865 5608; x_wconf 78' lang='grc' dir='ltr'>ἦν</span> <span class='ocrx_word' id='word_1_918' title='bbox 2923 5541 2979 5591; x_wconf 81' lang='grc' dir='ltr'><strong>ὲν</strong></span> <span class='ocrx_word' id='word_1_919' title='bbox 3027 5542 3144 5602; x_wconf 79' lang='grc' dir='ltr'>ταῖς</span> <span class='ocrx_word' id='word_1_920' title='bbox 3183 5541 3446 5607; x_wconf 75' lang='grc' dir='ltr'>ἐρήμοιςς</span> <span class='ocrx_word' id='word_1_921' title='bbox 3508 5539 3628 5599; x_wconf 76' lang='grc' dir='ltr'>Ἵνα</span> <span class='ocrx_word' id='word_1_922' title='bbox 3691 5541 3783 5604; x_wconf 63' lang='grc' dir='ltr'>ἔξιθι</span> 
     </span>
    </p>
   </div>
   <div class='ocr_carea' id='block_1_119' title="bbox 2221 5629 3790 5700">
    <p class='ocr_par' dir='ltr' id='par_1_119' title="bbox 2221 5629 3790 5700">
     <span class='ocr_line' id='line_1_120' title="bbox 2221 5629 3790 5700; baseline 0.002 -21"><span class='ocrx_word' id='word_1_923' title='bbox 2221 5630 2317 5696; x_wconf 76' lang='grc' dir='ltr'>τῆς</span> <span class='ocrx_word' id='word_1_924' title='bbox 2344 5631 2447 5681; x_wconf 74' lang='grc' dir='ltr'><strong>τῶν</strong></span> <span class='ocrx_word' id='word_1_925' title='bbox 2494 5631 2703 5681; x_wconf 64' lang='grc' dir='ltr'>πολλῶν</span> <span class='ocrx_word' id='word_1_926' title='bbox 2739 5631 2940 5692; x_wconf 79' lang='grc' dir='ltr'>κακίας</span> <span class='ocrx_word' id='word_1_927' title='bbox 2983 5631 3162 5700; x_wconf 76' lang='grc' dir='ltr'>διάγῃ,</span> <span class='ocrx_word' id='word_1_928' title='bbox 3195 5629 3284 5682; x_wconf 68' lang='grc' dir='ltr'>καὶ</span> <span class='ocrx_word' id='word_1_929' title='bbox 3320 5631 3404 5681; x_wconf 78' lang='grc' dir='ltr'><strong>ἵνα</strong></span> <span class='ocrx_word' id='word_1_930' title='bbox 3455 5630 3663 5699; x_wconf 85' lang='grc' dir='ltr'>μηδένα</span> <span class='ocrx_word' id='word_1_931' title='bbox 3705 5633 3790 5684; x_wconf 77' lang='lat' dir='ltr'><strong>ai-</strong></span> 
     </span>
    </p>
   </div>
   <div class='ocr_carea' id='block_1_120' title="bbox 2219 5720 3791 5794">
    <p class='ocr_par' dir='ltr' id='par_1_120' title="bbox 2219 5720 3791 5794">
     <span class='ocr_line' id='line_1_121' title="bbox 2219 5720 3791 5794; baseline 0.001 -22"><span class='ocrx_word' id='word_1_932' title='bbox 2219 5721 2497 5791; x_wconf 78' lang='grc' dir='ltr'>δούμενος,</span> <span class='ocrx_word' id='word_1_933' title='bbox 2534 5724 2726 5791; x_wconf 54' lang='grc' dir='ltr'>ἑλέ-,τίη</span> <span class='ocrx_word' id='word_1_934' title='bbox 2788 5725 2925 5791; x_wconf 71' lang='grc' dir='ltr'>μετὰ</span> <span class='ocrx_word' id='word_1_935' title='bbox 2960 5723 3270 5793; x_wconf 68' lang='grc' dir='ltr'>παρρησίας</span> <span class='ocrx_word' id='word_1_936' title='bbox 3305 5738 3319 5754; x_wconf 87' lang='grc'><strong>·</strong></span> <span class='ocrx_word' id='word_1_937' title='bbox 3368 5724 3414 5774; x_wconf 85' lang='grc' dir='ltr'><strong>εί</strong></span> <span class='ocrx_word' id='word_1_938' title='bbox 3468 5723 3576 5793; x_wconf 74' lang='grc' dir='ltr'><strong>γὰρ</strong></span> <span class='ocrx_word' id='word_1_939' title='bbox 3616 5720 3686 5794; x_wconf 80' lang='grc' dir='ltr'><strong>ἦν</strong></span> <span class='ocrx_word' id='word_1_940' title='bbox 3735 5727 3791 5776; x_wconf 81' lang='grc' dir='ltr'><strong>ιν</strong></span> 
     </span>
    </p>
   </div>
   <div class='ocr_carea' id='block_1_121' title="bbox 2219 5811 3790 5885">
    <p class='ocr_par' dir='ltr' id='par_1_121' title="bbox 2219 5811 3790 5885">
     <span class='ocr_line' id='line_1_122' title="bbox 2219 5811 3790 5885; baseline 0.002 -20"><span class='ocrx_word' id='word_1_941' title='bbox 2219 5814 2294 5882; x_wconf 76' lang='grc' dir='ltr'>τῷ</span> <span class='ocrx_word' id='word_1_942' title='bbox 2331 5816 2542 5885; x_wconf 82' lang='grc' dir='ltr'>κόσμῳ,</span> <span class='ocrx_word' id='word_1_943' title='bbox 2593 5816 2754 5884; x_wconf 75' lang='grc' dir='ltr'>τυχὸν</span> <span class='ocrx_word' id='word_1_944' title='bbox 2804 5815 2867 5867; x_wconf 80' lang='grc' dir='ltr'><strong>ἂν</strong></span> <span class='ocrx_word' id='word_1_945' title='bbox 2927 5814 3193 5884; x_wconf 79' lang='grc' dir='ltr'>ὲμολύνΟη</span> <span class='ocrx_word' id='word_1_946' title='bbox 3251 5811 3454 5882; x_wconf 81' lang='grc' dir='ltr'>φιλίαις</span> <span class='ocrx_word' id='word_1_947' title='bbox 3517 5815 3612 5867; x_wconf 81' lang='grc' dir='ltr'>καὶ</span> <span class='ocrx_word' id='word_1_948' title='bbox 3667 5831 3790 5868; x_wconf 85' lang='grc' dir='ltr'><strong>συν·</strong></span> 
     </span>
    </p>
   </div>
  </div>
