  <div class='ocr_page' id='page_1' title='image "/cluster/home/n/w/nwhite01/storage/ocr_20150623/123/ien.35556001659978/366.png"; bbox 0 0 4028 6416; ppageno 0'>
   <div class='ocr_carea' id='block_1_1' title="bbox 241 390 340 459">
    <p class='ocr_par' dir='ltr' id='par_1_1' title="bbox 241 390 340 459">
     <span class='ocr_line' id='line_1_1' title="bbox 241 390 340 459; baseline -0.051 0"><span class='ocrx_word' id='word_1_1' title='bbox 241 390 340 459; x_wconf 73' lang='grc' dir='ltr'><strong>ῚΞΙ</strong></span> 
     </span>
    </p>
   </div>
   <div class='ocr_carea' id='block_1_2' title="bbox 957 392 2786 465">
    <p class='ocr_par' dir='ltr' id='par_1_2' title="bbox 957 392 2786 465">
     <span class='ocr_line' id='line_1_2' title="bbox 957 392 2786 465; baseline 0.005 -10"><span class='ocrx_word' id='word_1_2' title='bbox 957 393 1409 457; x_wconf 70' lang='lat' dir='ltr'><strong>ENARRATlO</strong></span> <span class='ocrx_word' id='word_1_3' title='bbox 1450 392 1536 456; x_wconf 84' lang='lat' dir='ltr'><strong>IN</strong></span> <span class='ocrx_word' id='word_1_4' title='bbox 1574 394 2080 461; x_wconf 83' lang='lat' dir='ltr'><strong>EVANGELIUM</strong></span> <span class='ocrx_word' id='word_1_5' title='bbox 2114 400 2356 463; x_wconf 60' lang='lat' dir='ltr'><strong>LUC/ﬁ.</strong></span> <span class='ocrx_word' id='word_1_6' title='bbox 2399 427 2468 438; x_wconf 90' lang='grc'><strong><em>-</em></strong></span> <span class='ocrx_word' id='word_1_7' title='bbox 2500 402 2661 464; x_wconf 83' lang='lat' dir='ltr'><strong>CAP.</strong></span> <span class='ocrx_word' id='word_1_8' title='bbox 2699 404 2786 465; x_wconf 84' lang='grc' dir='ltr'><strong>ΙῘ.</strong></span> 
     </span>
    </p>
   </div>
   <div class='ocr_carea' id='block_1_3' title="bbox 3422 403 3531 467">
    <p class='ocr_par' dir='ltr' id='par_1_3' title="bbox 3422 403 3531 467">
     <span class='ocr_line' id='line_1_3' title="bbox 3422 403 3531 467; baseline 0.018 -1"><span class='ocrx_word' id='word_1_9' title='bbox 3422 403 3531 467; x_wconf 75' lang='grc'><strong>’122</strong></span> 
     </span>
    </p>
   </div>
   <div class='ocr_carea' id='block_1_4' title="bbox 244 501 1826 582">
    <p class='ocr_par' dir='ltr' id='par_1_4' title="bbox 244 501 1826 574">
     <span class='ocr_line' id='line_1_4' title="bbox 244 501 1826 574; baseline 0.003 -18"><span class='ocrx_word' id='word_1_10' title='bbox 244 503 460 572; x_wconf 75' lang='grc' dir='ltr'>ηθείσις</span> <span class='ocrx_word' id='word_1_11' title='bbox 503 501 835 574; x_wconf 58' lang='grc' dir='ltr'>ἀνθρώπων</span> <span class='ocrx_word' id='word_1_12' title='bbox 863 503 978 573; x_wconf 72' lang='grc' dir='ltr'><strong>ἅμα</strong></span> <span class='ocrx_word' id='word_1_13' title='bbox 1021 503 1078 556; x_wconf 82' lang='grc' dir='ltr'>δὲ</span> <span class='ocrx_word' id='word_1_14' title='bbox 1125 506 1217 557; x_wconf 75' lang='grc' dir='ltr'><strong>καὶ</strong></span> <span class='ocrx_word' id='word_1_15' title='bbox 1256 505 1341 557; x_wconf 83' lang='grc' dir='ltr'>ἴνα</span> <span class='ocrx_word' id='word_1_16' title='bbox 1401 504 1716 569; x_wconf 80' lang='grc' dir='ltr'>ἀξιόπιστος</span> <span class='ocrx_word' id='word_1_17' title='bbox 1754 508 1826 561; x_wconf 79' lang='grc' dir='ltr'><strong>εἴτ</strong></span> 
     </span>
    </p>
   </div>
   <div class='ocr_carea' id='block_1_5' title="bbox 1935 501 3531 582">
    <p class='ocr_par' dir='ltr' id='par_1_5' title="bbox 1943 510 3531 582">
     <span class='ocr_line' id='line_1_5' title="bbox 1943 510 3531 582; baseline 0.004 -19"><span class='ocrx_word' id='word_1_18' title='bbox 1943 510 2217 567; x_wconf 78' lang='lat' dir='ltr'><strong>excellens</strong></span> <span class='ocrx_word' id='word_1_19' title='bbox 2247 512 2405 568; x_wconf 90' lang='lat' dir='ltr'><strong>alios.</strong></span> <span class='ocrx_word' id='word_1_20' title='bbox 2431 513 2615 570; x_wconf 89' lang='lat' dir='ltr'><strong>Latuit</strong></span> <span class='ocrx_word' id='word_1_21' title='bbox 2664 524 2845 570; x_wconf 85' lang='lat' dir='ltr'><strong>autem</strong></span> <span class='ocrx_word' id='word_1_22' title='bbox 2887 516 2938 570; x_wconf 90' lang='lat' dir='ltr'><strong>in</strong></span> <span class='ocrx_word' id='word_1_23' title='bbox 2971 515 3223 582; x_wconf 77' lang='lat' dir='ltr'><strong>desertis,</strong></span> <span class='ocrx_word' id='word_1_24' title='bbox 3248 516 3421 571; x_wconf 82' lang='lat' dir='ltr'><strong>donec</strong></span> <span class='ocrx_word' id='word_1_25' title='bbox 3447 518 3531 569; x_wconf 84' lang='lat' dir='ltr'><strong>vi-</strong></span> 
     </span>
    </p>
   </div>
   <div class='ocr_carea' id='block_1_6' title="bbox 244 593 1834 670">
    <p class='ocr_par' dir='ltr' id='par_1_6' title="bbox 244 593 1834 670">
     <span class='ocr_line' id='line_1_6' title="bbox 244 593 1834 670; baseline 0.003 -22"><span class='ocrx_word' id='word_1_26' title='bbox 244 596 456 666; x_wconf 73' lang='grc' dir='ltr'>μέλλων</span> <span class='ocrx_word' id='word_1_27' title='bbox 505 596 636 667; x_wconf 80' lang='grc' dir='ltr'><strong>περί</strong></span> <span class='ocrx_word' id='word_1_28' title='bbox 678 596 921 666; x_wconf 81' lang='grc' dir='ltr'><strong>Χριστοῦ</strong></span> <span class='ocrx_word' id='word_1_29' title='bbox 971 598 1293 667; x_wconf 80' lang='grc' dir='ltr'><strong>κηρύττειν,</strong></span> <span class='ocrx_word' id='word_1_30' title='bbox 1329 593 1416 650; x_wconf 73' lang='grc' dir='ltr'>οἷα</span> <span class='ocrx_word' id='word_1_31' title='bbox 1454 597 1518 667; x_wconf 77' lang='grc' dir='ltr'>δὴ</span> <span class='ocrx_word' id='word_1_32' title='bbox 1565 599 1834 670; x_wconf 80' lang='grc' dir='ltr'>ὲρημίτης</span> 
     </span>
    </p>
   </div>
   <div class='ocr_carea' id='block_1_7' title="bbox 242 688 1832 763">
    <p class='ocr_par' dir='ltr' id='par_1_7' title="bbox 242 688 1832 763">
     <span class='ocr_line' id='line_1_7' title="bbox 242 688 1832 763; baseline 0.003 -22"><span class='ocrx_word' id='word_1_33' title='bbox 242 691 338 741; x_wconf 76' lang='grc' dir='ltr'>κ.ιὶ</span> <span class='ocrx_word' id='word_1_34' title='bbox 389 690 534 763; x_wconf 76' lang='grc' dir='ltr'>ὑπὲρ</span> <span class='ocrx_word' id='word_1_35' title='bbox 577 691 704 753; x_wconf 81' lang='grc' dir='ltr'>τοὺς</span> <span class='ocrx_word' id='word_1_36' title='bbox 756 688 985 750; x_wconf 75' lang='grc' dir='ltr'>πολλοὺς</span> <span class='ocrx_word' id='word_1_37' title='bbox 1030 688 1106 742; x_wconf 78' lang='grc' dir='ltr'>ὢν</span> <span class='ocrx_word' id='word_1_38' title='bbox 1138 707 1150 719; x_wconf 91' lang='grc'>·</span> <span class='ocrx_word' id='word_1_39' title='bbox 1192 689 1497 759; x_wconf 83' lang='grc' dir='ltr'>ἐκρύπτετο</span> <span class='ocrx_word' id='word_1_40' title='bbox 1531 691 1678 745; x_wconf 84' lang='grc' dir='ltr'><strong>δὲέν</strong></span> <span class='ocrx_word' id='word_1_41' title='bbox 1712 696 1832 755; x_wconf 87' lang='grc' dir='ltr'>ταῖς</span> 
     </span>
    </p>
   </div>
   <div class='ocr_carea' id='block_1_8' title="bbox 245 775 1833 852">
    <p class='ocr_par' dir='ltr' id='par_1_8' title="bbox 245 775 1833 852">
     <span class='ocr_line' id='line_1_8' title="bbox 245 775 1833 852; baseline 0.005 -20"><span class='ocrx_word' id='word_1_42' title='bbox 245 781 479 850; x_wconf 73' lang='grc' dir='ltr'>ἰρήμοις</span> <span class='ocrx_word' id='word_1_43' title='bbox 507 779 666 851; x_wconf 71' lang='grc' dir='ltr'>ἄχρις</span> <span class='ocrx_word' id='word_1_44' title='bbox 690 775 752 836; x_wconf 69' lang='grc' dir='ltr'>οὗ</span> <span class='ocrx_word' id='word_1_45' title='bbox 800 781 1097 852; x_wconf 83' lang='grc' dir='ltr'><strong>εὐδόκησεν</strong></span> <span class='ocrx_word' id='word_1_46' title='bbox 1127 784 1154 835; x_wconf 96' lang='lat'><strong>6</strong></span> <span class='ocrx_word' id='word_1_47' title='bbox 1197 783 1328 844; x_wconf 75' lang='grc' dir='ltr'>Θεὸς</span> <span class='ocrx_word' id='word_1_48' title='bbox 1353 783 1630 851; x_wconf 79' lang='grc' dir='ltr'><strong>ἀναδεῖξαι</strong></span> <span class='ocrx_word' id='word_1_49' title='bbox 1670 786 1833 840; x_wconf 76' lang='grc' dir='ltr'>αὐτὸν</span> 
     </span>
    </p>
   </div>
   <div class='ocr_carea' id='block_1_9' title="bbox 243 869 850 944">
    <p class='ocr_par' dir='ltr' id='par_1_9' title="bbox 243 869 850 944">
     <span class='ocr_line' id='line_1_9' title="bbox 243 869 850 944; baseline 0.002 -20"><span class='ocrx_word' id='word_1_50' title='bbox 243 871 322 940; x_wconf 65' lang='grc' dir='ltr'>τῷ</span> <span class='ocrx_word' id='word_1_51' title='bbox 364 869 673 944; x_wconf 82' lang='grc' dir='ltr'>Ἰσραηλίτῃ</span> <span class='ocrx_word' id='word_1_52' title='bbox 718 873 850 944; x_wconf 84' lang='grc' dir='ltr'><strong>λαῷ.</strong></span> 
     </span>
    </p>
   </div>
   <div class='ocr_carea' id='block_1_10' title="bbox 845 989 1217 1043">
    <p class='ocr_par' dir='ltr' id='par_1_10' title="bbox 845 989 1217 1043">
     <span class='ocr_line' id='line_1_10' title="bbox 845 989 1217 1043; baseline -0.005 0"><span class='ocrx_word' id='word_1_53' title='bbox 845 990 1102 1043; x_wconf 78' lang='grc' dir='ltr'><strong>ΚΕΦΑΛ.</strong></span> <span class='ocrx_word' id='word_1_54' title='bbox 1142 989 1217 1042; x_wconf 87' lang='grc' dir='ltr'><strong>Β’.</strong></span> 
     </span>
    </p>
   </div>
   <div class='ocr_carea' id='block_1_11' title="bbox 247 1096 1834 1176">
    <p class='ocr_par' dir='ltr' id='par_1_11' title="bbox 247 1096 1834 1176">
     <span class='ocr_line' id='line_1_11' title="bbox 247 1096 1834 1176; baseline 0.009 -29"><span class='ocrx_word' id='word_1_55' title='bbox 247 1097 387 1164; x_wconf 80' lang='grc' dir='ltr'>Περί</span> <span class='ocrx_word' id='word_1_56' title='bbox 424 1096 535 1176; x_wconf 70' lang='grc' dir='ltr'>τῇς</span> <span class='ocrx_word' id='word_1_57' title='bbox 551 1100 928 1176; x_wconf 55' lang='grc' dir='ltr'>ἀλτογςραςρῆς.</span> <span class='ocrx_word' id='word_1_58' title='bbox 961 1105 1102 1176; x_wconf 68' lang='grc' dir='ltr'>Περί</span> <span class='ocrx_word' id='word_1_59' title='bbox 1154 1105 1260 1159; x_wconf 84' lang='grc' dir='ltr'><strong>τοῦ</strong></span> <span class='ocrx_word' id='word_1_60' title='bbox 1307 1105 1416 1174; x_wconf 80' lang='grc' dir='ltr'>τῆς</span> <span class='ocrx_word' id='word_1_61' title='bbox 1455 1109 1685 1176; x_wconf 66' lang='grc' dir='ltr'>Μαρίας</span> <span class='ocrx_word' id='word_1_62' title='bbox 1737 1125 1834 1162; x_wconf 89' lang='grc' dir='ltr'>το-</span> 
     </span>
    </p>
   </div>
   <div class='ocr_carea' id='block_1_12' title="bbox 318 1168 1831 1245">
    <p class='ocr_par' dir='ltr' id='par_1_12' title="bbox 318 1168 1831 1245">
     <span class='ocr_line' id='line_1_12' title="bbox 318 1168 1831 1245; baseline 0.008 -25"><span class='ocrx_word' id='word_1_63' title='bbox 318 1168 527 1245; x_wconf 50' lang='lat' dir='ltr'><strong>vinosi:</strong></span> <span class='ocrx_word' id='word_1_64' title='bbox 553 1172 697 1245; x_wconf 77' lang='grc' dir='ltr'>Περὶ</span> <span class='ocrx_word' id='word_1_65' title='bbox 752 1168 871 1245; x_wconf 54' lang='grc' dir='ltr'><strong>τῷν</strong></span> <span class='ocrx_word' id='word_1_66' title='bbox 925 1168 1248 1245; x_wconf 60' lang='grc' dir='ltr'>ποιμένων.</span> <span class='ocrx_word' id='word_1_67' title='bbox 1301 1168 1440 1244; x_wconf 71' lang='grc' dir='ltr'>Περὶ</span> <span class='ocrx_word' id='word_1_68' title='bbox 1493 1168 1831 1245; x_wconf 68' lang='grc' dir='ltr'>Σῦμεῶνος.</span> 
     </span>
    </p>
   </div>
   <div class='ocr_carea' id='block_1_13' title="bbox 321 1236 1836 1315">
    <p class='ocr_par' dir='ltr' id='par_1_13' title="bbox 321 1236 1836 1315">
     <span class='ocr_line' id='line_1_13' title="bbox 321 1236 1836 1315; baseline 0.01 -26"><span class='ocrx_word' id='word_1_69' title='bbox 321 1236 463 1315; x_wconf 68' lang='grc' dir='ltr'>Περζ</span> <span class='ocrx_word' id='word_1_70' title='bbox 505 1236 730 1315; x_wconf 58' lang='grc' dir='ltr'>Ἀνῆης</span> <span class='ocrx_word' id='word_1_71' title='bbox 767 1239 877 1315; x_wconf 60' lang='grc' dir='ltr'>τῆς</span> <span class='ocrx_word' id='word_1_72' title='bbox 907 1236 1298 1315; x_wconf 60' lang='grc' dir='ltr'>προέοήζιδος.</span> <span class='ocrx_word' id='word_1_73' title='bbox 1325 1236 1462 1315; x_wconf 77' lang='grc' dir='ltr'><strong>Ηὲρί</strong></span> <span class='ocrx_word' id='word_1_74' title='bbox 1509 1236 1708 1315; x_wconf 74' lang='grc' dir='ltr'>Ἰτίσοῦ</span> <span class='ocrx_word' id='word_1_75' title='bbox 1735 1236 1836 1304; x_wconf 72' lang='grc' dir='ltr'><strong>εὖ·</strong></span> 
     </span>
    </p>
   </div>
   <div class='ocr_carea' id='block_1_14' title="bbox 318 1306 1470 1380">
    <p class='ocr_par' dir='ltr' id='par_1_14' title="bbox 318 1306 1470 1380">
     <span class='ocr_line' id='line_1_14' title="bbox 318 1306 1470 1380; baseline 0.01 -21"><span class='ocrx_word' id='word_1_76' title='bbox 318 1306 610 1374; x_wconf 71' lang='grc' dir='ltr'>ρει-θέντος</span> <span class='ocrx_word' id='word_1_77' title='bbox 637 1310 706 1362; x_wconf 76' lang='grc' dir='ltr'><strong>ἐν</strong></span> <span class='ocrx_word' id='word_1_78' title='bbox 730 1310 897 1380; x_wconf 82' lang='grc' dir='ltr'>μέσῳ</span> <span class='ocrx_word' id='word_1_79' title='bbox 920 1306 1040 1366; x_wconf 67' lang='grc' dir='ltr'><strong>τ’ῶῦ</strong></span> <span class='ocrx_word' id='word_1_80' title='bbox 1059 1306 1470 1369; x_wconf 68' lang='grc' dir='ltr'>διδασκάλιιῖν.</span> 
     </span>
    </p>
   </div>
   <div class='ocr_carea' id='block_1_15' title="bbox 327 1421 1833 1503">
    <p class='ocr_par' dir='ltr' id='par_1_15' title="bbox 327 1421 1833 1503">
     <span class='ocr_line' id='line_1_15' title="bbox 327 1421 1833 1503; baseline 0.01 -31"><span class='ocrx_word' id='word_1_81' title='bbox 327 1441 345 1472; x_wconf 77' lang='grc' dir='ltr'><strong>ι</strong></span> <span class='ocrx_word' id='word_1_82' title='bbox 395 1421 648 1488; x_wconf 75' lang='grc' dir='ltr'><strong>Ἐγένετο</strong></span> <span class='ocrx_word' id='word_1_83' title='bbox 681 1423 736 1475; x_wconf 78' lang='grc' dir='ltr'>δὲ</span> <span class='ocrx_word' id='word_1_84' title='bbox 786 1426 845 1477; x_wconf 81' lang='grc' dir='ltr'>ὲν</span> <span class='ocrx_word' id='word_1_85' title='bbox 892 1429 1013 1488; x_wconf 88' lang='grc' dir='ltr'>ταῖς</span> <span class='ocrx_word' id='word_1_86' title='bbox 1051 1428 1289 1497; x_wconf 78' lang='grc' dir='ltr'><strong>ἡμέραις</strong></span> <span class='ocrx_word' id='word_1_87' title='bbox 1331 1433 1590 1497; x_wconf 83' lang='grc' dir='ltr'>ἐκείναις,</span> <span class='ocrx_word' id='word_1_88' title='bbox 1643 1433 1833 1503; x_wconf 80' lang='grc' dir='ltr'>ἐξῆλθε</span> 
     </span>
    </p>
   </div>
   <div class='ocr_carea' id='block_1_16' title="bbox 246 1514 1833 1594">
    <p class='ocr_par' dir='ltr' id='par_1_16' title="bbox 246 1514 1833 1594">
     <span class='ocr_line' id='line_1_16' title="bbox 246 1514 1833 1594; baseline 0.007 -27"><span class='ocrx_word' id='word_1_89' title='bbox 246 1514 427 1580; x_wconf 72' lang='grc' dir='ltr'>δόγμα</span> <span class='ocrx_word' id='word_1_90' title='bbox 481 1516 634 1585; x_wconf 73' lang='grc' dir='ltr'>παρὰ</span> <span class='ocrx_word' id='word_1_91' title='bbox 694 1515 968 1586; x_wconf 85' lang='grc' dir='ltr'>Καίσαρος</span> <span class='ocrx_word' id='word_1_92' title='bbox 1033 1521 1350 1588; x_wconf 75' lang='grc' dir='ltr'>Αὐγούστου</span> <span class='ocrx_word' id='word_1_93' title='bbox 1415 1524 1833 1594; x_wconf 76' lang='grc' dir='ltr'>ἀπογράφεσθαι</span> 
     </span>
    </p>
   </div>
   <div class='ocr_carea' id='block_1_17' title="bbox 248 1606 1830 1685">
    <p class='ocr_par' dir='ltr' id='par_1_17' title="bbox 248 1606 1830 1685">
     <span class='ocr_line' id='line_1_17' title="bbox 248 1606 1830 1685; baseline 0.008 -29"><span class='ocrx_word' id='word_1_94' title='bbox 248 1608 434 1658; x_wconf 78' lang='grc' dir='ltr'>πᾶσαν</span> <span class='ocrx_word' id='word_1_95' title='bbox 487 1606 585 1675; x_wconf 80' lang='grc' dir='ltr'>τὴν</span> <span class='ocrx_word' id='word_1_96' title='bbox 616 1608 976 1677; x_wconf 76' lang='grc' dir='ltr'><strong>οἰκουμένην·</strong></span> <span class='ocrx_word' id='word_1_97' title='bbox 1019 1610 1158 1679; x_wconf 72' lang='grc' dir='ltr'>αὕτη</span> <span class='ocrx_word' id='word_1_98' title='bbox 1193 1613 1224 1681; x_wconf 84' lang='grc' dir='ltr'>ἡ</span> <span class='ocrx_word' id='word_1_99' title='bbox 1287 1617 1605 1683; x_wconf 84' lang='grc' dir='ltr'>ἀπογραφὴ,</span> <span class='ocrx_word' id='word_1_100' title='bbox 1641 1615 1830 1685; x_wconf 86' lang='grc' dir='ltr'>πρώτη</span> 
     </span>
    </p>
   </div>
   <div class='ocr_carea' id='block_1_18' title="bbox 246 1697 1829 1774">
    <p class='ocr_par' dir='ltr' id='par_1_18' title="bbox 246 1697 1829 1774">
     <span class='ocr_line' id='line_1_18' title="bbox 246 1697 1829 1774; baseline 0.006 -26"><span class='ocrx_word' id='word_1_101' title='bbox 246 1697 469 1761; x_wconf 73' lang='grc' dir='ltr'>ἐγένετο</span> <span class='ocrx_word' id='word_1_102' title='bbox 507 1699 934 1765; x_wconf 61' lang='grc' dir='ltr'>ἡγεμονεύοντος</span> <span class='ocrx_word' id='word_1_103' title='bbox 969 1700 1068 1769; x_wconf 81' lang='grc' dir='ltr'>τῆς</span> <span class='ocrx_word' id='word_1_104' title='bbox 1119 1703 1320 1772; x_wconf 78' lang='grc' dir='ltr'>Συρίας</span> <span class='ocrx_word' id='word_1_105' title='bbox 1363 1705 1639 1774; x_wconf 81' lang='grc' dir='ltr'>Κυρηνίου</span> <span class='ocrx_word' id='word_1_106' title='bbox 1665 1723 1678 1736; x_wconf 90' lang='grc'><strong>·</strong></span> <span class='ocrx_word' id='word_1_107' title='bbox 1733 1708 1829 1760; x_wconf 79' lang='grc' dir='ltr'>καὶ</span> 
     </span>
    </p>
   </div>
   <div class='ocr_carea' id='block_1_19' title="bbox 246 1787 1831 1868">
    <p class='ocr_par' dir='ltr' id='par_1_19' title="bbox 246 1787 1831 1868">
     <span class='ocr_line' id='line_1_19' title="bbox 246 1787 1831 1868; baseline 0.009 -31"><span class='ocrx_word' id='word_1_108' title='bbox 246 1787 576 1856; x_wconf 70' lang='grc' dir='ltr'>ἐπορεύοντο</span> <span class='ocrx_word' id='word_1_109' title='bbox 611 1789 812 1852; x_wconf 85' lang='grc' dir='ltr'>πάντες</span> <span class='ocrx_word' id='word_1_110' title='bbox 865 1792 1287 1861; x_wconf 80' lang='grc' dir='ltr'>ἀπογράφεσθαι</span> <span class='ocrx_word' id='word_1_111' title='bbox 1337 1797 1568 1860; x_wconf 73' lang='grc' dir='ltr'>ἕκαστος</span> <span class='ocrx_word' id='word_1_112' title='bbox 1609 1802 1691 1860; x_wconf 82' lang='grc' dir='ltr'>εἰς</span> <span class='ocrx_word' id='word_1_113' title='bbox 1733 1799 1831 1868; x_wconf 83' lang='grc' dir='ltr'><strong>τὴν</strong></span> 
     </span>
    </p>
   </div>
   <div class='ocr_carea' id='block_1_20' title="bbox 1944 601 3529 676">
    <p class='ocr_par' dir='ltr' id='par_1_20' title="bbox 1944 601 3529 676">
     <span class='ocr_line' id='line_1_20' title="bbox 1944 601 3529 676; baseline 0.004 -23"><span class='ocrx_word' id='word_1_114' title='bbox 1944 617 2061 654; x_wconf 89' lang='lat' dir='ltr'><strong>sum</strong></span> <span class='ocrx_word' id='word_1_115' title='bbox 2097 601 2197 657; x_wconf 78' lang='lat' dir='ltr'><strong>fuit</strong></span> <span class='ocrx_word' id='word_1_116' title='bbox 2230 605 2339 660; x_wconf 91' lang='lat' dir='ltr'><strong>Deo</strong></span> <span class='ocrx_word' id='word_1_117' title='bbox 2383 605 2752 661; x_wconf 82' lang='lat' dir='ltr'><strong>lsraelitarum</strong></span> <span class='ocrx_word' id='word_1_118' title='bbox 2791 607 2987 676; x_wconf 90' lang='lat' dir='ltr'><strong>populo</strong></span> <span class='ocrx_word' id='word_1_119' title='bbox 3036 607 3186 663; x_wconf 86' lang='lat' dir='ltr'><strong>illum</strong></span> <span class='ocrx_word' id='word_1_120' title='bbox 3231 606 3529 662; x_wconf 70' lang='lat' dir='ltr'><strong>ostendeno</strong></span> 
     </span>
    </p>
   </div>
   <div class='ocr_carea' id='block_1_21' title="bbox 1941 692 2240 749">
    <p class='ocr_par' dir='ltr' id='par_1_21' title="bbox 1941 692 2240 749">
     <span class='ocr_line' id='line_1_21' title="bbox 1941 692 2240 749; baseline 0.01 -3"><span class='ocrx_word' id='word_1_121' title='bbox 1941 692 2065 746; x_wconf 88' lang='lat' dir='ltr'><strong>dum</strong></span> <span class='ocrx_word' id='word_1_122' title='bbox 2103 709 2240 749; x_wconf 90' lang='lat' dir='ltr'><strong>esse.</strong></span> 
     </span>
    </p>
   </div>
   <div class='ocr_carea' id='block_1_22' title="bbox 2457 1005 2990 1079">
    <p class='ocr_par' dir='ltr' id='par_1_22' title="bbox 2457 1005 2990 1079">
     <span class='ocr_line' id='line_1_22' title="bbox 2457 1005 2990 1079; baseline 0.008 -19"><span class='ocrx_word' id='word_1_123' title='bbox 2457 1007 2619 1079; x_wconf 73' lang='lat'><strong>235</strong></span> <span class='ocrx_word' id='word_1_124' title='bbox 2645 1005 2874 1062; x_wconf 86' lang='lat' dir='ltr'><strong>CAPUT</strong></span> <span class='ocrx_word' id='word_1_125' title='bbox 2924 1007 2990 1065; x_wconf 87' lang='lat' dir='ltr'><strong>ll.</strong></span> 
     </span>
    </p>
   </div>
   <div class='ocr_carea' id='block_1_23' title="bbox 1938 1114 3542 1200">
    <p class='ocr_par' dir='ltr' id='par_1_23' title="bbox 1938 1114 3542 1200">
     <span class='ocr_line' id='line_1_23' title="bbox 1938 1114 3542 1200; baseline -0.001 -26"><span class='ocrx_word' id='word_1_126' title='bbox 1938 1120 2012 1174; x_wconf 83' lang='lat' dir='ltr'><strong>De</strong></span> <span class='ocrx_word' id='word_1_127' title='bbox 2062 1114 2443 1200; x_wconf 37' lang='lat' dir='ltr'><strong>conscriptibuﬁe</strong></span> <span class='ocrx_word' id='word_1_128' title='bbox 2503 1122 2663 1200; x_wconf 51' lang='lat' dir='ltr'><strong>orbis.</strong></span> <span class='ocrx_word' id='word_1_129' title='bbox 2715 1119 2788 1173; x_wconf 82' lang='lat' dir='ltr'><strong>De</strong></span> <span class='ocrx_word' id='word_1_130' title='bbox 2840 1120 3113 1200; x_wconf 55' lang='lat' dir='ltr'><strong>puerperio</strong></span> <span class='ocrx_word' id='word_1_131' title='bbox 3171 1117 3409 1200; x_wconf 16' lang='lat' dir='ltr'><strong>Maricas.</strong></span> <span class='ocrx_word' id='word_1_132' title='bbox 3454 1117 3542 1172; x_wconf 66' lang='lat' dir='ltr'><strong>Do&#39;</strong></span> 
     </span>
    </p>
   </div>
   <div class='ocr_carea' id='block_1_24' title="bbox 2009 1189 3524 1260">
    <p class='ocr_par' dir='ltr' id='par_1_24' title="bbox 2009 1189 3524 1260">
     <span class='ocr_line' id='line_1_24' title="bbox 2009 1189 3524 1260; baseline -0.002 -17"><span class='ocrx_word' id='word_1_133' title='bbox 2009 1193 2332 1258; x_wconf 75' lang='lat' dir='ltr'><strong>pastoribus.</strong></span> <span class='ocrx_word' id='word_1_134' title='bbox 2387 1189 2464 1243; x_wconf 88' lang='lat' dir='ltr'><strong>De</strong></span> <span class='ocrx_word' id='word_1_135' title='bbox 2517 1190 2797 1260; x_wconf 80' lang='lat' dir='ltr'><strong>Symeone.</strong></span> <span class='ocrx_word' id='word_1_136' title='bbox 2836 1190 2912 1243; x_wconf 86' lang='lat' dir='ltr'><strong>De</strong></span> <span class='ocrx_word' id='word_1_137' title='bbox 2957 1192 3108 1243; x_wconf 81' lang='lat' dir='ltr'><strong>Anna</strong></span> <span class='ocrx_word' id='word_1_138' title='bbox 3169 1189 3524 1258; x_wconf 75' lang='lat' dir='ltr'><strong>prophetissa.</strong></span> 
     </span>
    </p>
   </div>
   <div class='ocr_carea' id='block_1_25' title="bbox 2010 1260 2908 1329">
    <p class='ocr_par' dir='ltr' id='par_1_25' title="bbox 2010 1260 2908 1329">
     <span class='ocr_line' id='line_1_25' title="bbox 2010 1260 2908 1329; baseline -0.001 -14"><span class='ocrx_word' id='word_1_139' title='bbox 2010 1261 2087 1316; x_wconf 84' lang='lat' dir='ltr'><strong>De</strong></span> <span class='ocrx_word' id='word_1_140' title='bbox 2109 1260 2234 1314; x_wconf 74' lang='lat' dir='ltr'><strong>Jesu</strong></span> <span class='ocrx_word' id='word_1_141' title='bbox 2267 1261 2623 1329; x_wconf 77' lang='lat' dir='ltr'><strong>repertointer</strong></span> <span class='ocrx_word' id='word_1_142' title='bbox 2646 1262 2908 1314; x_wconf 78' lang='lat' dir='ltr'><strong>doctores.</strong></span> 
     </span>
    </p>
   </div>
   <div class='ocr_carea' id='block_1_26' title="bbox 2011 1435 3530 1503">
    <p class='ocr_par' dir='ltr' id='par_1_26' title="bbox 2011 1435 3530 1503">
     <span class='ocr_line' id='line_1_26' title="bbox 2011 1435 3530 1503; baseline -0.003 -9"><span class='ocrx_word' id='word_1_143' title='bbox 2011 1441 2173 1495; x_wconf 73' lang='lat' dir='ltr'><strong>Vens.</strong></span> <span class='ocrx_word' id='word_1_144' title='bbox 2206 1441 2323 1494; x_wconf 72' lang='lat'><strong>1-7.</strong></span> <span class='ocrx_word' id='word_1_145' title='bbox 2351 1439 2603 1493; x_wconf 70' lang='lat' dir='ltr'><strong>«Factum</strong></span> <span class='ocrx_word' id='word_1_146' title='bbox 2630 1449 2713 1494; x_wconf 88' lang='lat' dir='ltr'><strong>est</strong></span> <span class='ocrx_word' id='word_1_147' title='bbox 2736 1447 2915 1492; x_wconf 88' lang='lat' dir='ltr'><strong>autem</strong></span> <span class='ocrx_word' id='word_1_148' title='bbox 2945 1439 2997 1492; x_wconf 90' lang='lat' dir='ltr'><strong>in</strong></span> <span class='ocrx_word' id='word_1_149' title='bbox 3018 1437 3210 1493; x_wconf 88' lang='lat' dir='ltr'><strong>diebus</strong></span> <span class='ocrx_word' id='word_1_150' title='bbox 3236 1436 3361 1503; x_wconf 87' lang='lat' dir='ltr'><strong>illis,</strong></span> <span class='ocrx_word' id='word_1_151' title='bbox 3395 1435 3530 1492; x_wconf 74' lang='lat' dir='ltr'><strong>exiit</strong></span> 
     </span>
    </p>
   </div>
   <div class='ocr_carea' id='block_1_27' title="bbox 1936 1527 3523 1600">
    <p class='ocr_par' dir='ltr' id='par_1_27' title="bbox 1936 1527 3523 1600">
     <span class='ocr_line' id='line_1_27' title="bbox 1936 1527 3523 1600; baseline -0.002 -14"><span class='ocrx_word' id='word_1_152' title='bbox 1936 1535 2210 1587; x_wconf 88' lang='lat' dir='ltr'><strong>decretum</strong></span> <span class='ocrx_word' id='word_1_153' title='bbox 2231 1548 2256 1583; x_wconf 88' lang='lat' dir='ltr'><strong>a</strong></span> <span class='ocrx_word' id='word_1_154' title='bbox 2274 1530 2490 1584; x_wconf 84' lang='lat' dir='ltr'><strong>Caesare</strong></span> <span class='ocrx_word' id='word_1_155' title='bbox 2512 1530 2755 1600; x_wconf 73' lang='lat' dir='ltr'><strong>Augusto</strong></span> <span class='ocrx_word' id='word_1_156' title='bbox 2774 1539 2830 1583; x_wconf 87' lang='lat' dir='ltr'><strong>ut</strong></span> <span class='ocrx_word' id='word_1_157' title='bbox 2855 1537 3170 1584; x_wconf 79' lang='lat' dir='ltr'><strong>censeretur</strong></span> <span class='ocrx_word' id='word_1_158' title='bbox 3195 1536 3341 1583; x_wconf 87' lang='lat' dir='ltr'><strong>totus</strong></span> <span class='ocrx_word' id='word_1_159' title='bbox 3355 1527 3523 1583; x_wconf 84' lang='lat' dir='ltr'><strong>orbis.</strong></span> 
     </span>
    </p>
   </div>
   <div class='ocr_carea' id='block_1_28' title="bbox 1937 1621 3528 1692">
    <p class='ocr_par' dir='ltr' id='par_1_28' title="bbox 1937 1621 3528 1692">
     <span class='ocr_line' id='line_1_28' title="bbox 1937 1621 3528 1692; baseline -0.004 -12"><span class='ocrx_word' id='word_1_160' title='bbox 1937 1626 2061 1680; x_wconf 71' lang='lat' dir='ltr'><strong>Haec</strong></span> <span class='ocrx_word' id='word_1_161' title='bbox 2117 1625 2408 1692; x_wconf 75' lang='lat' dir='ltr'><strong>descriptio</strong></span> <span class='ocrx_word' id='word_1_162' title='bbox 2464 1623 2636 1692; x_wconf 83' lang='lat' dir='ltr'><strong>prima</strong></span> <span class='ocrx_word' id='word_1_163' title='bbox 2700 1623 2843 1676; x_wconf 84' lang='lat' dir='ltr'><strong>facta</strong></span> <span class='ocrx_word' id='word_1_164' title='bbox 2909 1632 2997 1678; x_wconf 88' lang='lat' dir='ltr'><strong>est</strong></span> <span class='ocrx_word' id='word_1_165' title='bbox 3052 1622 3284 1692; x_wconf 67' lang='lat' dir='ltr'><strong>praeside</strong></span> <span class='ocrx_word' id='word_1_166' title='bbox 3358 1621 3528 1691; x_wconf 81' lang='lat' dir='ltr'><strong>Syriae</strong></span> 
     </span>
    </p>
   </div>
   <div class='ocr_carea' id='block_1_29' title="bbox 1935 1714 3526 1787">
    <p class='ocr_par' dir='ltr' id='par_1_29' title="bbox 1935 1714 3526 1787">
     <span class='ocr_line' id='line_1_29' title="bbox 1935 1714 3526 1787; baseline -0.006 -14"><span class='ocrx_word' id='word_1_167' title='bbox 1935 1718 2170 1787; x_wconf 82' lang='lat' dir='ltr'><strong>Cyrene.</strong></span> <span class='ocrx_word' id='word_1_168' title='bbox 2199 1715 2266 1769; x_wconf 87' lang='lat' dir='ltr'><strong>Et</strong></span> <span class='ocrx_word' id='word_1_169' title='bbox 2313 1717 2466 1770; x_wconf 87' lang='lat' dir='ltr'><strong>ibant</strong></span> <span class='ocrx_word' id='word_1_170' title='bbox 2497 1727 2689 1768; x_wconf 88' lang='lat' dir='ltr'><strong>omnes</strong></span> <span class='ocrx_word' id='word_1_171' title='bbox 2727 1725 2788 1768; x_wconf 91' lang='lat' dir='ltr'><strong>ut</strong></span> <span class='ocrx_word' id='word_1_172' title='bbox 2817 1717 3234 1782; x_wconf 80' lang='lat' dir='ltr'><strong>proﬁterentur,</strong></span> <span class='ocrx_word' id='word_1_173' title='bbox 3273 1714 3321 1765; x_wconf 92' lang='lat' dir='ltr'><strong>in</strong></span> <span class='ocrx_word' id='word_1_174' title='bbox 3372 1727 3526 1766; x_wconf 78' lang='lat' dir='ltr'><strong>suam</strong></span> 
     </span>
    </p>
   </div>
   <div class='ocr_carea' id='block_1_30' title="bbox 1938 1805 3528 1878">
    <p class='ocr_par' dir='ltr' id='par_1_30' title="bbox 1938 1805 3528 1878">
     <span class='ocr_line' id='line_1_30' title="bbox 1938 1805 3528 1878; baseline -0.003 -17"><span class='ocrx_word' id='word_1_175' title='bbox 1938 1811 2167 1878; x_wconf 80' lang='lat' dir='ltr'><strong>quisque</strong></span> <span class='ocrx_word' id='word_1_176' title='bbox 2217 1809 2516 1863; x_wconf 87' lang='lat' dir='ltr'><strong>civitatem.</strong></span> <span class='ocrx_word' id='word_1_177' title='bbox 2573 1807 2834 1862; x_wconf 81' lang='lat' dir='ltr'><strong>Ascendit</strong></span> <span class='ocrx_word' id='word_1_178' title='bbox 2896 1816 3080 1860; x_wconf 84' lang='lat' dir='ltr'><strong>autem</strong></span> <span class='ocrx_word' id='word_1_179' title='bbox 3134 1816 3188 1861; x_wconf 91' lang='lat' dir='ltr'><strong>et</strong></span> <span class='ocrx_word' id='word_1_180' title='bbox 3235 1805 3438 1873; x_wconf 72' lang='lat' dir='ltr'><strong>Josepli</strong></span> <span class='ocrx_word' id='word_1_181' title='bbox 3501 1819 3528 1857; x_wconf 89' lang='lat' dir='ltr'><strong>a</strong></span> 
     </span>
    </p>
   </div>
   <div class='ocr_carea' id='block_1_31' title="bbox 251 1878 1826 1957">
    <p class='ocr_par' dir='ltr' id='par_1_31' title="bbox 251 1878 1826 1957">
     <span class='ocr_line' id='line_1_31' title="bbox 251 1878 1826 1957; baseline 0.006 -27"><span class='ocrx_word' id='word_1_182' title='bbox 251 1878 388 1930; x_wconf 81' lang='grc' dir='ltr'>ἰδίαν</span> <span class='ocrx_word' id='word_1_183' title='bbox 422 1878 600 1932; x_wconf 86' lang='grc' dir='ltr'>πόλιν.</span> <span class='ocrx_word' id='word_1_184' title='bbox 641 1880 840 1949; x_wconf 79' lang='grc' dir='ltr'>Ἀνέϐη</span> <span class='ocrx_word' id='word_1_185' title='bbox 891 1882 949 1934; x_wconf 84' lang='grc' dir='ltr'><strong>δὲ</strong></span> <span class='ocrx_word' id='word_1_186' title='bbox 998 1885 1094 1936; x_wconf 70' lang='grc' dir='ltr'><strong>καὶ</strong></span> <span class='ocrx_word' id='word_1_187' title='bbox 1143 1885 1345 1956; x_wconf 76' lang='grc' dir='ltr'>Ἰωσὴφ</span> <span class='ocrx_word' id='word_1_188' title='bbox 1374 1887 1482 1939; x_wconf 80' lang='grc' dir='ltr'>ἀπὸ</span> <span class='ocrx_word' id='word_1_189' title='bbox 1510 1889 1612 1957; x_wconf 79' lang='grc' dir='ltr'>τῆς</span> <span class='ocrx_word' id='word_1_190' title='bbox 1669 1888 1826 1941; x_wconf 85' lang='grc' dir='ltr'>Γαλι-</span> 
     </span>
    </p>
   </div>
   <div class='ocr_carea' id='block_1_32' title="bbox 1935 1878 3528 1957">
    <p class='ocr_par' dir='ltr' id='par_1_32' title="bbox 1935 1895 3528 1957">
     <span class='ocr_line' id='line_1_32' title="bbox 1935 1895 3528 1957; baseline -0.006 -2"><span class='ocrx_word' id='word_1_191' title='bbox 1935 1900 2155 1955; x_wconf 68' lang='grc' dir='ltr'>(ὶειιὶἰαια</span> <span class='ocrx_word' id='word_1_192' title='bbox 2183 1901 2249 1953; x_wconf 92' lang='lat' dir='ltr'><strong>de</strong></span> <span class='ocrx_word' id='word_1_193' title='bbox 2285 1900 2508 1954; x_wconf 81' lang='lat' dir='ltr'><strong>civitate</strong></span> <span class='ocrx_word' id='word_1_194' title='bbox 2559 1896 2832 1951; x_wconf 82' lang='lat' dir='ltr'><strong>Nazareth</strong></span> <span class='ocrx_word' id='word_1_195' title='bbox 2871 1898 2924 1950; x_wconf 92' lang='lat' dir='ltr'><strong>in</strong></span> <span class='ocrx_word' id='word_1_196' title='bbox 2956 1897 3222 1957; x_wconf 69' lang='lat' dir='ltr'><strong>Judaaam,</strong></span> <span class='ocrx_word' id='word_1_197' title='bbox 3246 1897 3298 1949; x_wconf 86' lang='lat' dir='ltr'><strong>in</strong></span> <span class='ocrx_word' id='word_1_198' title='bbox 3333 1895 3528 1949; x_wconf 83' lang='lat' dir='ltr'><strong>civita-</strong></span> 
     </span>
    </p>
   </div>
   <div class='ocr_carea' id='block_1_33' title="bbox 247 1970 1833 2046">
    <p class='ocr_par' dir='ltr' id='par_1_33' title="bbox 247 1970 1833 2046">
     <span class='ocr_line' id='line_1_33' title="bbox 247 1970 1833 2046; baseline 0.009 -25"><span class='ocrx_word' id='word_1_199' title='bbox 247 1970 406 2033; x_wconf 83' lang='grc' dir='ltr'>λαίας</span> <span class='ocrx_word' id='word_1_200' title='bbox 469 1972 531 2023; x_wconf 83' lang='grc' dir='ltr'>ὲκ</span> <span class='ocrx_word' id='word_1_201' title='bbox 595 1971 800 2036; x_wconf 82' lang='grc' dir='ltr'>πόλεως</span> <span class='ocrx_word' id='word_1_202' title='bbox 848 1972 1126 2044; x_wconf 77' lang='grc' dir='ltr'>Ναζαρὲτ,</span> <span class='ocrx_word' id='word_1_203' title='bbox 1159 1978 1237 2039; x_wconf 75' lang='grc' dir='ltr'><strong>είς</strong></span> <span class='ocrx_word' id='word_1_204' title='bbox 1285 1979 1384 2045; x_wconf 79' lang='grc' dir='ltr'><strong>τὴν</strong></span> <span class='ocrx_word' id='word_1_205' title='bbox 1436 1980 1713 2046; x_wconf 88' lang='grc' dir='ltr'>Ἰουδαίαν,</span> <span class='ocrx_word' id='word_1_206' title='bbox 1751 1984 1833 2046; x_wconf 81' lang='grc' dir='ltr'><strong>εἰς</strong></span> 
     </span>
    </p>
   </div>
   <div class='ocr_carea' id='block_1_34' title="bbox 248 2061 1831 2141">
    <p class='ocr_par' dir='ltr' id='par_1_34' title="bbox 248 2061 1831 2141">
     <span class='ocr_line' id='line_1_34' title="bbox 248 2061 1831 2141; baseline 0.011 -30"><span class='ocrx_word' id='word_1_207' title='bbox 248 2061 407 2114; x_wconf 70' lang='grc' dir='ltr'>πόλιν</span> <span class='ocrx_word' id='word_1_208' title='bbox 437 2064 621 2124; x_wconf 73' lang='grc' dir='ltr'>Δαυῖδ,</span> <span class='ocrx_word' id='word_1_209' title='bbox 657 2065 779 2135; x_wconf 75' lang='grc' dir='ltr'>ἥτις</span> <span class='ocrx_word' id='word_1_210' title='bbox 845 2067 1093 2120; x_wconf 83' lang='grc' dir='ltr'>καλεῖται</span> <span class='ocrx_word' id='word_1_211' title='bbox 1147 2070 1414 2141; x_wconf 78' lang='grc' dir='ltr'>Βηθλεὲμ,</span> <span class='ocrx_word' id='word_1_212' title='bbox 1448 2072 1534 2125; x_wconf 81' lang='grc' dir='ltr'><strong>διά</strong></span> <span class='ocrx_word' id='word_1_213' title='bbox 1589 2077 1648 2127; x_wconf 86' lang='grc' dir='ltr'><strong>τὸ</strong></span> <span class='ocrx_word' id='word_1_214' title='bbox 1693 2072 1831 2130; x_wconf 70' lang='grc' dir='ltr'>εἶναι</span> 
     </span>
    </p>
   </div>
   <div class='ocr_carea' id='block_1_35' title="bbox 247 2155 1832 2237">
    <p class='ocr_par' dir='ltr' id='par_1_35' title="bbox 247 2155 1832 2237">
     <span class='ocr_line' id='line_1_35' title="bbox 247 2155 1832 2237; baseline 0.009 -31"><span class='ocrx_word' id='word_1_215' title='bbox 247 2155 411 2206; x_wconf 76' lang='grc' dir='ltr'>αὑτὸν</span> <span class='ocrx_word' id='word_1_216' title='bbox 461 2155 520 2218; x_wconf 67' lang='lat' dir='ltr'><strong>ea</strong></span> <span class='ocrx_word' id='word_1_217' title='bbox 557 2155 709 2209; x_wconf 74' lang='grc' dir='ltr'>οἴκου</span> <span class='ocrx_word' id='word_1_218' title='bbox 750 2158 844 2210; x_wconf 77' lang='grc' dir='ltr'><strong>καὶ</strong></span> <span class='ocrx_word' id='word_1_219' title='bbox 886 2162 1126 2230; x_wconf 79' lang='grc' dir='ltr'>πατριᾶς</span> <span class='ocrx_word' id='word_1_220' title='bbox 1183 2162 1369 2227; x_wconf 81' lang='grc' dir='ltr'>Δαυῒδ,</span> <span class='ocrx_word' id='word_1_221' title='bbox 1403 2166 1832 2237; x_wconf 65' lang='grc' dir='ltr'>ἀπογράψασθαι</span> 
     </span>
    </p>
   </div>
   <div class='ocr_carea' id='block_1_36' title="bbox 249 2246 1833 2334">
    <p class='ocr_par' dir='ltr' id='par_1_36' title="bbox 249 2246 1833 2334">
     <span class='ocr_line' id='line_1_36' title="bbox 249 2246 1833 2334; baseline 0.009 -35"><span class='ocrx_word' id='word_1_222' title='bbox 249 2246 348 2299; x_wconf 80' lang='grc' dir='ltr'><strong>σὺν</strong></span> <span class='ocrx_word' id='word_1_223' title='bbox 381 2247 615 2316; x_wconf 75' lang='grc' dir='ltr'>Μαριὰμ</span> <span class='ocrx_word' id='word_1_224' title='bbox 650 2253 716 2319; x_wconf 78' lang='grc' dir='ltr'>τῇ</span> <span class='ocrx_word' id='word_1_225' title='bbox 752 2255 1212 2325; x_wconf 85' lang='grc' dir='ltr'>μεμνηστευμένῃ</span> <span class='ocrx_word' id='word_1_226' title='bbox 1241 2256 1389 2326; x_wconf 88' lang='grc' dir='ltr'>αύτῷ</span> <span class='ocrx_word' id='word_1_227' title='bbox 1409 2260 1651 2325; x_wconf 68' lang='grc' dir='ltr'>γυναικὶ,</span> <span class='ocrx_word' id='word_1_228' title='bbox 1694 2260 1833 2334; x_wconf 79' lang='grc' dir='ltr'>οῠσῃ</span> 
     </span>
    </p>
   </div>
   <div class='ocr_carea' id='block_1_37' title="bbox 245 2340 1834 2421">
    <p class='ocr_par' dir='ltr' id='par_1_37' title="bbox 245 2340 1834 2421">
     <span class='ocr_line' id='line_1_37' title="bbox 245 2340 1834 2421; baseline 0.008 -29"><span class='ocrx_word' id='word_1_229' title='bbox 245 2340 468 2408; x_wconf 74' lang='grc' dir='ltr'>ἐγκύῳ·</span> <span class='ocrx_word' id='word_1_230' title='bbox 505 2340 722 2406; x_wconf 70' lang='grc' dir='ltr'>ἐγένετο</span> <span class='ocrx_word' id='word_1_231' title='bbox 759 2343 816 2395; x_wconf 76' lang='grc' dir='ltr'>δὲ</span> <span class='ocrx_word' id='word_1_232' title='bbox 852 2346 908 2396; x_wconf 85' lang='grc' dir='ltr'>ὲν</span> <span class='ocrx_word' id='word_1_233' title='bbox 961 2345 1041 2415; x_wconf 79' lang='grc' dir='ltr'><strong>τῷ</strong></span> <span class='ocrx_word' id='word_1_234' title='bbox 1086 2342 1225 2399; x_wconf 78' lang='grc' dir='ltr'>εἶναι</span> <span class='ocrx_word' id='word_1_235' title='bbox 1261 2350 1459 2412; x_wconf 79' lang='grc' dir='ltr'>αὐτοὺς</span> <span class='ocrx_word' id='word_1_236' title='bbox 1495 2355 1632 2414; x_wconf 80' lang='grc' dir='ltr'>ὲκετ,</span> <span class='ocrx_word' id='word_1_237' title='bbox 1667 2353 1834 2421; x_wconf 73' lang='grc' dir='ltr'>ἐπλή-</span> 
     </span>
    </p>
   </div>
   <div class='ocr_carea' id='block_1_38' title="bbox 246 2430 1832 2505">
    <p class='ocr_par' dir='ltr' id='par_1_38' title="bbox 246 2430 1832 2505">
     <span class='ocr_line' id='line_1_38' title="bbox 246 2430 1832 2505; baseline 0.009 -24"><span class='ocrx_word' id='word_1_238' title='bbox 246 2430 421 2499; x_wconf 80' lang='grc' dir='ltr'>θησαν</span> <span class='ocrx_word' id='word_1_239' title='bbox 462 2432 516 2481; x_wconf 87' lang='grc' dir='ltr'>αἱ</span> <span class='ocrx_word' id='word_1_240' title='bbox 551 2433 758 2501; x_wconf 78' lang='grc' dir='ltr'>ἡμέραι</span> <span class='ocrx_word' id='word_1_241' title='bbox 805 2432 900 2486; x_wconf 82' lang='grc' dir='ltr'>τοῦ</span> <span class='ocrx_word' id='word_1_242' title='bbox 943 2438 1124 2486; x_wconf 80' lang='grc' dir='ltr'>τεκεῖν</span> <span class='ocrx_word' id='word_1_243' title='bbox 1169 2437 1342 2505; x_wconf 78' lang='grc' dir='ltr'>αὑτήν</span> <span class='ocrx_word' id='word_1_244' title='bbox 1378 2455 1391 2468; x_wconf 77' lang='grc'><strong><em>⁸</em></strong></span> <span class='ocrx_word' id='word_1_245' title='bbox 1416 2441 1508 2492; x_wconf 76' lang='grc' dir='ltr'>καὶ</span> <span class='ocrx_word' id='word_1_246' title='bbox 1541 2441 1690 2494; x_wconf 71' lang='grc' dir='ltr'>ἔτεκε</span> <span class='ocrx_word' id='word_1_247' title='bbox 1741 2443 1832 2495; x_wconf 83' lang='grc' dir='ltr'><strong>τὸν</strong></span> 
     </span>
    </p>
   </div>
   <div class='ocr_carea' id='block_1_39' title="bbox 246 2520 1832 2601">
    <p class='ocr_par' dir='ltr' id='par_1_39' title="bbox 246 2520 1832 2601">
     <span class='ocr_line' id='line_1_39' title="bbox 246 2520 1832 2601; baseline 0.01 -29"><span class='ocrx_word' id='word_1_248' title='bbox 246 2520 375 2572; x_wconf 85' lang='grc' dir='ltr'>Υἰὸν</span> <span class='ocrx_word' id='word_1_249' title='bbox 407 2521 578 2588; x_wconf 79' lang='grc' dir='ltr'>αὐτῆς</span> <span class='ocrx_word' id='word_1_250' title='bbox 607 2522 698 2574; x_wconf 81' lang='grc' dir='ltr'><strong>τὸν</strong></span> <span class='ocrx_word' id='word_1_251' title='bbox 743 2525 1111 2593; x_wconf 85' lang='grc' dir='ltr'>πρωτότοκον.</span> <span class='ocrx_word' id='word_1_252' title='bbox 1148 2530 1239 2580; x_wconf 77' lang='grc' dir='ltr'>καὶ</span> <span class='ocrx_word' id='word_1_253' title='bbox 1277 2531 1705 2601; x_wconf 80' lang='grc' dir='ltr'>ἐσπαργάνωσεν</span> <span class='ocrx_word' id='word_1_254' title='bbox 1734 2535 1832 2586; x_wconf 85' lang='grc' dir='ltr'>αύ-</span> 
     </span>
    </p>
   </div>
   <div class='ocr_carea' id='block_1_40' title="bbox 244 2613 1831 2696">
    <p class='ocr_par' dir='ltr' id='par_1_40' title="bbox 244 2613 1831 2696">
     <span class='ocr_line' id='line_1_40' title="bbox 244 2613 1831 2696; baseline 0.01 -32"><span class='ocrx_word' id='word_1_255' title='bbox 244 2613 339 2664; x_wconf 63' lang='grc' dir='ltr'>τῦν</span> <span class='ocrx_word' id='word_1_256' title='bbox 370 2614 465 2664; x_wconf 78' lang='grc' dir='ltr'>καὶ</span> <span class='ocrx_word' id='word_1_257' title='bbox 496 2613 781 2666; x_wconf 74' lang='grc' dir='ltr'>ἀνέκλινεν</span> <span class='ocrx_word' id='word_1_258' title='bbox 811 2617 974 2668; x_wconf 81' lang='grc' dir='ltr'>αὑτὸν</span> <span class='ocrx_word' id='word_1_259' title='bbox 1007 2619 1065 2670; x_wconf 82' lang='grc' dir='ltr'>ὲν</span> <span class='ocrx_word' id='word_1_260' title='bbox 1093 2621 1158 2689; x_wconf 79' lang='grc' dir='ltr'>τῇ</span> <span class='ocrx_word' id='word_1_261' title='bbox 1195 2620 1370 2692; x_wconf 82' lang='grc' dir='ltr'>φάτνῃ</span> <span class='ocrx_word' id='word_1_262' title='bbox 1394 2638 1406 2650; x_wconf 73' lang='grc' dir='ltr'><strong>ο</strong></span> <span class='ocrx_word' id='word_1_263' title='bbox 1442 2623 1577 2676; x_wconf 86' lang='grc' dir='ltr'>διότι</span> <span class='ocrx_word' id='word_1_264' title='bbox 1613 2626 1712 2678; x_wconf 80' lang='grc' dir='ltr'><strong>οὐκ</strong></span> <span class='ocrx_word' id='word_1_265' title='bbox 1762 2623 1831 2696; x_wconf 81' lang='grc' dir='ltr'>ἦν</span> 
     </span>
    </p>
   </div>
   <div class='ocr_carea' id='block_1_41' title="bbox 245 2702 1830 2786">
    <p class='ocr_par' dir='ltr' id='par_1_41' title="bbox 245 2702 1830 2786">
     <span class='ocr_line' id='line_1_41' title="bbox 245 2702 1830 2786; baseline 0.011 -30"><span class='ocrx_word' id='word_1_266' title='bbox 245 2702 430 2766; x_wconf 78' lang='grc' dir='ltr'>αὐτοῖς</span> <span class='ocrx_word' id='word_1_267' title='bbox 467 2704 628 2766; x_wconf 87' lang='grc' dir='ltr'>τόπος</span> <span class='ocrx_word' id='word_1_268' title='bbox 664 2707 721 2757; x_wconf 80' lang='grc' dir='ltr'>ὲν</span> <span class='ocrx_word' id='word_1_269' title='bbox 739 2708 814 2775; x_wconf 83' lang='grc' dir='ltr'>τῷ</span> <span class='ocrx_word' id='word_1_270' title='bbox 838 2710 1185 2777; x_wconf 74' lang='grc' dir='ltr'>καταλύματι</span> <span class='ocrx_word' id='word_1_271' title='bbox 1205 2752 1216 2765; x_wconf 93' lang='grc'><em>.</em></span> <span class='ocrx_word' id='word_1_272' title='bbox 1263 2734 1280 2764; x_wconf 85' lang='grc'><strong>›</strong></span> <span class='ocrx_word' id='word_1_273' title='bbox 1312 2716 1411 2767; x_wconf 76' lang='grc' dir='ltr'><strong>Διὰ</strong></span> <span class='ocrx_word' id='word_1_274' title='bbox 1439 2716 1597 2769; x_wconf 79' lang='grc' dir='ltr'>τοῦτο</span> <span class='ocrx_word' id='word_1_275' title='bbox 1619 2719 1830 2786; x_wconf 84' lang='grc' dir='ltr'>γίνεται</span> 
     </span>
    </p>
   </div>
   <div class='ocr_carea' id='block_1_42' title="bbox 243 2795 1830 2874">
    <p class='ocr_par' dir='ltr' id='par_1_42' title="bbox 243 2795 1830 2874">
     <span class='ocr_line' id='line_1_42' title="bbox 243 2795 1830 2874; baseline 0.009 -25"><span class='ocrx_word' id='word_1_276' title='bbox 243 2795 568 2866; x_wconf 71' lang='grc' dir='ltr'>ἀπογραφὴ,</span> <span class='ocrx_word' id='word_1_277' title='bbox 608 2797 691 2849; x_wconf 81' lang='grc' dir='ltr'>ἵνα</span> <span class='ocrx_word' id='word_1_278' title='bbox 742 2799 962 2852; x_wconf 87' lang='grc' dir='ltr'>πάντων</span> <span class='ocrx_word' id='word_1_279' title='bbox 1019 2801 1283 2869; x_wconf 29' lang='grc' dir='ltr'>ἐλθόν-των</span> <span class='ocrx_word' id='word_1_280' title='bbox 1340 2807 1418 2868; x_wconf 80' lang='grc' dir='ltr'><strong>εἰς</strong></span> <span class='ocrx_word' id='word_1_281' title='bbox 1474 2807 1572 2868; x_wconf 75' lang='grc' dir='ltr'>τὰς</span> <span class='ocrx_word' id='word_1_282' title='bbox 1623 2811 1830 2874; x_wconf 77' lang='grc' dir='ltr'>οἰκείας</span> 
     </span>
    </p>
   </div>
   <div class='ocr_carea' id='block_1_43' title="bbox 245 2889 1812 2974">
    <p class='ocr_par' dir='ltr' id='par_1_43' title="bbox 245 2889 1812 2974">
     <span class='ocr_line' id='line_1_43' title="bbox 245 2889 1812 2974; baseline 0.008 -33"><span class='ocrx_word' id='word_1_283' title='bbox 245 2891 532 2958; x_wconf 60' lang='grc' dir='ltr'>πατρίδας.</span> <span class='ocrx_word' id='word_1_284' title='bbox 572 2889 772 2963; x_wconf 83' lang='grc' dir='ltr'>ἀνέλθῃ</span> <span class='ocrx_word' id='word_1_285' title='bbox 806 2894 899 2944; x_wconf 78' lang='grc' dir='ltr'><strong>καὶ</strong></span> <span class='ocrx_word' id='word_1_286' title='bbox 931 2894 964 2957; x_wconf 82' lang='grc' dir='ltr'>ἡ</span> <span class='ocrx_word' id='word_1_287' title='bbox 988 2893 1272 2962; x_wconf 86' lang='grc' dir='ltr'>Παρθένος</span> <span class='ocrx_word' id='word_1_288' title='bbox 1303 2897 1380 2959; x_wconf 83' lang='grc' dir='ltr'><strong>είς</strong></span> <span class='ocrx_word' id='word_1_289' title='bbox 1410 2899 1510 2967; x_wconf 79' lang='grc' dir='ltr'><strong>τὴν</strong></span> <span class='ocrx_word' id='word_1_290' title='bbox 1543 2899 1812 2974; x_wconf 84' lang='grc' dir='ltr'>Βηθλεὲμ,</span> 
     </span>
    </p>
   </div>
   <div class='ocr_carea' id='block_1_44' title="bbox 241 2979 1830 3061">
    <p class='ocr_par' dir='ltr' id='par_1_44' title="bbox 241 2979 1830 3061">
     <span class='ocr_line' id='line_1_44' title="bbox 241 2979 1830 3061; baseline 0.005 -27"><span class='ocrx_word' id='word_1_291' title='bbox 241 2979 319 3044; x_wconf 84' lang='grc' dir='ltr'>ὼς</span> <span class='ocrx_word' id='word_1_292' title='bbox 378 2983 584 3035; x_wconf 77' lang='grc' dir='ltr'>οἰκείαν</span> <span class='ocrx_word' id='word_1_293' title='bbox 629 2984 891 3053; x_wconf 75' lang='grc' dir='ltr'>πατρίδα,</span> <span class='ocrx_word' id='word_1_294' title='bbox 943 2986 1037 3038; x_wconf 81' lang='grc' dir='ltr'>καὶ</span> <span class='ocrx_word' id='word_1_295' title='bbox 1070 2984 1213 3039; x_wconf 73' lang='grc' dir='ltr'>οὕτω</span> <span class='ocrx_word' id='word_1_296' title='bbox 1259 2988 1422 3059; x_wconf 75' lang='grc' dir='ltr'>τεχθῇ</span> <span class='ocrx_word' id='word_1_297' title='bbox 1467 2992 1494 3043; x_wconf 88' lang='lat'><strong>6</strong></span> <span class='ocrx_word' id='word_1_298' title='bbox 1541 2991 1741 3061; x_wconf 88' lang='grc' dir='ltr'>Κύριος</span> <span class='ocrx_word' id='word_1_299' title='bbox 1773 2995 1830 3048; x_wconf 70' lang='grc' dir='ltr'>ἐν</span> 
     </span>
    </p>
   </div>
   <div class='ocr_carea' id='block_1_45' title="bbox 243 3077 1828 3152">
    <p class='ocr_par' dir='ltr' id='par_1_45' title="bbox 243 3077 1828 3152">
     <span class='ocr_line' id='line_1_45' title="bbox 243 3077 1828 3152; baseline 0.009 -25"><span class='ocrx_word' id='word_1_300' title='bbox 243 3077 513 3145; x_wconf 76' lang='grc' dir='ltr'>Βηθλεὲμ,</span> <span class='ocrx_word' id='word_1_301' title='bbox 573 3077 664 3130; x_wconf 73' lang='grc' dir='ltr'>καὶ</span> <span class='ocrx_word' id='word_1_302' title='bbox 710 3079 970 3148; x_wconf 80' lang='grc' dir='ltr'><strong>πληρωθῇ</strong></span> <span class='ocrx_word' id='word_1_303' title='bbox 1004 3082 1037 3147; x_wconf 79' lang='grc' dir='ltr'>ἡ</span> <span class='ocrx_word' id='word_1_304' title='bbox 1068 3083 1410 3152; x_wconf 85' lang='grc' dir='ltr'>προφητεία·</span> <span class='ocrx_word' id='word_1_305' title='bbox 1445 3083 1551 3138; x_wconf 79' lang='grc' dir='ltr'>ἔδει</span> <span class='ocrx_word' id='word_1_306' title='bbox 1597 3086 1652 3139; x_wconf 83' lang='grc' dir='ltr'><strong>δὲ</strong></span> <span class='ocrx_word' id='word_1_307' title='bbox 1691 3087 1828 3142; x_wconf 78' lang='grc' dir='ltr'>Θεοῦ</span> 
     </span>
    </p>
   </div>
   <div class='ocr_carea' id='block_1_46' title="bbox 133 3166 1831 3249">
    <p class='ocr_par' dir='ltr' id='par_1_46' title="bbox 133 3166 1831 3249">
     <span class='ocr_line' id='line_1_46' title="bbox 133 3166 1831 3249; baseline 0.009 -31"><span class='ocrx_word' id='word_1_308' title='bbox 133 3187 138 3190; x_wconf 93' lang='grc'><strong>·</strong></span> <span class='ocrx_word' id='word_1_309' title='bbox 241 3166 358 3229; x_wconf 72' lang='grc' dir='ltr'>ἐνὸς</span> <span class='ocrx_word' id='word_1_310' title='bbox 397 3167 686 3235; x_wconf 51' lang='grc' dir='ltr'>μέλλεηιτος</span> <span class='ocrx_word' id='word_1_311' title='bbox 724 3169 932 3223; x_wconf 77' lang='grc' dir='ltr'>παῦσαι</span> <span class='ocrx_word' id='word_1_312' title='bbox 975 3170 1074 3240; x_wconf 86' lang='grc' dir='ltr'><strong>τὴν</strong></span> <span class='ocrx_word' id='word_1_313' title='bbox 1127 3172 1438 3238; x_wconf 83' lang='grc' dir='ltr'>πολυθεῖαν,</span> <span class='ocrx_word' id='word_1_314' title='bbox 1480 3177 1574 3228; x_wconf 77' lang='grc' dir='ltr'><strong>καὶ</strong></span> <span class='ocrx_word' id='word_1_315' title='bbox 1599 3176 1694 3230; x_wconf 75' lang='grc' dir='ltr'><strong>ἕνα</strong></span> <span class='ocrx_word' id='word_1_316' title='bbox 1735 3179 1831 3249; x_wconf 86' lang='grc' dir='ltr'><strong>βα-</strong></span> 
     </span>
    </p>
   </div>
   <div class='ocr_carea' id='block_1_47' title="bbox 243 3240 1902 3336">
    <p class='ocr_par' dir='ltr' id='par_1_47' title="bbox 243 3240 1902 3336">
     <span class='ocr_line' id='line_1_47' title="bbox 243 3240 1902 3336; baseline 0.01 -27"><span class='ocrx_word' id='word_1_317' title='bbox 243 3258 402 3311; x_wconf 83' lang='grc' dir='ltr'>σιλέα</span> <span class='ocrx_word' id='word_1_318' title='bbox 472 3261 770 3328; x_wconf 83' lang='grc' dir='ltr'>κρατῆσαι,</span> <span class='ocrx_word' id='word_1_319' title='bbox 815 3261 907 3313; x_wconf 81' lang='grc' dir='ltr'>τὸν</span> <span class='ocrx_word' id='word_1_320' title='bbox 964 3263 1258 3333; x_wconf 78' lang='grc' dir='ltr'>Καίσαρα·</span> <span class='ocrx_word' id='word_1_321' title='bbox 1320 3240 1826 3336; x_wconf 38' lang='grc' dir='ltr'>άπογράφεταίδὲ</span> <span class='ocrx_word' id='word_1_322' title='bbox 1858 3240 1902 3301; x_wconf 80' lang='lat' dir='ltr'><strong>C</strong></span> 
     </span>
    </p>
   </div>
   <div class='ocr_carea' id='block_1_48' title="bbox 238 3349 1827 3428">
    <p class='ocr_par' dir='ltr' id='par_1_48' title="bbox 238 3349 1827 3428">
     <span class='ocr_line' id='line_1_48' title="bbox 238 3349 1827 3428; baseline 0.008 -26"><span class='ocrx_word' id='word_1_323' title='bbox 238 3349 336 3402; x_wconf 75' lang='grc' dir='ltr'>καὶ</span> <span class='ocrx_word' id='word_1_324' title='bbox 360 3351 390 3403; x_wconf 92' lang='lat'><strong>6</strong></span> <span class='ocrx_word' id='word_1_325' title='bbox 432 3350 668 3420; x_wconf 77' lang='grc' dir='ltr'>Χριστὸς</span> <span class='ocrx_word' id='word_1_326' title='bbox 706 3353 843 3422; x_wconf 86' lang='grc' dir='ltr'>μετὰ</span> <span class='ocrx_word' id='word_1_327' title='bbox 878 3354 1122 3420; x_wconf 83' lang='grc' dir='ltr'>πάντων,</span> <span class='ocrx_word' id='word_1_328' title='bbox 1161 3355 1266 3409; x_wconf 76' lang='grc' dir='ltr'>ἔδει</span> <span class='ocrx_word' id='word_1_329' title='bbox 1310 3357 1421 3428; x_wconf 83' lang='grc' dir='ltr'>γὰρ</span> <span class='ocrx_word' id='word_1_330' title='bbox 1464 3360 1560 3411; x_wconf 71' lang='grc' dir='ltr'><strong>καὶ</strong></span> <span class='ocrx_word' id='word_1_331' title='bbox 1593 3363 1686 3414; x_wconf 83' lang='grc' dir='ltr'><strong>τὸν</strong></span> <span class='ocrx_word' id='word_1_332' title='bbox 1716 3362 1827 3413; x_wconf 80' lang='grc' dir='ltr'><strong>Κύ-</strong></span> 
     </span>
    </p>
   </div>
   <div class='ocr_carea' id='block_1_49' title="bbox 243 3447 1823 3528">
    <p class='ocr_par' dir='ltr' id='par_1_49' title="bbox 243 3447 1823 3528">
     <span class='ocr_line' id='line_1_49' title="bbox 243 3447 1823 3528; baseline 0.009 -33"><span class='ocrx_word' id='word_1_333' title='bbox 243 3460 382 3512; x_wconf 87' lang='grc' dir='ltr'>ριον,</span> <span class='ocrx_word' id='word_1_334' title='bbox 439 3447 507 3513; x_wconf 80' lang='grc' dir='ltr'>τῇ</span> <span class='ocrx_word' id='word_1_335' title='bbox 547 3447 843 3520; x_wconf 80' lang='grc' dir='ltr'>οἰκουμένῃ</span> <span class='ocrx_word' id='word_1_336' title='bbox 899 3451 1423 3520; x_wconf 75' lang='grc' dir='ltr'>συναπογραφῆναι,</span> <span class='ocrx_word' id='word_1_337' title='bbox 1478 3453 1565 3507; x_wconf 84' lang='grc' dir='ltr'>ἵνα</span> <span class='ocrx_word' id='word_1_338' title='bbox 1621 3453 1823 3528; x_wconf 81' lang='grc' dir='ltr'>ἁγιάσῃ</span> 
     </span>
    </p>
   </div>
   <div class='ocr_carea' id='block_1_50' title="bbox 239 3535 1824 3615">
    <p class='ocr_par' dir='ltr' id='par_1_50' title="bbox 239 3535 1824 3615">
     <span class='ocr_line' id='line_1_50' title="bbox 239 3535 1824 3615; baseline 0.008 -28"><span class='ocrx_word' id='word_1_339' title='bbox 239 3535 368 3598; x_wconf 83' lang='grc' dir='ltr'>τοὺς</span> <span class='ocrx_word' id='word_1_340' title='bbox 402 3536 918 3608; x_wconf 82' lang='grc' dir='ltr'>ἀπογραφομένους,</span> <span class='ocrx_word' id='word_1_341' title='bbox 958 3542 1054 3594; x_wconf 77' lang='grc' dir='ltr'><strong>καὶ</strong></span> <span class='ocrx_word' id='word_1_342' title='bbox 1082 3545 1411 3615; x_wconf 82' lang='grc' dir='ltr'>καταργήσῃ</span> <span class='ocrx_word' id='word_1_343' title='bbox 1438 3544 1537 3615; x_wconf 80' lang='grc' dir='ltr'><strong>τὴν</strong></span> <span class='ocrx_word' id='word_1_344' title='bbox 1557 3546 1824 3602; x_wconf 68' lang='grc' dir='ltr'>δουλείανν</span> 
     </span>
    </p>
   </div>
   <div class='ocr_carea' id='block_1_51' title="bbox 235 3624 1824 3710">
    <p class='ocr_par' dir='ltr' id='par_1_51' title="bbox 235 3624 1824 3710">
     <span class='ocr_line' id='line_1_51' title="bbox 235 3624 1824 3710; baseline 0.008 -30"><span class='ocrx_word' id='word_1_345' title='bbox 235 3624 429 3695; x_wconf 81' lang='grc' dir='ltr'>ὥσπερ</span> <span class='ocrx_word' id='word_1_346' title='bbox 457 3628 566 3697; x_wconf 74' lang='grc' dir='ltr'><strong>γὰρ</strong></span> <span class='ocrx_word' id='word_1_347' title='bbox 601 3632 984 3700; x_wconf 78' lang='grc' dir='ltr'>περιτμηθεὶς,</span> <span class='ocrx_word' id='word_1_348' title='bbox 1016 3635 1339 3703; x_wconf 87' lang='grc' dir='ltr'>κατήργησε</span> <span class='ocrx_word' id='word_1_349' title='bbox 1373 3634 1471 3706; x_wconf 82' lang='grc' dir='ltr'>τὴν</span> <span class='ocrx_word' id='word_1_350' title='bbox 1497 3639 1824 3710; x_wconf 75' lang='grc' dir='ltr'>περιτομὴν,</span> 
     </span>
    </p>
   </div>
   <div class='ocr_carea' id='block_1_52' title="bbox 236 3717 1828 3800">
    <p class='ocr_par' dir='ltr' id='par_1_52' title="bbox 236 3717 1828 3800">
     <span class='ocr_line' id='line_1_52' title="bbox 236 3717 1828 3800; baseline 0.009 -31"><span class='ocrx_word' id='word_1_351' title='bbox 236 3717 423 3782; x_wconf 76' lang='grc' dir='ltr'>οὕτως</span> <span class='ocrx_word' id='word_1_352' title='bbox 472 3720 817 3789; x_wconf 68' lang='grc' dir='ltr'>ἀπογραφεὶς</span> <span class='ocrx_word' id='word_1_353' title='bbox 851 3721 924 3784; x_wconf 59' lang='grc' dir='ltr'>ὡς</span> <span class='ocrx_word' id='word_1_354' title='bbox 955 3723 1163 3787; x_wconf 83' lang='grc' dir='ltr'>δοῦλος,</span> <span class='ocrx_word' id='word_1_355' title='bbox 1197 3728 1518 3797; x_wconf 82' lang='grc' dir='ltr'>κατήργησε</span> <span class='ocrx_word' id='word_1_356' title='bbox 1565 3729 1663 3800; x_wconf 77' lang='grc' dir='ltr'>τὴν</span> <span class='ocrx_word' id='word_1_357' title='bbox 1708 3731 1828 3784; x_wconf 85' lang='grc' dir='ltr'>δου-</span> 
     </span>
    </p>
   </div>
   <div class='ocr_carea' id='block_1_53' title="bbox 237 3808 1827 3890">
    <p class='ocr_par' dir='ltr' id='par_1_53' title="bbox 237 3808 1827 3890">
     <span class='ocr_line' id='line_1_53' title="bbox 237 3808 1827 3890; baseline 0.009 -30"><span class='ocrx_word' id='word_1_358' title='bbox 237 3808 390 3861; x_wconf 77' lang='grc' dir='ltr'>λείαν</span> <span class='ocrx_word' id='word_1_359' title='bbox 415 3812 515 3879; x_wconf 79' lang='grc' dir='ltr'>τῆς</span> <span class='ocrx_word' id='word_1_360' title='bbox 538 3812 758 3878; x_wconf 84' lang='grc' dir='ltr'>φύσεως</span> <span class='ocrx_word' id='word_1_361' title='bbox 797 3814 976 3882; x_wconf 81' lang='grc' dir='ltr'>ἡμῶν.</span> <span class='ocrx_word' id='word_1_362' title='bbox 1012 3816 1127 3869; x_wconf 86' lang='grc' dir='ltr'>Ούκ</span> <span class='ocrx_word' id='word_1_363' title='bbox 1183 3818 1263 3870; x_wconf 73' lang='grc' dir='ltr'>ἔτι</span> <span class='ocrx_word' id='word_1_364' title='bbox 1309 3819 1420 3890; x_wconf 76' lang='grc' dir='ltr'>γὰρ</span> <span class='ocrx_word' id='word_1_365' title='bbox 1452 3820 1628 3874; x_wconf 78' lang='grc' dir='ltr'>δοῦλοί</span> <span class='ocrx_word' id='word_1_366' title='bbox 1691 3824 1827 3875; x_wconf 89' lang='grc' dir='ltr'>εἰσιν</span> 
     </span>
    </p>
   </div>
   <div class='ocr_carea' id='block_1_54' title="bbox 234 3897 1826 3974">
    <p class='ocr_par' dir='ltr' id='par_1_54' title="bbox 234 3897 1826 3974">
     <span class='ocr_line' id='line_1_54' title="bbox 234 3897 1826 3974; baseline 0.009 -24"><span class='ocrx_word' id='word_1_367' title='bbox 234 3897 562 3967; x_wconf 81' lang='grc' dir='ltr'>ἀνθρώπων,</span> <span class='ocrx_word' id='word_1_368' title='bbox 621 3903 668 3952; x_wconf 83' lang='grc' dir='ltr'><strong>οἰ</strong></span> <span class='ocrx_word' id='word_1_369' title='bbox 715 3903 792 3972; x_wconf 80' lang='grc' dir='ltr'>τῷ</span> <span class='ocrx_word' id='word_1_370' title='bbox 841 3902 1031 3974; x_wconf 80' lang='grc' dir='ltr'>Κυρίῳ</span> <span class='ocrx_word' id='word_1_371' title='bbox 1064 3906 1429 3973; x_wconf 85' lang='grc' dir='ltr'>δουλεύοντες,</span> <span class='ocrx_word' id='word_1_372' title='bbox 1464 3909 1539 3972; x_wconf 84' lang='grc' dir='ltr'>ὡς</span> <span class='ocrx_word' id='word_1_373' title='bbox 1580 3913 1608 3963; x_wconf 91' lang='lat'><strong>6</strong></span> <span class='ocrx_word' id='word_1_374' title='bbox 1665 3912 1826 3964; x_wconf 78' lang='grc' dir='ltr'>’Λπό-</span> 
     </span>
    </p>
   </div>
   <div class='ocr_carea' id='block_1_55' title="bbox 237 3989 1818 4072">
    <p class='ocr_par' dir='ltr' id='par_1_55' title="bbox 237 3989 1818 4072">
     <span class='ocr_line' id='line_1_55' title="bbox 237 3989 1818 4072; baseline 0.008 -30"><span class='ocrx_word' id='word_1_375' title='bbox 237 3989 425 4053; x_wconf 85' lang='grc' dir='ltr'>στολος</span> <span class='ocrx_word' id='word_1_376' title='bbox 494 3991 642 4059; x_wconf 80' lang='grc' dir='ltr'>λέγει</span> <span class='ocrx_word' id='word_1_377' title='bbox 679 4008 692 4021; x_wconf 92' lang='grc'><strong>·</strong></span> <span class='ocrx_word' id='word_1_378' title='bbox 758 4013 775 4044; x_wconf 78' lang='grc' dir='ltr'><strong>ι</strong></span> <span class='ocrx_word' id='word_1_379' title='bbox 837 3995 931 4065; x_wconf 77' lang='grc' dir='ltr'><strong>Μὴ</strong></span> <span class='ocrx_word' id='word_1_380' title='bbox 973 3996 1190 4063; x_wconf 80' lang='grc' dir='ltr'>γίνεσθε</span> <span class='ocrx_word' id='word_1_381' title='bbox 1214 3999 1390 4053; x_wconf 74' lang='grc' dir='ltr'>δοῦλοι</span> <span class='ocrx_word' id='word_1_382' title='bbox 1413 4000 1720 4072; x_wconf 81' lang='grc' dir='ltr'>ἀνθρώπων</span> <span class='ocrx_word' id='word_1_383' title='bbox 1753 4019 1767 4032; x_wconf 91' lang='grc'><strong>·</strong></span> <span class='ocrx_word' id='word_1_384' title='bbox 1800 4022 1818 4054; x_wconf 71' lang='grc' dir='ltr'><strong>ι</strong></span> 
     </span>
    </p>
   </div>
   <div class='ocr_carea' id='block_1_56' title="bbox 231 4081 1824 4163">
    <p class='ocr_par' dir='ltr' id='par_1_56' title="bbox 231 4081 1824 4163">
     <span class='ocr_line' id='line_1_56' title="bbox 231 4081 1824 4163; baseline 0.006 -27"><span class='ocrx_word' id='word_1_385' title='bbox 231 4081 348 4136; x_wconf 79' lang='grc' dir='ltr'>ἀλλ’</span> <span class='ocrx_word' id='word_1_386' title='bbox 378 4084 427 4135; x_wconf 87' lang='grc' dir='ltr'><strong>εἰ</strong></span> <span class='ocrx_word' id='word_1_387' title='bbox 486 4085 581 4136; x_wconf 73' lang='grc' dir='ltr'>καὶ</span> <span class='ocrx_word' id='word_1_388' title='bbox 613 4083 688 4153; x_wconf 81' lang='grc' dir='ltr'>τῷ</span> <span class='ocrx_word' id='word_1_389' title='bbox 728 4084 943 4156; x_wconf 79' lang='grc' dir='ltr'>σώματι</span> <span class='ocrx_word' id='word_1_390' title='bbox 978 4087 1182 4154; x_wconf 80' lang='grc' dir='ltr'>δοῦλοι,</span> <span class='ocrx_word' id='word_1_391' title='bbox 1221 4091 1493 4161; x_wconf 76' lang='grc' dir='ltr'>ἐλεύθεροι</span> <span class='ocrx_word' id='word_1_392' title='bbox 1546 4092 1624 4163; x_wconf 84' lang='grc' dir='ltr'>τῷ</span> <span class='ocrx_word' id='word_1_393' title='bbox 1656 4095 1824 4148; x_wconf 86' lang='grc' dir='ltr'>πνεύ-</span> 
     </span>
    </p>
   </div>
   <div class='ocr_carea' id='block_1_57' title="bbox 235 4176 1810 4256">
    <p class='ocr_par' dir='ltr' id='par_1_57' title="bbox 235 4176 1810 4256">
     <span class='ocr_line' id='line_1_57' title="bbox 235 4176 1810 4256; baseline 0.009 -31"><span class='ocrx_word' id='word_1_394' title='bbox 235 4191 395 4244; x_wconf 87' lang='grc' dir='ltr'>ματι,</span> <span class='ocrx_word' id='word_1_395' title='bbox 430 4176 504 4244; x_wconf 79' lang='grc' dir='ltr'>μὴ</span> <span class='ocrx_word' id='word_1_396' title='bbox 535 4178 600 4245; x_wconf 79' lang='grc' dir='ltr'>τῇ</span> <span class='ocrx_word' id='word_1_397' title='bbox 632 4178 861 4249; x_wconf 72' lang='grc' dir='ltr'>ἀσεϐείᾳ</span> <span class='ocrx_word' id='word_1_398' title='bbox 892 4179 1000 4231; x_wconf 84' lang='grc' dir='ltr'><strong>τῶν</strong></span> <span class='ocrx_word' id='word_1_399' title='bbox 1027 4181 1306 4234; x_wconf 83' lang='grc' dir='ltr'>δεσποτῶν</span> <span class='ocrx_word' id='word_1_400' title='bbox 1347 4186 1810 4256; x_wconf 80' lang='grc' dir='ltr'>συναπαγόμενοι.</span> 
     </span>
    </p>
   </div>
   <div class='ocr_carea' id='block_1_58' title="bbox 235 4265 1825 4346">
    <p class='ocr_par' dir='ltr' id='par_1_58' title="bbox 235 4265 1825 4346">
     <span class='ocr_line' id='line_1_58' title="bbox 235 4265 1825 4346; baseline 0.01 -28"><span class='ocrx_word' id='word_1_401' title='bbox 235 4265 589 4334; x_wconf 87' lang='grc' dir='ltr'>Πρωτότοκον</span> <span class='ocrx_word' id='word_1_402' title='bbox 641 4269 698 4322; x_wconf 85' lang='grc' dir='ltr'>δὲ</span> <span class='ocrx_word' id='word_1_403' title='bbox 757 4271 883 4324; x_wconf 82' lang='grc' dir='ltr'>Υἰδν</span> <span class='ocrx_word' id='word_1_404' title='bbox 938 4273 1191 4342; x_wconf 83' lang='grc' dir='ltr'>ὠνόμασε</span> <span class='ocrx_word' id='word_1_405' title='bbox 1250 4276 1351 4344; x_wconf 81' lang='grc' dir='ltr'><strong>τῆς</strong></span> <span class='ocrx_word' id='word_1_406' title='bbox 1393 4277 1676 4346; x_wconf 84' lang='grc' dir='ltr'>Παρθένου</span> <span class='ocrx_word' id='word_1_407' title='bbox 1733 4281 1825 4333; x_wconf 79' lang='grc' dir='ltr'><strong>τὸν</strong></span> 
     </span>
    </p>
   </div>
   <div class='ocr_carea' id='block_1_59' title="bbox 231 4357 1825 4438">
    <p class='ocr_par' dir='ltr' id='par_1_59' title="bbox 231 4357 1825 4438">
     <span class='ocr_line' id='line_1_59' title="bbox 231 4357 1825 4438; baseline 0.008 -25"><span class='ocrx_word' id='word_1_408' title='bbox 231 4357 464 4429; x_wconf 73' lang='grc' dir='ltr'>Κύριον,</span> <span class='ocrx_word' id='word_1_409' title='bbox 510 4360 687 4414; x_wconf 85' lang='grc' dir='ltr'>καίτοι</span> <span class='ocrx_word' id='word_1_410' title='bbox 727 4363 800 4434; x_wconf 81' lang='grc' dir='ltr'>μὴ</span> <span class='ocrx_word' id='word_1_411' title='bbox 840 4364 1097 4436; x_wconf 85' lang='grc' dir='ltr'>δευτέρου</span> <span class='ocrx_word' id='word_1_412' title='bbox 1148 4367 1294 4431; x_wconf 73' lang='grc' dir='ltr'>τινος</span> <span class='ocrx_word' id='word_1_413' title='bbox 1340 4370 1648 4438; x_wconf 81' lang='grc' dir='ltr'>τεχθέντος,</span> <span class='ocrx_word' id='word_1_414' title='bbox 1678 4372 1825 4425; x_wconf 77' lang='grc' dir='ltr'>εἰκό-</span> 
     </span>
    </p>
   </div>
   <div class='ocr_carea' id='block_1_60' title="bbox 229 4454 1826 4536">
    <p class='ocr_par' dir='ltr' id='par_1_60' title="bbox 229 4454 1826 4536">
     <span class='ocr_line' id='line_1_60' title="bbox 229 4454 1826 4536; baseline 0.009 -34"><span class='ocrx_word' id='word_1_415' title='bbox 229 4466 372 4513; x_wconf 88' lang='grc' dir='ltr'>τως·</span> <span class='ocrx_word' id='word_1_416' title='bbox 418 4454 766 4521; x_wconf 87' lang='grc' dir='ltr'>πρωτότοκος</span> <span class='ocrx_word' id='word_1_417' title='bbox 824 4457 935 4527; x_wconf 78' lang='grc' dir='ltr'>γὰρ</span> <span class='ocrx_word' id='word_1_418' title='bbox 991 4459 1235 4527; x_wconf 85' lang='grc' dir='ltr'>λέγεται,</span> <span class='ocrx_word' id='word_1_419' title='bbox 1267 4463 1294 4513; x_wconf 98' lang='lat'><strong>6</strong></span> <span class='ocrx_word' id='word_1_420' title='bbox 1343 4464 1560 4532; x_wconf 87' lang='grc' dir='ltr'>πρῶτος</span> <span class='ocrx_word' id='word_1_421' title='bbox 1611 4465 1826 4536; x_wconf 70' lang='grc' dir='ltr'>τεχθεὶς</span> 
     </span>
    </p>
   </div>
   <div class='ocr_carea' id='block_1_61' title="bbox 1940 1989 3530 2062">
    <p class='ocr_par' dir='ltr' id='par_1_61' title="bbox 1940 1989 3530 2062">
     <span class='ocr_line' id='line_1_61' title="bbox 1940 1989 3530 2062; baseline -0.007 -13"><span class='ocrx_word' id='word_1_422' title='bbox 1940 2004 2046 2049; x_wconf 90' lang='lat' dir='ltr'><strong>tem</strong></span> <span class='ocrx_word' id='word_1_423' title='bbox 2098 1993 2288 2058; x_wconf 81' lang='lat' dir='ltr'><strong>David,</strong></span> <span class='ocrx_word' id='word_1_424' title='bbox 2320 2007 2439 2062; x_wconf 75' lang='lat' dir='ltr'><strong>quae</strong></span> <span class='ocrx_word' id='word_1_425' title='bbox 2468 2000 2694 2046; x_wconf 78' lang='lat' dir='ltr'><strong>vocatur</strong></span> <span class='ocrx_word' id='word_1_426' title='bbox 2738 1989 3041 2054; x_wconf 84' lang='lat' dir='ltr'><strong>Bethleem,</strong></span> <span class='ocrx_word' id='word_1_427' title='bbox 3102 2003 3167 2043; x_wconf 93' lang='lat' dir='ltr'><strong>co</strong></span> <span class='ocrx_word' id='word_1_428' title='bbox 3193 1990 3338 2058; x_wconf 90' lang='lat' dir='ltr'><strong>quod</strong></span> <span class='ocrx_word' id='word_1_429' title='bbox 3385 1996 3530 2042; x_wconf 82' lang='lat' dir='ltr'><strong>esset</strong></span> 
     </span>
    </p>
   </div>
   <div class='ocr_carea' id='block_1_62' title="bbox 1938 2080 3528 2152">
    <p class='ocr_par' dir='ltr' id='par_1_62' title="bbox 1938 2080 3528 2152">
     <span class='ocr_line' id='line_1_62' title="bbox 1938 2080 3528 2152; baseline -0.006 -12"><span class='ocrx_word' id='word_1_430' title='bbox 1938 2088 2004 2140; x_wconf 91' lang='lat' dir='ltr'><strong>de</strong></span> <span class='ocrx_word' id='word_1_431' title='bbox 2044 2086 2208 2140; x_wconf 84' lang='lat' dir='ltr'><strong>domo</strong></span> <span class='ocrx_word' id='word_1_432' title='bbox 2244 2095 2296 2138; x_wconf 90' lang='lat' dir='ltr'><strong>et</strong></span> <span class='ocrx_word' id='word_1_433' title='bbox 2331 2084 2531 2138; x_wconf 83' lang='lat' dir='ltr'><strong>familia</strong></span> <span class='ocrx_word' id='word_1_434' title='bbox 2564 2083 2754 2147; x_wconf 85' lang='lat' dir='ltr'><strong>David,</strong></span> <span class='ocrx_word' id='word_1_435' title='bbox 2791 2095 2848 2137; x_wconf 89' lang='lat' dir='ltr'><strong>ut</strong></span> <span class='ocrx_word' id='word_1_436' title='bbox 2882 2082 3231 2152; x_wconf 79' lang='lat' dir='ltr'><strong>proﬁteretur</strong></span> <span class='ocrx_word' id='word_1_437' title='bbox 3262 2096 3385 2134; x_wconf 88' lang='lat' dir='ltr'><strong>cum</strong></span> <span class='ocrx_word' id='word_1_438' title='bbox 3417 2080 3528 2132; x_wconf 81' lang='lat' dir='ltr'><strong>Ma-</strong></span> 
     </span>
    </p>
   </div>
   <div class='ocr_carea' id='block_1_63' title="bbox 1934 2173 3526 2247">
    <p class='ocr_par' dir='ltr' id='par_1_63' title="bbox 1934 2173 3526 2247">
     <span class='ocr_line' id='line_1_63' title="bbox 1934 2173 3526 2247; baseline -0.005 -14"><span class='ocrx_word' id='word_1_439' title='bbox 1934 2179 2015 2233; x_wconf 85' lang='lat' dir='ltr'><strong>ria</strong></span> <span class='ocrx_word' id='word_1_440' title='bbox 2054 2181 2380 2247; x_wconf 83' lang='lat' dir='ltr'><strong>desponsata</strong></span> <span class='ocrx_word' id='word_1_441' title='bbox 2418 2176 2518 2230; x_wconf 85' lang='lat' dir='ltr'><strong>sibi</strong></span> <span class='ocrx_word' id='word_1_442' title='bbox 2551 2191 2738 2239; x_wconf 84' lang='lat' dir='ltr'><strong>uxore,</strong></span> <span class='ocrx_word' id='word_1_443' title='bbox 2767 2190 2887 2245; x_wconf 69' lang='lat' dir='ltr'><strong>qua:</strong></span> <span class='ocrx_word' id='word_1_444' title='bbox 2913 2185 3032 2231; x_wconf 88' lang='lat' dir='ltr'><strong>erat</strong></span> <span class='ocrx_word' id='word_1_445' title='bbox 3078 2187 3385 2244; x_wconf 66' lang='lat' dir='ltr'><strong>praegnans.</strong></span> <span class='ocrx_word' id='word_1_446' title='bbox 3423 2173 3526 2226; x_wconf 81' lang='lat' dir='ltr'><strong>Ac-</strong></span> 
     </span>
    </p>
   </div>
   <div class='ocr_carea' id='block_1_64' title="bbox 1937 2265 3528 2337">
    <p class='ocr_par' dir='ltr' id='par_1_64' title="bbox 1937 2265 3528 2337">
     <span class='ocr_line' id='line_1_64' title="bbox 1937 2265 3528 2337; baseline -0.006 -12"><span class='ocrx_word' id='word_1_447' title='bbox 1937 2268 2067 2325; x_wconf 89' lang='lat' dir='ltr'><strong>cidit</strong></span> <span class='ocrx_word' id='word_1_448' title='bbox 2094 2279 2296 2330; x_wconf 86' lang='lat' dir='ltr'><strong>autem,</strong></span> <span class='ocrx_word' id='word_1_449' title='bbox 2324 2283 2445 2322; x_wconf 91' lang='lat' dir='ltr'><strong>cum</strong></span> <span class='ocrx_word' id='word_1_450' title='bbox 2491 2277 2672 2324; x_wconf 88' lang='lat' dir='ltr'><strong>essent</strong></span> <span class='ocrx_word' id='word_1_451' title='bbox 2703 2269 2799 2333; x_wconf 86' lang='lat' dir='ltr'><strong>ibi,</strong></span> <span class='ocrx_word' id='word_1_452' title='bbox 2839 2267 3094 2337; x_wconf 83' lang='lat' dir='ltr'><strong>completi</strong></span> <span class='ocrx_word' id='word_1_453' title='bbox 3120 2276 3245 2323; x_wconf 93' lang='lat' dir='ltr'><strong>sunt</strong></span> <span class='ocrx_word' id='word_1_454' title='bbox 3273 2265 3391 2319; x_wconf 83' lang='lat' dir='ltr'><strong>dics</strong></span> <span class='ocrx_word' id='word_1_455' title='bbox 3426 2280 3528 2334; x_wconf 87' lang='lat' dir='ltr'><strong>pa-</strong></span> 
     </span>
    </p>
   </div>
   <div class='ocr_carea' id='block_1_65' title="bbox 1937 2356 3527 2432">
    <p class='ocr_par' dir='ltr' id='par_1_65' title="bbox 1937 2356 3527 2432">
     <span class='ocr_line' id='line_1_65' title="bbox 1937 2356 3527 2432; baseline -0.007 -14"><span class='ocrx_word' id='word_1_456' title='bbox 1937 2364 2147 2428; x_wconf 89' lang='lat' dir='ltr'><strong>riendi;</strong></span> <span class='ocrx_word' id='word_1_457' title='bbox 2181 2364 2457 2432; x_wconf 89' lang='lat' dir='ltr'><strong>etpeperit</strong></span> <span class='ocrx_word' id='word_1_458' title='bbox 2478 2362 2674 2416; x_wconf 86' lang='lat' dir='ltr'><strong>Filium</strong></span> <span class='ocrx_word' id='word_1_459' title='bbox 2694 2377 2854 2418; x_wconf 88' lang='lat' dir='ltr'><strong>suum</strong></span> <span class='ocrx_word' id='word_1_460' title='bbox 2884 2361 3331 2432; x_wconf 83' lang='lat' dir='ltr'><strong>primogenitum,</strong></span> <span class='ocrx_word' id='word_1_461' title='bbox 3354 2374 3414 2413; x_wconf 84' lang='lat' dir='ltr'><strong>ac</strong></span> <span class='ocrx_word' id='word_1_462' title='bbox 3449 2356 3527 2409; x_wconf 82' lang='lat' dir='ltr'><strong>fa-</strong></span> 
     </span>
    </p>
   </div>
   <div class='ocr_carea' id='block_1_66' title="bbox 1937 2451 3524 2524">
    <p class='ocr_par' dir='ltr' id='par_1_66' title="bbox 1937 2451 3524 2524">
     <span class='ocr_line' id='line_1_66' title="bbox 1937 2451 3524 2524; baseline -0.006 -11"><span class='ocrx_word' id='word_1_463' title='bbox 1937 2458 2066 2513; x_wconf 88' lang='lat' dir='ltr'><strong>sciis</strong></span> <span class='ocrx_word' id='word_1_464' title='bbox 2083 2471 2205 2510; x_wconf 89' lang='lat' dir='ltr'><strong>eum</strong></span> <span class='ocrx_word' id='word_1_465' title='bbox 2228 2456 2451 2510; x_wconf 85' lang='lat' dir='ltr'><strong>involvit</strong></span> <span class='ocrx_word' id='word_1_466' title='bbox 2475 2456 2866 2524; x_wconf 88' lang='lat' dir='ltr'><strong>reclinavitque</strong></span> <span class='ocrx_word' id='word_1_467' title='bbox 2883 2469 3005 2509; x_wconf 91' lang='lat' dir='ltr'><strong>eum</strong></span> <span class='ocrx_word' id='word_1_468' title='bbox 3033 2455 3082 2507; x_wconf 90' lang='lat' dir='ltr'><strong>in</strong></span> <span class='ocrx_word' id='word_1_469' title='bbox 3106 2454 3356 2523; x_wconf 71' lang='lat' dir='ltr'><strong>prmsepi,</strong></span> <span class='ocrx_word' id='word_1_470' title='bbox 3380 2451 3524 2520; x_wconf 82' lang='lat' dir='ltr'><strong>quod</strong></span> 
     </span>
    </p>
   </div>
   <div class='ocr_carea' id='block_1_67' title="bbox 1936 2546 3523 2616">
    <p class='ocr_par' dir='ltr' id='par_1_67' title="bbox 1936 2546 3523 2616">
     <span class='ocr_line' id='line_1_67' title="bbox 1936 2546 3523 2616; baseline -0.002 -13"><span class='ocrx_word' id='word_1_471' title='bbox 1936 2564 2040 2603; x_wconf 87' lang='lat' dir='ltr'><strong>non</strong></span> <span class='ocrx_word' id='word_1_472' title='bbox 2078 2560 2221 2604; x_wconf 86' lang='lat' dir='ltr'><strong>esset</strong></span> <span class='ocrx_word' id='word_1_473' title='bbox 2245 2550 2323 2603; x_wconf 91' lang='lat' dir='ltr'><strong>eis</strong></span> <span class='ocrx_word' id='word_1_474' title='bbox 2366 2549 2515 2603; x_wconf 91' lang='lat' dir='ltr'><strong>locus</strong></span> <span class='ocrx_word' id='word_1_475' title='bbox 2545 2549 2596 2603; x_wconf 92' lang='lat' dir='ltr'><strong>in</strong></span> <span class='ocrx_word' id='word_1_476' title='bbox 2618 2549 2977 2603; x_wconf 67' lang='lat' dir='ltr'><strong>diversorio.»</strong></span> <span class='ocrx_word' id='word_1_477' title='bbox 3012 2546 3302 2616; x_wconf 85' lang='lat' dir='ltr'><strong>Propterea</strong></span> <span class='ocrx_word' id='word_1_478' title='bbox 3343 2547 3400 2600; x_wconf 84' lang='lat' dir='ltr'><strong>[it</strong></span> <span class='ocrx_word' id='word_1_479' title='bbox 3428 2547 3523 2601; x_wconf 82' lang='lat' dir='ltr'><strong>de-</strong></span> 
     </span>
    </p>
   </div>
   <div class='ocr_carea' id='block_1_68' title="bbox 1934 2642 3528 2713">
    <p class='ocr_par' dir='ltr' id='par_1_68' title="bbox 1934 2642 3528 2713">
     <span class='ocr_line' id='line_1_68' title="bbox 1934 2642 3528 2713; baseline -0.003 -15"><span class='ocrx_word' id='word_1_480' title='bbox 1934 2644 2184 2712; x_wconf 82' lang='lat' dir='ltr'><strong>scriptio,</strong></span> <span class='ocrx_word' id='word_1_481' title='bbox 2205 2654 2281 2706; x_wconf 84' lang='lat' dir='ltr'><strong>ut,</strong></span> <span class='ocrx_word' id='word_1_482' title='bbox 2310 2660 2432 2698; x_wconf 90' lang='lat' dir='ltr'><strong>cum</strong></span> <span class='ocrx_word' id='word_1_483' title='bbox 2460 2659 2648 2699; x_wconf 88' lang='lat' dir='ltr'><strong>omnes</strong></span> <span class='ocrx_word' id='word_1_484' title='bbox 2680 2645 2734 2697; x_wconf 89' lang='lat' dir='ltr'><strong>in</strong></span> <span class='ocrx_word' id='word_1_485' title='bbox 2755 2659 2880 2699; x_wconf 88' lang='lat' dir='ltr'><strong>suas</strong></span> <span class='ocrx_word' id='word_1_486' title='bbox 2905 2644 3112 2713; x_wconf 86' lang='lat' dir='ltr'><strong>patrias</strong></span> <span class='ocrx_word' id='word_1_487' title='bbox 3143 2642 3306 2707; x_wconf 87' lang='lat' dir='ltr'><strong>irent,</strong></span> <span class='ocrx_word' id='word_1_488' title='bbox 3335 2656 3528 2697; x_wconf 85' lang='lat' dir='ltr'><strong>ascen--</strong></span> 
     </span>
    </p>
   </div>
   <div class='ocr_carea' id='block_1_69' title="bbox 1937 2735 3523 2805">
    <p class='ocr_par' dir='ltr' id='par_1_69' title="bbox 1937 2735 3523 2805">
     <span class='ocr_line' id='line_1_69' title="bbox 1937 2735 3523 2805; baseline -0.004 -15"><span class='ocrx_word' id='word_1_489' title='bbox 1937 2738 2089 2791; x_wconf 80' lang='lat' dir='ltr'><strong>deret</strong></span> <span class='ocrx_word' id='word_1_490' title='bbox 2116 2747 2168 2790; x_wconf 90' lang='lat' dir='ltr'><strong>et</strong></span> <span class='ocrx_word' id='word_1_491' title='bbox 2205 2735 2367 2802; x_wconf 79' lang='lat' dir='ltr'><strong>Virgo</strong></span> <span class='ocrx_word' id='word_1_492' title='bbox 2406 2739 2458 2790; x_wconf 90' lang='lat' dir='ltr'><strong>in</strong></span> <span class='ocrx_word' id='word_1_493' title='bbox 2492 2737 2787 2801; x_wconf 73' lang='lat' dir='ltr'><strong>Bethleem,</strong></span> <span class='ocrx_word' id='word_1_494' title='bbox 2844 2752 2964 2804; x_wconf 71' lang='lat' dir='ltr'><strong>qua:</strong></span> <span class='ocrx_word' id='word_1_495' title='bbox 3008 2736 3125 2805; x_wconf 86' lang='lat' dir='ltr'><strong>ejus</strong></span> <span class='ocrx_word' id='word_1_496' title='bbox 3172 2736 3344 2803; x_wconf 83' lang='lat' dir='ltr'><strong>patria</strong></span> <span class='ocrx_word' id='word_1_497' title='bbox 3384 2739 3523 2797; x_wconf 91' lang='lat' dir='ltr'><strong>erat,</strong></span> 
     </span>
    </p>
   </div>
   <div class='ocr_carea' id='block_1_70' title="bbox 1935 2827 3524 2898">
    <p class='ocr_par' dir='ltr' id='par_1_70' title="bbox 1935 2827 3524 2898">
     <span class='ocr_line' id='line_1_70' title="bbox 1935 2827 3524 2898; baseline -0.002 -15"><span class='ocrx_word' id='word_1_498' title='bbox 1935 2839 2362 2898; x_wconf 83' lang='lat' dir='ltr'><strong>nascereturque</strong></span> <span class='ocrx_word' id='word_1_499' title='bbox 2402 2829 2482 2883; x_wconf 91' lang='lat' dir='ltr'><strong>sic</strong></span> <span class='ocrx_word' id='word_1_500' title='bbox 2551 2828 2810 2882; x_wconf 85' lang='lat' dir='ltr'><strong>Dominus</strong></span> <span class='ocrx_word' id='word_1_501' title='bbox 2863 2830 2916 2882; x_wconf 89' lang='lat' dir='ltr'><strong>in</strong></span> <span class='ocrx_word' id='word_1_502' title='bbox 2966 2828 3285 2881; x_wconf 84' lang='lat' dir='ltr'><strong>Bethlehem</strong></span> <span class='ocrx_word' id='word_1_503' title='bbox 3349 2827 3412 2888; x_wconf 77' lang='grc'><strong>⁸³,</strong></span> <span class='ocrx_word' id='word_1_504' title='bbox 3459 2840 3524 2880; x_wconf 88' lang='lat' dir='ltr'><strong>ac</strong></span> 
     </span>
    </p>
   </div>
   <div class='ocr_carea' id='block_1_71' title="bbox 1935 2918 3526 2990">
    <p class='ocr_par' dir='ltr' id='par_1_71' title="bbox 1935 2918 3526 2990">
     <span class='ocr_line' id='line_1_71' title="bbox 1935 2918 3526 2990; baseline -0.001 -16"><span class='ocrx_word' id='word_1_505' title='bbox 1935 2919 2253 2989; x_wconf 80' lang='lat' dir='ltr'><strong>impleretur</strong></span> <span class='ocrx_word' id='word_1_506' title='bbox 2285 2921 2586 2990; x_wconf 85' lang='lat' dir='ltr'><strong>pr0phetia.</strong></span> <span class='ocrx_word' id='word_1_507' title='bbox 2625 2922 2859 2976; x_wconf 88' lang='lat' dir='ltr'><strong>Decebat</strong></span> <span class='ocrx_word' id='word_1_508' title='bbox 2892 2930 3072 2976; x_wconf 86' lang='lat' dir='ltr'><strong>autem</strong></span> <span class='ocrx_word' id='word_1_509' title='bbox 3105 2930 3181 2986; x_wconf 86' lang='lat' dir='ltr'><strong>ut,</strong></span> <span class='ocrx_word' id='word_1_510' title='bbox 3213 2935 3335 2975; x_wconf 90' lang='lat' dir='ltr'><strong>cum</strong></span> <span class='ocrx_word' id='word_1_511' title='bbox 3377 2918 3526 2973; x_wconf 85' lang='lat' dir='ltr'><strong>Deus</strong></span> 
     </span>
    </p>
   </div>
   <div class='ocr_carea' id='block_1_72' title="bbox 1936 3012 3518 3082">
    <p class='ocr_par' dir='ltr' id='par_1_72' title="bbox 1936 3012 3518 3082">
     <span class='ocr_line' id='line_1_72' title="bbox 1936 3012 3518 3082; baseline -0.001 -16"><span class='ocrx_word' id='word_1_512' title='bbox 1936 3027 2078 3066; x_wconf 88' lang='lat' dir='ltr'><strong>unus</strong></span> <span class='ocrx_word' id='word_1_513' title='bbox 2109 3013 2404 3067; x_wconf 87' lang='lat' dir='ltr'><strong>multorum</strong></span> <span class='ocrx_word' id='word_1_514' title='bbox 2441 3014 2668 3068; x_wconf 84' lang='lat' dir='ltr'><strong>deorum</strong></span> <span class='ocrx_word' id='word_1_515' title='bbox 2711 3015 2882 3069; x_wconf 90' lang='lat' dir='ltr'><strong>cultui</strong></span> <span class='ocrx_word' id='word_1_516' title='bbox 2914 3014 3075 3068; x_wconf 74' lang='lat' dir='ltr'><strong>finem</strong></span> <span class='ocrx_word' id='word_1_517' title='bbox 3107 3024 3258 3068; x_wconf 86' lang='lat' dir='ltr'><strong>esset</strong></span> <span class='ocrx_word' id='word_1_518' title='bbox 3291 3012 3518 3082; x_wconf 88' lang='lat' dir='ltr'><strong>imposi-</strong></span> 
     </span>
    </p>
   </div>
   <div class='ocr_carea' id='block_1_73' title="bbox 1937 3103 3514 3175">
    <p class='ocr_par' dir='ltr' id='par_1_73' title="bbox 1937 3103 3514 3175">
     <span class='ocr_line' id='line_1_73' title="bbox 1937 3103 3514 3175; baseline 0.001 -21"><span class='ocrx_word' id='word_1_519' title='bbox 1937 3111 2112 3167; x_wconf 88' lang='lat' dir='ltr'><strong>turus,</strong></span> <span class='ocrx_word' id='word_1_520' title='bbox 2141 3119 2282 3158; x_wconf 89' lang='lat' dir='ltr'><strong>unus</strong></span> <span class='ocrx_word' id='word_1_521' title='bbox 2332 3103 2495 3158; x_wconf 88' lang='lat' dir='ltr'><strong>etiam</strong></span> <span class='ocrx_word' id='word_1_522' title='bbox 2551 3120 2669 3171; x_wconf 81' lang='lat' dir='ltr'><strong>rex,</strong></span> <span class='ocrx_word' id='word_1_523' title='bbox 2707 3121 2899 3175; x_wconf 85' lang='lat' dir='ltr'><strong>nempe</strong></span> <span class='ocrx_word' id='word_1_524' title='bbox 2955 3105 3158 3171; x_wconf 60' lang='lat' dir='ltr'><strong>Cesar,</strong></span> <span class='ocrx_word' id='word_1_525' title='bbox 3193 3107 3514 3174; x_wconf 83' lang='lat' dir='ltr'><strong>imperaret.</strong></span> 
     </span>
    </p>
   </div>
   <div class='ocr_carea' id='block_1_74' title="bbox 1936 3194 3525 3268">
    <p class='ocr_par' dir='ltr' id='par_1_74' title="bbox 1936 3194 3525 3268">
     <span class='ocr_line' id='line_1_74' title="bbox 1936 3194 3525 3268; baseline 0.006 -21"><span class='ocrx_word' id='word_1_526' title='bbox 1936 3194 2107 3248; x_wconf 88' lang='lat' dir='ltr'><strong>Porro</strong></span> <span class='ocrx_word' id='word_1_527' title='bbox 2156 3196 2409 3252; x_wconf 86' lang='lat' dir='ltr'><strong>Christus</strong></span> <span class='ocrx_word' id='word_1_528' title='bbox 2436 3211 2557 3250; x_wconf 91' lang='lat' dir='ltr'><strong>cum</strong></span> <span class='ocrx_word' id='word_1_529' title='bbox 2592 3199 2847 3253; x_wconf 89' lang='lat' dir='ltr'><strong>omnibus</strong></span> <span class='ocrx_word' id='word_1_530' title='bbox 2901 3200 3255 3254; x_wconf 87' lang='lat' dir='ltr'><strong>describitur.</strong></span> <span class='ocrx_word' id='word_1_531' title='bbox 3289 3199 3525 3268; x_wconf 75' lang='lat' dir='ltr'><strong>Oportet</strong></span> 
     </span>
    </p>
   </div>
   <div class='ocr_carea' id='block_1_75' title="bbox 1935 3287 3523 3357">
    <p class='ocr_par' dir='ltr' id='par_1_75' title="bbox 1935 3287 3523 3357">
     <span class='ocr_line' id='line_1_75' title="bbox 1935 3287 3523 3357; baseline 0.003 -18"><span class='ocrx_word' id='word_1_532' title='bbox 1935 3287 2078 3340; x_wconf 90' lang='lat' dir='ltr'><strong>enim</strong></span> <span class='ocrx_word' id='word_1_533' title='bbox 2131 3289 2297 3341; x_wconf 89' lang='lat' dir='ltr'><strong>etiam</strong></span> <span class='ocrx_word' id='word_1_534' title='bbox 2353 3291 2641 3345; x_wconf 92' lang='lat' dir='ltr'><strong>Dominum</strong></span> <span class='ocrx_word' id='word_1_535' title='bbox 2693 3307 2816 3347; x_wconf 94' lang='lat' dir='ltr'><strong>cum</strong></span> <span class='ocrx_word' id='word_1_536' title='bbox 2871 3299 2981 3348; x_wconf 91' lang='lat' dir='ltr'><strong>toto</strong></span> <span class='ocrx_word' id='word_1_537' title='bbox 3019 3293 3152 3347; x_wconf 90' lang='lat' dir='ltr'><strong>orbe</strong></span> <span class='ocrx_word' id='word_1_538' title='bbox 3200 3292 3433 3357; x_wconf 89' lang='lat' dir='ltr'><strong>censeri,</strong></span> <span class='ocrx_word' id='word_1_539' title='bbox 3469 3299 3523 3344; x_wconf 94' lang='lat' dir='ltr'><strong>ut</strong></span> 
     </span>
    </p>
   </div>
   <div class='ocr_carea' id='block_1_76' title="bbox 1931 3381 3521 3454">
    <p class='ocr_par' dir='ltr' id='par_1_76' title="bbox 1931 3381 3521 3454">
     <span class='ocr_line' id='line_1_76' title="bbox 1931 3381 3521 3454; baseline 0.004 -21"><span class='ocrx_word' id='word_1_540' title='bbox 1931 3381 2304 3434; x_wconf 79' lang='lat' dir='ltr'><strong>sanctiﬁcaret</strong></span> <span class='ocrx_word' id='word_1_541' title='bbox 2361 3397 2453 3436; x_wconf 88' lang='lat' dir='ltr'><strong>eos</strong></span> <span class='ocrx_word' id='word_1_542' title='bbox 2501 3383 2593 3453; x_wconf 91' lang='lat' dir='ltr'><strong>qui</strong></span> <span class='ocrx_word' id='word_1_543' title='bbox 2649 3395 2970 3450; x_wconf 90' lang='lat' dir='ltr'><strong>censentur,</strong></span> <span class='ocrx_word' id='word_1_544' title='bbox 3004 3385 3358 3454; x_wconf 86' lang='lat' dir='ltr'><strong>aboleretque</strong></span> <span class='ocrx_word' id='word_1_545' title='bbox 3401 3399 3521 3439; x_wconf 89' lang='lat' dir='ltr'><strong>ser-</strong></span> 
     </span>
    </p>
   </div>
   <div class='ocr_carea' id='block_1_77' title="bbox 1933 3471 3520 3540">
    <p class='ocr_par' dir='ltr' id='par_1_77' title="bbox 1933 3471 3520 3540">
     <span class='ocr_line' id='line_1_77' title="bbox 1933 3471 3520 3540; baseline 0.004 -20"><span class='ocrx_word' id='word_1_546' title='bbox 1933 3471 2158 3523; x_wconf 82' lang='lat' dir='ltr'><strong>vitutem</strong></span> <span class='ocrx_word' id='word_1_547' title='bbox 2183 3491 2194 3525; x_wconf 89' lang='lat'><strong>:</strong></span> <span class='ocrx_word' id='word_1_548' title='bbox 2217 3472 2474 3540; x_wconf 85' lang='lat' dir='ltr'><strong>quoniam</strong></span> <span class='ocrx_word' id='word_1_549' title='bbox 2498 3475 2640 3528; x_wconf 83' lang='lat' dir='ltr'><strong>sicut</strong></span> <span class='ocrx_word' id='word_1_550' title='bbox 2663 3475 3019 3530; x_wconf 90' lang='lat' dir='ltr'><strong>circumcisus</strong></span> <span class='ocrx_word' id='word_1_551' title='bbox 3040 3474 3520 3530; x_wconf 83' lang='lat' dir='ltr'><strong>circumcisionem</strong></span> 
     </span>
    </p>
   </div>
   <div class='ocr_carea' id='block_1_78' title="bbox 1932 3563 3532 3638">
    <p class='ocr_par' dir='ltr' id='par_1_78' title="bbox 1932 3563 3532 3638">
     <span class='ocr_line' id='line_1_78' title="bbox 1932 3563 3532 3638; baseline 0.006 -22"><span class='ocrx_word' id='word_1_552' title='bbox 1932 3563 2167 3618; x_wconf 87' lang='lat' dir='ltr'><strong>abolevit</strong></span> <span class='ocrx_word' id='word_1_553' title='bbox 2196 3565 2261 3629; x_wconf 60' lang='grc' dir='ltr'>ίδ,</span> <span class='ocrx_word' id='word_1_554' title='bbox 2293 3567 2364 3620; x_wconf 91' lang='lat' dir='ltr'><strong>ita</strong></span> <span class='ocrx_word' id='word_1_555' title='bbox 2403 3567 2709 3635; x_wconf 80' lang='lat' dir='ltr'><strong>descriptus</strong></span> <span class='ocrx_word' id='word_1_556' title='bbox 2740 3569 2883 3623; x_wconf 90' lang='lat' dir='ltr'><strong>sicut</strong></span> <span class='ocrx_word' id='word_1_557' title='bbox 2944 3585 3159 3632; x_wconf 88' lang='lat' dir='ltr'><strong>servus,</strong></span> <span class='ocrx_word' id='word_1_558' title='bbox 3195 3570 3532 3638; x_wconf 69' lang='lat' dir='ltr'><strong>servitutem,</strong></span> 
     </span>
    </p>
   </div>
   <div class='ocr_carea' id='block_1_79' title="bbox 1932 3655 3522 3722">
    <p class='ocr_par' dir='ltr' id='par_1_79' title="bbox 1932 3655 3522 3722">
     <span class='ocr_line' id='line_1_79' title="bbox 1932 3655 3522 3722; baseline 0.006 -15"><span class='ocrx_word' id='word_1_559' title='bbox 1932 3665 2364 3713; x_wconf 71' lang='lat' dir='ltr'><strong>naturaenostra:</strong></span> <span class='ocrx_word' id='word_1_560' title='bbox 2397 3659 2654 3716; x_wconf 88' lang='lat' dir='ltr'><strong>abolevit.</strong></span> <span class='ocrx_word' id='word_1_561' title='bbox 2693 3661 2811 3716; x_wconf 85' lang='lat' dir='ltr'><strong>Non</strong></span> <span class='ocrx_word' id='word_1_562' title='bbox 2857 3663 3001 3722; x_wconf 91' lang='lat' dir='ltr'><strong>enim</strong></span> <span class='ocrx_word' id='word_1_563' title='bbox 3038 3663 3179 3717; x_wconf 86' lang='lat' dir='ltr'><strong>ultra</strong></span> <span class='ocrx_word' id='word_1_564' title='bbox 3213 3673 3342 3718; x_wconf 89' lang='lat' dir='ltr'><strong>sunt</strong></span> <span class='ocrx_word' id='word_1_565' title='bbox 3377 3655 3522 3719; x_wconf 88' lang='lat' dir='ltr'><strong>servi</strong></span> 
     </span>
    </p>
   </div>
   <div class='ocr_carea' id='block_1_80' title="bbox 1931 3748 3523 3827">
    <p class='ocr_par' dir='ltr' id='par_1_80' title="bbox 1931 3748 3523 3827">
     <span class='ocr_line' id='line_1_80' title="bbox 1931 3748 3523 3827; baseline 0.008 -27"><span class='ocrx_word' id='word_1_566' title='bbox 1931 3748 2235 3813; x_wconf 89' lang='lat' dir='ltr'><strong>hominum,</strong></span> <span class='ocrx_word' id='word_1_567' title='bbox 2269 3751 2360 3819; x_wconf 90' lang='lat' dir='ltr'><strong>qui</strong></span> <span class='ocrx_word' id='word_1_568' title='bbox 2423 3752 2652 3808; x_wconf 88' lang='lat' dir='ltr'><strong>Domino</strong></span> <span class='ocrx_word' id='word_1_569' title='bbox 2713 3757 2990 3821; x_wconf 88' lang='lat' dir='ltr'><strong>serviunt,</strong></span> <span class='ocrx_word' id='word_1_570' title='bbox 3041 3758 3186 3812; x_wconf 88' lang='lat' dir='ltr'><strong>sicut</strong></span> <span class='ocrx_word' id='word_1_571' title='bbox 3229 3758 3523 3827; x_wconf 82' lang='lat' dir='ltr'><strong>Apostolus</strong></span> 
     </span>
    </p>
   </div>
   <div class='ocr_carea' id='block_1_81' title="bbox 1934 3839 3521 3907">
    <p class='ocr_par' dir='ltr' id='par_1_81' title="bbox 1934 3839 3521 3907">
     <span class='ocr_line' id='line_1_81' title="bbox 1934 3839 3521 3907; baseline 0.008 -15"><span class='ocrx_word' id='word_1_572' title='bbox 1934 3839 2062 3894; x_wconf 91' lang='lat' dir='ltr'><strong>dicit</strong></span> <span class='ocrx_word' id='word_1_573' title='bbox 2090 3859 2101 3892; x_wconf 92' lang='lat'><strong>:</strong></span> <span class='ocrx_word' id='word_1_574' title='bbox 2145 3859 2162 3892; x_wconf 80' lang='grc' dir='ltr'><strong>ι</strong></span> <span class='ocrx_word' id='word_1_575' title='bbox 2186 3839 2362 3897; x_wconf 80' lang='lat' dir='ltr'><strong>Nolite</strong></span> <span class='ocrx_word' id='word_1_576' title='bbox 2383 3844 2498 3899; x_wconf 80' lang='lat' dir='ltr'><strong>ﬁeri</strong></span> <span class='ocrx_word' id='word_1_577' title='bbox 2525 3848 2666 3901; x_wconf 88' lang='lat' dir='ltr'><strong>servi</strong></span> <span class='ocrx_word' id='word_1_578' title='bbox 2685 3845 2971 3903; x_wconf 88' lang='lat' dir='ltr'><strong>hominum</strong></span> <span class='ocrx_word' id='word_1_579' title='bbox 2995 3850 3038 3880; x_wconf 83' lang='lat'><strong>“&#39;</strong></span> <span class='ocrx_word' id='word_1_580' title='bbox 3071 3869 3083 3902; x_wconf 90' lang='lat'><strong>:</strong></span> <span class='ocrx_word' id='word_1_581' title='bbox 3116 3869 3136 3903; x_wconf 75' lang='grc' dir='ltr'><strong>ι</strong></span> <span class='ocrx_word' id='word_1_582' title='bbox 3177 3851 3271 3905; x_wconf 88' lang='lat' dir='ltr'><strong>sed</strong></span> <span class='ocrx_word' id='word_1_583' title='bbox 3302 3852 3521 3907; x_wconf 80' lang='lat' dir='ltr'><strong>tametsi</strong></span> 
     </span>
    </p>
   </div>
   <div class='ocr_carea' id='block_1_82' title="bbox 1929 3933 3520 4010">
    <p class='ocr_par' dir='ltr' id='par_1_82' title="bbox 1929 3933 3520 4010">
     <span class='ocr_line' id='line_1_82' title="bbox 1929 3933 3520 4010; baseline 0.008 -26"><span class='ocrx_word' id='word_1_584' title='bbox 1929 3945 2157 4000; x_wconf 90' lang='lat' dir='ltr'><strong>corpore</strong></span> <span class='ocrx_word' id='word_1_585' title='bbox 2203 3933 2374 3989; x_wconf 88' lang='lat' dir='ltr'><strong>simus</strong></span> <span class='ocrx_word' id='word_1_586' title='bbox 2435 3938 2598 4004; x_wconf 89' lang='lat' dir='ltr'><strong>servi,</strong></span> <span class='ocrx_word' id='word_1_587' title='bbox 2637 3940 2829 4008; x_wconf 89' lang='lat' dir='ltr'><strong>spiritu</strong></span> <span class='ocrx_word' id='word_1_588' title='bbox 2893 3951 3070 3997; x_wconf 90' lang='lat' dir='ltr'><strong>tamen</strong></span> <span class='ocrx_word' id='word_1_589' title='bbox 3111 3959 3299 3998; x_wconf 88' lang='lat' dir='ltr'><strong>sumus</strong></span> <span class='ocrx_word' id='word_1_590' title='bbox 3344 3944 3520 4010; x_wconf 86' lang='lat' dir='ltr'><strong>liberi,</strong></span> 
     </span>
    </p>
   </div>
   <div class='ocr_carea' id='block_1_83' title="bbox 1931 4028 3524 4097">
    <p class='ocr_par' dir='ltr' id='par_1_83' title="bbox 1931 4028 3524 4097">
     <span class='ocr_line' id='line_1_83' title="bbox 1931 4028 3524 4097; baseline 0.011 -23"><span class='ocrx_word' id='word_1_591' title='bbox 1931 4037 2105 4091; x_wconf 89' lang='lat' dir='ltr'><strong>neque</strong></span> <span class='ocrx_word' id='word_1_592' title='bbox 2162 4040 2284 4079; x_wconf 91' lang='lat' dir='ltr'><strong>cum</strong></span> <span class='ocrx_word' id='word_1_593' title='bbox 2338 4028 2617 4097; x_wconf 86' lang='lat' dir='ltr'><strong>impietate</strong></span> <span class='ocrx_word' id='word_1_594' title='bbox 2675 4031 3018 4089; x_wconf 89' lang='lat' dir='ltr'><strong>dominorum</strong></span> <span class='ocrx_word' id='word_1_595' title='bbox 3099 4036 3262 4091; x_wconf 88' lang='lat' dir='ltr'><strong>simul</strong></span> <span class='ocrx_word' id='word_1_596' title='bbox 3299 4037 3524 4092; x_wconf 88' lang='lat' dir='ltr'><strong>abduci-</strong></span> 
     </span>
    </p>
   </div>
   <div class='ocr_carea' id='block_1_84' title="bbox 1930 4114 3518 4186">
    <p class='ocr_par' dir='ltr' id='par_1_84' title="bbox 1930 4114 3518 4186">
     <span class='ocr_line' id='line_1_84' title="bbox 1930 4114 3518 4186; baseline 0.012 -22"><span class='ocrx_word' id='word_1_597' title='bbox 1930 4128 2071 4166; x_wconf 88' lang='lat' dir='ltr'><strong>mur.</strong></span> <span class='ocrx_word' id='word_1_598' title='bbox 2133 4114 2555 4186; x_wconf 80' lang='lat' dir='ltr'><strong>Primogenilum</strong></span> <span class='ocrx_word' id='word_1_599' title='bbox 2607 4135 2734 4176; x_wconf 89' lang='lat' dir='ltr'><strong>vero</strong></span> <span class='ocrx_word' id='word_1_600' title='bbox 2781 4123 2979 4179; x_wconf 84' lang='lat' dir='ltr'><strong>Filium</strong></span> <span class='ocrx_word' id='word_1_601' title='bbox 3036 4128 3338 4182; x_wconf 84' lang='lat' dir='ltr'><strong>nominavit</strong></span> <span class='ocrx_word' id='word_1_602' title='bbox 3396 4129 3518 4184; x_wconf 82' lang='lat' dir='ltr'><strong>Vir—</strong></span> 
     </span>
    </p>
   </div>
   <div class='ocr_carea' id='block_1_85' title="bbox 1928 4205 3525 4292">
    <p class='ocr_par' dir='ltr' id='par_1_85' title="bbox 1928 4205 3525 4292">
     <span class='ocr_line' id='line_1_85' title="bbox 1928 4205 3525 4292; baseline 0.013 -35"><span class='ocrx_word' id='word_1_603' title='bbox 1928 4205 2072 4275; x_wconf 81' lang='lat' dir='ltr'><strong>ginis</strong></span> <span class='ocrx_word' id='word_1_604' title='bbox 2110 4207 2448 4278; x_wconf 66' lang='lat' dir='ltr'><strong>‘Dominum,</strong></span> <span class='ocrx_word' id='word_1_605' title='bbox 2507 4217 2759 4279; x_wconf 86' lang='lat' dir='ltr'><strong>quamvis</strong></span> <span class='ocrx_word' id='word_1_606' title='bbox 2817 4219 3026 4274; x_wconf 90' lang='lat' dir='ltr'><strong>nullum</strong></span> <span class='ocrx_word' id='word_1_607' title='bbox 3080 4223 3380 4275; x_wconf 87' lang='lat' dir='ltr'><strong>secundum</strong></span> <span class='ocrx_word' id='word_1_608' title='bbox 3429 4239 3525 4292; x_wconf 86' lang='lat' dir='ltr'><strong>pe-</strong></span> 
     </span>
    </p>
   </div>
   <div class='ocr_carea' id='block_1_86' title="bbox 1929 4297 3517 4381">
    <p class='ocr_par' dir='ltr' id='par_1_86' title="bbox 1929 4297 3517 4381">
     <span class='ocr_line' id='line_1_86' title="bbox 1929 4297 3517 4381; baseline 0.014 -33"><span class='ocrx_word' id='word_1_609' title='bbox 1929 4297 2092 4366; x_wconf 91' lang='lat' dir='ltr'><strong>perit.</strong></span> <span class='ocrx_word' id='word_1_610' title='bbox 2150 4299 2314 4370; x_wconf 90' lang='lat' dir='ltr'><strong>ldque</strong></span> <span class='ocrx_word' id='word_1_611' title='bbox 2369 4306 2585 4362; x_wconf 90' lang='lat' dir='ltr'><strong>merito.</strong></span> <span class='ocrx_word' id='word_1_612' title='bbox 2631 4307 3036 4380; x_wconf 84' lang='lat' dir='ltr'><strong>Primogeuitus</strong></span> <span class='ocrx_word' id='word_1_613' title='bbox 3097 4315 3243 4368; x_wconf 89' lang='lat' dir='ltr'><strong>enim</strong></span> <span class='ocrx_word' id='word_1_614' title='bbox 3299 4316 3517 4381; x_wconf 89' lang='lat' dir='ltr'><strong>dicitur,</strong></span> 
     </span>
    </p>
   </div>
   <div class='ocr_carea' id='block_1_87' title="bbox 1928 4389 3515 4475">
    <p class='ocr_par' dir='ltr' id='par_1_87' title="bbox 1928 4389 3515 4475">
     <span class='ocr_line' id='line_1_87' title="bbox 1928 4389 3515 4475; baseline 0.014 -35"><span class='ocrx_word' id='word_1_615' title='bbox 1928 4389 2018 4456; x_wconf 93' lang='lat' dir='ltr'><strong>qui</strong></span> <span class='ocrx_word' id='word_1_616' title='bbox 2052 4391 2259 4457; x_wconf 86' lang='lat' dir='ltr'><strong>primus</strong></span> <span class='ocrx_word' id='word_1_617' title='bbox 2294 4404 2453 4448; x_wconf 86' lang='lat' dir='ltr'><strong>natus</strong></span> <span class='ocrx_word' id='word_1_618' title='bbox 2482 4410 2585 4461; x_wconf 83' lang='lat' dir='ltr'><strong>e5t,</strong></span> <span class='ocrx_word' id='word_1_619' title='bbox 2623 4401 2837 4454; x_wconf 82' lang='lat' dir='ltr'><strong>etiamsi</strong></span> <span class='ocrx_word' id='word_1_620' title='bbox 2873 4418 2979 4456; x_wconf 88' lang='lat' dir='ltr'><strong>non</strong></span> <span class='ocrx_word' id='word_1_621' title='bbox 3035 4416 3294 4460; x_wconf 87' lang='lat' dir='ltr'><strong>nascatur</strong></span> <span class='ocrx_word' id='word_1_622' title='bbox 3329 4419 3515 4475; x_wconf 85' lang='lat' dir='ltr'><strong>postea</strong></span> 
     </span>
    </p>
   </div>
   <div class='ocr_carea' id='block_1_88' title="bbox 1929 4485 3520 4563">
    <p class='ocr_par' dir='ltr' id='par_1_88' title="bbox 1929 4485 3520 4563">
     <span class='ocr_line' id='line_1_88' title="bbox 1929 4485 3520 4563; baseline 0.013 -30"><span class='ocrx_word' id='word_1_623' title='bbox 1929 4485 2219 4538; x_wconf 90' lang='lat' dir='ltr'><strong>secundus.</strong></span> <span class='ocrx_word' id='word_1_624' title='bbox 2253 4485 2309 4538; x_wconf 84' lang='lat' dir='ltr'><strong>In</strong></span> <span class='ocrx_word' id='word_1_625' title='bbox 2335 4493 2658 4560; x_wconf 74' lang='lat' dir='ltr'><strong>prmsepium</strong></span> <span class='ocrx_word' id='word_1_626' title='bbox 2707 4503 2886 4549; x_wconf 85' lang='lat' dir='ltr'><strong>autem</strong></span> <span class='ocrx_word' id='word_1_627' title='bbox 2920 4497 3241 4563; x_wconf 87' lang='lat' dir='ltr'><strong>reclinatur,</strong></span> <span class='ocrx_word' id='word_1_628' title='bbox 3280 4500 3427 4554; x_wconf 81' lang='lat' dir='ltr'><strong>forte</strong></span> <span class='ocrx_word' id='word_1_629' title='bbox 3460 4512 3520 4555; x_wconf 90' lang='lat' dir='ltr'><strong>ut</strong></span> 
     </span>
    </p>
   </div>
   <div class='ocr_carea' id='block_1_89' title="bbox 233 4542 1826 4655">
    <p class='ocr_par' dir='ltr' id='par_1_89' title="bbox 233 4542 1821 4626">
     <span class='ocr_line' id='line_1_89' title="bbox 233 4542 1821 4626; baseline 0.01 -32"><span class='ocrx_word' id='word_1_630' title='bbox 233 4542 337 4595; x_wconf 76' lang='grc' dir='ltr'>κᾶν</span> <span class='ocrx_word' id='word_1_631' title='bbox 391 4543 468 4614; x_wconf 82' lang='grc' dir='ltr'>μὴ</span> <span class='ocrx_word' id='word_1_632' title='bbox 509 4543 760 4617; x_wconf 87' lang='grc' dir='ltr'>δεύτερος</span> <span class='ocrx_word' id='word_1_633' title='bbox 790 4549 1091 4620; x_wconf 72' lang='grc' dir='ltr'>ὲπετέχθηο</span> <span class='ocrx_word' id='word_1_634' title='bbox 1132 4555 1188 4604; x_wconf 81' lang='grc' dir='ltr'>ὲν</span> <span class='ocrx_word' id='word_1_635' title='bbox 1219 4555 1400 4626; x_wconf 83' lang='grc' dir='ltr'>φάτνῃ</span> <span class='ocrx_word' id='word_1_636' title='bbox 1451 4555 1509 4607; x_wconf 81' lang='grc' dir='ltr'><strong>δὲ</strong></span> <span class='ocrx_word' id='word_1_637' title='bbox 1557 4557 1821 4610; x_wconf 82' lang='grc' dir='ltr'>κατακλί-</span> 
     </span>
    </p>
   </div>
   <div class='ocr_carea' id='block_1_90' title="bbox 1935 4542 3515 4655">
    <p class='ocr_par' dir='ltr' id='par_1_90' title="bbox 1935 4542 3515 4655">
     <span class='ocr_line' id='line_1_90' title="bbox 2335 4542 3515 4563; baseline 0.011 -21"><span class='ocrx_word' id='word_1_638' title='bbox 2335 4542 2346 4554; x_wconf 84' lang='grc'><strong>,</strong></span> <span class='ocrx_word' id='word_1_639' title='bbox 2709 4542 2886 4549; x_wconf 47' lang='grc' dir='ltr'><strong>πη.--</strong></span> <span class='ocrx_word' id='word_1_640' title='bbox 2922 4542 3241 4563; x_wconf 56' lang='grc' dir='ltr'><strong>.νν....μ.,..,</strong></span> <span class='ocrx_word' id='word_1_641' title='bbox 3280 4542 3426 4554; x_wconf 69' lang='grc' dir='ltr'><strong>,νην</strong></span> <span class='ocrx_word' id='word_1_642' title='bbox 3462 4542 3515 4555; x_wconf 87' lang='grc'><strong>...</strong></span> 
     </span>
     <span class='ocr_line' id='line_1_91' title="bbox 1935 4575 3515 4655; baseline 0.013 -28"><span class='ocrx_word' id='word_1_643' title='bbox 1935 4575 2111 4627; x_wconf 82' lang='lat' dir='ltr'><strong>statim</strong></span> <span class='ocrx_word' id='word_1_644' title='bbox 2154 4577 2221 4629; x_wconf 89' lang='lat' dir='ltr'><strong>ab</strong></span> <span class='ocrx_word' id='word_1_645' title='bbox 2287 4578 2444 4634; x_wconf 90' lang='lat' dir='ltr'><strong>initio</strong></span> <span class='ocrx_word' id='word_1_646' title='bbox 2492 4582 2617 4635; x_wconf 68' lang='lat' dir='ltr'><strong>vitae</strong></span> <span class='ocrx_word' id='word_1_647' title='bbox 2661 4582 3026 4655; x_wconf 79' lang='lat' dir='ltr'><strong>frugalitath</strong></span> <span class='ocrx_word' id='word_1_648' title='bbox 3084 4605 3182 4646; x_wconf 87' lang='lat' dir='ltr'><strong>nos</strong></span> <span class='ocrx_word' id='word_1_649' title='bbox 3249 4592 3515 4648; x_wconf 88' lang='lat' dir='ltr'><strong>doceret:</strong></span> 
     </span>
    </p>
   </div>
   <div class='ocr_carea' id='block_1_91' title="bbox 230 4633 1821 4718">
    <p class='ocr_par' dir='ltr' id='par_1_91' title="bbox 230 4633 1821 4718">
     <span class='ocr_line' id='line_1_92' title="bbox 230 4633 1821 4718; baseline 0.011 -34"><span class='ocrx_word' id='word_1_650' title='bbox 230 4647 404 4695; x_wconf 87' lang='grc' dir='ltr'>νεται,</span> <span class='ocrx_word' id='word_1_651' title='bbox 439 4633 580 4703; x_wconf 86' lang='grc' dir='ltr'>τάχα</span> <span class='ocrx_word' id='word_1_652' title='bbox 614 4635 713 4704; x_wconf 86' lang='grc' dir='ltr'>μὲν</span> <span class='ocrx_word' id='word_1_653' title='bbox 760 4639 854 4690; x_wconf 73' lang='grc' dir='ltr'><strong>καὶ</strong></span> <span class='ocrx_word' id='word_1_654' title='bbox 881 4639 1164 4696; x_wconf 79' lang='grc' dir='ltr'>εὐτέλειαν</span> <span class='ocrx_word' id='word_1_655' title='bbox 1217 4645 1366 4713; x_wconf 80' lang='grc' dir='ltr'>ἡμᾶς</span> <span class='ocrx_word' id='word_1_656' title='bbox 1401 4644 1460 4708; x_wconf 79' lang='grc' dir='ltr'>ἐξ</span> <span class='ocrx_word' id='word_1_657' title='bbox 1490 4647 1666 4718; x_wconf 81' lang='grc' dir='ltr'>ἀρχῆς</span> <span class='ocrx_word' id='word_1_658' title='bbox 1692 4665 1821 4700; x_wconf 90' lang='grc' dir='ltr'>παι-</span> 
     </span>
    </p>
   </div>
   <div class='ocr_carea' id='block_1_92' title="bbox 229 4723 1811 4805">
    <p class='ocr_par' dir='ltr' id='par_1_92' title="bbox 229 4723 1811 4805">
     <span class='ocr_line' id='line_1_93' title="bbox 229 4723 1811 4805; baseline 0.013 -30"><span class='ocrx_word' id='word_1_659' title='bbox 229 4723 404 4777; x_wconf 86' lang='grc' dir='ltr'>δεύων</span> <span class='ocrx_word' id='word_1_660' title='bbox 445 4740 459 4755; x_wconf 91' lang='grc'><strong>·</strong></span> <span class='ocrx_word' id='word_1_661' title='bbox 507 4726 648 4798; x_wconf 89' lang='grc' dir='ltr'>τάχα</span> <span class='ocrx_word' id='word_1_662' title='bbox 711 4729 766 4782; x_wconf 86' lang='grc' dir='ltr'>δὲ</span> <span class='ocrx_word' id='word_1_663' title='bbox 819 4732 913 4784; x_wconf 85' lang='grc' dir='ltr'><strong>καὶ</strong></span> <span class='ocrx_word' id='word_1_664' title='bbox 973 4734 1317 4804; x_wconf 75' lang='grc' dir='ltr'>συμϐολικῶς</span> <span class='ocrx_word' id='word_1_665' title='bbox 1361 4738 1624 4794; x_wconf 85' lang='grc' dir='ltr'>δεικνύων</span> <span class='ocrx_word' id='word_1_666' title='bbox 1661 4781 1674 4805; x_wconf 91' lang='grc'><strong>,</strong></span> <span class='ocrx_word' id='word_1_667' title='bbox 1727 4743 1811 4795; x_wconf 87' lang='grc' dir='ltr'>ὅτι</span> 
     </span>
    </p>
   </div>
   <div class='ocr_carea' id='block_1_93' title="bbox 229 4815 1819 4902">
    <p class='ocr_par' dir='ltr' id='par_1_93' title="bbox 229 4815 1819 4902">
     <span class='ocr_line' id='line_1_94' title="bbox 229 4815 1819 4902; baseline 0.011 -36"><span class='ocrx_word' id='word_1_668' title='bbox 229 4815 548 4886; x_wconf 81' lang='grc' dir='ltr'>ἐπεδήμησε</span> <span class='ocrx_word' id='word_1_669' title='bbox 593 4819 670 4889; x_wconf 85' lang='grc' dir='ltr'>τῷ</span> <span class='ocrx_word' id='word_1_670' title='bbox 721 4821 913 4892; x_wconf 83' lang='grc' dir='ltr'>κόσμῳ</span> <span class='ocrx_word' id='word_1_671' title='bbox 941 4824 1138 4897; x_wconf 83' lang='grc' dir='ltr'>τούτῳ,</span> <span class='ocrx_word' id='word_1_672' title='bbox 1179 4827 1330 4898; x_wconf 83' lang='grc' dir='ltr'>τόπῳ</span> <span class='ocrx_word' id='word_1_673' title='bbox 1366 4829 1482 4882; x_wconf 82' lang='grc' dir='ltr'>ὄντι</span> <span class='ocrx_word' id='word_1_674' title='bbox 1523 4832 1680 4902; x_wconf 80' lang='grc' dir='ltr'>ἡμῶν</span> <span class='ocrx_word' id='word_1_675' title='bbox 1710 4833 1819 4888; x_wconf 85' lang='grc' dir='ltr'><strong>τῶν</strong></span> 
     </span>
    </p>
   </div>
   <div class='ocr_carea' id='block_1_94' title="bbox 226 4908 1818 4998">
    <p class='ocr_par' dir='ltr' id='par_1_94' title="bbox 226 4908 1818 4998">
     <span class='ocr_line' id='line_1_95' title="bbox 226 4908 1818 4998; baseline 0.014 -41"><span class='ocrx_word' id='word_1_676' title='bbox 226 4909 341 4967; x_wconf 86' lang='grc' dir='ltr'>τοῖς</span> <span class='ocrx_word' id='word_1_677' title='bbox 397 4908 617 4977; x_wconf 80' lang='grc' dir='ltr'>ἀλόγοις</span> <span class='ocrx_word' id='word_1_678' title='bbox 665 4915 923 4983; x_wconf 82' lang='grc' dir='ltr'>κτήνεσιν</span> <span class='ocrx_word' id='word_1_679' title='bbox 976 4919 1394 4988; x_wconf 85' lang='grc' dir='ltr'>ὁμοιωθέντων·</span> <span class='ocrx_word' id='word_1_680' title='bbox 1424 4922 1615 4995; x_wconf 86' lang='grc' dir='ltr'>ὥσπερ</span> <span class='ocrx_word' id='word_1_681' title='bbox 1650 4926 1818 4998; x_wconf 85' lang='grc' dir='ltr'>γὰρή</span> 
     </span>
    </p>
   </div>
   <div class='ocr_carea' id='block_1_95' title="bbox 228 5000 1814 5088">
    <p class='ocr_par' dir='ltr' id='par_1_95' title="bbox 228 5000 1814 5088">
     <span class='ocr_line' id='line_1_96' title="bbox 228 5000 1814 5088; baseline 0.014 -38"><span class='ocrx_word' id='word_1_682' title='bbox 228 5000 405 5068; x_wconf 74' lang='grc' dir='ltr'>φάτνῃ</span> <span class='ocrx_word' id='word_1_683' title='bbox 426 5000 538 5054; x_wconf 85' lang='grc' dir='ltr'>τῶν</span> <span class='ocrx_word' id='word_1_684' title='bbox 563 5003 773 5072; x_wconf 80' lang='grc' dir='ltr'>ἀλόγων</span> <span class='ocrx_word' id='word_1_685' title='bbox 803 5010 1005 5072; x_wconf 83' lang='grc' dir='ltr'>οἰκεῖος</span> <span class='ocrx_word' id='word_1_686' title='bbox 1030 5012 1218 5076; x_wconf 84' lang='grc' dir='ltr'>τόπος,</span> <span class='ocrx_word' id='word_1_687' title='bbox 1252 5012 1400 5066; x_wconf 81' lang='grc' dir='ltr'>οὕτω</span> <span class='ocrx_word' id='word_1_688' title='bbox 1431 5015 1528 5072; x_wconf 73' lang='grc' dir='ltr'><strong>καὶ</strong></span> <span class='ocrx_word' id='word_1_689' title='bbox 1551 5017 1578 5068; x_wconf 93' lang='lat'><strong>6</strong></span> <span class='ocrx_word' id='word_1_690' title='bbox 1613 5019 1814 5088; x_wconf 77' lang='grc' dir='ltr'>κόσμος</span> 
     </span>
    </p>
   </div>
   <div class='ocr_carea' id='block_1_96' title="bbox 226 5085 1810 5179">
    <p class='ocr_par' dir='ltr' id='par_1_96' title="bbox 226 5085 1810 5179">
     <span class='ocr_line' id='line_1_97' title="bbox 226 5085 1810 5179; baseline 0.012 -35"><span class='ocrx_word' id='word_1_691' title='bbox 226 5085 382 5154; x_wconf 70' lang='grc' dir='ltr'>οὗτος</span> <span class='ocrx_word' id='word_1_692' title='bbox 405 5094 565 5162; x_wconf 85' lang='grc' dir='ltr'>ἡμῶν</span> <span class='ocrx_word' id='word_1_693' title='bbox 598 5113 610 5124; x_wconf 74' lang='grc'><strong><em>⁸</em></strong></span> <span class='ocrx_word' id='word_1_694' title='bbox 637 5095 785 5152; x_wconf 78' lang='grc' dir='ltr'>ἐστιν</span> <span class='ocrx_word' id='word_1_695' title='bbox 836 5095 929 5155; x_wconf 81' lang='grc' dir='ltr'><strong>οὖν</strong></span> <span class='ocrx_word' id='word_1_696' title='bbox 966 5104 998 5172; x_wconf 82' lang='grc' dir='ltr'><strong>ή</strong></span> <span class='ocrx_word' id='word_1_697' title='bbox 1031 5105 1232 5174; x_wconf 80' lang='grc' dir='ltr'>φάτνῃ,</span> <span class='ocrx_word' id='word_1_698' title='bbox 1273 5105 1301 5156; x_wconf 92' lang='lat'><strong>6</strong></span> <span class='ocrx_word' id='word_1_699' title='bbox 1332 5106 1538 5178; x_wconf 87' lang='grc' dir='ltr'>κόσμος</span> <span class='ocrx_word' id='word_1_700' title='bbox 1571 5125 1584 5139; x_wconf 75' lang='grc' dir='ltr'><strong>ο</strong></span> <span class='ocrx_word' id='word_1_701' title='bbox 1623 5085 1810 5179; x_wconf 79' lang='grc' dir='ltr'>ἡμεῖς,</span> 
     </span>
    </p>
   </div>
   <div class='ocr_carea' id='block_1_97' title="bbox 223 5185 1810 5270">
    <p class='ocr_par' dir='ltr' id='par_1_97' title="bbox 223 5185 1810 5270">
     <span class='ocr_line' id='line_1_98' title="bbox 223 5185 1810 5270; baseline 0.014 -34"><span class='ocrx_word' id='word_1_702' title='bbox 223 5187 290 5237; x_wconf 76' lang='grc' dir='ltr'>τὰ</span> <span class='ocrx_word' id='word_1_703' title='bbox 314 5185 485 5253; x_wconf 81' lang='grc' dir='ltr'>ἄλογα</span> <span class='ocrx_word' id='word_1_704' title='bbox 515 5205 530 5219; x_wconf 81' lang='grc'><strong><em>-</em></strong></span> <span class='ocrx_word' id='word_1_705' title='bbox 563 5189 648 5242; x_wconf 77' lang='grc' dir='ltr'><strong>ἵνα</strong></span> <span class='ocrx_word' id='word_1_706' title='bbox 673 5190 727 5244; x_wconf 70' lang='grc' dir='ltr'>δὲ</span> <span class='ocrx_word' id='word_1_707' title='bbox 760 5194 906 5263; x_wconf 73' lang='grc' dir='ltr'>ἡμᾶς</span> <span class='ocrx_word' id='word_1_708' title='bbox 929 5194 1277 5268; x_wconf 83' lang='grc' dir='ltr'>λυτρώσηται</span> <span class='ocrx_word' id='word_1_709' title='bbox 1309 5200 1408 5268; x_wconf 82' lang='grc' dir='ltr'>τῆς</span> <span class='ocrx_word' id='word_1_710' title='bbox 1435 5201 1683 5270; x_wconf 85' lang='grc' dir='ltr'>ἀλογίας,</span> <span class='ocrx_word' id='word_1_711' title='bbox 1717 5205 1810 5258; x_wconf 71' lang='grc' dir='ltr'>διὰ</span> 
     </span>
    </p>
   </div>
   <div class='ocr_carea' id='block_1_98' title="bbox 225 5276 1038 5352">
    <p class='ocr_par' dir='ltr' id='par_1_98' title="bbox 225 5276 1038 5352">
     <span class='ocr_line' id='line_1_99' title="bbox 225 5276 1038 5352; baseline 0.018 -25"><span class='ocrx_word' id='word_1_712' title='bbox 225 5276 382 5330; x_wconf 85' lang='grc' dir='ltr'>τοῦτο</span> <span class='ocrx_word' id='word_1_713' title='bbox 409 5279 642 5334; x_wconf 73' lang='grc' dir='ltr'>ἐνταῦθα</span> <span class='ocrx_word' id='word_1_714' title='bbox 682 5288 1038 5352; x_wconf 88' lang='grc' dir='ltr'>παρεγένετο.</span> 
     </span>
    </p>
   </div>
   <div class='ocr_carea' id='block_1_99' title="bbox 302 5371 1812 5461">
    <p class='ocr_par' dir='ltr' id='par_1_99' title="bbox 302 5371 1812 5461">
     <span class='ocr_line' id='line_1_100' title="bbox 302 5371 1812 5461; baseline 0.017 -43"><span class='ocrx_word' id='word_1_715' title='bbox 302 5385 322 5418; x_wconf 74' lang='grc' dir='ltr'><strong>ι</strong></span> <span class='ocrx_word' id='word_1_716' title='bbox 365 5371 476 5422; x_wconf 69' lang='grc' dir='ltr'>Καὶ</span> <span class='ocrx_word' id='word_1_717' title='bbox 510 5376 767 5443; x_wconf 86' lang='grc' dir='ltr'>ποιμένες</span> <span class='ocrx_word' id='word_1_718' title='bbox 796 5373 936 5448; x_wconf 84' lang='grc' dir='ltr'>ἦσαν</span> <span class='ocrx_word' id='word_1_719' title='bbox 965 5382 1022 5433; x_wconf 77' lang='grc' dir='ltr'>ἐν</span> <span class='ocrx_word' id='word_1_720' title='bbox 1066 5384 1132 5451; x_wconf 84' lang='grc' dir='ltr'>τῇ</span> <span class='ocrx_word' id='word_1_721' title='bbox 1165 5385 1316 5455; x_wconf 75' lang='grc' dir='ltr'>χώρᾳ</span> <span class='ocrx_word' id='word_1_722' title='bbox 1339 5390 1404 5458; x_wconf 86' lang='grc' dir='ltr'>τῇ</span> <span class='ocrx_word' id='word_1_723' title='bbox 1439 5389 1573 5459; x_wconf 78' lang='grc' dir='ltr'>αὐτῇ</span> <span class='ocrx_word' id='word_1_724' title='bbox 1602 5392 1812 5461; x_wconf 82' lang='grc' dir='ltr'>ἀγραυ-</span> 
     </span>
    </p>
   </div>
   <div class='ocr_carea' id='block_1_100' title="bbox 224 5460 1808 5548">
    <p class='ocr_par' dir='ltr' id='par_1_100' title="bbox 224 5460 1808 5548">
     <span class='ocr_line' id='line_1_101' title="bbox 224 5460 1808 5548; baseline 0.016 -38"><span class='ocrx_word' id='word_1_725' title='bbox 224 5460 464 5524; x_wconf 75' lang='grc' dir='ltr'>λοῦντες,</span> <span class='ocrx_word' id='word_1_726' title='bbox 501 5467 592 5516; x_wconf 77' lang='grc' dir='ltr'><strong>καὶ</strong></span> <span class='ocrx_word' id='word_1_727' title='bbox 634 5467 1002 5533; x_wconf 82' lang='grc' dir='ltr'>φυλάσσοντες</span> <span class='ocrx_word' id='word_1_728' title='bbox 1046 5474 1296 5540; x_wconf 80' lang='grc' dir='ltr'>φυλακὰς</span> <span class='ocrx_word' id='word_1_729' title='bbox 1348 5479 1446 5548; x_wconf 79' lang='grc' dir='ltr'>τῆς</span> <span class='ocrx_word' id='word_1_730' title='bbox 1476 5483 1670 5545; x_wconf 77' lang='grc' dir='ltr'>νυκτὸς</span> <span class='ocrx_word' id='word_1_731' title='bbox 1716 5485 1808 5536; x_wconf 78' lang='grc' dir='ltr'>ἐπὶ</span> 
     </span>
    </p>
   </div>
   <div class='ocr_carea' id='block_1_101' title="bbox 223 5552 1804 5642">
    <p class='ocr_par' dir='ltr' id='par_1_101' title="bbox 223 5552 1804 5642">
     <span class='ocr_line' id='line_1_102' title="bbox 223 5552 1804 5642; baseline 0.018 -41"><span class='ocrx_word' id='word_1_732' title='bbox 223 5552 321 5618; x_wconf 78' lang='grc' dir='ltr'>τὴν</span> <span class='ocrx_word' id='word_1_733' title='bbox 358 5555 599 5624; x_wconf 85' lang='grc' dir='ltr'>ποίμνην</span> <span class='ocrx_word' id='word_1_734' title='bbox 649 5559 847 5621; x_wconf 78' lang='grc' dir='ltr'>αὐτῶν.</span> <span class='ocrx_word' id='word_1_735' title='bbox 881 5564 974 5614; x_wconf 77' lang='grc' dir='ltr'><strong>καὶ</strong></span> <span class='ocrx_word' id='word_1_736' title='bbox 1027 5565 1136 5619; x_wconf 76' lang='grc' dir='ltr'>ἰδοὺ</span> <span class='ocrx_word' id='word_1_737' title='bbox 1183 5567 1414 5636; x_wconf 88' lang='grc' dir='ltr'>ἅγγελος</span> <span class='ocrx_word' id='word_1_738' title='bbox 1452 5574 1657 5642; x_wconf 83' lang='grc' dir='ltr'>Κυρίου</span> <span class='ocrx_word' id='word_1_739' title='bbox 1705 5579 1804 5629; x_wconf 69' lang='grc' dir='ltr'><strong>ἐπι</strong></span> 
     </span>
    </p>
   </div>
   <div class='ocr_carea' id='block_1_102' title="bbox 218 5640 1802 5734">
    <p class='ocr_par' dir='ltr' id='par_1_102' title="bbox 218 5640 1802 5734">
     <span class='ocr_line' id='line_1_103' title="bbox 218 5640 1802 5734; baseline 0.018 -40"><span class='ocrx_word' id='word_1_740' title='bbox 218 5640 350 5713; x_wconf 75' lang='grc' dir='ltr'>έστη</span> <span class='ocrx_word' id='word_1_741' title='bbox 383 5648 564 5712; x_wconf 77' lang='grc' dir='ltr'>αὐτοῖς</span> <span class='ocrx_word' id='word_1_742' title='bbox 601 5667 613 5678; x_wconf 90' lang='grc'><strong>·</strong></span> <span class='ocrx_word' id='word_1_743' title='bbox 647 5653 740 5703; x_wconf 81' lang='grc' dir='ltr'><strong>καὶ</strong></span> <span class='ocrx_word' id='word_1_744' title='bbox 765 5653 888 5721; x_wconf 79' lang='grc' dir='ltr'>δόξα</span> <span class='ocrx_word' id='word_1_745' title='bbox 929 5658 1134 5728; x_wconf 82' lang='grc' dir='ltr'>Κυρίου</span> <span class='ocrx_word' id='word_1_746' title='bbox 1164 5664 1536 5732; x_wconf 70' lang='grc' dir='ltr'>περιέλαμψεν</span> <span class='ocrx_word' id='word_1_747' title='bbox 1567 5669 1765 5734; x_wconf 86' lang='grc' dir='ltr'>αὐτούς</span> <span class='ocrx_word' id='word_1_748' title='bbox 1788 5686 1802 5700; x_wconf 82' lang='grc'><strong><em>⁸</em></strong></span> 
     </span>
    </p>
   </div>
   <div class='ocr_carea' id='block_1_103' title="bbox 298 5820 1267 5903">
    <p class='ocr_par' dir='ltr' id='par_1_103' title="bbox 298 5820 1267 5903">
     <span class='ocr_line' id='line_1_104' title="bbox 298 5820 1267 5903; baseline 0.023 -31"><span class='ocrx_word' id='word_1_749' title='bbox 298 5820 341 5850; x_wconf 79' lang='grc'><strong>²³</strong></span> <span class='ocrx_word' id='word_1_750' title='bbox 384 5820 546 5878; x_wconf 70' lang='grc' dir='ltr'><strong>Μὶςῐι.</strong></span> <span class='ocrx_word' id='word_1_751' title='bbox 586 5840 634 5889; x_wconf 82' lang='lat' dir='ltr'><strong>v,</strong></span> <span class='ocrx_word' id='word_1_752' title='bbox 669 5827 722 5880; x_wconf 72' lang='lat'><strong>9.</strong></span> <span class='ocrx_word' id='word_1_753' title='bbox 803 5830 845 5862; x_wconf 58' lang='grc' dir='ltr'>’θ</span> <span class='ocrx_word' id='word_1_754' title='bbox 887 5831 1068 5890; x_wconf 80' lang='lat' dir='ltr'><strong>Galat.</strong></span> <span class='ocrx_word' id='word_1_755' title='bbox 1109 5855 1160 5903; x_wconf 90' lang='lat' dir='ltr'><strong>v,</strong></span> <span class='ocrx_word' id='word_1_756' title='bbox 1215 5840 1267 5894; x_wconf 81' lang='grc'><strong>5.</strong></span> 
     </span>
    </p>
   </div>
   <div class='ocr_carea' id='block_1_104' title="bbox 1353 5844 1892 5916">
    <p class='ocr_par' dir='ltr' id='par_1_104' title="bbox 1353 5844 1892 5916">
     <span class='ocr_line' id='line_1_105' title="bbox 1353 5844 1892 5916; baseline 0.017 -20"><span class='ocrx_word' id='word_1_757' title='bbox 1353 5844 1394 5873; x_wconf 81' lang='grc'><strong>¹⁵</strong></span> <span class='ocrx_word' id='word_1_758' title='bbox 1431 5844 1447 5897; x_wconf 93' lang='lat' dir='ltr'><strong>l</strong></span> <span class='ocrx_word' id='word_1_759' title='bbox 1497 5845 1621 5900; x_wconf 81' lang='lat' dir='ltr'><strong>Cor.</strong></span> <span class='ocrx_word' id='word_1_760' title='bbox 1671 5862 1766 5916; x_wconf 84' lang='lat' dir='ltr'><strong>vn,</strong></span> <span class='ocrx_word' id='word_1_761' title='bbox 1803 5849 1892 5906; x_wconf 74' lang='grc'><strong>25.</strong></span> 
     </span>
    </p>
   </div>
   <div class='ocr_carea' id='block_1_105' title="bbox 1929 4662 3522 4753">
    <p class='ocr_par' dir='ltr' id='par_1_105' title="bbox 1929 4662 3522 4753">
     <span class='ocr_line' id='line_1_106' title="bbox 1929 4662 3522 4753; baseline 0.013 -38"><span class='ocrx_word' id='word_1_762' title='bbox 1929 4662 2067 4720; x_wconf 80' lang='lat' dir='ltr'><strong>forte</strong></span> <span class='ocrx_word' id='word_1_763' title='bbox 2094 4667 2258 4720; x_wconf 87' lang='lat' dir='ltr'><strong>etiam</strong></span> <span class='ocrx_word' id='word_1_764' title='bbox 2289 4672 2523 4738; x_wconf 87' lang='lat' dir='ltr'><strong>quodam</strong></span> <span class='ocrx_word' id='word_1_765' title='bbox 2562 4674 2810 4745; x_wconf 76' lang='lat' dir='ltr'><strong>symbolo</strong></span> <span class='ocrx_word' id='word_1_766' title='bbox 2836 4679 3134 4734; x_wconf 85' lang='lat' dir='ltr'><strong>declaravit</strong></span> <span class='ocrx_word' id='word_1_767' title='bbox 3176 4685 3319 4752; x_wconf 88' lang='lat' dir='ltr'><strong>quod</strong></span> <span class='ocrx_word' id='word_1_768' title='bbox 3363 4699 3522 4753; x_wconf 69' lang='lat' dir='ltr'><strong>perc.-</strong></span> 
     </span>
    </p>
   </div>
   <div class='ocr_carea' id='block_1_106' title="bbox 1926 4755 3514 4843">
    <p class='ocr_par' dir='ltr' id='par_1_106' title="bbox 1926 4755 3514 4843">
     <span class='ocr_line' id='line_1_107' title="bbox 1926 4755 3514 4843; baseline 0.016 -37"><span class='ocrx_word' id='word_1_769' title='bbox 1926 4755 2175 4824; x_wconf 83' lang='lat' dir='ltr'><strong>grinatus</strong></span> <span class='ocrx_word' id='word_1_770' title='bbox 2209 4760 2281 4814; x_wconf 91' lang='lat' dir='ltr'><strong>sit</strong></span> <span class='ocrx_word' id='word_1_771' title='bbox 2341 4761 2391 4815; x_wconf 92' lang='lat' dir='ltr'><strong>in</strong></span> <span class='ocrx_word' id='word_1_772' title='bbox 2429 4764 2532 4818; x_wconf 91' lang='lat' dir='ltr'><strong>hoc</strong></span> <span class='ocrx_word' id='word_1_773' title='bbox 2569 4767 2788 4833; x_wconf 88' lang='lat' dir='ltr'><strong>mundo,</strong></span> <span class='ocrx_word' id='word_1_774' title='bbox 2827 4770 2919 4838; x_wconf 92' lang='lat' dir='ltr'><strong>qui</strong></span> <span class='ocrx_word' id='word_1_775' title='bbox 2966 4771 3117 4828; x_wconf 92' lang='lat' dir='ltr'><strong>locus</strong></span> <span class='ocrx_word' id='word_1_776' title='bbox 3172 4784 3362 4830; x_wconf 90' lang='lat' dir='ltr'><strong>noster</strong></span> <span class='ocrx_word' id='word_1_777' title='bbox 3409 4787 3514 4843; x_wconf 89' lang='lat' dir='ltr'><strong>est,</strong></span> 
     </span>
    </p>
   </div>
   <div class='ocr_carea' id='block_1_107' title="bbox 1926 4847 3516 4927">
    <p class='ocr_par' dir='ltr' id='par_1_107' title="bbox 1926 4847 3516 4927">
     <span class='ocr_line' id='line_1_108' title="bbox 1926 4847 3516 4927; baseline 0.014 -30"><span class='ocrx_word' id='word_1_778' title='bbox 1926 4847 2015 4913; x_wconf 83' lang='lat' dir='ltr'><strong>qui</strong></span> <span class='ocrx_word' id='word_1_779' title='bbox 2042 4848 2213 4903; x_wconf 90' lang='lat' dir='ltr'><strong>brutis</strong></span> <span class='ocrx_word' id='word_1_780' title='bbox 2247 4851 2616 4911; x_wconf 87' lang='lat' dir='ltr'><strong>animantibus</strong></span> <span class='ocrx_word' id='word_1_781' title='bbox 2635 4863 2934 4927; x_wconf 87' lang='lat' dir='ltr'><strong>comparati</strong></span> <span class='ocrx_word' id='word_1_782' title='bbox 2955 4865 3339 4921; x_wconf 90' lang='lat' dir='ltr'><strong>sumus.Sicut</strong></span> <span class='ocrx_word' id='word_1_783' title='bbox 3368 4869 3516 4922; x_wconf 90' lang='lat' dir='ltr'><strong>enim</strong></span> 
     </span>
    </p>
   </div>
   <div class='ocr_carea' id='block_1_108' title="bbox 1925 4944 3517 5022">
    <p class='ocr_par' dir='ltr' id='par_1_108' title="bbox 1925 4944 3517 5022">
     <span class='ocr_line' id='line_1_109' title="bbox 1925 4944 3517 5022; baseline 0.015 -32"><span class='ocrx_word' id='word_1_784' title='bbox 1925 4952 2167 5009; x_wconf 63' lang='lat' dir='ltr'><strong>praesepe</strong></span> <span class='ocrx_word' id='word_1_785' title='bbox 2195 4944 2741 5012; x_wconf 90' lang='lat' dir='ltr'><strong>propriusbrutorum</strong></span> <span class='ocrx_word' id='word_1_786' title='bbox 2771 4951 2922 5010; x_wconf 76' lang='lat' dir='ltr'><strong>locns</strong></span> <span class='ocrx_word' id='word_1_787' title='bbox 2953 4965 3056 5022; x_wconf 75' lang='grc' dir='ltr'>εει,</span> <span class='ocrx_word' id='word_1_788' title='bbox 3082 4957 3153 5011; x_wconf 88' lang='lat' dir='ltr'><strong>ita</strong></span> <span class='ocrx_word' id='word_1_789' title='bbox 3177 4959 3337 5015; x_wconf 90' lang='lat' dir='ltr'><strong>nobis</strong></span> <span class='ocrx_word' id='word_1_790' title='bbox 3359 4960 3517 5014; x_wconf 91' lang='lat' dir='ltr'><strong>locus</strong></span> 
     </span>
    </p>
   </div>
   <div class='ocr_carea' id='block_1_109' title="bbox 1924 5035 3515 5120">
    <p class='ocr_par' dir='ltr' id='par_1_109' title="bbox 1924 5035 3515 5120">
     <span class='ocr_line' id='line_1_110' title="bbox 1924 5035 3515 5120; baseline 0.014 -37"><span class='ocrx_word' id='word_1_791' title='bbox 1924 5035 2185 5102; x_wconf 88' lang='lat' dir='ltr'><strong>pr0prius</strong></span> <span class='ocrx_word' id='word_1_792' title='bbox 2219 5047 2302 5092; x_wconf 90' lang='lat' dir='ltr'><strong>est</strong></span> <span class='ocrx_word' id='word_1_793' title='bbox 2349 5040 2621 5106; x_wconf 84' lang='lat' dir='ltr'><strong>mundus;</strong></span> <span class='ocrx_word' id='word_1_794' title='bbox 2652 5048 2888 5102; x_wconf 88' lang='lat' dir='ltr'><strong>mundus</strong></span> <span class='ocrx_word' id='word_1_795' title='bbox 2925 5048 3110 5118; x_wconf 87' lang='lat' dir='ltr'><strong>itaque</strong></span> <span class='ocrx_word' id='word_1_796' title='bbox 3140 5066 3383 5120; x_wconf 77' lang='lat' dir='ltr'><strong>przesepe</strong></span> <span class='ocrx_word' id='word_1_797' title='bbox 3413 5065 3515 5120; x_wconf 73' lang='lat' dir='ltr'><strong>cst,</strong></span> 
     </span>
    </p>
   </div>
   <div class='ocr_carea' id='block_1_110' title="bbox 1924 5130 3515 5200">
    <p class='ocr_par' dir='ltr' id='par_1_110' title="bbox 1924 5130 3515 5200">
     <span class='ocr_line' id='line_1_111' title="bbox 1924 5130 3515 5200; baseline 0.014 -23"><span class='ocrx_word' id='word_1_798' title='bbox 1924 5140 2021 5179; x_wconf 89' lang='lat' dir='ltr'><strong>nos</strong></span> <span class='ocrx_word' id='word_1_799' title='bbox 2047 5139 2176 5180; x_wconf 90' lang='lat' dir='ltr'><strong>vero</strong></span> <span class='ocrx_word' id='word_1_800' title='bbox 2199 5130 2390 5185; x_wconf 88' lang='lat' dir='ltr'><strong>bruta:</strong></span> <span class='ocrx_word' id='word_1_801' title='bbox 2427 5141 2684 5189; x_wconf 86' lang='lat' dir='ltr'><strong>utautem</strong></span> <span class='ocrx_word' id='word_1_802' title='bbox 2710 5153 2806 5192; x_wconf 91' lang='lat' dir='ltr'><strong>nos</strong></span> <span class='ocrx_word' id='word_1_803' title='bbox 2858 5143 3194 5200; x_wconf 89' lang='lat' dir='ltr'><strong>redimereta</strong></span> <span class='ocrx_word' id='word_1_804' title='bbox 3229 5147 3515 5200; x_wconf 88' lang='lat' dir='ltr'><strong>brutorum</strong></span> 
     </span>
    </p>
   </div>
   <div class='ocr_carea' id='block_1_111' title="bbox 1926 5219 3517 5305">
    <p class='ocr_par' dir='ltr' id='par_1_111' title="bbox 1926 5219 3517 5305">
     <span class='ocr_line' id='line_1_112' title="bbox 1926 5219 3517 5305; baseline 0.016 -38"><span class='ocrx_word' id='word_1_805' title='bbox 1926 5230 2088 5269; x_wconf 86' lang='lat' dir='ltr'><strong>sensu</strong></span> <span class='ocrx_word' id='word_1_806' title='bbox 2109 5227 2165 5271; x_wconf 90' lang='lat' dir='ltr'><strong>et</strong></span> <span class='ocrx_word' id='word_1_807' title='bbox 2186 5219 2690 5294; x_wconf 86' lang='lat' dir='ltr'><strong>irrationabilitate,</strong></span> <span class='ocrx_word' id='word_1_808' title='bbox 2717 5241 3006 5301; x_wconf 84' lang='lat' dir='ltr'><strong>propterea</strong></span> <span class='ocrx_word' id='word_1_809' title='bbox 3041 5245 3094 5290; x_wconf 94' lang='lat' dir='ltr'><strong>ct</strong></span> <span class='ocrx_word' id='word_1_810' title='bbox 3128 5235 3242 5305; x_wconf 90' lang='lat' dir='ltr'><strong>ipse</strong></span> <span class='ocrx_word' id='word_1_811' title='bbox 3274 5237 3363 5292; x_wconf 84' lang='lat' dir='ltr'><strong>tali</strong></span> <span class='ocrx_word' id='word_1_812' title='bbox 3399 5239 3517 5293; x_wconf 79' lang='lat' dir='ltr'><strong>loco</strong></span> 
     </span>
    </p>
   </div>
   <div class='ocr_carea' id='block_1_112' title="bbox 1924 5306 2368 5369">
    <p class='ocr_par' dir='ltr' id='par_1_112' title="bbox 1924 5306 2368 5369">
     <span class='ocr_line' id='line_1_113' title="bbox 1924 5306 2368 5369; baseline 0.025 -11"><span class='ocrx_word' id='word_1_813' title='bbox 1924 5306 2025 5360; x_wconf 80' lang='lat' dir='ltr'><strong>fuit</strong></span> <span class='ocrx_word' id='word_1_814' title='bbox 2051 5311 2368 5369; x_wconf 80' lang='lat' dir='ltr'><strong>reclinatus.</strong></span> 
     </span>
    </p>
   </div>
   <div class='ocr_carea' id='block_1_113' title="bbox 1999 5400 3508 5492">
    <p class='ocr_par' dir='ltr' id='par_1_113' title="bbox 1999 5400 3508 5492">
     <span class='ocr_line' id='line_1_114' title="bbox 1999 5400 3508 5492; baseline 0.015 -39"><span class='ocrx_word' id='word_1_815' title='bbox 1999 5400 2161 5456; x_wconf 73' lang='lat' dir='ltr'><strong>Vsus.</strong></span> <span class='ocrx_word' id='word_1_816' title='bbox 2188 5405 2338 5459; x_wconf 74' lang='lat' dir='ltr'><strong>8-H.</strong></span> <span class='ocrx_word' id='word_1_817' title='bbox 2383 5427 2400 5458; x_wconf 75' lang='grc' dir='ltr'><strong>ι</strong></span> <span class='ocrx_word' id='word_1_818' title='bbox 2427 5408 2492 5464; x_wconf 89' lang='lat' dir='ltr'><strong>Et</strong></span> <span class='ocrx_word' id='word_1_819' title='bbox 2523 5423 2770 5480; x_wconf 84' lang='lat' dir='ltr'><strong>pastores</strong></span> <span class='ocrx_word' id='word_1_820' title='bbox 2803 5429 2962 5472; x_wconf 88' lang='lat' dir='ltr'><strong>erant</strong></span> <span class='ocrx_word' id='word_1_821' title='bbox 2988 5421 3038 5473; x_wconf 92' lang='lat' dir='ltr'><strong>iu</strong></span> <span class='ocrx_word' id='word_1_822' title='bbox 3073 5423 3287 5492; x_wconf 77' lang='lat' dir='ltr'><strong>regione</strong></span> <span class='ocrx_word' id='word_1_823' title='bbox 3320 5425 3508 5478; x_wconf 86' lang='lat' dir='ltr'><strong>eadem</strong></span> 
     </span>
    </p>
   </div>
   <div class='ocr_carea' id='block_1_114' title="bbox 1920 5493 3511 5583">
    <p class='ocr_par' dir='ltr' id='par_1_114' title="bbox 1920 5493 3511 5583">
     <span class='ocr_line' id='line_1_115' title="bbox 1920 5493 3511 5583; baseline 0.021 -43"><span class='ocrx_word' id='word_1_824' title='bbox 1920 5493 2268 5560; x_wconf 88' lang='lat' dir='ltr'><strong>rusticantes,</strong></span> <span class='ocrx_word' id='word_1_825' title='bbox 2325 5509 2379 5552; x_wconf 90' lang='lat' dir='ltr'><strong>et</strong></span> <span class='ocrx_word' id='word_1_826' title='bbox 2430 5503 2768 5562; x_wconf 77' lang='lat' dir='ltr'><strong>excubantes</strong></span> <span class='ocrx_word' id='word_1_827' title='bbox 2828 5511 3088 5567; x_wconf 80' lang='lat' dir='ltr'><strong>excubias</strong></span> <span class='ocrx_word' id='word_1_828' title='bbox 3139 5523 3296 5569; x_wconf 85' lang='lat' dir='ltr'><strong>nocte</strong></span> <span class='ocrx_word' id='word_1_829' title='bbox 3352 5530 3511 5583; x_wconf 79' lang='lat' dir='ltr'><strong>Super</strong></span> 
     </span>
    </p>
   </div>
   <div class='ocr_carea' id='block_1_115' title="bbox 1916 5595 3503 5671">
    <p class='ocr_par' dir='ltr' id='par_1_115' title="bbox 1916 5595 3503 5671">
     <span class='ocr_line' id='line_1_116' title="bbox 1916 5595 3503 5671; baseline 0.018 -37"><span class='ocrx_word' id='word_1_830' title='bbox 1916 5595 2134 5652; x_wconf 79' lang='lat' dir='ltr'><strong>gregem</strong></span> <span class='ocrx_word' id='word_1_831' title='bbox 2179 5601 2334 5642; x_wconf 83' lang='lat' dir='ltr'><strong>suum</strong></span> <span class='ocrx_word' id='word_1_832' title='bbox 2376 5601 2469 5647; x_wconf 90' lang='lat' dir='ltr'><strong>:et</strong></span> <span class='ocrx_word' id='word_1_833' title='bbox 2499 5601 2872 5669; x_wconf 81' lang='lat' dir='ltr'><strong>eceeangelus</strong></span> <span class='ocrx_word' id='word_1_834' title='bbox 2902 5602 3116 5660; x_wconf 87' lang='lat' dir='ltr'><strong>Domini</strong></span> <span class='ocrx_word' id='word_1_835' title='bbox 3171 5609 3340 5662; x_wconf 89' lang='lat' dir='ltr'><strong>astitit</strong></span> <span class='ocrx_word' id='word_1_836' title='bbox 3377 5608 3503 5671; x_wconf 84' lang='lat' dir='ltr'><strong>illis,</strong></span> 
     </span>
    </p>
   </div>
   <div class='ocr_carea' id='block_1_116' title="bbox 1914 5678 3506 5767">
    <p class='ocr_par' dir='ltr' id='par_1_116' title="bbox 1914 5678 3506 5767">
     <span class='ocr_line' id='line_1_117' title="bbox 1914 5678 3506 5767; baseline 0.019 -39"><span class='ocrx_word' id='word_1_837' title='bbox 1914 5685 1968 5728; x_wconf 84' lang='lat' dir='ltr'><strong>ct</strong></span> <span class='ocrx_word' id='word_1_838' title='bbox 2005 5678 2230 5739; x_wconf 83' lang='lat' dir='ltr'><strong>claritas</strong></span> <span class='ocrx_word' id='word_1_839' title='bbox 2273 5684 2492 5745; x_wconf 87' lang='lat' dir='ltr'><strong>Domini</strong></span> <span class='ocrx_word' id='word_1_840' title='bbox 2522 5690 2886 5753; x_wconf 82' lang='lat' dir='ltr'><strong>circumfulsit</strong></span> <span class='ocrx_word' id='word_1_841' title='bbox 2914 5698 3054 5767; x_wconf 90' lang='lat' dir='ltr'><strong>illos,</strong></span> <span class='ocrx_word' id='word_1_842' title='bbox 3093 5711 3146 5756; x_wconf 93' lang='lat' dir='ltr'><strong>et</strong></span> <span class='ocrx_word' id='word_1_843' title='bbox 3208 5703 3506 5757; x_wconf 74' lang='lat' dir='ltr'><strong>timumrunt</strong></span> 
     </span>
    </p>
   </div>
  </div>
