4028 6414
541 369 644 429 7:23

1451 370 2015 434 THEOPUYLACTI
2060 374 2467 435 BULG.\RI.E
2508 375 2860 435 ARCHIEP.
3688 371 3792 435 τει

538 484 733 539 timore
762 497 971 551 magno.
1009 484 1070 537 Et
1104 484 1237 537 dixit
1274 484 1377 540 illis
1406 486 1665 559 angelus:
1702 491 1783 544 Ne
1826 492 2095 545 titncatis:

2219 496 2307 547 καὶ
2345 495 2696 565 ἐφοϐήθησαν
2733 494 2895 561 φόϐον
2937 494 3115 562 μέγαν
3151 510 3163 523 ο
3199 492 3293 546 καὶ
3331 488 3484 546 εἶπεν
3539 494 3726 555 αὐ;ο“ς
3766 497 3792 546 6

534 597 659 635 ecce
688 583 826 636 enim
857 583 1119 636 annuntio
1155 584 1310 639 vobis
1337 588 1586 656 gaudium
1626 587 1793 658 286
1827 604 2099 657 magnum,

536 673 676 739 quod
707 669 945 723 futurum
975 682 1056 727 est
1094 675 1187 727 toti
1224 677 1437 745 p0pulo,
1489 678 1609 745 quia
1638 689 1795 732 natus
1837 688 1919 734 est
1952 682 2103 733 vobis

537 764 693 817 hodie
736 764 1018 830 Servator,
1050 767 1140 835 qui
1173 775 1257 821 est
1292 768 1542 822 Christus
1573 769 1853 836 Dominus,
1884 772 1933 825 in
1969 773 2101 825 civi-

535 864 645 907 tate
694 853 879 909 David.
916 855 982 909 Et
1036 856 1134 909 hoc
1187 859 1339 911 vobis
1381 860 1642 929 signum:
1684 862 1975 916 Invenietis
2022 864 2101 915 in-

535 947 734 1000 fantem
796 947 975 1002 fasciis
1005 949 1331 1015 involatum,
1362 952 1598 1018 positum
1642 953 1696 1005 in
1747 955 1992 1021 pmsepi.
2036 952 2100 1005 Et

532 1039 708 1091 subito
742 1039 877 1091 facta
907 1048 987 1092 est
1005 1054 1125 1094 cum
1158 1042 1350 1111 angelo
1411 1042 1696 1097 multitudo
1738 1044 1950 1098 militia:
1982 1060 2100 1099 coe-

534 1128 683 1183 lcstis
716 1129 1050 1183 laudantium
1094 1132 1285 1197 Deum,
1324 1146 1384 1185 ac
1431 1134 1729 1187 dicentium
1772 1154 1783 1188 :
1819 1135 1999 1189 Gloria
2047 1138 2098 1189 in

534 1220 815 1274 altissimis
846 1220 975 1287 Deo,
1010 1232 1063 1275 et
1110 1222 1161 1274 in
1196 1231 1337 1276 terra
1379 1238 1503 1293 pax,
1542 1226 1591 1278 in
1621 1227 1934 1281 hominibus
1962 1226 2097 1281 bona

537 1314 808 1367 voluntas.
849 1332 867 1363 ι
900 1314 1147 1367 Pastores
1190 1324 1343 1367 erant
1372 1317 1722 1382 rusticantes,
1758 1318 1861 1373 hoc
1899 1329 1981 1371 est
2018 1318 2102 1371 vel

536 1404 791 1457 rusticam
843 1414 1061 1473 agentes
1100 1406 1288 1469 vitam,
1313 1407 1397 1461 vel
1440 1408 1492 1461 in
1535 1423 1663 1478 agro
1687 1410 2020 1465 stabulantes
2050 1417 2103 1465 et

537 1506 855 1549 versantes:
912 1495 1104 1564 quibus
1154 1507 1374 1567 apparet
1408 1499 1650 1569 angelus,
1705 1512 1924 1570 propter
1965 1503 2095 1557 sim-

535 1587 825 1649 plicitatem
856 1595 911 1642 et
958 1590 1320 1644 innocentiam
1353 1606 1560 1646 morum
1586 1604 1640 1645 et
1672 1596 1811 1661 quod
1831 1593 2099 1660 justorum

538 1679 698 1732 vitam
749 1680 945 1734 imitari
985 1682 1290 1735 videantur.
1331 1681 1538 1737 Etenim
1572 1686 1728 1753 prisci
1777 1688 2097 1752 patriarcha

538 1782 780 1836 pastores
816 1782 993 1839 erant,
1036 1783 1091 1828 ut
1139 1771 1305 1829 Jacob
1344 1777 1406 1841 ¹⁸,
1446 1775 1641 1839 Moses,
1695 1777 1882 1831 David.
1920 1777 2102 1844 Neque

2216 588 2462 655 ἄγγελος·
2486 586 2845 655 Μὴῖφοϐεῖσθε
2877 602 2891 616 ⁸
2943 587 3051 639 ἰδοὺ
3080 585 3187 657 γὰρ
3213 584 3639 653 εὐαγγελίζομαι
3664 586 3791 653 ὑμῖν

2216 679 2388 747 χαρὰν
2418 679 2681 747 μεγάλην,
2711 679 2830 747 ἥτις
2866 678 3017 728 ἔσται
3052 680 3214 728 παντὶ
3255 677 3331 745 τῷ
3365 675 3499 743 λαῷ,
3538 676 3621 726 ὅτι
3674 675 3791 726 ἐτέ-

2217 770 2321 837 χθη
2352 769 2479 839 ὑμῖν
2507 770 2746 839 σήμερον
2780 769 2987 838 Σωτὴρ,
3019 771 3077 830 ὃς
3114 772 3230 820 ἐστι
3268 769 3504 839 Χριστὸς
3555 767 3789 836 Κύριος,

2214 865 2269 912 ἐν
2303 860 2451 913 πόλει
2482 861 2662 912 Δα6Ξδ⁶
2690 858 2956 911 καὶτοῦτο
2984 860 3111 927 ὑμῖν
3132 860 3191 910 τδ
3222 861 3463 927 σημεῖον·
3506 859 3790 927 Εὐρήσετε

2216 950 2417 1018 βρέφος
2462 949 2981 1018 ἐσπαργανωμένον,
3037 948 3287 1017 κείμενον
3331 950 3385 1000 ὲν
3441 951 3505 1017 τῇ
3559 951 3738 1015 φάτνῃ
3776 964 3787 975 ·

2214 1043 2308 1096 καὶ
2358 1042 2615 1111 ἐξαίφνης
2647 1042 2862 1109 ἐγένετο
2895 1042 2990 1092 σὺν
3024 1040 3101 1109 τῷ
3133 1039 3350 1109 ἀγγέλῳ
3384 1040 3585 1107 πλῆθος
3627 1057 3795 1110 στρα-

2215 1137 2337 1195 τιᾶς
2396 1135 2673 1205 οὐρανίου,
2704 1132 2999 1186 αἰνούντων
3052 1134 3141 1183 τὸν
3174 1133 3303 1184 Θεὸν
3338 1133 3431 1183 καὶ
3476 1133 3750 1199 λεγόντων
3778 1148 3793 1162 ο

2216 1229 2349 1293 Δὸξα
2393 1230 2448 1281 ἐν
2478 1226 2722 1294 ὑψίστοις
2753 1225 2871 1295 Θεῷ
2906 1239 2922 1255 ⁸
2955 1225 3049 1279 καί⁵
3084 1226 3172 1277 ἐπὶ
3220 1225 3320 1291 γῆς
3350 1224 3565 1292 εἰρήνη,
3594 1224 3653 1275 ἐν
3699 1224 3796 1276 ἀν-

2216 1318 2454 1389 θρώποις
2514 1318 2750 1369 εὐδοκία.
2800 1335 2817 1368 ι
2858 1316 3124 1385 Ποιμένες
3171 1310 3309 1383 ἦσαν
3363 1313 3793 1385 ἀγραυλοῦντες.

2214 1411 2509 1473 τουτέστιν,
2557 1408 2847 1478 ἀγροτικῆν
2895 1406 3189 1468 αὐλοῦντες
3225 1446 3239 1470 ,
3292 1407 3325 1475 ἢ
3374 1407 3432 1455 ἐν
3505 1406 3583 1474 τῷ
3635 1403 3797 1473 ἀγρῷ

2213 1502 2555 1571 αὐλιζόμενοι
2584 1502 2677 1553 καὶ
2709 1501 2989 1566 διάγοντες
3048 1516 3059 1527 ’
3103 1498 3447 1565 ἐπιφαίνεται
3475 1497 3531 1548 δὲ
3574 1496 3796 1557 τούτοις

2214 1595 2241 1645 6
2272 1592 2522 1661 ἅγγελος,
2549 1592 2634 1644 διὰ
2680 1592 2739 1643 τὸ
2770 1590 3043 1642 ἄπλαστον
3090 1587 3183 1641 τοῦ
3228 1588 3389 1657 ἤθους
3426 1587 3523 1639 ταὶ
3558 1587 3794 1638 ἄκακον.

2216 1686 2374 1740 Ἐπεὶ
2405 1685 2507 1753 καὶξ
2530 1683 2631 1753 τὴν
2673 1682 2779 1735 τῶν
2813 1682 3040 1734 δικαίων
3074 1680 3349 1733 πολιτείαν
3388 1679 3671 1746 φαίνονται
3706 1694 3798 1744 μι-

2218 1776 2473 1844 μούμενοι
2505 1790 2517 1801 -
2547 1774 2639 1825 καὶ
2666 1771 2772 1842 γὰρ
2798 1774 2845 1823 οἰ
2881 1772 3119 1833 παλαιοὶ,
3166 1769 3457 1837 ποιμένες,
3513 1768 3563 1817 οἰ
3592 1782 3794 1832 πατριο

538 1868 587 1919 in
627 1864 925 1921 Jerusalem
980 1869 1227 1938 apparuit
1280 1867 1570 1925 Pharisaeis
1613 1871 1695 1925 vel
1750 1871 1977 1936 Scribis,
2010 1872 2099 1942 qui

2219 1866 2394 1935 ἀρχαι,
2428 1862 2643 1920 Ἰακὼϐ,
2663 1860 2891 1930 Μωσῆς,
2916 1859 3096 1912 Δαϐίδ.
3122 1860 3196 1911 Οὐ
3216 1858 3320 1927 γὰρ
3353 1859 3407 1908 ἐν
3438 1856 3797 1925 Ἰερουσαλὴμ

535 1959 714 2014 omnis
775 1960 987 2013 malitia:
1041 1960 1379 2029 receptacula
1429 1970 1602 2015 erant.
1636 1961 1713 2016 Illi
1750 1972 1927 2017 autem
1980 1978 2101 2018 cum

538 2051 813 2119 simplices
860 2060 1063 2116 essent,
1094 2053 1293 2106 divinis
1346 2054 1671 2122 spectaculis
1716 2056 1870 2124 potiti
1928 2066 2099 2110 sunt:

541 2153 875 2196 monstrante
899 2144 1030 2208 Deo,
1052 2147 1189 2211 quod
1210 2144 1388 2198 statim
1406 2145 1473 2198 ab
1492 2145 1644 2199 initio
1664 2160 1758 2199 eos
1778 2145 2105 2213 agrestiores

540 2250 648 2302 pra:
686 2236 805 2290 aliis
865 2236 1103 2304 elegerit,
1154 2251 1533 2305 prmconesqne
1580 2237 1788 2292 fecerit.
1848 2238 2108 2291 Ahiernut

544 2327 709 2391 enim,
740 2335 792 2380 et
848 2327 915 2381 de
973 2328 1223 2381 omnibus
1270 2327 1375 2381 illis
1436 2329 1823 2397 praedicarunt.
1871 2329 2105 2398 Angelus

540 2433 670 2471 vero
694 2433 943 2485 magnum
976 2416 1079 2472 illis
1104 2418 1353 2486 gaudium
1378 2418 1942 2487 evangelizavit,quod
1982 2419 2105 2480 erit,

541 2507 736 2576 inquit,
769 2508 914 2560 omni
940 2506 1155 2575 populo,
1186 2508 1275 2577 qui
1320 2509 1538 2577 proprie
1574 2506 1801 2575 populus
1842 2505 1954 2558 Dei.
1994 2505 2105 2557 Non

540 2598 683 2651 enim
726 2612 917 2651 omnes
974 2596 1145 2652 Judaei
1182 2600 1412 2668 populus
1442 2597 1719 2653 Dei.Nam
1764 2607 1817 2651 et
1869 2598 2106 2651 omnium

543 2689 816 2742 hominum
842 2688 1040 2756 populo
1068 2690 1373 2743 incarnatio
1414 2688 1509 2743 Dei
1546 2688 1683 2741 facta
1712 2695 1795 2740 est
1831 2687 2103 2755 gaudium.

542 2780 682 2846 Quid
728 2790 906 2833 autem
940 2781 1168 2849 hymnus
1209 2780 1520 2849 angelorum
1555 2778 1825 2833 declarat?
1850 2777 1945 2830 Vel
1993 2791 2110 2831 om-

541 2871 668 2923 nino
696 2871 994 2940 gratiarnm
1022 2872 1295 2924 actionem
1346 2884 1699 2939 supernorum
1748 2868 2104 2929 exercituum,

542 2964 887 3032 etgaudium,
913 2979 977 3016 eo
1013 2964 1155 3032 quod
1191 2963 1389 3017 terreni
1417 2962 1680 3017 beneficla
1738 2968 1885 3014 tanta
1916 2973 2108 3014 conse-

541 3070 790 3123 quamur.
820 3051 1001 3107 Gloria
1051 3054 1193 3107 enim
1249 3054 1380 3113 Deo.
1431 3052 1665 3106 dicunt:
1719 3066 1882 3120 super
1910 3061 2109 3105 terram

543 3157 727 3198 autem
743 3159 845 3213 pax
880 3160 1023 3198 nunc
1055 3145 1191 3199 facta
1221 3156 1305 3199 est
1336 3164 1348 3209 ;
1378 3153 1432 3199 ct
1490 3158 1613 3197 cum
1674 3143 1824 3211 prius
1875 3144 2108 3195 humana

546 3246 734 3289 natura
771 3235 984 3289 inimica
1026 3236 1189 3289 fuerit
1224 3235 1354 3300 Deo,
1382 3251 1522 3289 nunc
1579 3235 1651 3287 ita
1681 3233 1966 3288 conciliata
2006 3244 2107 3295 εει,

546 3336 604 3380 ιιι
638 3335 693 3380 et
728 3326 836 3381 Deo
888 3328 1144 3396 adjuncta
1173 3328 1263 3392 sit,
1304 3338 1357 3381 et
1402 3329 1681 3382 incarnato
1744 3327 1917 3380 unita.
1956 3326 2114 3382 Vides

546 3423 707 3492 igitur
742 3434 929 3489 pacem
974 3420 1066 3475 Dei
1110 3436 1231 3474 cum
1296 3420 1547 3474 homine?
1576 3418 1640 3472 Et
1693 3419 1851 3473 aliter
1899 3432 2113 3487 quoque

546 3514 863 3583 intelligitur
906 3535 917 3567 :
953 3530 1051 3585 pax
1100 3525 1182 3569 est
1242 3516 1353 3585 ipse
1396 3514 1561 3569 Filius
1613 3515 1727 3570 Dei.
1776 3514 1886 3586 Ego
1944 3517 2110 3578 enim,

548 3608 747 3676 inquit,
798 3606 933 3661 Pax.
979 3607 1081 3660 Ista
1133 3608 1297 3677 igitur
1357 3622 1480 3677 pax,
1508 3604 1678 3661 Filius
1723 3607 1839 3669 Dei,
1874 3609 2111 3674 inquam,

549 3714 710 3768 super
744 3709 944 3752 terram
997 3699 1133 3753 facta
1166 3710 1268 3753 est.
1313 3698 1377 3752 Et
1422 3700 1474 3752 in
1511 3699 1817 3753 horninibus
1842 3698 1981 3751 bona
2029 3712 2117 3750 vo-

553 3794 733 3845 luntas
761 3793 802 3821 ‘7
834 3812 847 3845 :
874 3791 971 3844 hoc
998 3798 1100 3853 est,
1128 3789 1219 3843 Dei
1251 3791 1483 3859 requies.
1532 3789 1813 3858 Requievit
1842 3792 1982 3842 enim
2004 3790 2117 3845 sive

552 3882 877 3937 rcfocillatus
911 3891 992 3937 est
1015 3897 1157 3936 nunc
1188 3892 1242 3936 et
1286 3884 1421 3935 bene
1452 3881 1663 3936 habitus
1693 3880 1743 3934 in
1771 3882 2111 3937 hominibus:

553 3990 674 4027 nam
706 3976 855 4043 prius
898 3972 1111 4042 quidem
1142 3986 1247 4027 non
1282 3973 1381 4025 sibi
1416 3973 1757 4043 complacuit,
1788 3989 1884 4028 nec
1919 3974 2114 4027 bonum

559 4068 811 4121 allectum
844 4067 1027 4121 habuit
1052 4068 1102 4119 in
1128 4066 1457 4121 hominibus.

634 4242 798 4297 Vrsas.
853 4242 1036 4299 l5-20.
1076 4264 1093 4293 ι
1160 4245 1221 4297 Ει
1263 4244 1459 4299 factum
1520 4254 1620 4311 est,
1648 4256 1706 4299 ut
1753 4246 2122 4303 discesserunt

559 4338 626 4388 ab
655 4336 733 4389 eis
761 4335 934 4403 angeli
964 4336 1014 4387 in
1040 4336 1255 4399 ccelom,
1283 4335 1525 4392 homines
1552 4348 1793 4406 pastores
1824 4338 2123 4407 loqueban—

559 4436 645 4478 tur
679 4426 818 4479 intcr
860 4439 978 4479 sese
1008 4441 1018 4476 :
1043 4422 1409 4480 Transeamus
1453 4426 1559 4495 iam
1591 4428 1866 4483 Bethleem
1928 4443 2122 4498 usque,

2214 1958 2457 2025 ἐπεφάνη
2494 1954 2806 2023 Φαρισαίοις
2863 1951 3367 2022 ήΓραμματεῦσι’
3425 1950 3605 2019 πάσης
3678 1947 3791 2017 γὰρ

2214 2050 2477 2127 ποιςηρίας
2531 2048 2711 2115 δοχεῐα
2766 2047 2992 2097 ἐκεῖνοι·
3045 2036 3191 2097 οὗτοι
3244 2043 3299 2095 δὲ
3364 2042 3543 2094 ἄδολοι
3612 2040 3792 2103 ὅντες,

2214 2142 2372 2194 Θείων
2418 2141 2705 2208 θεαμάτων
2742 2138 3052 2207 ἠξιώθησαν
3086 2154 3097 2165 '
3143 2134 3452 2195 δεικνύντος
3492 2132 3585 2185 τοῦ
3628 2130 3793 2197 Θεοῦ,

2213 2238 2294 2289 ὃτι
2336 2237 2459 2297 τούς
2504 2234 2922 2303 ἀγροικοτέρους
2950 2232 3057 2283 τῶν
3084 2231 3287 2294 ἄλλων,
3323 2230 3481 2291 εὐθὺς
3514 2228 3573 2291 ἐξ
3614 2226 3796 2297 ἀρχῆς

2214 2325 2496 2393 ἐξελέξατο
2521 2330 2614 2377 καὶ
2662 2326 2912 2393 κήρυκας
2948 2323 3206 2389 ἐποίησεν
3236 2339 3249 2351 ο
3297 2320 3630 2381 ἀπελθόντες
3679 2318 3795 2386 γὰρ

2215 2419 2487 2488 ἐκήρυξαν
2518 2418 2643 2484 περὶ
2699 2417 2915 2467 πάντων
2963 2414 3167 2466 τούτων
3202 2429 3216 2445 ο
3245 2413 3636 2482 εὐηγγελίσατο
3678 2412 3735 2464 δὲ
3767 2414 3798 2465 6

2214 2511 2441 2579 ἄγγελος
2474 2509 2647 2578 χαρὰν
2677 2508 2940 2576 μεγάλην,
2966 2506 3087 2573 ἥτις
3122 2504 3293 2567 ἔσται,
3329 2504 3483 2574 φησι,
3520 2503 3685 2556 παντὶ
3713 2502 3797 2574 τῷ

2215 2603 2349 2672 λαῷ,
2382 2600 2458 2668 τῷ
2490 2600 2693 2669 κυρίως
2740 2598 2853 2666 λαῷ
2900 2597 2995 2649 τοῦ
3041 2595 3175 2648 Θεοῦ
3202 2612 3213 2625 ·
3257 2596 3317 2647 οὐ
3360 2597 3561 2657 πάντες
3590 2596 3699 2663 γὰρ
3744 2597 3795 2649 οἰ

2231 2694 2498 2755 Ἰουδαῖοι,
2545 2692 2670 2752 λαὸς
2716 2690 2809 2741 τοῦ
2853 2688 3009 2741 Θεοῦ.
3065 2687 3223 2740 Ἀλλὰ
3259 2686 3353 2739 καὶ
3381 2686 3545 2738 παντὶ
3577 2685 3655 2754 τῷ
3686 2685 3797 2737 τῶν

2219 2784 2519 2855 ἀνθρώπων
2552 2782 2665 2850 λαῷ
2706 2782 2848 2850 χαρὰ
2876 2780 3091 2848 ἐγένετο
3140 2780 3173 2849 ή
3208 2779 3478 2847 σάρκωσις
3507 2779 3602 2829 τοῦ
3633 2777 3793 2830 Θεοῦ.

2219 2879 2282 2933 Τί
2320 2879 2375 2930 δὲ
2400 2877 2549 2945 δηλοί
2566 2877 2593 2926 6
2620 2874 2785 2944 ὕμνος
2810 2874 2917 2925 τῶν
2941 2872 3188 2941 ἀγγέλων
3208 2891 3221 2937 ;
3242 2873 3312 2923 Ἢ
3334 2872 3545 2932 πάντως
3574 2870 3800 2939 εὐχαρι.

2221 2968 2372 3022 στίαν
2403 2969 2511 3019 τῶν
2532 2968 2645 3021 ἄνω
2692 2966 2988 3034 ταγμάτων
3019 2965 3113 3017 καὶ
3148 2964 3344 3034 χαρὰν,
3372 2962 3505 3015 διότι
3559 2962 3800 3031 εὐηργε-

2219 3060 2462 3129 τήθημεν
2486 3061 2535 3111 οἱ
2570 3060 2661 3110 ἐπὶ
2716 3057 2811 3125 τῆς
2848 3057 2969 3125 γῆς.
3004 3055 3141 3119 Δόξα
3172 3055 3282 3126 γὰρ
3318 3054 3393 3123 τῷ
3419 3054 3563 3123 Θεῷ,
3598 3053 3793 3121 φασὶν,

2220 3155 2313 3206 ἐπὶ
2342 3152 2444 3221 γῆς
2468 3152 2576 3219 γὰρ
2616 3151 2808 3218 εἰρήνη
2846 3148 2941 3201 νῦν
2977 3148 3167 3216 γέγονε
3198 3165 3214 3179 ·
3247 3145 3436 3216 πρώην
3471 3145 3573 3215 μὲν
3600 3145 3713 3213 γὰρ
3769 3145 3801 3215 lt

2218 3243 2531 3315 ἀνθρωπίνη
2586 3241 2745 3309 φύσις
2808 3238 3009 3311 ἔχθραν
3070 3232 3181 3307 εἶχε
3255 3237 3388 3306 πρὸς
3444 3234 3579 3288 Θεόν
3611 3251 3626 3265 ·
3676 3234 3800 3287 νυνὶ

2212 3335 2268 3387 δὲ
2328 3333 2579 3386 τοσοῦτον
2648 3330 2999 3400 κατηλλάγη,
3072 3329 3209 3381 ὥστε
3290 3330 3385 3381 καὶ
3442 3326 3801 3397 arma"!th

2212 3427 2289 3495 τῷ
2346 3424 2501 3493 Θεῷ.
2566 3423 2664 3478 καὶ
2731 3422 2915 3492 ήνὼθη
2989 3420 3140 3490 αὐτῷ
3210 3418 3567 3489 σαρκωθένττ.
3631 3416 3802 3489 ὀρίς

2213 3517 2305 3571 οὐν
2363 3517 2586 3587 εἰρήνην
2640 3513 2734 3566 τοῦ
2779 3513 2914 3566 Θεοῦ
2965 3513 3100 3583 πρὸς
3154 3513 3243 3565 τὸν
3289 3512 3621 3581 ἄνθρωπονς
3686 3509 3802 3565 Καὶ

2217 3607 2387 3669 ἄλλως
2421 3608 2476 3658 δὲ
2521 3606 2840 3673 νοηθήσετω
2882 3622 2894 3635 ⁸
2930 3605 3135 3674 Εἰρήνη
3184 3604 3332 3655 ἐστὶν
3382 3605 3545 3665 αὐτὸς
3604 3603 3633 3653 6
3668 3600 3800 3665 Υἱὸς

2215 3698 2309 3753 τοῦ
2340 3698 2513 3752 Θεοῦο
2542 3698 2684 3762 Ἐγὼ
2739 3698 2867 3765 γὰρ,
2917 3696 3102 3766 φησιν,
3155 3698 3187 3764 ή
3228 3697 3418 3766 εἰρήνη
3447 3710 3459 3723 ·
3510 3694 3650 3763 αὕτη
3704 3687 3803 3748 οὖν

2218 3794 2250 3860 ή
2309 3792 2517 3861 είρήνη,
2549 3792 2576 3843 ὁ
2632 3790 2755 3855 Υἰδς
2812 3788 2903 3851 τοῦ
2945 3788 3104 3852 Θεοῦ,
3158 3787 3249 3840 ἐπὶ
3296 3789 3397 3856 γῆς
3448 3789 3660 3854 γέγονε,
3704 3787 3805 3839 καὶ

2218 3885 2275 3937 ὲν
2308 3888 2418 3946 τοῖς
2461 3884 2766 3953 ἀνθρώποις
2818 3882 3053 3947 εὐδοκία,
3098 3880 3372 3934 τουτέστιν
3419 3882 3805 3940 ἐπαναπαυσις

2218 3976 2310 4028 τοῦ
2345 3974 2513 4038 Θεοῦ,
2551 3974 2899 4043 ὲπανεπαύθη
2948 3972 3057 4043 γὰρ
3098 3974 3125 4024 ὁ
3171 3972 3301 4034 Θεὸς
3342 3970 3436 4023 νῦν
3480 3974 3574 4023 καὶ
3604 3972 3803 4040 εὐηρεο

2222 4066 2392 4139 στήθη
2417 4068 2475 4119 ἐν
2501 4068 2613 4127 τοῖς
2654 4066 2749 4117 ἀνθ
2762 4065 2985 4133 ρώποις,
3010 4064 3067 4126 ὃς
3099 4062 3286 4134 πρώην
3306 4079 3390 4130 γε.
3423 4063 3523 4114 οὐκ
3553 4062 3801 4131 ηὐδόκει,

2222 4155 2345 4209 οὐδὲ
2378 4156 2644 4225 ἠρέσκετο
2673 4157 2730 4207 ὲν
2761 4158 2871 4215 τοῖς
2895 4154 3224 4224 ἀνθρώποις.

2300 4249 2461 4303 «Καὶ
2495 4248 2711 4314 ἐγένετο
2744 4248 2817 4310 ὡς
2863 4248 3107 4317 ἀπῆλθον
3150 4250 3243 4301 ἀπ’
3266 4248 3445 4301 αὐτῶν
3476 4250 3526 4300 οἰ
3574 4248 3805 4317 ἄγγελοι

2225 4343 2303 4404 εἰς
2324 4343 2414 4392 τὸν
2437 4339 2683 4409 οὐρανὸν,
2743 4340 2835 4391 καὶ
2860 4342 2905 4392 oi
2939 4341 3216 4410 ἂνθρωποι
3260 4344 3307 4393 οἰ
3340 4344 3599 4413 ποιμένες
3648 4339 3809 4398 εἷπον

2226 4430 2359 4498 πρὸς
2388 4430 2667 4498 ἀλλήλους.
2704 4431 3008 4500 Διέλθωμεν
3039 4431 3101 4501 δὴ
3140 4432 3243 4494 ἓως
3266 4432 3535 4503 Βηθλεὲμ,
3556 4435 3652 4487 καὶ
3684 4434 3807 4487 £30)-

556 4525 609 4572 et
639 4516 921 4570 videamus
953 4517 1053 4570 hoc
1076 4518 1217 4585 quod
1254 4518 1471 4581 accidit,
1505 4521 1644 4587 quod
1695 4519 1949 4575 Dominus
1992 4536 2109 4590 aper

2230 4537 2328 4590 μεν
2356 4520 2412 4572 τὸ
2447 4521 2598 4590 ῥῆμα
2632 4521 2787 4573 τοῦτο
2815 4524 2875 4575 τὸ
2896 4522 3136 4590 γεγονὸς,
3154 4523 3182 4573 ὂ
3206 4525 3233 4575 6
3268 4524 3469 4593 Κύριος
3506 4524 3808 4596 ἐγνώρισεν

561 4611 669 4663 ruit
707 4610 883 4662 nobis.
936 4610 998 4661 Et
1026 4619 1284 4664 venerunt
1336 4610 1670 4674 festinantes,
1704 4623 1755 4665 et
1804 4614 2123 4668 invenerunt

563 4701 789 4755 Mariam
822 4712 877 4755 et
905 4700 1122 4771 Ioseph,
1156 4714 1210 4757 et
1237 4702 1495 4757 infantem
1525 4706 1758 4773 positum
1786 4705 2117 4773 in.praesepi.

560 4795 692 4849 Cum
728 4794 987 4849 vidissent
1016 4806 1211 4863 autem,
1247 4797 1660 4867 divulgavernnt
1695 4797 1762 4852 de
1795 4800 1955 4855 verho
1981 4800 2121 4869 quod

564 4888 767 4941 dictum
793 4896 910 4940 erat
945 4887 1076 4955 ipsis
1103 4888 1167 4942 de
1202 4903 1366 4956 puero
1397 4889 1501 4942 hoc
1534 4905 1547 4941 :
1590 4897 1645 4941 et
1682 4903 1869 4943 omnes
1897 4891 1985 4959 qui
2023 4907 2121 4945 au-

561 4981 797 5037 dierunt,
833 4980 1009 5032 mirati
1056 4987 1179 5033 sunt
1228 4980 1293 5033 de
1325 4982 1405 5034 his
1440 4996 1556 5049 qua:
1586 4980 1724 5033 dicta
1758 4992 1914 5035 erant
1938 4996 1967 5036 a
2031 4999 2124 5051 pa—

564 5068 802 5122 storibus
830 5070 895 5121 ad
945 5069 1113 5137 ipsos.
1160 5087 1177 5120 »
1216 5068 1463 5124 Pastores
1496 5071 1567 5124 illi
1621 5070 1789 5140 figura
1856 5082 1979 5125 sunt
2015 5074 2126 5141 spi-

566 5159 835 5211 ritualium
920 5170 1191 5226 pastorum
1248 5169 1299 5212 et
1352 5161 1657 5227 prmsulum.
1734 5158 1958 5226 Oportet
2022 5163 2124 5230 igi-

570 5258 653 5299 tur
694 5249 972 5317 episcopos
998 5252 1270 5304 custodire
1299 5267 1509 5321 gregem
1537 5269 1715 5316 suum,
1746 5264 1799 5305 et
1835 5252 2127 5321 ἁγραυλεῖν

572 5340 621 5390 in
680 5353 811 5405 agro
864 5356 1081 5403 cauere,
1143 5344 1241 5395 hoc
1288 5353 1393 5406 est,
1432 5358 1624 5397 canere
1681 5343 1980 5412 spiritualia
2022 5386 2033 5403 ,
2076 5354 2127 5397 et

572 5429 766 5483 docere
818 5433 1093 5499 pupulum,
1136 5446 1189 5487 et
1228 5434 1305 5487 sic
1356 5434 1497 5503 digni
1562 5437 1688 5489 ﬁent
1734 5437 2131 5506 (a)visicnibns

648 5610 686 5639 “
720 5609 851 5661 Gen.
880 5626 1039 5670 XLVII,
1078 5614 1128 5675 5,
1212 5615 1248 5642 ιτ
1289 5612 1414 5666 an.
1442 5628 1501 5673 tt,
1541 5613 1621 5665 Μ.

2227 4614 2357 4683 ήμῖν
2384 4628 2397 4642 ·
2455 4612 2547 4666 καί
2596 4608 2759 4683 ἦλθον
2794 4615 3126 4677 σπεύσαντες
3158 4632 3171 4645 ·
3213 4616 3304 4667 καὶ
3348 4617 3577 4687 ἀνεῦρον
3612 4620 3710 4688 τήν
3744 4636 3804 4672 τε

2229 4705 2465 4774 Μαριὰμ
2496 4706 2590 4757 καὶ
2640 4705 2733 4757 τὸν
2784 4706 2999 4775 Ἰωσὴφ,
3030 4708 3124 4759 καὶ
3182 4706 3241 4759 τὸ
3297 4706 3496 4777 βρέφος
3547 4709 3807 4779 κείμενον

2229 4798 2288 4849 ὲν
2316 4798 2380 4867 τῇ
2409 4796 2584 4867 φάτνῃ
2609 4814 2623 4827 ο
2665 4796 2867 4859 ἰδόντες
2898 4798 2973 4861 δὲ,
3002 4799 3363 4869 διεγνωρισαν
3408 4802 3534 4872 περὶ
3561 4797 3660 4856 τοῦ
3708 4804 3778 4873 ρή

2234 4904 2403 4955 ματος
2434 4886 2529 4941 τοῦ
2558 4888 2883 4959 λαληθέντος
2915 4891 3101 4953 αὐτοῖς
3135 4895 3265 4961 περὶ
3292 4893 3386 4945 τοῦ
3415 4895 3636 4949 παιδίου
3678 4896 3807 4949 τούο

2232 4996 2322 5033 του
2344 4995 2358 5009 ‘
2378 4980 2469 5031 καὶ
2498 4982 2696 5044 πάντες
2734 4984 2782 5034 οἱ
2808 4982 3162 5051 ἀκούσαντες,
3202 4985 3524 5056 ἐθαύμασαν
3546 4991 3675 5057 περὶ
3699 4988 3812 5043 τῶν

2230 5070 2565 5142 λαληθέντων
2590 5071 2693 5123 ὑπὸ
2710 5072 2816 5124 τῶν
2847 5074 3123 5142 ποιμένων
3148 5076 3283 5144 πρὸς
3314 5076 3567 5140 αὐτούς.»
3595 5078 3663 5131 Οἱ
3687 5092 3811 5131 ποια

2234 5165 2390 5233 μένες
2432 5160 2575 5218 οὗτοι
2625 5166 2890 5236 σύμϐολόν
2946 5171 3051 5221 εἰσι
3097 5168 3207 5220 ὀὡν
3248 5171 3643 5239 πνευματικῶν
3697 5189 3811 5225 ποις

2235 5256 2428 5323 μένων,
2463 5254 2571 5307 τῶν
2626 5258 2926 5326 ἀρχιερέων
2957 5272 2968 5283 ·
3002 5258 3082 5310 δεῖ
3110 5254 3201 5311 οὖν
3241 5258 3365 5320 τοὺς
3398 5260 3680 5329 ἀρχιερεῖς
3710 5278 3810 5327 cpu-

2230 5344 2448 5399 λάσσειν
2474 5346 2572 5418 τήν
2603 5348 2837 5417 ποίμνην
2854 5350 3143 5403 αὐτῶνκαὶ
3172 5350 3485 5419 ἀγραυλεῖν,
3506 5353 3808 5417 τουτέστιν,

2238 5438 2385 5507 ᾄδειν
2430 5440 2777 5508 πνευματικὰ
2830 5457 2974 5506 τινα,
3036 5442 3131 5494 καὶ
3173 5442 3445 5497 διδάσκειν
3498 5443 3591 5497 τὸν
3632 5442 3762 5498 λαδν
3794 5482 3812 5507 ,

650 5789 725 5855 (α)
780 5790 921 5843 Edit.
975 5791 1093 5843 l.ul.
1150 5808 1250 5845 non
1307 5794 1557 5863 exprimit
1612 5796 1850 5849 linteam
1909 5812 2089 5852 vocem

2219 5796 2582 5867 Ξιωθήσονται.
