4028 6410
207 366 319 433 ἱῖὗ

206 483 306 541 καὶ
359 481 421 536 οὗ
430 498 533 546 τως

203 574 595 645 ἀκουσμάτων.
658 567 908 638 Βηθλεὲμ
971 566 1026 617 δὲ
1095 560 1458 634 ἑρμηνεύεται
1507 552 1654 618 οἶκος
1698 553 1792 608 τοῦ

203 669 407 738 ἀρτων
453 665 533 726 τίς
570 662 628 714 δὲ
677 660 834 723 ἄλλος
879 659 1025 712 ἐστὶν
1077 657 1104 708 6
1155 653 1303 717 οἶκος
1359 651 1453 708 τοῦ
1517 651 1710 720 ἄρτου,
1759 646 1791 715 ἢ

209 736 256 828 ἠδ
307 755 629 824 Ἐκκλησία,
669 747 788 824 ὲνῇ
830 753 856 804 6
883 751 1045 819 ἄρτος
1091 749 1416 808 ἀπόκειται;
1454 744 1656 813 Ἔργον
1702 736 1796 794 οὖν

210 855 328 904 ἔστι
351 852 464 912 τοῖς
487 848 722 915 λογικοῖς
743 843 998 913 ποιμέσιν
1021 840 1301 911 ἐπιζητεῖν
1326 837 1578 909 οὐράνιον
1606 836 1792 906 ἄρτον·

211 947 304 996 καὶ
377 942 497 1012 μεθ’
530 941 556 993 ὃ
610 940 760 991 ἴδωσι
830 938 920 989 τὸν
974 937 1162 1004 ἄρτον,
1209 933 1487 1002 ὀφείλουσι
1543 930 1638 982 καὶ
1685 929 1798 988 τοῖς

209 1036 390 1098 ἄλλοις
414 1032 700 1102 κηρύττειν
726 1047 740 1060 ο
775 1029 967 1098 ὥσπερ
997 1030 1091 1082 καὶ
1122 1030 1169 1080 οἱ
1194 1025 1453 1097 ποιμένες
1506 1023 1704 1082 ίδόντες
1739 1022 1798 1072 τ’)

212 1129 436 1198 βρέφος,
464 1126 788 1192 διελέιλησαν
817 1123 911 1176 καὶ
939 1124 1051 1185 τοῖς
1081 1121 1290 1184 ἄλλοις.

288 1234 307 1265 ‹
355 1213 418 1264 Ἠ
442 1213 497 1265 δὲ
515 1213 748 1282 Μαριὰμ
771 1212 947 1264 πάντα
973 1213 1257 1280 συνετήρει
1273 1209 1340 1261 τὰ
1361 1207 1584 1280 ῥήματα
1601 1203 1796 1270 ταῦτα,

213 1305 605 1374 συμϐάλλουσα
642 1307 702 1356 έν
743 1307 808 1374 τῇ
856 1303 1053 1374 καρδῖᾳ
1080 1302 1270 1372 αὐτῆς
1313 1301 1408 1353 καὶ
1447 1298 1798 1368 ὑπέστρεψαν

211 1400 259 1449 οἱ
296 1397 554 1466 ποιμένες
582 1437 595 1458 ,
629 1395 946 1460 δοξάζοντες
990 1396 1085 1448 καὶ
1119 1393 1400 1456 αἰνοῦντες
1432 1375 1524 1444 τὸν
1550 1389 1682 1444 Θεὸν
1707 1389 1800 1441 ἐπὶ

216 1488 403 1548 πὶσιν,
451 1481 532 1548 οἷς
574 1487 813 1554 ἥκουσαν
849 1485 941 1537 καὶ
974 1480 1136 1549 εἶδον,
1170 1484 1353 1546 καθὼς
1388 1482 1625 1553 ἐλαλήθη
1662 1481 1801 1552 πρδς

213 1577 436 1638 αὐτούς.
463 1596 480 1627 ι
519 1578 651 1629 Ποῖα
679 1579 900 1648 ῥήματα
933 1577 1217 1648 συνετήρει
1248 1581 1280 1644 ὴ
1307 1575 1609 1647 Παρθένος;
1645 1575 1801 1636 Τινὲς

217 1669 316 1736 μὲν
362 1669 610 1734 λέγουσιν
654 1672 735 1722 ὃτι
779 1671 880 1723 ὅσα
925 1671 1138 1742 εἰρήκει
1169 1671 1306 1739 αὑτῇ
1342 1669 1369 1720 6
1409 1668 1670 1737 ἄγγελος,
1708 1666 1802 1719 καὶ

211 1761 314 1813 ὅσα
339 1761 390 1814 oi
423 1761 677 1829 ποιμένες
699 1758 878 1824 εἷπον,
908 1764 1168 1832 ἐπετήρει
1195 1762 1302 1832 γὰρ
1328 1760 1504 1814 ταῦτα
1540 1761 1633 1812 καὶ
1676 1774 1802 1811 συν-

215 1851 442 1903 έὸσλλεν
487 1853 545 1903 ὲν
587 1856 650 1921 τῇ
692 1853 887 1922 καρδία
931 1853 1124 1921 αὐτῆς,
1159 1853 1434 1918 τουτέστι,
1489 1850 1800 1920 συνέκρινε,

217 1944 314 1996 καὶ
344 1941 600 2014 εὕρισκεν
633 1947 696 1997 ὲκ
737 1946 948 1996 πάντων
979 1944 1105 2014 μίαν
1129 1934 1420 2013 σύμφωνον
1442 1943 1690 2014 γνώμην,
1721 1943 1803 1994 ὅτι

214 2034 349 2096 (ἔθεος
392 2036 542 2088 εστιν
589 2036 616 2088 6
665 2036 787 2097 Υἱὸς
840 2036 1032 2104 αὐτῆς.
1081 2036 1238 2105 Ἐμοὶ
1283 2035 1341 2089 δὲ
1386 2035 1535 2092 δοκεῖ
1581 2036 1804 2106 ῥήματα

215 2125 451 2180 ἐνταῦθα
479 2126 549 2181 τὰ
579 2129 879 2198 πράγματα
908 2128 1181 2195 λέγεσθαιο
1215 2129 1357 2182 ὥστε
1389 2125 1528 2181 εἶναι
1560 2128 1619 2181 τὸ
1646 2127 1803 2196 λεγό-

218 2238 380 2290 μενον
423 2220 684 2273 τοιςῖὖτον⁹
729 2224 761 2291 ή
812 2223 868 2274 δὲ
912 2223 1153 2293 Μαριὰμ
1197 2223 1484 2292 συνετήρει
1524 2221 1702 2275 πάντα
1734 2221 1804 2274 τὰ

217 2312 468 2382 ῥήματα,
499 2313 616 2383 ήτοι
647 2311 714 2366 τὰ
748 2312 1050 2383 πράγματα
1087 2311 1283 2378 ταῦτα,
1322 2313 1357 2367 ἀ
1392 2313 1486 2367 νῦν
1518 2312 1631 2377 ἐγὼ
1663 2311 1806 2380 λέγω

215 2407 313 2458 καὶ
349 2406 488 2458 ποιῶ
516 2401 655 2459 εἶναι
694 2407 934 2476 ῥήματα·
967 2408 1026 2460 τὸ
1057 2406 1162 2478 γὰρ
1200 2410 1435 2479 πρᾶγμα
1455 2408 1582 2461 ὅταν
1614 2407 1803 2478 λεχθῇ,

214 2495 425 2562 γίνεται
482 2499 656 2566 ῥῆμα·
695 2499 1039 2570 ὑπέστρεψαν
1084 2499 1141 2552 δὲ
1187 2501 1236 2551 οἱ
1273 2501 1533 2570 ποιμένες
1578 2501 1804 2570 εὐχαρι-

216 2586 474 2650 στοῦντες
494 2589 569 2657 τῷ
597 2589 716 2659 Θεῷ
740 2593 832 2643 ἐπὶ
867 2593 1038 2645 πᾶσιν
1071 2609 1084 2623 ·
1119 2591 1180 2644 οὐ
1213 2593 1322 2663 γὰρ
1357 2589 1492 2664 ἦσαν
1521 2591 1806 2662 φθονεροὶ,

217 2680 362 2730 κατὶ
392 2679 519 2741 τοὺς
559 2680 864 2744 Ἰουδαίους.

295 2787 313 2819 ι
355 2772 464 2823 Καὶ
505 2764 595 2824 Ere
641 2773 992 2844 έπλήσθησαν
1054 2777 1260 2847 ήμέραι
1308 2775 1453 2830 ὀκτὼ
1508 2777 1603 2830 τοῦ
1649 2793 1808 2847 περι-

215 2867 408 2932 τεμεῖν
433 2866 616 2930 αὐτζν,
649 2869 742 2920 καὶ
776 2869 979 2940 ἐκλήθη
1015 2870 1074 2922 τὸ
1095 2870 1267 2940 ὄνομα
1284 2870 1451 2925 αὐτοῦ
1491 2871 1718 2942 Ἰησοῦς,
1750 2870 1811 2924 τὸ

220 2955 424 3024 κληθὲν
459 2957 562 3035 ὐπδ
587 2958 679 3010 τοῦ
711 2957 944 3026 ἀγγέλου
977 2960 1083 3031 πρὸ
1118 2960 1214 3013 τοῦ
1245 2956 1620 3030 συλληφθῆναι
1645 2960 1811 3015 αὐτὸν

220 3053 280 3101 ἐν
305 3052 370 3120 τῇ
400 3050 601 3121 κοιλίᾳο
632 3051 728 3103 καὶ
755 3053 843 3105 ὅτε
871 3052 1220 3123 ἐπλήσθησαν
1259 3054 1314 3105 αί
1354 3053 1556 3124 ἡμέραι
1585 3052 1678 3107 τοῦ
1707 3068 1810 3107 κα-

924 352 1370 419 ENARRATIO
1405 350 1486 414 IN
1524 340 2029 410 EVANGELIUM
2060 337 2296 406 LUC/1‘3.
2327 356 2396 370 '-'
2435 334 2600 396 CAP.
2625 333 2710 393 II.

605 476 1003 546 ἀξιωθήσονται
1082 472 1244 526 θείων
1320 465 1611 538 θεαμάτων
1698 458 1793 514 καὶ

1921 457 2123 522 livinis,
2177 466 2230 510 et
2294 452 2684 509 auditionibus.
2727 446 3009 504 Bethleem
3064 445 3495 512 interpretamur

3393 319 3496 382 726

1899 553 2119 609 domum
2170 550 2349 620 panis.
2384 547 2515 613 Quae
2548 552 2730 599 autem
2791 541 2895 596 alia
2934 548 3020 593 est
3064 538 3260 591 domus
3310 531 3488 604 panis.

1900 663 2062 718 quam
2097 643 2363 706 Ecclesia,
2391 642 2441 693 in
2491 653 2596 709 qua
2637 635 2793 706 panis
2842 631 3006 703 287
3059 627 3330 696 repositus
3355 622 3492 678 est?

1899 738 2147 795 OlIicium
2199 738 2383 804 itaque
2407 729 2773 803 Spiritualinm
2809 735 3085 795 pastorum
3124 719 3310 780 fuerit,
3350 730 3496 786 qua:-

1878 847 2025 887 'rere
2051 845 2247 902 panem
2282 829 2588 891 caelestem,
2618 836 2779 893 quem
2822 835 2945 873 cum
2982 815 3244 879 viderint,
3294 811 3495 865 debent

1903 899 2068 981 illum
2091 934 2144 977 et
2196 921 2321 974 aliis
2354 917 2656 988 prmdicarc
2683 931 2697 967 :
2725 914 2870 968 sicut
2899 918 2954 962 ct
2989 917 3239 977 pastores
3290 900 3382 972 qui
3417 899 3499 953 vi-

1899 1016 2415 1078 deruntinlantem,‘
2436 1010 2603 1066 locuti
2632 1017 2758 1062 sunt
2791 1007 2854 1060 de
2882 1018 2947 1058 co
2978 1012 3029 1056 ct
3063 999 3206 1052 aliis.

1975 1203 2144 1256 Vens.
2185 1199 2271 1260 l9,
2302 1195 2395 1248 20.
2432 1211 2449 1244 ι
2502 1191 2669 1244 Maria
2717 1197 2896 1239 autem
2932 1174 3288 1231 conservabat
3318 1166 3498 1220 omnia

1904 1295 2070 1353 verba
2111 1295 2246 1357 bam,
2279 1288 2570 1344 conferens
2602 1283 2654 1335 in
2687 1278 2850 1332 corde
2888 1288 3009 1328 suo.
3039 1270 3104 1324 Et
3133 1265 3339 1321 reversi
3376 1267 3504 1315 sunt

1906 1399 2154 1463 pastores
2216 1383 2592 1456 gloriﬁcantes
2653 1391 2716 1428 ac
2769 1369 3057 1424 laudantes
3121 1362 3292 1416 Deum
3340 1367 3505 1422 super

1905 1483 2162 1539 omnibus
2200 1492 2320 1548 quae
2364 1473 2655 1528 audierant
2700 1474 2753 1520 et
2789 1465 3042 1518 viderant
3076 1458 3149 1512 ita
3193 1464 3253 1508 ut
3301 1451 3502 1507 dictum

1906 1576 2082 1631 fuerat
2104 1573 2254 1642 ipsis.
2271 1589 2287 1620 ι
2318 1567 2450 1634 Quae
2468 1564 2632 1616 verba
2659 1555 3026 1632 conservabat
3043 1547 3244 1618 Virgo?
3268 1542 3500 1610 Quidam

1908 1669 2098 1723 dicunt
2145 1661 2290 1733 quod
2345 1675 2406 1712 ea
2447 1671 2566 1726 qua:
2614 1650 2838 1721 angelus
2887 1647 2940 1702 ei
2990 1644 3239 1704 dixerat,
3292 1647 3343 1691 et
3383 1647 3507 1702 qua:

1907 1768 2159 1832 pastores
2196 1759 2593 1812 narraverant,
2624 1739 2969 1801 conservarit
3014 1747 3069 1790 et
3098 1730 3391 1788 contulerit
3425 1742 3507 1780 se-

1909 1829 2057 1914 cum,
2091 1846 2472 1911 inveneritque
2503 1842 2554 1894 in
2577 1837 2832 1894 omnibus
2852 1829 3182 1888 sententiam
3206 1833 3506 1880 consonam

1908 1957 2104 2008 unam,
2150 1938 2292 2008 quod
2331 1935 2474 1990 Deus
2506 1933 2576 1986 sit
2603 1928 2774 1985 Filius
2805 1941 2958 1980 suus.
3008 1921 3140 1975 Mihi
3191 1925 3371 1972 autem
3423 1915 3507 1968 vi-

1910 2006 2110 2090 dentur
2141 2006 2302 2084 verba
2347 2026 2452 2080 hoc
2489 2022 2607 2077 loco
2635 2034 2725 2074 res
2756 2016 2839 2071 vel
2869 2021 3022 2086 gesta
3056 2009 3187 2071 dici,
3220 2017 3276 2062 et
3299 2006 3352 2060 id
3386 2016 3506 2058 esse

1909 2127 2054 2200 quod
2077 2125 2276 2180 dicitur
2307 2117 2512 2173 :Maria
2538 2124 2718 2169 autem
2749 2103 3114 2164 conservabat
3138 2102 3318 2156 omnia
3339 2095 3506 2151 verba

1911 2187 2050 2283 liae,
2085 2215 2138 2269 id
2168 2224 2282 2275 est,
2313 2218 2463 2281 gesta
2502 2207 2615 2261 haec
2637 2217 2758 2272 quae
2797 2213 2944 2253 nunc
2989 2210 3090 2266 ego
3122 2194 3244 2247 dico
3273 2198 3328 2244 et
3369 2187 3513 2242 iacio

1909 2328 2031 2371 esse
2061 2309 2246 2366 verba.
2276 2305 2439 2360 Gesta
2468 2301 2614 2357 enim
2652 2293 2870 2365 quando
2902 2297 3219 2348 narrantur,
3254 2283 3514 2336 dicuntur

1911 2407 2098 2464 verba.
2136 2403 2306 2458 Porro
2341 2406 2591 2466 pastores
2628 2387 2834 2445 reversi
2879 2389 3008 2439 sunt
3053 2377 3256 2460 gratias
3288 2379 3514 2444 agentes

1913 2501 2023 2555 Deo
2061 2499 2113 2552 in
2143 2463 2422 2552 omnibus.
2454 2486 2642 2554 Neque
2664 2480 2808 2536 enim
2832 2476 2990 2532 erant
3024 2469 3189 2527 invidi
3224 2480 3283 2524 ut
3311 2463 3509 2522 Judrei.

1987 2773 2149 2827 Vens.
2191 2764 2385 2822 (ΞΩ-24.
2442 2781 2460 2814 ι
2525 2760 2590 2814 Et
2632 2765 2921 2828 postquam
2971 2744 3339 2807 consummati
3389 2751 3518 2800 sunt

1916 2868 2030 2922 dies
2086 2871 2210 2918 octo
2259 2868 2318 2914 ut
2367 2851 2860 2912 circumciderclur
2909 2859 3073 2915 puer,
3128 2850 3383 2903 vocatum
3432 2844 3520 2893 est

1917 2973 2114 3017 nomen
2150 2955 2272 3026 ejus
2323 2950 2516 3015 Iesus,
2569 2941 2714 3014 quod
2757 2950 3010 2995 vocatqu
3055 2943 3175 2992 erat
3210 2933 3280 2987 ab
3323 2930 3519 3000 angelo

1918 3052 2234 3122 priusquam
2273 3047 2326 3099 in
2377 3051 2536 3097 utero
2581 3036 2985 3104 conciperetur.
3039 3031 3105 3083 Et
3155 3033 3512 3095 posteaquam

223 3117 497 3239 θαρι-σμοῦ
526 3117 707 3192 αὐτῶν
740 3141 879 3194 κατὰ
919 3117 1009 3196 τὸν
1038 3117 1200 3211 νόμον
1231 3117 1497 3208 Μωσέως,
1533 3143 1810 3212 ἀνήγαγον

1921 3117 2172 3212 completi
2210 3138 2440 3194 fuissent
2483 3133 2601 3188 dies
2627 3125 2972 3200 purgationis
2996 3137 3186 3178 eorum
3213 3117 3516 3175 secundum

2147 3231 2196 3239 --
2305 3230 2318 3239 -
2455 3227 2506 3239 ..
2795 3233 2909 3239 μω
2957 3211 3394 3239 “humum”...
3462 3215 3516 3239 η,

220 3233 389 3286 αὑτὸν
408 3234 485 3296 είς
515 3233 886 3304 Ἱεροσόλυμα,
913 3239 1263 3305 παραστῆσαι
1285 3234 1362 3306 τῷ
1379 3235 1569 3308 Κυρίῳ
1595 3253 1608 3267 ⁶
1628 3234 1812 3301 καθὼς

224 3326 538 3394 γέγραπται
566 3329 622 3378 ὲν
652 3327 800 3396 νόμῳ
823 3328 1050 3397 Κυρίου,
1087 3329 1167 3381 ὅτι
1201 3330 1315 3382 Πᾶν
1346 3329 1514 3400 ἄρσεν
1543 3329 1815 3400 διανοῖγον

227 3418 466 3488 μήτραν,
491 3416 646 3485 ἄγιον
676 3418 753 3489 τῷ
783 3421 974 3491 Κυρίῳ
1013 3421 1368 3492 κληθήσεται,
1394 3421 1604 3475 καὶτοῦ
1628 3417 1814 3477 δοῦναι

225 3508 420 3563 ουσίαν
455 3511 598 3564 κατὰ
627 3512 691 3564 τὸ
734 3513 1026 3582 εἰρημένον
1070 3516 1128 3567 ἐν
1168 3517 1318 3586 νόμῳ
1359 3516 1590 3586 Κυρίου,
1622 3502 1816 3586 ζεῦγος

223 3602 529 3670 τρυγόνων,
584 3602 613 3672 ῆ
658 3603 750 3655 δύο
778 3605 1031 3668 νεοσσοὺς
1060 3609 1421 3678 περιστερῶν.
1454 3627 1473 3662 ι
1510 3607 1618 3662 Τοῦ
1650 3610 1816 3679 νόμου

224 3693 412 3756 δόντος
435 3695 678 3757 ἐντολὰς,
698 3698 746 3748 at
769 3698 1203 3767 παραϐαίνοντες
1223 3698 1427 3765 ταύτας
1446 3702 1552 3754 ὑπὸ
1574 3703 1819 3774 κατάραν

225 3779 385 3854 ἦσαν.
424 3786 482 3839 '0
512 3787 690 3841 τοίνυν
719 3789 924 3860 Κύριος
953 3793 1361 3863 περιτέμνεται,
1396 3795 1484 3848 ἶνα
1519 3797 1621 3850 κάν
1645 3796 1820 3868 τούτῳ

228 3878 530 3948 πληρώσας
560 3881 650 3934 τὸν
691 3883 855 3948 νόμον
898 3884 993 3936 καὶ
1030 3886 1197 3960 μηδὲν
1226 3885 1477 3956 ὲλλείψας
1514 3882 1588 3942 ὧν
1613 3889 1820 3953 ἐκεῖνος

227 3967 577 4033 δντέταλκεν,
623 3971 874 4041 ἐξέληται
927 3974 1075 4042 ἡμᾶς
1117 3961 1226 4044 τῆς
1271 3976 1520 4046 κατάρας
1564 3992 1575 4002 ·
1630 3977 1821 4048 ἐντρέ-

236 4078 444 4115 ταυνται
469 4064 524 4116 δὲ
553 4062 803 4117 ἐντεῦθεν
835 4068 885 4119 oi
917 4065 1190 4135 λέγοντες,
1221 4069 1306 4122 ὅτι
1341 4069 1486 4123 κατὰ
1516 4071 1823 4139 φαντασίαν

230 4155 546 4226 ἑταρκώθη.
576 4157 697 4220 Πῶς
728 4158 836 4228 γὰρ
867 4161 1211 4232 περιετμήθη
1238 4199 1252 4224 ,
1279 4161 1328 4214 εί
1352 4162 1493 4216 κατὰ
1519 4164 1823 4233 φαντασίαν

231 4248 330 4299 ica
342 4245 560 4318 ρκώθη;
593 4248 877 4319 ’Λνρνητον
902 4251 959 4304 δὲ
990 4253 1084 4304 καὶ
1111 4252 1173 4305 τὸ
1195 4252 1470 4319 ἐξετάζειν
1493 4255 1595 4308 ποῦ
1619 4258 1734 4310 ἐστι
1764 4256 1824 4312 τὸ

231 4338 550 4410 ἀποτμηθὲν
595 4342 770 4395 έκεῖνο
806 4343 1018 4414 μόριον⁴
1054 4343 1089 4398 ἀ
1123 4344 1232 4416 γὰρ
1283 4349 1316 4415 ἡ
1349 4347 1544 4418 Γραφὴ
1577 4348 1821 4402 ἀπεσιώ-

233 4448 436 4502 πησεν,
455 4435 516 4487 οὐ
539 4435 619 4487 δεῖ
638 4434 943 4504 ἐξετάζειν,
963 4438 1060 4491 καὶ
1093 4439 1268 4492 ταῦτα
1291 4441 1384 4494 ἐπὶ
1418 4443 1659 4514 μηδεμιᾷ
1680 4443 1823 4512 ὠφε-

1923 3240 2095 3308 legem
2147 3230 2354 3302 Moysi,
2403 3227 2751 3284 adduxerunt
2788 3233 2912 3292 eum
2957 3211 3419 3282 Hierosolymam,
3462 3215 3522 3262 ut

1921 3301 2182 3386 sisterent
2219 3301 2342 3378 eum
2391 3310 2654 3379 Domino,
2690 3313 2834 3368 sicut
2867 3309 3134 3378 scriptum
3177 3314 3263 3358 est
3305 3303 3357 3356 in
3403 3301 3522 3371 lege

1922 3415 2139 3475 Domini
2184 3431 2199 3469 :
2237 3411 2412 3468 Omne
2467 3405 2838 3464 masculinum
2884 3399 3210 3469 adaperiens
3260 3395 3520 3462 vulvam,

1922 3518 2171 3566 sanctum
2220 3502 2457 3559 Domino
2485 3497 2774 3554 vocabitur
2809 3514 2821 3550 :
2858 3504 2912 3549 et
2945 3500 3001 3546 ut
3049 3492 3243 3547 darent
3286 3486 3521 3542 hostiam

1923 3599 2222 3656 secundum
2251 3595 2395 3664 quod
2422 3591 2626 3646 dictum
2655 3584 2823 3643 estin
2852 3587 2970 3656 lege
3000 3583 3238 3644 Domini,
3279 3595 3377 3648 par
3406 3589 3522 3631 Iur-

1925 3705 2131 3756 turum,
2158 3697 2252 3745 aut
2270 3688 2408 3743 duos
2435 3683 2614 3757 pullos
2637 3680 3041 3736 columbarum.
3078 3695 3096 3728 ι
3133 3673 3237 3741 Qui
3265 3671 3524 3726 mandata
3599 3679 3604 3685 '

1923 3788 2058 3860 legis
2092 3781 2618 3857 praevaricabantur,
2650 3776 2755 3832 sub
2782 3770 3165 3828 maledictione
3200 3777 3380 3822 erant.
3419 3763 3524 3817 Do-

1925 3882 2109 3936 minus
2139 3877 2307 3948 igitur
2334 3870 2773 3935 circumciditur,
2807 3877 2865 3923 ut
2902 3866 3070 3921 etiam
3108 3864 3160 3917 in
3207 3861 3312 3916 hoc
3355 3860 3528 3912 adim-

1924 3970 2068 4042 pleta
2101 3969 2240 4037 lege,
2266 3975 2321 4021 et
2351 3962 2501 4019 nullo
2525 3959 2895 4032 praetermisso
2919 3955 3066 4028 quod
3090 3953 3182 4016 illa
3214 3949 3526 4011 mandabat,

1926 4063 2123 4133 eripiat
2152 4075 2254 4116 nos
2297 4074 2328 4114 a
2369 4056 2680 4113 maledicto.
2727 4052 3106 4107 Revereantur
3140 4046 3273 4102 hinc
3308 4045 3405 4114 qui
3445 4043 3531 4099 di-

1927 4166 2061 4215 cunt
2103 4153 2249 4226 quod
2284 4151 2544 4208 Chrisms
2577 4149 2900 4204 incarnatus
2942 4144 3014 4199 sit
3047 4147 3376 4213 apparenter
3414 4148 3532 4191 tan-

1928 4263 2064 4307 tum.
2095 4246 2381 4316 Quomodo
2410 4245 2557 4301 enim
2607 4239 2970 4298 circumcisus
3011 4237 3238 4301 luisset,
3284 4235 3329 4289 si
3368 4246 3531 4301 appa-

1926 4356 2113 4402 renter
2147 4345 2464 4397 incarnatus
2491 4336 2722 4393 fuisset?
2748 4332 3022 4388 lnutiliter
3048 4339 3233 4385 autem
3261 4327 3532 4396 qumritur

1927 4440 2022 4495 ubi
2052 4439 2124 4494 sit
2168 4437 2389 4492 absecta
2438 4432 2530 4488 illa
2573 4428 2862 4501 particula.
2898 4425 3032 4479 Nam
3083 4437 3204 4492 quae
3246 4421 3531 4488 Scriptura

234 4524 386 4596 λείᾳι
409 4526 525 4580 ἐστι
548 4526 602 4579 δὲ
625 4531 822 4592 εἰπεῖν,
849 4532 931 4583 ὅτι
963 4532 1084 4583 τότε
1118 4531 1217 4601 μὲν
1242 4532 1330 4584 ὅτε
1356 4511 1653 4604 ἀπετμήθη
1673 4575 1688 4598 ,
1723 4535 1813 4606 τῆς

1936 4532 2126 4597 tacuit,
2154 4545 2216 4586 ea
2241 4541 2491 4600 quaerere
2522 4539 2629 4580 non
2661 4529 2897 4592 oportet,
2928 4517 3233 4588 praesertim
3265 4515 3353 4568 ub=
3383 4511 3530 4566 nulla

234 4618 339 4687 γῆς
363 4617 602 4686 ᾁαῦσοίν,
624 4619 822 4690 ήγίασε
851 4623 1059 4691 ταύτην
1082 4662 1098 4688 ,
1131 4623 1324 4693 ὥσπερ
1356 4626 1450 4677 καὶ
1483 4626 1543 4677 τὸ
1571 4619 1710 4695 αἷμα
1735 4629 1830 4680 καὶ

233 4712 296 4764 τὸ
330 4711 506 4783 ὕδωρ,
538 4712 574 4767 ἄ
607 4715 672 4768 ὲκ
705 4714 807 4784 τῆς
838 4716 1078 4786 πλευρᾶς
1116 4717 1282 4771 αὑτοῦ
1313 4719 1581 4790 ἔρρευσαν
1603 4737 1615 4750 ’
1644 4714 1726 4784 οἷς
1772 4720 1829 4773 δὲ

234 4801 345 4860 οἶδε
375 4806 578 4875 λόγοις,
621 4808 854 4878 ἐφύλαξε
900 4811 1058 4865 τοῦτο
1087 4811 1149 4864 τὸ
1185 4812 1374 4884 μόριον
1426 4813 1691 4877 ἀϐλαϐές·
1734 4815 1830 4868 καὶ

239 4901 380 4972 μετά
406 4899 508 4971 τὴν
556 4901 853 4956 ἀνάστασιν
900 4903 1308 4975 ἀναλαϐόμενος
1353 4904 1543 4971 τοῦτο,
1581 4906 1826 4978 ἠγέρθη,

236 4991 327 5045 ῖνα
368 4993 465 5046 καὶ
503 4994 644 5048 κατὰ
673 4995 832 5048 τοῦτο
880 4996 1182 5062 ἀνελλιπῶς
1219 4996 1361 5067 ἔχων
1417 4998 1655 5070 εὑρεθῇ·
1703 5000 1829 5054 ἐπεὶ

237 5081 334 5136 καῖ
359 5085 528 5154 ἡμεῖς
549 5085 757 5139 τέλειον
777 5085 837 5139 τὸ
858 5087 1132 5157 ἡμέτερον
1158 5088 1318 5157 σῶμα
1344 5089 1403 5143 έν
1433 5091 1498 5159 τῇ
1532 5091 1828 5145 ἀναστάσει

235 5174 656 5250 ἀποληψόμεθα.
710 5180 1025 5249 Σημείωσαι
1057 5181 1114 5233 δὲ
1145 5182 1226 5235 ὅτι
1255 5183 1354 5251 οὐχ
1391 5183 1507 5251 ἅμα
1541 5183 1621 5253 τῷ
1655 5185 1830 5237 εἰπεῖν

234 5273 328 5324 τὸν
354 5272 607 5339 ἄγγελον,
631 5273 763 5327 Ἰδοὺ
793 5275 1036 5346 συλλήψῃ
1061 5275 1194 5341 υίὺν,
1221 5276 1530 5347 συνελήφθη
1556 5278 1583 5330 6
1602 5276 1826 5348 Κύριος,

235 5363 377 5417 ἀλλὰ
413 5365 554 5435 μετά
592 5364 762 5418 ταῦτα
798 5368 887 5420 ὅτε
938 5367 1206 5438 ἠθέλησεν
1230 5385 1243 5398 ο
1301 5371 1401 5439 ῧρα
1431 5370 1538 5437 γὰρ
1583 5372 1632 5424 τί
1681 5372 1829 5441 λέγει

240 5450 497 5518 ἐνταῦθα,
533 5450 606 5503 Τὸ
641 5453 839 5522 κληθὲν
870 5455 975 5508 ὑπὸ
1023 5456 1111 5508 τοῦ
1144 5457 1380 5525 ἀγγέλου
1423 5461 1529 5529 πρὸ
1566 5461 1661 5514 τοῦ
1704 5466 1831 5515 συλ-

238 5540 518 5614 ληφθῆναι
548 5546 713 5598 αὑτὸν
742 5549 800 5600 ἐν
841 5550 906 5617 τῇ
940 5549 1148 5618 κοιλίᾳ·
1191 5553 1285 5604 καὶ
1315 5553 1410 5604 ἀπ’
1443 5553 1615 5622 αὐτῆς
1645 5555 1701 5608 δὲ
1732 5556 1830 5626 τῆς

240 5635 462 5700 λέξεως,
495 5637 772 5691 δείκνυται
821 5639 1009 5693 τοῦτο’
1050 5641 1111 5693 οὐ
1152 5644 1261 5712 γὰρ
1291 5641 1468 5705 εἶπεν,
1533 5647 1666 5700 Ἰδοὺ
1704 5649 1830 5700 συλ-

241 5725 562 5794 λαμϐάνειςο
587 5727 724 5793 ἀλλ’,
760 5729 894 5782 Ἰδοὺ
923 5729 1187 5802 συλλήψῃ.
1212 5733 1374 5787 Ὥστε
1398 5738 1458 5788 ἐκ
1481 5736 1685 5789 τούτων
1715 5739 1830 5791 ἔστι

243 5822 689 5890 σλλλογίσασθαι,
724 5824 804 5878 ὅτι
837 5826 902 5888 τῆ
932 5822 1052 5886 ὥρα
1082 5827 1181 5888 μὲν
1224 5829 1408 5891 ἐκείνη
1462 5832 1767 5888 συνελήφθη
1804 5837 1830 5887 ὁ

1934 4627 2163 4683 utilitas.
2196 4622 2311 4678 Dici
2346 4630 2532 4676 autem
2564 4623 2751 4688 posset
2783 4613 2927 4684 quod
2958 4608 3180 4682 quando
3212 4622 3274 4662 ea
3310 4607 3530 4662 absecta

1935 4730 2137 4776 terram
2161 4715 2358 4785 tetigit,
2384 4712 2530 4766 illam
2553 4721 2774 4780 quoque
2795 4701 3178 4769 sanctiﬁcarit,
3203 4698 3340 4753 sicut
3362 4695 3528 4751 etiam

1933 4812 2155 4882 sanguis
2185 4817 2240 4864 et
2275 4821 2413 4877 aqua
2444 4818 2566 4874 qua:
2597 4816 2664 4856 ex
2697 4796 3006 4864 latereejus
3037 4793 3329 4849 ﬂuxerunt:
3364 4786 3435 4843 Et
3457 4786 3534 4840 vi-

1933 4908 2093 4960 detur
2134 4902 2279 4973 qugd
2319 4898 2552 4955 servarit
2583 4893 2911 4965 particulam
2960 4888 3208 4952 illaesam,
3243 4893 3298 4938 et
3344 4883 3394 4935 in
3443 4893 3531 4935 re-

1933 4997 2274 5054 surrectione
2306 4995 2499 5049 iterum
2534 4984 2916 5056 resumpserit,
2948 4994 3006 5037 ut
3031 4991 3084 5036 et
3114 4980 3231 5035 haec
3262 4974 3528 5046 particula

1933 5105 2038 5145 non
2063 5087 2374 5143 inveniatur
2393 5084 2605 5140 deesse.
2627 5081 2835 5150 Quippe
2854 5089 2907 5134 et
2927 5092 3028 5132 nos
3044 5075 3097 5128 in
3126 5068 3530 5126 resurrectione

1934 5181 2237 5255 perfectum
2271 5172 2827 5248 corpus'resumpturi
2853 5184 3061 5226 sumus.
3082 5165 3324 5220 Observa
3347 5171 3529 5217 autem

1933 5279 2078 5348 quod
2118 5291 2222 5330 non
2257 5273 2442 5328 statim
2478 5281 2538 5325 ut
2570 5268 2709 5323 dixit
2767 5265 3011 5335 angelus,
3074 5261 3213 5315 Ecce
3255 5257 3530 5330 concipies

1933 5346 2151 5431 Filium,
2184 5373 2480 5432 conceptus
2511 5368 2595 5414 est
2629 5357 2912 5418 Dominus,
2945 5353 3041 5407 sed
3076 5359 3286 5420 postea,
3313 5346 3528 5418 quando

1934 5460 2120 5516 voluit.
2150 5457 2283 5512 Vide
2303 5457 2449 5511 enim
2481 5453 2611 5523 quid
2636 5452 2773 5505 dicat
2806 5451 2907 5504 hoc
2935 5442 3247 5512 ὶοοο.ρ;ιοι1
3278 5450 3528 5497 vocatum

1933 5565 2016 5609 est
2046 5555 2114 5609 ab
2139 5551 2333 5622 angelo
2381 5549 2694 5618 priusquam
2735 5543 3116 5611 conciperetur
3147 5540 3201 5594 in
3236 5547 3440 5591 utero.,
3469 5535 3531 5588 Et

1934 5648 2037 5703 hoc
2069 5647 2239 5701 verbo
2274 5641 2584 5699 ostenditur
2633 5638 2683 5693 id
2735 5638 2876 5706 quod
2925 5634 3181 5688 diximus.
3227 5627 3346 5684 Non
3383 5628 3527 5681 enim

1934 5738 2092 5801 dixit,
2160 5738 2299 5792 Ecce
2335 5733 2595 5803 concipis,
2654 5730 2770 5794 sed,
2831 5728 2971 5782 Ecce
3018 5722 3313 5792 concipies.
3357 5721 3530 5786 Atqu"

1935 5847 2002 5886 ex
2038 5829 2121 5887 bis
2153 5827 2591 5882 animadvertere
2627 5821 2774 5876 lirel,
2827 5818 2970 5882 quod
3005 5816 3138 5870 liora
3177 5809 3400 5881 quidem
3441 5806 3526 5862 illa
