4028 6412
556 395 657 455 727

1466 387 1771 448 TIIEOPl-I
1782 382 2047 445 YLACTI
2088 375 2504 443 BULGAl’iI/E~
2537 372 2892 436 ARCHIEP.

3710 352 3819 419 728

559 522 852 578 conceptus
884 509 1044 564 fuerit
1073 507 1332 562 Dominus
1358 526 1369 560 :
1401 522 1504 561 non
1530 514 1709 560 autem
1736 505 1831 560 illo
1857 510 2123 557 momento

2240 498 2462 566 Κύριος,
2493 495 2556 549 οὐ
2593 495 2700 565 μὴν
2735 492 2870 561 αὐτῇ
2895 489 2960 558 τῇ
2996 487 3201 555 στιγμῇ
3233 481 3354 578 καθ’
3387 480 3452 550 ἢν
3541 471 3820 578 ’ξγγελος

562 617 670 670 quo
700 602 916 670 angelus
946 601 1112 664 dixit;
1147 601 1239 654 sed
1271 601 1410 652 forte
1441 605 1792 666 posteaquam
1838 592 2132 657 complevit

558 706 856 746 sermones.
874 691 1042 762 288
1058 689 1178 745 Haec
1197 701 1374 743 autem
1395 703 1498 742 non
1517 688 1814 742 dixerimus
1832 683 2126 741 delinitive.

561 781 766 854 lmpleti
801 792 979 836 autem
1011 792 1136 836 sunt
1169 782 1280 835 dies
1314 780 1652 852 purgationis
1685 780 1897 832 illorum
1931 789 2128 831 secun-

558 874 684 924 dum
746 873 912 940 legem
967 872 1120 926 MOsi.
1179 873 1322 925 Bene
1395 871 1531 925 dixit
1605 871 1900 925 secundum
1959 868 2127 935 legem

561 960 689 1015 Mosi
724 962 766 992 ⁸⁸
795 979 808 1015 :
836 977 955 1014 nam
992 963 1290 1017 secundum
1324 963 1605 1016 veritatem
1633 961 1776 1015 nulla
1810 959 2130 1013 necessitate

563 1053 723 1120 Virgo
744 1055 1159 1124 astringebatur
1200 1065 1514 1122 exspectare
1549 1054 1664 1107 dies
1705 1050 2126 1122 puriﬁeationis,

555 1143 645 1210 qui
679 1156 802 1197 sunt
828 1147 1207 1214 quadraginta,
1249 1154 1373 1199 nato
1402 1161 1567 1199 mare.
1617 1143 1827 1198 Dictum
1852 1143 1996 1198 enim
2046 1151 2131 1195 est

556 1235 608 1286 in
642 1234 778 1301 lege,
812 1235 999 1288 Mulier
1027 1251 1147 1304 quae
1173 1247 1424 1304 suscepto
1459 1238 1668 1290 semine
1695 1236 2045 1303 conceperit,
2078 1243 2130 1288 et

557 1325 825 1392 pepererit
869 1328 1186 1380 masculum.
1227 1325 1392 1396 Virgo
1423 1337 1602 1380 autem
1648 1342 1754 1380 non
1789 1326 2036 1395 concepit
2065 1327 2130 1379 de

556 1416 792 1479 semine,
844 1420 934 1471 sed
976 1435 1040 1471 ex
1073 1419 1276 1486 Spiritu
1307 1429 1492 1473 saneto
1522 1421 1726 1487 peperit
1766 1439 1778 1473 :
1812 1420 1952 1472 unde
1988 1418 2129 1470 nulla

555 1506 696 1559 illam
726 1510 1022 1562 necessitas
1050 1511 1311 1578 urgebat;
1340 1514 1432 1563 sed
1465 1511 1648 1564 volens
1681 1511 1904 1579 implere
1932 1509 2123 1578 legem,

556 1601 700 1652 venit
737 1599 789 1652 in
832 1603 1110 1669 templum.
1147 1603 1327 1665 Quare
1359 1613 1534 1656 autem
1567 1604 1620 1656 in
1656 1604 1892 1655 masculo
1924 1609 2126 1666 septem

555 1692 691 1755 dies,
745 1694 795 1744 in
849 1696 1074 1747 muliere
1127 1709 1254 1747 vero
1291 1695 1372 1748 bis
1423 1696 1685 1748 totidem?
1735 1694 1916 1749 Mulier
1959 1695 2124 1756 enim,

557 1784 748 1850 inquit,
789 1785 831 1837 si
859 1795 1112 1854 suscepto
1141 1787 1347 1840 semine
1376 1790 1676 1840 masculum
1706 1787 1993 1853 pepererit,
2025 1786 2124 1837 itn-
2157 1799 2203 1856 Β

556 1876 752 1928 munda
803 1879 904 1930 erit
948 1888 1152 1947 septem
1198 1879 1384 1933 diebus
1427 1897 1440 1931 :
1488 1880 1567 1932 sin
1612 1888 1790 1931 autem
1839 1878 2123 1940 feminam,

555 1966 831 2022 immunda
868 1969 971 2023 erit
1014 1970 1222 2023 duabus
1272 1971 1719 2024 hebdomadibus.
1763 1970 2029 2036 Quoniam
2065 1984 2124 2022 ea

553 2071 671 2122 quae
694 2059 962 2126 pepererit
994 2059 1137 2127 quod
1164 2060 1462 2112 masculum
1497 2071 1604 2122 est,
1642 2063 1934 2113 secundum
1959 2061 2125 2112 Adam

553 2151 605 2202 in
634 2151 889 2203 mundum
943 2152 1169 2205 induxit.
1228 2153 1357 2219 Quae
1386 2168 1511 2205 vero
1546 2153 1686 2220 quod
1719 2152 2001 2214 muliebre,
2039 2163 2126 2204 se-

550 2241 777 2294 cundam
811 2240 974 2294 Evam
1019 2243 1315 2310 pepererit,
1360 2259 1455 2297 vas
1498 2252 1652 2310 putre
1688 2251 1741 2295 et
1781 2242 1980 2305 debile,
2013 2257 2114 2294 am-

551 2332 770 2396 phoram
808 2335 1117 2398 contritam,
1173 2335 1420 2387 baculum
1461 2333 1817 2403 deceptionis,
1859 2332 2122 2386 inductri-

548 2436 665 2476 cem
712 2423 1108 2477 inobedientir.
1165 2424 1316 2488 Quod
1366 2433 1544 2476 autem
1600 2424 1761 2486 dicit,
1813 2422 1982 2476 Omne
2032 2424 2126 2474 ad-

545 2515 794 2584 aperiens
862 2516 1075 2568 vulvam
1150 2525 1396 2570 sanctum
1454 2515 1682 2570 Domino
1730 2533 1742 2568 :
1795 2517 2009 2582 proprie
2059 2517 2124 2569 ad

547 2605 825 2660 Christum
861 2608 1034 2660 solum
1067 2608 1321 2675 pertinet.
1368 2607 1487 2675 Ipse
1511 2608 1886 2675 enituaperuit
1914 2606 2120 2659 vulvam

551 2696 824 2765 Virginis,
869 2714 990 2752 cum
1040 2699 1160 2751 aliis
1210 2699 1292 2750 vir
1335 2701 1544 2766 aperiat
1593 2697 1820 2750 vulvam.
1856 2697 2123 2750 Caeterum

547 2799 645 2848 par
676 2791 949 2837 turturum
995 2784 1175 2838 olIerri
1215 2783 1376 2852 jussit
1413 2788 1527 2846 lex,
1561 2786 1852 2837 ostendens
1887 2786 2025 2852 quod
2059 2799 2124 2839 ex

547 2887 699 2932 casto
719 2877 969 2945 conjugio
996 2887 1316 2944 procreatus
1341 2878 1433 2930 sit.
1465 2877 1657 2929 Dicunt
1688 2878 1829 2930 enim
1861 2888 2122 2930 turturem

545 2983 664 3021 esse
690 2978 897 3021 castum
925 2968 1146 3032 animal,
1202 2982 1432 3036 cumque
1459 2966 1741 3036 coniugem
1771 2970 1989 3031 amittit,
2017 2983 2121 3022 non

544 3061 786 3112 secundo
834 3073 890 3112 se
927 3058 1159 3126 copulet.
1195 3059 1326 3113 Cum
1357 3072 1534 3113 autem
1570 3075 1675 3113 non
1717 3060 1978 3113 baberent
2008 3069 2125 3112 tur-

2232 591 2436 657 ἕλεγεν,
2481 588 2616 641 ἀλλᾶ
2665 585 2856 654 τυχὸν,
2906 582 2994 634 ὅτε
3063 576 3374 630 συνετέλεσε
3425 569 3551 631 τοὺς
3596 567 3813 634 λόγους.

2234 681 2418 735 Ταῦτα
2448 681 2502 733 δὲ
2538 680 2598 732 οὺ
2640 675 2988 746 δογματικῶς
3029 672 3285 738 λέγομεν.
3341 662 3725 733 Ἐπλὴσθησαν
3757 657 3815 710 δὲ

2235 775 2291 827 αἰ
2334 773 2538 843 ἡμέραι
2591 768 2686 822 τοῦ
2737 763 3080 835 καθαρισμοῦ
3128 760 3309 814 αὐτῶν
3346 758 3486 810 κατὰ
3522 754 3616 806 τὸν
3647 751 3815 821 νόμον

2235 841 2493 924 Μωσέως.
2528 860 2725 922 Καλῶς
2755 854 2876 910 εἶπε
2903 854 3044 910 κατὰ
3066 853 3156 904 τὸν
3180 851 3342 918 νόμον
3372 847 3636 908 Μωσέως·
3671 841 3814 895 κατὰ

2233 955 2339 1024 γὰρ
2387 954 2484 1021 τὴν
2533 951 2813 1020 ἀλήθειαν,
2847 947 2946 1000 οὐκ
2989 941 3134 1013 εἶχεν
3183 939 3492 1007 ἀνάγκηνὴ
3538 933 3817 1003 Παρθένος

2234 1045 2546 1114 περιμένειν
2595 1044 2693 1104 τὰς
2739 1040 2954 1110 ἡμέρας
3025 1035 3117 1087 τοῦ
3182 1028 3552 1097 καθαρισμοῦ,
3609 1027 3816 1088 αἵτινες

2232 1129 2370 1202 ἦσαν
2414 1131 2850 1200 τεσσαράκοντα,
2890 1127 2983 1179 ἐπὶ
3035 1126 3225 1193 ἄρσενι
3266 1118 3533 1188 τεχθέντι.
3584 1117 3818 1183 Εἴρηται

2233 1227 2340 1293 γὰρ
2372 1226 2429 1275 ἐν
2462 1223 2539 1291 τῷ
2582 1221 2760 1290 νόμῳξ·
2789 1219 2931 1287 Γυνὴ
2974 1217 3097 1285 ἦτις
3135 1215 3229 1266 ἐὰν
3277 1208 3683 1278 σπερματισθῇ,
3719 1204 3818 1256 καὶ

2231 1317 2364 1384 τέκῃ
2415 1315 2609 1383 ἄρσεν·
2658 1313 2690 1381 ή
2743 1310 2799 1362 δῖε
2873 1307 3146 1376 Παρθένος
3203 1305 3302 1356 οὐκ
3358 1297 3814 1367 ὲσπερματίσθη,

2232 1405 2346 1459 ἀλλ’
2382 1409 2445 1457 ὲκ
2493 1403 2812 1472 Πνεύματος
2864 1399 3019 1466 ἁγίου
3064 1397 3249 1447 ἔτεκεν
3327 1393 3468 1442 ὥστε
3515 1391 3616 1440 οὐκ
3665 1384 3817 1448 εἶχεν

2232 1500 2500 1566 ἀνάγκην,
2529 1495 2663 1547 ἀλλὰ
2686 1492 3085 1564 πληρῶσαι¹τδν
3107 1487 3268 1556 νόμον
3300 1485 3553 1542 θέλουσα,
3583 1478 3820 1549 ἀνῆλθεν

2233 1592 2310 1652 εἰς
2343 1589 2402 1640 τὸ
2439 1589 2604 1650 ἱερόν.
2644 1585 2742 1637 Διὰ
2772 1583 2903 1636 τίδὲ
2937 1584 3028 1634 ἐπὶ
3063 1583 3160 1650 μὲν
3188 1577 3376 1646 ἄρσενι
3416 1574 3555 1624 ἑπτὰ
3585 1571 3817 1640 ἡμέραι,

2232 1681 2323 1732 ἐπὶ
2346 1679 2402 1732 δὲ
2436 1678 2623 1748 θηλείᾳ
2654 1675 2865 1741 διπλαῖ;
2895 1673 3035 1741 Γυνὴ
3066 1671 3197 1740 γὰρ,
3224 1667 3412 1738 φησιν,
3441 1664 3536 1716 ἐὰν
3567 1678 3822 1731 σπερμα-

2232 1773 2407 1842 τισθῇ.
2458 1773 2548 1823 καὶ
2593 1770 2729 1840 τέκη
2779 1766 2969 1836 ἄρσεν,
3021 1763 3161 1815 ἑπτὰ
3213 1761 3424 1830 ἡμέρας
3498 1755 3820 1823 ἀκάθαρτος

2233 1867 2404 1919 ἔσται·
2439 1865 2532 1916 ἐὰν
2559 1863 2615 1914 δὲ
2647 1861 2802 1931 θῆλυ,
2829 1859 2910 1920 δὶς
2939 1856 3095 1923 ἑπτά.
3138 1852 3361 1927 Ἐπειδὴ
3390 1853 3422 1918 ἡ
3450 1849 3549 1920 μὲν
3576 1843 3820 1899 τεκοῦσα

2232 1960 2291 2012 τὸ
2316 1960 2511 2028 ἄρσεν,
2542 1954 2796 2024 δεὲτερον
2831 1952 3003 2019 Ἀξὰμ
3029 1952 3106 2011 εἰς
3139 1947 3229 1998 τὸν
3264 1948 3467 2011 κόσμον
3494 1941 3816 2010 εἰσήγαγεν·

2233 2055 2263 2118 ἡ
2325 2052 2382 2103 δὲ
2443 2050 2501 2102 τὸ
2550 2047 2718 2116 θῆλυ,
2754 2042 3014 2109 δευτέραν
3052 2038 3194 2092 Εὔαν
3247 2037 3453 2099 ἔτεκεν,
3503 2038 3563 2085 το
3613 2031 3819 2100 σαθρὸν

2233 2143 2448 2205 σκεῦος,
2479 2141 2541 2193 τὸ
2578 2137 2804 2197 ἀσθενὲς
2840 2135 3081 2200 ἀγγεῖον,
3119 2132 3178 2183 τὸ
3218 2125 3686 2197 συντετριμμένον
3718 2139 3820 2175 κε-

2235 2230 2448 2303 ράμιον,
2477 2232 2574 2301 τὴν
2604 2226 2906 2299 βακτηρίαν
2937 2227 3034 2294 τῆς
3067 2224 3307 2290 ἀπάτης,
3339 2221 3438 2289 τὴν
3469 2217 3819 2288 χειραγωγὸν

2230 2327 2328 2391 τῆς
2361 2323 2671 2394 παρακοῆς.
2721 2320 2827 2375 Τοῦ
2861 2319 2915 2371 δὲ
2953 2319 3116 2384 νόμου
3150 2315 3426 2380 λέγοντος·
3472 2313 3589 2364 Πᾶν
3633 2310 3819 2366 τδιδι-

2231 2422 2445 2486 ανοῖγον
2474 2419 2706 2487 μήτραν,
2737 2416 2891 2482 ἅγιον
2915 2412 2993 2482 τῷ
3023 2410 3208 2480 Κυρίῳ
3229 2449 3243 2474 ,
3274 2410 3350 2470 εις
3382 2406 3619 2476 Χριστὸν
3651 2406 3818 2475 μόνον

2231 2512 2433 2580 κυρίως
2465 2508 2624 2578 ἐξέϐη
2651 2507 2836 2560 τοῦτο·
2871 2505 3032 2566 αὐτὸς
3059 2503 3167 2572 γὰρ
3195 2500 3426 2570 διήνοιξε
3460 2499 3558 2568 τὴν
3595 2498 3819 2568 μήτραν

2227 2604 2323 2670 τῆς
2359 2601 2660 2668 Παρθένου,
2690 2596 2814 2650 ἐπεὶ
2844 2599 2963 2680 ταῖς
2993 2611 3057 2661 γε
3080 2592 3264 2651 ἄὶλαις
3295 2589 3589 2659 μητράσιν,
3614 2589 3641 2638 ὀ
3673 2590 3814 2656 ἀνὴρ

2228 2693 2490 2760 διανοίγει
2536 2691 2637 2761 τὴν
2682 2691 2916 2760 μήτραν.
2972 2686 3169 2754 Ζεῦγος
3218 2685 3273 2735 δὲ
3305 2684 3582 2754 τρυγόνων
3638 2697 3811 2749 προσ·

2230 2788 2419 2855 φέρειν
2451 2783 2732 2836 ἐκέλευσεν
2756 2783 2783 2834 ό
2804 2785 2967 2849 νόμος
2984 2818 2997 2840 ,
3016 2777 3275 2829 δεικνύων
3302 2776 3382 2826 ὅτι
3402 2774 3508 2826 ἀπὸ
3529 2776 3812 2840 σώφρονος

2229 2876 2489 2943 συζυγίας
2517 2876 2550 2942 ὴ
2581 2871 2923 2925 παιδοποιία·
2957 2869 3089 2938 φασι
3120 2869 3230 2935 γὰρ
3254 2867 3353 2936 τὴν
3384 2865 3653 2934 τρυγόνα,
3699 2864 3812 2915 σῶ-

2228 2985 2361 3038 φρον
2383 2961 2521 3018 εἴναι
2550 2964 2686 3028 ζῶον
2709 3004 2722 3027 ,
2752 2963 2891 3015 ὥστε
2917 2962 3010 3013 καὶ
3031 2957 3409 3010 ἀποϐαλοῦσαν
3433 2957 3524 3009 τὸν
3553 2956 3813 3023 σύζυγον,

2231 3060 2305 3129 μὴ
2339 3059 2795 3127 δευτερογαμείνο
2839 3055 2884 3107 el
2914 3053 2970 3105 δὲ
3013 3055 3087 3122 μὴ
3117 3047 3262 3121 εἶχον
3295 3053 3563 3122 τρυγόνας
3585 3091 3599 3112 ,
3638 3068 3811 3119 προσ-

549 3163 719 3215 tures,
744 3150 1048 3206 oﬂ‘erebant
1072 3157 1204 3206 duos
1239 3151 1410 3222 pullos
1435 3153 1829 3218 columbarum.
1858 3162 1915 3208 ut
1939 3153 2120 3206 multi-

2231 3155 2426 3224 έφερον
2454 3149 2546 3202 δύο
2582 3148 2830 3208 νεοσσοὺς
2859 3145 3218 3214 περιστερῶν,
3253 3145 3338 3195 ἵνα
3374 3145 3466 3196 ἐπὶ
3511 3144 3814 3213 πολυτοκίᾳ

547 3241 764 3308 plicatio
811 3243 980 3311 prolis
1031 3245 1184 3296 ﬁeret
1235 3243 1344 3297 vita
1407 3243 1558 3314 pueri
1608 3242 1784 3299 illius:
1839 3243 2124 3300 fecundum

548 3333 689 3387 enim
721 3334 918 3387 animal
948 3334 1216 3390 columba.

621 3423 787 3480 Vens.
823 3423 1020 3480 εει-δε.
1057 3443 1074 3475 ‹
1123 3426 1187 3485 Et
1212 3440 1340 3480 ecce
1386 3430 1546 3481 homo
1580 3442 1701 3480 erat
1735 3425 2125 3496 Hierosolymis

548 3517 635 3571 cui
677 3532 870 3592 nomen
918 3516 1164 3580 Simeon,
1211 3527 1262 3571 et
1295 3517 1456 3574 homo
1507 3519 1607 3574 iste
1635 3519 1819 3587 justus
1862 3535 1925 3574 ac
1970 3520 2123 3588 pius,

547 3615 870 3674 exspectans
893 3607 1316 3662 consolationem
1353 3607 1542 3672 Israel,
1571 3619 1622 3663 et
1649 3609 1882 3678 Spiritus
1907 3619 2127 3665 sanctus

548 3699 858 3766 erat‘super
884 3713 1006 3751 eum
1039 3714 1054 3750 :
1088 3708 1143 3751 et
1176 3714 1496 3756 responsum
1541 3711 1826 3768 acceperat
1859 3717 1888 3754 a
1922 3699 2123 3770 Spiritu

548 3795 764 3852 sancto,
799 3803 903 3842 non
936 3789 1181 3844 visurum
1215 3804 1274 3844 se
1310 3799 1562 3856 mortem,
1600 3793 1704 3846 nisi
1742 3793 1891 3860 prius
1922 3793 2127 3846 videret

547 3879 822 3933 Christum
847 3878 1080 3934 Domini.
1107 3881 1173 3934 Et
1192 3882 1340 3936 venit
1365 3897 1459 3950 per
1481 3882 1742 3952 Spiritum
1765 3883 1819 3936 in
1845 3885 2118 3952 templum.

549 3969 615 4021 Et
643 3985 765 4024 cum
796 3971 1117 4026 inducerent
1150 3988 1373 4041 puerum
1399 3971 1583 4028 Iesum
1607 3985 1858 4043 parentes
1890 3985 1947 4029 ut
1975 3974 2122 4032 lace-

550 4071 670 4116 rent
710 4066 1010 4118 secundum
1062 4066 1512 4120 consuetudinem
1575 4067 1706 4136 legis
1739 4083 1835 4136 pro
1884 4083 1969 4132 eo,
2008 4070 2123 4138 ipse

546 4167 760 4221 quoque
811 4155 1021 4222 accepit
1061 4171 1185 4208 eum
1235 4159 1286 4208 in
1337 4155 1489 4210 ulnas
1539 4172 1696 4221 suas,
1753 4169 1806 4210 et
1843 4158 2122 4214 benedixit

547 4243 738 4306 Deum,
772 4257 834 4297 ac
866 4245 1004 4297 dixit
1037 4263 1049 4297 :
1097 4243 1250 4297 Nunc
1284 4245 1518 4300 absolvis
1547 4262 1765 4300 servum
1805 4257 1976 4312 tuum,
2016 4250 2122 4302 Do-

547 4334 711 4398 mine,
746 4335 1040 4389 secundum
1072 4337 1289 4390 verbum
1322 4345 1493 4401 tuum,
1528 4340 1578 4391 in
1614 4353 1745 4406 pace
1777 4357 1789 4392 :
1818 4341 1941 4409 quia
1973 4341 2122 4397 vide-

544 4431 670 4476 runt
710 4425 853 4477 oculi
893 4426 994 4480 mei
1043 4426 1280 4480 salutare
1315 4435 1498 4492 tuum,
1549 4429 1692 4497 quod
1745 4430 1945 4499 parasti
1991 4441 2118 4485 ante

544 4514 735 4567 faciem
760 4516 1003 4568 omnium
1034 4515 1348 4584 populorum
1381 4517 1595 4572 :lumeu
1640 4519 1705 4573 ad
1733 4521 2116 4576 revelationem

543 4605 804 4670 gentium,
837 4615 891 4658 et
922 4606 1146 4674 gloriam
1195 4607 1366 4674 plebis
1414 4617 1516 4662 tua:
1563 4610 1748 4665 Israel.
1805 4630 1822 4661 ι
1853 4609 1968 4666 Non
2004 4624 2120 4667 erat

545 4694 762 4750 Simeon
791 4698 1064 4760 sacerdos,
1096 4698 1189 4752 sed
1222 4698 1382 4752 homo
1407 4699 1575 4753 Deum
1609 4716 1816 4767 amans,
1847 4712 1899 4756 et
1926 4718 2119 4773 exspe-

542 4798 695 4840 ctans
716 4789 931 4856 quando
961 4791 1140 4842 veniat
1164 4789 1412 4845 Christus
1437 4793 1818 4848 consolaturus
1842 4794 2116 4863 Hebraeos,

541 4886 594 4928 et
624 4877 956 4932 liberaturus
991 4894 1018 4931 a
1050 4879 1311 4933 servitute
1351 4883 1595 4948 peccati,
1644 4883 1784 4938 forte
1817 4892 1872 4937 et
1917 4899 1976 4939 ea
2008 4898 2113 4954 qua

539 4964 802 5021 Romanis
847 4978 901 5022 et
951 4969 1145 5022 llerodi
1198 4972 1532 5026 serviebant.
1580 4971 1714 5026 Nam
1763 4975 1852 5043 qui
1897 4975 2114 5030 Christo

543 5058 746 5121 credit,
779 5059 914 5112 liber
947 5073 1028 5114 est
1060 5077 1278 5128 revera,
1315 5073 1369 5116 et
1403 5064 1703 5119 honoratur
1737 5083 1766 5120 a
1807 5069 2020 5136 regibus
2050 5083 2114 5121 ac

549 5150 853 5205 hominibus
899 5153 1172 5206 Omnibus.
1218 5153 1351 5210 Vide
1395 5158 1706 5225 ap0stolos,
1747 5175 1849 5212 non
1897 5159 2116 5213 luerunt

547 5241 688 5293 servi
722 5241 1126 5297 Romanorum?
1152 5246 1247 5298 sed
1279 5261 1419 5301 nunc
1444 5259 1770 5302 venerantur
1797 5265 1890 5304 eos
1920 5250 2115 5303 Roma-

545 5345 735 5383 norum
784 5349 956 5402 reges.
1016 5337 1203 5405 Itaque
1267 5338 1363 5392 hos
1413 5356 1532 5392 cum
1583 5352 1764 5395 essent
1817 5323 2108 5408 Israelitm,

543 5423 856 5477 consolatus
889 5437 970 5478 est
1012 5427 1281 5484 Christus.
1316 5431 1482 5484 Porro
1514 5433 1598 5487 hic
1635 5433 1851 5488 Simeon
1905 5434 2108 5502 Spiritu

545 5526 732 5568 sancto
775 5531 953 5573 motus
991 5525 1228 5577 ascendit
1264 5525 1312 5577 in
1349 5526 1605 5594 templum
1637 5528 1852 5595 quando
1889 5530 2110 5583 adduxit

549 5609 824 5661 Dominum
866 5611 1056 5678 Mater,
1090 5626 1141 5669 et
1171 5631 1419 5687 suscepto
1463 5621 1584 5688 illo,
1632 5621 1796 5677 Deum
1831 5624 2109 5678 confessus

622 5785 657 5813 "
692 5787 857 5844 Levii,
899 5809 992 5849 χιι,
1024 5793 1073 5850 3,
1129 5795 1168 5846 ί.

2229 3245 2454 3313 γένηται
2478 3245 2510 3311 ἡ
2542 3241 2654 3310 ζωὴ
2689 3239 2781 3292 τοῦ
2807 3238 2994 3300 παιδὸς
3030 3238 3271 3289 ἐκείνου·
3311 3238 3344 3305 ἡ
3370 3236 3477 3306 γὰρ
3510 3237 3815 3306 περιστερὰ

2231 3335 2523 3389 πολύτοκον
2548 3333 2708 3396 ζῶον.

2303 3447 2323 3480 ι
2355 3427 2466 3481 Καὶ
2495 3427 2604 3479 ἰδοὺ
2627 3420 2695 3495 ἦν
2723 3423 3011 3494 ἄνθρωπος
3041 3425 3098 3475 ἐν
3138 3421 3496 3492 Ἰερουσαλὴμ
3516 3462 3532 3485 ,
3563 3415 3606 3487 ᾧ
3639 3423 3816 3490 ὖνομα

2230 3517 2481 3588 ⁸ιίυμιιών·
2509 3518 2604 3570 καὶ
2629 3518 2658 3569 ὁ
2677 3515 2772 3569 ἄνθ
2783 3530 2964 3585 ρωπος
2985 3505 3163 3579 οὗτος,
3186 3513 3397 3577 δίκαιος
3427 3513 3523 3566 καὶ
3552 3513 3813 3585 εὐλαϐὴς,

2229 3609 2659 3680 προσδεχόμενος
2685 3605 3033 3677 παράκλησιν
3063 3605 3160 3658 τοῦ
3195 3606 3430 3677 Ἰσραήλ·
3463 3605 3560 3658 καὶ
3587 3605 3815 3676 Πνεῦμα

2229 3703 2381 3770 ἆγιον
2412 3696 2478 3771 ἢν
2513 3700 2598 3753 ἐπ’
2649 3700 2832 3762 αὑτὸν,
2885 3698 2979 3751 καὶ
3011 3693 3080 3768 ἦν
3116 3698 3262 3767 αὑτῷ
3294 3699 3817 3768 κεχρηματισμένον

2229 3793 2332 3845 ὑπὸ
2380 3792 2475 3844 τοῦ
2533 3790 2851 3860 Πνεύματος
2891 3789 2986 3842 τοῦ
3027 3791 3223 3857 ἁγξου,
3269 3791 3344 3859 μὴ
3398 3789 3529 3843 ἰδεῖν
3577 3774 3817 3844 θάνατον

2227 3883 2356 3952 πρὶν
2401 3881 2434 3951 ἢ
2478 3880 2565 3952 ῐδῃ
2594 3881 2688 3934 τὸν
2731 3880 2968 3949 Χριστὸν
3003 3879 3244 3950 Κυρίου’
3285 3880 3381 3933 καὶ
3415 3875 3582 3951 ἦλθεν
3631 3883 3692 3932 ἐν
3735 3881 3818 3950 τῷ

2225 3974 2505 4042 Πνεύματι
2541 3975 2620 4034 εἰς
2651 3973 2711 4024 τὸ
2752 3973 2929 4042 ιερόψ
2975 3973 3067 4023 και¹
3114 3973 3171 4023 ἰν
3215 3971 3292 4040 τῷ
3335 3974 3654 4039 εἰσαγαγεῖν
3684 3973 3818 4034 τοὺς

2224 4069 2401 4134 γονεῖς
2427 4066 2486 4117 τὸ
2515 4063 2728 4117 παιδίον
2773 4063 2980 4135 Ἰησοῦν
3002 4104 3015 4128 ,
3056 4063 3150 4116 τοῦ
3186 4066 3414 4134 ποιῆσαι
3442 4065 3644 4128 αὐτοὺς
3669 4066 3818 4118 κατὰ

2222 4158 2281 4210 τὸ
2302 4156 2611 4224 εἰθισμένον
2632 4154 2725 4207 τοῦ
2749 4154 2915 4224 νόμου
2939 4155 3068 4224 περὶ
3087 4154 3270 4220 αὑτοῦ,
3294 4155 3390 4206 καὶ
3407 4154 3572 4218 αὐτὸς
3593 4155 3815 4220 ἐδέξατο

2224 4250 2353 4301 αὐτὸ
2377 4249 2456 4310 εἰς
2489 4248 2587 4310 τὰς
2611 4247 2853 4312 ἀγκάλας
2884 4245 3048 4298 αὐτοῦ
3068 4261 3082 4274 ⁸
3117 4246 3212 4297 καὶ
3246 4246 3509 4314 εὐλόγησε
3536 4248 3629 4299 τὸν
3652 4247 3812 4314 Θεὸν,

2228 4341 2321 4391 καὶ
2353 4334 2510 4392 εἴπεο
2549 4337 2663 4390 Νῦν
2701 4337 2960 4401 ἀπολύεις
3001 4338 3092 4390 τὸν
3137 4336 3321 4390 δοῦλόν
3363 4355 3479 4400 σου,
3521 4340 3812 4406 Δέσποτα,

2225 4431 2367 4483 κατὰ
2395 4433 2453 4483 τὸ
2485 4431 2635 4500 ῥῆμά
2664 4446 2782 4492 σου,
2831 4431 2887 4480 ὲν
2918 4431 3109 4500 εἰρήνῃ
3131 4446 3144 4458 ·
3177 4430 3256 4481 ὃτι
3285 4425 3427 4482 εἶδον
3457 4430 3506 4482 οἱ
3538 4430 3814 4499 ὀφθαλμοί

2226 4540 2324 4592 μου
2358 4522 2418 4574 τὸ
2460 4522 2726 4591 σωτήριόν
2760 4538 2851 4573 σου
2880 4561 2893 4584 ,
2921 4520 2949 4572 ὃ
2998 4521 3300 4590 ἡτοίμασας
3333 4525 3474 4574 κατὰ
3511 4523 3812 4592 πρόσωπον

2224 4614 2441 4667 πάντων
2479 4613 2590 4665 τῶν
2621 4612 2796 4664 λαῶν·
2837 4612 2952 4680 φῶς
2991 4613 3068 4673 εἰς
3099 4611 3447 4680 ἀποκάλυψιν
3473 4613 3680 4678 ἐθνῶν,
3715 4615 3812 4668 καὶ

2226 4705 2386 4770 δόξαν
2417 4705 2548 4758 λαοῦ
2585 4720 2679 4756 σου
2724 4704 2960 4773 Ἰσραήλ.
2997 4723 3015 4754 υ
3055 4704 3166 4756 Οὐκ
3189 4698 3257 4773 ἦν
3289 4707 3471 4774 ἱερεὺς
3498 4707 3526 4758 ὁ
3554 4706 3811 4776 Συμεὼν,

2221 4794 2336 4847 ἀλλ’
2365 4793 2461 4848 ἄνθ
2472 4811 2652 4862 ρωπος
2676 4792 2948 4864 θεοφιλὴς,
2973 4793 3069 4846 καὶ
3095 4795 3526 4865 προσδεχόμενος
3551 4797 3635 4849 δτι
3660 4799 3810 4853 ἐλεύ-

2225 4901 2375 4938 σεται
2404 4886 2432 4938 ὁ
2465 4885 2722 4955 Χριστὸς,
2756 4885 3294 4956 παραμυθησόμενος
3323 4888 3448 4948 τοὺς
3492 4886 3805 4956 Ἐϐραίους,

2224 4979 2317 5030 καὶ
2359 4977 2646 5030 ἀπολύσων
2678 4978 2776 5046 τῆς
2808 4976 3053 5038 δουλείας
3089 4976 3186 5046 τῆς
3219 4977 3324 5030 ὑπὸ
3355 4977 3454 5048 τὴν
3501 4981 3804 5050 ἁμαρτίαν,

2219 5071 2359 5137 τάχα
2392 5069 2448 5121 δὲ
2480 5069 2574 5121 καὶ
2603 5071 2702 5136 τῆς
2734 5068 2838 5120 ὑπὸ
2868 5069 2994 5131 τοὺς
3042 5068 3341 5138 Ῥωμαίους
3369 5071 3465 5123 καὶ
3492 5072 3585 5124 τὸν
3627 5075 3808 5142 Ἡρώ-

2221 5161 2318 5228 δην
2337 5177 2350 5190 °
2386 5163 2412 5213 ὁ
2436 5161 2542 5228 γὰρ
2575 5159 2651 5228 τῷ
2676 5159 2896 5228 Χριστῷ
2931 5159 3248 5223 πιστεύσας,
3277 5162 3560 5231 ἐλεύθερος
3591 5166 3670 5233 τῷ
3695 5166 3806 5218 ὄντι

2222 5253 2392 5311 ἐστὶν,
2429 5251 2533 5302 ὑπὸ
2561 5250 2824 5318 βασιλέων
2856 5251 2948 5304 καὶ
2984 5253 3201 5304 πάντων
3236 5253 3340 5304 τῶν
3381 5254 3690 5324 ἀνθριίλπων
3724 5275 3806 5309 τι-

2225 5344 2493 5412 μώμενος.
2527 5345 2629 5397 Ἰδε
2644 5346 2768 5405 τοὺς
2802 5346 3154 5408 ἀποστόλους·
3189 5347 3287 5397 οὐκ
3317 5343 3455 5416 ἦσαν
3487 5347 3668 5400 δοῦλοι
3699 5350 3808 5404 τῶν

2231 5439 2516 5507 Ῥωμαίων
2546 5456 2559 5470 ο
2587 5439 2724 5493 ἀλλὰ
2771 5439 2866 5492 νῦν
2903 5438 3105 5508 τιμῶσι
3136 5442 3226 5492 καὶ
3269 5440 3673 5509 προσκυνοῦσιν
3704 5443 3804 5495 ati-

2220 5532 2344 5593 τοὺς
2377 5533 2425 5582 οἱ
2478 5531 2764 5598 Ῥωμαίων
2801 5530 3038 5600 βασιλεῖς
3060 5547 3072 5559 ·
3111 5531 3219 5582 ἰδοὺ
3253 5528 3344 5584 οὖν
3373 5531 3586 5595 τούτοις
3624 5537 3802 5602 παρά-

2221 5623 2409 5692 κλησις
2446 5624 2667 5694 γέγονεν
2703 5627 2729 5676 ὀ
2756 5624 3008 5694 Χριστὸς,
3056 5625 3415 5694 Ἰσραηλίταις
3445 5621 3618 5681 οὖσιν·
3645 5623 3803 5688 οὗτος
