4028 6424
239 405 346 466 729

943 398 1391 462 ENARRATIO
1435 397 1514 459 ΙΝ
1546 394 2056 458 LVANGELIUM
2097 398 2330 460 LUC.E.
2364 424 2433 434 -
2465 398 2630 459 CAP.
2675 394 2761 456 II.

3428 395 3538 459 731)

241 512 338 569 οὖν
365 512 395 566 6
422 511 674 583 Συμεὼν,
719 511 1002 580 Πνεύματι
1033 511 1175 582 ἁγίῳ
1210 512 1556 581 κινούμενος,
1603 508 1830 576 ἀνῆλθεν

1943 520 2048 567 est.
2077 509 2266 572 Dicere
2290 507 2460 583 289
2474 513 2643 577 enim,
2682 511 2837 566 Nune
2851 509 3087 566 absolvis
3113 523 3333 566 servum
3357 515 3532 566 tuum.

243 605 321 668 εις
352 602 412 656 τὸ
447 601 616 674 ἱερὸν.
651 604 740 657 ὅτε
771 604 1017 673 ἀνήγαγε
1050 603 1144 656 τὸν
1185 604 1392 673 Κύριον
1425 604 1461 671 ή
1496 603 1702 672 μήτηρ·
1739 600 1835 656 καὶ

240 693 542 763 δεξάμενος
575 694 762 758 αὐτὸν,
799 695 934 748 Θεὸν
962 697 1238 765 ὁμολογεῖ·
1274 695 1336 748 τὸ
1384 697 1494 766 γάρ
1530 695 1705 748 εἰπεῖν
1739 692 1835 747 νῦν

241 784 502 847 ἀπολύεις
531 801 622 854 με,
657 785 925 850 Δέσποτα,
954 786 1348 856 ὁμολογοῦντός
1393 789 1565 848 ἐστιν,
1596 787 1678 839 ὅτι
1721 785 1834 840 Κύ-

245 893 358 945 ριος
389 877 555 940 αὐτός
600 879 717 929 ἐστι
755 870 904 944 ζωῆς
934 878 1030 930 καὶ
1064 877 1319 930 θανάτου.
1364 877 1508 944 Ὅρα
1542 876 1599 930 δὲ
1633 876 1748 938 πῶς
1782 878 1832 929 οἱ

238 967 390 1035 ἀγιοι
411 1008 426 1033 ,
473 967 674 1036 δεσμὸν
707 967 1017 1036 λογίζονται
1046 967 1303 1036 τὸσῶμα
1325 983 1338 996 ·
1391 968 1471 1020 διὸ
1515 967 1614 1020 καὶ
1645 967 1828 1034 λέγει·

237 1063 352 1116 Νῦν
387 1063 669 1128 ἀπολύεις,
706 1063 781 1128 ὼς
812 1064 918 1118 ἀπὸ
950 1065 1173 1132 δεσμοῦ·
1212 1063 1356 1118 κατὰ
1381 1064 1444 1117 τὸ
1474 1063 1627 1134 ῥῆμά
1659 1080 1753 1115 σου
1775 1063 1834 1117 δὲ

235 1150 380 1216 εἷπε,
410 1155 498 1207 διὰ
523 1156 614 1206 τῦν
642 1155 890 1224 χρησμὸν
924 1155 982 1207 ὃν
1016 1154 1232 1218 ἔλαϐεν,
1270 1156 1352 1208 ὅτι
1382 1157 1442 1208 οὐ
1475 1155 1550 1224 μὴ
1583 1153 1832 1225 ἀποθάνῃ

234 1246 342 1309 ἕως
376 1241 438 1300 οὗ
467 1246 550 1316 ἴδῃ
584 1247 676 1300 τὸν
691 1248 926 1318 Χριστόν
948 1263 960 1275 ·
989 1248 1050 1299 τὸ
1075 1247 1154 1313 δὲ,
1192 1249 1260 1300 ἐν
1294 1247 1530 1315 εἰρήνη,
1561 1247 1683 1300 ἀντὶ
1713 1246 1829 1313 τοῦ,

236 1342 295 1390 ἐν
326 1338 670 1392 ἀναπαύσει·
706 1339 810 1401 ἕως
846 1340 946 1406 μὲν
975 1339 1085 1409 γὰρ
1120 1340 1184 1410 ζῇ
1217 1342 1244 1392 6
1271 1340 1579 1410 ἄνθρωπος,
1627 1341 1831 1409 ταράτ‹

235 1447 410 1491 τεται,
441 1430 588 1487 καθὰ
614 1433 710 1484 καὶ
739 1429 904 1482 Δαυῒδ
926 1430 1094 1498 λέγει·
1127 1430 1415 1484 ἀποθανὼν
1432 1420 1507 1495 δὲ,
1532 1431 1827 1502 εἰρηνεύει·

235 1525 332 1575 καὶ
362 1522 539 1586 ἄλλως
571 1523 714 1576 δὲτὸ
743 1525 799 1575 ἐν
833 1524 1028 1594 εἰρήνῃ
1062 1525 1298 1592 νοήσεις,
1339 1524 1638 1587 τουτέστιν,
1672 1526 1728 1575 ὲν
1762 1527 1828 1594 τῇ

231 1622 334 1684 τῆς
361 1616 576 1679 ἐλπίδος
603 1616 890 1683 ἀπολήψει.
931 1617 1067 1685 Πρὶν
1099 1617 1197 1685 μὲν
1225 1617 1335 1685 γὰρ
1364 1617 1477 1681 ἴδω,
1525 1618 1661 1685 φησί
1691 1657 1704 1679 ,
1737 1617 1831 1668 τὸν

233 1707 466 1776 Κύριον,
509 1709 610 1760 ούκ
654 1707 936 1776 εἰρήνευον
977 1709 1090 1770 τοῖς
1132 1707 1458 1775 λογισμοῖς,
1510 1707 1830 1776 προσδοκῶν

233 1798 398 1850 αὑτὸν
444 1799 537 1851 καὶ
584 1799 671 1850 ἀεὶ
719 1800 1024 1867 φροντίζων
1062 1799 1194 1853 πότε
1243 1799 1562 1852 ἐλεύσεται·
1601 1800 1698 1854 νῦν
1749 1800 1826 1864 δῦ,

236 1889 362 1941 ἰδὼν
413 1889 576 1940 αὐτὸν
617 1889 710 1942 καὶ
762 1889 1086 1959 εἰρηνεύσας
1137 1880 1232 1941 καὶ
1284 1890 1710 1960 ἀποφροντὶσας,
1761 1889 1828 1939 ἵν’

231 1977 408 2041 οὕτως
437 1978 596 2041 εἴπω,
633 1979 962 2048 ἀπολύομαι·
1002 1981 1268 2049 σωτήριον
1300 1979 1355 2032 δὲ
1382 1977 1528 2043 εἷπε,
1563 1980 1662 2049 τὴν
1697 1981 1830 2048 σάρ-

234 2087 408 2123 κωσιν
456 2071 550 2124 τοῦ
601 2071 959 2138 Μονογενοῦς,
992 2072 1059 2142 ἣν
1109 2075 1410 2142 ἡτοίμασεν
1457 2074 1486 2125 6
1537 2073 1671 2135 Θεὸς
1720 2072 1831 2139 πρὸ

234 2163 456 2214 πάντων
491 2163 601 2214 τῶν
628 2161 862 2216 αἰώνων·
889 2163 1031 2217 κατά
1062 2166 1356 2234 πρόσωπον
1388 2166 1445 2219 δὲ
1475 2166 1692 2220 πάντων
1718 2165 1829 2219 τῶν

231 2255 383 2309 λαῶν
414 2256 622 2324 ταύτην
644 2257 744 2324 τὴν
777 2257 1053 2325 σωτηρίαν
1083 2259 1405 2328 ἡτοίμασεν·
1433 2260 1522 2313 ἴνα
1546 2260 1657 2331 γάρ
1678 2260 1828 2332 σώσῃ

230 2350 327 2403 τὸν
357 2350 589 2416 κόσμον,
629 2349 721 2401 καὶ
755 2349 840 2399 ἵνα
871 2350 1038 2402 πᾶσιν
1067 2349 1382 2420 ὲμφανισθῇ
1413 2351 1445 2418 ή
1489 2349 1656 2403 αὐτοῦ
1694 2350 1830 2419 σάρ-

234 2458 441 2505 κωσις,
489 2439 676 2493 τούτου
724 2440 912 2493 ἕνεκεν
959 2439 1271 2510 ὲσαρκώθη.
1344 2440 1418 2492 Τὸ
1464 2440 1520 2493 δὲ
1560 2443 1829 2512 σωτήριον

234 2535 392 2586 τοῦτο
439 2534 555 2601 φῶς
601 2535 749 2586 ἐστιν
798 2536 878 2596 εἰς
909 2533 1255 2601 ἀποκάλυψιν
1287 2533 1480 2598 ἐθνῶν,
1511 2531 1824 2600 τουτέστιν,

235 2628 315 2689 εἰς
361 2626 645 2696 φωτισμὸν
689 2626 796 2678 τῶν
843 2626 1249 2692 ὲσκοτισμένων
1296 2627 1488 2692 ἐθνῶν,
1537 2628 1631 2681 καὶ
1668 2627 1829 2693 δόξαν

234 2719 344 2774 τῶν
406 2720 782 2788 Ἰσραηλιτῶν·
829 2720 956 2783 δόξα
989 2722 1098 2790 γὰρ
1133 2721 1161 2773 6
1194 2720 1434 2790 Χριστὸς
1481 2719 1575 2773 τοῦ
1611 2720 1828 2790 ἀληθῶς

232 2811 364 2866 λαοῦ
400 2812 498 2866 τοῦ
545 2813 785 2883 Ἰσραὴλ,
821 2812 958 2867 καθὸ
1001 2815 1060 2880 ἐξ
1094 2814 1276 2867 αὐτῶν
1325 2815 1694 2868 ἀνατέταλκε·
1732 2815 1828 2868 καὶ

229 2890 741 2972 ἑγκαλλωπίζονται
769 2904 946 2976 τούτῳ
971 2906 1021 2958 οἱ
1047 2904 1218 2968 ὄντως
1244 2905 1608 2973 εὐγνώμονες.
1639 2905 1828 2959 Ταῦτα

230 2993 260 3044 6
283 2990 530 3062 Συμεών.
574 2995 734 3046 Δοκεῖ
758 2993 815 3045 δέ
860 3011 950 3063 μοι
994 2993 1086 3046 καὶ
1113 2993 1182 3046 τὰ
1208 2995 1302 3047 τοῦ
1334 2994 1496 3048 Δαυτδ
1530 2996 1622 3049 ἐπὶ
1653 2995 1828 3066 τούτῳ

237 3084 506 3158 ἁρμόζειν
530 3086 606 3154 τῷ
634 3087 899 3156 Συμεῶνι·
925 3087 1287 3158 Μακρότητος
1307 3088 1536 3160 ¹ἡμερῶν
1558 3089 1827 3164 ἐμπλήσω

233 3175 418 3241 αὑτὸν,
449 3178 544 3230 καὶ
567 3176 727 3243 δείξω
763 3176 910 3247 αύτῷ
935 3179 994 3231 τὸ
1030 3179 1301 3247 σωτήριόν
1331 3195 1459 3246 μου.

312 3288 330 3319 σ
364 3269 477 3322 Καὶ
497 3264 566 3338 ἦν
605 3267 806 3339 Ἰωσὴφ
833 3268 984 3340 καὶὴ
1015 3271 1197 3342 μήτηρ
1224 3268 1411 3336 αὑτοῦ,
1445 3270 1824 3341 θαυμάζοντες

232 3361 332 3415 nl.
386 3363 502 3424 τοῖς
553 3360 913 3431 λαλουμένοις
967 3364 1102 3433 περὶ
1147 3363 1338 3417 αὑτοῦ·
1390 3363 1489 3417 καὶ
1529 3364 1826 3437 εὐλόγησεν

231 3453 432 3517 αὐτοὺς
465 3452 714 3520 Συμεὼν,
755 3455 851 3508 καὶ
889 3452 1011 3509 εῐπε
1040 3457 1178 3526 πρὸς
1208 3456 1446 3529 Μαριὰμ
1480 3457 1579 3526 τὴν
1611 3458 1826 3529 μητέρα

230 3544 422 3600 αὐτού·
455 3544 593 3600 Ἰδοὺ
621 3541 778 3610 οὗτος
823 3549 1001 3610 κεῖται
1024 3549 1102 3611 εις
1147 3548 1356 3602 πτῶσιν
1387 3550 1483 3603 καὶ
1524 3551 1826 3606 ἀνάστασιν

233 3636 445 3691 πολλῶν
469 3639 526 3690 ὲν
546 3636 626 3709 τῷ
650 3637 890 3711 Ἰσραὴλ,
916 3641 1012 3694 καὶ
1031 3641 1112 3704 εἰς
1137 3643 1365 3712 σημεῖον
1383 3642 1824 3712 ἀντιλεγόμενον·

233 3732 330 3786 καὶ
357 3732 452 3786 σοῦ
496 3731 553 3784 δὲ
598 3732 769 3802 αὐτῆς
815 3733 914 3804 τὴν
940 3733 1122 3804 ψυχὴν
1152 3734 1490 3789 διελεύσεται
1543 3736 1823 3807 ῥομφαία,

231 3824 384 3887 ὅπως
414 3824 483 3878 ἀν
513 3824 980 3894 ἀποκαλυφθῶσιν
1009 3829 1074 3880 ὲκ
1107 3826 1320 3881 πολλῶν
1356 3827 1600 3898 καρδιῶν
1643 3829 1827 3884 διαλοο

232 3917 451 3986 γισμοῑ.
494 3934 512 3968 ι
548 3916 830 3988 Εὐλόγησε
865 3917 965 3987 μὲν
1009 3919 1364 3992 ἀμφοτέρους
1393 3923 1422 3975 6
1453 3920 1702 3992 Συμεῶν-
1735 3921 1828 3976 τὸν

231 4006 293 4060 δὲ
325 4007 686 4078 νομιζόμενον
716 4009 931 4080 πατέρα
959 4010 1144 4079 ἀφεὶς,
1177 4011 1315 4081 πρὸς
1344 4010 1445 4083 τὴν
1476 4011 1698 4082 ἀληθῶς
1723 4031 1831 4085 μη-

231 4101 370 4172 τέρα
399 4099 722 4172 ἐφθέγγετο·
756 4103 910 4170 Ἰδοὺ,
938 4104 1125 4175 φησιν,
1159 4097 1316 4170 οὗτος
1349 4109 1528 4161 κεῖται
1565 4109 1646 4173 εἰς
1671 4107 1828 4163 πτῶ-

232 4205 323 4245 σιν
363 4194 459 4245 καὶ
503 4193 804 4247 ἀνάστασιν
846 4193 1058 4249 πολλῶν
1105 4197 1165 4249 ὲν
1197 4196 1278 4268 τῷ
1332 4198 1573 4270 Ἰσραήλ·
1621 4200 1830 4256 πτῶσιν

235 4285 359 4356 μὲν,
398 4286 510 4340 τῶν
547 4286 623 4360 μὴ
653 4290 1020 4345 πιστευόντων
1047 4307 1060 4322 ·
1121 4293 1423 4348 ἀνάστασιν
1453 4293 1532 4360 δὲ,
1580 4296 1689 4350 τῶν
1735 4315 1828 4351 m-

235 4377 560 4432 στευόντων·
591 4379 623 4449 ἢ
651 4378 746 4433 καὶ
767 4379 964 4464 ἄλλως,
993 4383 1073 4446 εἰς
1102 4383 1310 4438 πτῶσιν
1341 4388 1520 4440 κεῖται
1548 4389 1577 4441 6
1600 4387 1824 4459 Κύριος,

239 4469 344 4524 τῶν
372 4471 432 4524 ἰν
461 4474 582 4534 ταῖς
609 4471 808 4542 ψυχαῖς
851 4473 1011 4545 ήμῶν
1057 4475 1245 4530 κακῶν
1278 4495 1291 4508 ·
1328 4481 1408 4544 εις
1440 4481 1743 4536 ἀνάστασιν
1768 4481 1828 4536 δὲ

237 4563 346 4616 τῶν
373 4563 623 4634 ἀγαθῶν.
663 4543 1140 4636 Πίπτειίπορνεία,
1165 4543 1452 4625 ἀνίσταται
1475 4573 1825 4644 σωφροσύνη·
1861 4543 1906 4600 D

235 4657 332 4708 καὶ
360 4652 538 4718 ἄλλως
562 4653 622 4706 δὲ
641 4654 866 4708 δύναται
893 4656 1178 4727 νοηθῆναι·
1208 4661 1384 4714 κεῖται
1410 4662 1520 4734 γὰρ
1542 4666 1570 4716 6
1591 4663 1831 4735 Χριστὸς

233 4746 570 4812 σις’πτῶσιν,
595 4745 718 4800 ἀντὶ
747 4746 842 4800 τοῦ
859 4746 1060 4802 Μέλλει
1085 4749 1280 4804 παθεῖν
1306 4751 1493 4817 αὐτὸς,
1518 4755 1620 4814 καὶ
1642 4757 1831 4808 πεσεῖν

234 4842 316 4905 εἰς
337 4839 594 4905 θάνατον,
624 4842 721 4896 καὶ
753 4843 1057 4916 ἀναστῆναι
1094 4844 1354 4916 μέλλουσι
1389 4847 1595 4913 πολλοὶ,
1633 4849 1833 4903 πεσόν-

235 4949 328 4996 τος
352 4930 545 4988 αὐτοῢ.
593 4932 779 5000 Στίξον
809 4933 902 4990 οὖν
927 4937 987 4989 ἐν
1004 4934 1105 5009 τῷ,
1131 4938 1213 5002 εἰς
1234 4936 1467 4992 πτῶσιν·
1497 4935 1617 4995 εἶτα
1645 4941 1832 5012 ἄρξαι,

229 5025 335 5079 καὶ
368 5023 670 5080 ἀνάστασιν
716 5026 928 5080 πολλῶν
963 5041 978 5057 ·
1006 5030 1237 5100 σημεῖον
1277 5029 1356 5098 δὲ,
1402 5034 1431 5086 6
1465 5033 1720 5105 σταυρὸς,
1771 5033 1830 5098 ὃς

242 5117 407 5189 μέχρι
427 5117 524 5171 τοῦ
555 5117 651 5173 νῦν
670 5120 1032 5191 ἀντιλέγεται,
1061 5125 1342 5178 τουτέστιν
1364 5127 1425 5178 οὐ
1450 5126 1826 5198 παραδέχεται

242 5209 395 5278 παρά
425 5208 538 5262 τῶν
570 5210 846 5274 ἀπίστων.
883 5214 1122 5283 Λέγεται
1152 5215 1209 5268 δὲ
1243 5219 1469 5287 σημεῖον
1507 5219 1600 5272 καὶ
1632 5221 1665 5290 ή
1698 5221 1832 5291 σάρ-

240 5317 410 5364 κωσις
440 5300 536 5355 τοῦ
572 5303 798 5374 Κυρίου·
838 5307 934 5360 καὶ
964 5306 1117 5371 ξένον
1145 5310 1392 5378 σημεῖον.
1429 5309 1563 5373 Θεὸς
1592 5312 1704 5383 γάρ
1734 5311 1832 5367 ἀν-

240 5393 462 5463 θρωπος
487 5395 700 5462 γέγονε·
732 5397 830 5451 καὶ
857 5399 1152 5468 παρθένος,
1187 5403 1394 5473 μήτηρ·
1432 5406 1494 5455 τὸ
1519 5403 1576 5457 δὲ
1606 5391 1832 5475 σημεῐον

238 5482 423 5549 τοῦτο,
458 5485 492 5554 ή
540 5479 818 5555 σάρκωσῖις
847 5487 992 5557 λέγω
1022 5489 1118 5545 τοῦ
1157 5492 1422 5562 Χριστοῦ,
1459 5495 1828 5564 ἀντιλέγεται·

241 5577 292 5630 οἱ
325 5577 426 5648 μὲν
459 5577 590 5650 γὰρ,
619 5580 677 5644 ἐξ
720 5581 954 5650 ούρανοῦ
984 5583 1044 5636 τὸ
1079 5585 1245 5655 σῶμά
1276 5603 1468 5655 φασιν·
1500 5588 1547 5639 οἱ
1574 5586 1656 5652 δὲ,
1691 5589 1837 5643 κατὰ

242 5671 564 5739 φαντασίαν·
583 5675 633 5726 οι
651 5673 724 5739 δὲ,
748 5674 876 5728 ἀλλο
895 5694 945 5730 τι
964 5677 1289 5748 φλυαροῦσι.
1313 5680 1423 5733 Καὶ
1446 5679 1541 5735 σοῦ
1566 5681 1622 5735 δὲ
1641 5682 1833 5754 αὐτῆς,

317 5851 362 5883 “
391 5850 534 5908 l‘sal.
585 5870 808 5921 usus,
845 5854 897 5918 7,
974 5859 1020 5889 ”
1056 5858 1174 5913 Psal
1245 5874 1332 5916 λι,
1377 5859 1436 5913 l6

1850 3191 1900 3256 C

1943 598 2189 663 Domine,
2217 603 2530 656 conﬁtentis
2558 613 2680 668 est,
2709 601 2854 671 quod
2883 601 2998 670 ipse
3022 599 3095 654 sit
3132 599 3394 654 Dominus
3412 599 3537 653 vitae

1941 706 2004 746 ac
2032 693 2243 746 mortis.
2286 689 2418 747 Vide
2455 703 2636 747 autem
2670 694 2946 763 quomodo
2974 692 3148 747 sancti
3186 705 3284 760 pro
3318 689 3538 746 vinculo

1938 799 2140 852 corpus
2181 785 2406 839 habent.
2438 783 2648 840 idcirco
2677 785 2805 840 dicit
2840 803 2853 842 :
2885 784 3040 840 Nunc
3071 784 3346 847 absolvis,
3376 782 3536 852 quasi

1938 890 1968 928 a
1998 875 2217 929 vinculo
2257 894 2270 930 :
2303 876 2602 938 secundum
2649 877 2878 930 verbum
2933 887 3083 929 tuum
3106 915 3120 939 ,
3156 882 3379 944 preptcr
3408 889 3535 927 ora-

1937 968 2118 1024 culum
2157 970 2301 1038 quod
2333 981 2621 1037 acceperat
2665 971 2809 1038 quod
2860 985 2966 1022 non
3014 976 3161 1023 esset
3199 968 3534 1026 moriturus,

1937 1064 2110 1117 donec
2150 1063 2360 1118 videret
2399 1063 2702 1117 Christum.
2737 1062 2793 1116 lu
2833 1076 2966 1130 pace
3006 1069 3188 1114 autem
3213 1101 3227 1124 ,
3275 1060 3378 1113 hoc
3415 1068 3533 1123 est,

1936 1157 2148 1225 quiete,
2183 1171 2308 1210 nam
2334 1156 2496 1209 homo
2528 1154 2705 1223 quoad
2737 1155 2870 1207 vivit
2902 1156 3156 1208 turbatur
3190 1153 3268 1215 “.,
3307 1152 3452 1206 sicut
3481 1160 3537 1203 ct

1937 1247 2107 1301 David
2141 1247 2273 1301 dicit
2302 1265 2314 1299 :
2348 1256 2595 1300 mortuus
2627 1260 2757 1298 vero
2799 1260 2989 1314 pacem
3025 1243 3210 1297 habet.
3247 1241 3344 1294 Vel
3377 1240 3537 1294 aliter

1937 1340 2181 1409 intellige
2222 1357 2236 1392 :
2281 1341 2338 1391 In
2393 1353 2561 1408 pace,
2610 1339 2712 1392 hoc
2764 1347 2882 1399 est,
2944 1336 3060 1403 spei
3122 1334 3531 1389 consecutione.

1938 1423 2297 1503 Priusquam,
2325 1432 2524 1500 inquit,
2552 1432 2808 1485 vidissem
2845 1428 3133 1482 Dominum
3158 1469 3171 1493 ,
3201 1443 3308 1480 non
3340 1435 3536 1496 pacata

1937 1538 2117 1582 mente
2149 1542 2331 1591 eram,
2366 1534 2695 1594 exspectans
2729 1525 2903 1589 illiilli,
2939 1536 2993 1577 et
3021 1537 3239 1592 semper
3266 1520 3535 1575 sollicitus

1935 1619 2151 1688 quando
2187 1619 2371 1672 veniat
2416 1633 2428 1666 :
2475 1633 2620 1670 nunc
2656 1627 2840 1670 autem
2886 1616 3003 1682 ipso
3047 1614 3196 1676 viso,
3239 1623 3294 1666 et
3337 1627 3526 1680 pacem

1935 1720 2262 1764 consecutus
2283 1748 2296 1771 ,
2330 1718 2385 1762 et
2414 1706 2779 1761 sollicitudine
2810 1705 3105 1767 liberatus,
3136 1714 3194 1755 ut
3221 1703 3299 1755 sic
3329 1703 3529 1759 dicam,

1937 1803 2212 1858 absolvor.
2247 1800 2500 1854 Salutare
2526 1810 2705 1853 autem
2733 1839 2747 1864 ,
2775 1797 3082 1851 incarnatio
3117 1794 3392 1864 Unigeniti
3424 1802 3530 1855 est,

1935 1911 2099 1966 quam
2149 1904 2278 1949 ante
2322 1892 2519 1947 saecula
2567 1890 2751 1944 omnia
2809 1888 2950 1941 Deus
3000 1888 3349 1957 pra‘paravit.
3393 1888 3534 1939 Ante

1933 1987 2126 2043 faciem
2158 2000 2286 2039 vero
2319 1982 2562 2038 omnium
2589 1979 2912 2051 populorum
2944 1984 3105 2032 istam
3134 1977 3367 2031 salutem
3395 1992 3534 2044 prie-

1931 2080 2177 2151 paravit,
2214 2088 2271 2132 ut
2295 2076 2535 2131 salvaret
2562 2075 2823 2128 mundum
2844 2115 2857 2138 ,
2886 2082 2940 2126 et
2969 2081 3025 2123 ut
3048 2070 3304 2125 omnibus
3329 2069 3530 2139 liquida

1934 2173 2028 2228 fiat
2053 2168 2174 2240 ejus
2202 2167 2507 2223 incarnatio
2537 2207 2549 2230 ,
2584 2163 2745 2235 cujus
2773 2164 2948 2234 gratia
2977 2173 3031 2217 et
3066 2162 3389 2215 incarnatus
3423 2168 3529 2214 est.

1933 2263 2193 2320 Salutare
2225 2273 2445 2330 quoque
2488 2259 2628 2323 hoc,
2677 2258 2858 2311 lumen
2897 2265 2980 2310 est
3030 2256 3097 2309 ad
3143 2253 3530 2308 revelationem

1931 2357 2203 2426 gentium,
2246 2355 2347 2407 hoc
2374 2361 2492 2416 est,
2529 2351 2594 2404 ad
2625 2348 3049 2404 illustrationem
3094 2347 3340 2414 gentium
3373 2354 3531 2398 oute-

1930 2450 2284 2504 nebratarum
2306 2485 2320 2510 ,
2348 2452 2402 2499 et
2424 2444 2652 2515 gloriam
2681 2440 3080 2495 Israelitarum.
3105 2436 3360 2491 Christus
3386 2435 3530 2488 enim

1929 2539 2099 2612 gloria
2130 2547 2210 2593 est
2241 2535 2425 2607 populi
2457 2535 2548 2603 qui
2584 2547 2710 2586 vere
2742 2522 2930 2584 Israel'
2973 2531 3273 2584 secundum
3299 2527 3440 2595 quod
3463 2541 3529 2579 ex

1930 2633 2022 2688 illo
2052 2640 2206 2685 ortus
2238 2638 2317 2683 est
2339 2667 2354 2692 ,
2388 2628 2519 2681 etin
2553 2626 2654 2680 hoc
2689 2630 2961 2679 ornantur
2990 2621 3080 2689 qui
3109 2620 3324 2687 sapiunt
3353 2633 3418 2671 ac
3450 2617 3534 2669 in-

1930 2723 2201 2791 telligunt.
2231 2720 2357 2775 Haec
2387 2719 2636 2773 Sinieon.
2671 2715 2936 2770 Videntur
2963 2723 3143 2766 autem
3173 2711 3304 2764 mihi
3332 2718 3386 2763 et
3413 2724 3534 2776 quae

1931 2815 2071 2870 dicta
2100 2821 2278 2867 sunta
2314 2809 2507 2872 David,
2549 2807 2844 2864 convenire
2885 2805 3170 2860 Simeoni:
3207 2820 3225 2853 ι
3269 2801 3537 2870 Longitu-

1932 2901 2544 2970 diuedierutnimplebo
2569 2915 2717 2965 eum,
2745 2906 2799 2953 et
2839 2897 3122 2952 ostendam
3168 2894 3241 2948 illi
3300 2893 3535 2948 salutare

1930 3013 2108 3054 meum
2125 2998 2189 3050 ὀ.
2228 3016 2246 3048 ο

2003 3271 2171 3327 Vens.
2198 3268 2395 3324 55-35.
2427 3286 2445 3318 ι
2486 3266 2550 3319 Et
2584 3272 2742 3320 erant
2769 3272 2923 3332 pater
2969 3271 3025 3318 et
3065 3269 3239 3316 mater
3282 3275 3399 3329 eius
3434 3260 3535 3315 mi-

1930 3372 2114 3419 rantes
2157 3376 2320 3430 super
2355 3359 2440 3415 his
2469 3373 2592 3427 quaz
2635 3355 2962 3412 dicebantur
2992 3353 3057 3408 de
3104 3352 3216 3405 illo.
3257 3351 3323 3403 Et
3367 3351 3534 3404 bene-

1930 3458 2069 3514 dixit
2090 3456 2198 3511 illis
2223 3454 2445 3510 Simeon
2473 3470 2486 3507 :
2515 3461 2572 3506 et
2593 3450 2734 3506 dixit
2755 3449 2824 3505 ad
2847 3447 3074 3502 Mariam
3106 3454 3336 3499 matrem
3362 3444 3483 3511 eius
3511 3460 3529 3497 :

1930 3551 2074 3606 Ecce
2104 3550 2320 3618 positus
2347 3555 2428 3601 est
2458 3545 2548 3600 hie
2582 3544 2638 3599 in
2674 3542 2918 3607 ruinam,
2967 3547 3023 3593 et
3072 3536 3534 3593 resurrectionem

1930 3639 2227 3696 multorum
2261 3639 2314 3692 iu
2348 3636 2541 3701 Israel,
2568 3645 2624 3691 et
2649 3635 2701 3688 in
2727 3633 2945 3701 signum
2977 3631 3063 3684 cui
3099 3627 3532 3683 eontradicetur.

1930 3733 2072 3801 Quin
2117 3741 2176 3787 et
2207 3743 2355 3787 tuam
2399 3728 2575 3800 ipsius
2609 3726 2854 3782 animam
2888 3721 3199 3795 penetrabit
3230 3719 3444 3801 gladius
3476 3727 3538 3774 ut

1933 3799 2255 3896 retegantur
2284 3837 2353 3878 ex
2381 3799 2569 3877 multis
2596 3818 2859 3876 cordibus
2885 3799 3269 3886 cogitationes.
3307 3831 3326 3866 ι
3361 3813 3538 3869 Bene-

1935 3917 2071 3972 dixit
2096 3914 2321 3986 quidem
2347 3912 2616 3967 ambobus
2643 3909 2872 3966 Simeon
2901 3929 2916 3966 :
2945 3910 3152 3980 reiecto
3174 3919 3355 3964 autem
3384 3918 3538 3978 patre

1933 4011 2210 4078 putativo,
2253 4007 2320 4064 ad
2355 4023 2538 4064 veram
2573 4017 2810 4062 matrem
2851 4005 3068 4060 locutus
3099 4015 3184 4059 est
3221 4021 3234 4058 :
3274 4004 3415 4059 Ecce
3447 4002 3540 4059 hic

1931 4105 2143 4177 positus
2170 4113 2254 4159 est
2283 4102 2336 4157 in
2369 4101 2582 4157 ruinam
2606 4139 2621 4165 ,
2656 4108 2712 4155 et
2746 4098 3206 4155 resurrectionem
3243 4096 3536 4151 multorum

1935 4201 1987 4254 in
2018 4198 2208 4254 Israel.
2235 4198 2470 4252 Ruinam
2506 4193 2728 4264 quidem
2758 4191 2891 4247 dicit
2923 4205 3114 4247 eorum
3150 4190 3242 4259 qui
3280 4205 3388 4244 non
3419 4201 3539 4243 cre-

1934 4291 2228 4355 didcrunt,
2277 4290 2370 4360 qui
2418 4302 2551 4341 vero
2600 4285 2991 4349 crediderunt,
3045 4280 3535 4337 resurrectionem.

1938 4383 2033 4440 Vel
2069 4383 2230 4438 etiam
2275 4382 2438 4437 aliter
2484 4399 2498 4434 :
2535 4379 2595 4433 In
2647 4378 2868 4432 ruinam
2906 4375 3118 4444 positus
3151 4384 3233 4428 est
3277 4371 3548 4428 Dominus

1937 4476 2204 4530 malorum
2247 4489 2370 4544 quae
2420 4473 2473 4526 in
2530 4471 2822 4526 animabus
2869 4465 3073 4522 nostris
3114 4485 3126 4520 :
3182 4465 3235 4519 in
3288 4478 3540 4519 resurre-

1935 4569 2174 4624 ctionem
2231 4580 2359 4621 vero
2417 4566 2708 4619 honorum.
2773 4560 2933 4618 Cadit
2993 4557 3313 4623 fornicatio,
3365 4555 3540 4626 surgit

1937 4661 2301 4716 continentia.
2363 4656 2460 4711 Vel
2515 4655 2678 4710 aliter
2730 4667 2950 4725 quoque
3001 4650 3231 4720 intelligi
3285 4657 3464 4720 potest
3519 4665 3533 4703 :

1936 4752 2154 4808 Positus
2187 4757 2276 4805 est
2302 4750 2450 4804 enim
2482 4747 2746 4803 Dominus
2775 4747 2828 4801 in
2872 4744 3118 4808 ruinam,
3153 4743 3257 4798 hoc
3283 4750 3388 4805 est,
3422 4740 3540 4812 ipse

1938 4860 2197 4918 passurus
2225 4851 2331 4909 est,
2368 4852 2424 4898 et
2447 4855 2677 4897 casurus
2698 4850 2786 4896 est
2816 4839 2871 4894 in
2904 4848 3135 4892 mortem
3173 4855 3185 4890 :
3219 4847 3272 4891 et
3300 4851 3425 4890 cum
3449 4849 3540 4890 ce-

1940 4939 2138 4996 ciderit
2172 4940 2309 5003 ipse,
2342 4943 2634 5006 resurgent
2669 4932 2848 4988 multi.
2878 4931 3149 4986 Punctum
3184 4937 3365 4983 autem
3399 4941 3540 4996 pone

1939 5044 2064 5086 cum
2097 5029 2334 5093 dixeris,
2376 5028 2432 5081 in
2466 5026 2680 5080 ruinam
2729 5040 2744 5077 :
2781 5021 2978 5078 deinde
3012 5020 3220 5091 incipe,
3265 5026 3321 5074 et
3359 5033 3541 5073 resur-

1942 5123 2238 5178 rectionem
2264 5119 2582 5175 multorum.
2609 5113 2834 5187 Signum
2855 5122 3058 5180 autem,
3081 5127 3243 5180 crux,
3265 5111 3544 5180 cuiusque

1939 5218 1993 5272 in
2029 5217 2135 5271 hoc
2172 5223 2388 5283 tempus
2414 5209 2834 5275 contradicitur,
2865 5207 2967 5261 hoc
2995 5215 3103 5270 est,
3134 5219 3241 5260 non
3281 5203 3543 5273 recipitur

1940 5309 2009 5364 ah
2050 5307 2370 5363 incredulis.
2403 5302 2612 5357 Dicitur
2642 5310 2698 5356 et
2732 5298 3042 5354 incarnatio
3058 5296 3276 5353 Domini
3303 5295 3540 5365 signant,

1939 5409 1995 5454 et
2019 5398 2269 5454 mirabile
2308 5397 2544 5466 signum.
2592 5391 2737 5448 Deus
2763 5392 2910 5446 enim
2943 5390 3107 5444 homo
3136 5386 3272 5458 fuit,
3304 5396 3360 5441 et
3388 5387 3542 5458 virgo

1938 5501 2144 5554 mater;
2195 5491 2323 5544 huic
2369 5495 2550 5542 autem
2587 5486 2786 5556 signo,
2836 5480 3238 5546 incarnatioui,
3283 5479 3540 5548 inquam,

1937 5585 2141 5639 Christi
2174 5581 2590 5638 contradicitur.
2634 5578 2869 5646 Quidam
2911 5577 3056 5632 enim
3089 5574 3279 5630 dicunt
3314 5586 3542 5628 carnem

1938 5699 1969 5739 c
1988 5678 2153 5751 290
2168 5679 2328 5746 coelo,
2355 5678 2574 5748 quidam
2597 5688 2728 5733 vero
2746 5682 3090 5744 apparenter,
3109 5669 3332 5742 quidam
3355 5675 3539 5722 autem
