4028 6412
518 351 618 417 τ3ί

1444 319 2021 421 ΤΗΕοΡιιΥιΑετι
2066 349 2476 414 BULGARLE
2518 347 2878 411 ARCHIEP.

3683 336 3788 400 732

521 471 663 524 aliud
701 473 950 542 quiddam
1000 484 1286 548 angantur.
1330 474 1396 532 Et
1430 488 1573 534 tuam
1620 479 1822 547 ipsius,
1861 475 2098 545 Virginis

2209 473 2298 542 τῆς
2327 469 2627 540 Παρθένου,
2655 468 2753 538 τὴν
2778 463 2957 536 ψυχὴν
2989 460 3318 516 διελεύσεται
3349 456 3594 530 ῥομφαία
3649 455 3786 526 τάχα

519 564 661 624 dico,
697 565 926 617 animam
960 566 1307 627 pertransibit
1337 567 1567 637 gladius.
1602 566 1874 623 Fortassis
1910 576 2089 621 autetn

517 664 574 707 ct
612 655 845 708 dolorem
887 670 1043 726 quem
1073 656 1130 717 in.
1160 658 1413 727 passione
1445 659 1592 724 tulit,
1631 657 1877 712 fuitassis
1914 669 2092 712 autem

519 757 572 799 et
617 745 928 800 scandalum
975 747 1102 801 dicit
1152 750 1549 818 rhompbzeam,
1585 767 1691 818 quo
1723 749 1930 805 offensa
1973 750 2090 804 fuit.

526 835 719 888 Videas
752 835 893 888 enim
939 837 1299 905 crucifixum,
1332 838 1580 903 fortassis
1623 841 1928 909 cogitabat,
1959 855 2092 909 quo-

523 925 686 978 modo
709 927 797 992 qui
831 936 988 979 natus
1019 937 1103 983 est
1128 931 1244 983 sine
1267 931 1505 998 semine,
1530 932 1622 1002 qui
1650 933 1909 986 miracula
1937 931 2091 996 fecit,

521 1015 610 1083 qui
639 1028 876 1072 mortuos
898 1019 1197 1084 suscitavit,
1221 1021 1514 1075 crucifixus
1537 1031 1616 1076 est
1635 1065 1648 1088 ,
1671 1033 1966 1093 censpntus
1991 1031 2094 1085 cst,

522 1118 763 1160 mortuus
795 1109 913 1163 est?
943 1109 1094 1176 Quod
1137 1120 1314 1166 autem
1355 1113 1505 1177 dicit,
1583 1114 1658 1169 Ut
1695 1114 1998 1168 revelcntur
2027 1129 2092 1168 ex

521 1193 706 1253 multis
747 1201 999 1257 cordibus
1043 1204 1430 1273 cogitationes,
1471 1206 1570 1261 hoc
1606 1205 1907 1277 signiﬁcat,
1953 1207 2094 1275 quod

519 1286 926 1345 Revelabunlur
956 1304 1012 1346 et
1043 1293 1532 1350 manifestabuntur
1572 1298 1860 1351 multorum
1891 1299 2096 1366 cogita-

519 1378 714 1445 tiones,
739 1383 827 1450 qui
850 1385 1307 1451 scandalizantur,
1337 1398 1389 1442 et
1419 1389 1728 1457 reprehensi
1757 1393 2091 1456 repentinum

520 1473 1122 1549 invenientremedium
1158 1480 1339 1534 :sicnt
1376 1491 1430 1534 et
1472 1493 1521 1533 tu
1546 1522 1561 1547 ,
1592 1504 1622 1536 υ
1661 1481 1842 1549 Virgo,
1894 1481 2096 1535 revela-

519 1566 695 1630 beris,
740 1577 793 1620 et
835 1568 1116 1623 manifesta
1164 1573 1272 1626 eris
1320 1573 1448 1641 Quid
1491 1575 1694 1628 sentias
1740 1577 1803 1628 de
1844 1573 2093 1636 Christo,

518 1655 712 1710 deinde
747 1661 1060 1713 conﬁrmata
1102 1663 1210 1717 eris
1260 1665 1363 1719 ﬁde
1407 1665 1458 1719 in
1506 1666 1676 1718 illum.
1732 1663 1992 1719 Similiter
2042 1675 2097 1720 et

520 1747 714 1806 Petrus
756 1751 1083 1807 revelabitur
1124 1770 1246 1810 cum
1293 1760 1600 1828 negaverit,
1647 1775 1830 1812 verum
1876 1760 2094 1815 demon-

522 1855 692 1904 strata
722 1854 802 1899 cst
834 1848 922 1901 Dei
949 1850 1207 1916 potentia,
1236 1867 1353 1920 qua:
1381 1868 1474 1921 per
1509 1854 1884 1920 pmnitentiam
1920 1857 2094 1924 ipsum

519 1937 776 2007 suscepit.
819 1938 880 1992 Et
907 1939 1060 1993 aliter
1097 1958 1109 1994 :
1146 1942 1415 1997 Revelalae
1445 1955 1570 1998 sunt
1600 1960 1629 2000 e
1662 1946 1915 2000 cordibus
1949 1947 2097 2016 cogi.-

522 2024 770 2094 tationes,
803 2045 920 2083 cum
965 2035 1274 2102 apparuerit
1313 2033 1588 2104 proditor,
1650 2045 1704 2090 et
1745 2039 2095 2107 apparuerint

522 2119 802 2188 diligentes
833 2120 978 2174 illum
1004 2125 1230 2194 ,_qualis
1271 2126 1376 2180 fuit
1412 2127 1615 2198 Joseph-
1643 2129 1731 2199 qui
1764 2129 1993 2184 accessit
2033 2130 2099 2183 ad

523 2208 750 2264 Pilatum
781 2230 792 2266 :
820 2213 1006 2280 quale$
1033 2215 1246 2271 fuerunt
1277 2219 1532 2275 mulieres
1555 2234 1674 2290 quae
1711 2223 2101 2290 permanebant

524 2302 661 2367 apud
690 2315 924 2358 crucem.

599 2390 762 2448 Vens.
811 2395 999 2450 56-40.
1052 2416 1070 2448 ι
1128 2399 1191 2452 Ει
1237 2408 1353 2454 erat
1403 2402 1560 2456 Anna
1613 2403 1950 2472 pmphetissa
1990 2406 2098 2464 filia

527 2482 795 2554 Phanuel,
826 2487 890 2542 de
917 2489 1056 2543 tribu
1091 2492 1243 2544 Aser.
1273 2491 1396 2547 Haec
1420 2505 1763 2562 processerat
1790 2497 1841 2550 in
1875 2499 2095 2551 multam

522 2585 767 2642 :etatem,
804 2586 854 2631 et
893 2580 1104 2636 vixerat
1133 2597 1255 2636 cum
1287 2584 1402 2638 viro
1428 2586 1587 2640 annis
1623 2597 1828 2657 septem
1861 2603 1890 2642 a
1932 2589 2099 2660 virgi-

524 2669 690 2723 nitate
715 2685 843 2734 sua,
888 2683 941 2728 et
977 2673 1089 2728 haec
1127 2675 1281 2730 vidua
1321 2692 1585 2734 annorum
1621 2678 1788 2734 ferme
1827 2681 2098 2752 octoginta

523 2769 777 2828 quatuor,
808 2780 927 2832 quae
968 2781 1074 2821 non
1106 2767 1420 2824 discedebat
1451 2784 1480 2824 e
1513 2771 1743 2841 templo,
1783 2772 2004 2843 jejuniis
2038 2789 2100 2831 ac

525 2857 997 2925 deprecationibus
1015 2863 1260 2916 serviens
1285 2874 1441 2920 nocte
1470 2880 1531 2919 ac
1554 2867 1660 2922 die.
1687 2868 1753 2922 Et
1777 2869 1890 2924 inec
1911 2870 2098 2926 eadem

525 2951 654 3004 liora
696 2952 1127 3021 superveniens,
1161 2956 1399 3011 vicissim
1436 2960 1796 3014 conﬁtebatur
1837 2961 2096 3027 Domino,

524 3051 581 3095 et
624 3042 940 3112 loquebatur
970 3046 1034 3100 de
1076 3047 1165 3101 illo
1194 3049 1446 3104 omnibus
1482 3052 1572 3120 qui
1601 3055 1986 3121 exspectabant
2017 3071 2101 3108 re-

2202 564 2302 633 μὲν
2334 563 2430 615 καὶ
2460 562 2492 630 ἡ
2528 559 2761 628 θλίψιςή
2797 557 2887 609 ἐπὶ
2917 554 2994 626 τῷ
3028 553 3190 608 πάθει
3222 552 3508 620 γενομένη·
3535 550 3680 617 τάχα
3705 548 3783 610 δὲ,

2200 655 2477 725 ῥομφαίαν
2509 653 2658 720 λέγει
2706 652 2799 704 καὶ
2842 649 2932 701 τὸν
2979 643 3379 715 σκανδαλισμόν
3414 644 3472 696 ὃν
3515 641 3786 694 ἐσκανδα-

2196 747 2354 816 λίσθη
2406 747 2586 814 ὁρῶσα
2631 744 2722 796 τὸν
2758 743 2960 812 Κύριον
2998 738 3429 809 σταυρούμενον.
3477 737 3641 797 Ἴσως
3675 735 3786 804 γὰρ

2198 840 2435 902 ὑπενόει,
2462 840 2581 902 Πῶς
2603 841 2630 890 6
2653 837 2862 907 τεχθεὶς
2892 835 3168 902 ἁσπόρως,
3195 836 3222 886 6
3247 831 3500 899 θαύματα
3529 830 3784 898 ποιήσαιῐ.

2199 934 2225 984 6
2257 932 2485 1000 νεκροὺς
2528 930 2870 1000 ἀναστήσας,
2929 927 3284 995 ἐσταυρώθη,
3327 923 3422 976 καὶ
3461 920 3784 989 ὲνεκρῶθη,

2199 1023 2294 1076 καὶ
2340 1020 2677 1089 ἐνεπτύσθη;
2725 1020 2796 1072 Τὸ
2814 1021 2894 1083 δὲ,
2933 1019 3122 1081 Ὅπως
3143 1017 3209 1070 ἂν
3231 1015 3696 1084 ἀποκαλυφθῶσιν
3728 1016 3788 1064 ὲκ

2201 1115 2414 1167 πολλῶν
2447 1112 2685 1183 καρδιῶν
2723 1111 3087 1180 διαλογισμοὶ,
3141 1108 3299 1162 τοῦτο
3352 1107 3607 1178 σημαίνει
3647 1147 3660 1168 ,
3708 1107 3788 1158 ὅτι

2198 1205 2877 1274 ἀποκαλυφθήσονται“κα“ι
2919 1200 3398 1272 φανερωθήσονται
3449 1198 3663 1252 πολλῶν
3705 1197 3794 1248 λο-

2198 1299 2389 1367 γισμοὶ
2413 1296 2944 1360 σκανδαλιζομένων,
2975 1292 3071 1345 καὶ
3093 1290 3467 1360 ἐλεγχθέντες,
3491 1289 3791 1358 εὑρήσουσι

2199 1392 2422 1460 ταχεῖαν
2459 1388 2557 1458 τὴν
2591 1389 2755 1440 ῐασιν·
2804 1380 2914 1438 οἷον
2950 1384 3166 1453 καὶσὺ,
3278 1380 3544 1450 Παρθένε,
3576 1381 3793 1431 ἀποκα-

2198 1481 2451 1551 λυφθήσῃ
2505 1479 2601 1532 καὶ
2653 1477 3060 1549 φανερωθήσῃ,
3123 1475 3176 1527 τί
3241 1474 3458 1543 φρονεῖς
3511 1479 3642 1539 περὶ
3691 1474 3788 1522 τοῦ

2199 1574 2436 1644 Χριστοῦ
2462 1589 2474 1603 ⁶
2506 1567 2626 1624 εἶτα
2660 1570 3003 1641 βεϐαιωθήσῃ
3035 1568 3129 1621 ἐπὶ
3167 1570 3232 1638 τῇ
3264 1570 3342 1629 εἰς
3372 1564 3534 1618 αὑτὸν
3579 1564 3790 1616 πίστει·

2200 1665 2400 1736 ὁμοίως
2435 1663 2527 1716 καὶ
2574 1664 2778 1732 Πέτρος
2809 1660 3174 1730 ἀπεκαλύφθη
3219 1659 3626 1730 ἀρνησάμενος,
3672 1653 3791 1707 ἀλλ’

2201 1757 2418 1828 ἐδείχθη
2453 1759 2485 1826 ἠ
2523 1756 2674 1826 ἰσχῦς
2709 1754 2801 1806 τοῦ
2830 1752 2994 1817 Θεοῦ,
3022 1751 3468 1822 προσλαϐομὲνου
3505 1747 3675 1803 αὐτὴν,
3706 1747 3793 1799 διὰ

2201 1849 2300 1916 τῆς
2332 1849 2643 1919 μετανοίας·
2672 1850 2765 1900 καὶ
2789 1845 2967 1908 ἄλλως
2990 1845 3045 1898 δὲ
3069 1841 3543 1912 ἀπεκαλύφθησαν
3570 1842 3637 1892 ἐκ
3664 1839 3793 1892 πολ-

2202 1940 2310 1994 λῶν
2354 1939 2594 2010 καρδιῶν
2633 1936 2992 2007 διαλογισμοὶ,
3045 1935 3305 2013 φανέντος
3349 1933 3444 1992 τοῦ
3490 1930 3788 2002 προδότου,

2202 2032 2479 2102 φανέντων
2512 2029 2620 2083 τῶν
2652 2027 2996 2098 ἀγαπώντων
3036 2026 3222 2100 αὐτόν·
3257 2021 3372 2090 οἶος
3404 2020 3474 2096 ἦν
3519 2025 3724 2095 Ἰωσὴφ
3767 2026 3797 2078 6

2204 2122 2369 2176 ἐλθὼν
2403 2122 2536 2191 πρὸς
2555 2122 2789 2175 Πιλάτον
2809 2136 2824 2149 ο
2865 2116 2971 2172 οἶαι
3011 2120 3071 2176 ai
3097 2121 3356 2186 γυναῖκες
3379 2119 3436 2175 at
3461 2115 3542 2177 τῶ
3565 2115 3793 2188 σταυρῷ

2203 2215 2639 2288 παραμένουσαι.

2282 2417 2301 2449 ι
2349 2397 2459 2452 Καὶ
2503 2391 2571 2466 ἦν
2602 2395 2769 2448 ’Ἅννα
2805 2392 3098 2467 προφῆτις,
3139 2390 3388 2469 θυγάτηρ
3419 2391 3693 2462 Φανουὴλ,
3727 2393 3795 2450 ἐκ

2203 2489 2374 2558 φυλῆς
2410 2489 2602 2558 Ἀσήρ·
2625 2487 2764 2559 αὕτη
2793 2483 3169 2558 προϐεϐηκυῖα
3186 2485 3243 2542 ὲν
3269 2483 3506 2556 ἡμέραις
3533 2481 3791 2548 πολλαῖς,

2204 2581 2416 2650 ζήσασα
2455 2580 2550 2649 ἐτη
2596 2580 2732 2646 μετὰ
2764 2578 2954 2649 ἀνδρὸς
2987 2578 3126 2636 ἑπτὰ
3152 2617 3166 2641 ,
3209 2577 3318 2632 ἀπὸ
3353 2576 3454 2642 τῆς
3490 2576 3799 2647 παρθενίας

2205 2673 2390 2740 αὐτῆς.
2423 2671 2533 2724 Καὶ
2557 2671 2696 2759 αύξη
2721 2667 2866 2741 χήρα
2890 2669 2965 2732 ὡς
2989 2669 3791 2737 ὲτῶνὸγδοηκοντατεσσάρων.

2204 2764 2237 2834 ἡ
2267 2766 2366 2816 οὐκ
2389 2763 2652 2831 ἀφίστατο
2679 2765 2785 2817 ἀπὸ
2807 2761 2898 2816 τοῦ
2934 2763 3105 2833 ίεροῦ,
3137 2762 3416 2829 νηστείαις
3447 2762 3540 2814 καὶ
3571 2760 3797 2832 δεήσεσι

2203 2857 2544 2928 λατρεύουσα
2579 2857 2752 2910 νύκτα
2795 2855 2887 2908 καὶ
2921 2855 3159 2925 ἡμέραν.
3198 2854 3309 2908 Καὶ
3360 2852 3501 2924 αὓτη
3549 2853 3688 2924 αὐτῇ
3724 2855 3794 2924 τῇ

2204 2950 2324 3022 ὥρᾳ
2356 2951 2648 3014 ἐπιστᾶσα,
2693 2949 3132 3020 ἀνθωμολογεῖτο
3153 2949 3231 3019 τῷ
3249 2948 3464 3018 Κυρίῳ,
3486 2947 3584 3001 καὶ⁵
3612 2947 3795 3001 ἐλάλει

2203 3043 2332 3113 περὶ
2372 3040 2539 3094 αὑτοῦ
2585 3043 2716 3094 πᾶσι
2760 3042 2872 3103 τοῖς
2906 3039 3368 3110 προσδεχομένοις
3414 3038 3690 3109 λύτρωσιν
3736 3039 3798 3090 ιν

525 3133 884 3202 deinptionem
923 3135 1330 3209 Hierosolymis.
1361 3141 1428 3196 Et
1455 3150 1510 3196 ut
1536 3143 1880 3214 perfecerunt
1913 3147 2095 3202 omnia

2214 3136 2592 3206 Ἰερουσαλήμ·
2631 3136 2728 3188 καὶ
2770 3135 2846 3198 ὠς
2875 3135 3132 3188 ἐτέλεσαν
3169 3133 3388 3220 ἅπαντα
3417 3135 3483 3188 τὰ
3528 3134 3670 3189 κατὰ
3702 3133 3798 3188 τὸν

525 3225 823 3278 secundum
863 3225 1034 3297 legem
1069 3230 1308 3298 Domini,
1343 3235 1543 3288 reversi
1579 3244 1706 3290 sunt
1742 3235 1791 3289 in
1826 3234 2096 3292 Galilaeam

527 3320 581 3368 in
611 3315 882 3371 civitatem
910 3335 1061 3375 suam
1090 3319 1382 3378 Nazareth.
1416 3324 1557 3380 Puer
1580 3336 1760 3383 autem
1791 3344 2102 3386 succrescer

532 3409 655 3471 bat,
693 3411 1256 3483 corroborabaturque
1288 3416 1480 3485 spiritu
1501 3458 1517 3482 ,
1566 3427 1621 3472 et
1657 3420 1983 3488 implebatur
2011 3437 2099 3476 sa-

532 3499 727 3566 pientia
753 3511 841 3555 :.ct
867 3504 1039 3571 gratia
1069 3505 1160 3559 Dei
1189 3515 1303 3560 erat
1327 3522 1486 3577 super
1515 3508 1682 3567 illum.
1717 3529 1735 3561 ι
1763 3511 2102 3582 Evangelista

529 3593 696 3644 Anum.
724 3593 930 3660 profert
965 3599 1366 3669 genealogiam,
1401 3616 1728 3659 enumerans
1755 3603 1871 3674 ejus
1895 3618 2101 3675 patrem

532 3695 595 3735 ac
622 3685 816 3738 tribum
838 3728 851 3752 ,
879 3696 933 3740 ut
958 3689 1193 3747 sciamus
1215 3692 1364 3746 illum
1390 3709 1516 3749 vera
1537 3696 1749 3760 dicere,
1776 3707 1852 3752 tot
1875 3699 2102 3754 testibus

531 3776 831 3844 accersitis,
889 3780 978 3848 qui
1027 3791 1234 3849 patet-nt
1288 3785 1599 3855 tribumqne
1647 3790 1763 3855 ejus
1813 3801 2102 3844 noverunt.

530 3866 632 3921 Ista
683 3870 846 3938 igitur
874 3872 1110 3927 vicissim
1143 3876 1504 3932 confitebatur
1537 3880 1762 3932 Domino
1784 3923 1797 3944 ,
1849 3883 1948 3936 hoe
1993 3894 2104 3950 εει,

532 3963 736 4029 gratias
767 3966 991 4033 agebat,
1032 3977 1088 4020 et
1121 3967 1346 4022 docebat
1374 3985 1565 4025 omnes
1604 3973 1670 4028 de
1697 3972 1925 4032 Domino
1965 3978 2107 4043 quod

535 4051 650 4120 ipse
667 4066 807 4109 esset
825 4054 1150 4120 Salvator,et
1165 4060 1465 4117 consolatio
1483 4064 1655 4118 nostri
1673 4075 1895 4135 exspect
1911 4067 2104 4120 intimn

539 4146 984 4214 redemptionem.
1033 4147 1324 4219 Postquam
1382 4163 1559 4208 autem
1608 4155 1951 4224 perfecerunt
1993 4159 2105 4213 haec

540 4238 750 4302 omnia,
779 4239 982 4293 reversi
1030 4249 1154 4293 sunt
1184 4242 1234 4295 in
1275 4241 1546 4299 Galilaeam
1575 4245 1627 4298 in
1657 4249 1932 4303 civitatem
1954 4265 2106 4304 suam

539 4327 824 4383 anuretli.
846 4330 969 4384 Erat
988 4331 1206 4400 quidem
1237 4343 1286 4388 et
1315 4335 1588 4391 Bethleem
1637 4339 2107 4408 civitasipsorum,

540 4423 632 4475 sed
666 4431 721 4474 ut
745 4424 914 4492 patria
942 4443 955 4475 :
990 4422 1257 4479 Nazaretb
1293 4441 1420 4481 vero
1448 4437 1503 4483 ul
1537 4429 1888 4486 habitationis
1932 4433 2107 4488 locus.

2205 3228 2367 3298 νόμον
2403 3227 2651 3298 Κυρίου,
2698 3226 3048 3297 ὑπέστρεψαν
3090 3227 3171 3290 είς
3215 3217 3314 3296 τὴν
3349 3225 3665 3288 Γαλιλαίαν,
3715 3225 3799 3290 είς

2203 3320 2301 3390 τὴν
2330 3321 2484 3374 πόλιν
2513 3319 2694 3374 αὐτῶν
2722 3319 2998 3389 Ναζαρέτ.
3029 3318 3103 3372 T6
3139 3318 3194 3371 δὲ
3231 3318 3444 3371 παιδίον
3469 3316 3670 3388 ηύξανε
3702 3321 3802 3375 καὶ

2207 3411 2574 3482 ὶκραταιοῦτο
2623 3409 2938 3481 πνεύματι,
2987 3408 3370 3480 πληρούμενον
3422 3409 3650 3480 σοφίας,
3701 3410 3803 3462 καὶ

2207 3500 2368 3571 χάρις
2417 3501 2553 3553 Θεοῦ
2604 3496 2672 3572 ἦν
2723 3500 2809 3552 ἐπ’
2857 3497 3026 3559 αὐτῷ.
3077 3515 3098 3550 ›
3153 3499 3438 3567 Ἐπιμὲνει
3491 3501 3518 3552 6
3565 3501 3806 3566 εὐαγγες-

2207 3592 2392 3663 λιστὴς
2425 3595 2488 3662 τῇ
2520 3593 2766 3660 περὶτῆς
2795 3592 2996 3660 Ἀννης
3019 3591 3324 3661 ἀφηγήσει,
3351 3591 3449 3643 καὶ
3471 3589 3563 3643 τὸν
3589 3594 3806 3659 πατέρα

2207 3685 2300 3736 καὶ
2328 3687 2425 3753 τὴν
2455 3683 2626 3753 φυλὴν
2655 3683 2992 3749 καταλέγων,
3036 3681 3122 3735 ἵνα
3156 3682 3419 3750 μάθωμεν
3480 3683 3562 3735 ὅτι
3623 3684 3806 3752 ἀληθῆ

2207 3775 2388 3841 λέγει,
2432 3777 2719 3844 μάρτυρας
2749 3774 2953 3827 ὡσανεὶ
3003 3775 3231 3839 πολλοὺς
3279 3776 3805 3846 προσκαλούμενος,

2211 3868 2335 3929 τοὺς
2368 3867 2577 3929 εἰδότας
2631 3866 2844 3919 καὶτὸν
2893 3866 3106 3935 πατέρα
3139 3865 3234 3920 καὶ
3281 3868 3379 3938 τὴν
3423 3867 3618 3937 φυλήνο
3665 3868 3808 3940 αὕτη

2211 3953 2301 4009 οῦν
2324 3955 2756 4026 ἀνθωμολογεῖτο
2783 3954 2860 4026 τῷ
2885 3956 3096 4028 Κυρίῳ,
3123 3957 3425 4020 τουτέστιν,
3455 3957 3808 4027 ηύχαρίστει,

2213 4050 2307 4101 καὶ
2339 4044 2586 4100 ἐδίδασκε
2617 4048 2827 4111 πάντας
2856 4049 2982 4119 περὶ
3017 4049 3109 4103 τοῦ
3141 4050 3372 4119 Κυρίου,
3409 4051 3491 4102 ὅτι
3517 4051 3680 4114 αὐτὸς
3718 4053 3808 4120 εἴη

2211 4142 2240 4194 6
2265 4141 2455 4210 Σωτὴρ
2485 4142 2581 4194 καὶ
2613 4142 2645 4210 ὴ
2672 4141 3020 4212 παράκλησις
3052 4142 3213 4211 ἡμῶν
3236 4143 3344 4194 τῶν
3377 4143 3812 4213 προσδοκώντων

2211 4232 2308 4303 τὴν
2341 4231 2756 4303 ἀπολύτρωσιν·
2804 4231 2942 4297 μετὰ
2977 4231 3033 4284 δὲ
3067 4233 3126 4284 τὸ
3174 4233 3392 4286 τελέσαι
3437 4235 3618 4286 πάντα
3645 4276 3660 4297 ,
3704 4237 3811 4287 ιζπ-

2213 4322 2481 4393 ἔστρεψαν
2522 4324 2597 4384 είς
2621 4321 2736 4390 ’τὴν
2795 4322 3110 4389 Γαλιλαίαν,
3164 4325 3244 4386 είς
3289 4325 3386 4394 τὴν
3439 4326 3596 4378 πόλιν
3629 4328 3815 4380 αὐτῶν

2211 4417 2486 4486 Ναζαρέτυ
2529 4412 2596 4486 ἦν
2635 4417 2734 4485 μὲν
2769 4416 2874 4485 γὰρ
2905 4417 2997 4469 καὶ
3029 4419 3059 4486 ἡ
3088 4417 3361 4488 Βηθλεὲμ,
3402 4419 3562 4483 πόλις
3596 4421 3809 4478 αὐτῶν.

537 4511 694 4567 Jesus
729 4530 854 4577 vero
879 4524 1139 4584 quantum
1172 4519 1238 4573 ad
1266 4534 1464 4590 corpus
1493 4523 1686 4588 crevit,
1719 4527 1966 4593 quamvis
2001 4538 2101 4594 po-

2214 4508 2330 4561 ἀλλ’
2371 4510 2446 4570 ὡς
2498 4507 2695 4576 πατρίς
2723 4521 2735 4534 °
2769 4509 2802 4574 ἡ
2829 4506 2884 4560 δὲ
2933 4507 3213 4578 Ναζαρὲτ,
3252 4509 3327 4572 ὡς
3357 4513 3812 4583 κατοικητήριον·

543 4604 731 4656 inisset
769 4618 831 4656 ex
862 4614 1018 4658 utero
1041 4605 1236 4678 Matris
1268 4609 1324 4662 in
1356 4619 1560 4664 statura
1592 4611 1694 4666 viri
1729 4612 1954 4681 perfecti
1984 4629 2111 4684 pro-

541 4698 760 4760 cedere;
788 4695 959 4749 visum
984 4693 1161 4753 autem
1187 4698 1374 4756 fuisset
1393 4701 1733 4770 phantasma,
1756 4712 1808 4758 et
1831 4714 2112 4774 propterea

540 4790 795 4854 paulatim
828 4791 1046 4846 crescit.
1077 4789 1209 4846 Cum
1236 4800 1418 4848 autem
1446 4803 1738 4860 cresceret,
1770 4797 1993 4851 emicuit
2019 4798 2112 4853 Dei

539 4881 702 4934 Verbi
737 4882 1023 4949 sapientia.
1052 4881 1169 4937 Non
1196 4885 1337 4938 enim
1371 4887 1583 4954 sapiens
1621 4886 1719 4941 fuit
1743 4888 2074 4958 proficiendo
2097 4930 2112 4954 ,

542 4974 683 5025 absit
721 4989 732 5023 :
769 4975 859 5026 sed
893 4973 1148 5041 paulatim
1185 4975 1475 5036 declaravit
1512 4979 1727 5034 insitam
1761 4979 2113 5049 sapientiam,

542 5063 767 5128 t‘tjuxta
807 5067 1048 5130 corporis
1088 5073 1352 5122 staturam
1389 5068 1586 5122 dicitur
1620 5071 1885 5140 proficere
1910 5082 1966 5125 et
1998 5088 2119 5125 cor-

545 5158 784 5209 roborari
835 5158 1045 5224 spiritu.
1100 5158 1155 5214 Si
1215 5163 1357 5216 enim
1424 5162 1660 5229 quandiu
1715 5165 1892 5219 brevis
1955 5163 2113 5234 291

545 5249 730 5301 fuisset.
756 5258 983 5313 statura,
1011 5252 1334 5308 ostendisset
1358 5267 1573 5307 omnem
1598 5255 1944 5323 sapientiam,
1973 5258 2119 5310 visus

546 5339 736 5390 fuisset
788 5341 1131 5408 prodigiosos
1180 5360 1194 5396 :
1238 5359 1378 5398 nunc
1430 5353 1610 5402 autem
1652 5346 1804 5414 juxta
1857 5347 2119 5401 rationem

547 5442 787 5491 htztlttt‘m,
823 5433 1062 5500 seipsum
1102 5449 1197 5502 pro
1243 5436 1410 5503 ipsius
1447 5439 1745 5507 capacitate
1793 5441 2120 5503 ostendens,

546 5523 1005 5585 dispensationem
1026 5526 1301 5592 implebat,
1325 5544 1428 5585 non
1445 5545 1781 5597 praesumens
1800 5533 2119 5600 sapientiam

547 5615 700 5682 (quid
753 5616 899 5671 enim
955 5619 1240 5685 perfectius
1286 5636 1384 5685 eo,
1425 5622 1512 5690 qui
1548 5621 1613 5676 ab
1661 5623 1815 5676 initio
1852 5622 1946 5677 fuit
1997 5640 2090 5692 per

549 5703 772 5777 fectus?)
811 5724 990 5761 verum
1031 5711 1286 5777 paulatim
1327 5713 1467 5766 illam
1506 5715 1760 5771 denudat.

2215 4597 2414 4670 ηὔξανε
2464 4597 2518 4650 δὲ
2569 4600 2596 4650 ὀ
2639 4596 2848 4667 Ἰησοῦς
2897 4599 3038 4651 κατά
3072 4599 3132 4651 τὸ
3182 4599 3375 4669 σῶμα,
3423 4601 3604 4659 καίτοι
3652 4604 3816 4658 διτνά-

2220 4707 2381 4759 μενος
2408 4692 2471 4741 ἐκ
2508 4691 2722 4759 μήτρας
2746 4690 2948 4760 αὐτῆς,
2976 4691 3055 4754 είς
3083 4691 3283 4763 μέτρον
3307 4692 3521 4762 ἡλικίας
3545 4695 3810 4764 ἀνδρικῆς

2216 4781 2516 4850 ἀναϐῆναι,
2557 4780 2670 4833 ἀλλ’
2705 4781 2886 4847 έδοξεν
2917 4780 2982 4835 ἂν
3019 4785 3313 4851 φαντασία,
3343 4776 3431 4836 διὰ
3464 4784 3626 4838 τοῦτο
3665 4787 3814 4838 κατὰ

2221 4873 2417 4942 μικρδν
2466 4872 2712 4936 αύξάνει’
2770 4872 3094 4937 αὑξάνοντος
3138 4873 3230 4939 δὲ,
3276 4875 3592 4945 ἐξεφαίνετο
3634 4880 3667 4946 ἡ
3717 4877 3814 4930 τοῦ

2219 4966 2354 5018 θεοῦ
2384 4967 2559 5034 Λόγου
2605 4970 2789 5037 σοφία·
2841 4969 2902 5022 οὐ
2944 4969 3051 5041 γὰρ
3099 4971 3239 5023 κατὰ
3275 4972 3558 5041 προκοπὴν
3603 4975 3817 5041 ἐγίνετο

2224 5061 2409 5127 σοφὸς,
2467 5063 2672 5128 ἄπαγε.
2736 5062 2898 5115 Ἀλλά
2950 5064 3092 5118 κατὰ
3145 5065 3341 5135 μικρὸν
3387 5067 3670 5134 ὲκφαίνων
3717 5069 3819 5138 τὴν

2222 5153 2460 5222 ἔμφυτον
2495 5141 2691 5220 σοφίαν
2713 5194 2726 5218 ,
2781 5155 3093 5218 ἀκολούθως
3148 5159 3212 5226 τῇ
3247 5162 3535 5228 σωματικῇ
3591 5159 3781 5231 ἡλικίᾳ
3804 5201 3815 5223 ,

2221 5248 2438 5314 λέγεται
2468 5248 2797 5318 προκόπτειν
2830 5247 2926 5300 καὶ
2964 5249 3358 5318 κραταιοῦσθαι
3388 5249 3464 5317 τῷ
3497 5253 3810 5319 πνεύματι·

2223 5344 2270 5394 εἰ
2303 5343 2411 5409 γὰρ
2436 5346 2493 5392 ἐν
2518 5343 2625 5410 ὅσῳ
2651 5337 2717 5412 ἦν
2749 5341 2954 5410 βραχὺς
2983 5341 3082 5411 τὴν
3108 5342 3344 5412 ἡλικίαν,
3374 5342 3606 5412 ἐξέφηνε
3630 5345 3814 5398 πᾶσαν

2227 5433 2439 5500 σοφίαν,
2470 5432 2649 5497 ἔδοξεν
2770 5433 2956 5501 τέρας*
2993 5434 3084 5485 νῦν
3123 5433 3178 5486 δὲ
3223 5435 3501 5502 ἀναλόγως
3531 5438 3596 5504 τῇ
3624 5435 3816 5504 ἡλικίᾳ.

2230 5524 2504 5585 ἐνδεικνίς
2536 5524 2727 5575 ἑαυτὸν
2758 5523 2832 5584 ὼς
2859 5523 3139 5594 ἐνεχώρει,
3170 5525 3267 5592 τὴν
3300 5527 3616 5595 οἶκονομίαν
3646 5525 3815 5596 ἐπλή-

2229 5634 2355 5686 ρου,
2408 5616 2468 5667 ού
2524 5616 2926 5686 προλαμϐάνων
2981 5619 3174 5686 σοφίαν
3231 5617 3314 5686 (τί
3366 5617 3476 5688 γὰρ
3555 5619 3651 5672 τοῦ
3719 5620 3816 5671 ἀπ’

2227 5709 2403 5776 ἀρχῆς
2457 5709 2661 5760 τελείου
2711 5708 2903 5776 γένοιτ’
2958 5710 3022 5761 ἂν
3074 5711 3478 5781 τελειότερον;)
3525 5711 3663 5765 ἀλλὰ
3713 5712 3814 5782 τὴν

2233 5793 2403 5853 οὖσαν·
2431 5801 2568 5853 κατά
2597 5803 2770 5872 βραχὺ
2806 5805 3206 5873 παραγυμνῶν.
