4028 6418
233 377 339 440 ἨΒ

243 584 609 653 Ἰερουσαλὴμ
648 585 714 652 τῇ
747 583 910 653 ἑορτῇ
941 581 1036 637 τοῦ
1088 583 1320 651 Πάσχα·
1357 582 1453 636 καὶ
1491 582 1581 634 ὅτε
1615 581 1838 650 ἐγένετο

234 676 375 730 ἑτῶν
429 677 659 739 δώδεκα,
727 675 1050 730 ἀναϐάντων
1102 674 1290 729 αὐτῶν
1344 676 1425 738 εἰς
1487 674 1840 744 Ἱεροσόλυμα

233 764 375 818 κατᾶ
421 765 483 817 τὸ
553 764 676 828 ἒοος
713 765 811 834 τῆς
863 764 1082 834 ἑορτῆς,
1135 765 1232 818 καὶ
1285 764 1701 818 τελειωσάντων
1737 763 1836 826 τὰς

233 856 472 927 ἡμέρας,
529 859 587 910 ἐν
667 857 745 928 τῷ
821 858 1188 928 ὑποστρέφειν
1247 856 1470 920 αὐτοὺς,
1541 855 1838 925 ἀπέμεινεν

246 949 460 1021 Ἰησοῦς
488 954 515 1002 ὁ
549 952 682 1014 παῖς
713 954 771 1003 ἐν
809 951 1192 1022 Ἰερουσαλήμ,
1249 952 1345 1004 καὶ
1377 954 1478 1005 οὐκ
1538 951 1680 1020 ἔγνω
1724 951 1838 1004 Ἰω-

233 1041 343 1110 σὴφ
375 1042 474 1096 καὶ
516 1044 548 1112 ἡ
579 1044 761 1113 μήτηρ
793 1043 961 1094 αὑτοῦ
985 1057 997 1069 '
1032 1042 1363 1112 νομίσαντες
1395 1044 1452 1096 δὲ
1478 1043 1642 1096 αὐτὸν
1676 1044 1736 1096 ὲν
1767 1045 1835 1114 τῇ

233 1137 458 1208 συνοδίᾳ
517 1133 684 1202 εἶναι,
743 1133 909 1206 ἦλθον
963 1135 1184 1205 ἡμέρας
1220 1137 1337 1190 ὁδόν
1360 1153 1373 1166 δ
1412 1137 1508 1189 καὶ
1541 1137 1838 1208 ἀνεζήτουν

228 1229 396 1281 αὐτὸν
444 1230 502 1281 έν
551 1231 664 1292 τοῖς
700 1229 988 1296 συγγενέσι
1033 1229 1125 1281 καὶ
1177 1231 1234 1281 ἐν
1267 1229 1378 1281 toi:
1410 1229 1701 1294 γνωστοῖς·
1743 1229 1840 1282 καὶ

223 1324 308 1396 μή
343 1321 598 1392 εὑρόντες
626 1320 808 1381 αὑτὸν.
839 1320 1186 1390 ὑπέστρεψαν
1234 1322 1318 1383 εἰς
1359 1319 1718 1390 Ἰερουσαλὴμ
1740 1318 1839 1388 ζηο

227 1412 454 1476 τοῦντες
489 1413 674 1472 αὑτὸν,
704 1412 796 1463 κοιλ⁵
827 1412 1060 1478 ἐγένετο,
1098 1411 1217 1480 μεθ’
1254 1411 1468 1480 ἡμέρας
1503 1412 1651 1481 τρεῖς
1680 1404 1837 1478 εὗρον

227 1507 400 1560 αὑτὸν
436 1510 493 1560 ἐν
541 1505 620 1575 τῷ
671 1504 822 1574 ἱερῷ,
859 1502 1224 1573 καθεζόμενον
1271 1505 1328 1555 ἐν
1365 1503 1516 1573 μέσῳ
1551 1501 1660 1554 τῶν
1691 1502 1839 1554 διδα-

231 1600 476 1659 σκάλων,
516 1600 610 1652 καὶ
642 1596 911 1650 ἀκούοντα
952 1596 1156 1657 αὐτῶν,
1201 1597 1295 1649 καὶ
1346 1594 1716 1664 ἐπερωτῶντα
1741 1594 1810 1647 αὖ

226 1690 379 1756 τούς.
436 1691 748 1755 Ἐξίσταντο
778 1689 834 1742 δὲ
863 1689 1067 1752 πάντες
1109 1689 1157 1740 οἱ
1205 1687 1495 1750 ἀκούοντες
1516 1687 1706 1752 αὑτοῦ,
1749 1688 1841 1740 ἐπὶ

225 1784 296 1853 τῇ
332 1782 550 1835 συνέσει
586 1783 678 1833 καὶ
699 1783 818 1842 ταῖς
843 1779 1203 1850 ἀποκρίσεσιν
1246 1779 1412 1832 αὑτοῦ
1437 1795 1452 1810 ·
1488 1780 1584 1832 καὶ
1619 1778 1823 1840 ἰδόντες

227 1877 418 1940 αὑτὸν,
448 1874 834 1944 ἐξεπλάγησαν
862 1889 876 1902 ·
905 1876 998 1926 καὶ
1026 1873 1161 1943 πρὸς
1185 1873 1350 1925 αὑτὸν
1379 1875 1412 1942 ή
1452 1873 1638 1943 μήτηρ
1670 1870 1836 1923 αὐτοῦ

226 1961 376 2021 εἷπε·
419 1969 643 2029 Τέκνον,
683 1967 736 2019 τί
767 1966 1033 2034 ἐποίησας
1062 1968 1197 2035 ήμῖν
1233 1964 1438 2029 οὖτωςς
1519 1963 1651 2016 Ἰδοὺ
1679 1965 1706 2016 ὀ
1731 1979 1837 2015 πα-

226 2061 337 2132 τήρ
366 2079 460 2114 σου
495 2060 674 2129 κάγὼ,
706 2059 1037 2130 ὀδυνώμενοι
1081 2057 1388 2128 ἐζητοῦμέν
1414 2075 1498 2112 σε.
1569 2058 1679 2110 Καὶ
1717 2054 1837 2110 εἷπε

227 2153 368 2224 πρὸς
398 2149 628 2214 αὐτούς’
659 2151 724 2203 Τί
766 2151 848 2204 ὅτι
881 2147 1125 2219 ἐζητεῖτέ
1157 2165 1224 2219 με
1251 2161 1274 2215 ;’
1295 2150 1410 2203 Οὐκ
1439 2148 1617 2220 ᾔδειτε
1665 2149 1745 2201 ὅτι
1781 2151 1838 2200 ἐν

225 2246 342 2307 τοις
399 2233 499 2296 τοῦ
558 2243 772 2312 Πατρός
804 2258 904 2310 μου
960 2241 1043 2293 δεῖ
1087 2235 1226 2293 εἶναί
1281 2257 1387 2310 με;
1444 2242 1555 2294 Καὶ
1590 2241 1836 2293 αὐτοὶοὺ

227 2335 477 2406 συνῆκαν
500 2335 560 2389 τὸ
589 2334 742 2405 ρήμα
776 2333 804 2386 ὃ
841 2333 1105 2402 ἐλάλησεν
1148 2333 1354 2396 αὐτοῖς.
1387 2352 1404 2385 t
1441 2334 1836 2388 Zuvavaéaivst

224 2431 341 2492 τοῖς
370 2427 625 2495 γονεῦσιν
659 2429 740 2491 είς
786 2425 1170 2497 Ἰερουσαλὴμ,
1205 2427 1293 2479 ῐνα
1316 2426 1404 2484 διὰ
1443 2427 1663 2480 πάντων
1687 2427 1838 2499 δείξῃ

225 2522 312 2574 ὅτι
337 2521 440 2573 οὐκ
470 2520 619 2573 ἔστιν
651 2519 919 2583 ἀντίθεος,
961 2518 1071 2570 οὐδ’
1120 2517 1510 2572 ἀντιτάσσεται
1536 2521 1651 2582 τοῖς
1686 2537 1837 2572 νενο-

229 2615 660 2686 μοθετημένοις·
712 2612 1127 2665 τελειωσάντων
1181 2613 1238 2665 δὲ
1287 2613 1386 2676 τὰς
1435 2613 1677 2684 ἡμέρας,
1738 2616 1838 2680 τὰς

228 2705 370 2760 ἑπτὰ
401 2705 608 2775 δηλαδὴ
634 2703 728 2758 τοῦ
759 2703 978 2774 Πάσχα,
1015 2704 1318 2774 άπέμεινεν
1347 2707 1407 2757 ἰν
1445 2705 1834 2778 Ἰερουσαλήμ.

226 2799 522 2868 Συνεζήτει
553 2798 609 2850 δὲ
644 2797 784 2867 μετὰ
811 2798 921 2850 τῶν
958 2797 1369 2868 Γραμματέων,
1397 2799 1507 2852 ἀπὸ
1548 2799 1641 2851 τοῦ
1667 2801 1836 2870 νόμου

226 2891 453 2962 ιρωτῶν
484 2890 684 2952 αὐτούς
707 2907 721 2921 ·
763 2891 861 2944 καὶ¹
897 2888 1183 2955 ἐξίσταντο
1226 2891 1450 2955 πάντες.
1521 2889 1685 2964 Ὁρᾷς
1716 2893 1836 2960 πῶς

228 2984 570 3055 προέκοπτεν
600 2984 692 3037 ἐπὶ
740 2983 904 3056 σοφίᾳ
924 3024 939 3049 ,
979 2984 1069 3037 διὰ
1101 2983 1196 3037 τοῦ
1220 2984 1590 3051 γινώσκεσθαι
1622 2985 1837 3048 πολλοῖς

228 3078 324 3132 καὶ
355 3077 738 3148 Θαυμάζεσθαι
767 3094 781 3142 ;
840 3079 873 3146 ή
910 3078 1022 3146 γὰρ
1083 3076 1349 3146 ἑκφανσις
1382 3077 1480 3145 τῆς
1511 3077 1706 3145 σοφίας
1738 3077 1837 3130 αὖ-

229 3169 361 3236 τοῦ,
394 3169 533 3240 αὕτη
564 3170 724 3224 ἐστὶν·
757 3170 790 3238 ή
827 3167 1085 3241 προκοπή
1134 3168 1326 3221 αὐτοῦ.
1373 3167 1596 3238 Πατέρα
1649 3167 1708 3220 δὲ
1745 3167 1836 3221 τὸν

241 3259 445 3332 Ἰωσὴφ
507 3261 769 3332 ὀνομάζει
830 3261 864 3330 ή
917 3259 1211 3323 Θεοτόκος,
1273 3258 1448 3312 εἰδυῖα
1486 3260 1587 3328 μὲν
1614 3259 1691 3322 ὼς
1734 3260 1834 3312 οὐκ

233 3354 352 3407 ἔστι
398 3354 622 3425 πατήρο
668 3354 810 3423 πλὴν
844 3351 934 3406 διὰ
979 3351 1106 3415 τοὺς
1149 3351 1462 3414 Ἰουδαίους,
1500 3351 1586 3404 ἵνα
1637 3352 1710 3422 μὴ
1743 3370 1831 3405 νο-

233 3445 408 3515 μισθῇ
438 3447 506 3498 ὲκ
556 3443 816 3515 πορνείας
876 3437 1040 3505 εῖναι,
1077 3442 1292 3512 πατέρα
1347 3443 1513 3494 αὑτοῦ
1571 3441 1836 3508 λέγειτὸν

239 3538 441 3608 Ἰωσήφ
467 3553 482 3567 ο
541 3537 718 3600 ἄλλως
749 3553 810 3588 τε
854 3535 945 3587 καὶ
999 3535 1204 3605 πατρὸς
1233 3533 1565 3604 κηδεμονίαν
1594 3535 1835 3599 ἐνδειξά-

230 3646 433 3700 μενον,
501 3630 596 3683 καὶ
655 3626 964 3700 ὑπουργίαν
1009 3627 1068 3680 ἐν
1132 3629 1200 3698 τῇ
1257 3628 1564 3699 ἀνατροφῇ,
1607 3627 1835 3691 εἰκότως

227 3721 520 3792 ὠνόμασεν
545 3720 708 3773 αὑτὸν
743 3718 958 3790 πατέρα
979 3735 992 3748 ·
1022 3718 1225 3771 ὡσανεὶ
1254 3719 1528 3785 τιμῶντος
1551 3718 1716 3772 αὑτὸν
1742 3719 1836 3773 τοῦ

228 3818 388 3886 ἁγίου
422 3813 744 3885 Πνεύματος
786 3816 852 3885 τῇ
900 3813 994 3868 τοῦ
1050 3813 1254 3884 πατρὸς
1301 3812 1670 3884 προσηγορία.
1740 3815 1838 3867 Διὰ

227 3911 361 3976 τί,δὲ
387 3909 614 3979 ἐζήτουν
645 3908 807 3981 αὐτόν
831 3922 847 3972 ;
873 3902 940 3960 Ἀ
954 3923 1023 3977 ρα
1058 3905 1329 3978 ὑπόληψιν
1356 3906 1580 3975 ἔχοντες
1618 3907 1698 3959 ὅτι
1732 3909 1837 3960 άπ-

232 4003 437 4059 όλωλεν
462 4003 495 4072 ἧ
517 4000 855 4072 πεπλάνηται
883 4001 957 4062 ὡς
979 4003 1108 4063 παῖς
1132 4017 1147 4067 ;
1175 4001 1418 4068 Ἀπαγε.
1438 3997 1577 4053 Οὔτε
1602 3999 1710 4070 γὰρ
1739 4001 1836 4070 τῆς

230 4097 519 4164 πανσόφου
549 4095 771 4166 Μαρίας
806 4094 965 4148 τοῦτο
993 4091 1086 4166 ἦν,
1124 4094 1329 4165 μυρίας
1365 4093 1673 4164 δεξαμένης
1705 4096 1835 4163 περὶ

230 4189 399 4246 αὑτοῦ
422 4187 826 4257 ἀποκαλύψεις,
861 4186 986 4241 οὔτε
1021 4185 1114 4240 τοῦ
1161 4187 1386 4256 Ἰωσὴφ,
1418 4187 1515 4240 τοῦ
1544 4189 1638 4239 καὶ
1668 4187 1835 4240 αὐτοῦ

230 4282 729 4352 ἀποκαλυφθέντος
757 4283 840 4335 ὃτι
865 4284 930 4336 ἐκ
961 4281 1283 4351 Πνεύματος
1315 4279 1472 4348 ἁγίου
1498 4279 1667 4335 ἐστίν,
1692 4281 1833 4333 Ἀλλ’

228 4377 465 4448 ιζήτουν
517 4373 704 4442 αὑτὸν,
769 4375 970 4445 μήπως
1023 4373 1241 4442 ἀπέστη
1272 4373 1367 4424 ἀπ’
1398 4370 1600 4438 αὐτῶν,
1637 4376 1836 4443 μήπως

231 4465 627 4521 καταλέλοιπεν
687 4462 912 4523 αὐτούς.
980 4463 1135 4516 Ἐπεὶ
1193 4463 1252 4516 δὲ
1298 4456 1458 4532 εὗρον
1505 4464 1693 4528 αὐτὸν,
1737 4464 1837 4533 δρα

941 327 1390 439 sumente
1437 374 1515 438 [N
1560 374 2066 438 svasesmuu
2107 376 2346 437 Lues.
2377 402 2446 412 —
2478 376 2640 436 cm
2685 377 2772 436 Π.

315 511 333 540 ι
376 491 482 544 Κα“.
522 490 848 561 ἐπορεύοντο
882 488 933 543 οί
968 490 1147 558 γονεῖς
1202 488 1371 544 αὐτοῦ
1430 488 1550 543 κατ’
1609 488 1728 553 ἔτος
1758 490 1839 553 είς
1870 492 1916 550 Α

3443 370 3551 437 ’184

2024 487 2189 543 Vens.
2242 488 2431 543 “~50.
2465 507 2481 538 ι
2520 485 2584 540 Ει
2619 487 2769 539 ibant
2815 491 3069 554 parentes
3106 482 3222 551 ejus
3253 485 3552 552 quotannis

1945 582 2382 654 Hierosolymam
2414 583 2470 636 in
2502 583 2590 637 die
2630 581 2767 634 festo
2829 578 3077 634 Paschae.
3118 576 3331 632 Etcum
3378 577 3550 631 fat-tus

1944 687 2092 732 esset
2122 691 2392 731 annorum
2419 673 2730 739 duodecim,
2790 671 3216 727 ascendentibus
3269 670 3374 724 illis
3419 671 3553 724 llie-

1944 769 2279 840 rosolymam
2353 769 2653 824 secundum
2739 765 3194 821 consuetudinem
3249 763 3354 818 diei
3404 763 3550 825 festi,

1945 865 2452 932 consummatisque
2483 863 2675 918 diebus
2701 876 2825 917 cum
2851 861 3093 915 redirent
3129 859 3228 924 illi,
3290 859 3554 912 remansit

1943 973 2080 1028 puer
2109 955 2265 1012 Jesus
2292 955 2712 1027 Hierosolymis,
2735 964 2788 1008 et
2816 969 2925 1028 non
2961 960 3336 1019 cognoverunt
3360 965 3553 1018 paren-

1946 1061 2030 1107 tes
2116 1050 2258 1120 ejus.
2318 1049 2590 1104 Cmterum
2635 1048 2739 1099 rati
2802 1024 2953 1098 i‘llum
2979 1059 3101 1099 esse
3157 1044 3210 1097 in
3269 1043 3550 1102 Ctlntilﬂlll,

1948 1152 2220 1198 venerunt
2282 1142 2480 1196 itinere
2539 1139 2667 1203 diei,
2705 1148 2760 1193 et
2834 1134 3190 1206 requirebant
3243 1150 3367 1188 cum
3409 1135 3554 1187 inter

1946 1247 2215 1308 cognatos
2242 1246 2298 1290 et
2326 1234 2693 1294 internotos.
2765 1231 2830 1286 Et
2867 1245 2989 1284 cum
3043 1243 3148 1282 non
3213 1227 3552 1281 invenissent

1947 1347 2096 1395 eum,
2137 1329 2338 1384 reversi
2378 1336 2505 1380 sunt
2537 1324 2996 1395 Hierosolymam,
3038 1327 3349 1387 quaerentes
3401 1333 3550 1372 eum.

1947 1414 2013 1476 Et
2053 1421 2251 1477 accidit
2277 1429 2397 1491 p05t
2435 1418 2698 1480 triduum,
2742 1418 3070 1470 invenerunt
3096 1411 3321 1467 illumin
3352 1411 3554 1480 templo

1948 1514 2230 1570 sedentem
2257 1513 2308 1567 in
2344 1510 2521 1567 medio
2581 1512 2895 1571 doctorum,
2942 1506 3257 1560 audientem
3315 1503 3458 1564 illos,
3499 1515 3553 1556 et

1946 1605 2376 1675 interrogantem
2430 1617 2545 1656 eos.
2598 1600 2907 1669 Stupebant
2967 1605 3149 1651 autem
3210 1609 3399 1649 omnes
3458 1595 3551 1663 qui

1946 1713 2070 1754 eum
2101 1695 2418 1758 audiebant,
2459 1710 2621 1764 seper
2641 1691 3002 1760 intelligentia
3031 1700 3085 1744 et
3111 1687 3390 1756 responsis
3413 1686 3552 1754 ejus.

1945 1801 1999 1846 et
2024 1790 2141 1844 viso
2176 1803 2263 1852 eo,
2290 1786 2544 1840 admirati
2570 1794 2718 1838 sunt.
2752 1781 2818 1836 Et
2871 1781 3009 1836 dixit
3073 1787 3253 1834 mater
3321 1778 3437 1848 ejus
3487 1779 3553 1830 ad

1946 1883 2094 1937 illum
2126 1898 2140 1933 :
2175 1880 2298 1945 Fili,
2325 1895 2421 1932 cur
2453 1877 2627 1932 fecisﬁ
2662 1875 2820 1929 nobis
2841 1875 2921 1928 sic
2948 1874 2969 1926 ?
2997 1873 3138 1927 Ecce
3164 1884 3319 1941 pater
3351 1882 3476 1924 tuus
3505 1878 3557 1925 et

1943 1990 2045 2046 ego
2080 1974 2332 2029 dolentes
2357 1963 2738 2042 quaerebamus
2764 1979 2838 2027 te.
2872 1968 2940 2023 Et
2973 1967 3049 2022 ait
3079 1965 3147 2021 ad
3202 1966 3328 2021 illos
3363 1981 3377 2020 :
3415 1964 3555 2032 Quid

1940 2076 2025 2122 cst
2052 2066 2199 2136 quod
2243 2063 2578 2133 qum-ebati‘s
2613 2061 2751 2119 me?
2783 2061 2868 2116 An
2918 2058 3250 2117 ttcseiebatis
3309 2057 3454 2127 quod
3497 2055 3552 2110 in

1945 2162 2029 2214 bis
2057 2174 2179 2229 quae
2213 2156 2399 2212 Patris
2440 2156 2544 2209 mei
2588 2164 2739 2221 sunt,
2770 2160 2986 2223 oportet
3021 2165 3109 2210 me
3171 2150 3421 2207 esseiAt
3481 2149 3554 2203 illi

1947 2269 2052 2308 non
2125 2252 2517 2306 intellexerunt
2589 2263 2925 2314 sermonem,
2999 2261 3161 2316 quem
3220 2244 3432 2300 locutus
3475 2255 3557 2298 est

1946 2344 2102 2414 ipsis.
2143 2361 2161 2393 ι
2198 2342 2372 2398 Simul
2412 2340 2561 2395 venit
2587 2355 2711 2395 cum
2755 2339 3077 2408 parentibus
3123 2339 3175 2393 in
3225 2336 3554 2401 Jerusalem,

1945 2448 2002 2490 ut
2038 2453 2133 2506 per
2167 2437 2349 2490 omnia
2385 2434 2634 2489 ostendat
2660 2447 2854 2489 senon
2892 2432 3276 2491 adversarium
3303 2431 3433 2496 Deo,
3463 2447 3528 2484 ne

1942 2544 2048 2600 que
2081 2543 2476 2600 repugnantem
2506 2528 2593 2583 his
2615 2543 2734 2595 qua:
2757 2542 2784 2582 a
2807 2527 2926 2597 lege
2946 2527 3121 2596 posita
3150 2526 3389 2581 fuerunt.
3418 2525 3555 2580 Cum

1943 2622 2306 2697 perfecissent
2337 2631 2519 2675 autem
2575 2620 2692 2674 dies
2752 2629 2985 2691 septem,
3047 2618 3272 2675 Pascha:
3321 2619 3554 2681 scilicet,

1943 2712 2145 2768 mansit
2184 2713 2234 2765 in
2265 2711 2593 2767 Jerusalem.
2616 2712 2941 2781 Disputabat
2959 2709 3142 2764 aufem
3165 2725 3287 2764 cum
3312 2708 3554 2769 Scribis,

1947 2819 2152 2872 rogans
2181 2818 2277 2858 eos
2302 2804 2370 2858 de
2403 2804 2518 2874 lege
2556 2813 2648 2858 :et
2680 2804 3083 2873 obstupuerunt
3137 2816 3347 2858 omnes.
3396 2800 3561 2855 Vides

1946 2893 2221 2962 quomodo
2252 2893 2550 2961 proiecerit
2572 2894 2626 2947 in
2652 2893 3027 2963 sapientia,eo
3059 2891 3203 2960 quod
3234 2900 3557 2946 nosceretur

1943 3000 1970 3039 a
2007 2985 2215 3047 multis,
2255 2987 2390 3040 etin
2433 2986 2798 3040 admiratione
2849 2985 3036 3041 esset?
3096 2983 3366 3038 Emicatio
3408 2982 3556 3036 enim

1940 3078 2226 3145 sapientiae
2249 3078 2388 3146 ejus,
2421 3078 2705 3147 profectus
2726 3077 2845 3148 ipse
2873 3086 2976 3133 est.
3009 3075 3183 3131 Porro
3237 3077 3413 3146 ipsum
3460 3073 3559 3129 Ju-

1866 3201 1910 3264 ϐ
1945 3171 2077 3239 seph
2124 3179 2334 3240 patrem
2369 3172 2618 3224 nominat
2644 3169 2738 3224 Dei
2765 3167 3039 3232 Genitrix,
3105 3169 3286 3224 sciens
3334 3167 3558 3236 quidem

1943 3281 2052 3320 non
2115 3279 2236 3319 esse
2258 3275 2469 3336 patrem
2511 3285 2523 3320 :
2552 3274 2928 3322 verumtamen
2955 3275 3181 3335 propter
3210 3262 3450 3330 Judaaos,
3504 3271 3563 3318 ut

1945 3379 2015 3417 ne
2050 3364 2302 3418 videatur
2330 3379 2393 3417 ex
2433 3362 2800 3422 fornicatione
2827 3370 3154 3433 pregnatus,
3180 3370 3391 3431 patrem
3441 3361 3561 3428 ejus

1942 3455 2075 3510 dicit
2101 3455 2328 3526 Josepb.
2362 3453 2460 3510 Vel
2488 3456 2674 3510 aliter:
2712 3454 2982 3521 Quoniam
3019 3453 3341 3524 velutpater
3368 3469 3558 3519 curam

1945 3550 2100 3619 pueri
2133 3549 2383 3619 gerebat,
2419 3558 2473 3619 et
2511 3547 2676 3605 simul
2726 3548 3113 3604 conversaudo
3182 3547 3550 3612 ministrabat,

1944 3644 2140 3698 merito
2168 3630 2472 3697 nominavit
2494 3642 2646 3698 illum
2679 3651 2917 3712 patrem,
2959 3651 3218 3709 tanquam
3255 3639 3562 3695 bonorante

1942 3734 2093 3789 illum
2173 3733 2380 3803 Spiritu
2478 3742 2672 3788 saneto
2753 3733 2932 3802 patris
3005 3731 3294 3786 vocabulo.
3381 3731 3564 3798 Quare

1944 3837 2122 3882 autem
2156 3828 2472 3896 quaerebant
2507 3825 2702 3881 illum?
2733 3823 2876 3881 Num
2917 3825 3344 3892 suspicabantur
3379 3824 3563 3892 perdi-

1947 3933 2058 3973 tum
2093 3920 2243 3974 illum
2291 3929 2385 3975 aut
2437 3920 2582 3989 quod
2636 3921 2946 3975 aberrasset
3011 3930 3069 3973 ut
3127 3918 3299 3986 puer?
3363 3917 3562 3972 Absit!

1941 4011 2129 4082 Neque
2208 4014 2351 4066 enim
2429 4015 2533 4069 hoc
2605 4013 3022 4084 sapientissime:
3085 4012 3272 4066 Maria:
3370 4010 3562 4074 fuerit,

1941 4117 2061 4172 quae
2102 4101 2370 4172 plurimas
2399 4102 2465 4156 de
2501 4103 2594 4158 illo
2629 4109 2921 4171 acceperat
2948 4101 3334 4166 revelationes,
3387 4114 3564 4170 neque

1940 4193 2166 4266 Josepb,
2194 4197 2280 4251 cui
2307 4204 2362 4249 et
2387 4195 2488 4264 ipsi
2512 4195 2580 4250 de
2607 4195 2700 4250 illo
2739 4196 3042 4250 revelatum
3070 4204 3190 4248 erat
3214 4194 3358 4262 quod
3384 4209 3411 4247 a
3439 4193 3567 4264 Spi°

1945 4290 2051 4344 ritu
2086 4296 2278 4345 sancto
2322 4299 2488 4345 esset.
2522 4289 2723 4344 Verum
2779 4288 3106 4363 quaerebant
3155 4288 3328 4355 illum,
3365 4302 3432 4342 ne
3455 4301 3564 4357 quo

1945 4390 2104 4451 pacto
2125 4383 2193 4436 ab
2219 4384 2298 4437 eis
2328 4383 2574 4447 abiisset,
2595 4397 2773 4452 neque
2791 4381 2930 4438 forte
2949 4383 3269 4453 reliquisset
3287 4380 3430 4436 illos.
3458 4379 3558 4436 Ubi

1950 4485 2131 4529 autem
2165 4476 2497 4531 invenerunt
2529 4491 2677 4536 eum.
2709 4476 2831 4532 vide
2862 4478 3141 4547 quomodo
3162 4476 3298 4544 ipsis
3329 4491 3560 4547 reSpon-

232 4558 353 4622 πῶς
398 4557 588 4620 αὐτοῖς
644 4556 1011 4625 ἀποκρίνεται
1039 4573 1051 4585 ο
1109 4555 1208 4622 τῆς
1256 4555 1368 4626 γὰρ
1401 4554 1716 4628 Παρθένου,
1748 4556 1837 4607 τὸν

1951 4573 2067 4628 det.
2103 4574 2237 4627 Cum
2264 4573 2412 4627 enim
2438 4573 2607 4644 Virgo
2641 4570 2843 4643 Ioseph
2875 4581 3088 4642 patrem
3135 4572 3254 4642 ejus
3306 4571 3562 4635 dixisset,

243 4651 449 4721 Ἰωσὴφ
483 4651 697 4721 πατέρα
724 4648 994 4719 εἰπούσης
1022 4647 1214 4713 αὐτοῦ,
1251 4648 1461 4711 ἐκεῖνός
1496 4666 1660 4717 φησιν
1685 4649 1842 4717 ’,Οὐκ

232 4727 408 4806 αὐτός’
433 4743 585 4795 εστιν
618 4743 648 4796 δ
674 4741 884 4813 ἀληθής
929 4758 1033 4810 μου
1081 4740 1293 4811 Πατὴρ,
1342 4735 1378 4810 ἦ
1433 4741 1546 4810 γὰρ
1576 4741 1642 4794 ἂν
1678 4743 1735 4793 ἐν
1764 4741 1841 4811 τῷ

231 4834 368 4905 οἴκῳ
397 4832 564 4887 αὐτοῦ
599 4833 773 4904 ἤμην’
814 4831 929 4886 ἀλλ’
962 4834 990 4886 ὁ
1016 4831 1150 4894 Θεός
1183 4832 1300 4885 ἐστί
1341 4849 1443 4903 μου
1477 4834 1688 4906 Πατήρ.
1730 4836 1842 4889 Καὶ

230 4926 324 4981 διὰ
361 4925 520 4981 τοῦτο
553 4928 612 4981 ἐν
651 4925 730 4998 τῷ
766 4926 900 4998 οἴκῳ
956 4925 1123 4980 αὑτοῦ
1172 4927 1312 4996 ειμι,
1352 4927 1628 4981 τουτέστιν
1676 4928 1841 5001 ἐν,τῷ

233 5022 348 5091 ναῷ
384 5019 574 5080 αὐτοῦ,
623 5019 769 5074 Ἀλλ’
796 5018 955 5074 αὐτοὶ
1007 5019 1072 5073 οὐ
1098 5019 1346 5087 συνῆκαν
1381 5019 1408 5071 ὃ
1445 5020 1712 5088 ἐλάλησεν
1744 5023 1840 5075 αὺ-

232 5115 348 5176 τοῖς
368 5129 380 5140 ·
418 5114 724 5184 μυστήριον
758 5112 871 5182 γὰρ
902 5106 992 5183 ἦν.

312 5223 331 5254 ι
371 5203 481 5258 Καὶ
514 5202 727 5274 κατέϐη
780 5201 901 5272 μετ’
959 5203 1167 5269 αὐτῶν,
1203 5204 1295 5256 καὶ
1349 5200 1512 5276 ἦλθεν
1537 5213 1613 5267 εις
1651 5206 1837 5271 Ναζα-

234 5305 352 5375 ρέτ.
422 5300 532 5355 Καὶ
565 5295 634 5371 ἦν
685 5301 1139 5370 ὑποτασσόμενος
1175 5304 1358 5367 αὐτοῖς
1389 5318 1403 5334 ο
1454 5305 1549 5356 καὶ
1581 5306 1613 5375 ή
1654 5305 1840 5375 μήτηρ

231 5392 404 5449 αὐτοῦ
440 5394 684 5465 διετήρει
715 5395 897 5448 πάντα
925 5393 995 5447 τὰ
1025 5396 1248 5468 ῥήματα
1291 5397 1466 5450 ταῦτα
1510 5402 1566 5450 ἐν
1593 5402 1658 5469 τῇ
1700 5417 1838 5469 mp-

231 5486 322 5557 δίᾳ
344 5486 541 5555 αὐτῆς.
575 5487 684 5540 Καὶ
721 5484 936 5556 Ἰησοῦς
959 5490 1272 5556 προέκοπτε
1311 5491 1475 5560 σοφία
1511 5493 1604 5542 καὶ
1629 5491 1835 5563 ἡλικίᾳ,

235 5581 332 5632 καὶ
368 5579 556 5649 χάριτι
579 5578 732 5649 παρὰ
763 5578 884 5649 Θεῷ
909 5581 1003 5632 καὶ
1026 5580 1360 5651 ἀνθρώποις.
1399 5601 1416 5633 ι
1464 5583 1839 5638 ’Υπετάσσετο

238 5675 342 5731 τοῖς
378 5671 624 5740 γονεῦσι,
660 5672 833 5727 τύπον
858 5673 1035 5738 διδοὺς
1067 5676 1159 5728 καὶ
1190 5677 1344 5745 ἡμῖν,
1378 5678 1451 5739 ὡς
1477 5676 1544 5729 ἂν
1585 5681 1695 5743 τοῖς
1735 5699 1839 5732 πα-

238 5768 428 5833 τράσιν
459 5766 898 5837 ὑποταττώμεοα
921 5783 932 5794 ·
970 5772 1260 5840 συνετήρει
1308 5771 1364 5821 δὲ
1392 5770 1561 5824 ταῦτα
1589 5775 1766 5825 πάντα
1804 5776 1834 5844 ή

236 5859 540 5929 Παρθένος.
595 5859 727 5915 Gaia
784 5860 892 5933 γὰρ
926 5856 993 5934 ἦν
1037 5863 1101 5916 τά
1150 5879 1208 5915 τε
1261 5862 1617 5938 πραττόμενα
1646 5867 1738 5919 καὶ
1770 5867 1836 5919 τά

1952 4665 2044 4719 ille
2071 4664 2206 4717 dixit
2250 4663 2410 4721 :Non
2443 4665 2528 4718 hic
2561 4679 2725 4756 verus
2755 4671 2910 4735 pater
2943 4679 3096 4718 meus
3121 4674 3226 4729 est,
3274 4662 3478 4731 alioqui
3507 4662 3561 4716 in

1953 4759 2114 4811 domo
2150 4756 2269 4825 ejus
2294 4755 2657 4811 mansissent:
2687 4759 2779 4812 sed
2831 4756 2971 4811 Deus
3025 4766 3108 4811 est
3164 4755 3328 4811 Pater
3389 4767 3561 4816 meus,

1953 4860 2006 4905 ct
2037 4859 2324 4918 propterea
2359 4849 2412 4904 in
2446 4851 2608 4904 domo
2635 4850 2782 4904 illius
2820 4865 2966 4913 sum,
3002 4849 3107 4904 hoc
3140 4858 3243 4914 est,
3283 4848 3334 4904 in
3367 4846 3566 4916 templo

1952 4940 2116 4996 illius.
2151 4939 2350 4996 Verum
2396 4942 2496 5011 ipsi
2551 4957 2658 4996 non
2717 4942 3110 4995 intellexerunt
3175 4940 3304 5010 quid
3351 4939 3566 4995 locutus

1953 5033 2116 5104 292
2149 5045 2293 5090 esset
2326 5035 2408 5089 eis
2437 5053 2449 5088 :
2475 5043 2877 5090 sacramentum
2908 5036 3054 5090 enim
3088 5043 3225 5088 erat.

2028 5214 2197 5270 Vsus.
2265 5215 2357 5279 51,
2386 5216 2477 5270 52.
2511 5233 2530 5268 ι
2569 5215 2632 5271 Et
2663 5216 2948 5273 descendit
2992 5232 3115 5273 cum
3170 5217 3269 5280 eis,
3309 5217 3568 5286 venitque

1953 5305 2272 5361 Nazaretb:
2336 5317 2568 5378 eratque
2623 5309 2876 5364 subditus
2932 5309 3060 5366 illis.
3123 5308 3189 5364 Et
3229 5320 3403 5363 mater
3445 5310 3564 5379 ejus

1953 5401 2321 5456 conservabat
2357 5403 2540 5457 omnia
2569 5405 2731 5457 verba
2756 5405 2873 5460 haec
2901 5405 2950 5459 in
2976 5406 3142 5461 corde
3166 5419 3288 5459 suo.
3320 5405 3377 5457 Et
3404 5403 3565 5460 .lcsns

1951 5494 2272 5564 proﬁciebat
2309 5497 2602 5565 sapientia,
2626 5508 2677 5550 et
2715 5507 2896 5562 aetate,
2931 5507 2986 5552 et
3014 5499 3189 5568 gratia
3218 5505 3358 5566 apud
3392 5498 3560 5551 Deum

1950 5597 2114 5644 atoue
2127 5588 2397 5644 homines.
2422 5607 2440 5640 ›
2467 5589 2655 5644 Subdit
2671 5606 2730 5643 us
2751 5589 2850 5644 fuit
2874 5607 2934 5645 oa
2947 5592 3210 5652 rentibus,
3237 5592 3366 5644 dato
3390 5591 3558 5646 etiam

1954 5682 2110 5735 nobis
2129 5683 2380 5748 exemplo
2411 5681 2736 5752 utpatribus
2770 5685 3304 5739 simusobedieutes.
3328 5686 3562 5738 Conser-

1949 5773 2312 5828 vabatautem
2359 5777 2471 5830 banc
2501 5777 2682 5829 ornnia
2711 5777 2900 5846 Virgo.
2952 5776 3142 5831 Divina
3191 5779 3335 5830 cnim
3400 5787 3561 5830 erant

1950 5881 2071 5936 quae
2118 5866 2440 5924 dicebantur
2477 5881 2524 5922 et
2567 5868 2870 5941 agebantur
2914 5886 2942 5926 a
2975 5883 3166 5943 puero,
3217 5883 3323 5925 non
3400 5867 3561 5936 quasi
