4028 6438
507 409 614 475 ’135

1434 388 2005 465 THEOPHYLACTI
2038 381 2452 449 BULGARUE
2481 372 2838 437 ARCHI‘EP.

3659 352 3768 420 736

510 470 799 581 duodecim
822 526 1110 577 annorum,
1133 511 1227 567 sed
1260 506 1412 579 quasi
1441 504 1703 575 perfecto.
1728 502 1864 557 Vide
1898 509 2077 555 autem

2216 493 2454 561 εγόμενα
2477 487 2630 557 παρὰ
2657 482 2751 537 τοῦ
2780 478 2992 542 παιδος,
3014 477 3110 531 καὶ
3139 476 3236 546 οὐχ
3262 475 3338 538 ὡς
3365 470 3762 535 δωδεκαετοῦςν

514 612 786 684 quomodo
806 608 908 662 hoc
937 605 1053 659 loco
1079 598 1409 669 evangelista
1435 598 1821 684 interpretatur
1844 592 1971 684 quid
2010 588 2083 645 sit

518 681 776 773 proﬁcere
791 695 1085 767 sapientia;
1109 690 1293 748 subdit
1312 691 1479 751 enim,
1499 697 1554 742 et
1568 695 1748 741 aetate.
1772 681 2081 739 Proiectum

518 806 695 849 autem
728 792 924 855 aetatis,
957 787 1234 858 sapientiae
1262 783 1560 852 profectum
1584 793 1705 835 esse
1731 777 1885 832 dicit.
1941 774 2083 830 Gra-

518 888 649 942 tiam
683 898 810 939 vero
842 881 1078 936 habebat
1108 881 1250 951 apud
1299 877 1467 932 Deum
1518 881 1572 928 et
1623 872 1764 942 apud
1814 869 2083 931 homines,

522 980 622 1031 hoc
644 986 747 1039 est,
815 972 1006 1041 agebat
1057 986 1120 1027 ea
1180 982 1299 1039 quae
1351 968 1457 1023 Deo
1514 960 1850 1033 beneplacita
1903 962 2083 1020 erant,

518 1074 572 1118 ct
612 1080 731 1133 qum
762 1062 1072 1119 laudataab
1098 1060 1425 1115 hominibus.
1454 1056 1695 1110 Primum
1726 1063 1907 1105 autem
1946 1045 2084 1117 apud

522 1154 711 1218 Deum,
748 1165 800 1206 et
828 1160 1012 1219 postea
1043 1151 1186 1219 apud
1209 1147 1476 1203 homines.
1500 1143 1740 1199 Primum
1758 1139 1899 1194 enim
1924 1150 2086 1205 opor-

520 1253 594 1299 tet
632 1241 740 1297 Deo
768 1242 1004 1311 placere,
1036 1249 1091 1295 et.
1122 1239 1314 1294 deinde
1346 1235 1674 1289 hominibus.

1119 1431 1344 1489 CAPUT
1408 1412 1498 1485 nn

531 1642 606 1695 De
644 1632 1015 1705 pra‘dicatiane
1042 1638 1293 1692 Joannis.
1322 1637 1398 1690 De
1426 1634 1868 1704 interrogantibus
1924 1634 2095 1705 Joan—

598 1704 731 1765 nem.
764 1712 841 1765 De
873 1709 1079 1763 Herode
1107 1720 1153 1761 et
1198 1706 1422 1772 annne.
1460 1705 1533 1759 De
1588 1706 1847 1772 baptismo
1909 1704 2094 1759 Salva-

600 1763 746 1836 tdrir.
767 1763 855 1834 Die
881 1780 1185 1851 genealogia
1224 1763 1441 1831 Christi.

2182 584 2319 640 ἀλλὰ
2348 580 2581 636 τελείου.
2612 578 2759 645 Ὀρα
2800 572 2860 626 δέ
2893 571 3010 633 πῶς
3046 567 3283 622 ἐνταῦθα
3312 569 3339 619 ό
3369 562 3771 632 εὐαγγελιστὴς

2182 673 2501 747 ἑρμηνεύων
2534 672 2589 724 τί
2620 672 2732 722 ἐστι
2760 668 2819 720 τὸ
2842 666 3173 735 προκόπτειν
3192 659 3384 729 σοφίᾳ,
3422 656 3649 723 ἐπάγει,
3678 653 3773 747 καὶ

2183 745 2388 839 ήλικίᾳ.
2438 765 2551 835 Τὴν
2578 762 2689 831 γὰρ
2722 756 3009 829 προκοπὴν
3032 757 3130 823 τῆς
3157 752 3399 824 ἡλικίας,
3438 750 3535 817 τῆς
3574 745 3769 839 coetus

2184 836 2325 913 εῖναι
2345 836 2495 924 λέγει
2525 852 2830 926 προκοπήν.
2867 846 3228 918 Ἐχαριτοῦτο
3254 845 3312 897 δέ
3346 843 3444 894 καὶ
3475 839 3628 909 παρὰ
3654 836 3774 905 Θεῷ

2188 949 2281 1003 καὶ
2307 946 2457 1017 παρά
2479 942 2807 1015 ἀνθρώποις,
2827 938 3099 1001 τουτέστι,
3130 936 3225 989 καλ⁵
3253 934 3331 1003 τῷ
3361 933 3481 1002 Θεῷ
3504 930 3778 999 εὐάρεστα

2189 1038 2450 1110 ἔπραττε,
2484 1037 2580 1089 καὶ
2614 1035 2725 1095 τοῖς
2779 1030 3095 1101 ἀνθρώποις
3122 1025 3407 1081 ἐπαινετά.
3450 1022 3679 1094 Πρῶτον
3713 1018 3769 1110 δὲ

2188 1108 2431 1198 τὸνπαρά
2451 1124 2590 1197 Θεῷ,
2623 1120 2743 1177 εἶτα
2769 1122 2830 1174 τὸ
2866 1120 3017 1189 παρά
3043 1118 3383 1188 ἀνθρώποις»
3407 1114 3636 1184 Πρῶτον
3672 1108 3779 1180 γὰρ

2191 1222 2272 1274 δεῖ
2298 1220 2375 1289 τῷ
2397 1217 2517 1287 Θεῷ
2543 1215 2819 1287 ἀρέσκειν,
2844 1207 2964 1265 εἶτα
2982 1213 3095 1273 τοῖς
3121 1207 3455 1282 ἀνθρώποις.

2812 1413 3041 1468 ΚΕΦΑΛ
3054 1451 3067 1466 .
3103 1412 3175 1464 ῐ“¹.

2199 1626 2335 1694 Περί
2361 1626 2469 1691 τῆς
2503 1620 2611 1677 τοῦ
2658 1623 2929 1694 Ἰωιίνξνου
2964 1622 3289 1694 κηρύξεως.
3325 1616 3484 1694 μερὶ
3527 1615 3785 1694 {ebriat-

2268 1685 2700 1763 ἐρωὴ-σάντων
2762 1692 2887 1763 τὸν,
2939 1685 3245 1763 Ἰωγᾶνςνηνι
3316 1688 3455 1755 Περὶ
3527 1685 3786 1763 Ege-5900

2274 1753 2373 1817 καὶ
2426 1753 2719 1818 Ἰωάννου.
2756 1762 2895 1829 Περὶ
2924 1760 3028 1813 τοῦ
3056 1753 3478 1829 ,ϐαπτίσματος
3526 1753 3633 1809 τοῦ
3665 1758 3788 1809 Σω-

2018 1866 2021 1869 ι
2126 1842 2178 1901 Β
2270 1835 2471 1902 τῆρος.
2508 1833 2649 1900 Περί
2675 1826 3062 1901 γενεαλογίας
3096 1829 3201 1883 τοῦ
3232 1826 3513 1896 Χριστοῦ.

606 2043 769 2095 Vens.
797 2040 908 2095 ιοδ.
946 2058 967 2090 ε
1000 2040 1156 2092 Anno
1194 2044 1373 2090 autem
1406 2035 1617 2089 decimo
1667 2034 1854 2102 quinto
1888 2034 2097 2103 imperii

531 2130 994 2193 'IiberilCaesaris,
1013 2127 1203 2183 Pontio
1224 2127 1395 2181 Pilato
1416 2126 1643 2194 praeside
1662 2124 1879 2191 Judaeaa,
1901 2134 2099 2179 tetrar-

530 2226 629 2278 eha
681 2237 809 2276 vero
838 2219 1070 2275 Galilaea:
1119 2217 1353 2281 Herode,
1406 2216 1657 2285 Philippo
1716 2229 1895 2271 autem
1935 2216 2102 2271 fratre

531 2316 646 2382 ejus
680 2312 949 2367 tetrarcha
993 2310 1205 2364 lturmaa
1240 2320 1294 2362 et
1328 2307 1734 2362 Trachonitidis
1775 2309 2104 2377 regionis,“

532 2406 758 2476 Lysania
786 2403 1037 2458 Abilenes
1072 2403 1365 2466 tetrarcha,
1420 2401 1518 2454 sub
1569 2400 1915 2470 pontiﬁcibus
1944 2400 2102 2454 Anna

531 2497 834 2566 etCaipha,
870 2495 1074 2549 factum
1106 2506 1191 2549 est
1237 2495 1459 2548 verbum
1490 2492 1581 2546 Dei
1634 2507 1797 2560 super
1840 2490 2103 2546 Joannem

533 2588 807 2643 Zachariae
838 2586 1004 2640 illium
1033 2586 1087 2640 in
1119 2586 1352 2640 deserto.
1386 2583 1449 2636 Et
1488 2584 1635 2638 venit
1668 2584 1717 2636 in
1770 2598 1986 2638 omnem
2018 2598 2104 2637 re-

532 2684 744 2751 gionem
800 2679 1085 2733 ﬁnitimam
1123 2676 1369 2740 Jordani,
1427 2677 1725 2744 praedicans
1782 2676 2105 2744 baptismum

534 2773 888 2843 paenitentia),
924 2771 975 2822 in
1014 2769 1387 2824 remissionem
1448 2778 1813 2836 peccatorum.
1854 2786 1872 2819 ι
1936 2766 2106 2822 Recte

535 2880 743 2921 memor
776 2872 934 2919 estet
972 2862 1247 2931 temporis,
1289 2870 1343 2916 et
1388 2862 1687 2932 principum
1740 2860 1995 2915 illorum:
2049 2867 2109 2913 ut

533 2958 616 3014 sic
647 2957 984 3012 demonstret
1015 2965 1254 3023 tempore
1313 2952 1516 3009 Christi
1562 2952 1825 3009 defecisse
1854 2950 2110 3006 Judaico-

534 3064 655 3104 rum
692 3048 994 3116 pnncipum
1030 3046 1451 3107 successionem,
1484 3043 1855 3114 praesidiatum
1890 3043 2106 3111 quidem

538 3140 710 3195 Pilato
747 3140 961 3193 homine
990 3138 1423 3205 alteriusgentis,
1478 3137 1867 3191 letrarchatum
1924 3144 2106 3189 autem

542 3229 772 3285 llerodis
821 3228 1139 3283 Ascalonita:
1199 3227 1320 3281 ﬁliis
1356 3228 1664 3283 tenentibus
1701 3246 1715 3281 :
1750 3228 2113 3293 eredaturque

536 3321 737 3374 merito
767 3322 956 3373 adesse
988 3319 1257 3382 Christus,
1300 3319 1449 3385 juxta
1482 3319 1818 3388 prophetiam
1857 3316 2023 3373 Jaeob
2044 3320 2111 3373 “.

551 3430 570 3464 ι
602 3410 825 3466 Factum
861 3420 944 3465 est
964 3420 1166 3474 autem,
1192 3410 1385 3478 inquit.
1411 3412 1633 3466 verbum
1656 3410 1747 3464 Dei
1771 3424 1932 3477 super
1952 3408 2117 3463 Joan-

541 3518 710 3556 nem:
750 3523 768 3553 ι
815 3514 871 3555 ιιι
915 3503 1093 3558 discas
1124 3502 1269 3555 illum
1306 3517 1414 3556 ηοιι
1474 3513 1697 3567 temere,
1754 3517 1927 3571 neque
1977 3503 2114 3555 citra

542 3595 878 3649 vocationem
945 3595 1008 3647 ad
1074 3594 1469 3648 testiﬁcandum
1540 3595 1753 3649 Christo
1799 3595 2112 3664 prosiliisse,

542 3687 638 3740 sed
684 3686 868 3739 divino
898 3694 1103 3739 motum
1158 3683 1379 3753 Spiritu.
1414 3685 1515 3739 Per
1574 3686 1800 3740 verbum
1867 3686 2110 3754 intellige

543 3777 805 3847 Spiritum
838 3786 1106 3841 sanctum,
1146 3776 1229 3831 vel
1265 3776 1574 3830 mandatum
1606 3778 1719 3832 Del.
1755 3776 1982 3831 Factum
2029 3786 2112 3830 est

548 3876 731 3924 autem
774 3869 825 3922 in
856 3868 1073 3922 deserto
1106 3868 1328 3921 Verbum
1348 3866 1440 3921 Dei
1466 3870 1532 3921 ad
1554 3866 1843 3935 Joannem,
1876 3867 2115 3938 quando-

553 3962 769 4031 quidem
807 3962 949 4014 enim
985 3959 1123 4013 ﬁlios
1182 3962 1408 4013 desertae
1470 3960 1924 4027 multiplicaturus
1973 3968 2113 4024 erat,

544 4053 843 4107 Ecclesiam
886 4052 1008 4106 dico
1041 4066 1103 4106 ex
1139 4050 1411 4119 gentibus,
1450 4052 1622 4121 magis
1655 4066 1816 4120 quam
1840 4051 1955 4119 ejus
1997 4066 2118 4122 quae

545 4146 709 4198 habet
736 4144 935 4209 virum,
967 4142 1069 4195 hoc
1120 4150 1225 4206 est,
1272 4139 1509 4195 Judaicae
1566 4141 1885 4211 Synagogze,
1920 4144 2118 4197 merito

554 4239 609 4289 in
640 4236 858 4289 deserto
890 4235 947 4286 iit
980 4235 1045 4288 ad
1093 4233 1354 4287 Joannem
1427 4235 1647 4287 verbum
1705 4243 1758 4286 et
1808 4236 2116 4289 mandatum

548 4326 665 4380 Dei.
691 4325 1010 4379 Praadieavit
1030 4332 1210 4379 autem
1236 4324 1497 4393 baptisma
1526 4325 1861 4393 pmnitentite
1886 4327 2117 4395 populis,

2282 2053 2300 2085 ε
2337 2033 2424 2088 Ἐν
2443 2031 2550 2085 ἔτει
2581 2032 2637 2085 δέ
2670 2008 3148 2097 πεντεκαιδεκάτῳ
3176 2026 3276 2095 τῆς
3302 2024 3602 2094 ἡγεμονίας
3626 2021 3789 2075 Τισι-

2206 2127 2325 2197 ρίου
2357 2125 2661 2193 Καίσαρος,
2686 2119 3117 2195 ἡγεμονεύοντος
3153 2117 3374 2171 Ποντίου
3423 2116 3663 2169 Πιλάτου
3690 2117 3792 2182 τῆς

2218 2215 2501 2281 Ἰουδαίας,
2532 2216 2627 2267 καὶ
2671 2211 3102 2283 τετραρχοῦντος
3130 2210 3229 2279 τῆς
3281 2207 3574 2270 Γαλιλαίας
3610 2205 3792 2275 Ἠρώ-

2204 2310 2315 2374 δου,
2347 2308 2615 2361 Φιλίππου
2654 2306 2711 2358 δέ
2763 2304 2856 2357 τοῦ
2899 2302 3131 2370 ἀδελφοῦ
3164 2300 3330 2355 αὑτοῦ
3354 2296 3791 2368 τετραρχοῦντος

2205 2402 2299 2471 τῆς
2338 2399 2639 2470 Ἰτουραίας
2675 2400 2769 2451 καὶ
2803 2394 3205 2465 Τραχωνίτιδος
3239 2392 3441 2463 χώρας,
3484 2393 3579 2444 καὶ
3610 2392 3793 2443 Λυσα-

2204 2492 2319 2544 νίου
2354 2492 2453 2559 τῆς
2507 2489 2813 2559 Ἀϐῃληνῆς
2863 2484 3318 2557 τετραρχοῦντος,
3359 2484 3453 2536 ἐπὶ
3484 2481 3794 2551 ἀρχιερέων

2210 2584 2380 2635 Ἀννα
2418 2583 2510 2633 καὶ
2568 2581 2814 2647 Καῖάφα,
2867 2578 3087 2645 ἐγένετο
3120 2577 3271 2647 ῥῆμα
3305 2573 3441 2626 Θεοῦ
3475 2575 3569 2626 ἐπὶ
3609 2573 3797 2628 Ἰωάν-

2207 2690 2304 2743 νην
2335 2672 2425 2723 τον
2458 2669 2550 2723 τοῦ
2583 2669 2855 2740 Ζαχαρίου
2894 2671 3008 2721 υίὸν
3036 2670 3094 2719 ἐν
3123 2669 3191 2738 τῇ
3242 2666 3436 2735 ἐρήμῳ
3456 2680 3469 2693 ·
3504 2664 3598 2717 καὶ
3628 2658 3796 2733 ἦλθεν

2208 2768 2288 2829 είς
2320 2765 2499 2818 πᾶσαν
2535 2762 2635 2831 τὴν
2688 2762 2997 2831 περίχωρον
3044 2758 3140 2812 τοῦ
3178 2759 3469 2829 Ἰορδάνου.
3498 2756 3795 2827 κηρύσσων

2210 2854 2493 2925 βάπτισμα
2526 2851 2812 2923 μετανοίας
2843 2851 2921 2912 είς
2948 2850 3143 2917 ἄφεσιν
3172 2846 3479 2919 ἁμαρτιῶν.
3523 2866 3540 2897 ι
3568 2846 3798 2914 Μέμνη-

2209 2966 2295 3001 ται
2330 2947 2425 2999 τοῦ
2480 2962 2540 2997 τε
2596 2943 2790 3014 χρόνου
2840 2942 2933 2994 καὶ
2976 2942 3081 2994 τῶν
3123 2942 3402 3010 ἀρχόντων
3435 2939 3662 3001 δικαίως
3720 2938 3797 3001 ὡς

2210 3040 2276 3094 ἂν
2297 3039 2445 3109 δείξῃ
2483 3038 2565 3089 ὅτι
2620 3035 2926 3088 ἐκλελοίπει
2973 3034 3006 3099 ἠ
3053 3032 3276 3103 διαδοχὴ
3328 3031 3438 3086 τῶν
3481 3030 3798 3085 Ἰουδαϊκῶν

2210 3132 2513 3203 ἀρχόντων,
2544 3128 2635 3180 ἐπὶ
2663 3126 2930 3196 Χριστοῦ,
2972 3124 3401 3194 ἡγεμονεύοντος
3426 3122 3525 3192 μὲν
3558 3122 3797 3175 Πιλάτου

2215 3221 2504 3291 ἀνθρώπου
2536 3217 2878 3282 ἀλλοεθνοῦς,
2912 3216 3362 3286 τετραρχούντων
3382 3214 3439 3267 δέ
3465 3214 3575 3267 τῶν
3602 3212 3799 3285 τἮρώ-

2215 3316 2305 3368 δου
2329 3312 2423 3366 τοῦ
2466 3310 2845 3364 ’Λσκαλονίτου
2875 3309 3004 3363 υίῶν
3049 3310 3141 3362 καὶ
3199 3308 3429 3370 εἰκότως
3477 3305 3802 3375 πιστευθείη

2216 3408 2506 3476 ἐπιστῆναι
2558 3406 2585 3456 ό
2633 3402 2889 3472 Χριστὸς,
2921 3401 3065 3455 κατά
3094 3401 3191 3470 τὴν
3223 3400 3316 3452 τοῦ
3344 3396 3544 3451 Ἰακὼϐ
3580 3413 3800 3469 προφη-

2214 3497 2385 3550 τείαν.
2443 3514 2460 3546 ι
2517 3495 2767 3561 Ἐγένετο
2794 3492 2878 3555 δὲ,
2925 3494 3079 3561 φησὶ,
3118 3490 3271 3560 ῥῆμα
3300 3488 3440 3543 Θεοῦ
3473 3490 3567 3541 ἐπὶ
3611 3488 3804 3544 Ἰωάνο

2215 3604 2342 3658 νην·
2380 3606 2398 3637 ›
2431 3586 2518 3639 ἵνα
2544 3584 2608 3636 σὺ
2644 3584 2842 3654 μάθῃς,
2866 3582 2947 3633 ὅτι
2970 3580 3071 3632 οὐκ
3098 3578 3435 3648 αὐτόκλητος
3489 3571 3621 3647 ἦλθε
3657 3592 3803 3647 μαρ-

2215 3680 2453 3749 τυρῆσαι
2478 3678 2608 3747 περὶ
2643 3673 2903 3746 Χριστοῦ,
2935 3672 3071 3727 ἀλλὰ
3118 3670 3243 3741 θείῳ
3274 3670 3595 3739 κινούμενος
3627 3668 3804 3721 Πνεῦ-

2222 3773 2352 3843 μάτι
2378 3789 2391 3803 ·
2425 3772 2487 3823 τὸ
2514 3770 2621 3839 γὰρ
2649 3769 2821 3839 ῥῆμα,
2854 3766 2887 3837 ἢ
2915 3766 2976 3818 τὸ
3015 3764 3239 3833 Πνεῦμα
3273 3763 3333 3834 τὴ
3369 3763 3525 3831 ἀγιον
3557 3763 3802 3831 νοήσεις,

2217 3864 2250 3933 ἢ
2276 3864 2375 3937 τὴν
2397 3861 2694 3933 πρόσταξιν
2721 3860 2812 3913 τοῦ
2849 3858 3007 3912 Θεοῦ.
3058 3857 3146 3909 Ἐν
3170 3858 3235 3926 τῇ
3267 3856 3459 3924 ἐρήμῳ
3489 3854 3547 3907 δὲ
3574 3854 3802 3921 ἐγένετο

2216 3954 2277 4006 τὸ
2299 3955 2365 4025 ῥῆ
2380 3971 2454 4023 μα
2474 3952 2568 4004 τοῦ
2608 3946 2743 4004 Θεοῦ
2792 3951 2929 4020 πρὸς
2965 3948 3251 4016 Ἰωάννην·
3305 3946 3426 3997 ἐπεὶ
3457 3944 3567 4014 γὰρ
3597 3945 3796 4011 ἔμελλε

2217 4046 2284 4098 τὰ
2319 4045 2483 4097 τέκνα
2513 4045 2609 4113 τῆς
2641 4044 2873 4112 ἐρήμου,
2904 4041 3001 4109 τῆς
3031 4038 3139 4091 τῶν
3173 4037 3341 4091 ἐθνῶν
3368 4037 3509 4104 λέγω
3564 4036 3805 4107 Ἐκκλη-

2221 4139 2360 4201 σίας,
2390 4136 2619 4189 πλείονα
2659 4134 2914 4201 γενέσθαι
2947 4134 3056 4184 τῶν
3095 4132 3192 4200 τῆς
3225 4131 3454 4200 ἐχούσης
3484 4131 3578 4182 τὸν
3610 4130 3803 4199 ἄνδρα,

2217 4228 2484 4289 τουτέστι,
2514 4227 2613 4295 τῆς
2655 4224 2951 4292 Ἰουδαϊκῆς
2978 4221 3340 4290 Συναγωγῆς,
3386 4221 3617 4283 είκότως
3650 4223 3708 4273 ἐν
3738 4222 3805 4292 τῇ

2219 4322 2410 4391 ἐρήμῳ
2476 4319 2591 4371 ὄντι
2643 4317 2858 4387 γίνεται
2892 4316 2969 4385 τῷ
3033 4316 3257 4385 Ἰωάννῃ
3311 4315 3373 4365 τὸ
3428 4314 3583 4384 ῥῆμα
3647 4316 3806 4382 καὶὴ

550 4418 652 4472 hoe
682 4428 786 4481 est,
817 4415 1198 4471 confessionis.
1215 4413 1387 4470 Porro
1420 4415 1681 4483 baptisma
1729 4419 2105 4484 cooperabatut

2222 4412 2513 4483 πρόσταξις
2546 4410 2637 4463 τοῦ
2670 4409 2827 4461 Θεοῦ.
2877 4408 3183 4476 Ἐκήρυσσε
3206 4407 3263 4459 δὲ
3300 4405 3591 4475 βάπτισμα
3631 4421 3808 4475 μετα-

551 4508 658 4561 illls
690 4507 747 4561 in
800 4506 1173 4561 remissionem
1228 4516 1611 4569 peccatorum,
1637 4522 1755 4573 quae
1799 4522 1892 4575 per
1942 4508 2105 4577 bapti-

2220 4502 2364 4564 νοίας
2386 4504 2498 4563 τοῖς
2522 4501 2689 4564 λαοῖς,
2721 4500 3030 4560 τουτέστιν,
3064 4496 3493 4565 ἐξαγορεύσεως.
3536 4496 3711 4548 Τοῦτο
3752 4497 3809 4551 δὲ

550 4613 723 4652 sinum
752 4596 952 4651 Christi
996 4598 1174 4651 datur.
1212 4594 1397 4665 Neque
1436 4596 1595 4665 293
1642 4597 1785 4650 enim
1852 4597 2105 4668 baptisma

2219 4598 2277 4646 τὸ
2303 4595 2589 4663 βάπτισμα
2640 4593 2902 4661 συνήργει
2967 4590 3151 4651 αὐτοῖς
3187 4589 3265 4650 είς
3322 4589 3419 4657 τὴν
3458 4590 3657 4656 ἄφεσιν
3697 4590 3809 4641 τῶν

551 4687 771 4743 Joannis
814 4690 1190 4745 remissionem
1220 4702 1561 4759 peccatorum
1622 4690 1877 4751 habebat,
1903 4691 1995 4744 sed
2054 4692 2105 4742 at

2219 4684 2527 4756 ἁμαρτιῶν,
2555 4683 2652 4757 τὴν
2697 4683 2784 4735 διὰ
2832 4681 2927 4733 τοῦ
2986 4680 3364 4749 βαπτίσματος
3418 4678 3513 4730 τοῦ
3561 4680 3809 4749 Χριστοῦ

552 4781 923 4837 remissionem
950 4782 1303 4837 conferebat:
1343 4784 1444 4836 hoc
1492 4791 1594 4847 est,
1641 4783 1978 4850 prmparabat
2024 4783 2105 4835 ίιοι

2222 4776 2527 4845 διδομένην.
2572 4775 2645 4826 Οὐ
2680 4774 2785 4842 γὰρ
2814 4772 2877 4840 δὴ
2908 4772 2969 4823 τὸ
3012 4771 3260 4823 Ἰωάννου
3299 4771 3584 4840 βάπτισμα
3610 4772 3810 4838 άςρεσιν

555 4877 724 4929 mines
756 4884 811 4927 ut
837 4877 1145 4944 acciperent
1168 4874 1372 4929 Christi
1402 4876 1690 4945 baptisma,
1728 4875 1867 4941 quod
1893 4873 2097 4928 habcba

2225 4864 2369 4936 εἶχεν
2402 4865 2707 4935 ἀμαρτιῷν,
2729 4863 2844 4916 ἀλλ’
2872 4864 2952 4923 είς
2980 4861 3183 4931 ἄφεσιν
3217 4860 3599 4925 συνεϐάλλετο,
3648 4879 3807 4919 τουτ’

556 4964 927 5019 remissionem
974 4976 1332 5031 peccatorum.

639 5229 800 5283 Vens.
833 5230 944 5295 5,6.
980 5249 997 5281 ι
1027 5228 1179 5285 Sicut
1204 5238 1561 5299 scnptumest
1586 5231 1637 5284 in
1658 5230 1796 5284 libro
1812 5244 2124 5283 sermonum

568 5322 717 5375 lsaize
751 5323 1019 5388 propheta:
1035 5323 1262 5377 dicentis
1296 5340 1308 5374 :
1341 5321 1447 5376 Vox
1472 5322 1755 5377 clamantis
1792 5322 2075 5375 intleserto
2108 5339 2119 5373 :

569 5414 757 5465 l‘arate
795 5413 932 5464 viam
994 5414 1225 5475 Domini,
1278 5423 1453 5467 rectas
1504 5413 1661 5467 facite
1713 5414 1937 5467 semitas
1990 5413 2125 5480 ejus.

2234 4962 2371 5022 ἐστι,
2410 4955 2798 5026 παρεσκεύαζε
2832 4954 2961 5015 τοὺς
3003 4954 3351 5021 ἀνθρώπους,
3403 4952 3487 5005 ἵνα
3545 4952 3811 5022 δέξωνται

2233 5048 2294 5099 τὸ
2340 5047 2431 5099 τοῦ
2489 5047 2729 5118 Χριστοῦ
2771 5046 3078 5115 βάπτισμα,
3132 5045 3192 5099 τὸ
3219 5044 3340 5111 ἕχον
3388 5044 3582 5110 ἄφεσιν
3621 5047 3810 5117 ἀμαρ-

2236 5156 2382 5191 τιων.

2312 5248 2329 5278 ι
2383 5229 2467 5289 Ὠς
2490 5230 2796 5296 γέγραπται
2823 5229 2879 5279 ἐν
2900 5226 3064 5294 βίϐλῳ
3088 5226 3261 5293 λόγων
3298 5229 3519 5281 Ἠσαίου
3554 5230 3648 5281 τοῦ
3679 5248 3809 5298 προ⁹

2234 5324 2427 5389 φὴτου,
2452 5321 2707 5385 λέγοντος
2728 5336 2739 5347 ·
2767 5318 2920 5386 Φωνὴ
2950 5317 3178 5386 βοῶντος
3208 5322 3264 5372 ἐν
3294 5324 3356 5389 τῇ
3383 5323 3596 5391 ἐρήμφι
3635 5322 3809 5375 Ἑτοτθ

2242 5417 2445 5483 μάσατε
2478 5420 2578 5485 τὴν
2607 5416 2722 5466 ὁδὸν
2764 5416 2993 5481 Κυρίου,
3049 5411 3267 5474 εὐθείας
3320 5418 3523 5466 ποιεῖτε
3556 5414 3659 5476 τὰς
3692 5416 3809 5483 τρί-

573 5508 757 5559 Umnis
815 5507 965 5559 vallis
1021 5506 1344 5573 implebitur,
1389 5516 1443 5561 ct
1482 5508 1659 5560 omnis
1693 5522 1847 5559 mons
1873 5515 1933 5559 'et
1979 5507 2099 5559 colli

2241 5510 2367 5571 6ους
2399 5508 2583 5561 αὐτοῦ.
2622 5510 2778 5561 Πᾶσα
2804 5507 3023 5577 φάραγξ
3074 5505 3519 5576 πληρωθήσεται,
3555 5506 3651 5559 καὶ
3706 5509 3809 5558 πᾶν

574 5599 964 5663 l.umiliabitur,
1018 5609 1073 5653 et
1117 5600 1245 5655 {ient
1302 5616 1419 5670 qua:
1448 5600 1665 5669 obliqua
1698 5610 1840 5665 sunt,
1905 5600 2129 5668 directa,

647 5779 685 5806 ¹¹
719 5777 850 5830 Gen.
886 5792 1031 5843 lux,
1070 5778 1121 5829 5.

2244 5600 2365 5668 ὅρος
2402 5604 2494 5654 καὶ
2529 5601 2715 5670 βουνὸς
2739 5602 3231 5672 ταπεινωθήσεται,
3257 5602 3350 5653 καὶ
3382 5600 3534 5653 ἔσται
3584 5600 3652 5653 τὰ
3684 5615 3807 5653 σκο-
