4028 6420
191 409 203 429 ‘
225 403 331 468 737

947 398 1392 461 ENARRATIO
1433 398 1510 458 ΙΝ
1549 398 2051 460 EVANGELIUM
2094 400 2329 460 LUCE.
2375 399 2627 458 -CAP.
2659 398 2778 457 III.

3437 400 3547 468 7.18

225 517 317 569 λιά
353 517 436 579 είς
471 512 714 577 εὐθεῖαν,
747 513 842 565 καὶ
877 512 934 564 αἱ
973 515 1229 582 τραχεῖαι
1258 514 1339 575 είς
1362 512 1514 573 ὁδοὺς
1545 510 1822 573 λείας,καὶ

1937 522 1992 566 et
2051 526 2242 582 aspera
2297 513 2348 564 in
2411 511 2527 566 vias
2574 513 2787 581 planas,
2822 519 2877 565 et
2925 512 3130 566 videbit
3187 513 3369 568 omnis
3405 513 3543 571 caro

231 611 426 678 ὅψεται
463 609 612 661 πᾶσα
635 605 772 676 σὰρξ
795 607 855 658 τὸ
885 607 1156 676 σωτήριον
1186 604 1280 658 τοῦ
1305 601 1463 658 Θεοῦ.
1521 602 1672 666 Ὁδὸς
1708 603 1829 671 μὲν,

228 705 260 770 ἡ
293 700 439 755 κατά
467 698 707 769 Χριστὸν
740 683 1008 760 πολιτεία,
1055 699 1120 767 ἣν
1159 697 1372 750 κελεύει
1405 695 1828 765 ἑτοιμασθῆναι.

239 792 484 864 Ἔμελλε
523 791 632 861 γὰρ
656 791 778 843 ὅσον
809 788 963 842 οὔπω
997 790 1292 860 κηρύττειν
1319 792 1347 842 6
1380 789 1609 860 Κύριος.
1639 789 1832 858 Τρίσοι

241 888 320 953 δὲ,
344 887 400 940 αι
433 884 528 937 τοῦ
559 885 727 952 νόμου
760 882 992 945 ἐντολαὶ,
1027 881 1104 944 ὡς
1153 882 1252 953 ήδη
1284 880 1675 953 τετριμμέναι.
1734 884 1834 946 Ἃς

225 979 450 1041 εὐθείας
483 979 657 1029 ποιεῖν
686 975 1059 1028 διατάττεται.
1092 974 1429 1045 Διέστρεφον
1471 975 1581 1045 γὰρ
1611 974 1712 1038 τὰς
1751 975 1833 1026 ὲν-

226 1070 391 1134 me;
422 1072 472 1123 οἱ
503 1071 828 1141 Φαρισαῖοι·
865 1067 1091 1121 δύναται
1124 1067 1180 1120 δὲ
1206 1067 1469 1138 νοηθῆναι
1503 1068 1602 1122 καὶ
1622 1068 1764 1134 ὁδὸς,
1796 1070 1828 1137 ή

225 1166 371 1237 ψυχή
399 1182 412 1194 ·
449 1165 624 1233 τρίϐοι
672 1164 726 1216 δὲ
751 1205 764 1227 ,
801 1162 869 1216 τὰ
900 1163 1150 1232 νοήματα
1204 1162 1298 1215 καὶ
1338 1163 1394 1214 αἱ
1429 1161 1681 1232 πράξεις.
1742 1161 1836 1213 Δεῖ

225 1257 318 1314 οὖν
350 1261 500 1330 ἡμᾶς
525 1260 618 1312 καὶ
645 1258 747 1329 τὴν
769 1257 948 1328 ψυχὴν
982 1255 1322 1327 ἑτοιμάζειν,
1353 1256 1446 1310 καὶ
1477 1257 1576 1320 τὰς
1601 1258 1834 1327 πράξεις

226 1351 322 1403 καὶ
357 1350 426 1402 τὰ
455 1350 706 1418 νοήματα
755 1347 912 1416 ἡμῶν
967 1346 1132 1398 εὐθέα
1189 1348 1390 1399 ποιεῖν.
1461 1341 1589 1398 Εἶτα
1639 1345 1832 1416 ῶσπερ

225 1439 548 1512 ὲρωτῶντός
600 1455 776 1500 τινος·
826 1438 933 1491 Καὶ
997 1437 1114 1501 πῶς
1160 1435 1602 1506 κατορθώσωμεν
1635 1436 1830 1502 τοῦτο;

224 1535 491 1604 δύσεργος
516 1533 625 1601 γὰρ
648 1533 680 1602 ή
705 1531 898 1601 ἀρετὴ,
953 1531 1045 1582 καὶ
1075 1530 1276 1592 πολλὰς
1311 1531 1603 1599 φάραγγας
1630 1529 1831 1600 ἔχουσα

224 1630 318 1682 καὶ
358 1627 670 1688 δυσκολίας,
731 1625 825 1677 καὶ
853 1624 959 1676 ἀπὸ
979 1624 1087 1676 τῶν
1111 1623 1366 1693 πονηρῶν
1401 1623 1707 1691 δυνάμεων,
1737 1622 1832 1673 καὶ

223 1719 469 1774 ἀποστῶν
495 1719 725 1774 ἐνοίκων
757 1720 892 1787 ἡμῖν
928 1716 1119 1770 παθῶν
1148 1732 1160 1746 ο
1199 1717 1365 1785 φησὶν
1415 1717 1493 1768 ὅτι
1541 1716 1709 1768 Οὐδὲν
1739 1718 1834 1787 ἐρ-

226 1817 397 1884 γῶδες
427 1817 600 1881 ἔσται,
639 1803 775 1869 ἀλλά
807 1814 988 1866 πάντα
1023 1814 1138 1882 ῥᾴω
1164 1828 1178 1840 ·
1210 1812 1270 1863 αἴ
1302 1827 1359 1862 τε
1397 1812 1504 1880 γὰρ
1541 1811 1831 1877 φάραγγες

1941 604 2179 658 salutare
2230 604 2351 658 Dei.
2397 623 2415 655 ι
2477 603 2573 658 V'ia
2646 605 2872 673 quidem
2914 619 3080 674 quam
3131 605 3285 674 jubet
3334 608 3541 677 parari,

1941 696 2044 750 vita
2075 705 2160 748 est
2188 695 2525 751 Christiana.
2562 695 2731 750 Paulo
2767 708 2889 764 post
2941 698 3086 751 enim
3145 699 3544 765 praedicaturus

1937 798 2057 842 erat
2115 789 2398 844 Dominus.
2436 789 2675 844 Semitas
2733 804 2866 844 vero
2904 791 3040 844 dicit
3103 791 3365 846 mandata
3408 792 3545 859 legis

1932 880 2043 948 jam
2070 882 2219 948 trita,
2250 895 2374 950 qua:
2405 883 2656 950 prmcipit
2705 892 2855 936 recta
2913 883 3114 938 facere.
3154 883 3546 937 Pervertebant

1937 976 2083 1028 enim
2123 976 2381 1029 mandata
2414 973 2701 1029 Pharisaei.
2734 975 2919 1030 Potest
2953 977 3080 1028 item
3112 992 3207 1044 per
3245 977 3390 1029 viam
3431 976 3546 1029 ani-

1939 1082 2026 1121 ma
2055 1066 2322 1136 intelligi;
2374 1068 2585 1122 semita:
2648 1082 2782 1122 vero
2838 1067 3197 1137 cogitationes
3235 1077 3299 1121 et
3354 1085 3540 1138 npera.

1938 1158 2167 1229 Oportet
2213 1161 2379 1232 igitur
2443 1169 2501 1214 ut
2558 1175 2655 1214 nos
2719 1175 3091 1230 praeparemus
3166 1169 3220 1214 et
3275 1162 3539 1226 animam,

1939 1260 2234 1321 rectasque
2310 1252 2580 1308 faciamus
2639 1253 3000 1322 cogitationes
3033 1269 3096 1307 ac
3149 1269 3338 1323 opera.
3380 1252 3542 1307 Dein-

1939 1344 2005 1398 de
2081 1344 2238 1413 quasi
2295 1345 2675 1414 interrogante
2747 1346 3032 1415 quopiam,
3093 1344 3166 1399 Et
3221 1361 3327 1414 qun
3382 1355 3544 1412 pacto

1937 1435 2042 1490 hoc
2084 1436 2396 1491 faciemus?
2422 1439 2594 1491 virtus
2626 1439 2771 1491 enim
2807 1440 2973 1492 ardua
3013 1449 3099 1493 est
3163 1454 3227 1492 ac
3289 1437 3539 1500 difficilis,

1939 1527 2248 1599 multosque
2305 1526 2592 1585 anfractus
2624 1531 2788 1583 habet
2822 1543 2876 1585 et
2918 1531 3295 1600 obliquitates,
3325 1541 3376 1583 et
3411 1546 3541 1598 pro.

1944 1632 2068 1690 pter
2112 1631 2417 1690 potestates
2452 1623 2818 1686 adversarias,
2862 1633 2915 1678 et
2962 1635 3188 1693 propter
3223 1622 3542 1678 affectiones

1936 1729 2059 1784 qua:
2097 1717 2148 1768 in
2184 1716 2340 1770 nobis
2391 1716 2674 1770 habitant:
2707 1717 2840 1770 dicit
2899 1731 3004 1770 non
3062 1716 3180 1771 fore
3223 1731 3540 1785 operosum,

1936 1808 2030 1862 sed
2071 1807 2299 1862 omnino
2331 1807 2512 1862 facile.
2549 1806 2683 1861 Nam
2722 1808 2912 1871 valles,
2975 1808 3173 1878 inquit,
3235 1807 3543 1878 implebun—

228 1907 703 1977 πληρωθήσονται,
746 1905 1057 1967 τουτέστιν,
1088 1905 1144 1956 αἱ
1179 1903 1415 1971 φυσικαὶ
1453 1900 1613 1970 ἡμῶν
1665 1901 1822 1952 δυνά-

1938 1911 2044 1967 tur,
2086 1903 2190 1962 hoc
2208 1913 2314 1966 est,
2349 1904 2628 1959 naturales
2673 1914 2877 1958 nostra:
2930 1877 3251 1972 potestates,
3292 1877 3413 1972 qua:
3473 1906 3538 1956 ad

229 2017 373 2068 μεις,
424 2001 480 2050 αἱ
540 1998 674 2066 πρὸς
706 2000 766 2049 τὸ
813 1995 977 2048 καλὸν
1014 1993 1399 2060 ἀσθενήσασαι
1427 1993 1520 2045 καὶ
1557 2008 1830 2042 ταπεινωο

225 2091 425 2150 θεῖσαι,
462 2090 1020 2160 ἀναπληρωθήσονται
1054 2105 1070 2120 ο
1091 2087 1189 2142 καὶ
1211 2087 1322 2140 πᾶν
1345 2085 1470 2156 ὅρος
1501 2083 1596 2138 καὶ
1618 2084 1827 2153 βουνὸς,

224 2193 279 2242 αἱ
311 2187 688 2256 ἁντικείμεναι
718 2185 862 2253 λέγω
887 2185 1172 2254 δυνάμεις,
1202 2185 1257 2236 αἱ
1288 2182 1378 2236 διὰ
1407 2181 1507 2251 τὴν
1538 2181 1829 2250 ὑπερηφα-

222 2281 344 2333 νίαν
367 2279 644 2349 ἀρθεῖσαι,
670 2277 1208 2344 ταπεινωθήσονται.
1244 2273 1480 2342 Ἥσθένη
1493 2289 1593 2325 σαν
1625 2270 1735 2340 γὰρ
1753 2269 1830 2332 ὡς

221 2372 441 2440 άληθῶς
467 2370 528 2422 αἴ
555 2388 610 2422 τε
636 2368 1016 2437 ἀντικείμεναι
1040 2367 1325 2435 δυνάμεις,
1352 2367 1448 2417 καὶ
1481 2365 1536 2417 αἱ
1568 2360 1829 2416 δοκοῦσαι

219 2464 358 2534 ἡμῖν
389 2461 634 2530 φυσικῶς
665 2459 954 2528 ἐγκεῖσθαι
997 2457 1315 2527 ἐπιθυμίαι.
1353 2459 1461 2509 Καὶ
1502 2457 1684 2507 πάντα
1708 2453 1828 2504 λεῖα

220 2554 520 2622 γεγόνασι’
579 2553 672 2604 καὶ
725 2555 803 2612 εἰς
847 2550 1065 2603 εὐθεῖαν
1095 2549 1163 2601 τὰ
1215 2549 1404 2600 σκολιὰ
1440 2547 1826 2616 μετήχθησαν.

231 2647 290 2702 '0
311 2646 425 2716 γὰρ
457 2645 712 2715 Χριστὸς,
750 2644 850 2706 τὰς
872 2661 930 2694 τε
967 2641 1359 2710 ἀντικειμένας
1393 2640 1655 2707 δυνάμεις
1692 2655 1828 2690 κατ-

220 2744 489 2812 ήργησεν,
562 2739 772 2800 αἵτινες
833 2735 1069 2789 ἐνταῦθα
1094 2735 1342 2800 λέγονται
1371 2733 1471 2802 δρη
1497 2735 1591 2783 καὶ
1626 2730 1826 2798 βουνοί,

220 2833 315 2888 καὶ
355 2834 455 2895 τὰς
490 2830 728 2899 φυσικὰς
772 2827 932 2899 ἡμῶν
967 2828 1102 2897 πρὸς
1148 2829 1208 2879 τὸ
1245 2826 1410 2878 καλὸν
1442 2827 1688 2894 κινήσεις
1731 2826 1822 2876 ἀν-

219 2928 510 2993 εζὼωσεν·
555 2925 618 2986 ἂς
659 2920 813 2976 εἶπεν
849 2925 875 2975 6
899 2922 1305 2990 εὑαγγελιστὴς
1344 2921 1636 2988 φάραγγας
1684 2917 1824 2987 πληι

222 3023 518 3094 ρουμὲνας.
557 3020 655 3072 Διά
687 3018 846 3071 τοῦτο
878 3017 988 3086 γὰρ
1029 3013 1344 3085 ἐσαρκὼθη,
1407 3014 1494 3065 ἵνα
1529 3013 1626 3082 τήν
1663 3011 1828 3077 φύσιν

220 3117 380 3190 ήμῶν
407 3117 490 3178 εἰς
520 3115 580 3169 τὸ
608 3115 808 3167 οἰκεῖον
839 3111 1290 3179 ἀποκαταστήσῃ.
1320 3107 1424 3161 Καὶ
1466 3107 1635 3167 πᾶσα,
1669 3106 1824 3174 φησὶ,

1933 1995 2136 2049 bonum
2170 1995 2404 2050 infirmae
2439 1995 2601 2050 factze
2639 2007 2764 2050 sunt
2790 2008 2844 2050 et
2869 1996 3112 2064 dejectxe,
3161 1997 3539 2066 replehuntnr,

1933 2087 2225 2157 omnisque
2265 2103 2425 2144 mons
2460 2099 2514 2143 et
2541 2089 2718 2153 collis,
2755 2090 3084 2144 adversaria!
3130 2091 3388 2143 nimirum
3441 2107 3541 2160 po-

1935 2190 2186 2248 testates,
2273 2198 2395 2251 qua:
2459 2195 2679 2254 prepter
2775 2184 3088 2252 superbiam
3131 2201 3190 2240 se
3248 2185 3536 2244 extollunt,

1932 2261 2388 2330 ltumiliabuutur.
2424 2275 2566 2330 Vere
2601 2277 2745 2330 enim
2780 2276 3069 2332 infirmata:
3089 2289 3216 2332 sunt
3241 2289 3540 2348 potestates

1934 2367 2041 2421 illa!
2078 2368 2436 2433 adversaria,
2467 2378 2520 2424 et
2557 2369 2893 2438 cupiditates
2949 2387 3071 2441 quae
3119 2382 3311 2426 natura
3384 2374 3541 2430 nobis

1933 2460 2196 2514 videntur
2243 2460 2442 2515 insitae.
2493 2457 2659 2514 Facta
2696 2462 2862 2532 igitur
2921 2472 3048 2516 sunt
3095 2465 3281 2518 omnia
3331 2463 3540 2529 facilia,

1932 2564 1984 2610 et
2018 2555 2239 2623 obliqua
2272 2569 2434 2612 versa
2467 2563 2598 2611 sunt
2619 2559 2672 2610 in
2699 2567 2867 2612 recta.
2897 2557 3152 2614 Christus
3171 2562 3317 2615 enim
3341 2564 3538 2618 adver-

1932 2650 2108 2703 sarias
2137 2656 2436 2717 potestates
2480 2650 2754 2718 protrivit,
2780 2665 2900 2720 qua:
2931 2651 3036 2706 hoc
3068 2651 3193 2708 loco
3227 2665 3445 2710 montes
3476 2671 3540 2711 ac

1933 2740 2098 2795 colles
2128 2741 2405 2806 dicuntur,
2423 2751 2478 2795 et
2507 2741 2787 2797 naturales
2814 2752 3031 2798 nostras
3059 2743 3447 2803 inclinationes
3472 2750 3540 2803 ad

1933 2833 2133 2886 bonum
2171 2834 2561 2897 revivlficavit,
2605 2850 2741 2904 quas
2797 2836 2937 2898 dixit
2992 2839 3331 2908 evangelista
3372 2841 3541 2897 valles

1933 2941 2053 2993 quae
2082 2927 2398 2993 implentur.
2430 2925 2568 2980 Nam
2624 2937 2917 2996 pt'Opterea
2973 2930 3296 2990 incarnatus
3329 2945 3438 3003 est,
3477 2948 3541 2992 ut

1934 3013 2189 3070 naturam
2279 3027 2525 3072 nostram
2574 3019 2917 3076 restitueret.
2946 3022 3023 3088 Et
3081 3027 3280 3092 omnis,
3338 3028 3538 3098 inquit,

1931 3126 2061 3166 caro
2111 3110 2316 3168 videbit
2385 3111 2625 3169 salutare
2679 3112 2799 3178 Dei,
2846 3131 2953 3170 non
3010 3115 3182 3171 ,ιιιόωί
3245 3127 3454 3175 tantum
3487 3130 3541 3174 et

223 3210 362 3280 σὰρξ
397 3207 594 3278 ὄψεται
644 3208 704 3258 τὸ
745 3207 1013 3275 σωτήριον
1043 3201 1138 3256 τοῦ
1184 3200 1320 3254 Θεοῦ
1354 3216 1365 3229 ·
1401 3199 1500 3252 οὐκ
1570 3199 1648 3250 ἔτι
1696 3198 1822 3250 Ἰου·

1935 3206 2214 3278 proselyti,
2240 3207 2333 3262 sed
2366 3207 2547 3262 omnis
2573 3222 2727 3263 caro.
2759 3207 2975 3265 Etenim
3000 3209 3054 3264 in
3083 3225 3303 3266 omnem
3325 3223 3538 3270 terram

217 3301 357 3352 δαῖοι
397 3299 561 3367 μόνον
613 3296 709 3348 καὶ
747 3296 1111 3364 προσήλυτοι,
1144 3292 1284 3345 ἀλλά
1310 3292 1406 3343 καὶ
1457 3291 1608 3342 πᾶσα
1643 3290 1779 3358 σάρξ
1809 3307 1821 3319 ’

219 3396 296 3455 si;
319 3394 502 3445 πᾶσαν
529 3391 633 3459 γὰρ
663 3392 762 3458 τὴν
801 3390 906 3458 γῆν
941 3388 1147 3454 ἔφθασε
1171 3385 1234 3438 τὸ
1268 3385 1622 3453 Εὑαγγέλιον.
1646 3383 1824 3437 Πολλὰ

220 3487 313 3538 καὶ
351 3484 488 3538 ἄλλα
518 3479 585 3551 ἦν
622 3485 816 3547 εἰπεῖν,
873 3479 1013 3533 ἀλλὰ
1042 3481 1130 3533 διὰ
1181 3480 1242 3532 τὸ
1277 3480 1620 3547 σαφέστερον
1647 3477 1824 3530 ταῦτα

222 3577 488 3646 λελέχθω.

294 3691 312 3721 ι
352 3670 581 3735 Ἔλεγεν
628 3663 720 3719 οὖν
751 3669 866 3728 τοῖς
900 3665 1370 3736 ἐκπορευομένοις
1404 3664 1585 3734 δχλοις
1621 3664 1823 3732 βαπτι-

226 3762 420 3832 τθῆναι
456 3759 761 3812 ὑπἀὐτοῦ·
816 3760 1141 3826 Γεννήματα
1193 3757 1440 3825 ἐχιδνῶν,
1489 3757 1570 3818 τίς
1599 3757 1820 3809 ὑπέδει-

218 3855 310 3920 ξεν
335 3855 469 3924 ὑμῖν
505 3855 697 3921 φυγεῖν
730 3852 839 3906 ἀπὸ
895 3855 996 3921 τῆς
1033 3850 1336 3920 μελλούσης
1387 3850 1594 3918 ὀργῆς;
1653 3849 1823 3920 Ποιή-

218 3964 352 4001 σατε
375 3942 468 4000 οὖν
503 3945 754 4014 καρποὺς
782 3945 969 4009 ἀξίους
998 3943 1096 4010 τῆς
1133 3941 1451 4013 μετανοίας,
1489 3941 1584 3992 καὶ
1621 3943 1694 4011 μὴ
1719 3943 1821 4010 ἄρ-

219 4041 388 4113 ξησθε
411 4039 594 4107 λέγειν
617 4040 675 4090 ἐν
692 4039 927 4095 ἑαυτοῖς·
964 4034 1184 4102 Πατέρα
1212 4032 1409 4103 ἔχομεν
1429 4032 1523 4086 τὸν
1544 4032 1818 4103 Ἀδραάμο

217 4137 362 4205 λέγω
398 4135 508 4204 γὰρ
551 4135 703 4203 ὑμῖν,
758 4132 838 4184 ὅτι
866 4129 1088 4183 δύναται
1116 4130 1142 4181 6
1168 4128 1300 4192 Θεὸς
1325 4127 1419 4181 καὶ
1438 4131 1502 4180 ὲκ
1525 4127 1635 4180 τῶν
1655 4127 1821 4180 λίθων

215 4229 423 4283 τούτων
455 4227 682 4297 ¹ἐγεῖραι
730 4225 896 4278 τέκνα
934 4223 1010 4292 τῷ
1059 4221 1334 4296 Ἀϐραάμ.
1378 4221 1518 4292 Ἤδη
1567 4221 1625 4273 δὲ
1659 4223 1750 4279 καὶ
1786 4225 1817 4294 ἡ

215 4323 374 4391 ἀξίνη
407 4320 543 4390 πρὸς
577 4319 677 4388 τὴν
714 4315 871 4388 ῥίζαν
898 4333 1006 4368 των
1050 4315 1279 4386 ἷένδρων
1313 4316 1514 4368 κεῖται.
1557 4316 1674 4368 Πᾶν
1718 4312 1816 4369 οὖν

214 4413 433 4478 δένδρον
486 4410 562 4479 μὴ
612 4406 801 4460 ποιοῦν
851 4405 1065 4477 καρπ⁷ν
1126 4405 1313 4469 καλὸν,
1351 4407 1688 4459 ἐκκόπτεται
1723 4408 1819 4460 καὶ

216 4508 295 4568 εἰς
319 4505 431 4574 πῦρ
468 4501 746 4571 βάλλεται.
788 4519 805 4549 ι
855 4500 989 4551 Γενν
1041 4515 1189 4567 ματα
1221 4498 1451 4568 ἐχιδνῶν
1481 4498 1641 4552 καλεῖ
1688 4501 1814 4562 τοὺς

1933 3301 2185 3371 pervenit
2219 3299 2597 3371 Evangelium.
2643 3299 2874 3357 Possent
2903 3303 3127 3374 quidem
3158 3315 3215 3359 et
3241 3306 3347 3360 alia
3367 3307 3538 3363 multa

1928 3393 2057 3459 dici,
2093 3393 2191 3448 sed
2221 3393 2334 3447 haec
2361 3401 2416 3447 ut
2452 3393 2832 3449 manifestiora
2866 3395 3010 3452 dicta
3046 3395 3178 3452 sint.

1999 3660 2165 3718 Vens.
2198 3663 2314 3717 7-9.
2358 3682 2377 3714 ι
2433 3663 2477 3718 Ι)
2500 3663 2660 3719 ccbat
2690 3680 2822 3736 ergo
2853 3667 2921 3722 ad
2950 3668 3142 3725 turbas
3172 3682 3294 3739 quae
3314 3669 3539 3726 exibant

1927 3767 1988 3811 ut
2032 3758 2450 3826 baptizarentur
2502 3758 2570 3812 ab
2624 3760 2748 3827 ipso,
2786 3778 2800 3812 :
2843 3757 3145 3831 Progenies
3197 3764 3535 3832 viperarum.

1926 3850 2051 3918 quis
2079 3849 2238 3905 vobis
2293 3850 2734 3905 submonstravit
2793 3860 2852 3906 ut
2912 3851 3242 3922 fugeretisa
3298 3863 3536 3912 ventura

1926 3941 2005 3997 ira
2041 3942 2064 3995 ?
2094 3941 2283 3996 Facite
2309 3957 2445 4012 ergo
2493 3942 2706 3999 fructus
2731 3944 2928 4013 dignos
2966 3947 3330 4016 paenitentiae,
3360 3957 3418 4004 et
3467 3963 3538 4004 ne

1925 4032 2206 4101 cmperitis
2235 4033 2417 4088 dicere
2465 4033 2607 4088 intra
2652 4035 2905 4102 vosipsos
2936 4053 2950 4091 :
2987 4033 3209 4092 Patrem
3265 4037 3536 4094 habemus

1925 4125 2206 4179 Abraham
2244 4143 2257 4178 :
2290 4125 2413 4180 dico
2443 4128 2588 4181 enim
2624 4128 2802 4191 vobis,
2842 4115 3040 4198 potens
3065 4137 3152 4184 est
3179 4129 3326 4186 Deus
3354 4129 3424 4187 de
3453 4130 3535 4186 la-

1923 4216 2142 4284 pidibus
2173 4217 2296 4272 istis
2326 4220 2597 4272 suscitare
2631 4217 2768 4272 filios
2791 4219 2894 4290 ipsi
2916 4220 3171 4275 Abrahae.
3219 4219 3341 4276 Jam
3402 4238 3533 4278 vero

1922 4315 1977 4363 et
2015 4309 2224 4364 securis
2255 4309 2321 4363 ad
2345 4309 2585 4362 radicem
2622 4311 2884 4365 arborum
2945 4313 3122 4380 posita
3190 4323 3294 4369 est.
3338 4313 3531 4371 Omnis

1920 4419 2052 4472 ergo
2079 4403 2245 4458 arbor
2286 4419 2392 4458 non
2430 4403 2640 4458 faciens
2674 4403 2912 4459 fructum
2946 4407 3172 4474 bonum,
3229 4410 3527 4472 exciditur.

1920 4502 1975 4546 et
2005 4493 2058 4545 in
2079 4493 2258 4563 ignem
2292 4494 2606 4561 conjicitur.
2637 4513 2654 4546 ι
2687 4494 2989 4566 Progenies
3018 4499 3333 4567 viperarum
3357 4512 3519 4555 vocat
3578 4517 3583 4524 ·

229 4599 543 4660 Ἰουδαίους,
571 4595 647 4658 ὡς
676 4595 806 4657 τοὺς
831 4594 1078 4661 πατέρας
1101 4592 1284 4645 αὐτῶν
1307 4592 1399 4645 καὶ
1440 4593 1539 4655 τὰς
1571 4593 1815 4664 μητέρας

1930 4585 2162 4652 Iudrcos,
2193 4596 2449 4656 tauquam
2488 4586 2791 4657 aﬂligentes
2821 4599 3005 4657 patres
3038 4601 3090 4645 et
3118 4603 3323 4647 matres
3369 4609 3524 4649 suas.

215 4691 522 4751 θλίϐοντας.
567 4688 676 4740 Καὶ
711 4687 820 4757 γὰρ
848 4684 1009 4738 τοῦτο
1042 4683 1104 4737 τὸ
1133 4683 1275 4748 ζῶον
1320 4685 1541 4753 λέγουσι
1565 4673 1664 4754 τήν
1713 4688 1817 4756 μή-

212 4801 354 4854 τραν
381 4781 634 4845 διεσθίον,
660 4777 804 4832 οὕτω
842 4777 1134 4832 τίκτεσθαι
1156 4793 1168 4808 ⁸
1205 4777 1344 4830 ἀλλά
1387 4779 1482 4830 καὶ
1517 4779 1642 4840 τοὺς
1677 4796 1814 4848 προ-

217 4878 400 4944 φήτας
423 4873 771 4937 ἀπέκτεινον,
810 4871 901 4923 καὶ
927 4870 1052 4930 τοὺς
1082 4869 1461 4931 διδασκάλους.
1489 4868 1815 4922 Μέλλουσαν

210 4969 268 5023 δὲ
296 4967 490 5040 ὀργὴν,
521 4965 620 5035 τὴν
645 4965 866 5018 αἰώνιόν
899 4979 1033 5031 φησι
1059 4961 1306 5014 κόλασιν.
1329 4962 1555 5031 Καρποὶ
1584 4961 1638 5014 δὲ
1670 4962 1813 5024 ἄξιοι

209 5061 311 5129 τῆς
343 5057 658 5130 μετανοίας,
685 5058 748 5109 οὐ
775 5056 936 5126 μόνον
964 5058 995 5126 ή
1031 5053 1293 5123 ἀποφυγὴ
1325 5053 1419 5106 τοῦ
1449 5053 1646 5118 κακοῦ,
1678 5054 1816 5107 ἀλλὰ

211 5153 307 5205 καὶ
339 5154 374 5222 ή
435 5149 810 5220 ἐπεξεργασία
867 5148 961 5201 τοῦ
1005 5146 1237 5215 ἀγαθοῦ.
1274 5147 1447 5198 Τοῦτο
1494 5150 1603 5216 γὰρ
1645 5149 1814 5208 ὅντως

214 5244 432 5314 καρπὸς
483 5245 578 5295 καὶ
609 5242 858 5310 γέννημα
892 5241 990 5309 τῆς
1033 5238 1348 5309 μετανοίας,
1379 5237 1440 5290 τὸ
1471 5239 1812 5308 ἐργάσασθαι

210 5339 270 5390 τὸ
301 5337 530 5404 ἀγαθόν.
561 5336 652 5404 Μὴ
683 5332 925 5404 ἄρξησθε
974 5331 1030 5384 δὲ
1094 5329 1276 5398 λέγειν
1317 5333 1373 5383 ὲν
1432 5332 1674 5395 ἑαυτοῖς,
1729 5333 1812 5383 ὅτι

212 5430 470 5496 ῐῧὺγενεῖς
492 5428 679 5496 ἐσμεν,
708 5426 802 5478 καὶ
829 5423 1162 5494 θαρροῦντες
1183 5425 1295 5484 τοῖς
1339 5421 1631 5491 πατράσιν,
1676 5424 1814 5492 ἀμεσ

211 5523 341 5593 λῆτε
371 5522 473 5591 τῆς
506 5519 728 5590 ἀρετῆς.
757 5519 872 5572 Καὶ
906 5517 1016 5587 γὰρ
1052 5517 1147 5568 καὶ
1177 5516 1239 5568 ἐκ
1273 5515 1383 5567 τῶν
1411 5513 1577 5567 λίθων
1606 5515 1812 5567 τούτων

210 5617 501 5687 δυνήσεται
531 5616 557 5665 6
589 5613 722 5674 Θεὸς
751 5610 828 5680 τῷ
877 5609 1197 5680 πατριάρχῃ
1232 5607 1428 5667 παῖδας
1465 5604 1669 5668 δοῦναι,
1702 5605 1812 5658 ῶσ-

213 5726 318 5777 περ
359 5706 547 5776 σχεδδν
585 5704 679 5758 καὶ
713 5701 906 5773 πρώην
935 5701 1214 5771 ἐποίησεν.
1257 5698 1323 5750 Ἥ
1361 5697 1467 5768 γὰρ
1501 5699 1684 5767 μήτρα
1716 5698 1812 5766 τῆς

213 5803 454 5873 Σάρρας,
503 5799 665 5851 λίθων
715 5793 849 5851 οὖσα
893 5795 1262 5866 σκληροτέρα,
1315 5793 1463 5860 ὅμως
1497 5793 1574 5854 εἰς
1629 5791 1811 5842 παιδο-

217 5897 407 5951 ποιίαν
443 5892 784 5966 ἑχαριτώθηο
823 5893 984 5962 ἀξίνη
1018 5890 1096 5955 δὲ,
1142 5891 1173 5959 ή
1208 5887 1327 5941 θεία
1355 5885 1613 5955 κρίσις,ή
1651 5883 1809 5936 ἐκκό-

1922 4677 2168 4731 Tradunt
2190 4679 2336 4732 enim
2365 4679 2435 4732 de
2460 4680 2563 4733 hoc
2589 4679 2833 4746 animali,
2867 4682 3010 4748 quod
3042 4691 3259 4737 uterum
3282 4683 3524 4752 devoret,

1919 4779 1975 4823 et
2015 4769 2097 4824 sic
2154 4781 2433 4836 nascatur,
2467 4771 2546 4825 sic
2571 4779 2626 4825 et
2657 4770 2828 4826 Judaei
2867 4775 3165 4842 prophetas
3188 4784 3242 4829 et
3273 4774 3527 4831 doctores

1919 4863 2276 4916 occidebant.‘
2322 4863 2616 4916 Venturam
2652 4863 2788 4916 iram
2814 4861 2981 4935 295
3010 4865 3142 4918 dicit
3200 4876 3523 4934 perpetuum

1920 4953 2271 5023 supplicium.
2322 4951 2562 5008 Fructus
2599 4963 2778 5009 autem
2806 4956 3143 5023 pmnitentiaa
3199 4972 3306 5011 non
3349 4956 3522 5012 solum

1919 5057 2002 5102 est
2035 5045 2158 5115 fuga
2196 5045 2344 5109 mali,
2379 5045 2472 5099 sed
2510 5046 2674 5100 etiam
2700 5047 3006 5103 elaboratio
3038 5049 3191 5104 boni.
3227 5047 3340 5104 Hoc
3370 5051 3518 5104 enim

1922 5155 2115 5193 revera
2146 5148 2232 5194 est
2257 5138 2508 5209 proferre
2537 5137 2775 5192 fructum
2799 5141 3155 5209 ptenitentiae,
3215 5143 3260 5196 si
3317 5143 3523 5196 bonum

1919 5231 2129 5300 operati
2162 5228 2446 5284 fuerimus.
2489 5228 2568 5284 Ne
2595 5231 2876 5298 cmperitis
2916 5242 3100 5287 autem
3142 5233 3330 5290 dicere
3380 5236 3523 5289 intra

1919 5339 2016 5377 vos
2060 5340 2071 5375 :
2102 5322 2324 5378 Nobiles
2360 5339 2590 5378 sumus:
2626 5339 2761 5376 neve
2785 5325 3124 5380 confidentes
3168 5327 3220 5379 in
3249 5327 3521 5394 patribus,

1919 5418 2176 5470 virtutem
2208 5416 2516 5485 negligatis.
2553 5415 2756 5468 Poterit
2780 5417 2925 5469 euiut
2958 5416 3100 5471 Deus
3124 5433 3188 5472 ex
3247 5418 3524 5486 lapidibus

1920 5508 2378 5576 istispatriarchte
2401 5508 2534 5560 lilios
2552 5508 2704 5571 dare,
2725 5509 2867 5562 sicut
2890 5508 3000 5561 fere.
3020 5509 3169 5577 prius
3184 5511 3347 5563 etiam
3371 5509 3520 5566 fecit.

1920 5599 2091 5654 Vulva
2124 5601 2268 5653 enim
2299 5599 2478 5653 Sarrm
2503 5599 2772 5668 lapidibus
2819 5609 2940 5655 erat
3005 5601 3215 5662 durior,
3279 5610 3519 5654 attamen

1919 5695 1984 5747 ad
2020 5694 2390 5764 procreaudos
2438 5693 2574 5748 ﬁlios
2608 5695 2843 5763 gratiam
2883 5705 3177 5750 consecuta
3212 5705 3315 5748 est.
3351 5695 3523 5749 Porro

1919 5788 2126 5843 securis
2177 5789 2426 5842 divinum
2466 5787 2733 5856 judicium
2765 5797 2871 5853 est,
2908 5789 3207 5860 indignose
3236 5790 3344 5844 vita
3371 5805 3521 5844 rese-

1919 5898 2069 5937 cans.
2108 5880 2223 5938 Nisi
2256 5882 2425 5952 igitur
2451 5882 2829 5952 pmnitentiam
2859 5884 3104 5954 egeritis,
3141 5884 3342 5953 inquit,
3373 5886 3521 5939 exci-
