4028 6418
218 421 322 486 711

979 421 1432 484 ENARRATIO
1475 421 1556 480 ΙΝ
1590 415 2099 480 EVANGELIUM
2135 421 2370 482 LUC/E.
2413 423 2648 483 —CAP-
2687 423 2804 484 III.

3427 416 3534 482 ἨΞ

221 541 423 608 ἱμάντα
458 539 566 592 τῶν
603 538 968 610 ὑποδημάτων
1003 537 1172 592 αὑτοῦ
1233 537 1414 600 ἱκανός
1462 539 1578 604 εἰμι
1623 535 1805 587 λῦσαι.

1927 542 2026 588 tem
2082 535 2197 593 haec
2226 539 2330 594 sibi
2362 540 2586 594 volunt?
2630 537 2938 610 Daptizabit
2978 549 3071 591 vos
3105 533 3157 589 in
3207 531 3415 602 Spiritu
3460 546 3517 588 et

219 632 284 684 Τί
310 631 566 685 δὲταῦτα
585 631 802 702 δηλοῦσι
827 647 840 695 ;
861 629 935 684 T6
959 632 1076 701 μὲν,
1101 629 1365 685 Βαπτίσει
1389 630 1532 698 ὑμᾶς
1558 630 1614 687 ἐν
1642 625 1816 678 Πνεύ-

224 741 358 794 ματι
392 723 489 778 καὶ
541 725 698 794 πυρὶ,
767 723 1036 794 πρόδηλον
1095 725 1356 786 πάντως·
1392 723 1485 774 καὶ
1545 722 1655 791 γὰρ
1705 721 1818 782 τοῖς

219 818 546 877 ἀποστόλοις
577 817 672 870 ἕπε
685 816 792 885 μψε
821 816 882 869 τὸ
920 817 1166 886 πνεῦμα,
1195 816 1291 870 καὶ
1324 815 1551 884 πύριναι
1574 812 1819 881 γλῶσσαι

218 910 486 980 ὤφθησαν
521 911 877 980 μεριζόμεναι
910 910 1115 974 αὑτοῖς.
1160 910 1234 962 Τὸ
1263 909 1320 962 δέ
1350 909 1424 980 μὴ
1456 907 1596 962 εῖναι
1633 906 1822 960 ἱκανὸν

217 1003 381 1056 λῦσαι
403 1003 494 1054 τὸν
528 1003 730 1070 ἱμάντα
772 1001 881 1054 τῶν
911 1001 1277 1072 ὑποδημάτων
1304 1001 1492 1060 αὑτοῦ,
1547 997 1685 1050 κατὰ
1723 996 1821 1066 μὲν

218 1093 319 1164 τὴν
353 1094 606 1162 προφανῆ
646 1093 876 1159 ἔννοιαν,
903 1094 987 1146 ὅτι
1008 1093 1142 1144 Οὑδέ
1177 1095 1407 1161 ἔσχατος
1434 1089 1621 1151 δοῦλος
1652 1086 1820 1140 αὑτοῦ

219 1187 337 1254 εἰμι
371 1184 521 1249 ἄξιος
555 1183 868 1237 τάττεσθαι.
906 1182 1064 1234 Κατὰ
1097 1182 1153 1234 δὲ
1186 1181 1248 1234 τὸ
1282 1181 1686 1250 κρυφιώτερον,
1729 1178 1822 1230 δύο

221 1274 555 1345 ὑποδήματά
584 1276 692 1326 είσι
741 1273 835 1326 τοῦ
869 1274 1105 1342 Κυρίου,
1162 1274 1196 1341 ἥ
1247 1290 1306 1324 τε
1338 1272 1395 1337 ἐξ
1458 1269 1691 1340 ούρανοῦ
1728 1269 1822 1321 ἐπὶ

218 1369 318 1438 τὴν
371 1368 474 1434 γῆν
507 1366 792 1436 ἐπιδημία,
839 1367 933 1419 καὶ
962 1367 995 1434 ὴ
1030 1368 1094 1418 ἐκ
1117 1365 1220 1433 γῆς
1245 1365 1336 1416 ἐπὶ
1368 1364 1462 1416 τὸν
1491 1363 1623 1433 ᾅδην
1647 1379 1658 1392 ο
1696 1361 1822 1414 τού-

219 1477 330 1511 των
355 1459 450 1511 οῦν
481 1459 586 1509 τῶν
615 1458 707 1510 δύο
735 1456 1044 1525 ὲπιδημιῶν
1071 1458 1197 1517 τοὺς
1222 1456 1480 1526 τρόπους,
1506 1455 1566 1506 οὑ
1595 1452 1823 1506 δύναταί

218 1569 304 1613 τις
342 1551 524 1612 λῦσαι,
568 1550 688 1601 οὐδὲ
719 1551 762 1600 εί
798 1549 939 1600 κατὰ
976 1548 1232 1617 Ἰωάννην
1267 1547 1404 1601 ἐστί.
1471 1547 1564 1608 Τίς
1595 1547 1703 1618 γὰρ
1730 1547 1822 1598 δύο

222 1659 383 1694 νιται
416 1643 613 1708 εἰπεῖν,
649 1642 678 1711 ἢ
719 1639 835 1703 πῶς
862 1641 1177 1712 ὲσαρκώθη,
1219 1640 1252 1710 ἢ
1286 1641 1404 1704 πῶς
1438 1639 1712 1710 κατῆλθεν
1741 1642 1822 1703 εἰς

224 1734 394 1804 ᾆδηνς
458 1734 531 1785 Τὸ
561 1735 617 1786 δὲ
655 1727 730 1786 Οἵ)
764 1733 824 1785 τὸ
853 1733 1030 1786 πτύον
1061 1735 1119 1786 ἐν
1164 1737 1232 1805 τῇ
1262 1735 1406 1803 χειρὶ
1436 1732 1626 1796 αὑτοῦ,
1663 1733 1824 1786 τοῦτο

225 1824 507 1895 σημαίνει,
555 1826 657 1887 ὅτι,
717 1826 776 1876 Ei
810 1827 904 1878 καὶ
958 1825 1213 1895 βαπτίσει
1262 1827 1427 1896 ὑμᾶς,
1467 1827 1541 1897 μὴ
1569 1824 1821 1896 νομίζετε

222 1918 304 1969 ὅτι
335 1916 438 1985 ἤδη
465 1915 634 1969 ἀθῶοί
668 1916 790 1968 ἐστε
821 1934 835 1948 ο
873 1918 987 1970 ἀλλ’
1034 1919 1082 1970 εξ
1112 1917 1185 1988 μὴ
1224 1918 1314 1970 τὸν
1339 1916 1478 1986 μετὰ
1511 1917 1682 1971 ταῦτα
1707 1916 1820 1987 βίον

223 2009 459 2076 ἄμωμον
481 2009 803 2074 ἐνδείξεσθε,
833 2011 1175 2064 κατακαύσει
1199 2012 1342 2081 ὑμᾶς
1370 2012 1503 2082 πυρὶ
1530 2010 1785 2080 ἀσϐέστῳ
1806 2028 1817 2039 ·

223 2102 430 2169 ἄχυρον
471 2101 579 2169 γάρ
611 2103 780 2165 ἐστιν,
828 2103 857 2154 ὁ
887 2101 1137 2172 ἄκαρπον
1166 2102 1306 2171 ἔχων
1339 2102 1487 2168 νοῦν,
1541 2104 1632 2156 καὶ
1661 2103 1820 2172 μόνον

225 2189 496 2257 συρφετὸν
529 2191 696 2244 πολὺν
716 2191 989 2259 βιωτικῶν
1017 2195 1363 2264 πραγμάτων
1404 2197 1562 2262 ὲπιφε
1576 2195 1819 2262 ρόμενος.

230 2299 249 2333 ι
296 2280 482 2334 Πολλὰ
508 2282 562 2335 δὲ
597 2285 688 2336 καὶ
716 2283 882 2355 ἕτερα
913 2286 1272 2356 παρακαλῶν,
1313 2286 1700 2356 εὐηγγελίζετο
1729 2285 1822 2337 τὸν

222 2371 372 2424 λαόν.
413 2391 430 2423 ι
471 2374 826 2446 Παράκλησις
861 2376 972 2446 γάρ
1002 2378 1172 2440 ὅντως
1209 2379 1358 2430 ἐστὶν
1395 2380 1426 2448 η
1459 2378 1640 2447 άγαθὴ
1672 2376 1820 2428 διδα-

224 2463 426 2518 σκαλία
457 2481 471 2492 ·
503 2467 596 2518 καὶ
646 2468 965 2536 εὐαγγέλιον
999 2469 1055 2520 δὲ
1086 2470 1313 2532 εἰκότως
1334 2468 1399 2522 ἂν
1421 2469 1661 2538 λεχθείη.

297 2573 316 2604 ι
365 2555 427 2608 ⁸0
458 2556 513 2608 δέ
551 2557 802 2628 Ἡρώδης
853 2561 879 2612 6
935 2560 1258 2630 Τετράρχης
1320 2561 1680 2630 ἐλεγχόμενος
1729 2560 1820 2612 ὑπ’

219 2646 390 2701 αὑτοῦ
436 2649 569 2719 περ)⁵
605 2650 935 2720 Ἡρωδιάδος
992 2652 1091 2714 τῆς
1150 2653 1411 2720 γυναικὸς
1461 2651 1554 2705 τοῦ
1584 2651 1820 2720 ἀδελφοῦ

223 2739 420 2805 αὑτοῦ,
489 2743 582 2794 καὶ
645 2744 775 2813 περὶ
841 2745 1062 2797 πάντων
1105 2739 1179 2797 ὧν
1211 2745 1437 2815 ἐποίησε
1481 2745 1734 2814 πονηρῶν
1793 2747 1821 2798 ὁ

231 2831 508 2901 Ἡρώδης,
540 2833 850 2902 προσέθηκε
883 2835 978 2887 καὶ
1017 2834 1176 2888 τοῦτο
1228 2837 1320 2888 ἐπὶ
1355 2839 1510 2900 πᾶσι,
1562 2841 1656 2889 καὶ
1691 2853 1824 2890 κατ-

222 2922 437 2974 έκλεισε
471 2923 563 2976 τὸν
607 2925 862 2996 Ἰωάννην
891 2928 948 2978 ἐν
979 2930 1046 2998 τῇ
1092 2929 1330 2999 φυλακῇ.
1384 2929 1634 2997 Ἐγένετο
1664 2928 1720 2980 δὲ
1762 2929 1821 2980 ἐν

218 3012 298 3081 τῷ
325 3013 695 3086 βαπτισθῆναι
721 3018 938 3072 ἅπαντα
968 3021 1062 3072 τὸν
1096 3020 1247 3085 λαὸν,
1278 3022 1374 3074 καὶ
1411 3021 1589 3092 Ἰησοῦ
1624 3023 1821 3091 βαπτι-

221 3105 446 3168 σθέντος
470 3111 562 3161 καὶ
596 3113 1063 3182 προσευχομένου,
1100 3114 1442 3186 ἀνεῳχθῆναι
1467 3115 1557 3168 τὸν
1590 3116 1822 3185 ούρανδν

221 3199 318 3250 καὶ
361 3200 670 3269 καταϐῆναι
701 3202 764 3255 τὸ
789 3204 1014 3274 Πνεῦμα
1049 3205 1110 3258 τὸ
1164 3204 1320 3274 ἅγιον
1358 3207 1660 3278 σωματικῷ
1691 3208 1820 3260 εῖδει
1852 3224 1894 3284 c

219 3287 356 3341 ὡσεὶ
394 3292 726 3360 περιστεράν
750 3295 837 3346 ἐπ’
886 3297 1071 3362 αὑτὸν,
1123 3300 1219 3349 καὶ
1268 3297 1454 3369 φωνὴν
1494 3299 1553 3363 ἐξ
1583 3301 1819 3371 οὐρανοῦ

220 3379 498 3457 γενέσθαι,
526 3382 792 3449 λέγουσαν
813 3404 828 3417 ο
865 3387 935 3439 Σὺ
960 3383 1010 3438 εἴ
1031 3389 1058 3440 6
1093 3387 1221 3450 Υἱός
1245 3406 1349 3458 μου
1383 3392 1409 3442 6
1435 3391 1740 3460 ἀγαπητὸς,
1765 3393 1824 3446 ἐν

227 3473 306 3525 τοὶ
331 3472 632 3542 ηύδόκησα.
650 3493 668 3525 ο
707 3475 949 3540 Εἰκότως
975 3478 1350 3549 παρενέϐαλεν
1369 3483 1394 3533 6
1430 3481 1824 3550 εὑαγγελιστὴς

218 3564 458 3617 ἐνταῦθα
484 3565 553 3617 τά
577 3567 706 3635 περὶ
747 3567 1016 3638 Ἡρώδου,
1075 3573 1361 3640 μονονουχὶ
1392 3573 1571 3624 τοιάδε
1604 3571 1779 3640 λέγων
1804 3589 1819 3604 ⁸

249 3659 293 3708 υ
320 3657 420 3724 μὲν
437 3655 618 3727 ὄχλος,
645 3657 873 3714 τοιαῦτα
900 3663 1029 3730 περὶ
1063 3663 1311 3715 Ἰωάννου
1337 3663 1686 3730 διελογίζετο,
1709 3667 1735 3717 6
1767 3665 1823 3717 δέ

229 3747 482 3818 Ἡρώδης
528 3749 887 3820 ἐλεγχόμενος
941 3754 1034 3805 ὑπ’
1085 3754 1274 3818 αὑτοῦ,
1346 3756 1662 3826 προσέθηκε
1725 3759 1822 3808 καὶ

217 3839 380 3893 τοῦτο
403 3842 497 3893 ἐπὶ
529 3843 686 3906 πᾶσι,
712 3843 773 3894 τὸ
803 3843 1160 3897 κατακλεῖσαι
1191 3848 1354 3900 αὑτὸν
1387 3852 1443 3901 ἐν
1469 3851 1531 3918 τῇ
1564 3850 1780 3919 φυλακῇ
1805 3865 1818 3880 ·

217 3933 422 3985 ὡσανεὶ
448 3927 544 3986 οὖν
580 3936 946 4004 σχετλιάζων,
977 3938 1154 3992 ταῦτα
1197 3941 1470 4009 διηγεῖται
1511 3943 1606 3995 καὶ
1645 3944 1821 3996 δεινο-

218 4024 437 4088 παθῶν,
517 4027 633 4094 εῐγε
676 4028 769 4081 τοῦ
799 4029 957 4097 ὄχλου
1005 4032 1266 4103 τοιαύτην
1301 4034 1572 4105 ὑπόληψιν
1606 4038 1699 4089 ἐπὶ
1744 4039 1822 4107 τῷ

229 4115 454 4186 Ἰωάννη
510 4117 760 4186 ἔχοντος,
805 4121 832 4171 6
895 4120 1139 4191 Ἡρώδης
1186 4122 1412 4178 τοιαῦτα
1481 4127 1817 4193 ἐπεδείξατο.

234 4211 523 4277 Ανοίγεται
549 4208 604 4262 δέ
628 4211 666 4262 ὁ
691 4211 940 4280 οὐρανὸς,
971 4212 1060 4267 ἵνα
1079 4214 1261 4286 δειχθῇ
1292 4218 1420 4286 ἡμῖν
1440 4219 1520 4270 δτι
1551 4220 1608 4271 τὸ
1631 4220 1821 4288 βάπτι-

219 4313 335 4369 σμα
364 4301 573 4368 ἀνοίγει
603 4301 739 4354 πᾶσι
773 4302 865 4354 τὸν
912 4304 1164 4371 οὐρανὸν,
1202 4305 1259 4356 ὃν
1312 4310 1338 4359 6
1384 4308 1553 4378 Ἀδάμ
1582 4310 1815 4366 ἔκλεισε.

217 4391 451 4447 Κάτειπί
481 4408 538 4444 τε
573 4393 632 4446 τὸ
684 4393 911 4463 Πνεῦμα
957 4396 1049 4448 ἐπὶ
1097 4397 1190 4449 τὸν
1231 4398 1459 4468 Ἰησοῦν,
1500 4403 1588 4454 ἵνα
1631 4405 1723 4455 καὶ
1755 4406 1820 4458 ἐκ

213 4487 411 4540 τούτου
437 4487 702 4558 μάθωμεν
732 4492 815 4543 ὅτι
851 4492 946 4544 καὶ
991 4493 1126 4562 ἡμῖν
1174 4493 1596 4566 βαπτιζομένοις
1634 4499 1814 4554 ἔπεισι

1926 633 2059 704 igni,
2089 633 2439 688 manifestum
2464 631 2938 688 omnino.Etenim
2973 627 3233 700 apostolis
3259 627 3524 697 Spiritum

1924 728 2095 793 misit,
2120 737 2175 782 et
2199 728 2371 797 ignea:
2420 726 2619 796 linguae
2649 732 3023 795 apparuerunt
3061 723 3362 791 dispertita:
3395 721 3525 778 illis.

1925 819 2042 872 Non
2078 830 2258 874 autem
2291 819 2512 889 dignum
2557 833 2680 872 esse
2702 828 2760 871 ut
2787 817 2961 872 solvat
2995 815 3298 886 corrigiam
3314 813 3527 869 calcea-

1925 922 2258 978 mentnrum,
2291 912 2437 967 clara
2466 910 2740 966 sententia
2769 919 2875 974 cst,
2905 911 3049 978 quod
3077 925 3181 961 non
3205 907 3278 961 sit
3331 907 3526 976 dignus

1924 1005 2014 1073 qui
2041 1005 2180 1058 inter
2210 1013 2493 1059 extremos
2523 1017 2712 1057 servos
2742 998 3058 1056 ordinetur.
3079 998 3134 1052 ln
3156 1013 3317 1054 sensu
3343 1008 3528 1052 autem

1924 1098 2246 1164 occultiore,
2274 1099 2380 1152 duo
2408 1099 2776 1153 calceamenta
2818 1094 3054 1158 Domini,
3092 1101 3219 1147 sunt
3245 1090 3534 1160 profectio—

1926 1205 2025 1244 nes
2055 1190 2174 1259 ejus
2193 1189 2332 1254 duaa,
2358 1204 2464 1242 una
2493 1204 2522 1244 e
2549 1188 2704 1242 caelis
2735 1187 2786 1240 in
2815 1198 3042 1253 terram,
3097 1185 3269 1238 altera
3299 1199 3328 1237 e
3379 1193 3528 1236 terra

1929 1282 1980 1335 in
2040 1281 2324 1336 infernum
2370 1283 2608 1334 :harum
2659 1282 2802 1334 enim
2851 1281 3082 1332 duarum
3135 1276 3534 1347 profectionunt

1927 1376 2147 1428 modum
2176 1389 2282 1427 non
2319 1383 2501 1442 potest
2536 1372 2805 1442 quispiam
2855 1371 3092 1436 solvere,
3137 1385 3205 1423 ne
3237 1369 3279 1422 si
3331 1367 3528 1420 Joanni

1931 1467 2150 1535 quidem
2182 1465 2378 1520 similis
2405 1464 2591 1518 fuerit.
2633 1463 2764 1530 Quis
2790 1464 2934 1516 cutim
2977 1461 3252 1530 explicare
3299 1459 3527 1529 ροισι-ιι,

1926 1568 2020 1611 aut
2045 1558 2321 1627 quomodo
2363 1557 2682 1610 incarnatus
2712 1555 2808 1617 sit,
2843 1564 2936 1607 aut
2971 1554 3243 1622 quomodo
3273 1554 3329 1607 in
3356 1552 3531 1604 infer-

1929 1665 2058 1702 num
2094 1647 2438 1704 descenderit
2469 1646 2636 1700 Nam
2668 1647 3028 1700 ventitahrnin
3079 1646 3131 1698 in
3170 1659 3332 1699 manu
3388 1644 3531 1714 ejus,

1929 1741 2029 1794 hoc
2048 1743 2246 1811 signat,
2267 1738 2411 1808 quod
2439 1738 2592 1794 Licet
2615 1739 2906 1808 baptizarit
2931 1753 3048 1800 vos,
3075 1752 3140 1791 ne
3161 1737 3363 1806 putetis
3386 1736 3532 1804 quod

1927 1833 2038 1902 jam
2071 1835 2317 1887 insontes
2337 1832 2497 1886 sitis:
2546 1833 2639 1886 sed
2670 1831 2772 1886 nisi
2816 1831 3042 1898 posthac
3101 1832 3265 1883 vitam
3308 1829 3533 1898 egeritis

1929 1927 2362 1992 immaculatam,
2383 1935 2578 1992 exuret
2609 1941 2704 1979 vos
2744 1924 2850 1994 igni
2883 1922 3335 1991 inexstinguibili.
3368 1922 3530 1976 I’alea

1925 2021 2070 2076 enim
2096 2021 2289 2090 estqui
2315 2017 2667 2072 infecundam
2704 2028 2938 2071 mentem
2970 2017 3160 2080 habet,
3200 2026 3252 2069 et
3286 2027 3525 2069 tantum-

1927 2113 2086 2167 modo
2142 2126 2394 2182 magnam
2451 2125 2632 2165 rerum
2703 2109 3084 2178 temporalium
3131 2124 3317 2163 curam
3373 2112 3544 2178 gerit.-

1931 2203 2148 2259 rMulta
2207 2211 2471 2259 autemet
2544 2203 2646 2256 alia
2723 2204 3026 2256 exhortans
3120 2202 3538 2271 evangelizaiat

1927 2297 2141 2367 populo.
2177 2315 2193 2346 ι
2229 2296 2543 2351 Consolatio
2569 2295 2714 2349 enim
2746 2306 2802 2348 et
2836 2293 3176 2356 exhortatio,
3209 2309 3400 2347 revera
3453 2302 3534 2346 est

1944 2386 2183 2441 doctrin:
2221 2387 2385 2452 bona,
2412 2395 2466 2440 et
2492 2385 2614 2454 jure
2648 2385 2846 2466 dicitur
2878 2385 3221 2455 evangelium

1997 2549 2163 2603 Vens.
2199 2547 2390 2603 l9-92.
2431 2567 2449 2600 ι
2502 2547 2748 2602 Herodes
2808 2556 2988 2601 autem
3055 2545 3354 2600 'l'etrarrha
3408 2563 3529 2600 cum

1928 2641 2299 2708 corriperetur
2329 2641 2395 2692 ah
2428 2640 2522 2692 illo
2564 2640 2631 2692 de
2663 2637 2972 2692 llerodiade
3000 2653 3172 2692 uxore
3203 2637 3392 2692 fratris
3428 2656 3486 2691 su
3519 2679 3532 2701 ,

1929 2733 2102 2800 deque
2143 2732 2399 2785 omnibus
2441 2731 2599 2784 malis
2633 2746 2751 2798 qua:
2788 2730 3023 2783 faciebat
3069 2729 3335 2792 Herodes,
3388 2731 3536 2799 adje-

1927 2826 1996 2878 cit
2027 2833 2081 2878 et
2116 2824 2219 2877 hoc
2252 2839 2417 2892 super
2444 2826 2648 2886 omnia,
2691 2834 2745 2875 et
2779 2821 2997 2876 inclusit
3023 2822 3292 2878 Joannem
3329 2823 3379 2875 in
3411 2837 3536 2875 car-

1927 2931 2130 2970 cerem.
2167 2915 2395 2970 Factum
2428 2927 2510 2969 est
2553 2927 2737 2970 autem
2779 2933 2906 2970 cum
2943 2917 3318 2985 baptizaretur
3351 2914 3534 2969 omnis

1925 3009 2180 3078 populus,
2212 3020 2267 3061 ut
2299 3020 2352 3062 et
2393 3007 2522 3062 Jesu
2563 3009 2842 3078 liaptizato
2870 3017 2925 3062 et
2959 3019 3151 3061 orante
3185 3018 3431 3076 apertum
3466 3006 3538 3061 sit

1928 3103 2149 3165 uelum,
2216 3117 2280 3155 ac
2338 3101 2625 3156 descendit
2685 3102 2924 3170 Spiritus
2981 3111 3206 3156 sanctus
3261 3100 3533 3169 corporali

1927 3196 2104 3264 specie
2126 3195 2282 3263 quasi
2311 3195 2559 3247 eotnmha
2593 3196 2643 3247 in
2679 3195 2879 3263 ipsum,
2915 3206 2967 3249 et
3000 3211 3102 3248 vox
3131 3200 3195 3248 dc
3224 3193 3364 3248 ccelo
3392 3192 3536 3248 facta

1928 3297 2010 3342 est
2039 3304 2157 3356 quae
2195 3286 2402 3340 diceret
2439 3305 2452 3339 :
2484 3286 2561 3339 Tu
2618 3302 2676 3340 es
2713 3285 2882 3341 Filius
2906 3287 2993 3340 ille
3021 3301 3176 3341 meus
3204 3287 3458 3348 dilectus,
3481 3287 3537 3339 in

1929 3391 1980 3436 te
2003 3382 2384 3449 complacitum
2407 3390 2488 3434 est
2519 3380 2671 3434 mihi.
2707 3397 2724 3430 ι
2762 3378 3260 3434 Meritointerserit
3290 3380 3392 3434 hoc
3417 3378 3537 3432 loco

1927 3473 2260 3541 evangelista
2285 3473 2350 3526 de
2372 3471 2606 3538 Herode,
2628 3473 2781 3539 quasi
2803 3471 2856 3525 in
2888 3472 3031 3526 hunc
3059 3475 3276 3525 modum
3306 3473 3492 3525 dicens
3521 3493 3533 3528 :

1928 3566 2109 3619 'l‘urha
2159 3565 2377 3634 quidem
2419 3566 2548 3619 talia
2606 3567 2673 3618 de
2710 3563 2921 3619 Joanne
2956 3565 3255 3628 sentiebat,
3296 3563 3536 3618 Herodes

1928 3666 2113 3710 autem
2158 3673 2280 3709 cum
2316 3656 2813 3723 reprehenderetur
2836 3656 2904 3708 ab
2935 3670 3021 3720 eo,
3057 3655 3222 3708 etiam
3253 3657 3318 3708 ad
3353 3655 3536 3711 omnia

1927 3750 2031 3803 alia
2064 3749 2304 3802 facinora
2337 3749 2539 3818 adjecit
2571 3757 2629 3801 ut
2658 3748 2966 3802 includeret
3000 3747 3147 3802 illum
3193 3749 3245 3800 in
3281 3763 3524 3804 carcere.

1927 3842 2124 3897 Narrat
2170 3843 2356 3910 itaque
2399 3843 2512 3896 [HEC
2565 3843 2827 3894 miserum
2877 3841 3026 3894 illum
3059 3849 3114 3894 et
3161 3856 3532 3896 mruttttiosurn

1929 3934 2199 3997 indicans,
2234 3935 2680 4003 quandoquidem
2716 3934 2842 3988 talia
2894 3948 3065 3987 ausns
3120 3933 3319 3998 fuerat,
3379 3935 3537 3989 turba

1929 4036 2155 4092 tantam,
2180 4028 2490 4097 opinionem
2532 4026 2766 4081 habente
2803 4027 2868 4080 de
2917 4026 3084 4098 296
3121 4027 3355 4080 Joanne.
3387 4028 3534 4097 Ape-

1927 4120 2068 4173 ritttr
2117 4129 2297 4174 autem
2345 4121 2568 4185 ςωιιιιιι,
2606 4131 2662 4173 ιιι
2695 4130 3033 4175 monstretur
3065 4120 3222 4174 nobis
3255 4122 3398 4190 quod
3435 4119 3536 4176 ba-

1927 4214 2126 4279 ptisn-a
2145 4205 2623 4281 aperiat-minibus
2643 4213 2839 4268 ccelum
2855 4256 2866 4274 ,
2886 4213 3029 4280 quod
3048 4214 3220 4266 Adam
3242 4213 3532 4269 clauserat.

1925 4306 2218 4360 Descendit
2252 4314 2436 4360 autem
2473 4306 2708 4376 Spiritus
2757 4307 2810 4360 in
2863 4304 3072 4369 Jesum,
3110 4317 3168 4360 ut
3209 4325 3273 4362 ex
3302 4308 3405 4362 hoc
3457 4309 3542 4363 tli-

1924 4415 2143 4453 seamus
2176 4401 2320 4469 quod
2347 4409 2402 4453 et
2433 4399 2488 4453 in
2522 4415 2646 4462 nos,
2673 4414 2793 4452 cum
2815 4398 3186 4465 baptizamur,
3238 4399 3535 4453 descendat

1927 4491 2188 4561 Spiritus.
2221 4491 2409 4561 Neque
2441 4493 2586 4544 enim
2611 4490 2814 4558 Spiritu
2839 4489 3100 4543 Dominus
3123 4491 3533 4560 opushabebat,

213 4582 278 4634 τὸ
296 4583 560 4649 Πνεῦμω
603 4584 663 4635 οὐ
699 4585 806 4655 γὰρ
834 4585 897 4656 δὴ
925 4586 954 4637 6
989 4587 1192 4661 Κύριος
1215 4588 1393 4641 ἐδέετο
1426 4591 1518 4644 τοῦ
1554 4593 1819 4663 Πνεῦμα-

1929 4586 2021 4639 sed
2051 4585 2236 4638 omnia
2285 4594 2511 4654 propter
2545 4598 2644 4638 nos
2698 4583 2852 4650 facit,
2891 4590 2944 4638 et
3004 4585 3262 4653 primitiae
3321 4584 3437 4652 ipse
3477 4583 3537 4639 ﬁt

215 4691 329 4738 τος.
377 4673 544 4728 Ἀλλὰ
583 4677 764 4730 πάντα
792 4678 860 4730 δι’
895 4679 1044 4747 ἡμᾶς
1070 4683 1234 4745 ποιεῖ,
1276 4683 1366 4735 καί
1400 4685 1624 4755 ἀπαρχὴ
1657 4687 1819 4750 αὐτὸς

215 4767 424 4835 γίνεται
484 4769 737 4834 πάντων,
791 4763 866 4823 ὧν
917 4772 1220 4841 ἐμέλλομεν
1277 4776 1439 4844 ἡμεῖς
1510 4777 1816 4846 λαμϐάνειν

218 4856 470 4928 ὕστερον,
505 4860 576 4923 ὠς
604 4861 671 4914 ἂν
703 4863 1050 4930 πρωτότοκος
1083 4866 1140 4916 ἐν
1197 4866 1413 4928 πολλοῖς
1447 4868 1692 4936 ἀδελφοῖς
1719 4871 1814 4936 γέο

217 4966 415 5020 νηται·
469 4951 546 5015 ὡς
595 4955 900 5026 περιστερὰ
921 4956 999 5023 δὲ,
1052 4957 1140 5009 ἵνα
1177 4959 1438 5029 μάθωμεν
1492 4963 1573 5014 ὅτι
1603 4965 1812 5032 πράους

217 5045 377 5127 ἡμᾶς.
400 5040 542 5097 εἶναι
575 5045 656 5098 δεῖ
678 5047 773 5099 καὶ
803 5047 1078 5118 καθαρούς
1101 5068 1114 5079 ·
1148 5051 1243 5104 καὶ
1268 5053 1348 5104 ὅτι
1377 5054 1567 5124 ῶσπερ
1598 5056 1690 5108 ἐπὶ
1723 5057 1814 5108 τοῦ

214 5131 380 5200 Νῶε,
423 5138 728 5208 περιστερὰ
783 5141 1021 5208 ἐμήνυσε
1056 5145 1152 5211 τὴν
1181 5145 1530 5196 κατάπαυσιν
1585 5147 1684 5215 τῆς
1720 5146 1813 5199 τοῦ

215 5225 355 5279 Θεοῦ
387 5225 579 5297 ὀργῆς,
613 5229 756 5282 οὑτω
802 5233 895 5284 καὶ
940 5234 1194 5300 ἐνταῦθα,
1230 5236 1288 5289 τὸ
1320 5237 1542 5306 Πνεῦμα
1573 5239 1631 5289 τὸ
1661 5239 1815 5306 ἆγιον

216 5320 560 5390 κατήλλαξεν
591 5325 739 5392 ημᾶς
779 5324 857 5393 τῷ
909 5325 1048 5396 Θεῷ,
1084 5329 1473 5398 κατακλυσμὸν
1508 5331 1603 5399 τῆς
1631 5332 1815 5401 ἁμαρ-

215 5413 340 5474 τίας
401 5416 805 5485 ποιησάμενον·
872 5419 965 5470 καὶ
1005 5420 1132 5482 Υἱὸς
1176 5420 1230 5473 δὲ
1269 5424 1480 5486 ἀκούει,
1535 5425 1683 5494 παρὰ
1721 5427 1814 5478 τοῦ

220 5505 438 5575 Πατρδς
465 5508 782 5580 ἐνεχθείσης
814 5513 911 5578 τῆς
944 5514 1151 5583 φωνῆς,
1204 5516 1418 5577 δεικνὺς
1447 5517 1528 5567 ὅτι
1564 5519 1658 5568 καὶ
1690 5519 1822 5587 ἡμῖν

225 5598 670 5666 βαπτιζομένοῑς,
704 5603 802 5670 τὴν
847 5603 1121 5656 υἱοθεσίαν
1169 5608 1460 5678 ἐχαρίσατο
1526 5610 1613 5660 Ἑν
1644 5613 1720 5664 σοι
1769 5610 1821 5662 δὲ

224 5689 518 5757 εὖδόκησα,
561 5692 680 5744 άντὶ
714 5694 832 5758 τοῦ,
863 5697 1278 5768 ἐπανεπαύῦην.

300 5873 345 5904 ’⁸
385 5870 525 5928 Gen.
557 5889 672 5938 vm,
707 5877 789 5929 ll.

1929 4679 2172 4732 omnium
2202 4693 2320 4744 qua:
2355 4693 2457 4733 nos
2494 4677 2768 4747 sumpturi
2819 4693 3012 4734 sumus
3061 4677 3312 4746 posthac,
3349 4686 3406 4730 ut
3445 4679 3539 4732 ttat

1930 4771 2334 4840 primogenitus
2381 4770 2434 4824 in
2467 4771 2654 4826 multis
2688 4771 2974 4829 fratribus.
3019 4772 3080 4824 In
3118 4772 3304 4840 specie
3351 4780 3536 4826 autem

1926 4863 2190 4918 columba:
2211 4865 2513 4928 descendit,
2547 4865 2895 4919 utdiscamus
2929 4865 3072 4934 quod
3102 4875 3418 4919 mansuetos
3439 4880 3536 4919 nos

1925 4969 2046 5010 esse
2065 4963 2340 5024 oporteat.
2370 4971 2434 5010 ac
2463 4957 2712 5009 mundos.
2745 4956 2814 5009 Et
2847 4956 2988 5010 sicut
3022 4964 3269 5024 tempore
3296 4955 3407 5012 Noe
3437 4971 3532 5010 cu-

1925 5043 2107 5100 lumba
2155 5047 2784 5118 signiticavitquicvisse
2831 5048 2968 5102 iram
3001 5047 3095 5101 Dei
3123 5049 3189 5112 ”,
3225 5049 3302 5101 sic
3344 5060 3395 5101 et
3434 5050 3533 5102 hoc

1919 5140 2040 5196 loco
2066 5139 2308 5208 Spiritus
2334 5150 2558 5196 sanctus
2581 5141 2891 5196 conciliavit
2922 5157 3022 5195 nos
3063 5145 3192 5210 Deo,
3231 5142 3376 5195 facto
3405 5158 3534 5211 pec-

1917 5235 2022 5290 ea’ti
2045 5233 2271 5289 diluvio.
2301 5235 2367 5288 Et
2398 5234 2567 5289 Filius
2591 5236 2791 5289 audita
2841 5233 3002 5288 Patre
3063 5250 3256 5288 vocem
3288 5235 3533 5299 allatam,

1921 5340 2237 5383 monstrans
2267 5331 2409 5396 quod
2440 5338 2492 5383 et
2526 5330 2687 5384 nobis
2727 5331 2818 5397 qui
2860 5329 3225 5397 baptizamur,
3283 5330 3532 5398 adoptio-

1916 5407 2302 5474 notn'liliorum
2335 5421 2426 5474 Dei
2450 5420 2677 5489 largitus
2701 5421 2794 5475 sit.
2827 5420 2885 5474 In
2922 5430 2972 5474 te
2999 5422 3135 5479 bene
3166 5421 3425 5490 placitum
3451 5427 3533 5473 est

1927 5512 2083 5577 mihi,
2120 5513 2223 5567 hoc
2255 5522 2358 5580 est,
2393 5514 2441 5567 in
2470 5524 2520 5568 te
2549 5515 2785 5584 quietem
2816 5512 3022 5586 acerpi.
