4028 6404
506 393 610 458 ’143

1420 379 2005 444 THEOPHYLACTI
2052 375 2462 438 BULGABIIE
2488 377 2845 439 ARCHIEP.

3674 367 3779 430 7H

575 505 735 556 Vens.
766 503 835 555 25
862 498 951 554 28.
984 515 1000 548 ι
1033 495 1096 550 Ει
1125 496 1236 562 ipse
1265 494 1420 548 Jesus
1450 493 1742 560 incipiebat
1774 505 1896 543 esse
1921 489 2090 540 ferme

2272 507 2288 539 ι
2321 489 2427 542 Καὶ
2458 488 2618 552 αὐτὸς
2638 484 2706 560 ἦν
2735 487 2762 550 0
2801 484 3002 556 Ἰησοῦς
3032 484 3163 536 ὡσεὶ
3187 479 3325 535 ὲτῶν
3355 480 3656 550 τριάκοντα
3678 486 3782 551 ἁρ-

504 608 768 645 amiorum
828 589 1067 656 triginta.
1111 595 1168 638 ut
1198 586 1511 652 putabatur,
1561 583 1703 635 ﬁlius
1731 580 1959 648 Jusepb,
1995 579 2088 648 ιιιὶ

504 685 603 737 luit
638 683 778 737 ﬁlius
802 680 938 744 Heli,
960 680 1050 747 qui
1072 677 1169 730 fuit
1195 677 1418 739 Malliat,
1445 675 1536 744 qui
1568 672 1836 736 fuit‘Levi,
1859 673 1955 740 qui
1991 671 2090 724 fuit

512 775 722 834 Meiclti,
751 772 840 841 qui
865 770 965 824 fuit
988 769 1184 832 Jautie,
1207 768 1296 836 qui
1326 767 1425 820 fuit
1453 767 1678 834 Joseph,
1698 765 1791 833 qui
1821 764 1922 820 fuit
1957 763 2092 816 Mat-

504 869 708 923 tatliiae.
737 865 825 933 qui
861 863 961 915 fuit
991 867 1176 925 Amos,
1207 859 1298 929 qui
1330 856 1638 922 luitNaum,
1674 856 1765 926 qui
1796 855 2088 921 luitHesli,

505 960 595 1026 qui
626 957 728 1011 fuit
758 956 974 1026 Naggte,
1014 954 1102 1022 qui
1137 952 1238 1006 fuit
1275 950 1478 1015 Maatb,
1507 950 1598 1019 qui
1639 948 1740 1002 fuit
1766 947 2082 1008 Mattathize,

507 1055 598 1121 qui
667 1051 763 1103 fuit
831 1048 1031 1112 Semei,
1094 1046 1185 1114 qui
1247 1044 1347 1098 fuit
1382 1043 1601 1106 Joscch,
1638 1043 1730 1110 qui
1773 1040 1875 1094 fuit
1925 1039 2084 1103 Jutla,

510 1145 599 1212 qui
624 1144 723 1196 l‘uit
747 1140 979 1202 Joanna,
1014 1139 1104 1207 qui
1140 1137 1240 1191 luit
1268 1128 1471 1200 thesa,
1510 1135 1602 1204 qui
1634 1133 1735 1188 fuit
1766 1131 2086 1198 Zorobabel,

509 1237 599 1302 qui
649 1232 749 1286 fuit
800 1230 1083 1293 Salatbiel,
1159 1230 1250 1297 qui
1291 1227 1391 1281 fuit
1423 1225 1571 1289 Neri,
1603 1227 1692 1293 qui
1742 1222 2084 1300 fuitMelcbi,

511 1325 598 1392 qui
634 1321 732 1376 fuit
769 1317 929 1384 Addi,
965 1320 1054 1390 qui
1086 1318 1186 1371 fuit
1235 1316 1451 1379 Cosam,
1481 1316 1572 1385 qui
1601 1313 1703 1368 fuit
1743 1313 2081 1379 llelmadam,

511 1416 603 1483 qui
645 1412 741 1466 luit
790 1412 918 1475 Her,
963 1411 1056 1479 qui
1096 1409 1196 1464 fuit
1237 1409 1388 1473 Jcso,
1441 1408 1530 1476 qui
1583 1407 1677 1460 I‘uit
1729 1407 1961 1472 Eliezer,
1997 1407 2089 1477 qui

510 1503 611 1556 fuit
675 1500 879 1563 Jorem,
920 1499 1012 1569 qui
1068 1498 1171 1552 l’uit
1220 1497 1449 1561 Mattba,
1497 1497 1588 1566 qui
1649 1496 1749 1549 fuit
1798 1495 1947 1562 Levi,
1999 1497 2091 1567 qui

520 1593 619 1646 fuit
671 1592 916 1656 Simeon,
965 1591 1058 1660 qui
1093 1589 1192 1643 fuit
1243 1587 1403 1653 Juda,
1451 1589 1544 1659 qui
1582 1589 1682 1642 Fuit
1733 1588 1952 1658 Josepli,
2000 1589 2092 1658 qui

511 1681 612 1737 fuit
663 1681 875 1746 Jonam,
903 1680 997 1750 qui
1049 1679 1151 1733 fuit
1198 1677 1520 1745 lleliachitu,
1568 1679 1658 1748 qui
1714 1677 1816 1732 fuit
1860 1679 2088 1744 Meleah,

517 1776 610 1846 qui
639 1776 735 1829 fuit
764 1774 977 1836 Menna,
1010 1775 1100 1843 qui
1122 1773 1220 1826 l'uit
1244 1771 1564 1837 Mattbatba,
1599 1774 1687 1843 qui
1714 1771 1818 1826 fuit
1849 1770 2089 1836 Natban,

2189 580 2423 651 χὸμενος
2476 579 2575 646 ὢν,
2626 579 2702 642 ὡς
2743 579 3044 647 ἐνομίζετο,
3077 574 3192 639 υἱὸς
3229 574 3453 644 Ἰωσὴφ,
3481 573 3577 625 τοῦ
3643 574 3783 633 Ἠλὶ,

2189 673 2284 726 τοῦ
2311 657 2544 740 Μαθὰτ,
2599 673 2694 725 τοῦ
2732 671 2883 734 Λευῒ,
2919 667 3013 723 τοῦ
3058 667 3258 739 Μελχὶ,
3299 666 3393 720 105
3437 665 3637 730 Ἰαννὰ,
3685 665 3780 717 105

2205 765 2420 835 Ἰωσὴφ,
2444 764 2538 818 τοῦ
2565 763 2902 827 Ματταθίου,
2940 761 3030 816 τοῦ
3073 761 3280 830 Ἀμὼς,
3306 759 3400 812 τοῦ
3426 760 3647 829 Ναοὺμ,
3680 757 3778 811 τοῦ

2205 856 2369 919 Ἐσλὶ,
2409 856 2503 911 τοῦ
2533 856 2778 924 Ναγγαὶ,
2807 853 2900 907 105
2939 851 3131 915 Μαὰθ,
3162 853 3255 905 105
3307 851 3650 913 Ματταθίου,
3682 850 3780 903 τοῦ

2191 947 2388 1017 Σεμεῒ,
2443 947 2537 1001 τοῦ
2579 949 2794 1017 Ἰωσὴχ,
2855 946 2947 1000 105
2992 945 3196 1007 Ἰούδα,
3248 945 3340 996 105
3387 943 3640 1008 Ἰωαννᾶ,
3687 941 3781 995 105

2206 1039 2394 1108 Ῥησᾶ,
2427 1037 2519 1112 τοῦ
2555 1039 2878 1107 Ζοροὸἀὸελ,
2907 1037 3001 1090 105
3035 1035 3326 1106 Σαλαθιὴλ,
3351 1035 3446 1087 105
3480 1035 3654 1106 Νηρὶ,
3686 1033 3783 1087 105

2189 1130 2417 1201 Μελχεί,
2446 1129 2539 1183 τοῦ
2578 1129 2891 1194 Ἀδδεί,τοῦ
2943 1131 3178 1198 Κωσὰμ,
3208 1127 3304 1180 τοῦ
3341 1126 3653 1197 Ἐλμαδὰμ,
3690 1128 3789 1178 105

2194 1225 2438 1297 Ἤρ,τοῦ
2483 1226 2662 1297 Ἰησὼ,
2689 1226 2784 1280 105
2825 1225 3096 1296 Ἐλιέζερ,
3122 1223 3217 1277 τοῦ
3254 1222 3473 1293 Ἰωρὴμ,
3507 1221 3604 1274 105
3633 1222 3790 1276 Ματι

2192 1319 2316 1386 001,
2351 1317 2446 1372 105
2474 1318 2662 1383 Λευεὶ,
2697 1317 2791 1372 τοῦ
2841 1317 3089 1388 Συμεὼν,
3141 1316 3236 1372 105
3280 1317 3474 1382 Ἰούδα,
3535 1315 3633 1368 τοῦ
3676 1315 3793 1369 ἰω-

2195 1413 2326 1482 σὴφ,
2355 1411 2450 1466 τοῦ
2491 1411 2718 1481 Ἰωνὰμ,
2769 1408 2865 1482 105
2923 1410 3229 1479 Ἐλιακείμ,
3279 1409 3373 1462 τοῦ
3428 1409 3636 1472 Μελεᾶ,
3694 1406 3791 1460 105

2194 1504 2429 1568 Μαινὰν,
2488 1503 2582 1556 105
2615 1503 2902 1567 Ματταθᾶ,
2943 1501 3038 1555 τοῦ
3097 1500 3306 1564 Ναϐὰν,
3341 1501 3434 1554 105
3467 1499 3660 1565 Δαυῒδ,
3695 1497 3792 1552 105

2208 1592 2424 1658 Ἰεσσαὶ,
2456 1592 2547 1646 105
2572 1591 2757 1662 Ὠϐὴδ,
2784 1591 2879 1644 τοῦ
2909 1590 3066 1655 Βοὸζ,
3084 1590 3180 1644 τοῦ
3203 1590 3458 1660 Σαλμὼν,
3473 1590 3567 1643 τοῦ
3597 1590 3792 1643 Ναασ-

2198 1684 2331 1747 σὼν,
2367 1683 2460 1738 τοῦ
2510 1681 2955 1753 Ἀμιναδὰδ,τοῦ
3003 1682 3202 1752 Ἀρὰμ,
3250 1681 3345 1734 τοῦ
3393 1681 3638 1751 Ἐσρὼμ,
3696 1681 3795 1734 105

2195 1776 2391 1844 Φαρὲς,
2449 1775 2543 1828 105
2589 1774 2784 1838 Ἰούδα,
2829 1773 2924 1827 105
2990 1773 3211 1837 Ἰακὼϐ,
3274 1773 3369 1827 τοῦ
3433 1774 3646 1840 Ἰσαὰκ,
3697 1773 3796 1826 105

513 1836 604 1938 qui
661 1869 759 1924 fuit
798 1868 985 1933 David,
1027 1836 1131 1935 'qui
1159 1865 1258 1919 fuit
1291 1864 1465 1929 Iesse,
1496 1865 1586 1933 qui
1616 1836 1753 1918 'tuit
1795 1863 1964 1926 Obed,
2000 1864 2092 1931 qui

2213 1836 2484 1936 'A5pitdtp,
2545 1865 2639 1918 105
2670 1836 2846 1935 Θάρα,
2882 1866 2977 1918 105
3024 1864 3247 1935 Ναχὼρ,
3279 1866 3371 1918 τοῦ
3409 1836 3644 1935 Σαροὺχ,
3699 1865 3797 1917 105

513 1961 614 2014 fuit
640 1959 805 2024 Booz,
836 1959 925 2027 qui
955 1957 1053 2010 fuit
1082 1956 1287 2018 Saluto,
1332 1957 1420 2024 qui
1453 1955 1552 2008 fuit
1586 1953 1834 2020 ,Naason,
1867 1957 1958 2024 qui
1994 1956 2099 2008 luit

511 2050 830 2113 Amiuadab,
869 2051 956 2118 qui
991 2048 1089 2102 fuit
1140 2055 1330 2109 Aram,
1371 2047 1462 2116 qui
1495 2047 1597 2100 fuit
1634 2049 1847 2108 lisrom,
1877 2049 1964 2118 qui
1999 2047 2098 2100 l‘uit

513 2142 743 2206 Phares,
773 2142 861 2211 qui
897 2141 994 2195 fuit
1016 2139 1190 2204 Judae,
1219 2142 1307 2209 qui
1335 2137 1435 2192 l'uit
1457 2140 1644 2205 Iacob,
1674 2141 1765 2208 qui
1797 2137 1899 2194 luit
1922 2139 2096 2203 Isaac,

515 2235 605 2304 qui
638 2234 735 2286 fuit
762 2233 1014 2298 Abralue,
1048 2231 1138 2300 qui
1183 2229 1282 2284 fuit
1311 2228 1558 2293 Tharrte,
1591 2230 1681 2298 qui
1727 2228 1830 2282 fuit
1864 2228 2099 2294 Naclior,

516 2325 606 2393 qui
648 2324 749 2377 fuit
799 2325 1033 2388 S:tl’|lCil,
1082 2325 1170 2392 qui
1214 2321 1312 2374 l'uit
1350 2321 1560 2391 Ragau,
1593 2323 1681 2387 qui
1730 2320 1830 2375 fuit
1876 2322 2096 2385 Pbalec,

514 2415 607 2485 q'ui
640 2413 740 2468 fuit
771 2412 968 2478 Heber,
1012 2415 1101 2483 qui
1157 2412 1258 2466 fuit.
1291 2411 1431 2478 Sale,
1483 2412 1573 2482 qui
1602 2412 1703 2465 fuit
1752 2412 1978 2475 Caiuan,
2010 2412 2098 2480 qui

516 2507 621 2562 fuit
651 2507 959 2577 Arpbaxad,
995 2505 1085 2574 qui
1119 2504 1219 2559 l‘uit
1251 2504 1397 2568 Sem,
1433 2505 1525 2574 qui
1561 2505 1660 2558 fuit
1693 2503 1823 2567 Noe,
1861 2503 1949 2573 qui
2000 2502 2102 2558 fuit

517 2599 776 2662 Lamecb,
809 2600 899 2667 qui
929 2596 1031 2651 fuit
1051 2597 1372 2662 Matlrusale,
1400 2598 1487 2665 qui
1521 2596 1621 2651 fuit
1648 2594 1852 2660 Euocli,
1887 2599 1976 2665 qui
2005 2595 2103 2650 fuit

519 2689 702 2755 Jared,
732 2691 822 2757 qui
864 2689 960 2742 fuit
991 2688 1294 2749 Malalehel,
1329 2690 1418 2757 qui
1452 2689 1550 2741 fuit
1591 2687 1820 2753 Cainan,
1858 2689 1946 2757 qui
2004 2689 2105 2741 fuit

522 2781 689 2844 Euos,
730 2781 822 2849 qui
863 2779 962 2833 fuit
993 2779 1148 2843 Seth,
1179 2779 1272 2848 qui
1304 2779 1403 2831 fuit
1432 2779 1629 2843 Adam,
1672 2780 1760 2848 qui
1792 2778 1890 2832 fuit
1926 2780 2040 2834 Dei.
2081 2800 2099 2831 ›

521 2873 656 2926 Cum
677 2873 893 2939 triginta
915 2886 1179 2924 annorum
1204 2881 1348 2923 esset
1377 2869 1653 2933 Dominus,
1675 2871 1976 2939 baptizatus
1999 2880 2103 2936 est,

521 2978 589 3013 eo
622 2961 762 3030 quod
815 2972 944 3013 :ctas
999 2960 1080 3013 illa
1127 2961 1518 3030 perfectissima
1572 2970 1674 3024 est,
1711 2971 1763 3014 et
1801 2961 1890 3015 illa
1947 2963 2106 3017 homo

524 3055 608 3107 vel
647 3054 844 3118 probus
894 3051 976 3106 vel
1012 3052 1286 3120 improbus
1313 3053 1675 3121 cognoscitur.
1714 3053 1884 3120 Ipsius
1922 3066 2102 3109 autem

524 3146 892 3214 genealogiam
952 3154 1198 3198 recenset
1251 3144 1423 3198 Lucas
1469 3147 1786 3214 retrogrado
1837 3148 2026 3201 ordine
2075 3164 2103 3201 a
2135 3181 2177 3238 ο

531 3237 809 3300 Mattbaco,
843 3246 898 3288 ut
922 3239 1171 3290 ostendat
1199 3237 1341 3306 quod
1370 3237 1413 3290 is
1447 3236 1536 3305 qui
1579 3252 1722 3292 nunc
1757 3247 1914 3293 uatus
1939 3249 2021 3294 est
2054 3241 2105 3293 iu

526 3342 709 3386 carne,
752 3343 778 3379 τι
833 3325 943 3379 Deo
973 3329 1063 3380 sit.
1102 3325 1235 3381 Vide
1279 3327 1420 3380 enim
1473 3330 1743 3393 quomodo
1781 3331 2110 3385 recensendo

526 3420 847 3487 catalogum,
899 3431 1147 3472 recurrat
1194 3420 1246 3473 in
1297 3419 1485 3485 Deum,
1548 3432 1605 3474 ut
1663 3422 1936 3478 discamus
1967 3425 2110 3491 quod

527 3524 708 3580 patres
747 3526 935 3566 omnes
966 3513 1311 3564 iutermedios
1339 3512 1390 3564 in
1419 3512 1586 3565 Deum
1619 3514 1862 3576 reducat,
1897 3525 1950 3567 et
1972 3513 2109 3568 ﬁlius

526 3601 709 3663 facint,
768 3602 887 3655 ideo
959 3616 1271 3656 incarnatus
1340 3611 1443 3658 est.
1501 3602 1727 3658 Possum
1803 3615 1984 3659 autem
2057 3615 2111 3660 ct

527 3694 685 3748 aliter
753 3695 998 3749 dicere:
1083 3695 1319 3749 Diliicilis
1385 3697 1590 3750 creditu
1671 3707 1790 3750 erat
1852 3699 2111 3753 nativitas

527 3785 727 3838 Christi
757 3787 898 3855 quod
931 3787 1065 3839 sine.
1091 3788 1300 3840 semine
1327 3786 1397 3840 sit
1433 3805 1446 3854 ;
1484 3787 1668 3841 volens
1693 3789 1853 3857 igitur
1879 3804 2111 3859 evangeo

531 3879 650 3930 lista
678 3879 984 3941 ostendere,
1007 3877 1165 3947 297
1188 3880 1329 3946 qttod
1355 3889 1406 3932 et
1425 3880 1561 3933 alias
1578 3881 1693 3934 sine
1710 3881 1913 3935 semine
1936 3881 2113 3936 factus

530 3969 601 4022 sit
623 3968 804 4033 homo,
829 3969 893 4022 ab
920 3968 1272 4023 iulerioribu's
1295 3971 1537 4024 ascendit
1555 3973 1620 4024 ad
1641 3971 1810 4025 Adam
1831 3981 1884 4026 et
1904 3974 2070 4027 Deum
2092 4015 2108 4039 ,

530 4061 684 4128 quasi
743 4060 929 4114 dicens
957 4077 971 4113 :
1005 4059 1062 4113 Si
1096 4076 1201 4114 non
1252 4063 1427 4115 credis
1459 4062 1600 4131 quod
1633 4063 1902 4118 secundus
1941 4065 2110 4118 Adam

530 4153 649 4205 sine
672 4152 875 4204 semine
902 4150 1076 4206 factus
1106 4152 1195 4216 sit,
1237 4154 1492 4217 ascende,
1517 4168 1731 4222 precor,
1755 4155 2013 4207 memoria
2046 4157 2112 4211 ad

533 4241 770 4309 priorem
805 4242 1000 4306 Adam,
1032 4251 1086 4296 et
1117 4243 1360 4296 invenies
1391 4245 1555 4297 etiam
1591 4243 1738 4296 illum
1767 4241 1886 4298 sine
1908 4245 2114 4300 semine

537 4334 734 4384 factum
773 4349 800 4384 a
835 4333 966 4397 Deo,
993 4342 1044 4385 et
1085 4333 1309 4401 posthac
1344 4349 1411 4387 ne
1460 4335 1535 4387 sis
1588 4335 1916 4391 incredulus.
1956 4336 2110 4403 Quae-

536 4432 660 4476 runt
701 4432 878 4476 autem
911 4423 1128 4490 quidam
1167 4425 1439 4492 quomodo
1481 4425 1762 4481 lllattbaeus
1817 4427 2108 4496 Joscplmm

2211 1957 2437 2025 Ῥαγαῦ,
2471 1958 2571 2010 105'
2594 1958 2794 2021 Φαλὲκ,
2843 1957 2939 2012 105
2985 1956 3168 2028 Ἔϐερ,
3203 1958 3298 2010 105
3330 1956 3496 2021 Σαλὰ,
3528 1955 3627 2010 τοῦ
3653 1959 3802 2010 Καῖ-

2201 2049 2333 2116 νὰμ,
2361 2049 2454 2101 105
2495 2048 2795 2117 Ἀρφαξάδ,
2824 2047 2919 2102 105
2971 2049 3113 2121 Σὴμ,
3146 2049 3244 2102 τοῦ
3271 2047 3418 2114 Νῶε,
3445 2047 3541 2102 τοῦ
3574 2048 3794 2117 Λάμεχ.

2201 2138 2296 2191 τοῦ
2321 2139 2674 2203 Μαθουσάλα,
2703 2140 2797 2192 τοῦ
2845 2139 3038 2209 Ἑνὼχ,
3089 2141 3184 2195 τοῦ
3225 2140 3421 2209 Ἰαρὶδ,
3445 2137 3542 2192 105
3609 2139 3799 2194 Μαλεο

2204 2231 2354 2302 λεὴλ,
2391 2232 2487 2284 τοῦ
2525 2233 2753 2296 Καῖνᾶν,
2805 2231 2898 2284 105
2943 2230 3132 2296 Ἐνὼς,
3167 2231 3262 2285 τοῦ
3296 2231 3428 2302 Σὴθ,
3461 2231 3558 2284 105
3604 2230 3800 2300 Ἀδὰμ,

2203 2324 2297 2377 τοῦ
2346 2322 2504 2377 8505.
2542 2342 2565 2374 ι
2613 2324 2922 2393 Τριάκοντα
2959 2323 3059 2394 μὲν
3095 2322 3170 2378 ὢν
3204 2323 3364 2389 ἐτῶν,
3423 2322 3735 2394 ἐϐαπτίσθη
3772 2325 3801 2375 0

2204 2417 2432 2486 K5pto;,
2484 2414 2618 2467 διότι
2649 2411 2790 2483 αὕτη
2840 2417 2874 2486 ἡ
2905 2415 3094 2486 ἡλικία
3141 2416 3257 2470 ἐστὶ
3311 2415 3666 2484 τελειοτάτη·
3701 2417 3803 2470 καὶ

2204 2508 2350 2562 κατὰ
2399 2506 2605 2573 ταύτην
2657 2506 2686 2557 0
2749 2505 3124 2576 ᾶνθρωπος,ἢ
3178 2507 3400 2576 δόκιμος
3443 2506 3797 2577 ἢάὂόκιμος.

2209 2597 2524 2663 Γενεαλογεί
2545 2594 2600 2647 δὲ
2636 2595 2799 2648 αὐτὸν
2824 2599 2852 2649 0
2874 2598 3109 2661 Λουκᾶς,
3139 2597 3518 2668 ἀντιστρόφως
3540 2595 3620 2666 τῷ
3653 2596 3804 2651 Ματ-

2209 2688 2365 2758 θαίῳ,
2410 2689 2495 2741 ἵνα
2547 2688 2694 2761 δείξῃ
2727 2689 2809 2743 ὅτι
2851 2691 2879 2741 0
2909 2689 3004 2742 v5v
3037 2689 3320 2760 γεννηθεὶς
3368 2691 3426 2740 ὲν
3453 2688 3644 2760 σαρκὶ,
3689 2689 3804 2743 ἀπὸ

2208 2781 2300 2833 105
2356 2780 2491 2834 Θεοῦ
2536 2784 2703 2834 ἐστιν.
2770 2783 2914 2851 Ὅρα
2958 2781 3064 2852 γὰρ
3119 2783 3214 2851 τὴν
3259 2782 3627 2850 γενεαλογίαν,
3682 2783 3804 2845 πῶς

2211 2875 2451 2944 καταντᾷ
2473 2875 2550 2935 εἰς
2573 2873 2664 2926 τὸν
2683 2872 2837 2937 Θεὸν,
2871 2875 2967 2928 καὶ
2990 2873 3131 2942 ἅμα,
3167 2874 3255 2926 ἵνα
3285 2874 3570 2943 μάθωμεν.
3599 2875 3682 2927 ὅτι
3714 2874 3806 2928 ἵνα

2210 2966 2417 3028 πάντας
2446 2965 2574 3028 τοὺς
2599 2968 2656 3018 ἐν
2697 2965 2852 3035 μέσῳ
2880 2965 3128 3036 πατέρας
3156 2969 3237 3028 εἰς
3269 2965 3402 3018 Θεὸν
3431 2965 3690 3037 ἀναγάγῃ
3707 2969 3806 3019 καὶ

2211 3058 2358 3116 υἱοὺς
2390 3057 2610 3128 ποιήσῃ,
2639 3056 2829 3110 τούτου
2856 3056 3044 3111 ἕνεκεν
3074 3055 3386 3127 ὲσαρκώθη.
3419 3057 3571 3126 Ἐχω
3614 3056 3674 3109 δὲ
3711 3059 3806 3110 καὶ

2211 3148 2414 3215 ἑτέρως
2435 3150 2611 3198 εἰπεῖν
2634 3163 2645 3174 ·
2678 3147 2990 3198 Ἦπιστείτο
3008 3147 3041 3214 ἡ
3073 3145 3328 3220 γέννησις
3353 3145 3446 3198 τοῦ
3474 3146 3704 3216 Κυρίου,
3731 3146 3808 3209 ὼς

2213 3240 2342 3292 ἄνευ
2375 3241 2583 3308 σπορᾶς
2607 3236 2770 3292 οὖσα·
2799 3239 2972 3292 θέλων
2999 3234 3094 3293 οὖν
3123 3238 3294 3303 δεῖξαι
3325 3240 3352 3291 0
3383 3230 3807 3309 εὐαγγελιστὴς,

2214 3337 2294 3387 ὅτι
2324 3334 2418 3388 καὶ
2443 3334 2634 3389 ἄλλοτε
2662 3335 2792 3389 ἄνευ
2828 3336 3036 3405 σπορᾶς
3080 3335 3303 3403 ἐγένετο
3330 3333 3644 3405 ἄνθρωπος,
3700 3334 3812 3387 ἀπὸ

2216 3427 2323 3481 τῶν
2360 3427 2511 3480 κάτω
2543 3427 2835 3498 ἀνέρχεται
2867 3430 2962 3480 ἐπὶ
3001 3427 3094 3480 τὸν
3128 3427 3303 3498 Ἀδὰμ
3360 3428 3457 3481 καὶ
3509 3427 3604 3480 τὸν
3635 3431 3771 3481 Θεόν
3793 3445 3806 3459 ’

2218 3518 2503 3588 μονονουχὶ
2540 3519 2717 3586 λέγων
2749 3522 2880 3589 ἡμῖν
2903 3537 2914 3548 ·
2963 3521 3026 3572 El
3059 3521 3306 3582 ἀπιστεῖς
3343 3518 3460 3583 πῶς
3489 3522 3518 3573 0
3549 3521 3814 3590 δεύτερος

2227 3612 2399 3681 Ἀδὰμ
2428 3611 2647 3678 ἐγένετο
2667 3611 2790 3681 δίχα
2847 3613 3076 3682 σπορᾶς,
3127 3611 3320 3667 ἄνελθέ
3355 3628 3446 3682 μοι
3493 3613 3571 3683 τῷ
3599 3613 3680 3683 νῷ
3713 3613 3814 3666 ἐπὶ

2212 3705 2303 3757 10v
2326 3705 2592 3776 πρότερον
2628 3704 2818 3773 Ἀδὰμ,
2841 3705 2937 3756 καὶ
2957 3704 3212 3775 εὑρήσεις
3240 3706 3404 3760 αὐτὸν
3433 3706 3562 3759 ἄνευ
3596 3709 3814 3778 σπορᾶς

2215 3798 2510 3867 γενόμενον
2547 3797 2652 3849 ὑπὸ
2705 3796 2799 3850 τοῦ
2845 3795 3006 3861 Θεοῦ,
3059 3798 3156 3851 καὶ
3183 3797 3395 3863 λοιπὸν,
3455 3798 3530 3869 μὴ
3561 3799 3811 3853 ἀπίστει.

2218 3888 2449 3956 Ζητοῦσι
2475 3888 2531 3941 δέ
2552 3905 2721 3952 τινες,
2754 3887 2872 3950 πῶς
2901 3890 2930 3941 0
2975 3889 3077 3958 μὲν
3121 3889 3403 3953 Ματθαῖος
3451 3891 3542 3942 τὸν
3607 3891 3813 3962 Ἰωσὴφ

2216 3980 2309 4032 105
2372 3976 2562 4034 Ἰακὼϐ
2624 3979 2774 4047 λέγει
2833 3975 2974 4034 εἶναι
3036 3980 3237 4035 παῖδα·
3287 3984 3315 4034 0
3352 3981 3408 4033 δὲ
3431 3983 3674 4045 Λουκᾶς.
3713 3983 3811 4037 105

2227 4071 2345 4122 Ἦλί
2367 4089 2379 4101 ο
2414 4072 2674 4124 ἀδύνατον
2709 4072 2838 4141 γὰρ,
2871 4072 3027 4142 φασὶ,
3080 4072 3173 4126 τὸν
3201 4073 3366 4126 αὐτὸν
3409 4072 3503 4125 δύο
3551 4075 3812 4140 πατέρων

2222 4160 2356 4217 εἶναι
2391 4164 2577 4219 παῖδα.
2649 4164 2914 4233 Λέγουσιν
2950 4164 3044 4218 οὖν
3088 4166 3225 4235 πρὸς
3279 4164 3457 4230 τοῦτο,
3505 4165 3589 4218 ὅτι
3629 4168 3657 4220 0
3710 4168 3815 4220 ἰα-

2217 4255 2332 4308 κὼϐ
2361 4256 2453 4309 καὶ
2496 4259 2524 4310 0
2568 4255 2709 4322 Ἠλὶ,
2739 4258 3072 4326 ὁμομήτριοι
3117 4258 3364 4326 ἀδελφοὶ,
3414 4257 3574 4312 ἄλλου
3602 4257 3662 4312 δὲ
3715 4263 3815 4314 καὶ

2217 4348 2376 4400 ἄλλου
2422 4347 2628 4417 πατρός
2657 4364 2670 4378 ·
2706 4348 3072 4410 ἀποθανόντος
3103 4348 3197 4401 οὖν
3248 4347 3342 4402 105
3385 4348 3505 4401 Ἠλὶ
3556 4349 3812 4415 ᾶπατδος,

2217 4441 2456 4508 ἠγάγετο
2484 4439 2579 4509 τὴν
2607 4442 2844 4506 γυναῖκα
2892 4439 3059 4492 αὐτοῦ
3083 4441 3110 4492 0
3147 4439 3362 4508 Ἰακὼϐ,
3397 4442 3815 4514 παιδοποιήσων

530 4515 673 4569 dicat
703 4515 870 4568 lilium
936 4514 1125 4580 Jacob,
1166 4515 1341 4570 Lucas
1375 4527 1554 4571 autem
1590 4519 1754 4572 lilium
1815 4519 1930 4572 lleli
1962 4521 2102 4573 :im-

2219 4532 2487 4601 ἑξαὺτῆς·
2526 4533 2617 4584 καὶ
2652 4530 2796 4584 οὕτω
2847 4533 3064 4599 λέγεται
3091 4533 3119 4584 0
3163 4533 3385 4603 Ἰωσὴφ,
3441 4533 3636 4587 Ἰακὼό
3669 4532 3814 4589 εἶναι

528 4607 786 4676 possibile
818 4618 995 4660 autem
1027 4624 1187 4660 unmn
1234 4610 1483 4663 habuisse
1513 4611 1645 4664 duos
1673 4621 1876 4680 patres.
1917 4612 2109 4667 Dicunt

531 4698 717 4765 itaque
747 4700 810 4750 ad
855 4700 974 4762 hoc,
1009 4699 1147 4765 quod
1202 4697 1366 4752 Jacob
1400 4709 1450 4753 et
1492 4700 1608 4753 Heli
1662 4704 1859 4756 uteriui
1914 4704 2109 4758 fratres

531 4789 735 4843 fuerint
759 4804 822 4841 ex
846 4790 1074 4842 diversis
1099 4791 1341 4856 patribus
1374 4810 1384 4841 :
1420 4802 1629 4845 mortuo
1655 4803 1832 4846 autem
1860 4793 1971 4846 lleli
1996 4795 2110 4849 sine

530 4881 920 4944 liberis,J.-icob
945 4882 1060 4951 ejus
1087 4899 1304 4936 uxorem
1332 4884 1561 4949 duxerit,
1597 4900 1660 4937 ex
1690 4885 1776 4938 illa
1802 4899 2112 4953 procreatu-

533 4987 623 5027 rus
658 4972 816 5028 ﬁlios.
877 4974 934 5026 Et
977 4974 1053 5027 sic
1110 4976 1306 5028 dicitur
1339 4975 1533 5044 Joseph
1578 4993 1696 5031 csse
1753 4979 1892 5031 ﬁlius
1945 4978 2112 5034 Jacob

530 5074 723 5115 natura
758 5080 769 5115 :
809 5062 950 5116 ﬁlius
983 5074 1158 5119 autem
1193 5065 1331 5127 lleli,
1368 5067 1501 5132 lege.
1548 5065 1716 5121 Jarob
1758 5070 1900 5122 enim
1937 5071 2110 5140 ipsum

534 5166 729 5208 natura
778 5158 981 5222 genuit,
1036 5167 1089 5210 et
1125 5175 1263 5220 rere,
1308 5160 1538 5226 denique
1586 5172 1636 5212 et
1675 5164 1938 5215 naturalis
1990 5163 2108 5231 ejus

535 5245 674 5296 lilius
690 5254 792 5306 est,
820 5245 931 5298 Heli
962 5263 1088 5300 vero
1121 5250 1254 5301 lilius
1289 5250 1576 5318 legitimus.
1612 5251 1715 5304 Lex
1741 5255 1880 5305 enim
1910 5254 2108 5321 jussit,

533 5338 577 5388 si
616 5338 736 5404 quis
791 5339 904 5390 sine
940 5339 1121 5393 liberis
1179 5345 1460 5405 nutriatur,
1498 5354 1552 5394 ut
1589 5347 1702 5411 ejus
1767 5363 1902 5400 uxor
1941 5348 2108 5416 ipsius

535 5429 687 5480 fratri
741 5431 1110 5499 Copulctur”,
1143 5439 1354 5502 etquod
1407 5438 1529 5491 inde
1590 5450 1862 5505 nascetur,
1908 5442 2102 5494 mortui

534 5534 650 5571 esse
688 5534 989 5589 censeatur,
1030 5531 1238 5579 tanict:i
1284 5540 1469 5581 natura
1510 5533 1580 5584 sit
1621 5532 1866 5584 viventis.
1927 5530 1993 5585 Et
2030 5532 2109 5586 sic

2216 4621 2342 4679 παῖς
2380 4621 2444 4687 τῇ
2477 4619 2658 4686 φύσει,
2692 4620 2784 4671 καὶ
2834 4619 2927 4672 105
2986 4620 3106 4674 ἸΙλὶ
3138 4621 3215 4690 τῷ
3267 4623 3454 4691 νόμῳο
3507 4624 3535 4675 0
3573 4625 3675 4693 μὲν
3702 4626 3814 4696 γὰρ

2228 4709 2440 4770 Ἰακὼϐ,
2477 4709 2634 4776 φύσει
2670 4710 2833 4762 αὑτὶν
2865 4711 3124 4781 ἐγέννησε
3155 4712 3248 4765 καὶ
3276 4713 3517 4782 ἀληθῶς,
3577 4717 3674 4767 καὶ
3709 4735 3814 4784 φυ-

2220 4804 2366 4860 σικλς
2398 4803 2580 4852 λοιπὸν
2609 4803 2719 4865 υἱός
2756 4806 2902 4856 ἐστιν
2937 4805 3102 4857 αὑτοῦ
3126 4823 3138 4836 ο
3169 4806 3265 4859 τοῦ
3292 4808 3348 4859 δὲ
3385 4808 3523 4871 Ἠλὶ,
3554 4811 3694 4861 κατὰ
3718 4811 3814 4863 τον

2218 4893 2381 4961 νόμον
2417 4894 2574 4961 μόνον
2601 4888 2665 4962 ἦν
2697 4899 2857 4957 παῖς·
2891 4901 2916 4948 0
2942 4894 3254 4967 γὰρ’νὸμος
3289 4899 3562 4963 ἐκέλευεν,
3604 4904 3699 4953 ἐὰν
3730 4920 3813 4965 τις

2219 4987 2518 5056 τελευτήσῃ
2542 4989 2732 5051 ἄπαις,
2784 4989 2973 5041 τούτου
3005 4990 3102 5058 τὴν
3139 4993 3370 5057 γυναῖκα
3408 4993 3814 5060 συζεύγνυσθαι

2218 5078 2290 5146 τῷ
2319 5078 2530 5147 ἀδελφῷ
2568 5077 2755 5140 αὐτοῦ,
2822 5079 3007 5131 καὶτὸ
3048 5082 3111 5133 ἐκ
3142 5083 3331 5135 τούτου
3379 5083 3810 5154 τεχθησόμενον,

2215 5169 2528 5236 νομίζετθαι
2563 5166 2700 5222 εἶναι
2745 5172 2837 5223 105
2866 5172 3211 5240 τεθνηκότος,
3267 5175 3314 5226 εί
3361 5176 3455 5227 καὶ
3507 5177 3670 5244 φύσει
3714 5179 3812 5230 1,5

2216 5259 2414 5322 ζῶντος
2465 5257 2561 5329 ἦν·
2601 5261 2739 5313 ὥστε
2793 5262 2971 5324 καλῶς
3022 5263 3267 5330 λέγουσιν
3302 5267 3349 5316 οἱ
3394 5268 3808 5334 εὑαγγελισταὶ,

2215 5354 2306 5401 καὶ
2339 5351 2436 5402 οὐκ
2467 5352 2837 5405 ἐναντιοῦνται
2859 5370 2872 5382 '
2905 5357 2932 5405 ὁ
2970 5356 3067 5423 μὲν
3103 5359 3210 5422 γὰρ
3242 5357 3541 5419 Ματθαῶς,
3583 5359 3674 5410 τὸν
3703 5378 3804 5425 φυ-

2214 5444 2363 5495 σικὸν
2396 5446 2605 5514 πατέρα
2643 5447 2735 5498 τοῦ
2768 5448 2960 5518 Ἰωσὴρ
2995 5451 3341 5518 ἀνεγράψατο
3363 5469 3374 5482 ·
3413 5455 3441 5503 0
3471 5453 3526 5505 δὲ
3561 5457 3798 5517 Λουκᾶς,

2211 5536 2298 5588 τὸν
2334 5538 2473 5591 κατὰ
2507 5541 2595 5590 τὸν
2621 5541 2781 5610 νόμον
2808 5545 3022 5612 πατέρα
3048 5544 3211 5596 αὐτοῦ
3234 5545 3610 5614 λογιζόμενον,
3639 5565 3800 5601 τουτ-

538 5608 673 5663 beue
712 5614 893 5668 dicunt
931 5621 1292 5688 evangeliszw,
1337 5641 1500 5692 neque
1548 5638 1671 5682 sunt
1720 5629 1858 5684 inter
1890 5643 1946 5683 se
1980 5643 2095 5683 con-

2210 5631 2345 5695 έστι,
2408 5631 2498 5685 τὸν
2562 5633 2702 5701 Ἠλὶ,
2764 5635 2848 5687 ἵνα
2900 5636 3144 5701 δείξωδιν
3192 5641 3519 5710 ἀμφότεροι,
3567 5642 3650 5694 ὅτι
3715 5643 3802 5696 διὰ

627 5794 671 5822 ³³
707 5794 857 5848 Deut.
903 5815 1024 5860 sitv,
